2119 2642
676 153 243 43 Lag-Utskottets
945 154 160 33 Utlåtande
1127 155 64 31 N:o
1214 158 52 29 49.
1735 159 36 29 13

279 234 39 35 af
343 233 97 36 Herr
468 233 168 37 Sundell:
663 234 99 36 »Den
791 248 136 35 genom
956 235 133 49 Kongl.
1111 235 271 50 förordningen
1404 237 71 35 den
1497 240 41 33 11
1561 237 211 37 December

176 288 91 34 1868
298 285 232 49 kyrkorådet
566 285 104 48 gifna
705 287 102 35 makt
835 293 56 29 att
918 286 177 48 förbjuda
1123 288 129 35 vidare
1282 288 264 48 uppträdande
1576 290 11 34 i
1616 289 157 37 försam-

170 338 127 47 lingen
327 336 40 36 af
391 337 414 47 lekmannapredikant,
835 339 171 35 hvilkens
1034 339 151 49 andliga
1209 339 188 49 föredrag,
1418 341 58 35 till
1495 339 93 49 följd
1609 343 37 34 af
1664 342 107 35 deras

170 389 177 45 innehåll,
386 389 126 34 kunna
543 389 86 34 leda
660 389 57 35 till
751 389 182 48 söndring
961 391 9 34 i
1000 390 166 49 kyrkligt
1196 391 214 36 hänseende
1439 392 93 35 eller
1560 391 125 38 förakt
1713 393 58 36 för

170 440 72 34 den
270 439 189 35 allmänna
487 439 274 47 gudstjensten,
791 441 92 34 eller
912 442 108 45 eljest
1048 442 58 34 till
1133 442 328 46 undergräfvande
1482 443 40 35 af
1542 444 229 47 religionens

170 490 124 48 helgd,
332 496 97 30 samt
466 490 72 36 den
568 490 9 35 i
606 504 140 23 samma
783 491 134 49 Kongl.
952 491 223 49 förordning
1208 494 182 48 stadgade
1427 494 251 48 bötespåföljd
1714 495 58 36 för

171 542 293 36 underlåtenhet
493 547 54 30 att
575 542 110 35 ställa
714 544 56 45 sig
798 544 57 35 till
885 543 252 36 efterrättelse
1167 550 54 30 ett
1249 545 133 36 sådant
1409 545 151 45 förbud,
1585 559 108 23 anser
1708 547 65 48 jag

169 593 93 34 böra
289 593 222 43 bibehållas,
541 606 59 21 om
630 594 82 34 icke
741 593 57 36 för
831 595 158 34 svenska
1023 595 164 48 kyrkans
1216 596 110 42 skull,
1356 596 151 35 hvilken
1537 596 40 36 af
1602 603 55 30 ett
1684 598 89 35 slikt

170 643 121 49 skydd
330 644 81 35 icke
450 644 98 35 lärer
585 657 88 22 vara
703 645 10 34 i
742 644 124 45 behof,
900 649 40 32 så
968 646 96 35 dock
1094 645 56 36 för
1179 647 45 35 de
1254 647 9 34 i
1292 654 126 28 »trona
1447 647 225 49 enfaldiges»
1702 649 69 35 och

170 699 48 43 på
247 695 64 35 det
339 700 56 30 att
423 695 70 35 den
523 695 107 44 »eld»,
659 708 78 23 som
767 709 135 35 genom
933 697 104 35 detta
1065 698 232 47 predikande
1326 699 72 34 kan
1420 698 113 36 blifva
1553 700 219 47 »upptänd»,

171 747 69 34 och
279 746 122 35 skulle
441 760 86 22 vara
555 746 249 37 »fromhetens
837 748 68 36 och
937 748 227 42 kärlekens»,
1194 750 82 35 icke
1307 753 58 32 må
1393 763 89 23 vara
1509 750 263 37 »fanatismens

171 798 70 34 och
271 798 244 35 vansinnets».
559 797 171 49 Skyddet
758 806 40 27 är
818 799 8 34 i
849 799 67 35 allt
944 799 64 35 fall
1037 800 82 34 icke
1148 805 97 30 stort
1273 801 69 34 och
1363 801 118 35 borde
1502 801 140 36 kanske
1662 809 110 40 göras

170 854 133 30 större.
341 867 49 4 —
424 847 74 49 Jag
538 848 120 36 håller
699 852 46 44 på
788 849 105 36 dessa
934 850 80 35 skäl
1051 849 92 45 före,
1182 857 54 29 att
1274 851 102 35 bifall
1414 852 58 35 till
1506 852 70 35 den
1606 852 40 36 af
1674 852 99 36 Herr

168 898 233 50 Wieselgren
443 900 148 42 väckta,
630 900 10 34 i
679 901 214 35 utlåtandet
934 901 204 36 omordade
1182 903 154 43 motion,
1374 903 156 35 likasom
1565 923 48 3 —
1641 904 130 35 derom

169 949 199 37 Utskottet
403 951 98 34 varit
539 952 104 46 enigt
670 970 48 3 —
746 952 58 34 till
841 952 71 34 den
948 952 39 35 af
1015 952 97 35 Herr
1141 952 152 36 Halldin
1324 954 69 34 och
1424 955 58 34 till
1511 954 71 35 den
1611 955 40 35 af
1675 955 98 35 Herr

170 1000 180 36 Hedlund
379 1000 143 49 ingifna
559 1002 69 35 och
658 1002 9 34 i
696 1002 259 36 betänkandet
987 1002 260 46 omförmälda,
1277 1005 86 35 bort
1391 1004 155 36 alldeles
1575 1004 197 49 afstyrkas.

171 1051 112 37 Detta
312 1060 40 27 är
381 1053 226 35 åtminstone
637 1053 74 35 min
742 1053 97 47 åsigt
867 1054 9 34 i
906 1054 143 35 saken.»

272 2289 64 26 Bih.
356 2289 43 26 till
416 2289 97 26 BRiksd.
533 2290 74 26 Prot.
628 2291 85 26 1881.
752 2290 14 26 7
786 2290 83 26 Saml.
906 2291 38 26 23
963 2290 80 33 Häft.
1658 2292 15 25 3
