2233 2694
657 223 349 43 Bevillningsutskottets
1028 222 199 33 Belänkande
1250 221 62 33 N:o
1334 223 30 31 3.
1790 219 17 35 1

932 935 96 39 N:0
1054 933 50 40 3.

856 1088 68 25 Ank,
943 1088 45 24 till
1006 1088 92 24 Riksd.
1117 1087 89 25 kansli
1226 1087 53 24 den
1299 1087 13 23 8
1332 1087 71 23 Mars
1425 1086 72 29 1890,
1516 1086 37 24 kl.
1572 1086 14 23 2
1607 1093 22 16 e.
1649 1093 33 16 m.

511 1227 231 44 Betänkande,
766 1228 173 44 angående
965 1227 175 36 allmänna
1166 1225 231 46 bevillningen.

345 1379 66 37 Uti
438 1392 47 23 en
512 1378 101 37 inom
639 1378 131 37 Andra
797 1378 232 36 Kammaren
1052 1376 115 37 väckt
1186 1375 156 47 motion,
1362 1389 61 23 n:o
1445 1376 82 46 140,
1548 1374 159 37 föreslår
1731 1374 87 36 herr

220 1432 50 36 W.
299 1432 135 45 Farwp,
458 1430 87 37 med
574 1429 154 37 hvilken
758 1430 131 35 herrar
916 1429 34 36 J.
980 1429 161 36 Bromée
1170 1428 70 36 och
1268 1427 85 36 Liss
1378 1426 57 37 Ol.
1462 1427 168 36 Larsson
1648 1426 169 46 instämt,

211 1483 70 35 dels
321 1487 55 32 att
413 1481 57 37 till
498 1480 179 50 gällande
706 1480 480 49 bevillningsförordnings
1215 1481 21 34 8
1266 1475 20 50 $
1316 1481 20 33 2
1362 1491 124 33 mom.,
1515 1477 11 36 i
1553 1477 147 37 hvilket
1722 1490 96 36 upp-

210 1538 111 43 tages
346 1533 102 36 hvad
477 1545 81 24 som
587 1532 139 37 räknas
754 1530 58 38 till
839 1531 169 37 inkomst
1037 1531 41 37 af
1103 1530 143 48 arbete,
1271 1532 115 34 måtte
1415 1529 111 49 fogas
1555 1542 46 23 en
1630 1528 123 49 punkt
1781 1528 41 36 af

211 1583 169 49 följande
408 1583 184 37 innehåll:

348 1635 197 36 »Inkomst
582 1647 138 36 genom
759 1631 351 51 skogsafverkning
1142 1631 92 36 eller
1259 1630 229 49 försäljning
1513 1630 41 37 af
1580 1630 98 49 skog
1706 1632 21 34 å
1754 1642 65 23 an-

212 1699 97 23 nans
338 1685 148 45 mark»;

346 1738 71 35 dels
443 1739 59 34 ock
529 1740 55 32 att
611 1735 11 37 i
648 1748 146 24 samma
812 1733 246 49 förordnings
1081 1735 44 34 12
1147 1730 32 50 $,
1200 1746 81 23 som
1302 1732 212 37 behandlar
1532 1731 286 49 beskattnings-

213 1794 121 40 orten,
362 1790 118 33 måtte
508 1786 182 49 tilläggas
719 1791 54 31 ett
801 1788 41 33 så
870 1785 165 48 lydande
1063 1789 186 31 moment:

350 1838 276 36 »Innehafvare
668 1837 42 36 af
742 1841 75 32 rätt
848 1836 57 36 till
934 1835 230 49 afverkning
1192 1835 41 36 af
1258 1835 98 48 skog
1384 1837 20 34 å
1433 1847 145 23 annans
1607 1833 123 45 mark;
1760 1833 59 37 för

212 1889 168 37 inkomst
409 1889 124 36 deraf:
564 1889 67 36 der
659 1888 146 48 skogen
835 1892 40 32 är
903 1886 198 49 belägen.»

349 1940 127 37 Sedan
516 1940 12 36 i
568 1939 193 37 motionen
794 1938 216 49 redogjorts
1039 1938 58 36 för
1126 1937 42 36 af
1193 1936 237 37 motionären
1458 1935 63 36 vid
1548 1935 92 36 flera
1668 1934 151 49 föregå-

214 1991 97 37 ende
345 1991 202 49 riksdagar
575 1991 11 36 i
615 1989 200 38 enahanda
839 1990 100 48 syfte
963 1988 225 37 framstälda
1212 1987 211 50 yrkanden,
1452 1986 129 37 hvilka
1609 1985 210 38 emellertid

212 2043 84 37 icke
325 2043 41 36 af
389 2042 223 49 Riksdagen
641 2041 170 46 bifallits,
837 2040 109 37 anför
971 2040 250 37 motionären:

348 2093 81 37 »Då
463 2093 71 50 jag
573 2107 51 22 nu
666 2096 79 33 åter
778 2105 140 36 genom
946 2105 51 35 ny
1024 2091 144 37 motion
1197 2089 169 38 anhåller
1395 2093 55 32 att
1477 2088 38 37 få
1539 2088 120 48 draga
1682 2087 138 49 frågan

214 2144 122 36 under
373 2144 242 50 Riksdagens
655 2143 186 49 förnyade
880 2142 182 50 pröfning
1102 2142 60 36 för
1201 2154 146 24 samma
1381 2140 187 46 ändamål,
1597 2152 80 24 som
1707 2139 114 36 fram-

214 2195 121 37 hållas
364 2195 11 36 i
404 2195 74 37 alla
507 2195 101 37 mina
632 2195 67 36 här
728 2195 113 36 ofvan
867 2194 167 36 nämnda
1054 2193 198 46 motioner,
1273 2191 124 37 deruti
1418 2190 193 49 åtskilliga
1632 2191 41 36 af
1688 2190 132 36 Andra

214 2247 254 36 Kammarens
498 2246 123 49 öfrige
643 2245 211 37 ledamöter
881 2245 168 46 instämt,
1075 2247 42 34 så
1137 2243 169 38 anhåller
1320 2243 70 48 jag
1409 2242 113 37 äfven
1542 2247 67 41 att,
1627 2241 85 36 med
1734 2241 86 37 åbe-

214 2297 171 49 ropande
425 2298 41 36 af
501 2297 46 37 de
584 2297 54 36 uti
671 2297 113 36 dessa
811 2295 229 37 framhållna
1063 2294 129 48 motiv,
1220 2293 225 50 ytterligare
1473 2293 39 37 få
1540 2293 133 37 anföra
1700 2295 120 46 några

347 2367 73 31 Bih.
442 2366 48 33 till
512 2366 107 33 Riksd.
643 2366 85 32 Prot.
753 2368 87 30 1890.
883 2367 20 30 5
925 2364 92 34 Saml.
1070 2367 17 29 1
1110 2364 75 40 Afd.
1239 2366 20 29 3
1283 2364 86 40 Häft.
1751 2362 16 34 1
