2248 2640
727 207 241 40 Lagutskottets
994 205 178 32 Memorial
1198 205 65 31 N:o
1293 207 55 28 49.
1756 199 20 33 3

240 311 47 34 Af
302 311 131 34 Första
451 310 217 34 Kammaren
688 309 152 41 antagen
856 307 154 42 lydelse:

586 428 45 36 16
661 426 33 50 8.

294 530 201 50 Okopplad
523 530 103 36 hund
646 531 59 34 må
723 529 34 49 ej
774 532 129 45 någon
918 533 91 31 utan

241 583 56 36 lof
323 582 171 37 medföra
522 581 92 38 eller
641 581 174 49 insläppa
834 581 12 35 i
866 593 144 24 annans

241 635 178 49 hägnade
456 634 186 50 jagtpark
684 633 90 37 eller
811 632 197 50 djurgård;

243 688 88 36 sker
365 687 76 48 det,
470 700 89 23 vare
587 685 155 37 hunden
769 684 216 37 förverkad.

293 739 126 49 Löper
460 739 104 36 hund
602 737 110 51 eljest
748 737 180 48 olofligen
954 736 57 37 lös

243 795 20 33 å
297 804 145 24 annans
476 795 49 31 än
551 790 173 36 hundens
752 802 134 35 egares
910 789 101 49 jagt-

242 843 119 47 mark,
403 843 112 36 hafve
551 840 461 51 jagträttsinnehafvaren

242 900 76 32 rätt
346 899 55 33 att
428 895 76 36 låta
531 898 169 45 upptaga
724 893 169 45 hunden;
915 892 96 37 dock

244 947 128 49 åligge
410 947 140 36 honom
579 951 56 31 att
662 959 59 23 om
749 944 264 50 upptagandet

244 998 275 49 ofördröjligen
539 998 151 49 tillsäga
708 997 174 36 hundens
898 1008 113 37 egare

244 1051 104 48 eller,
378 1050 128 38 derest
534 1050 123 37 denne
687 1049 31 48 ej
741 1054 40 31 är
800 1048 102 37 känd
923 1047 90 38 eller

243 1103 84 37 icke
355 1103 75 36 kan
455 1103 141 47 träffas,
616 1102 77 37 låta
711 1102 174 48 kungöra
899 1100 12 37 i
926 1100 86 50 kyr-

244 1157 74 35 kan
354 1155 60 36 för
450 1155 74 37 den
556 1153 238 49 församling,
825 1153 68 37 der
920 1152 93 37 hun-

245 1208 73 36 den
346 1207 127 37 blifvit
499 1211 208 45 upptagen,
737 1206 71 35 och
832 1205 13 36 i
863 1204 152 48 tidning

243 1259 103 37 inom
375 1263 117 32 orten.
536 1258 76 37 Vill
631 1270 139 36 egaren
787 1256 119 37 återfå
920 1256 93 36 hun-

244 1311 85 48 den,
358 1310 82 37 löse
468 1310 72 37 den
561 1310 86 36 med
665 1309 76 37 fem
760 1309 143 36 kronor
918 1309 93 45 eller,

245 1365 62 35 der
335 1364 57 35 det
419 1364 114 49 oftare
560 1363 86 44 sker,
677 1363 45 35 tio
750 1361 130 36 kronor
893 1360 119 49 jemte

245 1414 217 49 ersättning
489 1415 122 49 hvarje
635 1414 97 49 gång
760 1412 59 37 för
837 1412 176 37 hundens

245 1466 90 38 föda
364 1465 69 38 och
462 1466 125 49 öfriga
615 1464 217 38 kostnader.
880 1463 79 38 Har
979 1463 32 49 ej

247 1532 142 36 egaren
435 1518 118 36 utlöst
598 1517 155 37 hunden
792 1516 104 36 inom
937 1519 78 33 åtta

246 1571 119 49 dagar
397 1570 97 36 efter
522 1569 167 38 erhållen
717 1568 208 48 tillsägelse
954 1580 60 23 om

245 1622 263 50 upptagandet
544 1621 92 37 eller
671 1621 100 36 inom
801 1619 121 37 sextio
952 1619 63 37 da-

245 1688 70 34 gar
343 1674 83 36 från
454 1674 64 37 det
536 1672 256 49 kungörelsen
811 1672 97 36 varit
922 1685 93 35 upp-

246 1727 74 35 läst
349 1726 71 35 och
449 1725 11 36 i
484 1725 152 48 tidning
655 1723 138 47 införd,
814 1737 89 22 vare
922 1723 94 36 hun-

246 1778 74 36 den
356 1777 215 36 förverkad.
629 1775 71 38 Vill
724 1774 290 50 jagträttsinne-

246 1829 184 37 hafvaren
470 1828 119 37 hellre
631 1832 90 44 taga
760 1827 123 46 lösen,
925 1839 89 23 vare

245 1881 174 36 hundens
461 1894 115 35 egare
619 1879 151 49 skyldig
807 1883 56 32 att
900 1878 115 36 sådan

247 1933 120 48 enligt
408 1932 102 37 förut
551 1931 158 48 angifna
748 1930 169 49 grunder
957 1935 57 31 ut-

246 1984 117 48 gifva,
393 1984 155 37 såframt
576 1984 103 36 talan
707 1983 129 36 derom
858 1982 155 36 instäm-

247 2049 79 23 mes
366 2036 102 36 inom
508 2035 130 37 trettio
675 2035 118 47 dagar
825 2033 99 37 efter
952 2033 63 36 det

247 2087 153 36 hunden
445 2087 97 37 varit
588 2091 57 31 att
685 2098 89 24 anse
817 2098 80 23 som
940 2084 75 36 för-

247 2138 152 37 verkad.

1064 306 46 33 Af
1130 305 120 34 Andra
1269 304 217 34 Kammaren
1505 303 154 41 antagen
1678 301 152 43 lydelse:

1383 423 45 35 16
1457 420 32 50 8.

1117 525 199 50 Okopplad
1340 524 103 37 hund
1463 526 59 34 må
1541 522 33 49 ej
1596 526 126 45 någon
1741 526 92 32 utan

1065 579 58 37 lof
1147 578 170 37 medföra
1346 576 92 37 eller
1462 574 174 50 insläppa
1655 574 12 36 1
1686 587 147 23 annans

1063 630 175 49 hägnade
1278 627 182 51 jagtpark
1501 626 92 38 eller
1633 625 199 51 djurgård;

1068 683 88 37 sker
1192 682 75 48 det,
1305 694 89 24 vare
1430 679 154 37 hunden
1617 677 215 38 förverkad.

1117 735 125 49 Löper
1282 732 104 38 hund
1423 731 109 49 eljest
1567 730 181 49 olofligen
1776 729 57 37 lös

1066 790 21 34 å
1119 799 144 25 annans
1292 790 49 31 än
1368 784 174 37 hundens
1573 795 133 37 egares
1730 781 103 49 jagt-

1065 839 118 47 mark,
1224 838 113 36 hafve
1378 834 455 51 jagträttsinnehafvaren

1064 896 76 32 rätt
1168 896 53 31 att
1249 890 74 36 låta
1352 894 167 44 upptaga
1546 887 169 45 hunden;
1735 886 99 37 dock

1067 943 127 49 åligge
1230 942 141 36 honom
1401 945 54 32 att
1482 953 61 23 om
1572 938 263 51 upptagandet

1066 993 275 49 ofördröjligen
1359 992 151 49 tillsäga
1528 991 175 37 hundens
1719 1003 115 36 egare

1067 1046 104 48 eller,
1200 1046 128 37 derest
1356 1045 122 36 denne
1507 1044 34 49 ej
1564 1048 41 32 är
1625 1042 101 37 känd
1742 1041 93 38 eller

1066 1099 84 37 icke
1170 1099 75 36 han
1264 1097 145 47 träffas,
1428 1095 75 52 låta
1521 1096 176 48 kungöra
1715 1095 12 36 i
1746 1095 89 49 kyr-

1066 1152 77 35 kan
1178 1150 60 37 för
1275 1150 74 36 den
1381 1148 237 48 församling,
1648 1147 65 37 der
1740 1147 95 36 hun-

1068 1203 74 37 den
1169 1202 125 37 blifvit
1321 1205 208 45 upptagen,
1560 1199 72 37 och
1652 1199 12 36 i
1682 1198 154 49 tidning

1066 1255 103 36 inom
1189 1258 120 33 orten.
1347 1252 77 37 Vill
1442 1264 143 36 egaren
1605 1251 117 37 återfå
1740 1251 96 36 hun-

1067 1307 85 46 den,
1180 1306 80 37 löse
1280 1305 74 36 den
1374 1304 85 37 med
1473 1304 76 36 fem
1566 1303 140 36 kronor
1715 1302 121 49 jemte

1067 1357 215 49 ersättning
1324 1356 59 37 för
1423 1356 174 36 hundens
1638 1354 90 37 föda
1764 1354 73 36 och

1067 1410 123 49 öfriga
1230 1408 216 37 kostnader.
1501 1407 81 36 Har
1624 1407 32 49 ej
1693 1419 144 36 egaren

1067 1462 117 37 utlöst
1210 1461 153 37 hunden
1381 1460 101 37 inom
1501 1459 103 37 inom
1626 1461 76 34 åtta
1717 1458 120 48 dagar

1070 1514 97 37 efter
1207 1513 170 37 erhållen
1412 1510 207 50 tillsägelse
1654 1524 58 23 om
1740 1524 96 35 upp-

1067 1565 182 50 tagandet
1290 1564 92 37 eller
1422 1564 103 36 inom
1562 1562 121 37 sextio
1717 1561 120 48 dagar

1071 1618 85 37 från
1184 1618 63 36 det
1274 1615 257 50 kungörelsen
1559 1614 98 37 varit
1684 1613 154 50 uppläst

1069 1671 70 36 och
1166 1669 12 36 i
1206 1669 152 48 tidning
1393 1667 136 47 införd,
1567 1679 90 24 vare
1684 1665 154 37 hunden

1072 1720 212 38 förverkad.
1332 1719 74 37 Vill
1429 1717 408 50 jagträttsinnehafva-

1068 1786 68 23 ren
1163 1772 116 37 hellre
1307 1776 92 44 taga
1417 1771 118 46 lösen,
1556 1783 88 23 vare
1663 1769 174 37 hundens

1069 1838 114 35 egare
1212 1823 156 50 skyldig
1388 1827 55 32 att
1461 1822 116 36 sådan
1597 1821 120 48 enligt
1736 1821 102 36 förut

1070 1876 158 49 angifna
1267 1875 169 49 grunder
1476 1873 161 49 utgifva,
1680 1872 158 37 såframt

1067 1928 103 37 talan
1198 1929 129 36 derom
1348 1927 221 36 instämmes
1587 1925 102 36 inom
1708 1924 128 37 trettio

1067 1980 118 48 dagar
1227 1980 97 36 efter
1366 1979 64 36 det
1470 1977 154 37 hunden
1657 1976 97 37 varit
1782 1981 56 31 att

1069 2045 92 24 anse
1190 2045 79 23 som
1299 2030 214 37 förverkad.
