2224 2591
712 138 250 33 Statsutskottets
993 135 167 33 Utlåtande
1183 134 63 32 N:o
1272 135 30 31 3.
1735 130 39 30 31

199 221 71 37 och
312 223 42 34 år
398 221 97 36 1906
539 219 57 36 till
632 219 115 46 2,325
775 217 152 36 kronor.
984 215 58 36 Då
1069 227 52 23 nu
1149 212 296 49 ifrågavarande
1475 210 150 46 anstalt,
1656 212 20 33 å
1705 208 115 37 hvars

199 272 270 38 rättskemiska
512 270 197 48 afdelning
747 267 261 51 nyssnämnda
1037 265 331 47 undersökningar
1395 264 154 37 komma
1577 266 56 31 att
1660 261 159 43 utföras,

201 330 42 32 är
286 324 134 38 afsedd
453 328 55 32 att
537 322 109 36 träda
674 321 12 36 i
714 320 242 38 verksamhet
986 318 85 37 med
1100 318 197 48 ingången
1327 315 41 37 af
1393 318 41 34 år
1465 316 110 44 1909,
1606 313 69 37 har
1704 312 117 37 medi-

200 376 290 50 cinalstyrelsen
533 378 136 42 ansett,
712 378 55 31 att
808 372 85 36 från
932 371 70 36 och
1031 369 86 37 med
1146 380 146 25 samma
1321 370 41 33 år
1390 367 346 48 förslagsanslaget
1763 363 59 37 till

201 428 279 47 medikolegala
509 425 270 49 besiktningar
806 425 77 35 kan
907 422 194 37 nedsättas
1130 420 87 37 med
1247 420 114 46 2,300
1390 419 177 36 kronor.»

333 530 87 37 Med
450 529 209 48 anledning
689 528 42 36 af
755 527 99 37 hvad
884 526 160 37 sålunda
1072 524 127 36 blifvit
1220 523 139 47 anfört,
1381 522 220 36 hemställer
1621 522 200 45 utskottet,

741 636 54 31 att
837 630 222 48 Riksdagen
1100 636 61 27 må
1204 627 152 36 minska
1392 625 346 48 förslagsanslaget
1766 624 58 36 till

609 682 280 48 medikolegala
908 681 281 47 besiktningar,
1210 692 51 23 nu
1281 677 216 49 utgörande
1515 677 138 46 18,500
1668 676 154 46 kronor,

609 735 87 37 med
726 735 112 46 2,300
867 734 142 35 kronor
1037 732 57 36 till
1126 731 138 47 16,200
1293 730 152 35 kronor.

337 839 100 49 10:0)
479 839 66 37 Uti
574 852 48 23 en
651 838 106 36 inom
787 836 130 36 Andra
946 835 238 36 Kammaren
1212 834 114 36 väckt
1347 833 60 36 till
1425 833 191 35 utskottet
1635 830 189 36 hänvisad

205 892 159 47 motion,
407 904 62 23 n:o
513 892 61 44 61,
617 890 68 35 har
713 889 90 36 herr
836 889 47 34 K.
913 888 36 35 J.
980 888 56 34 M.
1067 888 166 34 Larsson
1260 885 13 35 i
1303 884 201 48 Göteborg
1531 882 207 46 hemställt,
1769 886 56 31 att

204 944 223 48 Riksdagen
467 943 61 36 för
566 942 60 36 sin
659 941 62 36 del
749 939 199 48 behagade
977 938 152 36 besluta
1157 950 62 23 om
1248 935 257 38 tillsättandet
1535 935 40 35 af
1600 934 78 36 fem
1706 938 118 31 rätte-

204 994 307 51 gångsbiträden
541 994 57 35 för
626 990 358 49 tillhandagåendet
1014 990 41 36 af
1079 1002 141 36 genom
1251 987 203 50 olycksfall
1477 987 13 36 i
1509 986 130 36 arbete
1659 984 166 37 skadade

206 1048 171 36 arbetare
406 1046 92 36 eller
528 1045 111 36 deras
668 1042 278 38 efterlefvande
976 1046 98 31 samt
1101 1040 59 36 till
1190 1053 46 23 en
1265 1040 97 35 hvar
1392 1039 41 36 af
1450 1038 109 36 dessa
1576 1039 248 45 rättegångs-

206 1099 178 37 biträden
411 1097 144 48 bevilja
584 1101 56 31 ett
668 1095 136 47 anslag
833 1094 41 36 af
900 1094 113 47 6,400
1043 1093 153 35 kronor.

336 1148 246 38 Beträffande
624 1148 46 35 de
712 1146 95 47 skäl,
850 1158 81 23 som
972 1144 242 36 motionären
1251 1143 128 36 anfört
1408 1142 57 35 till
1495 1141 84 36 stöd
1610 1140 59 36 för
1697 1139 126 36 denna

206 1200 298 48 framställning,
534 1199 141 36 tillåter
703 1198 62 48 sig
792 1197 190 36 utskottet
1012 1200 55 32 att
1095 1194 164 37 hänvisa
1287 1194 59 36 till
1373 1193 207 36 motionen.

337 1303 75 37 Vid
441 1303 184 36 nästlidet
654 1304 61 34 års
743 1300 174 48 Riksdag
944 1299 158 36 väcktes
1133 1298 41 36 af
1199 1297 150 37 enskild
1378 1296 191 37 motionär
1598 1294 149 48 förslag
1762 1307 62 23 om

209 1355 187 39 aflåtande
427 1355 41 36 af
493 1354 203 37 skrifvelse
726 1352 59 37 till
813 1351 145 48 Kungl.
990 1350 109 49 Maj:t
1129 1350 86 36 med
1245 1349 182 46 begäran,
1458 1352 57 32 att
1542 1346 143 48 Kungl.
1715 1345 110 48 Maj:t

207 1407 200 49 behagade
449 1406 211 48 öfverväga
703 1404 71 37 och
817 1403 56 36 för
915 1402 223 47 Riksdagen
1181 1400 219 48 framlägga
1440 1399 147 47 förslag
1622 1411 73 33 om,
1726 1397 98 35 huru

208 1459 219 45 medellösa,
457 1470 143 36 genom
629 1455 201 50 olycksfall
858 1455 12 35 i
899 1454 132 36 arbete
1060 1453 169 36 skadade
1259 1452 175 36 arbetare
1460 1450 223 48 lämpligast
1703 1447 123 37 skulle

207 1511 160 37 beredas
409 1509 150 37 tillfälle
602 1512 56 32 att
699 1507 142 36 erhålla
882 1504 424 49 rättegångsbiträden,
1346 1502 185 48 antingen
1560 1513 141 36 genom
1730 1499 96 36 riks-

207 1561 456 49 försäkringsanstaltens
705 1559 234 48 tjänstemän
981 1556 92 36 eller
1115 1568 142 36 genom
1302 1554 118 37 andra
1457 1552 181 38 särskildt
1666 1550 161 37 utsedda

210 1626 194 38 personer.

342 1665 194 35 Motionen
574 1663 82 36 blef
681 1662 42 36 af
747 1661 222 47 Riksdagen
999 1659 136 36 endast
1164 1661 40 34 så
1232 1658 58 36 till
1319 1657 87 36 vida
1435 1656 168 46 bifallen,
1635 1659 55 31 att
1718 1654 110 35 Riks-

212 1718 125 47 dagen
365 1716 126 36 beslöt
519 1720 56 31 att
603 1714 13 36 i
636 1713 212 47 anledning
869 1712 41 36 af
926 1711 223 37 densamma
1168 1710 56 36 uti
1244 1709 203 37 skrifvelse
1467 1708 70 36 hos
1559 1706 143 47 Kungl.
1720 1705 110 48 Maj:t

211 1768 163 47 anhålla,
420 1767 65 36 det
527 1766 147 36 täcktes
704 1764 142 48 Kungl.
877 1763 118 49 Maj:t,
1036 1763 3 35 i
1067 1761 281 48 sammanhang
1376 1760 88 36 med
1492 1758 271 47 omarbetning
1793 1757 41 36 af

210 1822 117 47 lagen
369 1819 73 35 den
486 1821 20 33 5
545 1817 74 49 juli
664 1818 96 35 1901
805 1814 199 49 angående
1046 1814 219 47 ersättning
1306 1813 60 35 för
1408 1811 117 37 skada
1567 1810 59 36 till
1668 1809 96 48 följd
1794 1809 41 35 af

212 1870 202 50 olycksfall
454 1870 13 36 i
508 1869 143 47 arbete,
694 1873 93 43 taga
829 1867 122 36 under
993 1865 300 48 öfvervägande,
1336 1862 190 37 huruvida
1558 1862 85 36 icke
1670 1861 160 36 riksför-

213 1921 394 50 säkringsanstaltens
656 1918 223 50 skyldighet
922 1923 55 31 att
1018 1917 65 36 vid
1125 1916 233 37 inträffande
1401 1913 205 50 olycksfall
1645 1913 14 35 i
1700 1912 131 37 arbete

214 1975 148 48 afgifva
389 1972 200 37 utlåtande
618 1972 123 36 skulle
768 1970 131 36 kunna
926 1972 49 46 på
1005 1969 96 37 visst
1131 1968 175 49 angifvet
1334 1971 76 33 sätt
1438 1966 227 37 utsträckas.

343 2026 115 36 Detta
497 2023 142 37 ärende
668 2027 42 31 är
738 2021 226 46 emellertid,
995 2021 122 48 enligt
1145 2020 103 36 hvad
1277 2019 189 36 utskottet
1495 2017 202 46 inhämtat,
1728 2021 103 31 ännu

213 2083 50 45 på
291 2077 144 48 Kungl.
471 2076 129 48 Maj:ts
628 2074 186 49 pröfning
840 2073 203 36 beroende.

345 2129 133 37 Under
505 2127 169 47 erinran,
704 2130 56 31 att
788 2126 87 35 herr
903 2124 166 37 Larsson
1098 2124 13 35 i
1140 2124 56 36 sin
1228 2121 252 38 omförmälda
1508 2121 146 36 motion
1670 2119 162 36 allenast

214 2182 214 48 ifrågasatt,
472 2184 57 31 att
570 2179 78 36 fem
690 2182 103 31 utom
836 2175 439 50 försäkringsanstalten
1312 2174 158 36 stående
1498 2184 183 38 personer
1709 2168 122 38 skulle

214 2238 106 31 utses
350 2237 54 31 att
433 2244 92 24 vara
557 2227 409 51 rättegångsbiträden
997 2230 37 33 åt
1063 2240 142 35 genom
1234 2225 203 50 olycksfall
1465 2225 12 36 i
1507 2224 129 37 arbete
1665 2220 167 38 skadade

1852 833 100 23 Motion
1970 833 70 23 inom

1898 867 93 24 Andra

1862 902 166 24 Kammaren.

1883 1298 134 25 Utskottets

1885 1332 128 32 yttrande.
