2224 2589
695 136 251 32 Statsutskottets
977 136 166 32 Utlåtande
1167 136 61 32 N:o
1257 139 30 30 3.
1723 138 39 31 87

183 216 114 36 heten
343 215 133 36 dittills
518 215 117 49 gifvit
668 215 64 36 vid
766 215 164 42 handen,
961 215 107 36 dessa
1099 215 245 49 möjliggjort
1374 216 45 36 de
1448 216 12 35 i
1489 216 318 49 aflöningsstaten

183 273 201 43 upptagna
425 267 286 48 befattningars
740 267 226 36 besättande
995 267 85 35 med
1110 267 161 48 dugliga
1300 268 71 35 och
1400 268 184 49 lämpliga
1611 282 194 35 personer.

186 320 76 35 När
310 319 116 37 andre
469 319 371 48 lärarbefattningen
881 318 237 49 kungjordes
1159 319 117 47 ledig,
1306 320 98 36 hade
1447 320 97 36 dock
1584 321 135 36 endast
1760 334 47 23 en

183 371 169 36 sökande
387 372 143 35 anmält
559 371 71 48 sig.
689 370 81 37 Och
799 370 96 37 efter
924 384 46 22 en
999 370 152 36 kortare
1180 370 75 36 tids
1285 371 269 50 tjänstgöring
1581 386 49 35 på
1659 373 148 36 förord-

183 424 125 36 nande
341 423 64 36 vid
435 423 192 36 anstalten
658 422 109 37 sökte
797 422 122 36 denne
950 422 70 36 och
1048 422 120 36 erhöll
1196 422 125 37 bättre
1351 423 150 36 aflönad
1530 424 131 47 tjänst.
1720 425 87 49 Stv-

185 475 124 37 relsen
339 480 123 43 ansåg
490 475 140 46 därför,
662 479 55 31 att
746 474 170 49 tjänsten
943 473 117 37 borde
1081 479 115 42 göras
1216 487 105 23 mera
1336 474 218 58 begärlig
1552 489 119 22 genom
1686 467 121 58 högre

184 527 182 48 aflöning.
424 504 222 59 Emellertid
675 526 169 36 uttalade
871 526 200 63 styrelsen,
1081 502 78 59 att
1187 540 46 22 en
1263 503 168 71 ändring
1455 523 16 55 il
1500 503 74 60 den
1589 507 218 58 fastställda

182 579 217 36 lönestaten
428 578 31 49 ej
491 578 118 36 borde
641 578 175 48 vidtagas
846 580 41 34 så
915 577 87 36 kort
1031 578 54 35 tid
1115 578 95 36 efter
1239 551 213 80 anstaltens
1468 579 339 37 trädande
1663 575 22 57 i
1702 579 105 37 verk-

183 630 159 47 samhet,
387 635 98 31 samt
527 606 243 72 ifrågasatte,
807 629 190 36 huruvida
1038 629 31 49 ej
1115 643 46 23 en
1194 630 323 48 inkomstökning
1545 630 127 37 kunde
1700 631 106 36 bere-

184 682 66 36 das
293 681 117 37 andre
451 682 147 36 läraren
642 695 141 34 genom
826 686 56 31 att
923 682 214 35 bestämma
1180 686 53 31 ett
1273 682 97 36 visst
1407 682 157 36 arfvode
1594 682 60 36 för
1682 684 124 47 orgel-

184 734 179 47 spelning
391 733 64 36 vid
485 710 315 72 gudstjänsterna
829 733 67 36 och
930 733 391 48 sångundervisning,
1353 734 146 36 hvilket
1531 734 124 47 äfven,
1682 739 124 31 såsom

184 785 116 35 ofvan
329 785 197 47 angifvits,
556 785 190 47 beviljats.

313 837 69 35 Att
424 837 72 35 den
539 838 160 35 sålunda
740 837 202 35 tillkomna
969 837 214 36 lönestaten
1210 837 117 36 redan
1357 851 52 21 nu
1438 837 122 37 skulle
1588 852 89 21 vara
1709 839 97 35 otill-

182 888 149 49 räcklig
360 888 71 36 och
459 888 136 36 kräfva
614 889 229 48 lönetillägg
864 889 41 35 af
922 888 72 36 den
1015 888 244 48 omfattning,
1282 901 82 23 som
1385 890 187 47 styrelsen
1594 890 211 48 föreslagit,

184 953 113 35 synes
326 940 82 48 mig
436 940 211 48 ingalunda
676 941 150 47 framgå
855 940 41 35 af
921 940 101 35 hvad
1051 940 186 48 styrelsen
1266 941 12 35 i
1308 941 155 36 ärendet
1492 941 138 36 anfört.
1696 941 108 36 Dock

183 1005 110 22 anser
318 992 71 48 jag
418 992 31 48 ej
477 965 234 80 osannolikt,
742 969 58 58 att
825 992 61 35 för
914 991 194 49 åtskilliga
1136 991 42 36 af
1201 991 497 49 befattningshafvandena,
1729 998 77 31 sär-

184 1043 116 36 skildt
337 1043 45 36 de
411 1044 101 47 lägst
541 1021 185 69 aflönade,
757 1057 46 22 en
832 1043 317 48 löneförhöjning
1177 1043 103 36 inom
1311 1057 46 22 en
1387 1044 32 48 ej
1452 1043 170 49 aflägsen
1651 1044 154 36 framtid

183 1095 75 35 kan
299 1095 172 36 belinnas
514 1095 236 48 erforderlig.
807 1095 88 36 Men
938 1099 54 31 att
1019 1094 117 36 redan
1164 1108 63 33 nu,
1258 1097 40 33 så
1327 1095 86 35 kort
1441 1095 55 36 tid
1526 1095 94 37 efter
1650 1096 61 36 det
1741 1109 64 22 an-

183 1147 138 35 stalten
353 1146 97 35 trädt
479 1147 11 35 i
519 1146 255 38 verksamhet,
805 1146 118 36 ändra
952 1146 73 36 den
1050 1151 169 43 antagna
1241 1147 223 46 lönestaten,
1487 1160 113 35 synes
1620 1148 82 48 mig
1722 1147 84 36 icke

187 1198 183 48 lämpligt.
431 1198 134 35 Därtill
594 1198 182 46 kommer,
808 1202 55 31 att
892 1198 135 48 frågan
1057 1210 61 23 om
1151 1198 283 48 lönereglering
1462 1198 60 35 för
1548 1198 257 49 fångvårdens

184 1250 230 48 tjänstemän
456 1250 60 34 för
557 1250 238 35 närvarande
832 1255 41 30 är
902 1249 158 36 föremål
1089 1249 59 35 för
1176 1249 237 49 behandling
1442 1250 9 34 i
1482 1250 323 48 lönereglerings-

183 1301 238 44 kommittén,
461 1301 68 36 och
567 1301 62 36 det
658 1314 114 35 synes
802 1302 82 47 mig
912 1301 86 36 med
1027 1300 149 49 hänsyn
1205 1301 57 35 till
1292 1301 73 37 den
1395 1301 408 44 öfverensstämmelse,

183 1365 81 24 som
305 1353 71 35 bör
416 1353 92 35 råda
549 1353 140 36 mellan
731 1353 259 48 fångvårdens
1020 1353 205 35 lönestater
1254 1352 71 36 och
1355 1353 213 36 lönestaten
1597 1353 60 35 för
1685 1353 118 46 Bona,

185 1404 174 48 lämpligt
389 1409 54 30 att
472 1404 157 36 afvakta
655 1405 199 36 resultatet
884 1404 41 36 af
950 1404 120 48 sagda
1090 1403 138 47 arbete,
1250 1404 119 35 innan
1390 1404 136 48 frågan
1548 1417 60 22 om
1629 1418 53 35 ny
1701 1405 104 35 löne-

183 1460 75 31 stat
296 1456 59 35 för
387 1456 104 36 Bona
518 1460 190 44 upptages
737 1456 58 35 till
823 1456 246 48 behandling.
1127 1455 68 36 Att
1223 1455 86 36 med
1338 1455 210 49 anledning
1578 1456 41 35 af
1645 1456 72 36 den
1746 1455 59 36 för

183 1507 102 36 vissa
327 1507 41 35 af
394 1507 356 49 fångvårdsstatens
778 1506 432 49 befattningshafvande
1239 1513 40 29 år
1311 1508 96 34 1907
1439 1507 233 36 verkställda
1700 1508 104 35 löne-

182 1559 197 47 reglering
421 1564 96 43 göra
558 1559 175 48 partiella
761 1559 209 48 ändringar
998 1559 12 35 i
1039 1559 237 35 sistnämnda
1309 1559 173 45 lönestat,
1512 1559 108 35 torde
1649 1559 33 48 ej
1713 1572 93 22 vara

183 1610 147 48 nödigt.

296 1662 103 46 Med
442 1662 210 48 anledning
692 1662 113 35 häraf
844 1675 111 23 anser
979 1663 71 48 jag
1078 1662 81 47 mig
1187 1661 82 36 icke
1297 1661 94 36 böra
1420 1661 148 36 biträda
1597 1662 207 48 styrelsens

184 1714 284 48 framställning
496 1714 12 35 1
537 1727 51 22 nu
617 1713 293 49 ifrågavarande
940 1714 70 36 del.

313 1765 180 36 Däremot
536 1778 113 36 synes
691 1766 82 48 mig
802 1765 207 48 styrelsens
1039 1765 167 48 begäran
1236 1777 61 23 om
1328 1765 136 47 anslag
1493 1764 58 36 till
1579 1765 225 48 ytterligare

181 1823 64 29 två
274 1817 150 36 förmän
452 1830 92 22 vara
572 1817 161 48 förtjänt
746 1794 57 58 af
827 1817 119 36 bifail.

312 1869 130 36 Redan
471 1869 55 35 uti
556 1868 212 49 åberopade
798 1868 228 37 skrifvelsen
1055 1869 72 35 den
1159 1869 44 34 19
1235 1868 158 36 oktober
1417 1868 97 35 1906
1536 1868 168 36 uttalade
1725 1873 79 43 sty-

180 1921 125 36 relsen
338 1920 160 48 farhåga
544 1920 59 36 för
651 1925 65 41 att,
766 1920 117 37 sedan
930 1921 192 36 elevernas
1170 1920 101 35 antal
1315 1920 120 46 ökats,
1479 1919 63 37 det
1583 1920 220 35 nuvarande

183 1972 141 36 antalet
352 1972 149 36 förmän
530 1972 83 36 icke
643 1971 123 37 skulle
794 1985 93 22 vara
915 1972 222 48 tillräckligt
1165 1972 59 35 för
1255 1971 207 36 utöfvande
1492 1971 41 35 af
1559 1971 72 36 den
1660 1972 11 34 i
1701 1971 101 36 stad-

181 2037 78 35 gan
301 2023 58 36 för
402 2024 188 36 anstalten
633 2023 229 37 föreskrifna
905 2024 179 48 ständiga
1125 2024 181 48 tillsynen
1349 2023 106 36 öfver
1493 2023 176 36 eleverna
1705 2028 99 31 samt

181 2053 108 59 deras
331 2075 264 48 handledning
636 2075 12 35 1
684 2075 101 36 olika
815 2052 266 71 arbetsgrenar
1110 2075 69 36 och
1207 2075 134 48 yrken,
1372 2075 71 36 och
1472 2074 73 37 den
1574 2074 227 46 erfarenhet,

182 2140 82 23 som
294 2127 117 36 sedan
439 2104 170 80 vunnits,
639 2126 108 36 torde
777 2127 115 36 hafva
921 2103 208 72 ådagalagt
1156 2126 181 37 behofvet
1367 2126 41 36 af
1447 2126 73 37 den
1549 2139 52 22 nu
1632 2125 171 48 begärda

182 2178 311 48 förstärkningen
522 2178 11 35 i
563 2178 286 37 arbetskrafter.
895 2178 78 47 Jag
1001 2179 218 36 hemställer
1249 2178 123 47 alltså,
1403 2183 56 31 att
1487 2178 12 35 i
1530 2182 125 32 staten
1684 2178 117 34 måtte
