2268 2576
467 135 42 30 £0
944 138 252 31 Statsutskottets
1226 138 170 32 Utlåtande
1421 139 62 31 N:o
1508 139 30 30 3.

421 216 137 47 anslag
601 215 58 36 till
702 214 172 47 allöning
917 217 37 32 åt
996 227 104 23 inera
1142 219 47 30 än
1227 221 56 30 tre
1312 216 290 37 tillförordnade
1630 217 421 40 revisionssekreterare

420 273 132 43 syntes
596 266 129 36 därför
754 265 82 36 icke
864 266 95 35 böra
986 265 291 48 ifrågakomma.
1340 267 116 37 Dessa
1483 269 421 37 revisionssekreterare
1931 272 119 36 borde

420 319 149 48 åtnjuta
610 317 202 36 enahanda
857 317 281 36 löneförmåner
1179 330 82 23 som
1302 318 286 39 konstituerade
1616 320 431 39 revisionssekreterare.

419 371 68 35 Att
529 374 101 32 sätta
672 369 222 48 aflöningen
936 369 107 47 lägre
1085 375 107 30 torae
1234 369 83 36 icke
1349 384 92 22 vara
1469 372 211 48 tillrådligt.
1739 372 66 47 De,
1835 386 82 23 som
1945 375 105 47 finge

418 421 181 49 uppdrag
628 426 56 30 att
712 421 218 47 tjänstgöra
958 426 125 31 såsom
1111 421 435 44 revisionssekreterare,
1569 437 90 23 vore
1679 424 11 35 i
1706 425 106 47 regel
1828 438 220 24 assessorer.

423 473 186 47 Vanligen
646 472 240 36 orfordrades
916 486 46 22 en
991 472 148 49 ganska
1169 473 205 48 långvarig
1401 474 264 50 tjänstgöring
1693 479 122 33 såsom
1846 477 204 37 revisions-

419 525 246 46 sekreterare,
708 525 119 35 innan
869 525 285 35 konstitutorial
1195 528 21 33 å
1250 525 118 36 sådan
1396 526 221 48 befattning
1645 528 172 36 erhölles.
1875 529 73 36 För
1976 529 74 37 den

418 582 194 30 närmaste
642 576 205 36 framtiden
877 581 131 43 syntes
1039 576 126 36 denna
1197 576 343 49 tjänstgöringstid
1569 579 154 36 komma
1751 586 55 30 att
1833 583 131 46 uppgå
1993 582 58 35 till

419 628 181 48 omkring
629 634 56 30 tre
714 631 51 32 år.
809 628 132 36 Under
969 628 126 36 denna
1124 628 54 35 tid
1198 628 173 48 uppbure
1392 629 73 36 den
1486 632 125 34 såsom
1629 632 421 37 revisionssekreterare

418 680 294 48 tjänstgörande
759 680 54 35 för
855 680 60 35 sin
956 679 246 47 betungande
1245 680 119 47 tjänst
1391 681 82 36 icke
1503 681 120 48 högre
1652 683 396 48 aflöningsförmåner,

419 737 48 30 än
509 732 78 35 han
630 736 68 41 ägt
740 731 149 48 åtnjuta
918 734 122 33 såsom
1072 744 180 23 assessor.
1310 732 136 36 Därtill
1475 733 162 47 komme,
1669 740 54 30 att
1752 735 58 36 för
1839 736 96 47 dem,
1966 750 83 22 som

418 784 32 47 ej
482 783 179 35 tillhörde
692 782 99 36 Svea
819 782 156 46 hofrätt,
1005 788 55 30 ett
1088 783 257 36 förordnande
1376 790 54 30 att
1459 785 217 47 tjänstgöra
1695 788 125 34 såsom
1844 788 204 36 revisions-

418 835 234 36 sekreterare
695 834 196 36 wcdförde
933 834 82 36 icke
1058 834 221 49 obetydliga
1313 835 148 37 direkta
1488 837 172 47 utgifter,
1691 838 59 34 för
1778 838 130 35 hvilka
1936 845 113 31 stats-

416 886 134 36 verket
579 886 32 47 ej
643 886 177 36 lämnade
849 889 130 44 någon
1008 886 227 48 ersättning.
1297 887 70 36 Vid
1397 887 136 36 sådant
1562 888 236 36 förhållande
1831 902 86 23 vore
1936 891 111 47 klart,

418 943 55 30 att
501 942 55 32 ett
583 937 684 37 revisionssekreterareförordnande
1291 939 58 35 för
1369 942 168 44 mången
1551 940 112 36 tedde
1679 941 62 47 sig
1756 941 94 46 föga
1864 941 185 37 lockande

418 990 71 35 och
532 989 181 36 stundom
757 989 41 35 af
836 990 250 35 ekonomiska
1115 990 82 35 skäl
1225 990 32 47 ej
1291 991 126 35 kunde
1446 997 203 42 mottagas.
1707 993 122 35 Också
1860 993 96 36 hade
1986 994 63 35 det

416 1041 122 36 under
567 1041 46 35 de
643 1046 151 31 senaste
823 1048 90 29 åren
942 1041 150 47 ganska
1120 1041 79 36 ofta
1227 1042 182 42 inträffat,
1440 1048 55 30 att
1523 1043 373 37 hofrättsledamöter
1911 1050 138 42 vägrat

417 1097 176 41 mottaga
634 1092 186 48 erbjudna
866 1093 722 38 revisionssekreterareförordnanden.
1646 1096 136 35 MDärest
1823 1092 225 52 ytterligare

416 1145 153 35 komme
613 1150 55 29 att
710 1144 124 36 finnas
878 1150 55 30 tre
981 1144 290 37 tillförordnade
1311 1146 422 37 revisionssekreterare
1775 1148 85 35 med
1903 1161 146 23 samma

418 1196 173 47 aflöning
620 1209 83 22 som
733 1209 211 23 assessorer
979 1197 11 34 i
1025 1196 127 47 lägsta
1179 1197 247 46 lönegraden,
1456 1198 120 36 skulle
1606 1198 112 36 däraf
1742 1199 120 35 blifva
1890 1200 156 48 följden,

418 1253 54 30 att
501 1247 74 36 den
604 1247 119 36 redan
754 1247 167 48 oskäligt
949 1248 116 47 långa
1093 1248 67 40 tid,
1189 1249 217 36 hvarunder
1421 1249 86 47 den,
1524 1263 82 22 som
1627 1251 149 35 erhållit
1791 1250 257 37 förordnande

417 1302 127 33 såsom
585 1299 435 45 revisionssekreteraro,
1064 1299 198 47 nödgades
1297 1300 217 47 tjänstgöra
1541 1302 9 34 i
1583 1301 118 36 sådan
1730 1302 195 49 egenskap
1954 1309 93 29 utan

418 1356 54 30 att
514 1350 144 36 erhålla
698 1353 131 43 någon
873 1350 148 47 ökning
1062 1351 9 35 i
1117 1351 84 35 sina
1228 1351 311 48 lönemkomster,
1568 1353 152 36 komme
1758 1359 55 29 att
1841 1358 48 31 än
1917 1354 130 36 vidare

416 1402 227 36 utsträckas.
703 1402 15 34 I
749 1402 117 35 sådan
897 1402 182 36 händelse
1108 1402 128 36 kunde
1265 1403 64 36 det
1356 1404 70 35 lätt
1455 1404 165 46 inträffa,
1651 1410 55 30 att
1735 1405 63 35 det
1818 1405 150 36 komme
1993 1412 55 29 att

417 1459 103 31 möta
563 1453 203 48 allvarliga
807 1454 237 45 svårigheter
1084 1459 54 30 att
1167 1455 141 35 orhålla
1337 1455 162 47 dugliga
1527 1456 66 35 och
1625 1456 224 48 tillräckligt
1878 1457 170 36 förfarna

415 1518 185 35 personer
628 1505 60 35 för
708 1505 71 36 den
801 1505 151 46 viktiga
972 1506 67 35 och
1062 1505 210 36 kräfvande
1297 1507 748 49 revisionssekreteraretjänstgöringen.

419 1556 141 46 Kungl.
607 1556 128 48 Maj:ts
779 1557 147 45 förslag
967 1557 12 35 i
1021 1557 172 45 enlighet
1236 1558 85 34 ined
1351 1558 439 48 departementschefens
1820 1560 225 36 hemställan

415 1608 82 36 blef
522 1608 43 35 af
590 1608 222 48 Riksdagen
841 1608 211 48 godkändt.

552 1660 241 36 Beträffande
813 1660 182 46 slutligen
1016 1660 73 36 den
1106 1660 111 49 sjätte
1234 1661 42 35 af
1288 1661 45 35 de
1348 1662 698 48 revisionssekreterarebefattningvar,

415 1711 150 35 hvilkas
608 1712 249 35 innehafvare
886 1712 177 35 tillsättas
1092 1712 160 36 medelst
1285 1713 296 46 koustitutorial,
1611 1714 108 40 hade,
1749 1720 48 42 på
1826 1719 74 31 sätt
1929 1715 115 35 ofvan

415 1767 166 42 nämnts,
626 1763 118 35 sedan
789 1763 88 36 flera
920 1765 39 33 år
992 1763 159 36 tillbaka
1183 1777 47 22 en
1259 1769 107 31 extra
1393 1764 421 37 revisionssckreterare
1845 1766 95 35 varit
1968 1766 75 36 för-

416 1814 157 35 ordnad.
605 1814 195 35 Tillvaron
830 1815 42 34 af
898 1814 125 36 denna
1042 1824 41 26 så
1103 1815 149 36 kallade
1271 1821 107 30 extra
1397 1816 96 36 rotel
1512 1816 75 35 kan
1607 1817 139 35 räknas
1767 1817 83 36 från
1871 1820 41 32 år
1934 1819 111 45 1894,

415 1866 119 35 ehuru
578 1867 114 34 äfven
728 1866 172 35 därförut
929 1866 254 52 förekommit,
1213 1872 55 30 att
1302 1867 122 36 under
1451 1868 103 35 vissa
1583 1868 97 36 tider
1708 1874 107 30 extra
1841 1869 204 36 revisions-

415 1917 234 36 sekreterare
692 1917 230 36 förordnats.
978 1920 55 32 År
1078 1920 98 33 1893
1207 1919 175 35 anmälde
1411 1919 197 47 nämligen
1637 1921 105 35 såväl
1770 1921 141 47 högsta
1938 1921 106 36 dom-

415 1969 123 35 stolen
568 1981 82 23 som
680 1969 116 35 nedre
823 1969 231 46 revisionen,
1085 1975 55 29 att
1169 1969 62 36 det
1250 1970 99 36 visat
1369 1971 62 46 sig
1451 1984 92 22 vara
1557 1972 86 36 med
1660 1972 196 48 svårighet
1871 1972 175 37 förenadt

415 2025 55 30 att
498 2020 87 36 med
615 2020 64 36 det
713 2020 188 48 stadgade
931 2020 142 36 antalet
1100 2022 422 37 revisionssekreterare
1555 2029 88 30 utan
1673 2023 142 36 afbrott
1846 2024 199 48 uppehålla

414 2071 334 48 föredragningen
790 2072 70 36 och
904 2077 54 30 att
1000 2072 126 35 denna
1167 2074 195 47 svårighet
1405 2075 108 35 ökats
1555 2088 141 33 genom
1729 2076 191 35 beslutadt
1947 2088 97 35 upp-

415 2123 169 36 hörande
614 2123 42 35 af
681 2124 141 47 högsta
850 2124 235 35 domstolens
1114 2124 258 48 pingstferier.
1417 2126 86 36 Med
1525 2127 210 47 anledning
1758 2127 114 35 häraf
1888 2126 161 47 medgat

417 2175 141 48 Kungl.
589 2175 121 48 Maj:t,
741 2181 55 30 att
823 2176 122 35 under
978 2178 41 33 år
1057 2176 99 35 1894
1185 2177 120 36 skulle
1335 2178 36 35 få
1401 2178 200 36 förordnas
1631 2192 46 22 en
1705 2184 107 30 extra
1839 2178 204 36 revisions-

415 2228 244 35 sekreterare.
719 2226 123 37 Nedan
876 2228 86 36 dess
992 2227 249 37 förordnades
1271 2242 43 23 en
1347 2234 104 31 extra
1473 2230 423 36 revisionssekreterare
1911 2229 133 47 hvarje
