2248 2595
724 150 253 34 Statsutskottets
1006 149 169 32 Utlåtande
1199 148 63 32 N:o
1282 150 30 31 3.
1744 148 43 31 58

341 224 117 42 Ännu
487 244 46 22 en
563 228 287 48 omständighet
878 228 108 35 torde
1014 227 202 48 härvidlag
1243 227 96 35 böra
1356 227 169 36 beaktas.
1569 226 139 36 Medan
1727 227 103 35 vissa

210 282 189 37 ordinarie
427 281 446 50 protokollssekreterare
901 279 197 36 äfvensom
1126 278 103 36 vissa
1258 292 250 23 amanuenser
1536 283 92 32 utan
1657 278 171 49 skyldig-

209 336 65 36 het
303 340 54 31 att
386 334 215 49 tjänstgöra
630 345 82 24 som
739 331 448 49 protokollssekreterare
1215 330 162 36 kommit
1404 331 12 35 i
1440 330 224 49 åtnjutande
1685 330 41 36 af
1742 330 87 48 dyr-

209 387 228 48 tidstillägg,
467 386 116 35 hafva
610 383 295 49 ifrågavarande
934 395 67 23 sex
1030 395 248 23 amanuenser
1307 383 86 35 med
1427 383 211 48 anledning
1667 382 42 36 af
1725 383 103 35 löne-

209 439 284 47 förbättringen
535 439 39 33 år
619 437 97 35 1905
756 437 98 34 måst
882 438 49 45 på
959 434 126 48 grund
1115 434 42 35 af
1182 434 45 36 de
1257 434 59 36 för
1345 434 223 48 åtnjutande
1597 434 42 36 af
1665 434 163 49 dyrtids-

209 492 140 47 tillägg
390 488 217 49 uppställda
647 487 139 36 villkor
820 486 167 36 därifrån
1015 486 194 36 uteslutas.
1267 486 56 35 Af
1348 499 146 23 samma
1522 486 83 35 skäl
1634 486 121 36 skulle
1784 486 45 35 de

207 543 85 36 icke
320 541 129 46 heller,
484 540 113 36 äfven
626 552 61 23 om
717 538 46 37 de
792 538 109 48 eljest
928 550 92 23 vore
1049 537 125 36 därtill
1206 537 247 49 berättigade,
1483 537 155 36 komma
1664 537 13 36 i
1706 537 122 48 åtnju-

208 594 114 36 tande
364 592 42 36 af
440 592 62 35 det
531 596 106 32 extra
665 590 239 48 lönetillägg,
935 602 83 23 som
1046 594 40 30 är
1115 589 123 36 afsedt
1267 594 54 31 att
1350 589 57 36 till
1435 589 257 36 instundande
1720 589 109 36 Riks-

209 646 78 47 dag
314 644 169 36 föreslås.

341 694 190 49 Slutligen
573 695 169 35 anhåller
778 694 72 48 jag
892 694 38 35 få
972 693 97 35 fästa
1110 693 388 48 uppmirksamheten
1527 692 99 46 därå,
1662 697 55 30 att
1746 693 82 35 allt-

209 748 117 36 sedan
368 752 40 30 är
453 748 97 35 1898
592 747 119 48 ingen
741 746 148 47 afgång
916 745 118 36 bland
1063 744 44 36 de
1137 744 189 36 ordinarie
1354 744 475 49 protokollssekreterarne

209 798 253 47 förekommit,
505 798 152 36 hvadan
699 797 117 36 sedan
859 797 85 35 dess
985 796 119 48 ingen
1134 809 207 23 amanuens
1370 796 147 36 kunnat
1545 795 197 36 befordras
1771 795 57 36 till

207 850 455 49 protokollssekreterare.

338 902 59 35 En
431 902 139 35 allmän
603 900 197 48 reglering
830 901 41 34 af
896 899 377 36 löneförhållandena
1300 900 13 35 1
1346 900 116 35 nedre
1494 898 217 37 revisionen
1739 899 87 45 kan,

208 957 125 34 såsom
357 953 72 48 jag
456 953 117 36 redan
600 953 13 35 i
643 953 62 35 det
733 951 232 49 föregående
992 951 175 48 påpekat,
1196 951 85 36 icke
1309 951 210 48 lämpligen
1548 950 281 48 ifrågakomma

207 1006 120 36 under
370 1005 72 36 den
484 1009 191 31 närmaste
703 1003 116 36 tiden.
876 1003 74 35 Vid
980 1002 136 36 sådant
1145 1002 237 36 förhållande
1411 1002 119 46 torde,
1561 1002 87 35 med
1677 1002 151 47 hänsyn

207 1058 58 35 till
308 1057 45 35 de
381 1056 186 36 särskilda
596 1054 339 48 omständigheter,
966 1066 82 24 som
1075 1054 13 35 i
1119 1054 103 35 detta
1250 1054 67 35 fall
1346 1054 205 48 föreligga,
1580 1053 137 36 hinder
1744 1053 84 35 icke

205 1109 96 35 böra
329 1112 104 31 möta
461 1112 54 31 att
543 1120 52 22 nu
622 1106 140 36 bereda
790 1106 111 36 dessa
930 1118 250 23 amanuenser
1200 1118 43 23 en
1263 1105 227 47 erforderlig
1505 1104 323 46 löneförbättring

208 1160 42 35 af
273 1158 236 50 provisorisk
536 1158 189 35 karaktär.

343 1210 13 35 [
390 1209 210 49 anledning
629 1209 42 35 af
697 1209 74 36 den
800 1208 239 36 förestående
1069 1209 192 34 allmänna
1289 1207 336 49 löneregleringen
1654 1207 71 36 och
1755 1207 72 35 den

206 1276 54 22 nu
289 1262 221 47 föreslagna
539 1260 205 49 åtgärdens
772 1260 262 48 provisoriska
1061 1264 112 31 natur
1202 1259 107 36 torde
1339 1259 209 36 emellertid
1569 1259 114 36 äfven
1703 1259 59 35 för
1782 1258 46 35 de

206 1315 13 34 i
257 1314 72 36 den
360 1312 189 37 ordinarie
578 1313 214 35 lönestaten
821 1311 192 49 uppförda
1041 1310 525 48 amanuensbefattningarna
1594 1310 63 36 det
1684 1310 142 48 ifråga-

206 1370 100 31 satta
335 1364 374 48 aflöningstillägget
738 1363 60 35 för
826 1362 238 36 närvarande
1093 1362 93 36 böra
1212 1362 164 48 begäras
1406 1365 20 33 å
1455 1367 107 31 extra
1590 1367 86 30 stat.

342 1416 78 35 Hur
472 1415 191 36 önskvärd
716 1414 73 36 den
837 1414 220 48 föreslagna
1102 1413 372 49 löneförbättringen
1522 1418 48 31 än
1616 1419 62 29 må
1723 1426 102 33 vara,

207 1481 110 23 anser
357 1467 72 48 jag
476 1467 97 35 dock
618 1466 95 47 icke,
762 1471 55 30 att
859 1466 59 35 för
961 1465 239 36 densammas
1243 1465 241 36 omedelbara
1525 1464 301 49 genomförande

206 1522 120 46 något
374 1519 139 48 tillägg
554 1518 57 36 till
654 1518 73 35 den
769 1517 60 36 för
872 1520 39 33 år
957 1518 97 34 1908
1093 1516 214 36 fastställda
1343 1517 217 35 lönestaten
1587 1516 70 36 bör
1684 1516 142 47 ifråga-

207 1576 155 31 sättas.»

336 1620 435 50 Departementschefen
814 1622 121 46 ansåg
978 1619 225 47 emellertid,
1247 1625 54 30 att
1330 1619 244 47 erforderligt
1601 1619 139 48 belopp
1770 1618 57 35 till

207 1673 334 49 atlöningstillägg
570 1673 60 35 för
657 1672 278 36 innehafvarne
965 1672 42 35 af
1032 1671 44 36 de
1105 1676 56 31 tre
1190 1670 485 48 amanuensbefattningar,
1696 1669 131 36 hvilka

206 1725 219 36 tillkommit
465 1727 49 45 på
556 1724 126 48 grund
726 1723 41 35 af
808 1725 98 34 1905
950 1731 59 28 års
1050 1722 304 49 riksdagsbeslut
1383 1722 200 48 angående
1612 1721 148 48 ökning
1789 1722 41 34 af

199 1776 287 48 justitierådens
529 1776 115 44 antal,
680 1775 118 36 borde
827 1775 112 36 äskas
968 1775 12 35 i
1010 1774 280 48 sammanhang
1318 1774 85 35 med
1433 1774 64 35 det
1526 1774 147 47 anslag,
1703 1785 82 24 som
1814 1773 11 35 i

206 1828 121 48 öfrigt
355 1826 238 37 erfordrades
623 1827 60 35 för
709 1826 216 36 beredande
946 1826 42 35 af
1004 1826 73 36 den
1097 1826 42 35 af
1155 1838 144 23 samma
1317 1825 125 36 beslut
1462 1824 364 49 nödvändiggjorda

206 1878 264 37 förstärkning
498 1878 42 35 af
564 1878 116 36 nedre
707 1878 236 36 revisionens
973 1877 280 36 arbetskrafter.

443 1907 24 20 5

335 1981 135 48 Enligt
497 1981 103 36 hvad
627 1981 191 36 utskottet
845 1980 202 47 inhämtat,
1077 1981 108 35 torde
1213 1979 299 50 ifrågavarande
1537 1984 58 32 tre
1617 1992 205 23 amanuen-

205 2046 80 24 sers
327 2032 513 49 tjänstgöringsskyldighet
868 2031 84 37 icke
982 2045 92 22 vara
1102 2032 43 35 af
1169 2033 74 35 den
1272 2036 70 43 art,
1373 2036 57 31 att
1459 2032 222 35 densamma
1709 2043 114 37 synes

204 2086 94 36 böra
339 2084 198 36 föranleda
579 2084 75 35 den
696 2083 42 36 af
771 2083 142 49 Kungl.
945 2083 108 48 Maj:t
1081 2084 223 48 föreslagna
1335 2083 488 48 aflöningsförhöjningen,

204 2138 104 35 detta
336 2138 40 34 så
405 2136 154 48 mycket
587 2135 160 47 mindre,
778 2148 82 23 som
888 2135 92 36 flera
1009 2134 41 36 af
1074 2135 46 36 de
1149 2138 123 33 såsom
1303 2134 271 37 tillförordnad
1595 2134 229 49 protokolls-

204 2189 236 36 sekreterare
468 2186 294 49 tjänstgörande
791 2199 304 23 amanuenserna
1125 2187 200 47 samtidigt
1347 2186 210 38 innehafva
1578 2199 126 23 annan
1725 2184 100 37 ordi-

203 2240 107 37 narie
352 2239 232 49 statstjänst.
640 2238 226 37 Emellertid
909 2251 116 36 synes
1057 2241 131 45 någon
1216 2238 228 49 förhöjning
1472 2238 88 36 med
1587 2238 152 47 hänsvn
1767 2235 59 36 till

1883 1985 134 24 Utskottets

1886 2020 128 30 yttrande.
