2240 2638
630 202 417 30 Konstitutionsulskottets
1070 200 174 30 utlåtande
1268 199 51 30 Nr
1344 201 49 27 13.
1755 197 37 30 19

200 281 163 36 centrala
396 285 154 43 organet
591 281 55 36 för
678 281 387 47 budgetregleringen.
1123 280 173 35 Nämnda
1325 279 143 35 utskott
1496 290 111 36 synes
1635 278 156 35 sålunda

200 334 96 36 hava
329 339 138 31 avsetts
497 338 53 32 att
578 335 300 35 omhänderhava
916 335 71 34 den
1022 333 267 36 förberedande
1326 332 277 46 behandlingen
1636 331 33 48 ej
1699 331 94 36 blott

200 399 46 23 av
302 388 170 47 samtliga
528 388 258 46 statsutgifter,
835 388 102 35 såväl
985 386 241 36 statsverkets
1274 398 77 23 som
1399 384 390 47 riksgäldskontorets,

201 444 91 32 utan
335 441 68 35 ock
446 453 45 23 av
538 441 243 36 statsverkets
828 440 185 36 ordinarie
1058 440 217 43 inkomster,
1319 438 188 35 sannolikt
1548 438 70 35 ock
1663 449 46 23 av
1747 438 45 33 de

200 493 183 36 särskilda
423 494 13 34 i
475 496 48 32 60
564 494 22 46 $$
626 493 335 47 regeringsformen
1004 492 238 36 omförmälda
1272 491 297 46 bevillningarna
1599 490 95 47 (tull-
1724 490 68 35 och

200 546 257 43 acecismedlen,
492 547 243 45 postmedlen,
766 544 506 48 charte-sigillate-avgiften
1300 545 68 34 och
1393 542 398 37 husbehovsbränneri-

199 599 172 48 medlen),
416 599 102 36 vilka
556 599 139 48 jämväl
723 600 128 35 inflöto
879 599 58 35 till
966 598 224 36 statsverket
1219 619 48 4 -——
1297 597 14 35 i
1339 600 152 32 motsats
1519 596 58 35 till
1606 595 186 36 allmänna

198 652 256 47 bevillningen
497 653 110 46 (»vad
641 652 101 48 varje
775 653 153 46 riksdag
958 653 185 34 dessutom
1174 650 151 36 särskilt
1353 653 119 32 såsom
1500 649 208 46 bevillning
1736 648 57 47 sig

199 705 179 48 åtager»),
408 718 76 23 som
516 706 46 35 då
589 705 126 47 ingick
745 706 58 35 till
830 705 373 47 riksgäldskontoret.
1252 702 436 48 Bevillningsutskottets
1703 714 85 34 upp-

198 759 72 46 gift
310 758 120 36 skulle
468 759 157 36 allenast
654 772 98 31 vara,
783 763 64 40 att,
878 760 115 34 sedan
1023 758 276 36 statsutskottet
1326 760 116 32 utrett
1470 760 104 32 stats-
1603 756 69 35 och
1700 755 92 35 riks-

199 812 266 46 gäldsverkens
511 812 120 36 behov
660 819 95 29 samt
782 812 122 36 tillika
931 812 183 47 uppgivit,
1158 811 96 35 huru
1284 813 91 33 stort
1410 810 134 46 belopp
1579 821 44 23 av
1655 808 137 36 allmän

199 865 208 47 bevillning
435 878 75 23 som
542 866 79 35 dels
649 866 58 35 till
735 866 143 47 fyllnad
908 878 45 23 av
983 865 243 35 statsverkets
1255 864 121 35 behov
1404 863 80 35 dels
1511 863 56 34 för
1594 862 200 46 riksgälds-

198 919 132 35 verket
370 919 183 43 tarvades,
597 919 134 35 föreslå
775 923 112 31 sättet
918 919 57 35 för
1003 918 161 35 nämnda
1193 917 187 35 allmänna
1407 916 226 45 bevillnings
1662 915 132 35 fördel-

197 972 94 47 ning
319 973 68 35 och
415 973 217 45 utgörande,
663 973 115 35 sedan
806 972 182 35 utskottet
1017 971 259 35 dessförinnan
1304 970 158 46 förelagt
1480 968 239 36 riksstånden
1737 967 58 36 till

199 1025 183 47 prövning
411 1026 45 34 de
485 1026 174 46 grunder,
691 1026 93 35 efter
812 1025 101 35 vilka
942 1036 140 24 samma
1109 1023 208 47 bevillning
1344 1023 113 36 borde
1486 1025 100 44 utgå.

306 1079 68 36 Om
417 1079 101 35 detta
562 1078 94 37 varit
699 1078 394 48 grundlagsstiftarens
1135 1076 264 48 ursprungliga
1427 1077 162 45 mening,
1619 1076 172 35 inträdde

198 1133 117 35 redan
357 1135 40 33 år
441 1135 99 33 1809
585 1145 46 23 en
673 1132 218 47 förändring
933 1134 40 33 så
1015 1132 57 35 till
1097 1131 99 43 vida,
1227 1134 54 32 att
1308 1130 146 36 riksens
1479 1130 152 35 ständer
1659 1141 132 35 genom

199 1186 184 35 särskilda
424 1186 123 35 beslut
591 1187 194 46 uppdrogo
829 1188 37 33 åt
897 1184 412 48 bevillningsutskottet
1337 1188 55 31 att
1419 1184 84 35 med
1532 1184 46 34 de
1607 1183 185 36 särskilda

197 1239 299 47 bevillningarna
542 1243 85 42 taga
675 1240 196 35 enahanda
914 1240 68 35 och
1025 1238 77 35 lika
1145 1237 211 47 befattning
1398 1249 76 23 som
1510 1237 84 35 med
1629 1237 73 35 den
1731 1236 61 36 all-

199 1297 145 31 männa.
406 1292 217 36 Emellertid
664 1305 66 23 var
770 1292 83 36 icke
895 1292 118 35 heller
1040 1292 216 46 härigenom
1286 1291 68 35 full
1382 1291 147 35 klarhet
1558 1302 152 23 vunnen
1738 1294 55 31 rö-

198 1346 115 35 rande
356 1346 44 35 de
442 1346 96 35 båda
579 1345 211 36 utskottens
833 1345 179 47 ställning
1051 1345 57 35 till
1137 1345 194 35 varandra.
1388 1344 75 35 Vid
1496 1346 208 33 1809—10
1734 1345 58 33 års

198 1399 154 47 riksdag
393 1412 66 23 var
493 1400 62 34 det
596 1400 156 34 sålunda
795 1399 276 35 statsutskottet
1104 1402 155 39 ensamt,
1295 1409 76 23 som
1401 1397 212 35 beräknade
1643 1397 46 34 de
1723 1401 71 30 sär-

199 1452 122 36 skilda
362 1452 316 47 bevillningarnas
721 1452 145 47 belopp,
909 1453 134 34 medan
1084 1450 411 47 bevillningsutskottet
1533 1450 159 35 allenast
1734 1449 60 36 be-

199 1505 140 36 fattade
381 1506 57 47 sig
480 1507 84 34 med
603 1506 124 47 frågor
761 1506 157 35 rörande
947 1506 214 47 grunderna
1189 1504 56 36 för
1273 1504 69 36 och
1370 1503 260 47 fördelningen
1660 1516 46 23 av
1735 1504 59 34 de-

199 1572 151 32 samma,
394 1561 69 34 och
502 1565 99 30 ännu
644 1560 63 35 vid
750 1562 195 33 1840-41
993 1562 58 32 års
1092 1559 154 45 riksdag
1279 1557 129 36 fortfor
1436 1557 277 36 statsutskottet
1741 1560 54 32 att

199 1613 215 47 förslagsvis
461 1618 88 42 göra
597 1626 46 22 en
684 1613 147 47 verklig
868 1613 209 46 beräkning
1120 1625 44 23 av
1207 1612 283 46 ifrågavarande
1531 1610 261 47 bevillningar,

197 1666 54 36 låt
297 1679 86 24 vara
431 1671 54 31 att
526 1667 184 35 utskottet
751 1667 46 35 då
838 1666 130 47 utgiek
1008 1667 82 34 från
1132 1666 46 35 de
1211 1665 165 47 grunder
1404 1664 133 45 därför,
1569 1676 77 23 som
1678 1665 115 34 sedan

197 1723 147 33 senaste
372 1720 152 47 riksdag
552 1733 87 23 voro
668 1721 184 46 gällande,
884 1725 165 31 varemot
1077 1720 73 35 den
1180 1718 191 36 definitiva
1400 1718 268 46 beräkningen,
1700 1717 94 35 efter

200 1774 63 35 det
304 1774 45 35 de
391 1786 73 35 nya
506 1774 213 47 grunderna
760 1773 108 36 blivit
901 1773 219 44 fastställda,
1152 1775 135 44 ansågs
1316 1771 206 36 tillkomma
1551 1771 241 47 bevillnings-

198 1826 193 37 utskottet.
463 1828 46 35 Så
551 1827 231 47 småningom
826 1827 179 47 stadgade
1048 1826 57 47 sig
1134 1826 95 35 dock
1258 1826 72 34 den
1358 1825 138 47 praxis,
1526 1837 77 23 som
1634 1824 161 35 därefter

198 1892 134 35 genom
362 1893 45 23 en
437 1880 92 36 efter
556 1881 123 36 beslut
708 1893 46 24 av
786 1883 207 33 1853—54
1023 1882 57 33 års
1100 1879 154 47 riksdag
1274 1879 176 46 vidtagen
1466 1878 159 46 ändring
1641 1891 45 22 av
1707 1881 46 32 70
1770 1879 23 45 $

197 1934 336 47 regeringsformen
572 1934 68 36 och
685 1937 45 33 31
777 1934 23 46 8
842 1933 385 47 riksdagsordningen
1268 1933 188 46 lagfästes,
1500 1935 53 32 att
1582 1932 49 35 all
1660 1931 129 36 befatt-

199 1987 93 48 ning
320 1989 84 35 med
431 1988 311 47 bevillningarna,
774 1988 156 35 sålunda
954 1987 141 49 jämväl
1124 1987 233 44 beräkningen
1386 1998 46 23 av
1461 1986 45 34 de
1532 1985 183 36 särskilda
1735 1985 59 35 be-

199 2041 262 47 villningarna,
490 2042 174 35 tillhörde
706 2041 239 36 uteslutande
988 2039 421 48 bevillningsutskottet.
1467 2040 53 34 På
1548 2051 52 23 nu
1629 2039 164 35 nämnda

199 2100 74 42 väg
301 2096 68 35 och
398 2096 83 34 med
511 2096 72 34 den
612 2095 67 36 allt
708 2099 115 32 större
864 2095 192 47 betydelse
1084 2095 13 34 i
1126 2093 296 36 statsfinansiellt
1455 2093 225 43 hänseende,
1717 2104 76 23 som

199 2148 299 48 bevillningarna
528 2151 46 45 på
604 2150 121 45 grund
755 2161 45 23 av
829 2149 72 34 den
930 2148 165 35 faktiska
1125 2147 265 46 utvecklingen
1405 2146 157 43 erhållit,
1579 2146 68 35 har
1660 2146 133 46 tyngd-

199 2202 171 47 punkten
396 2202 14 35 i
439 2203 63 35 det
543 2202 353 48 budgetberedande
939 2201 144 36 arbetet
1109 2202 73 35 vad
1223 2201 208 45 budgetens
1459 2198 247 37 inkomstsida
1735 2199 57 35 be-

199 2256 128 36 träffar
368 2256 229 47 överflyttats
641 2256 83 35 från
762 2255 278 37 statsutskottet
1080 2254 57 36 till
1171 2253 420 48 bevillningsutskottet.
1653 2252 140 36 Härtill
