2244 2634
193 1663 183 34 Synpunkter

229 1698 54 34 för
301 1708 34 18 en

208 1734 155 36 utredning.

421 195 47 30 30
860 197 422 29 Konstitulionsutskoltets
1305 196 175 30 utlålande
1503 197 51 29 Nr
1577 198 52 29 13.

423 279 60 31 års
511 275 155 46 riksdag
695 276 68 35 och
792 275 63 35 vid
888 278 100 32 1914
1018 278 57 32 års
1105 288 131 23 senare
1263 276 186 46 riksdag”.
1493 276 75 35 Det
1597 278 67 33 har
1693 276 129 35 därvid
1840 276 96 36 visat
1952 277 68 46 sig,

425 332 20 31 å
488 341 70 22 ena
600 329 108 35 sidan
742 333 53 31 att
825 329 279 35 motionsrätten
1133 329 14 35 i
1176 330 179 34 avsevärd
1385 330 224 44 omfattning
1638 331 217 45 begagnats,
1887 342 84 23 men
2001 333 21 32 å

422 383 118 34 andra
569 382 108 35 sidan
707 387 54 30 att
790 383 63 34 det
880 383 217 47 inflytande,
1120 382 229 36 motionerna
1369 387 130 31 utövat
1518 386 46 43 på
1579 383 200 47 budgeten,
1796 383 224 36 åtminstone

423 435 73 35 vad
524 435 242 46 utgiftssidan
793 435 184 44 beträffar,
1008 437 119 33 under
1156 437 106 34 dessa
1290 436 196 46 riksdagar
1514 437 95 34 varit
1628 436 143 46 ganska
1790 436 119 46 ringa,
1931 436 13 34 i
1959 437 62 35 det

420 493 58 30 att
496 488 365 47 framställningarna
882 490 132 34 endast
1027 489 271 46 undantagsvis
1313 489 134 35 vunnit
1461 489 221 46 riksdagens
1698 490 113 34 bifall.
1843 489 176 35 Vidkom-

422 543 134 33 mande
578 543 181 34 motioner
778 554 57 23 om
856 555 75 35 nya
950 543 90 34 eller
1058 542 170 48 förhöjda
1244 543 141 45 anslag,
1402 543 171 47 utgjorde
1590 544 73 33 den
1679 543 137 35 äskade
1831 543 189 35 totalsum-

422 607 86 23 man
541 608 45 22 av
616 596 139 34 sådana
784 597 130 44 anslag
943 596 61 34 vid
1040 598 99 33 1913
1176 599 59 32 års
1263 596 153 46 riksdag
1448 599 233 41 14,431,445
1712 596 146 44 kronor,
1890 596 130 35 därvid

420 648 135 47 belopp
572 651 20 32 å
608 649 246 46 sammanlagt
886 651 233 42 11,237,500
1150 649 136 35 kronor
1314 652 137 43 avsågo
1472 651 182 42 ändamål,
1678 661 74 23 som
1769 650 127 34 kunde
1912 661 109 23 anses

419 704 58 33 stå
518 702 13 34 i
573 702 180 35 samband
794 703 84 34 med
917 703 234 45 anslagspost
1177 702 13 35 1
1220 703 126 45 kungl.
1393 704 241 45 proposition,
1672 704 132 34 medan
1832 703 137 46 belopp
1998 706 20 31 å

419 755 157 47 tillhopa
621 758 208 41 3,193,945
876 755 136 36 kronor
1053 756 166 34 saknade
1263 756 122 47 dylikt
1420 756 190 35 samband.
1669 757 104 34 inom
1817 757 74 34 den
1920 757 97 34 förra

419 808 220 47 kategorien
686 809 145 35 biföllos
885 810 344 44 anslagsäskanden
1273 812 20 32 å
1340 810 132 34 inalles
1514 812 165 37 120,300
1724 810 147 42 kronor,
1916 810 101 34 inom

418 863 74 34 den
529 874 130 23 senare
695 864 20 33 å
743 862 132 35 inalles
920 865 140 41 34,395
1104 862 148 36 kronor.
1309 863 74 34 Vid
1418 866 99 32 1914
1548 865 58 32 års
1634 863 153 46 riksdag
1815 875 67 22 var
1910 863 107 35 total-

419 927 170 23 summan
633 928 46 22 av
726 916 45 34 de
823 915 139 35 enskilt
1007 916 164 44 begärda
1218 916 333 47 anslagsbeloppen
1593 919 235 41 25,553,315
1865 916 148 44 kronor,

418 980 79 24 som
542 969 83 34 med
666 969 213 46 respektive
926 971 204 41 1,047,250
1178 969 136 36 kronor
1361 971 68 34 och
1482 972 235 40 24,506,065
1766 970 137 35 kronor
1948 970 68 34 för-

417 1022 133 35 delade
591 1022 57 46 sig
691 1024 46 44 på
780 1022 316 47 framställningar
1139 1024 84 33 med
1266 1024 67 34 och
1370 1023 318 45 framställningar
1716 1028 89 30 utan
1835 1022 181 36 samband

417 1076 85 34 med
545 1076 240 46 proposition.
842 1076 218 44 Riksdagen
1100 1076 106 35 biföll
1238 1076 156 47 tillhopa
1430 1079 113 42 2,250
1575 1077 137 34 kronor
1740 1089 45 22 av
1815 1077 74 34 den
1918 1076 98 35 förra

416 1129 70 35 och
529 1131 143 41 44,315
717 1129 137 35 kronor
882 1142 46 22 av
958 1130 70 34 den
1057 1141 132 23 senare
1218 1142 180 34 gruppen.
1433 1152 45 2 —
1511 1130 84 34 Vad
1625 1130 181 35 motioner
1834 1142 59 22 om
1925 1129 89 35 min-

416 1182 116 35 skade
562 1183 131 45 anslag
720 1182 185 44 beträffar,
926 1183 95 34 hava
1050 1183 140 35 sådana
1210 1184 132 34 endast
1360 1184 12 34 i
1388 1183 142 35 mindre
1554 1183 261 46 utsträckning
1834 1183 180 35 förekom-

415 1235 79 44 mit,
525 1237 68 34 och
614 1236 96 35 hava
736 1236 399 47 desamma
931 1231 18 57 i
970 1236 165 47 samtliga
1151 1237 64 34 vid
1229 1237 283 46 ifrågavarande
1527 1236 196 46 riksdagar
1736 1236 198 35 inträffade
1949 1236 66 35 fall

415 1301 47 23 av
490 1289 203 46 riksdagen
710 1289 188 46 avslagits.
922 1311 47 3 —
990 1289 301 36 Vidkommande
1307 1290 177 46 slutligen
1500 1290 170 34 enskilda
1684 1289 327 46 framställningar,

415 1354 77 23 som
522 1342 80 35 haft
631 1343 184 35 avseende
845 1345 20 32 å
894 1342 207 47 budgetens
1130 1344 258 43 inkomstsida,
1420 1344 63 34 det
1501 1343 65 34 vill
1586 1343 187 46 praktiskt
1787 1347 105 41 taget
1911 1348 100 40 säga,

414 1408 77 22 som
534 1395 192 35 inneburit
767 1395 139 47 förslag
947 1408 57 23 om
1033 1396 318 45 bevillningarnas
1388 1397 144 34 ökande
1562 1397 91 34 cller
1683 1396 232 43 minskande,
1948 1396 66 34 har

413 1449 204 46 riksdagen
645 1449 14 34 i
687 1449 89 35 flera
805 1449 64 35 fall
901 1471 47 3 —
979 1462 66 22 sex
1074 1449 63 35 vid
1166 1453 98 32 1913
1296 1453 58 32 års
1384 1451 69 34 och
1481 1455 62 29 två
1573 1449 63 35 vid
1660 1452 100 32 1914
1780 1452 58 31 års
1858 1449 156 46 riksdag

414 1524 48 4 -—
494 1505 47 44 på
569 1502 140 35 enskilt
737 1502 163 35 initiativ
927 1503 161 35 beslutat
1111 1504 249 46 upphävande
1381 1504 91 34 eller
1491 1503 192 35 sänkande
1704 1515 45 22 av
1769 1503 99 34 vissa
1887 1502 122 35 tullar.

413 1556 69 35 Att
510 1556 13 35 i
543 1556 121 35 siffror
684 1556 136 46 angiva
840 1557 73 34 den
933 1556 202 48 betydelse,
1159 1558 102 34 detta
1275 1557 81 34 haft
1374 1557 57 34 för
1450 1557 201 45 budgeten,
1672 1556 94 35 låter
1781 1556 57 46 sig
1854 1555 31 48 ej
1909 1561 100 41 göra.

521 1663 69 35 Om
634 1674 47 23 en
720 1662 222 46 förbättring
983 1663 13 34 i
1024 1662 222 47 riksdagens
1275 1663 372 46 budgetbehandling
1675 1662 13 35 i
1715 1662 169 46 riktning
1914 1666 98 31 emot

414 1715 97 36 ökad
555 1716 296 46 planmässighet
892 1717 69 34 och
1003 1716 303 45 överskådlighet
1348 1716 97 35 skall
1475 1716 128 35 kunna
1633 1716 143 43 vinnas,
1806 1727 113 35 synes
1949 1716 63 34 det

412 1769 185 36 utskottet
626 1775 55 29 att
708 1770 249 34 strävandena
985 1769 89 36 böra
1101 1770 204 46 begränsas
1334 1769 57 35 till
1421 1773 54 31 att
1503 1772 39 32 så
1570 1770 108 45 långt
1702 1769 143 47 möjligt
1863 1773 147 31 neutra-

412 1823 110 35 lisera
560 1823 46 35 de
636 1823 251 45 olägenheter,
919 1835 74 23 som
1033 1824 153 34 orsakas
1216 1823 79 35 dels
1324 1835 45 22 av
1399 1823 73 34 den
1500 1822 201 35 bestående
1730 1822 240 47 splittringen
1996 1821 14 36 i

413 1877 72 34 den
526 1876 269 35 förberedande
838 1876 343 46 handläggningen,
1213 1877 78 34 dels
1329 1888 47 23 av
1411 1877 72 34 den
1511 1876 174 46 gällande
1714 1875 209 36 successiva
1951 1875 59 35 be-

411 1930 424 46 handlingsordningen.
895 1930 69 34 Att
992 1930 78 35 helt
1097 1930 176 46 upphäva
1303 1942 86 22 vare
1420 1930 57 46 sig
1506 1930 72 34 den
1599 1941 70 23 ena
1690 1930 89 34 eller
1798 1929 74 35 den
1893 1929 115 34 andra

412 1983 76 35 kan
535 1983 119 45 enligt
695 1983 201 35 utskottets
941 1984 150 45 mening
1131 1983 32 47 ej
1195 1983 245 46 ifrågasättas.
1498 1983 197 35 Bådadera
1728 1987 60 30 äro
1817 1982 192 46 nämligen

411 2042 90 29 nära
530 2036 247 47 förknippade
807 2038 84 33 med
920 2036 115 48 själva
1051 2037 214 46 grunderna
1279 2037 56 34 för
1348 2036 86 35 hela
1447 2038 83 33 vårt
1543 2035 281 46 riksdagsskick
1840 2036 69 34 och
1926 2036 82 34 med

519 2142 13 14 +
562 2142 54 24 Vid
644 2143 171 24 bedömande
844 2151 34 16 av
907 2143 259 30 undersökningens
1190 2143 118 23 resultat
1329 2143 78 23 torde
1435 2142 148 30 iakttagas,
1603 2141 42 24 aff
1664 2142 52 23 vad
1736 2142 272 29 anslagsäskandena

410 2178 86 31 angår
523 2179 110 30 hänsyn
662 2178 24 30 ej
717 2180 108 23 kunnat
848 2181 79 28 tagas
951 2179 45 23 till
1020 2179 86 23 andra
1124 2178 99 31 dylika
1241 2179 35 23 än
1294 2177 112 29 sådana,
1426 2185 59 17 som
1504 2178 61 30 gått
1583 2180 33 20 ut
1634 2178 35 29 på
1690 2177 69 24 visst
1778 2177 100 23 fixerat
1896 2177 111 30 belopp,

409 2214 51 30 att,
488 2213 35 25 då
542 2215 42 23 ett
602 2214 98 30 anslag
719 2216 105 22 avsetts
844 2217 42 22 att
906 2215 118 23 fördelas
1043 2213 16 25 å
1077 2213 49 25 två
1144 2215 69 23 eller
1231 2214 65 23 flera
1315 2213 36 28 år,
1372 2214 100 23 endast
1490 2214 46 23 det
1546 2211 35 32 på
1591 2213 188 30 nästföljande
1790 2211 137 32 budgetår
1936 2213 72 24 belö-

409 2250 91 30 pande
528 2250 132 30 beloppet
689 2250 152 31 upptagits,
870 2250 43 24 alt
940 2250 253 30 anslagsäskanden
1223 2249 59 24 från
1302 2249 156 24 riksbanks-
1477 2249 51 23 och
1547 2248 318 31 riksgäldsfullmäktige
1890 2248 25 30 ej
1936 2249 71 23 med-

410 2286 123 30 räknats,
561 2285 74 25 samt
662 2285 42 24 att
722 2287 47 22 det
787 2285 118 30 mången
925 2285 72 31 gång
1016 2286 72 23 varit
1106 2286 110 23 förenat
1235 2285 60 24 med
1315 2284 142 31 svårighet
1476 2287 42 21 att
1537 2285 109 29 avgöra,
1665 2284 139 24 huruvida
1823 2286 43 22 ett
1886 2284 121 31 anslags-

408 2321 125 31 yrkande
552 2321 55 24 kan
626 2328 80 17 anses
725 2323 52 29 äga
795 2322 134 23 samband
949 2321 59 24 med
1029 2321 95 30 kungl.
1143 2321 173 31 proposition
1335 2321 68 24 eller
1421 2320 35 30 ej.
