1918 2802
295 180 18 30 4
668 180 343 28 Jordbruksutskottets
1030 180 157 28 utlåtande
1205 189 37 19 nr
1262 181 45 27 16.

298 268 111 30 skulle
436 267 45 40 på
506 278 42 20 en
575 268 89 40 gång
690 267 37 32 få
753 269 51 30 till
833 269 136 39 uppgift
996 272 48 27 att
1073 270 160 30 närmare
1262 271 122 29 utreda
1413 271 65 30 och
1506 271 184 39 planlägga
1719 271 65 31 den

296 321 168 31 framtida
480 322 269 30 verksamheten
765 322 46 39 på
827 322 158 31 området
1001 326 90 26 samt
1110 322 89 31 efter
1215 323 96 30 hand
1329 323 144 31 bedriva
1490 324 66 30 och
1575 324 79 31 leda
1673 322 111 32 sådan

298 375 430 39 forskningsverksamhet.
763 375 43 31 Så
828 375 218 40 småningom
1068 377 110 30 skulle
1200 377 65 30 den
1288 377 80 30 med
1391 378 76 29 stöd
1491 387 42 20 av
1557 387 116 21 vunna
1694 378 89 30 erfa-

298 429 158 30 renheter
476 430 87 29 även
582 429 44 30 ha
646 432 48 27 att
714 430 179 39 klarlägga
913 429 333 40 förutsättningarna
1267 430 56 30 för
1343 439 42 21 en
1405 440 95 21 mera
1520 430 69 31 fast
1609 431 174 39 organisa-

298 482 72 30 tion
391 492 41 20 av
452 483 272 30 verksamheten.

341 535 252 31 Statskontoret
614 537 73 34 har,
713 537 84 29 enär
822 535 105 40 något
950 536 112 30 behov
1087 536 75 30 icke
1187 535 151 41 förelåge
1362 546 42 21 av
1427 539 46 28 ett
1498 539 75 37 nytt
1596 545 108 32 organ
1730 538 54 29 för

296 589 224 39 forsknings-,
540 589 149 31 försöks-
712 590 65 30 och
795 589 450 40 upplysningsverksamhet
1264 590 80 30 med
1364 590 167 31 avseende
1551 590 44 39 på
1612 591 171 29 lantman-

295 643 260 39 nabyggnader,
580 643 158 39 avstyrkt
761 643 102 30 bifall
890 642 52 31 till
969 642 410 40 byggnadsföreningens
1407 643 270 40 framställning.
1716 643 69 31 För

296 696 68 30 den
396 697 167 30 händelse
596 696 194 31 emellertid
821 696 162 40 åtgärder
1016 697 113 30 skulle
1158 706 101 21 anses
1290 697 87 30 böra
1411 696 157 40 vidtagas
1601 697 11 30 i
1645 696 139 39 angivet

298 749 90 40 syfte
408 750 77 30 ville
509 751 244 30 statskontoret
775 751 119 35 uttala,
918 753 48 28 att
987 751 66 30 den
1075 761 68 29 nya
1165 751 239 30 institutionen
1426 751 50 30 till
1499 761 41 20 en
1562 751 125 39 början
1708 769 46 4 —
1775 751 10 30 i

295 804 174 30 avvaktan
487 803 44 40 på
548 804 197 31 erfarenhet
761 805 150 30 rörande
930 805 280 30 verksamhetens
1230 804 166 40 lämpliga
1417 804 190 39 inriktning
1625 823 44 4 —
1686 805 98 31 torde

296 857 86 30 böra
406 857 118 30 arbeta
546 857 11 30 i
580 857 164 40 tämligen
766 858 123 39 lösliga
911 857 139 31 former.
1089 858 160 30 Närmast
1273 860 115 36 syntes
1412 858 141 30 komma
1578 858 9 30 i
1611 857 99 40 fråga
1736 861 49 28 att

294 910 156 31 anförtro
478 911 221 39 uppgifterna
726 910 35 31 åt
789 921 42 20 en
859 911 234 39 organisation
1121 921 42 21 av
1190 911 252 39 kommittétyp.
1473 911 308 40 Ladugårdsbygg-

295 964 308 39 nadssakkunniga
625 965 107 30 borde
755 965 10 29 i
789 966 171 29 samband
984 965 144 30 därmed
1150 964 188 40 entledigas
1364 965 66 30 och
1454 965 98 30 deras
1577 964 206 40 åligganden

295 1017 202 39 överflyttas
517 1016 45 40 på
586 1017 66 30 den
675 1027 68 29 nya
767 1017 215 31 kommittén.

341 1070 13 30 I
381 1070 92 30 detta
501 1071 254 39 sammanhang
782 1071 66 29 har
876 1070 378 40 departementschefen
1282 1070 142 36 anmält,
1454 1073 49 27 att
1528 1070 256 40 hushållnings-

295 1123 214 39 sällskapens
534 1124 129 30 ombud
682 1124 11 29 i
715 1124 165 30 skrivelse
902 1125 66 29 den
989 1125 41 29 30
1051 1124 192 39 september
1269 1124 83 30 1942
1372 1141 44 3 —
1435 1124 80 30 med
1535 1123 187 40 anledning
1742 1133 42 22 av

295 1177 130 38 förslag
448 1186 41 20 av
514 1176 164 40 Blekinge
702 1178 75 29 läns
803 1176 413 40 hushållningssällskaps
1239 1176 363 40 förvaltningsutskott
1625 1195 44 4 —
1689 1177 94 30 hem-

296 1231 93 29 ställt
408 1240 56 20 om
485 1230 193 39 utredning,
701 1230 11 30 i
734 1231 68 30 den
823 1230 83 31 mån
927 1230 38 31 så
985 1231 30 38 ej
1035 1231 108 30 redan
1161 1230 98 36 skett,
1278 1230 149 30 rörande
1445 1230 216 39 lämpligaste
1683 1231 101 29 sättet

295 1286 50 27 att
370 1284 197 30 underlätta
594 1283 277 40 rationalisering
901 1293 42 21 av
971 1283 214 31 lantbrukets
1214 1283 372 39 ekonomibyggnader.
1630 1284 154 39 Sveriges

296 1336 337 38 lantbruksförbund
648 1337 65 30 har
733 1337 11 30 i
760 1339 48 28 ett
827 1337 146 30 häröver
991 1337 66 30 den
1074 1338 19 29 3
1113 1336 153 31 februari
1287 1338 84 29 1943
1391 1336 134 40 avgivet
1542 1337 160 39 yttrande
1721 1347 61 21 un-

296 1390 60 30 der
372 1389 209 40 hänvisning
599 1390 50 30 till
666 1390 57 30 sitt
744 1391 130 39 förslag
890 1400 57 20 om
965 1390 211 30 inrättandet
1193 1399 43 21 av
1256 1400 43 20 en
1319 1390 149 30 särskild
1487 1389 295 40 forskningsinsti-

295 1443 113 31 tution
426 1443 45 40 på
491 1444 92 29 detta
602 1443 141 31 område
761 1444 171 30 förklarat
949 1443 50 40 sig
1016 1443 172 39 tillstyrka
1205 1444 148 30 berörda
1374 1443 216 31 hemställan.

339 1514 388 39 Departementschefen
745 1515 65 30 har
831 1515 10 30 i
861 1516 140 30 ärendet
1023 1516 118 31 anfört
1162 1517 65 29 och
1250 1516 177 40 föreslagit
1448 1517 166 39 följande:

343 1567 140 31 »Såsom
502 1567 209 32 framhållits
731 1568 11 30 i
759 1569 57 30 det
835 1568 206 41 föregående
1057 1569 170 31 innefatta
1243 1569 221 40 jordbrukets
1485 1568 299 41 byggnadsfrågor

294 1630 44 21 en
358 1622 63 29 rad
444 1621 163 39 speciella
630 1622 171 38 problem,
825 1632 76 20 som
923 1622 77 31 icke
1020 1623 122 30 kunna
1162 1624 123 29 väntas
1309 1623 49 30 bli
1378 1622 151 32 föremål
1549 1624 56 30 för
1628 1623 154 31 behand-

294 1674 73 39 ling
383 1684 43 21 av
442 1684 48 21 nu
508 1675 218 39 förefintliga
745 1675 248 31 institutioner.
1027 1676 65 30 Det
1109 1677 39 29 är
1165 1676 179 39 nämligen
1361 1677 65 30 här
1444 1676 78 31 icke
1539 1676 100 40 fråga
1660 1677 123 30 endast

294 1737 58 21 om
380 1728 341 40 byggnadstekniska
750 1730 65 29 och
841 1729 164 31 liknande
1035 1729 224 40 detaljfrågor
1287 1732 86 29 utan
1398 1731 95 30 ännu
1522 1740 95 21 mera
1644 1741 58 20 om
1728 1731 56 31 det

292 1782 109 30 större
420 1782 191 39 problemet
634 1782 148 31 rörande
805 1783 110 39 själva
935 1783 334 39 jordbruksdriftens
1291 1783 296 40 ändamålsenliga
1608 1784 175 39 planlägg-

292 1834 84 40 ning
397 1835 65 30 och
484 1835 377 39 byggnadsbeståndets
885 1836 212 40 anpassning
1117 1837 161 30 härefter.
1316 1837 64 30 Det
1404 1838 38 29 är
1464 1847 43 21 en
1527 1837 94 31 känd
1641 1837 72 36 sak,
1736 1839 48 29 att

292 1889 246 39 byggnaderna
569 1889 95 30 inom
690 1889 205 39 jordbruket
923 1892 234 37 representera
1187 1890 178 39 ansenliga
1392 1890 390 40 kapitalinvesteringar,

292 1951 76 21 som
391 1942 11 30 i
427 1941 126 40 många
575 1942 62 30 fall
662 1942 31 39 ej
719 1942 52 31 stå
794 1942 11 30 i
827 1942 202 40 proportion
1051 1943 50 30 till
1126 1943 393 39 jordbruksenheternas
1546 1944 237 39 avkastnings-

292 1995 115 30 värde.
439 1995 99 30 Detta
557 1996 100 30 beror
675 1995 76 31 icke
769 1996 122 30 endast
912 1995 44 40 på
977 1996 432 40 byggnadskostnadernas
1432 1998 85 38 höjd
1537 1997 11 30 i
1570 1998 65 30 och
1658 1998 55 30 för
1734 1997 50 39 sig

292 2050 86 28 utan
399 2048 11 30 i
434 2048 132 31 kanske
589 2049 94 30 ännu
704 2049 107 39 högre
837 2050 84 39 grad
946 2049 44 40 på
1014 2052 50 28 att
1085 2059 43 21 en
1149 2049 145 40 verkligt
1316 2050 159 31 rationell
1500 2050 216 41 utformning
1741 2060 43 21 av

291 2101 361 40 byggnadsbeståndet
668 2102 75 31 icke
765 2103 212 39 genomförts
997 2103 11 30 i
1027 2103 169 30 samband
1216 2104 79 30 med
1315 2104 247 40 planläggning
1581 2114 42 21 av
1644 2104 138 30 driften.

292 2154 100 31 Stora
416 2155 224 40 besparingar
664 2155 111 31 skulle
797 2159 85 27 utan
905 2156 101 31 tvivel
1028 2156 121 31 kunna
1172 2158 98 38 göras
1297 2157 11 30 i
1332 2156 100 40 fråga
1458 2167 57 21 om
1537 2157 247 40 planläggning

292 2208 67 30 och
400 2208 189 31 utförande
633 2219 42 20 av
717 2209 226 39 jordbrukets
987 2209 381 40 ekonomibyggnader,
1413 2211 116 30 därest
1571 2210 212 31 hithörande

296 2261 175 39 spörsmål
504 2262 99 31 bleve
639 2262 150 31 föremål
821 2263 57 30 för
910 2272 43 21 en
988 2263 240 39 systematiskt
1261 2264 67 30 och
1364 2263 216 40 sakkunnigt
1611 2264 169 31 bedriven

292 2314 217 40 forsknings-
530 2316 66 30 och
616 2315 377 31 försöksverksamhet.
1025 2316 70 31 För
1115 2320 50 27 att
1188 2316 45 40 på
1257 2320 48 28 ett
1327 2317 224 31 ekonomiskt
1571 2317 121 39 riktigt
1716 2318 68 30 sätt

291 2367 120 31 kunna
435 2368 152 40 utnyttja
614 2369 98 30 dessa
736 2369 201 39 byggnader
963 2369 136 31 fordras
1126 2379 43 21 en
1195 2370 238 39 omsorgsfullt
1457 2370 167 39 planerad
1648 2370 134 40 organi-

293 2420 125 37 sation,
456 2431 76 21 som
568 2422 66 30 har
673 2426 51 26 att
761 2422 178 31 behandla
979 2422 78 32 icke
1094 2423 87 30 blott
1218 2422 310 41 byggnadsfrågan
1569 2426 85 27 utan
1694 2424 90 30 även

293 2474 111 39 själva
425 2475 334 38 jordbruksdriften.
795 2476 76 30 Den
893 2476 344 39 byggnadstekniska
1262 2476 234 40 forskningen
1516 2476 46 40 på
1583 2476 199 32 lantbruks-
