2127 2651
630 185 205 51 Bevillnings-
845 185 167 51 Utskottets
1019 190 199 31 Betänkande
1241 189 64 32 N:o
1327 190 31 31 3.
1753 193 35 28 11

190 278 96 31 strat
314 272 11 35 i
353 271 83 36 stad
465 271 92 36 eller
585 271 360 36 kommunalnämnd
974 273 20 33 å
1021 270 141 46 landet,
1199 270 130 36 derom
1363 269 191 46 förordna,
1596 276 107 38 samt,
1742 270 48 36 då

190 324 106 49 fråga
326 330 40 28 är
395 336 60 23 om
483 322 367 49 försäljningstidens
879 322 273 48 utsträckning,
1181 322 208 36 bestämma
1416 322 172 37 vilkoren
1617 321 138 37 derför.

290 374 129 37 Skulle
448 374 203 49 anledning
679 374 233 36 förekomma
952 395 48 5 —
1047 392 49 5 —
1143 393 49 4 —
1241 393 47 4 —
1340 393 49 4 —
1440 393 49 4 —
1541 396 48 5 —
1640 392 50 5 —
1741 393 48 4 —

188 496 49 5 —
293 495 49 5 —
397 495 51 5 —
499 475 204 37 föreskrift.

288 528 250 36 Förekomma
579 531 20 32 å
639 527 223 48 gästgifverl.
930 546 45 5 —
1036 546 48 5 —
1140 546 49 5 —
1240 546 49 5 —
1341 550 48 4 —
1441 546 48 4 —
1540 546 50 4 —
1641 546 49 4 —
1741 546 50 5 —

189 650 46 4 —
293 649 49 5 —
398 649 50 5 —
501 629 178 37 utöfvats.

933 764 18 48 $
988 768 56 34 28.

291 885 129 37 Under
448 892 83 30 sön-
560 885 69 36 och
660 885 165 48 helgdag
852 898 87 23 vare
968 885 11 35 i
1008 884 205 36 allmänhet
1246 885 47 35 all
1327 884 255 48 utskänkning
1614 883 40 37 af
1683 885 109 35 brän-

189 937 62 36 vin
280 936 204 48 förbjuden
513 941 104 31 utom
649 936 120 36 under
802 942 138 30 tvenne
972 936 162 43 timmar,
1177 935 127 36 hvilka
1340 935 227 36 bestämmas
1597 936 10 34 i
1635 935 84 36 stad
1756 935 39 35 af

191 988 245 48 magistraten
478 988 69 35 och
583 991 20 32 å
636 987 129 36 landet
802 986 39 36 af
874 986 425 45 kommunalnämnden;
1341 986 143 48 egande
1522 986 97 36 dock
1655 986 136 48 Kongl.

189 1038 121 47 Maj:ts
339 1038 421 47 Befallningshafvande
790 1043 66 39 att,
893 1038 3 35 i
924 1051 140 22 samma
1093 1037 162 48 ordning
1283 1037 69 36 och
1382 1040 47 45 på
1457 1042 75 31 sätt
1552 1038 11 34 i
1583 1034 18 49 $
1624 1039 44 34 26
1694 1045 97 40 sägs,

190 1090 148 35 besluta
376 1090 322 47 utskänkningens
734 1089 224 36 inställande
991 1089 93 35 eller
1115 1088 369 48 försäljningstidens
1519 1088 274 48 inskränkning

191 1141 91 35 eller
312 1141 272 47 utsträckning.

291 1191 129 37 Under
447 1198 83 30 sön-
559 1192 92 35 eller
679 1191 162 48 helgdag
869 1194 60 32 må
957 1191 32 47 ej
1023 1190 158 37 bränvin
1240 1209 49 4 —
1341 1209 48 4 —
1441 1209 48 4 —
1542 1214 49 3 —
1643 1209 48 4 —-—
1744 1208 48 5 —

189 1262 49 4 —
289 1261 50 5 —
390 1262 48 4 —
492 1261 47 5 —
591 1261 49 5 —
692 1261 48 4 —
792 1242 199 36 utlemnas.

290 1293 130 36 Under
447 1294 214 48 gudstjonst
719 1317 48 4 —
823 1312 50 5 —
930 1312 48 5 —
1034 1312 50 5 —
1140 1311 48 5 —
1240 1311 50 5 SS
1340 1309 47 6 >
1441 1311 49 4 —
1542 1311 49 4 -—
1642 1311 49 5 —
1744 1311 48 5 —

190 1369 48 3 —
289 1364 50 5 —
389 1364 50 5 —
490 1364 50 5 —
591 1364 49 4 —
691 1363 48 5 -—
792 1344 244 48 tillstängdt.»

292 1430 15 35 I
344 1443 51 23 nu
431 1430 174 48 gällande
641 1429 224 49 förordning
901 1429 111 36 hafva
1049 1428 285 49 ifrågavarande
1371 1427 219 49 paragrafer
1626 1428 165 48 följande

192 1481 159 49 lydelse:

937 1596 17 48 $
991 1601 57 34 26.

293 1701 147 36 Mindre
473 1700 239 48 partihandel
745 1699 191 37 äfvensom
971 1700 261 35 minuthandel
1261 1700 84 35 med
1374 1700 70 36 och
1473 1700 257 47 utskänkning
1758 1699 39 37 af

193 1752 159 35 bränvin
389 1765 101 33 vare,
532 1751 108 37 äfven
680 1751 47 36 då
759 1751 73 36 den
864 1750 59 36 för
952 1750 116 49 öfrigt
1096 1750 218 48 medgifven
1344 1758 52 37 är,
1438 1752 11 34 i
1477 1751 206 36 allmänhet
1711 1751 81 35 icke

193 1803 148 36 tillåten
370 1816 129 22 senare
529 1806 20 32 å
577 1803 73 47 dag
678 1809 45 28 än
752 1803 58 35 till
838 1802 162 35 klockan
1021 1805 45 33 10
1090 1805 48 45 på
1166 1801 169 45 aftonen;
1365 1802 144 47 egande
1538 1802 97 35 dock
1664 1802 130 35 veder-

194 1854 166 36 börande
390 1853 382 48 embetsmyndighet,
801 1853 67 36 der
896 1853 183 36 särskilda
1108 1853 329 47 omständigheter
1457 1852 194 36 föranleda
1680 1852 117 36 behof

194 1904 39 36 af
257 1904 369 48 försäljningstidens
655 1904 272 46 inskränkning
947 1905 91 34 eller
1058 1904 275 47 utsträckning,
1363 1909 54 30 att
1441 1904 129 35 derom
1600 1903 192 36 förordna.

295 1954 130 37 Skulle
466 1955 204 47 anledning
711 1955 232 35 förekomma
986 1955 139 44 dertill,
1172 1961 56 29 att
1274 1954 260 36 minuthandel
1576 1955 84 35 med
1703 1955 91 34 eller

195 2007 256 47 utskänkning
487 2005 39 37 af
558 2006 159 36 bränvin
755 2006 68 36 bör
856 2005 194 49 förbjudas
1077 2007 12 34 i
1118 2006 81 36 stad
1228 2006 64 36 vid
1320 2009 115 45 något
1463 2005 38 36 af
1531 2006 45 35 de
1605 2005 188 45 tillfällen,

195 2071 80 22 som
303 2059 10 34 i
343 2055 18 48 $
391 2060 44 34 25
465 2065 165 37 nämnas,
662 2058 91 35 eller
782 2061 20 32 å
829 2057 129 36 landet
985 2057 63 36 vid
1077 2058 45 35 de
1151 2056 186 45 tillfällen,
1375 2070 81 22 som
1484 2057 11 35 i
1523 2070 140 22 samma
1693 2054 50 48 $:s
1773 2059 19 33 2

195 2122 112 22 mom.
337 2108 254 46 omförmälas,
627 2122 68 34 ege
723 2108 284 37 vederbörande
1036 2107 222 49 myndighet
1280 2108 142 47 jJemväl
1450 2113 56 31 att
1534 2108 130 35 derom
1693 2108 102 35 med-

195 2160 85 35 dela
307 2159 204 36 föreskrift.

295 2210 247 36 Förekomma
563 2214 20 32 å
602 2210 224 49 gästgifveri
854 2211 91 35 eller
974 2215 113 31 annat
1114 2210 385 48 utskänkningsställe
1521 2210 91 36 eller
1632 2213 19 32 å
1671 2210 123 45 ställe,

196 2261 67 36 der
292 2262 263 35 minuthandel
583 2262 91 35 eller
702 2262 145 35 mindre
876 2261 239 48 partihandel
1139 2260 159 46 utöfvas,
1326 2261 63 36 vid
1414 2261 184 37 särskilda
1618 2260 176 37 tillfällen
