1912 2823
481 171 124 40 Tredje
625 169 244 41 lagutskottets
889 165 178 32 utlåtande
1086 174 43 21 nr
1147 165 41 30 36
1207 165 39 30 år
1266 162 83 31 1967
1640 161 15 29 1

848 470 64 40 Nr
936 469 55 40 36

378 586 184 31 Utlåtande
587 585 10 29 i
619 583 188 39 anledning
830 592 41 20 av
893 581 127 39 Kungl.
1043 580 125 39 Maj:ts
1191 577 216 41 proposition
1430 576 80 30 med
1533 575 132 40 förslag

578 647 52 30 till
651 645 207 42 förordning
879 653 56 21 om
958 642 134 31 ändrad
1115 641 128 40 lydelse
1266 650 41 20 av
1329 640 20 29 2
1371 638 21 38 $
1413 637 252 42 förordningen

578 710 66 30 den
659 710 41 29 22
715 709 89 40 april
819 708 84 29 1960
922 706 59 35 (nr
997 705 59 35 77)
1074 704 177 41 angående
1268 700 398 43 byggnadsforsknings-

579 773 119 39 avgift.

226 885 130 30 Genom
378 893 43 20 en
442 883 68 29 den
533 882 37 29 17
594 890 96 20 mars
712 879 82 30 1967
818 877 218 41 dagtecknad
1056 875 226 41 proposition,
1306 883 41 20 nr
1371 872 49 35 78,
1443 872 118 30 vilken
1581 871 86 29 hän-

182 940 110 29 visats
306 939 53 29 till
375 937 192 40 lagutskott
583 936 65 28 och
662 933 207 31 behandlats
887 942 42 20 av
943 931 112 39 tredje
1072 930 237 39 lagutskottet,
1326 928 64 29 har
1407 926 126 39 Kungl.
1550 924 116 40 Maj:t,

184 993 110 30 under
318 990 218 41 åberopande
561 999 42 20 av
626 988 261 40 propositionen
910 985 139 40 bilagda
1072 984 125 39 utdrag
1222 992 42 20 av
1288 979 381 41 statsrådsprotokollet

185 1048 79 29 över
288 1044 298 34 inrikesärenden,
612 1042 179 40 föreslagit
815 1040 188 40 riksdagen
1027 1040 50 29 att
1103 1039 127 37 antaga
1254 1038 48 28 ett
1325 1035 60 30 vid
1408 1033 261 41 propositionen

186 1102 95 39 fogat
300 1100 132 39 förslag
450 1099 55 29 till
524 1097 206 39 förordning
750 1105 58 20 om
827 1094 135 31 ändrad
979 1093 131 40 lydelse
1130 1101 42 20 av
1191 1091 19 29 2
1233 1090 15 37 8
1271 1088 251 39 förordningen
1542 1087 67 29 den
1629 1086 40 29 22

185 1155 88 40 april
297 1154 83 29 1960
409 1153 58 34 (nr
491 1152 57 34 77)
575 1150 178 41 angående
773 1144 506 45 byggnadsforskningsavgift.

688 1305 304 49 Propositionens
1010 1301 168 37 innehåll

232 1414 67 29 För
329 1414 51 28 att
408 1411 209 40 möjliggöra
646 1409 91 31 ökad
766 1407 217 39 forsknings-
1013 1405 65 30 och
1107 1399 524 42 rationaliseringsverksamhet
1660 1398 12 30 i

190 1464 377 43 byggnadsbranschen
584 1463 148 30 föreslås
746 1462 13 30 i
774 1462 68 30 den
856 1460 147 40 tidigare
1020 1459 114 30 denna
1151 1458 66 39 dag
1233 1456 162 31 lämnade
1411 1453 262 42 propositionen

186 1530 57 21 om
269 1520 180 40 riktlinjer
475 1519 54 30 för
556 1516 324 40 bostadspolitiken,
909 1525 45 20 m.
982 1524 45 20 m.
1056 1515 50 29 att
1133 1507 541 45 byggnadsforskningsavgiften

188 1575 89 30 skall
297 1574 102 40 höjas
420 1573 81 30 från
522 1572 73 36 0,40
615 1572 53 29 till
690 1570 73 35 0,50
781 1570 46 35 96.
850 1570 13 29 I
884 1567 203 40 anslutning
1107 1566 119 30 härtill
1247 1564 147 31 föreslås
1413 1563 13 30 i
1446 1560 229 33 förevarande

192 1628 218 41 proposition
442 1626 109 31 sådan
584 1625 148 38 ändring
763 1624 12 29 i
806 1621 251 39 förordningen
1089 1629 58 20 om
1179 1614 496 45 byggnadsforskningsavgift

194 1692 75 21 som
285 1682 130 30 behövs
432 1681 54 29 för
504 1682 51 28 att
572 1677 322 41 avgiftshöjningen
912 1675 90 31 skall
1018 1675 123 29 kunna
1159 1672 232 40 genomföras.

204 2632 135 39 Bihang
359 2630 51 29 till
429 2628 204 39 riksdagens
653 2625 174 41 protokoll
847 2622 94 31 1967.
961 2623 19 29 9
999 2622 99 30 saml.
1117 2622 19 29 3
1156 2620 75 31 avd.
1250 2621 48 29 Nr
1317 2620 41 29 36
