2296 2765
692 219 78 36 Loag-
783 218 162 29 Utskottets
973 217 165 29 Utlåtande
1160 217 56 29 N:o
1239 215 50 30 23.
1741 213 16 27 3

198 309 31 47 ej
275 321 89 23 vore
405 306 217 48 tillräckligt
662 304 267 50 betryggande,
957 304 144 37 hvadan
1130 303 77 37 ofta
1233 301 208 45 inträffade,
1468 306 67 38 att,
1562 300 57 36 till
1646 298 92 50 följd
1766 299 40 37 af

198 358 261 50 förmyndares
494 357 206 49 oredlighet
733 358 70 35 och
830 356 188 37 bristande
1046 354 312 48 vederhäftighet,
1387 352 200 49 omyndige
1615 350 186 37 förlorade

195 412 57 35 sin
294 410 198 47 egendom,
534 416 96 29 samt
670 414 55 31 att
752 408 59 36 för
840 407 73 37 den
940 408 97 35 skull
1066 408 198 47 angeläget
1291 418 102 31 vore,
1421 409 56 31 att
1504 403 223 37 åtminstone
1756 415 45 24 en

196 462 62 36 del
302 461 40 36 af
378 462 248 47 tillgångarne
662 459 156 37 ställdes
847 465 106 30 utom
981 458 280 49 förmyndarens
1289 455 235 49 förfogande,
1552 458 46 45 på
1626 459 75 32 sätt
1728 453 74 37 för-

194 515 122 45 slaget
343 512 213 37 innehåller.

327 563 141 36 Härvid
509 562 58 36 får
607 562 195 36 Utskottet
843 561 135 43 erinra,
1033 566 55 30 att
1140 559 210 46 Riksdagen
1391 570 134 36 genom
1566 555 236 49 underdånig

192 613 192 38 skrifvelse
425 614 72 36 den
529 615 43 35 13
602 612 72 48 Maj
706 613 107 44 1869,
842 611 120 36 under
990 611 193 36 uttalande
1212 609 38 37 af
1274 609 70 35 den
1373 609 104 47 åsigt,
1507 613 55 31 att
1588 607 58 36 för
1673 607 127 48 hvarje

197 666 221 44 domskrets,
441 666 90 35 eller
563 670 112 30 annat
703 664 149 47 tjenligt
881 662 151 36 område
1060 661 115 37 borde
1203 661 175 36 tillsättas
1406 674 44 22 en
1479 659 38 36 af
1541 659 170 48 lämpligt
1739 671 62 23 an-

197 718 50 35 tal
275 717 180 48 skicklige
484 716 69 36 och
582 714 257 47 vederhäftige
866 726 175 36 personer
1069 712 199 37 bestående
1297 711 149 45 nämnd,
1473 711 54 35 till
1554 710 152 36 hvilken
1725 707 77 38 för-

196 768 182 48 myndare
408 768 98 35 hade
536 773 55 30 att
619 766 155 36 aflemna
803 765 303 50 myndlingarnes
1133 763 132 44 medel,
1293 762 56 37 för
1365 768 55 31 att
1444 762 30 36 af
1484 761 186 37 nämnden
1686 760 115 37 hand-

196 819 127 36 hafvas
353 819 68 35 och
452 819 159 42 utlånas,
639 817 68 36 hos
737 817 132 46 Kongl.
898 816 105 48 Maj:t
1030 817 11 34 i
1071 814 300 49 underdånighet
1399 814 166 44 anhållit,
1595 818 54 31 att
1668 812 132 48 Kongl.

194 870 102 48 Maj:t
337 871 155 42 täcktes,
537 868 83 37 med
663 867 169 37 afseende
873 871 20 32 å
920 866 176 37 behofvet
1131 866 39 36 af
1195 864 256 51 betryggande
1479 863 234 37 föreskrifter
1739 871 62 29 rö-

195 921 114 36 rande
337 921 285 48 förvaltningen
646 919 38 36 af
710 919 221 49 omyndiges
961 918 133 44 medel,
1122 924 84 41 taga
1233 918 12 34 i
1273 916 129 48 nådigt
1426 914 287 49 öfvervägande,
1730 915 70 36 hu-

195 972 134 36 ruvida
369 972 179 49 lämpliga
589 971 277 36 bestämmelser
907 970 10 35 i
947 968 150 48 angifna
1124 968 210 49 syftningen
1363 970 58 33 må
1449 967 125 36 kunna
1602 966 198 45 meddelas,

193 1030 95 29 samt
316 1025 10 33 i
354 1023 132 35 sådant
526 1023 64 35 fall
619 1023 74 34 låta
721 1022 173 35 utarbeta
924 1021 68 35 och
1021 1020 57 36 för
1106 1020 213 45 Riksdagen
1346 1018 207 48 framlägga
1579 1018 139 47 förslag
1744 1018 55 35 till

192 1076 60 46 lag
280 1075 9 35 i
318 1080 150 32 ämnet.
470 1064 17 62 ,
505 1074 112 36 Detta
649 1072 137 37 ärende
820 1080 39 28 är
888 1079 96 28 ännu
1015 1071 182 36 beroende
1225 1073 45 45 på
1299 1069 132 48 åtgärd
1461 1069 39 36 af
1524 1069 130 48 Kongl.
1682 1068 116 49 Maj:t.

194 1125 71 36 Vid
294 1125 130 36 sådant
451 1124 234 37 förhållande
715 1124 68 36 och
813 1123 47 36 då
887 1123 148 46 frågans
1063 1123 148 47 lösning
1239 1122 7 34 i
1277 1121 162 48 enlighet
1467 1120 86 37 med
1569 1120 229 48 Riksdagens

191 1177 157 36 berörda
390 1176 194 36 skrifvelse
625 1175 108 36 torde
774 1188 89 22 vara
903 1179 55 30 att
990 1173 199 48 föredraga
1222 1172 153 36 framför
1404 1172 73 36 den
1504 1171 39 37 af
1567 1172 231 35 motionären

193 1228 212 48 föreslagna
433 1226 146 49 åtgärd,
608 1226 241 47 hvarigenom
879 1225 196 35 anmärkta
1103 1223 243 49 olägenheten
1376 1218 127 62 endast
1520 1224 64 35 ien
1607 1222 193 49 obetydlig

194 1283 82 32 mån
305 1277 123 38 blefve
456 1277 165 49 afhjelpt,
650 1290 60 23 ser
737 1276 194 36 Utskottet
957 1276 57 46 sig
1043 1275 198 37 föranlåtet
1269 1275 202 44 hemställa,

531 1348 57 34 2:0o
620 1350 54 32 att
711 1344 97 37 Herr
834 1344 167 37 Nilssons
1029 1342 283 49 ifrågavarande
1341 1342 143 37 motion
1512 1345 115 34 måtte
1642 1341 39 38 af
1692 1341 106 38 Riks-

621 1396 120 48 dagen
768 1397 141 35 lemnas
936 1401 90 30 utan
1054 1394 128 37 vidare
1212 1393 184 37 afseende.

331 1481 239 37 Beträffande
612 1482 178 46 slutligen
831 1480 97 36 Herr
967 1480 96 36 Pehr
1103 1480 202 36 Pehrssons
1337 1480 149 47 förslag,
1514 1481 117 47 enligt
1657 1480 143 36 hvilket

192 1533 250 49 förmyndare,
484 1532 122 36 derest
647 1532 241 49 myndlingen
928 1539 40 28 är
1009 1530 151 37 alldeles
1188 1531 189 43 medellös,
1405 1532 120 36 skulle
1551 1531 137 37 befrias
1715 1530 83 37 från

192 1585 71 36 den
291 1585 11 34 i
330 1584 130 46 Kongl.
505 1583 280 46 Förordningen
826 1582 73 37 den
929 1584 46 34 24
1003 1581 215 48 September
1247 1584 92 34 1861
1370 1583 180 47 stadgade
1577 1582 221 50 skyldighet

193 1641 55 30 att
276 1636 140 46 årligen
444 1635 59 35 till
532 1640 121 30 rätten
677 1635 88 35 eller
794 1633 174 36 domaren
997 1632 137 49 ingifva
1169 1633 137 48 utdrag
1333 1647 45 22 ur
1405 1632 394 51 förmyndareräknin-

192 1700 70 35 gen
292 1686 84 36 med
405 1686 103 35 bevis
537 1691 54 30 att
620 1685 70 36 den
719 1684 126 37 blifvit
872 1684 58 36 för
957 1685 229 47 granskning
1220 1685 183 36 aflemnad
1431 1685 56 35 till
1515 1685 283 37 vederbörande

191 1737 98 47 gode
330 1744 86 28 män
458 1737 91 35 eller
582 1735 368 45 kommunalnämnd,
978 1739 39 32 så
1044 1736 62 35 vill
1135 1737 58 34 väl
1221 1749 121 35 synas,
1371 1749 80 22 som
1479 1735 256 49 fullgörandet
1763 1736 40 36 af

194 1788 123 36 denna
357 1786 216 50 skyldighet
607 1788 11 34 i
652 1787 66 35 här
747 1785 152 38 afsedda
928 1786 65 36 fall
1020 1787 121 36 skulle
1170 1799 88 23 vara
1285 1786 142 36 mindre
1456 1787 188 47 behöfligt.
1697 1786 102 37 Utan

192 1839 46 35 all
266 1838 193 49 betydelse
487 1845 40 28 är
555 1838 65 36 det
649 1837 94 36 dock
772 1838 94 44 icke,
896 1837 46 36 då
970 1837 215 49 derigenom
1212 1836 265 47 förekommes,
1506 1844 54 30 att
1575 1851 44 22 en
1633 1838 165 50 förmyn-

193 1889 88 37 dare
310 1890 119 35 skulle
458 1889 124 35 kunna
610 1889 126 48 undgå
763 1889 430 48 granskningsmännens
1222 1889 162 35 kontroll
1412 1890 11 34 i
1453 1889 170 36 afseende
1654 1893 46 43 på
1720 1890 76 35 för-

193 1941 215 47 valtningen
439 1939 40 36 af
503 1940 128 43 medel,
658 1953 80 22 som
767 1953 132 35 genom
927 1939 59 36 arf
1009 1940 89 35 eller
1126 1940 219 35 annorledes
1372 1940 154 36 tillfallit
1542 1953 45 23 en
1603 1939 102 38 förut
1719 1954 80 23 me-

194 1991 114 36 dellös
337 1991 204 48 myndling.
595 1990 220 37 Emellertid
844 1991 68 36 och
943 1991 8 34 i
980 1989 171 37 afvaktan
1179 1994 47 45 på
1253 1990 73 37 den
1354 2004 100 23 mera
1481 1992 316 48 genomgripande

193 2041 283 49 lagförändring
503 2041 160 36 rörande
690 2041 272 48 förvaltningen
992 2040 38 38 af
1057 2041 221 50 omyndiges
1307 2042 129 44 medel,
1452 2042 164 44 hvarom,
1632 2043 58 35 till
1704 2041 94 50 följd

194 2092 36 36 af
258 2093 229 47 Riksdagens
516 2093 67 35 här
612 2092 109 36 ofvan
749 2094 10 34 i
790 2092 114 36 andra
932 2093 164 48 punkten
1138 2092 246 37 omförmälda
1413 2093 255 49 underdåniga
1687 2093 110 36 skrif-

193 2145 113 43 velse,
348 2143 138 48 förslag
523 2144 97 35 lärer
661 2157 89 23 vara
791 2148 55 32 att
885 2143 173 37 förvänta
1098 2143 82 36 från
1215 2143 247 49 Regeringen,
1491 2144 110 36 torde
1631 2144 62 36 det
1717 2145 82 46 icke

193 2208 89 22 vara
323 2195 183 47 lämpligt,
547 2199 54 31 att
641 2194 212 48 Riksdagen
882 2208 49 23 nu
965 2195 134 36 inlåter
1127 2195 56 47 sig
1211 2198 46 44 på
1286 2208 43 22 en
1358 2195 133 48 partiel
1519 2194 217 49 förändring
1763 2195 39 37 af

192 2245 269 47 jemförelsevis
489 2246 108 47 ringa
624 2247 90 46 vigt.
