2305 2784
557 219 18 27 2
1007 215 82 37 Lag-
1099 208 177 48 Utskottets
1290 213 166 30 Utlåtande
1481 212 59 29 N:o
1563 213 51 28 23.

666 304 252 49 Förmyndare
946 316 86 23 vare
1060 301 148 50 skyldig
1236 306 53 31 att
1315 300 117 37 första
1460 303 145 46 gången
1633 297 239 49 redovisning
1889 295 153 49 afgifves
2058 297 59 35 till

517 356 99 48 gode
644 364 86 29 män
759 355 131 38 dervid
919 351 129 50 öfver;
1061 353 247 51 myndlingens
1337 352 184 50 egendom
1548 349 86 51 foga
1662 350 104 36 bevis
1794 362 60 23 om
1882 348 236 48 fullgörande

518 407 124 46 häraf;
686 408 152 36 hvarom
879 407 96 48 gode
1016 413 155 28 männen
1213 405 103 35 skola
1348 411 90 41 göra
1466 402 225 48 anteckning
1719 405 20 32 å
1767 400 62 36 det
1857 399 262 48 sammandrag

517 459 103 38 öfver
646 459 299 48 redovisningen,
978 471 80 23 som
1086 457 65 36 bör
1178 457 57 35 till
1264 455 153 37 Rättens
1447 453 221 38 ordförande
1695 453 12 36 i
1734 453 85 36 stad
1847 453 70 36 och
1942 452 176 36 domaren

519 516 20 33 å
566 511 128 37 landet
727 511 180 37 aflemnas.

656 563 15 36 I
699 563 176 36 händelse
905 560 269 50 förmyndaren
1202 560 93 36 låter
1322 560 147 35 komma
1497 559 55 48 sig
1580 558 57 36 till
1664 558 71 35 last
1762 555 258 37 försummelse
2037 554 82 36 här-

519 617 164 44 utinnan,
712 628 86 35 eger
826 614 223 42 domstolen,
1078 616 45 45 på
1152 612 170 37 anmälan
1351 609 36 38 af
1413 610 96 49 gode
1539 617 169 37 männen,
1737 608 63 36 vid
1828 608 75 35 vite
1931 606 188 49 förelägga

519 669 136 35 honom
685 668 73 36 viss
786 666 56 37 tid
870 664 57 38 för
956 665 82 37 dess
1065 663 271 49 fullgörande;»
1365 668 95 31 samt

660 773 57 34 3:0o
756 769 39 37 af
825 769 97 37 Herr
945 769 93 36 Pehr
1065 767 175 37 Pehrsson
1281 764 208 49 (motionen
1530 764 67 37 N:o
1628 760 99 48 175),
1756 767 65 40 att,
1849 761 83 37 med
1961 760 158 48 ändring

521 823 39 36 af
583 826 22 33 4
633 821 19 47 $
680 824 11 33 i
718 822 132 46 Kongl.
891 820 279 47 Förordningen
1205 818 72 35 den
1305 820 47 33 24
1379 816 219 48 September
1629 816 105 41 1861,
1761 813 213 46 Riksdagen
2003 815 114 32 måtte

519 873 59 37 för
604 874 58 36 sin
690 872 61 37 del
777 872 163 37 besluta:

653 930 81 38 vatt,
776 923 47 37 då
851 922 179 50 omyndig
1063 934 136 35 person
1226 919 63 38 vid
1317 916 386 52 omyndigblifvandet
1730 916 169 36 befinnes
1928 913 114 37 sakna
2070 913 49 35 all

520 977 167 48 tillgång,
715 974 267 50 förmyndaren
1009 976 61 33 må
1097 976 40 33 så
1163 973 109 47 länge
1301 971 103 36 detta
1430 968 233 38 förhållande
1690 966 135 37 fortfar
1840 965 116 37 varda
1971 963 147 37 befriad

520 1028 95 36 ifrån
655 1027 260 50 skyldigheten
948 1030 55 32 att
1031 1025 138 47 årligen
1197 1028 176 44 upprätta
1402 1021 46 36 de
1476 1022 10 34 i
1515 1018 18 49 $
1562 1022 22 33 4
1612 1019 39 37 af
1675 1019 133 48 Kongl.
1839 1015 281 48 Förordningen

521 1081 71 35 den
621 1082 45 34 24
693 1079 217 49 September
941 1079 90 35 1861
1063 1075 216 37 föreskrifna
1306 1074 198 47 räkningar
1531 1077 94 30 samt
1652 1070 93 36 först
1773 1069 62 36 vid
1858 1067 262 50 myndlingens

521 1130 344 51 myndigblifvande
894 1143 87 23 vara
1008 1127 150 49 skyldig
1185 1132 53 31 att
1264 1125 58 37 för
1348 1123 349 50 förmynderskapet
1724 1120 201 38 redovisa.

658 1396 99 36 Herr
783 1394 97 38 Sven
910 1393 238 37 Håkanssons
1176 1390 271 48 framställning
1474 1387 167 51 grundar
1668 1387 57 48 sig
1752 1388 45 46 på
1825 1385 74 35 den
1927 1382 194 38 förutsätt-

523 1448 100 48 ning,
653 1453 55 31 att
735 1460 45 23 en
808 1445 239 50 förmyndare
1075 1443 103 36 alltid
1206 1442 119 36 skulle
1353 1440 109 37 hafva
1488 1440 113 48 laglig
1628 1437 214 50 skyldighet
1870 1441 55 31 att
1952 1434 170 37 redovisa

522 1513 66 23 sex
616 1504 151 43 procent
795 1497 93 48 årlig
914 1501 106 31 ränta
1048 1499 20 32 å
1097 1493 73 37 den
1200 1493 219 48 omyndiges
1447 1491 129 37 medel.
1631 1489 113 36 Detta
1772 1496 41 28 är
1840 1487 95 36 dock
1951 1486 80 36 icke
2047 1484 72 37 för-

522 1549 203 38 hållandet.
778 1548 125 37 Jemte-
948 1547 62 36 det
1040 1548 44 34 22
1113 1546 83 48 kap.
1234 1548 17 33 1
1282 1541 18 49 $
1329 1542 283 38 Ärfda-balken
1646 1540 203 36 innehåller
1891 1537 73 37 den
2005 1537 116 46 regel,

523 1608 55 30 att
604 1600 238 50 förmyndare
871 1599 66 36 bör
963 1597 117 39 vårda
1108 1595 251 48 barnagodset
1386 1598 119 33 såsom
1536 1593 63 35 sitt
1628 1596 98 43 eget,
1754 1598 40 28 är
1822 1590 47 35 i5
1887 1587 18 48 $
1926 1587 40 37 af
1982 1600 139 24 samma

522 1653 140 48 kapitel
689 1650 248 44 föreskrifvet,
967 1655 54 31 att
1049 1649 70 36 han
1148 1648 93 36 skall
1256 1651 38 32 så
1311 1646 167 36 förränta
1494 1645 65 35 och
1576 1642 164 37 förkofra
1756 1640 262 49 myndlingens
2038 1638 84 36 red-

521 1704 88 36 bara
636 1703 218 50 penningar,
896 1715 79 23 som
1016 1701 84 35 bäst
1140 1699 67 36 och
1236 1698 145 36 säkrast
1409 1696 157 49 pröfvas.
1629 1693 119 37 Haäraf
1773 1699 41 29 är
1840 1692 107 42 klart,
1976 1695 54 31 att
2059 1688 63 37 det

523 1757 142 47 åligger
691 1754 242 49 förmyndare
962 1758 55 30 att
1044 1751 172 37 redovisa
1243 1753 40 33 så
1309 1756 77 29 stor
1412 1755 107 29 ränta
1545 1765 49 5 —
1621 1745 164 36 hvarken
1814 1756 79 22 mer
1921 1742 89 36 eller
2030 1741 91 35 min-

522 1807 65 37 dre
615 1827 49 4 —
693 1810 20 32 å
740 1805 260 50 myndlingens
1041 1803 216 48 penningar,
1298 1813 77 23 som
1413 1799 70 35 han
1525 1797 85 36 med
1638 1793 240 49 iakttagande
1906 1792 40 37 af
1971 1791 152 48 behörig

524 1859 172 36 omtanke
737 1857 190 47 verkligen
964 1856 142 34 kunnat
1132 1854 163 46 betinga.
1349 1851 112 36 Detta
1489 1848 345 37 öfverensstämmer
1862 1843 84 37 med
1976 1844 46 35 all
2050 1843 72 35 bil-

522 1910 117 47 lighet
679 1909 68 36 och
787 1908 166 43 rättvisa,
995 1905 249 49 synnerligast
1285 1916 79 22 som
1405 1900 277 49 förmyndaren,
1727 1897 115 46 enligt
1871 1897 45 34 23
1945 1896 81 47 kap.
2056 1890 67 48 5$

522 1960 161 38 nämnda
711 1960 96 44 balk,
835 1958 60 37 för
922 1959 67 35 sitt
1016 1958 129 47 bestyr
1173 1955 126 47 njuter
1331 1952 90 37 »den
1448 1953 63 35 lön
1539 1951 69 35 och
1634 1948 290 47 vedergällning,
1940 1958 79 24 som
2035 1944 87 36 Rät-

522 2019 62 30 ten
613 2010 149 50 pröfvar
789 2011 131 47 skälig,
949 2014 91 30 utan
1067 2008 72 35 han
1168 2007 57 47 sig
1252 2004 220 36 annorledes
1501 2002 124 47 åtnöja
1652 2001 123 35 låter.»

656 2062 53 37 På
736 2061 123 50 grund
888 2059 107 38 häraf
1018 2059 57 36 får
1103 2057 195 37 Utskottet
1325 2055 187 36 vördsamt
1540 2052 208 43 hemställa,

838 2131 56 34 1:o
922 2133 54 31 att
1016 2126 96 37 Herr
1152 2124 96 37 Sven
1276 2124 238 36 Håkanssons
1542 2120 137 46 förslag
1706 2119 78 36 icke
1813 2120 115 34 måtte
1957 2114 39 37 af
2020 2113 104 37 Riks-

923 2179 120 47 dagen
1071 2177 156 38 bifallas.

655 2266 97 37 Herr
778 2264 34 37 J.
839 2265 40 36 P.
906 2264 147 36 Nilsson
1080 2263 67 36 har
1173 2262 57 36 till
1258 2261 82 36 stöd
1367 2261 57 36 för
1451 2260 66 35 sitt
1544 2258 137 46 förslag
1713 2253 319 46 hufvudsakligen
2061 2263 63 45 an-

521 2316 86 46 fört,
635 2323 54 31 att
717 2317 45 36 de
790 2316 56 36 för
873 2314 227 39 närvarande
1128 2312 179 48 stadgade
1336 2311 203 37 kontroller
1567 2312 18 32 å
1613 2305 258 51 förmyndares
1890 2303 236 45 förvaltning
