1906 2826
309 167 18 31 6
628 166 419 37 Bevillningsutskottets
1070 166 187 32 memorial
1280 166 52 32 Nr
1355 166 52 31 36.

711 250 66 37 2:0)
811 253 209 37 förordning
1055 263 56 21 om
1140 252 135 32 ändrad
1298 252 132 37 lydelse
1453 263 46 21 av
1523 254 18 30 7
1565 250 18 37 $
1607 254 12 30 i
1642 253 132 32 förord-

667 305 133 36 ningen
843 305 67 31 den
953 306 40 30 28
1025 305 195 36 september
1252 305 83 31 1928
1368 302 56 36 (nr
1456 302 76 36 373)
1564 315 56 21 om
1648 306 125 36 statlig

665 356 171 31 inkomst-
860 356 64 31 och
946 356 374 35 förmögenhetsskatt;

710 405 65 36 3:0)
799 407 207 36 förordning
1041 417 56 21 om
1131 406 135 32 ändrad
1298 406 132 37 lydelse
1453 417 44 21 av
1522 408 18 30 8
1565 404 18 39 $
1606 408 13 30 i
1642 408 131 31 förord-

666 460 134 38 ningen
824 459 66 33 den
914 460 41 31 19
979 460 189 31 november
1192 460 83 31 1914
1300 456 56 37 (nr
1379 457 76 37 383)
1471 460 181 37 angående
1669 461 104 31 stäm-

665 513 235 37 pelavgiften;
923 512 65 32 och

709 562 66 36 4:0)
799 564 208 36 förordning
1039 573 57 21 om
1119 564 136 32 ändrad
1278 564 133 37 lydelse
1434 574 45 21 av
1504 565 18 30 3
1547 561 18 37 $
1589 566 18 29 2
1630 575 105 21 mom.
1759 566 14 30 i

665 615 253 37 förordningen
952 615 66 31 den
1043 615 18 31 6
1085 616 190 31 november
1303 616 83 30 1908
1411 613 57 36 (nr
1491 613 76 36 129)
1590 616 181 36 angående

664 676 44 22 en
742 667 153 31 särskild
930 666 268 37 stämpelavgift
1225 667 62 31 vid
1315 667 68 36 köp
1413 667 64 31 och
1500 667 81 37 byte
1605 677 45 22 av
1673 667 99 32 fond-

664 729 140 28 papper.

306 824 204 33 Stockholm
533 823 67 32 den
624 824 18 31 3
666 824 81 36 juni
770 824 94 31 1929.

684 926 52 32 På
759 927 410 35 bevillningsutskottets
1193 929 152 34 vägnar:

851 1030 99 33 JOH.
974 1030 204 33 NILSSON.

264 1334 198 26 Närvarande:
481 1334 99 24 herrar
605 1334 96 24 Johan
730 1333 110 24 Nilsson
860 1334 9 23 i
888 1333 196 29 Kristianstad,
1111 1334 115 28 Boman,
1250 1333 133 30 Leander,
1403 1334 162 31 Björnsson,
1585 1334 158 25 Johansson
1762 1334 9 24 i

480 1376 162 30 Arkösund,
662 1377 157 31 Bengtsson
838 1377 9 23 i
861 1377 109 28 Kullen,
985 1377 135 30 Lövgren,
1135 1377 100 25 Olsson
1248 1378 9 23 i
1271 1377 155 29 Golvvasta,
1441 1378 164 30 Björklund,
1621 1378 152 31 Nylander,

481 1421 100 24 Olsson
595 1421 10 24 i
618 1420 93 30 Gävle,
733 1420 68 24 Paul
825 1421 160 31 Magnuson,
1007 1420 160 32 Forssberg,
1181 1416 148 37 Östergren
1343 1421 52 24 och
1408 1422 162 24 Johansson
1583 1422 9 23 i
1606 1422 164 32 Krogstorp.

567 2535 407 46 Stockholm;
762 2531 86 65 Isaa&
867 2535 107 46 Marcus
995 2535 471 49 Böktryckeri-Aktiebolag,
1391 2531 78 65 1929.
