2192 2628
686 169 344 33 Jordbruksutskottets
1053 168 166 33 utlåtande
1241 168 48 31 Nr
1313 169 51 31 62.
1766 165 19 31 3

226 250 252 37 förhållandet
519 255 54 31 ett
615 255 126 31 annat.
799 247 131 38 Staten
972 247 172 38 behövde
1186 246 82 37 icke
1309 246 72 37 och
1415 245 116 38 borde
1559 244 34 49 ej
1623 244 117 37 heller
1773 244 57 36 för

227 302 82 37 sina
341 300 387 51 skogsvårdsarbeten
763 306 91 43 taga
886 300 12 36 i
918 300 167 50 anspråk
1117 301 118 46 något
1262 312 46 22 av
1345 296 485 51 skogsvårdsstyrelsernas

227 354 135 47 medel,
403 354 131 37 oaktat
561 359 124 31 staten
714 353 125 37 erlade
868 350 370 50 skogsvårdsavgitt.
1293 348 217 50 Utgåendet
1539 362 46 23 av
1614 348 124 36 denna
1767 361 63 22 av-

227 406 73 48 gift
340 406 82 36 från
464 411 142 31 statens
636 405 142 49 skogar
805 417 90 24 vore
931 403 192 49 nämligen
1152 401 119 49 enligt
1298 401 244 43 kommitténs
1580 398 169 50 mening"
1777 405 55 31 att

226 458 173 37 betrakta
441 471 80 24 som
564 470 45 24 en
654 458 108 45 form,
791 456 80 36 vari
900 460 124 33 staten
1052 453 177 38 lämnade
1257 452 207 38 understöd
1492 455 37 34 åt
1557 452 73 36 den
1659 451 169 37 enskilda

228 510 268 49 skogsvården.

357 614 193 37 Utskottet
600 614 68 35 har
721 612 124 36 funnit
895 611 259 37 motionärens
1206 608 283 48 framställning
1537 606 292 38 beaktansvärd.

230 666 153 37 Samma
424 665 235 51 synpunkter
700 678 82 23 som
825 664 46 36 de
913 676 45 23 av
1000 662 235 37 motionären
1277 659 214 50 åberopade
1528 660 100 35 hava
1661 664 94 31 även
1783 680 50 4 —

229 719 118 36 ehuru
367 718 85 36 med
472 731 46 24 en
537 716 275 38 vidsträcktare
831 715 246 50 tillämpning
1092 736 50 5 —
1158 713 196 37 framförts
1370 725 45 24 av
1432 710 401 51 skogslagstiftnings-

229 770 235 36 kommittén.
520 770 57 36 Då
618 769 186 36 utskottet
841 766 209 38 emellertid
1089 778 121 34 anser,
1250 769 53 32 att
1332 764 62 36 det
1423 763 145 49 förslag
1595 763 58 36 till
1681 762 152 37 föränd-

228 822 90 36 rade
359 821 284 38 bestämmelser
679 821 12 35 i
733 833 51 23 nu
825 818 290 50 ifrågavarande
1145 815 197 47 avseende,
1372 828 80 24 som
1482 814 140 50 Kungl.
1653 814 107 49 Maj:t
1787 817 46 47 på

228 873 238 49 grundvalen
508 887 45 23 av
581 872 165 37 nämnda
775 871 217 37 kommittés
1021 869 208 49 utredning
1257 867 106 37 torde
1391 867 152 36 komma
1571 872 55 31 att
1653 866 59 37 för
1739 866 95 36 riks-

230 926 124 49 dagen
382 926 228 48 framlägga,
640 924 68 37 bör
737 923 192 46 avvaktas,
959 922 57 36 får
1044 921 188 37 utskottet
1260 919 208 47 hemställa,

762 1032 54 32 att
844 1025 248 38 förevarande
1121 1025 145 36 motion
1295 1024 58 35 för
1380 1022 235 37 närvarande
1645 1022 31 48 ej
1700 1024 59 34 må
1779 1022 56 35 till

631 1083 128 46 någon
788 1078 225 49 riksdagens
1044 1076 136 50 åtgärd
1211 1075 205 37 föranleda.

361 1185 220 37 Stockholm
613 1184 73 37 den
718 1186 46 34 23
796 1182 94 50 april
922 1183 109 35 1920.

687 1288 51 35 På
764 1284 420 51 jordbruksutskottets
1213 1289 162 43 vägnar:
1405 1294 4 4 '

790 1388 169 38 RAOUL
1002 1386 279 38 HAMILTON.

435 1650 219 28 Närvarande:
673 1649 55 26 Hrr
755 1657 82 26 greve
866 1647 154 31 Hamilton,
1049 1646 132 27 Ericsson
1210 1645 89 35 Aaby,
1324 1644 94 29 Norin,
1439 1644 164 36 Ingeström,
1622 1652 84 25 greve
1727 1641 113 28 Wacht-

668 1693 121 30 meister,
817 1690 152 35 Lindskog,
997 1684 102 41 Öberg,
1129 1688 103 27 Olsson
1260 1690 10 24 i
1293 1688 132 35 Broberg,
1453 1687 161 27 Johansson
1642 1686 10 27 i
1670 1685 168 37 Uppmälby,

672 1735 174 31 Lundström,
866 1734 155 29 Sävström,
1036 1732 133 34 Dalberg,
1183 1732 164 27 Andersson
1360 1730 67 28 Karl
1441 1730 138 30 Andreas,
1592 1730 162 27 Pettersson
1767 1729 72 30 Ivar,

671 1778 143 36 Flognfält
833 1777 51 28 och
904 1777 131 27 Ericsson
1055 1776 7 26 i
1083 1775 122 35 Arboga.
