2265 2717
688 174 86 41 Lag-
784 172 174 34 Utskottets
989 169 170 35 Utlåtande
1184 168 63 33 N:o
1271 170 40 30 14
1724 165 40 31 23

204 262 60 32 har
293 260 34 32 af
352 259 110 33 Andra
488 258 198 33 Kammaren
713 255 111 33 blifvit
850 254 52 33 till
930 252 274 41 Lag-Utskottets
1230 248 202 40 behandling
1452 245 232 35 öfverlemnad.
1731 244 75 32 Men

206 315 79 30 enär
320 311 62 33 den
411 309 139 34 sålunda
576 309 120 33 väckta
722 306 116 42 frågan
867 306 71 31 icke
973 308 35 28 är
1042 306 49 30 att
1116 301 139 33 hänföra
1282 300 51 32 till
1363 299 120 32 allmän
1512 297 99 42 civil-,
1640 295 168 33 kriminal-

207 363 81 33 eller
316 362 171 42 kyrkolag,
504 363 86 31 samt
604 360 62 33 den
682 357 256 41 omständighet,
961 358 58 39 att,
1045 354 134 42 jemlikt
1207 352 62 33 den
1296 351 11 32 i
1334 350 39 33 57
1402 352 18 39 &
1448 346 320 44 Regeringsformen,
1798 346 11 32 i

208 413 235 40 sammanhang
471 412 76 33 med
572 411 117 40 frågan
718 420 51 22 om
798 408 195 40 utöfningen
1022 405 33 33 af
1080 404 163 34 särskilda
1258 402 223 41 menigheters
1494 400 314 41 beskattningsrätt,

211 464 191 34 meddelade
442 462 244 41 bestämmelse,
729 459 327 40 kommunallagarne
1091 455 34 34 af
1162 455 184 40 Konungen
1375 452 60 34 och
1461 451 190 41 Riksdagen
1680 458 129 33 gemen-

210 519 84 30 samt
335 515 120 42 stiftas,
497 515 73 31 icke
605 512 314 42 grundlagsenligen
952 508 187 34 föranleder
1166 506 122 40 dertill,
1319 508 49 29 att
1393 503 111 41 frågor
1532 513 50 22 om
1611 501 141 40 ändring
1779 499 34 33 af

209 566 204 35 sistnämnda
452 566 94 40 lagar
586 564 94 33 skola
718 562 180 34 behandlas
933 559 33 34 af
996 558 270 42 Lag-Utskottet,
1294 556 97 33 hvars
1430 552 221 41 verksamhet,
1680 550 131 35 utöfver

208 618 85 35 hvad
333 618 41 34 53
415 619 18 39 8
474 614 312 43 Regeringsformen
822 612 60 34 och
921 612 41 32 42
990 613 18 39 8
1037 607 362 43 Riksdags-ordningen
1427 605 110 33 derom
1566 601 179 43 innehålla,
1774 605 36 29 är

210 670 177 33 inskränkt
426 668 52 33 till
520 667 56 32 det
608 666 68 42 fall,
714 669 49 29 att
789 664 184 40 Konungen
1000 662 58 32 vill
1087 660 34 33 åt
1147 659 190 41 Riksdagen
1365 656 210 41 öfverlemna,
1606 657 49 30 att
1682 663 129 32 gemen-

211 724 86 30 samt
336 719 73 33 med
450 719 119 33 honom
598 717 102 41 något
740 715 123 41 afgöra,
901 724 68 23 som
997 713 116 32 Rikets
1142 711 166 32 allmänna
1336 708 137 42 styrelse
1501 710 100 38 rörer,
1630 703 182 35 föranlåtes

211 771 174 34 Utskottet
412 773 50 31 att
488 769 52 33 till
568 768 196 33 Kammaren
793 766 181 33 återlemna
1001 762 215 35 omförmälda
1243 760 143 41 motion;

413 821 130 34 hvilket
555 820 51 33 för
632 818 190 42 Riksdagen
850 816 169 35 vördsamt
1045 811 280 43 tillkännagifves.

316 923 191 34 Stockholm
536 921 62 33 den
625 922 19 31 4
672 920 158 33 Februari
860 918 88 33 1867.

891 1016 76 39 Eric
994 1015 134 50 Sparre,

822 1075 172 41 Utskottets
1017 1077 187 38 ordförande.

820 1377 394 51 Reservationer:

322 1490 33 33 af
385 1490 124 32 Herrar
536 1486 192 40 Hasselrot,
759 1484 199 47 Rosenberg
988 1483 66 43 och
1078 1479 214 50 Rosenqvist,
1320 1478 113 32 hvilka
1461 1475 140 41 åberopa
1629 1473 62 33 den
1718 1481 102 23 reser-

224 1543 119 41 vation,
374 1551 68 23 som
470 1544 36 29 är
533 1538 153 41 vidfogad
714 1537 189 32 Utskottets
932 1532 179 35 Utlåtande
1137 1531 63 33 N:o
1229 1532 37 41 8;

323 1592 33 33 af
381 1592 85 33 Herr
494 1589 208 48 Holmberg;

324 1643 33 32 af
393 1643 86 32 Herr
520 1641 189 39 Beckman,
753 1649 67 22 som
863 1638 158 39 åberopar
1055 1636 48 31 sin
1138 1636 87 29 emot
1257 1630 195 34 Utlåtandet
1485 1628 61 32 N:o
1577 1628 36 31 12
1641 1625 179 33 aflemnade

223 1694 218 42 reservation;

327 1745 33 32 af
385 1745 122 32 Herrar
536 1742 184 42 Lemchen,
752 1739 112 36 Bovin
893 1738 60 33 och
981 1736 121 36 Bälter
1129 1734 92 37 Sven
1250 1733 141 35 Ersson.
