2206 2642
720 177 272 32 Bankoutskottets
1017 180 160 31 utlätande
1202 181 50 30 Nr
1277 182 50 30 51.
1745 187 18 26 3

208 250 120 47 sagdu
356 251 259 50 obligationer,
643 254 96 37 dock
769 255 117 37 under
915 256 136 37 villkor
1080 262 66 42 att,
1168 271 60 23 om
1252 259 155 37 kassans
1428 262 218 46 grundfond
1667 275 137 35 genom

209 304 45 46 på
296 302 158 37 kassans
495 305 139 36 rörelse
676 306 219 48 uppkomna
937 308 176 37 förluster
1155 310 120 37 skulle
1316 312 123 47 nedgå
1476 313 55 35 till
1577 315 229 46 26,000,000

208 353 147 48 kronor,
398 355 139 36 kassan
579 357 81 36 icke
702 358 97 47 ägde
828 365 168 42 upptaga
1024 367 84 42 nytt
1137 362 74 45 lån,
1242 362 84 36 med
1357 364 142 35 mindre
1527 365 204 47 riksdagen
1759 380 45 34 på

210 404 137 49 Kungl.
378 405 127 48 Maj:ts
535 408 282 49 framställning
844 410 134 37 sådant
1006 412 198 48 medgåve.

336 457 237 38 Beträffande
602 459 46 36 de
667 460 94 47 skäl,
783 473 78 23 som
881 462 90 48 lågo
991 463 56 35 till
1067 464 123 47 grund
1213 465 58 35 för
1291 465 246 37 förenämuda
1557 469 247 46 proposition,

204 512 178 31 ävensom
413 508 230 37 beträffande
673 511 72 36 den
774 513 216 47 utredning,
1019 527 80 22 som
1126 515 10 35 i
1157 516 154 35 ärendet
1340 517 222 47 förebragts,
1584 519 137 36 tillåter
1736 520 70 47 Jag

205 559 79 46 mig
312 559 157 36 hänvisa
497 560 57 36 till
583 561 61 36 det
672 562 62 35 vid
764 564 282 47 propositionen
1068 565 139 47 fogade
1227 567 176 47 ntdraget
1423 582 44 21 av
1490 570 313 47 statsrådsproto-

205 609 114 36 kollet
347 615 89 31 över
463 611 300 38 finansärenden.

333 660 124 37 Sedan
500 662 205 50 riksdagen
748 664 163 38 därefter
940 667 10 34 i
979 667 181 37 skrivelse
1203 669 71 35 den
1319 672 44 34 21
1397 671 71 47 maj
1503 673 109 44 1909,
1644 685 44 22 ur
1716 675 86 44 248,

202 712 153 47 anmält,
400 719 53 30 att
495 714 205 50 riksdagen
730 738 48 4 —
808 717 159 37 allenast
1008 719 84 36 med
1130 733 46 23 en
1205 720 59 36 del
1293 727 142 31 smärre
1460 722 246 50 jämkningar
1733 725 68 35 och

202 764 310 49 förtydliganden
540 766 12 36 i
582 767 442 51 författningsförslagen
1052 792 49 4 —
1131 771 136 37 bifallit
1309 773 140 49 Kungl.
1493 775 125 47 Maj:ts
1659 776 141 47 ifråga-

203 815 162 37 varande
406 818 246 47 proposition,
695 820 198 36 utfärdade
934 821 141 49 Kungl.
1120 823 106 48 Maj:t
1264 824 71 37 den
1366 827 20 33 5
1409 826 86 47 juni
1527 827 95 35 1909
1653 827 147 36 författ-

200 867 136 48 ningar
364 868 12 35 i
404 874 139 40 ämnet,
573 871 163 36 varefter
764 872 370 48 riksgäldskontoret
1161 874 11 35 i
1201 878 375 35 överensstämmelse
1603 879 83 35 med
1707 878 93 36 riks-

199 918 145 48 dagens
373 919 122 36 beslut
524 920 55 35 till
608 921 139 36 kassan
775 925 124 34 såsom
929 924 85 36 dess
1042 926 220 46 grundfond
1287 928 264 36 överlämnade
1571 931 229 44 30,000,000

202 969 138 37 kronor
368 970 11 35 i
408 976 143 31 statens
580 979 55 29 tre
663 973 71 36 och
763 987 45 23 en
837 974 89 36 halv
953 983 155 40 procent
1136 977 260 48 obligationer.

328 1022 15 35 I
386 1022 109 48 fråga
537 1036 60 23 om
644 1024 349 49 hypotekskassans
1035 1027 184 48 ändamål,
1262 1030 217 48 grundfond
1522 1039 95 29 samt
1660 1033 140 36 rörelse

196 1073 120 46 gäller
344 1074 11 35 i
384 1074 198 37 huvudsak
611 1075 174 49 följande.

326 1125 148 36 Kassan
502 1126 70 36 har
600 1127 56 36 till
684 1128 174 37 ändamål
892 1136 54 30 att
975 1131 104 37 driva
1108 1132 224 38 lånerörelse
1360 1135 11 35 i
1401 1135 170 48 enlighet
1599 1137 84 36 med
1713 1137 46 36 de
1788 1138 9 34 i

196 1176 275 49 förordningen
505 1180 196 44 angående
730 1180 283 50 konungariket
1042 1183 177 49 Sveriges
1249 1185 405 50 stadshypotekskassa
1681 1189 116 47 givna

196 1227 291 38 bestämmelser.
545 1230 339 49 Hypotekskassan
926 1237 59 33 må
1028 1235 168 37 utlämna
1238 1237 62 35 lån
1341 1238 158 36 allenast
1528 1242 37 33 åt
1593 1235 205 58 hypoteks-

195 1279 220 49 föreningar
448 1294 45 22 av
527 1281 319 51 fastighetsägare
873 1286 11 35 i
913 1286 115 37 rikets
1059 1287 125 36 städer
1212 1288 71 36 och
1312 1289 85 36 med
1426 1290 123 37 städer
1572 1291 225 49 jämförliga

192 1331 217 37 samhällen.

324 1381 131 39 Staten
483 1384 200 49 tillskjuter
710 1387 221 47 grundfond
960 1389 58 36 för
1037 1391 341 48 hypotekskassan.
1435 1393 132 37 Denna
1589 1394 92 36 fond
1701 1395 95 35 skall

193 1439 137 43 utgöra
366 1435 127 36 trettio
533 1436 173 49 miljoner
740 1438 137 37 kronor
905 1441 70 35 och
1004 1441 134 37 fortfar
1167 1448 55 30 att
1249 1443 150 37 tillhöra
1427 1449 134 44 staten,
1587 1459 81 23 som
1698 1447 97 36 dock

193 1486 33 48 ej
257 1491 93 43 äger
378 1486 57 37 för
464 1494 114 30 annat
613 1489 174 37 ändamål
816 1490 202 49 disponera
1047 1499 90 31 över
1165 1494 232 49 densamma,
1427 1499 40 33 så
1495 1497 112 49 länge
1637 1498 158 37 kassans

192 1537 72 36 alla
306 1538 250 37 förbindelser
599 1540 83 37 icke
724 1547 64 31 äro
830 1543 215 49 fullgjorda.
1103 1545 276 38 Grundfonden
1420 1548 75 36 kan
1533 1549 92 37 ökas
1653 1563 139 35 genom

190 1589 228 48 ytterligare
460 1591 162 37 tillskott
663 1606 46 23 av
752 1600 120 31 staten
915 1596 90 36 eller
1042 1610 138 36 genom
1210 1599 246 37 överförande
1485 1613 47 24 av
1560 1602 121 36 medel
1710 1602 83 37 från

190 1642 280 36 reservfonden.
502 1642 277 40 Grundfonden
799 1647 235 37 överlämnas
1053 1662 140 35 genom
1213 1650 367 49 riksgäldskontoret
1598 1653 12 36 i
1630 1654 162 36 svenska

190 1698 145 31 statens
376 1699 57 31 tre
476 1694 69 36 och
588 1708 45 23 en
675 1696 88 36 halv
804 1704 157 43 procent
989 1700 266 49 obligationer,
1284 1703 264 48 ouppsägbara
1576 1705 84 36 från
1688 1706 105 36 inne-

189 1745 185 36 havarens
403 1745 90 37 sida.
551 1745 503 54 Grundfondsobligationer
1083 1755 71 41 må,
1180 1759 91 30 utan
1293 1754 227 49 föregående
1540 1757 251 48 medgivande

189 1808 46 24 av
275 1796 380 50 riksgäldskontoret,
700 1806 110 43 tagas
839 1802 12 35 i
879 1803 164 49 anspråk
1085 1805 79 35 dels
1206 1805 84 37 med
1332 1806 115 49 högst
1487 1820 45 23 en
1574 1809 143 36 tiondel
1746 1822 45 23 av

187 1847 289 48 grundfondens
505 1849 136 50 belopp
670 1852 57 36 till
756 1853 177 49 utlåning
960 1858 38 33 åt
1026 1855 472 51 hypoteksföreningarna,
1528 1859 80 37 dels
1636 1861 69 36 ock
1735 1861 55 36 till

188 1899 238 48 fullgörande
462 1914 46 23 av
542 1901 158 39 kassans
730 1904 257 49 förbindelser,
1018 1908 102 36 såväl
1148 1908 48 36 då
1224 1909 123 36 denna
1377 1912 57 34 för
1462 1911 163 37 tillfället
1653 1912 137 37 saknar

186 1964 98 35 egna
304 1952 243 38 användbara
567 1954 118 37 medel
707 1955 125 37 därtill
848 1970 81 24 som
946 1959 71 36 ock
1037 1982 41 3 —
1098 1959 95 37 dock
1213 1961 86 36 med
1313 1961 77 37 viss
1408 1962 65 36 här
1487 1963 121 37 nedan
1625 1964 164 49 angiven

185 2002 263 51 begränsning
466 2026 51 5 —
537 2006 63 36 vid
628 2006 161 38 kassans
817 2009 235 38 likvidation.
1110 2012 15 35 I
1159 2013 105 47 varje
1295 2013 76 48 fall,
1388 2014 46 36 då
1453 2011 336 57 grundfondsobli-

184 2055 176 47 gationer
389 2055 108 37 blivit
525 2059 186 48 använda,
740 2060 95 36 skall
864 2062 275 37 underrättelse
1168 2064 128 36 därom
1325 2071 135 42 genast
1479 2067 191 37 meddelas
1690 2068 98 36 riks-

183 2106 300 48 gäldskontoret.
541 2109 57 36 Då
635 2111 496 51 grundfondsobligationer
1160 2129 47 23 av
1235 2116 139 37 kassan
1402 2117 115 49 tagits
1545 2119 11 35 i
1585 2119 164 50 anspråk
1776 2121 12 34 i

184 2163 116 31 annat
341 2159 66 36 fall
449 2164 48 31 än
538 2161 63 36 vid
631 2162 158 37 kassans
817 2164 235 49 likvidation,
1082 2167 94 36 skall
1204 2167 138 37 kassan
1370 2174 178 44 gottgöra
1577 2177 125 30 staten
1731 2177 56 31 tre

185 2209 69 36 och
284 2223 45 23 en
358 2211 88 36 halv
474 2220 157 40 procent
660 2214 97 49 årlig
784 2221 106 31 ränta
919 2220 47 46 på
995 2218 72 36 den
1096 2219 60 36 del
1186 2233 45 22 av
1259 2221 279 48 grundfonden,
1569 2235 81 25 som
1678 2223 110 36 blivit
