<?xml version="1.0" encoding="UTF-8"?>
<alto xmlns="http://www.loc.gov/standards/alto/ns-v3#" xmlns:xlink="http://www.w3.org/1999/xlink" xmlns:xsi="http://www.w3.org/2001/XMLSchema-instance" xsi:schemaLocation="http://www.loc.gov/standards/alto/ns-v3# http://www.loc.gov/alto/v3/alto-3-0.xsd">
	<Description>
		<MeasurementUnit>pixel</MeasurementUnit>
		<sourceImageInformation>
			<fileName>/tmp/tess_9sc7wyb8_input.PNG</fileName>
		</sourceImageInformation>
		<OCRProcessing ID="OCR_0">
			<ocrProcessingStep>
				<processingSoftware>
					<softwareName>tesseract 5.3.0</softwareName>
				</processingSoftware>
			</ocrProcessingStep>
		</OCRProcessing>
	</Description>
	<Layout>
		<Page WIDTH="1878" HEIGHT="2850" PHYSICAL_IMG_NR="0" ID="page_0">
			<PrintSpace HPOS="0" VPOS="0" WIDTH="1878" HEIGHT="2850">
				<ComposedBlock ID="cblock_0" HPOS="510" VPOS="150" WIDTH="1035" HEIGHT="34">
					<TextBlock ID="block_0" HPOS="510" VPOS="150" WIDTH="1035" HEIGHT="34">
						<TextLine ID="line_0" HPOS="510" VPOS="150" WIDTH="1035" HEIGHT="34">
							<String ID="string_0" HPOS="510" VPOS="153" WIDTH="251" HEIGHT="31" WC="0.91" CONTENT="Statsutskottets"/><SP WIDTH="19" VPOS="153" HPOS="761"/>
							<String ID="string_1" HPOS="780" VPOS="153" WIDTH="160" HEIGHT="29" WC="0.95" CONTENT="utlåtande"/><SP WIDTH="20" VPOS="153" HPOS="940"/>
							<String ID="string_2" HPOS="960" VPOS="153" WIDTH="43" HEIGHT="29" WC="0.96" CONTENT="Nr"/><SP WIDTH="21" VPOS="153" HPOS="1003"/>
							<String ID="string_3" HPOS="1024" VPOS="153" WIDTH="65" HEIGHT="29" WC="0.96" CONTENT="169."/><SP WIDTH="437" VPOS="153" HPOS="1089"/>
							<String ID="string_4" HPOS="1526" VPOS="150" WIDTH="19" HEIGHT="30" WC="0.96" CONTENT="5"/>
						</TextLine>
					</TextBlock>
				</ComposedBlock>
				<ComposedBlock ID="cblock_1" HPOS="58" VPOS="229" WIDTH="1492" HEIGHT="849">
					<TextBlock ID="block_1" HPOS="58" VPOS="229" WIDTH="1489" HEIGHT="198">
						<TextLine ID="line_1" HPOS="59" VPOS="229" WIDTH="1486" HEIGHT="46">
							<String ID="string_5" HPOS="59" VPOS="235" WIDTH="52" HEIGHT="40" WC="0.96" CONTENT="sig"/><SP WIDTH="17" VPOS="235" HPOS="111"/>
							<String ID="string_6" HPOS="128" VPOS="234" WIDTH="158" HEIGHT="40" WC="0.96" CONTENT="gällande"/><SP WIDTH="16" VPOS="234" HPOS="286"/>
							<String ID="string_7" HPOS="302" VPOS="235" WIDTH="66" HEIGHT="30" WC="0.97" CONTENT="och"/><SP WIDTH="19" VPOS="235" HPOS="368"/>
							<String ID="string_8" HPOS="387" VPOS="244" WIDTH="75" HEIGHT="21" WC="0.96" CONTENT="som"/><SP WIDTH="16" VPOS="244" HPOS="462"/>
							<String ID="string_9" HPOS="478" VPOS="234" WIDTH="100" HEIGHT="31" WC="0.95" CONTENT="ledde"/><SP WIDTH="17" VPOS="234" HPOS="578"/>
							<String ID="string_10" HPOS="595" VPOS="234" WIDTH="51" HEIGHT="30" WC="0.95" CONTENT="till"/><SP WIDTH="18" VPOS="234" HPOS="646"/>
							<String ID="string_11" HPOS="664" VPOS="234" WIDTH="112" HEIGHT="31" WC="0.96" CONTENT="beslut"/><SP WIDTH="15" VPOS="234" HPOS="776"/>
							<String ID="string_12" HPOS="791" VPOS="243" WIDTH="59" HEIGHT="22" WC="0.96" CONTENT="om"/><SP WIDTH="18" VPOS="243" HPOS="850"/>
							<String ID="string_13" HPOS="868" VPOS="233" WIDTH="100" HEIGHT="31" WC="0.96" CONTENT="dessa"/><SP WIDTH="16" VPOS="233" HPOS="968"/>
							<String ID="string_14" HPOS="984" VPOS="232" WIDTH="168" HEIGHT="32" WC="0.94" CONTENT="förbands"/><SP WIDTH="17" VPOS="232" HPOS="1152"/>
							<String ID="string_15" HPOS="1169" VPOS="230" WIDTH="218" HEIGHT="40" WC="0.96" CONTENT="indragning,"/><SP WIDTH="19" VPOS="230" HPOS="1387"/>
							<String ID="string_16" HPOS="1406" VPOS="231" WIDTH="39" HEIGHT="30" WC="0.93" CONTENT="är"/><SP WIDTH="17" VPOS="231" HPOS="1445"/>
							<String ID="string_17" HPOS="1462" VPOS="229" WIDTH="83" HEIGHT="31" WC="0.92" CONTENT="fort-"/>
						</TextLine>
						<TextLine ID="line_2" HPOS="58" VPOS="282" WIDTH="1489" HEIGHT="44">
							<String ID="string_18" HPOS="58" VPOS="288" WIDTH="147" HEIGHT="31" WC="0.96" CONTENT="farande"/><SP WIDTH="25" VPOS="288" HPOS="205"/>
							<String ID="string_19" HPOS="230" VPOS="288" WIDTH="255" HEIGHT="31" WC="0.96" CONTENT="förhärskande"/><SP WIDTH="25" VPOS="288" HPOS="485"/>
							<String ID="string_20" HPOS="510" VPOS="288" WIDTH="108" HEIGHT="30" WC="0.95" CONTENT="bland"/><SP WIDTH="27" VPOS="288" HPOS="618"/>
							<String ID="string_21" HPOS="645" VPOS="288" WIDTH="43" HEIGHT="30" WC="0.96" CONTENT="de"/><SP WIDTH="25" VPOS="288" HPOS="688"/>
							<String ID="string_22" HPOS="713" VPOS="287" WIDTH="144" HEIGHT="31" WC="0.96" CONTENT="militärt"/><SP WIDTH="26" VPOS="287" HPOS="857"/>
							<String ID="string_23" HPOS="883" VPOS="286" WIDTH="182" HEIGHT="40" WC="0.96" CONTENT="ansvariga"/><SP WIDTH="27" VPOS="286" HPOS="1065"/>
							<String ID="string_24" HPOS="1092" VPOS="284" WIDTH="298" HEIGHT="40" WC="0.95" CONTENT="myndigheterna."/><SP WIDTH="40" VPOS="284" HPOS="1390"/>
							<String ID="string_25" HPOS="1430" VPOS="282" WIDTH="117" HEIGHT="32" WC="0.96" CONTENT="Under"/>
						</TextLine>
						<TextLine ID="line_3" HPOS="58" VPOS="336" WIDTH="1489" HEIGHT="45">
							<String ID="string_26" HPOS="58" VPOS="341" WIDTH="133" HEIGHT="32" WC="0.96" CONTENT="sådana"/><SP WIDTH="21" VPOS="341" HPOS="191"/>
							<String ID="string_27" HPOS="212" VPOS="341" WIDTH="245" HEIGHT="32" WC="0.96" CONTENT="förhållanden"/><SP WIDTH="22" VPOS="341" HPOS="457"/>
							<String ID="string_28" HPOS="479" VPOS="350" WIDTH="102" HEIGHT="22" WC="0.95" CONTENT="anser"/><SP WIDTH="24" VPOS="350" HPOS="581"/>
							<String ID="string_29" HPOS="605" VPOS="340" WIDTH="51" HEIGHT="41" WC="0.96" CONTENT="sig"/><SP WIDTH="24" VPOS="340" HPOS="656"/>
							<String ID="string_30" HPOS="680" VPOS="341" WIDTH="166" HEIGHT="30" WC="0.96" CONTENT="utskottet"/><SP WIDTH="22" VPOS="341" HPOS="846"/>
							<String ID="string_31" HPOS="868" VPOS="340" WIDTH="77" HEIGHT="31" WC="0.96" CONTENT="icke"/><SP WIDTH="23" VPOS="340" HPOS="945"/>
							<String ID="string_32" HPOS="968" VPOS="341" WIDTH="120" HEIGHT="30" WC="0.95" CONTENT="kunna"/><SP WIDTH="24" VPOS="341" HPOS="1088"/>
							<String ID="string_33" HPOS="1112" VPOS="339" WIDTH="171" HEIGHT="39" WC="0.96" CONTENT="tillstyrka"/><SP WIDTH="23" VPOS="339" HPOS="1283"/>
							<String ID="string_34" HPOS="1306" VPOS="337" WIDTH="101" HEIGHT="32" WC="0.96" CONTENT="bifall"/><SP WIDTH="22" VPOS="337" HPOS="1407"/>
							<String ID="string_35" HPOS="1429" VPOS="337" WIDTH="51" HEIGHT="31" WC="0.95" CONTENT="till"/><SP WIDTH="24" VPOS="337" HPOS="1480"/>
							<String ID="string_36" HPOS="1504" VPOS="336" WIDTH="43" HEIGHT="30" WC="0.94" CONTENT="de"/>
						</TextLine>
						<TextLine ID="line_4" HPOS="59" VPOS="396" WIDTH="371" HEIGHT="31">
							<String ID="string_37" HPOS="59" VPOS="396" WIDTH="125" HEIGHT="31" WC="0.96" CONTENT="väckta"/><SP WIDTH="18" VPOS="396" HPOS="184"/>
							<String ID="string_38" HPOS="202" VPOS="396" WIDTH="228" HEIGHT="31" WC="0.96" CONTENT="motionerna."/>
						</TextLine>
					</TextBlock>
					<TextBlock ID="block_2" HPOS="59" VPOS="443" WIDTH="1490" HEIGHT="423">
						<TextLine ID="line_5" HPOS="105" VPOS="443" WIDTH="1442" HEIGHT="45">
							<String ID="string_39" HPOS="105" VPOS="448" WIDTH="53" HEIGHT="33" WC="0.96" CONTENT="Då"/><SP WIDTH="17" VPOS="448" HPOS="158"/>
							<String ID="string_40" HPOS="175" VPOS="450" WIDTH="166" HEIGHT="31" WC="0.96" CONTENT="utskottet"/><SP WIDTH="19" VPOS="450" HPOS="341"/>
							<String ID="string_41" HPOS="360" VPOS="449" WIDTH="219" HEIGHT="39" WC="0.96" CONTENT="följaktligen"/><SP WIDTH="19" VPOS="449" HPOS="579"/>
							<String ID="string_42" HPOS="598" VPOS="448" WIDTH="116" HEIGHT="31" WC="0.96" CONTENT="finner"/><SP WIDTH="18" VPOS="448" HPOS="714"/>
							<String ID="string_43" HPOS="732" VPOS="448" WIDTH="50" HEIGHT="40" WC="0.96" CONTENT="sig"/><SP WIDTH="18" VPOS="448" HPOS="782"/>
							<String ID="string_44" HPOS="800" VPOS="448" WIDTH="86" HEIGHT="31" WC="0.93" CONTENT="böra"/><SP WIDTH="20" VPOS="448" HPOS="886"/>
							<String ID="string_45" HPOS="906" VPOS="447" WIDTH="163" HEIGHT="40" WC="0.92" CONTENT="avstyrka"/><SP WIDTH="19" VPOS="447" HPOS="1069"/>
							<String ID="string_46" HPOS="1088" VPOS="446" WIDTH="217" HEIGHT="31" WC="0.95" CONTENT="motionerna"/><SP WIDTH="18" VPOS="446" HPOS="1305"/>
							<String ID="string_47" HPOS="1323" VPOS="445" WIDTH="11" HEIGHT="31" WC="0.95" CONTENT="i"/><SP WIDTH="21" VPOS="445" HPOS="1334"/>
							<String ID="string_48" HPOS="1355" VPOS="443" WIDTH="108" HEIGHT="41" WC="0.96" CONTENT="fråga,"/><SP WIDTH="20" VPOS="443" HPOS="1463"/>
							<String ID="string_49" HPOS="1483" VPOS="444" WIDTH="64" HEIGHT="30" WC="0.96" CONTENT="har"/>
						</TextLine>
						<TextLine ID="line_6" HPOS="59" VPOS="497" WIDTH="1488" HEIGHT="41">
							<String ID="string_50" HPOS="59" VPOS="504" WIDTH="166" HEIGHT="30" WC="0.96" CONTENT="utskottet"/><SP WIDTH="20" VPOS="504" HPOS="225"/>
							<String ID="string_51" HPOS="245" VPOS="503" WIDTH="145" HEIGHT="31" WC="0.96" CONTENT="därmed"/><SP WIDTH="20" VPOS="503" HPOS="390"/>
							<String ID="string_52" HPOS="410" VPOS="503" WIDTH="77" HEIGHT="30" WC="0.95" CONTENT="icke"/><SP WIDTH="20" VPOS="503" HPOS="487"/>
							<String ID="string_53" HPOS="507" VPOS="502" WIDTH="145" HEIGHT="31" WC="0.95" CONTENT="bortsett"/><SP WIDTH="21" VPOS="502" HPOS="652"/>
							<String ID="string_54" HPOS="673" VPOS="501" WIDTH="79" HEIGHT="31" WC="0.96" CONTENT="från"/><SP WIDTH="21" VPOS="501" HPOS="752"/>
							<String ID="string_55" HPOS="773" VPOS="504" WIDTH="51" HEIGHT="29" WC="0.97" CONTENT="att"/><SP WIDTH="22" VPOS="504" HPOS="824"/>
							<String ID="string_56" HPOS="846" VPOS="502" WIDTH="58" HEIGHT="30" WC="0.97" CONTENT="det"/><SP WIDTH="19" VPOS="502" HPOS="904"/>
							<String ID="string_57" HPOS="923" VPOS="501" WIDTH="71" HEIGHT="31" WC="0.93" CONTENT="kan"/><SP WIDTH="18" VPOS="501" HPOS="994"/>
							<String ID="string_58" HPOS="1012" VPOS="500" WIDTH="162" HEIGHT="32" WC="0.91" CONTENT="befinnas"/><SP WIDTH="21" VPOS="500" HPOS="1174"/>
							<String ID="string_59" HPOS="1195" VPOS="499" WIDTH="167" HEIGHT="39" WC="0.96" CONTENT="lämpligt,"/><SP WIDTH="24" VPOS="499" HPOS="1362"/>
							<String ID="string_60" HPOS="1386" VPOS="501" WIDTH="50" HEIGHT="29" WC="0.96" CONTENT="att"/><SP WIDTH="21" VPOS="501" HPOS="1436"/>
							<String ID="string_61" HPOS="1457" VPOS="497" WIDTH="90" HEIGHT="31" WC="0.96" CONTENT="vissa"/>
						</TextLine>
						<TextLine ID="line_7" HPOS="59" VPOS="552" WIDTH="1488" HEIGHT="50">
							<String ID="string_62" HPOS="59" VPOS="557" WIDTH="161" HEIGHT="41" WC="0.96" CONTENT="åtgärder"/><SP WIDTH="16" VPOS="557" HPOS="220"/>
							<String ID="string_63" HPOS="236" VPOS="558" WIDTH="157" HEIGHT="40" WC="0.96" CONTENT="vidtagas"/><SP WIDTH="18" VPOS="558" HPOS="393"/>
							<String ID="string_64" HPOS="411" VPOS="557" WIDTH="55" HEIGHT="31" WC="0.96" CONTENT="för"/><SP WIDTH="17" VPOS="557" HPOS="466"/>
							<String ID="string_65" HPOS="483" VPOS="559" WIDTH="50" HEIGHT="43" WC="0.96" CONTENT="att"/><SP WIDTH="16" VPOS="559" HPOS="533"/>
							<String ID="string_66" HPOS="549" VPOS="557" WIDTH="69" HEIGHT="31" WC="0.96" CONTENT="öka"/><SP WIDTH="16" VPOS="557" HPOS="618"/>
							<String ID="string_67" HPOS="634" VPOS="557" WIDTH="43" HEIGHT="30" WC="0.96" CONTENT="de"/><SP WIDTH="17" VPOS="557" HPOS="677"/>
							<String ID="string_68" HPOS="694" VPOS="556" WIDTH="55" HEIGHT="31" WC="0.96" CONTENT="för"/><SP WIDTH="18" VPOS="556" HPOS="749"/>
							<String ID="string_69" HPOS="767" VPOS="556" WIDTH="241" HEIGHT="40" WC="0.96" CONTENT="fästningarna"/><SP WIDTH="19" VPOS="556" HPOS="1008"/>
							<String ID="string_70" HPOS="1027" VPOS="555" WIDTH="152" HEIGHT="31" WC="0.93" CONTENT="avsedda"/><SP WIDTH="17" VPOS="555" HPOS="1179"/>
							<String ID="string_71" HPOS="1196" VPOS="552" WIDTH="351" HEIGHT="33" WC="0.90" CONTENT="landstormsförban-"/>
						</TextLine>
						<TextLine ID="line_8" HPOS="60" VPOS="598" WIDTH="1486" HEIGHT="51">
							<String ID="string_72" HPOS="60" VPOS="611" WIDTH="85" HEIGHT="31" WC="0.96" CONTENT="dens"/><SP WIDTH="22" VPOS="611" HPOS="145"/>
							<String ID="string_73" HPOS="167" VPOS="610" WIDTH="264" HEIGHT="32" WC="0.96" CONTENT="användbarhet"/><SP WIDTH="24" VPOS="610" HPOS="431"/>
							<String ID="string_74" HPOS="455" VPOS="610" WIDTH="55" HEIGHT="31" WC="0.96" CONTENT="för"/><SP WIDTH="23" VPOS="610" HPOS="510"/>
							<String ID="string_75" HPOS="533" VPOS="610" WIDTH="76" HEIGHT="31" WC="0.96" CONTENT="sina"/><SP WIDTH="23" VPOS="610" HPOS="609"/>
							<String ID="string_76" HPOS="632" VPOS="609" WIDTH="185" HEIGHT="40" WC="0.95" CONTENT="uppgifter."/><SP WIDTH="38" VPOS="609" HPOS="817"/>
							<String ID="string_77" HPOS="855" VPOS="608" WIDTH="154" HEIGHT="32" WC="0.96" CONTENT="Sålunda"/><SP WIDTH="24" VPOS="608" HPOS="1009"/>
							<String ID="string_78" HPOS="1033" VPOS="608" WIDTH="111" HEIGHT="31" WC="0.96" CONTENT="skulle"/><SP WIDTH="23" VPOS="608" HPOS="1144"/>
							<String ID="string_79" HPOS="1167" VPOS="607" WIDTH="51" HEIGHT="31" WC="0.96" CONTENT="till"/><SP WIDTH="23" VPOS="607" HPOS="1218"/>
							<String ID="string_80" HPOS="1241" VPOS="598" WIDTH="155" HEIGHT="47" WC="0.96" CONTENT="exempel"/><SP WIDTH="25" VPOS="598" HPOS="1396"/>
							<String ID="string_81" HPOS="1421" VPOS="616" WIDTH="43" HEIGHT="21" WC="0.93" CONTENT="en"/><SP WIDTH="23" VPOS="616" HPOS="1464"/>
							<String ID="string_82" HPOS="1487" VPOS="605" WIDTH="59" HEIGHT="30" WC="0.91" CONTENT="ök-"/>
						</TextLine>
						<TextLine ID="line_9" HPOS="59" VPOS="658" WIDTH="1490" HEIGHT="47">
							<String ID="string_83" HPOS="59" VPOS="664" WIDTH="85" HEIGHT="41" WC="0.96" CONTENT="ning"/><SP WIDTH="21" VPOS="664" HPOS="144"/>
							<String ID="string_84" HPOS="165" VPOS="674" WIDTH="42" HEIGHT="22" WC="0.93" CONTENT="av"/><SP WIDTH="23" VPOS="674" HPOS="207"/>
							<String ID="string_85" HPOS="230" VPOS="663" WIDTH="428" HEIGHT="33" WC="0.91" CONTENT="landstormsförbandens"/><SP WIDTH="23" VPOS="663" HPOS="658"/>
							<String ID="string_86" HPOS="681" VPOS="663" WIDTH="211" HEIGHT="31" WC="0.92" CONTENT="stridsvärde"/><SP WIDTH="22" VPOS="663" HPOS="892"/>
							<String ID="string_87" HPOS="914" VPOS="663" WIDTH="119" HEIGHT="30" WC="0.96" CONTENT="kunna"/><SP WIDTH="23" VPOS="663" HPOS="1033"/>
							<String ID="string_88" HPOS="1056" VPOS="661" WIDTH="270" HEIGHT="36" WC="0.96" CONTENT="åstadkommas,"/><SP WIDTH="26" VPOS="661" HPOS="1326"/>
							<String ID="string_89" HPOS="1352" VPOS="661" WIDTH="116" HEIGHT="30" WC="0.96" CONTENT="därest"/><SP WIDTH="23" VPOS="661" HPOS="1468"/>
							<String ID="string_90" HPOS="1491" VPOS="658" WIDTH="58" HEIGHT="32" WC="0.96" CONTENT="vid"/>
						</TextLine>
						<TextLine ID="line_10" HPOS="60" VPOS="713" WIDTH="1487" HEIGHT="45">
							<String ID="string_91" HPOS="60" VPOS="718" WIDTH="212" HEIGHT="32" WC="0.92" CONTENT="förbandens"/><SP WIDTH="19" VPOS="718" HPOS="272"/>
							<String ID="string_92" HPOS="291" VPOS="718" WIDTH="238" HEIGHT="40" WC="0.96" CONTENT="organisering"/><SP WIDTH="19" VPOS="718" HPOS="529"/>
							<String ID="string_93" HPOS="548" VPOS="717" WIDTH="197" HEIGHT="40" WC="0.96" CONTENT="ytterligare"/><SP WIDTH="20" VPOS="717" HPOS="745"/>
							<String ID="string_94" HPOS="765" VPOS="727" WIDTH="43" HEIGHT="21" WC="0.96" CONTENT="en"/><SP WIDTH="19" VPOS="727" HPOS="808"/>
							<String ID="string_95" HPOS="827" VPOS="717" WIDTH="56" HEIGHT="30" WC="0.96" CONTENT="del"/><SP WIDTH="19" VPOS="717" HPOS="883"/>
							<String ID="string_96" HPOS="902" VPOS="716" WIDTH="236" HEIGHT="39" WC="0.96" CONTENT="befattningar"/><SP WIDTH="19" VPOS="716" HPOS="1138"/>
							<String ID="string_97" HPOS="1157" VPOS="716" WIDTH="120" HEIGHT="30" WC="0.96" CONTENT="utöver"/><SP WIDTH="20" VPOS="716" HPOS="1277"/>
							<String ID="string_98" HPOS="1297" VPOS="715" WIDTH="67" HEIGHT="30" WC="0.96" CONTENT="vad"/><SP WIDTH="21" VPOS="715" HPOS="1364"/>
							<String ID="string_99" HPOS="1385" VPOS="723" WIDTH="74" HEIGHT="22" WC="0.92" CONTENT="som"/><SP WIDTH="20" VPOS="723" HPOS="1459"/>
							<String ID="string_100" HPOS="1479" VPOS="713" WIDTH="68" HEIGHT="30" WC="0.92" CONTENT="för-"/>
						</TextLine>
						<TextLine ID="line_11" HPOS="60" VPOS="768" WIDTH="1487" HEIGHT="40">
							<String ID="string_101" HPOS="60" VPOS="775" WIDTH="144" HEIGHT="28" WC="0.96" CONTENT="utsattes"/><SP WIDTH="16" VPOS="775" HPOS="204"/>
							<String ID="string_102" HPOS="220" VPOS="772" WIDTH="12" HEIGHT="31" WC="0.95" CONTENT="i"/><SP WIDTH="19" VPOS="772" HPOS="232"/>
							<String ID="string_103" HPOS="251" VPOS="773" WIDTH="84" HEIGHT="30" WC="0.96" CONTENT="1936"/><SP WIDTH="19" VPOS="773" HPOS="335"/>
							<String ID="string_104" HPOS="354" VPOS="771" WIDTH="57" HEIGHT="32" WC="0.96" CONTENT="års"/><SP WIDTH="19" VPOS="771" HPOS="411"/>
							<String ID="string_105" HPOS="430" VPOS="771" WIDTH="267" HEIGHT="32" WC="0.96" CONTENT="försvarsbeslut"/><SP WIDTH="17" VPOS="771" HPOS="697"/>
							<String ID="string_106" HPOS="714" VPOS="771" WIDTH="148" HEIGHT="31" WC="0.96" CONTENT="besattes"/><SP WIDTH="18" VPOS="771" HPOS="862"/>
							<String ID="string_107" HPOS="880" VPOS="771" WIDTH="81" HEIGHT="30" WC="0.96" CONTENT="med"/><SP WIDTH="17" VPOS="771" HPOS="961"/>
							<String ID="string_108" HPOS="978" VPOS="769" WIDTH="110" HEIGHT="32" WC="0.96" CONTENT="aktivt"/><SP WIDTH="17" VPOS="769" HPOS="1088"/>
							<String ID="string_109" HPOS="1105" VPOS="769" WIDTH="56" HEIGHT="31" WC="0.96" CONTENT="för"/><SP WIDTH="16" VPOS="769" HPOS="1161"/>
							<String ID="string_110" HPOS="1177" VPOS="768" WIDTH="267" HEIGHT="40" WC="0.93" CONTENT="ifrågavarande"/><SP WIDTH="18" VPOS="768" HPOS="1444"/>
							<String ID="string_111" HPOS="1462" VPOS="775" WIDTH="85" HEIGHT="31" WC="0.91" CONTENT="upp-"/>
						</TextLine>
						<TextLine ID="line_12" HPOS="60" VPOS="826" WIDTH="375" HEIGHT="40">
							<String ID="string_112" HPOS="60" VPOS="826" WIDTH="103" HEIGHT="40" WC="0.96" CONTENT="gifter"/><SP WIDTH="18" VPOS="826" HPOS="163"/>
							<String ID="string_113" HPOS="181" VPOS="827" WIDTH="132" HEIGHT="39" WC="0.96" CONTENT="lämpat"/><SP WIDTH="18" VPOS="827" HPOS="313"/>
							<String ID="string_114" HPOS="331" VPOS="826" WIDTH="104" HEIGHT="31" WC="0.95" CONTENT="befäl."/>
						</TextLine>
					</TextBlock>
					<TextBlock ID="block_3" HPOS="61" VPOS="876" WIDTH="1489" HEIGHT="151">
						<TextLine ID="line_13" HPOS="106" VPOS="876" WIDTH="1442" HEIGHT="45">
							<String ID="string_115" HPOS="106" VPOS="881" WIDTH="92" HEIGHT="31" WC="0.96" CONTENT="Utan"/><SP WIDTH="20" VPOS="881" HPOS="198"/>
							<String ID="string_116" HPOS="218" VPOS="883" WIDTH="49" HEIGHT="29" WC="0.96" CONTENT="att"/><SP WIDTH="21" VPOS="883" HPOS="267"/>
							<String ID="string_117" HPOS="288" VPOS="883" WIDTH="81" HEIGHT="38" WC="0.96" CONTENT="taga"/><SP WIDTH="22" VPOS="883" HPOS="369"/>
							<String ID="string_118" HPOS="391" VPOS="881" WIDTH="162" HEIGHT="30" WC="0.95" CONTENT="närmare"/><SP WIDTH="22" VPOS="881" HPOS="553"/>
							<String ID="string_119" HPOS="575" VPOS="879" WIDTH="164" HEIGHT="40" WC="0.96" CONTENT="ställning"/><SP WIDTH="22" VPOS="879" HPOS="739"/>
							<String ID="string_120" HPOS="761" VPOS="879" WIDTH="51" HEIGHT="30" WC="0.95" CONTENT="till"/><SP WIDTH="23" VPOS="879" HPOS="812"/>
							<String ID="string_121" HPOS="835" VPOS="888" WIDTH="48" HEIGHT="21" WC="0.96" CONTENT="nu"/><SP WIDTH="24" VPOS="888" HPOS="883"/>
							<String ID="string_122" HPOS="907" VPOS="878" WIDTH="149" HEIGHT="40" WC="0.96" CONTENT="angivna"/><SP WIDTH="24" VPOS="878" HPOS="1056"/>
							<String ID="string_123" HPOS="1080" VPOS="876" WIDTH="169" HEIGHT="41" WC="0.96" CONTENT="spörsmål"/><SP WIDTH="24" VPOS="876" HPOS="1249"/>
							<String ID="string_124" HPOS="1273" VPOS="876" WIDTH="201" HEIGHT="31" WC="0.93" CONTENT="förutsätter"/><SP WIDTH="23" VPOS="876" HPOS="1474"/>
							<String ID="string_125" HPOS="1497" VPOS="877" WIDTH="51" HEIGHT="28" WC="0.93" CONTENT="ut-"/>
						</TextLine>
						<TextLine ID="line_14" HPOS="61" VPOS="929" WIDTH="1489" HEIGHT="45">
							<String ID="string_126" HPOS="61" VPOS="936" WIDTH="136" HEIGHT="35" WC="0.96" CONTENT="skottet,"/><SP WIDTH="23" VPOS="936" HPOS="197"/>
							<String ID="string_127" HPOS="220" VPOS="938" WIDTH="49" HEIGHT="28" WC="0.96" CONTENT="att:"/><SP WIDTH="21" VPOS="938" HPOS="269"/>
							<String ID="string_128" HPOS="290" VPOS="935" WIDTH="126" HEIGHT="39" WC="0.95" CONTENT="Kungl."/><SP WIDTH="23" VPOS="935" HPOS="416"/>
							<String ID="string_129" HPOS="439" VPOS="933" WIDTH="101" HEIGHT="40" WC="0.92" CONTENT="Maj:t"/><SP WIDTH="22" VPOS="933" HPOS="540"/>
							<String ID="string_130" HPOS="562" VPOS="934" WIDTH="156" HEIGHT="39" WC="0.91" CONTENT="vidtager"/><SP WIDTH="22" VPOS="934" HPOS="718"/>
							<String ID="string_131" HPOS="740" VPOS="933" WIDTH="42" HEIGHT="31" WC="0.96" CONTENT="de"/><SP WIDTH="21" VPOS="933" HPOS="782"/>
							<String ID="string_132" HPOS="803" VPOS="932" WIDTH="171" HEIGHT="40" WC="0.96" CONTENT="åtgärder,"/><SP WIDTH="25" VPOS="932" HPOS="974"/>
							<String ID="string_133" HPOS="999" VPOS="941" WIDTH="75" HEIGHT="22" WC="0.96" CONTENT="som"/><SP WIDTH="21" VPOS="941" HPOS="1074"/>
							<String ID="string_134" HPOS="1095" VPOS="932" WIDTH="11" HEIGHT="30" WC="0.96" CONTENT="i"/><SP WIDTH="24" VPOS="932" HPOS="1106"/>
							<String ID="string_135" HPOS="1130" VPOS="930" WIDTH="229" HEIGHT="31" WC="0.96" CONTENT="förevarande"/><SP WIDTH="22" VPOS="930" HPOS="1359"/>
							<String ID="string_136" HPOS="1381" VPOS="929" WIDTH="169" HEIGHT="32" WC="0.96" CONTENT="avseende"/>
						</TextLine>
						<TextLine ID="line_15" HPOS="61" VPOS="988" WIDTH="496" HEIGHT="39">
							<String ID="string_137" HPOS="61" VPOS="990" WIDTH="120" HEIGHT="30" WC="0.92" CONTENT="kunna"/><SP WIDTH="20" VPOS="990" HPOS="181"/>
							<String ID="string_138" HPOS="201" VPOS="988" WIDTH="161" HEIGHT="31" WC="0.91" CONTENT="befinnas"/><SP WIDTH="20" VPOS="988" HPOS="362"/>
							<String ID="string_139" HPOS="382" VPOS="988" WIDTH="175" HEIGHT="39" WC="0.96" CONTENT="lämpliga."/>
						</TextLine>
					</TextBlock>
					<TextBlock ID="block_4" HPOS="107" VPOS="1042" WIDTH="1437" HEIGHT="36">
						<TextLine ID="line_16" HPOS="107" VPOS="1042" WIDTH="1437" HEIGHT="36">
							<String ID="string_140" HPOS="107" VPOS="1043" WIDTH="171" HEIGHT="30" WC="0.96" CONTENT="Utskottet"/><SP WIDTH="24" VPOS="1043" HPOS="278"/>
							<String ID="string_141" HPOS="302" VPOS="1042" WIDTH="210" HEIGHT="36" WC="0.96" CONTENT="hemställer,"/><SP WIDTH="703" VPOS="1042" HPOS="512"/>
							<String ID="string_142" HPOS="1215" VPOS="1047" WIDTH="77" HEIGHT="15" WC="0.0" CONTENT="Wljärd"/><SP WIDTH="28" VPOS="1047" HPOS="1292"/>
							<String ID="string_143" HPOS="1320" VPOS="1044" WIDTH="94" HEIGHT="12" WC="0.0" CONTENT="rens"/><SP WIDTH="119" VPOS="1044" HPOS="1414"/>
							<String ID="string_144" HPOS="1533" VPOS="1046" WIDTH="11" HEIGHT="18" WC="0.38" CONTENT="/"/>
						</TextLine>
					</TextBlock>
				</ComposedBlock>
				<ComposedBlock ID="cblock_2" HPOS="370" VPOS="1144" WIDTH="1181" HEIGHT="259">
					<TextBlock ID="block_5" HPOS="370" VPOS="1144" WIDTH="1181" HEIGHT="259">
						<TextLine ID="line_17" HPOS="415" VPOS="1144" WIDTH="1134" HEIGHT="37">
							<String ID="string_145" HPOS="415" VPOS="1152" WIDTH="50" HEIGHT="28" WC="0.96" CONTENT="att"/><SP WIDTH="23" VPOS="1152" HPOS="465"/>
							<String ID="string_146" HPOS="488" VPOS="1149" WIDTH="218" HEIGHT="31" WC="0.96" CONTENT="motionerna"/><SP WIDTH="24" VPOS="1149" HPOS="706"/>
							<String ID="string_147" HPOS="730" VPOS="1148" WIDTH="28" HEIGHT="31" WC="0.0" CONTENT="I:"/><SP WIDTH="15" VPOS="1148" HPOS="758"/>
							<String ID="string_148" HPOS="773" VPOS="1149" WIDTH="42" HEIGHT="30" WC="0.0" CONTENT="54"/><SP WIDTH="24" VPOS="1149" HPOS="815"/>
							<String ID="string_149" HPOS="839" VPOS="1148" WIDTH="66" HEIGHT="30" WC="0.92" CONTENT="och"/><SP WIDTH="26" VPOS="1148" HPOS="905"/>
							<String ID="string_150" HPOS="931" VPOS="1147" WIDTH="123" HEIGHT="32" WC="0.86" CONTENT="II:118"/><SP WIDTH="24" VPOS="1147" HPOS="1054"/>
							<String ID="string_151" HPOS="1078" VPOS="1149" WIDTH="90" HEIGHT="29" WC="0.96" CONTENT="samt"/><SP WIDTH="25" VPOS="1149" HPOS="1168"/>
							<String ID="string_152" HPOS="1193" VPOS="1147" WIDTH="28" HEIGHT="31" WC="0.62" CONTENT="I:"/><SP WIDTH="17" VPOS="1147" HPOS="1221"/>
							<String ID="string_153" HPOS="1238" VPOS="1146" WIDTH="61" HEIGHT="31" WC="0.62" CONTENT="153"/><SP WIDTH="25" VPOS="1146" HPOS="1299"/>
							<String ID="string_154" HPOS="1324" VPOS="1146" WIDTH="66" HEIGHT="31" WC="0.95" CONTENT="och"/><SP WIDTH="25" VPOS="1146" HPOS="1390"/>
							<String ID="string_155" HPOS="1415" VPOS="1145" WIDTH="46" HEIGHT="31" WC="0.0" CONTENT="II:"/><SP WIDTH="16" VPOS="1145" HPOS="1461"/>
							<String ID="string_156" HPOS="1477" VPOS="1144" WIDTH="72" HEIGHT="37" WC="0.0" CONTENT="193,"/>
						</TextLine>
						<TextLine ID="line_18" HPOS="371" VPOS="1197" WIDTH="1178" HEIGHT="43">
							<String ID="string_157" HPOS="371" VPOS="1203" WIDTH="11" HEIGHT="30" WC="0.96" CONTENT="i"/><SP WIDTH="26" VPOS="1203" HPOS="382"/>
							<String ID="string_158" HPOS="408" VPOS="1203" WIDTH="67" HEIGHT="31" WC="0.96" CONTENT="vad"/><SP WIDTH="25" VPOS="1203" HPOS="475"/>
							<String ID="string_159" HPOS="500" VPOS="1202" WIDTH="217" HEIGHT="31" WC="0.96" CONTENT="sistnämnda"/><SP WIDTH="24" VPOS="1202" HPOS="717"/>
							<String ID="string_160" HPOS="741" VPOS="1201" WIDTH="91" HEIGHT="31" WC="0.96" CONTENT="båda"/><SP WIDTH="25" VPOS="1201" HPOS="832"/>
							<String ID="string_161" HPOS="857" VPOS="1201" WIDTH="171" HEIGHT="31" WC="0.96" CONTENT="motioner"/><SP WIDTH="24" VPOS="1201" HPOS="1028"/>
							<String ID="string_162" HPOS="1052" VPOS="1210" WIDTH="82" HEIGHT="22" WC="0.96" CONTENT="avse"/><SP WIDTH="25" VPOS="1210" HPOS="1134"/>
							<String ID="string_163" HPOS="1159" VPOS="1200" WIDTH="129" HEIGHT="40" WC="0.96" CONTENT="förslag"/><SP WIDTH="24" VPOS="1200" HPOS="1288"/>
							<String ID="string_164" HPOS="1312" VPOS="1210" WIDTH="59" HEIGHT="21" WC="0.93" CONTENT="om"/><SP WIDTH="25" VPOS="1210" HPOS="1371"/>
							<String ID="string_165" HPOS="1396" VPOS="1197" WIDTH="153" HEIGHT="33" WC="0.90" CONTENT="bibehål-"/>
						</TextLine>
						<TextLine ID="line_19" HPOS="370" VPOS="1252" WIDTH="1181" HEIGHT="43">
							<String ID="string_166" HPOS="370" VPOS="1257" WIDTH="104" HEIGHT="30" WC="0.96" CONTENT="lande"/><SP WIDTH="22" VPOS="1257" HPOS="474"/>
							<String ID="string_167" HPOS="496" VPOS="1266" WIDTH="44" HEIGHT="21" WC="0.93" CONTENT="av"/><SP WIDTH="23" VPOS="1266" HPOS="540"/>
							<String ID="string_168" HPOS="563" VPOS="1254" WIDTH="415" HEIGHT="41" WC="0.91" CONTENT="fästningsbataljonerna"/><SP WIDTH="21" VPOS="1254" HPOS="978"/>
							<String ID="string_169" HPOS="999" VPOS="1255" WIDTH="10" HEIGHT="30" WC="0.96" CONTENT="i"/><SP WIDTH="25" VPOS="1255" HPOS="1009"/>
							<String ID="string_170" HPOS="1034" VPOS="1254" WIDTH="189" HEIGHT="31" WC="0.96" CONTENT="Vaxholms"/><SP WIDTH="24" VPOS="1254" HPOS="1223"/>
							<String ID="string_171" HPOS="1247" VPOS="1254" WIDTH="66" HEIGHT="30" WC="0.95" CONTENT="och"/><SP WIDTH="25" VPOS="1254" HPOS="1313"/>
							<String ID="string_172" HPOS="1338" VPOS="1252" WIDTH="213" HEIGHT="31" WC="0.96" CONTENT="Karlskrona"/>
						</TextLine>
						<TextLine ID="line_20" HPOS="373" VPOS="1306" WIDTH="1178" HEIGHT="43">
							<String ID="string_173" HPOS="373" VPOS="1310" WIDTH="278" HEIGHT="39" WC="0.91" CONTENT="kustfästningar"/><SP WIDTH="27" VPOS="1310" HPOS="651"/>
							<String ID="string_174" HPOS="678" VPOS="1312" WIDTH="89" HEIGHT="28" WC="0.96" CONTENT="samt"/><SP WIDTH="27" VPOS="1312" HPOS="767"/>
							<String ID="string_175" HPOS="794" VPOS="1319" WIDTH="59" HEIGHT="21" WC="0.93" CONTENT="om"/><SP WIDTH="27" VPOS="1319" HPOS="853"/>
							<String ID="string_176" HPOS="880" VPOS="1308" WIDTH="190" HEIGHT="32" WC="0.89" CONTENT="anvisande"/><SP WIDTH="27" VPOS="1308" HPOS="1070"/>
							<String ID="string_177" HPOS="1097" VPOS="1318" WIDTH="43" HEIGHT="21" WC="0.96" CONTENT="av"/><SP WIDTH="27" VPOS="1318" HPOS="1140"/>
							<String ID="string_178" HPOS="1167" VPOS="1308" WIDTH="121" HEIGHT="39" WC="0.96" CONTENT="anslag"/><SP WIDTH="26" VPOS="1308" HPOS="1288"/>
							<String ID="string_179" HPOS="1314" VPOS="1306" WIDTH="132" HEIGHT="37" WC="0.96" CONTENT="härför,"/><SP WIDTH="28" VPOS="1306" HPOS="1446"/>
							<String ID="string_180" HPOS="1474" VPOS="1306" WIDTH="77" HEIGHT="31" WC="0.96" CONTENT="icke"/>
						</TextLine>
						<TextLine ID="line_21" HPOS="372" VPOS="1363" WIDTH="499" HEIGHT="40">
							<String ID="string_181" HPOS="372" VPOS="1363" WIDTH="60" HEIGHT="32" WC="0.96" CONTENT="må"/><SP WIDTH="19" VPOS="1363" HPOS="432"/>
							<String ID="string_182" HPOS="451" VPOS="1374" WIDTH="43" HEIGHT="21" WC="0.96" CONTENT="av"/><SP WIDTH="21" VPOS="1374" HPOS="494"/>
							<String ID="string_183" HPOS="515" VPOS="1364" WIDTH="186" HEIGHT="39" WC="0.92" CONTENT="riksdagen"/><SP WIDTH="20" VPOS="1364" HPOS="701"/>
							<String ID="string_184" HPOS="721" VPOS="1363" WIDTH="150" HEIGHT="31" WC="0.91" CONTENT="bifallas."/>
						</TextLine>
					</TextBlock>
				</ComposedBlock>
				<ComposedBlock ID="cblock_3" HPOS="107" VPOS="1471" WIDTH="573" HEIGHT="41">
					<TextBlock ID="block_6" HPOS="107" VPOS="1471" WIDTH="573" HEIGHT="41">
						<TextLine ID="line_22" HPOS="107" VPOS="1471" WIDTH="573" HEIGHT="41">
							<String ID="string_185" HPOS="107" VPOS="1474" WIDTH="204" HEIGHT="31" WC="0.96" CONTENT="Stockholm"/><SP WIDTH="24" VPOS="1474" HPOS="311"/>
							<String ID="string_186" HPOS="335" VPOS="1473" WIDTH="69" HEIGHT="31" WC="0.96" CONTENT="den"/><SP WIDTH="23" VPOS="1473" HPOS="404"/>
							<String ID="string_187" HPOS="427" VPOS="1473" WIDTH="39" HEIGHT="30" WC="0.96" CONTENT="12"/><SP WIDTH="22" VPOS="1473" HPOS="466"/>
							<String ID="string_188" HPOS="488" VPOS="1472" WIDTH="73" HEIGHT="40" WC="0.96" CONTENT="maj"/><SP WIDTH="24" VPOS="1472" HPOS="561"/>
							<String ID="string_189" HPOS="585" VPOS="1471" WIDTH="95" HEIGHT="31" WC="0.96" CONTENT="1939."/>
						</TextLine>
					</TextBlock>
				</ComposedBlock>
				<ComposedBlock ID="cblock_4" HPOS="551" VPOS="1577" WIDTH="512" HEIGHT="103">
					<TextBlock ID="block_7" HPOS="551" VPOS="1577" WIDTH="512" HEIGHT="103">
						<TextLine ID="line_23" HPOS="551" VPOS="1577" WIDTH="512" HEIGHT="39">
							<String ID="string_190" HPOS="551" VPOS="1577" WIDTH="50" HEIGHT="32" WC="0.93" CONTENT="På"/><SP WIDTH="24" VPOS="1577" HPOS="601"/>
							<String ID="string_191" HPOS="625" VPOS="1577" WIDTH="270" HEIGHT="32" WC="0.92" CONTENT="statsutskottets"/><SP WIDTH="25" VPOS="1577" HPOS="895"/>
							<String ID="string_192" HPOS="920" VPOS="1577" WIDTH="143" HEIGHT="39" WC="0.96" CONTENT="vägnar:"/>
						</TextLine>
						<TextLine ID="line_24" HPOS="600" VPOS="1642" WIDTH="413" HEIGHT="38">
							<String ID="string_193" HPOS="600" VPOS="1649" WIDTH="176" HEIGHT="31" WC="0.93" CONTENT="ANDERS"/><SP WIDTH="25" VPOS="1649" HPOS="776"/>
							<String ID="string_194" HPOS="801" VPOS="1642" WIDTH="212" HEIGHT="38" WC="0.56" CONTENT="RÅSTOCKE."/>
						</TextLine>
					</TextBlock>
				</ComposedBlock>
				<GraphicalElement ID="cblock_5" HPOS="702" VPOS="1781" WIDTH="213" HEIGHT="9"></GraphicalElement >
				<ComposedBlock ID="cblock_6" HPOS="101" VPOS="1904" WIDTH="720" HEIGHT="30">
					<TextBlock ID="block_8" HPOS="101" VPOS="1904" WIDTH="720" HEIGHT="30">
						<TextLine ID="line_25" HPOS="101" VPOS="1904" WIDTH="720" HEIGHT="30">
							<String ID="string_195" HPOS="101" VPOS="1906" WIDTH="213" HEIGHT="28" WC="0.96" CONTENT="Närvarande:"/><SP WIDTH="20" VPOS="1906" HPOS="314"/>
							<String ID="string_196" HPOS="334" VPOS="1914" WIDTH="33" HEIGHT="20" WC="0.96" CONTENT="se"/><SP WIDTH="20" VPOS="1914" HPOS="367"/>
							<String ID="string_197" HPOS="387" VPOS="1906" WIDTH="99" HEIGHT="27" WC="0.93" CONTENT="under"/><SP WIDTH="19" VPOS="1906" HPOS="486"/>
							<String ID="string_198" HPOS="505" VPOS="1904" WIDTH="174" HEIGHT="29" WC="0.92" CONTENT="utlåtandet"/><SP WIDTH="19" VPOS="1904" HPOS="679"/>
							<String ID="string_199" HPOS="698" VPOS="1913" WIDTH="36" HEIGHT="19" WC="0.96" CONTENT="nr"/><SP WIDTH="22" VPOS="1913" HPOS="734"/>
							<String ID="string_200" HPOS="756" VPOS="1905" WIDTH="65" HEIGHT="27" WC="0.96" CONTENT="168."/>
						</TextLine>
					</TextBlock>
				</ComposedBlock>
				<ComposedBlock ID="cblock_7" HPOS="105" VPOS="2550" WIDTH="1450" HEIGHT="41">
					<TextBlock ID="block_9" HPOS="105" VPOS="2550" WIDTH="1450" HEIGHT="41">
						<TextLine ID="line_26" HPOS="105" VPOS="2550" WIDTH="1450" HEIGHT="41">
							<String ID="string_201" HPOS="105" VPOS="2555" WIDTH="121" HEIGHT="36" WC="0.92" CONTENT="Bihang"/><SP WIDTH="20" VPOS="2555" HPOS="226"/>
							<String ID="string_202" HPOS="246" VPOS="2556" WIDTH="46" HEIGHT="28" WC="0.96" CONTENT="till"/><SP WIDTH="21" VPOS="2556" HPOS="292"/>
							<String ID="string_203" HPOS="313" VPOS="2554" WIDTH="183" HEIGHT="36" WC="0.96" CONTENT="riksdagens"/><SP WIDTH="22" VPOS="2554" HPOS="496"/>
							<String ID="string_204" HPOS="518" VPOS="2552" WIDTH="158" HEIGHT="37" WC="0.95" CONTENT="protokoll"/><SP WIDTH="24" VPOS="2552" HPOS="676"/>
							<String ID="string_205" HPOS="700" VPOS="2552" WIDTH="83" HEIGHT="28" WC="0.95" CONTENT="1939."/><SP WIDTH="35" VPOS="2552" HPOS="783"/>
							<String ID="string_206" HPOS="818" VPOS="2553" WIDTH="18" HEIGHT="26" WC="0.95" CONTENT="6"/><SP WIDTH="22" VPOS="2553" HPOS="836"/>
							<String ID="string_207" HPOS="858" VPOS="2553" WIDTH="88" HEIGHT="27" WC="0.94" CONTENT="saml."/><SP WIDTH="33" VPOS="2553" HPOS="946"/>
							<String ID="string_208" HPOS="979" VPOS="2551" WIDTH="43" HEIGHT="28" WC="0.93" CONTENT="Nr"/><SP WIDTH="25" VPOS="2551" HPOS="1022"/>
							<String ID="string_209" HPOS="1047" VPOS="2550" WIDTH="164" HEIGHT="29" WC="0.88" CONTENT="168—170."/><SP WIDTH="325" VPOS="2550" HPOS="1211"/>
							<String ID="string_210" HPOS="1536" VPOS="2550" WIDTH="19" HEIGHT="29" WC="0.96" CONTENT="2"/>
						</TextLine>
					</TextBlock>
				</ComposedBlock>
			</PrintSpace>
		</Page>
	</Layout>
</alto>
