1894 2848
327 167 18 25 4
527 170 100 27 Andra
650 171 187 28 kammarens
852 174 121 32 fjärde
992 176 148 35 tillfälliga
1162 179 124 27 utskotts
1305 180 150 28 utlåtande
1474 183 43 26 Nr
1533 183 25 27 2.

894 262 297 43 Reservation

294 355 40 21 av
354 346 77 31 herr
451 347 96 39 Beck,
568 358 67 22 som
656 351 130 31 anfört:

338 453 139 32 ”Såsom
504 455 11 30 i
547 457 165 31 motionen
741 458 210 41 framhållits,
983 462 56 31 äro
1071 463 170 38 pågående
1271 467 220 39 utredningar
1523 470 141 32 rörande
1696 472 83 30 lant-

288 505 253 40 arbetarfrågan
559 518 41 21 av
620 510 124 38 ganska
760 511 184 39 begränsad
962 514 167 33 räckvidd.
1170 517 134 32 Varken
1322 519 79 31 från
1419 520 356 42 bostadsutredningen

286 559 53 31 för
357 560 227 40 landsbygden
604 564 81 31 eller
703 566 118 31 sociala
841 567 403 42 Jordbruksutredningen
1264 583 95 27 synes
1380 574 113 32 kunna
1513 575 173 33 förväntas
1706 578 67 30 för-

289 615 69 39 slag
385 620 103 28 annat
514 618 41 30 än
582 618 11 30 i
620 619 222 40 detaljfrågor
867 633 41 19 av
934 623 55 31 det
1015 627 88 28 stora
1130 626 156 38 problem,
1314 637 67 22 som
1408 629 129 32 beröres
1562 631 12 29 i
1600 632 176 31 motionen.

286 667 74 31 Vad
387 668 167 33 beträffar
578 671 66 31 den
673 683 41 20 av
740 673 401 43 Jordbruksutredningen
1170 679 211 38 publicerade
1409 682 288 40 undersökningen
1736 686 38 29 är

286 721 107 32 denna
418 723 211 33 uteslutande
655 736 42 21 av
723 727 161 32 statistisk
908 733 62 27 art.
1018 731 64 32 Det
1108 733 121 31 sociala
1255 735 156 38 problem,
1449 746 67 22 som
1554 737 218 33 lantarbetar-

283 775 118 39 frågan
420 778 106 37 utgör,
542 779 131 32 beröres
690 781 68 31 icke
773 783 161 38 närmare,
952 784 114 31 liksom
1083 786 31 37 ej
1131 786 103 31 heller
1250 788 104 38 några
1370 790 141 37 positiva
1528 791 127 39 förslag
1670 793 101 30 fram-

283 829 99 32 föras.

324 884 51 30 Då
400 885 55 31 det
482 896 40 21 av
547 888 245 33 motionärerna
818 891 143 32 avsedda
987 893 103 37 syftet
1115 894 98 31 alltså
1238 895 71 32 icke
1333 897 96 32 blivit
1456 898 79 32 eller
1560 900 65 30 kan
1652 902 118 29 väntas

282 937 87 32 bliva
390 939 203 39 tillgodosett
615 952 116 28 genom
753 944 119 32 hittills
892 946 167 32 slutförda
1081 948 79 31 eller
1183 949 169 38 pågående
1374 952 228 40 utredningar,
1626 955 62 30 har
1712 955 58 38 jag

282 997 116 34 ansett,
423 998 50 27 att
495 995 160 33 utskottet
679 997 74 33 bort
774 999 181 39 hemställa,

644 1109 51 28 att
712 1106 104 31 andra
832 1108 190 32 kammaren
1039 1109 54 31 för
1110 1110 51 30 sin
1179 1111 53 31 del
1249 1112 101 31 måtte
1368 1113 135 38 besluta,
1523 1119 48 27 att
1592 1115 175 39 riksdagen

595 1158 79 32 ville
695 1159 12 31 i
731 1160 154 32 skrivelse
909 1162 53 31 till
986 1163 123 39 Kungl.
1135 1164 106 39 Maj:t
1263 1166 133 32 anhålla
1420 1177 52 21 om
1494 1168 187 39 skyndsam,
1709 1170 56 30 all-

593 1213 88 39 sidig
698 1215 181 39 utredning
897 1217 141 31 rörande
1057 1217 266 34 lantarbetarnas
1342 1221 206 32 ekonomiska
1566 1223 59 30 och
1644 1223 120 31 sociala

593 1267 160 40 ställning
769 1274 82 27 samt
869 1280 51 21 om
937 1271 254 39 möjligheterna
1207 1274 54 30 till
1277 1273 73 32 dess
1369 1275 271 32 förbättrande.”
