<?xml version="1.0" encoding="UTF-8"?>
<alto xmlns="http://www.loc.gov/standards/alto/ns-v3#" xmlns:xlink="http://www.w3.org/1999/xlink" xmlns:xsi="http://www.w3.org/2001/XMLSchema-instance" xsi:schemaLocation="http://www.loc.gov/standards/alto/ns-v3# http://www.loc.gov/alto/v3/alto-3-0.xsd">
	<Description>
		<MeasurementUnit>pixel</MeasurementUnit>
		<sourceImageInformation>
			<fileName>/tmp/tess_sfebu8rq_input.PNG</fileName>
		</sourceImageInformation>
		<OCRProcessing ID="OCR_0">
			<ocrProcessingStep>
				<processingSoftware>
					<softwareName>tesseract 5.3.0</softwareName>
				</processingSoftware>
			</ocrProcessingStep>
		</OCRProcessing>
	</Description>
	<Layout>
		<Page WIDTH="1880" HEIGHT="2794" PHYSICAL_IMG_NR="0" ID="page_0">
			<PrintSpace HPOS="0" VPOS="0" WIDTH="1880" HEIGHT="2794">
				<ComposedBlock ID="cblock_0" HPOS="276" VPOS="156" WIDTH="1108" HEIGHT="35">
					<TextBlock ID="block_0" HPOS="276" VPOS="156" WIDTH="1108" HEIGHT="35">
						<TextLine ID="line_0" HPOS="276" VPOS="156" WIDTH="1108" HEIGHT="35">
							<String ID="string_0" HPOS="276" VPOS="156" WIDTH="37" HEIGHT="30" WC="0.96" CONTENT="12"/><SP WIDTH="351" VPOS="156" HPOS="313"/>
							<String ID="string_1" HPOS="664" VPOS="158" WIDTH="378" HEIGHT="33" WC="0.91" CONTENT="Jordbruksutskottets"/><SP WIDTH="22" VPOS="158" HPOS="1042"/>
							<String ID="string_2" HPOS="1064" VPOS="159" WIDTH="176" HEIGHT="32" WC="0.95" CONTENT="utlåtande"/><SP WIDTH="21" VPOS="159" HPOS="1240"/>
							<String ID="string_3" HPOS="1261" VPOS="169" WIDTH="42" HEIGHT="22" WC="0.96" CONTENT="nr"/><SP WIDTH="30" VPOS="169" HPOS="1303"/>
							<String ID="string_4" HPOS="1333" VPOS="160" WIDTH="51" HEIGHT="31" WC="0.94" CONTENT="44."/>
						</TextLine>
					</TextBlock>
				</ComposedBlock>
				<ComposedBlock ID="cblock_1" HPOS="277" VPOS="239" WIDTH="1512" HEIGHT="1450">
					<TextBlock ID="block_1" HPOS="277" VPOS="239" WIDTH="1510" HEIGHT="745">
						<TextLine ID="line_1" HPOS="324" VPOS="239" WIDTH="1461" HEIGHT="40">
							<String ID="string_5" HPOS="324" VPOS="240" WIDTH="12" HEIGHT="29" WC="0.96" CONTENT="I"/><SP WIDTH="29" VPOS="240" HPOS="336"/>
							<String ID="string_6" HPOS="365" VPOS="240" WIDTH="94" HEIGHT="29" WC="0.96" CONTENT="vissa"/><SP WIDTH="25" VPOS="240" HPOS="459"/>
							<String ID="string_7" HPOS="484" VPOS="240" WIDTH="188" HEIGHT="39" WC="0.96" CONTENT="yttranden"/><SP WIDTH="26" VPOS="240" HPOS="672"/>
							<String ID="string_8" HPOS="698" VPOS="240" WIDTH="64" HEIGHT="29" WC="0.96" CONTENT="har"/><SP WIDTH="30" VPOS="240" HPOS="762"/>
							<String ID="string_9" HPOS="792" VPOS="239" WIDTH="223" HEIGHT="34" WC="0.96" CONTENT="framhållits,"/><SP WIDTH="29" VPOS="239" HPOS="1015"/>
							<String ID="string_10" HPOS="1044" VPOS="241" WIDTH="50" HEIGHT="28" WC="0.95" CONTENT="att"/><SP WIDTH="27" VPOS="241" HPOS="1094"/>
							<String ID="string_11" HPOS="1121" VPOS="249" WIDTH="43" HEIGHT="20" WC="0.96" CONTENT="en"/><SP WIDTH="28" VPOS="249" HPOS="1164"/>
							<String ID="string_12" HPOS="1192" VPOS="239" WIDTH="147" HEIGHT="30" WC="0.96" CONTENT="nackdel"/><SP WIDTH="27" VPOS="239" HPOS="1339"/>
							<String ID="string_13" HPOS="1366" VPOS="240" WIDTH="79" HEIGHT="29" WC="0.91" CONTENT="med"/><SP WIDTH="28" VPOS="240" HPOS="1445"/>
							<String ID="string_14" HPOS="1473" VPOS="239" WIDTH="312" HEIGHT="39" WC="0.91" CONTENT="centraliseringen"/>
						</TextLine>
						<TextLine ID="line_2" HPOS="278" VPOS="290" WIDTH="1503" HEIGHT="41">
							<String ID="string_15" HPOS="278" VPOS="292" WIDTH="48" HEIGHT="33" WC="0.96" CONTENT="är,"/><SP WIDTH="22" VPOS="292" HPOS="326"/>
							<String ID="string_16" HPOS="348" VPOS="293" WIDTH="51" HEIGHT="28" WC="0.96" CONTENT="att"/><SP WIDTH="19" VPOS="293" HPOS="399"/>
							<String ID="string_17" HPOS="418" VPOS="292" WIDTH="204" HEIGHT="29" WC="0.96" CONTENT="densamma"/><SP WIDTH="20" VPOS="292" HPOS="622"/>
							<String ID="string_18" HPOS="642" VPOS="291" WIDTH="92" HEIGHT="30" WC="0.96" CONTENT="leder"/><SP WIDTH="18" VPOS="291" HPOS="734"/>
							<String ID="string_19" HPOS="752" VPOS="291" WIDTH="53" HEIGHT="29" WC="0.96" CONTENT="till"/><SP WIDTH="20" VPOS="291" HPOS="805"/>
							<String ID="string_20" HPOS="825" VPOS="291" WIDTH="182" HEIGHT="39" WC="0.96" CONTENT="kvotering"/><SP WIDTH="19" VPOS="291" HPOS="1007"/>
							<String ID="string_21" HPOS="1026" VPOS="300" WIDTH="42" HEIGHT="21" WC="0.96" CONTENT="av"/><SP WIDTH="20" VPOS="300" HPOS="1068"/>
							<String ID="string_22" HPOS="1088" VPOS="293" WIDTH="166" HEIGHT="38" WC="0.96" CONTENT="exporten"/><SP WIDTH="19" VPOS="293" HPOS="1254"/>
							<String ID="string_23" HPOS="1273" VPOS="291" WIDTH="129" HEIGHT="30" WC="0.96" CONTENT="mellan"/><SP WIDTH="21" VPOS="291" HPOS="1402"/>
							<String ID="string_24" HPOS="1423" VPOS="290" WIDTH="193" HEIGHT="40" WC="0.96" CONTENT="respektive"/><SP WIDTH="21" VPOS="290" HPOS="1616"/>
							<String ID="string_25" HPOS="1637" VPOS="291" WIDTH="144" HEIGHT="39" WC="0.96" CONTENT="företag."/>
						</TextLine>
						<TextLine ID="line_3" HPOS="277" VPOS="340" WIDTH="1503" HEIGHT="39">
							<String ID="string_26" HPOS="277" VPOS="342" WIDTH="68" HEIGHT="29" WC="0.96" CONTENT="För"/><SP WIDTH="25" VPOS="342" HPOS="345"/>
							<String ID="string_27" HPOS="370" VPOS="343" WIDTH="51" HEIGHT="28" WC="0.96" CONTENT="att"/><SP WIDTH="24" VPOS="343" HPOS="421"/>
							<String ID="string_28" HPOS="445" VPOS="341" WIDTH="155" HEIGHT="30" WC="0.96" CONTENT="undvika"/><SP WIDTH="24" VPOS="341" HPOS="600"/>
							<String ID="string_29" HPOS="624" VPOS="342" WIDTH="94" HEIGHT="29" WC="0.96" CONTENT="detta"/><SP WIDTH="25" VPOS="342" HPOS="718"/>
							<String ID="string_30" HPOS="743" VPOS="341" WIDTH="64" HEIGHT="30" WC="0.93" CONTENT="har"/><SP WIDTH="25" VPOS="341" HPOS="807"/>
							<String ID="string_31" HPOS="832" VPOS="341" WIDTH="186" HEIGHT="34" WC="0.92" CONTENT="förordats,"/><SP WIDTH="26" VPOS="341" HPOS="1018"/>
							<String ID="string_32" HPOS="1044" VPOS="343" WIDTH="51" HEIGHT="28" WC="0.93" CONTENT="att"/><SP WIDTH="24" VPOS="343" HPOS="1095"/>
							<String ID="string_33" HPOS="1119" VPOS="340" WIDTH="310" HEIGHT="39" WC="0.92" CONTENT="centraliseringen"/><SP WIDTH="26" VPOS="340" HPOS="1429"/>
							<String ID="string_34" HPOS="1455" VPOS="342" WIDTH="89" HEIGHT="29" WC="0.93" CONTENT="skall"/><SP WIDTH="25" VPOS="342" HPOS="1544"/>
							<String ID="string_35" HPOS="1569" VPOS="341" WIDTH="211" HEIGHT="30" WC="0.91" CONTENT="inskränkas"/>
						</TextLine>
						<TextLine ID="line_4" HPOS="277" VPOS="391" WIDTH="1505" HEIGHT="40">
							<String ID="string_36" HPOS="277" VPOS="391" WIDTH="53" HEIGHT="30" WC="0.96" CONTENT="till"/><SP WIDTH="20" VPOS="391" HPOS="330"/>
							<String ID="string_37" HPOS="350" VPOS="391" WIDTH="112" HEIGHT="39" WC="0.93" CONTENT="själva"/><SP WIDTH="20" VPOS="391" HPOS="462"/>
							<String ID="string_38" HPOS="482" VPOS="392" WIDTH="156" HEIGHT="29" WC="0.91" CONTENT="utbuden"/><SP WIDTH="19" VPOS="392" HPOS="638"/>
							<String ID="string_39" HPOS="657" VPOS="392" WIDTH="64" HEIGHT="29" WC="0.96" CONTENT="och"/><SP WIDTH="19" VPOS="392" HPOS="721"/>
							<String ID="string_40" HPOS="740" VPOS="393" WIDTH="51" HEIGHT="28" WC="0.96" CONTENT="att"/><SP WIDTH="20" VPOS="393" HPOS="791"/>
							<String ID="string_41" HPOS="811" VPOS="392" WIDTH="42" HEIGHT="29" WC="0.96" CONTENT="de"/><SP WIDTH="20" VPOS="392" HPOS="853"/>
							<String ID="string_42" HPOS="873" VPOS="392" WIDTH="94" HEIGHT="29" WC="0.96" CONTENT="olika"/><SP WIDTH="19" VPOS="392" HPOS="967"/>
							<String ID="string_43" HPOS="986" VPOS="392" WIDTH="179" HEIGHT="38" WC="0.96" CONTENT="företagen"/><SP WIDTH="20" VPOS="392" HPOS="1165"/>
							<String ID="string_44" HPOS="1185" VPOS="392" WIDTH="99" HEIGHT="29" WC="0.96" CONTENT="skola"/><SP WIDTH="20" VPOS="392" HPOS="1284"/>
							<String ID="string_45" HPOS="1304" VPOS="391" WIDTH="36" HEIGHT="30" WC="0.96" CONTENT="få"/><SP WIDTH="19" VPOS="391" HPOS="1340"/>
							<String ID="string_46" HPOS="1359" VPOS="391" WIDTH="69" HEIGHT="30" WC="0.96" CONTENT="fria"/><SP WIDTH="19" VPOS="391" HPOS="1428"/>
							<String ID="string_47" HPOS="1447" VPOS="392" WIDTH="133" HEIGHT="29" WC="0.96" CONTENT="händer"/><SP WIDTH="20" VPOS="392" HPOS="1580"/>
							<String ID="string_48" HPOS="1600" VPOS="393" WIDTH="49" HEIGHT="28" WC="0.96" CONTENT="att"/><SP WIDTH="21" VPOS="393" HPOS="1649"/>
							<String ID="string_49" HPOS="1670" VPOS="391" WIDTH="112" HEIGHT="40" WC="0.96" CONTENT="själva"/>
						</TextLine>
						<TextLine ID="line_5" HPOS="277" VPOS="441" WIDTH="1508" HEIGHT="40">
							<String ID="string_50" HPOS="277" VPOS="442" WIDTH="200" HEIGHT="39" WC="0.96" CONTENT="ombesörja"/><SP WIDTH="24" VPOS="442" HPOS="477"/>
							<String ID="string_51" HPOS="501" VPOS="443" WIDTH="177" HEIGHT="38" WC="0.95" CONTENT="exporten."/><SP WIDTH="26" VPOS="443" HPOS="678"/>
							<String ID="string_52" HPOS="704" VPOS="442" WIDTH="77" HEIGHT="29" WC="0.96" CONTENT="Med"/><SP WIDTH="25" VPOS="442" HPOS="781"/>
							<String ID="string_53" HPOS="806" VPOS="441" WIDTH="189" HEIGHT="40" WC="0.96" CONTENT="anledning"/><SP WIDTH="25" VPOS="441" HPOS="995"/>
							<String ID="string_54" HPOS="1020" VPOS="442" WIDTH="109" HEIGHT="30" WC="0.96" CONTENT="härav"/><SP WIDTH="24" VPOS="442" HPOS="1129"/>
							<String ID="string_55" HPOS="1153" VPOS="441" WIDTH="59" HEIGHT="30" WC="0.95" CONTENT="vill"/><SP WIDTH="26" VPOS="441" HPOS="1212"/>
							<String ID="string_56" HPOS="1238" VPOS="442" WIDTH="59" HEIGHT="39" WC="0.96" CONTENT="jag"/><SP WIDTH="26" VPOS="442" HPOS="1297"/>
							<String ID="string_57" HPOS="1323" VPOS="442" WIDTH="198" HEIGHT="34" WC="0.96" CONTENT="framhålla,"/><SP WIDTH="27" VPOS="442" HPOS="1521"/>
							<String ID="string_58" HPOS="1548" VPOS="444" WIDTH="50" HEIGHT="27" WC="0.96" CONTENT="att"/><SP WIDTH="26" VPOS="444" HPOS="1598"/>
							<String ID="string_59" HPOS="1624" VPOS="442" WIDTH="57" HEIGHT="29" WC="0.96" CONTENT="det"/><SP WIDTH="25" VPOS="442" HPOS="1681"/>
							<String ID="string_60" HPOS="1706" VPOS="441" WIDTH="79" HEIGHT="30" WC="0.96" CONTENT="icke"/>
						</TextLine>
						<TextLine ID="line_6" HPOS="278" VPOS="492" WIDTH="1507" HEIGHT="39">
							<String ID="string_61" HPOS="278" VPOS="501" WIDTH="103" HEIGHT="30" WC="0.96" CONTENT="synes"/><SP WIDTH="24" VPOS="501" HPOS="381"/>
							<String ID="string_62" HPOS="405" VPOS="492" WIDTH="137" HEIGHT="39" WC="0.96" CONTENT="möjligt"/><SP WIDTH="24" VPOS="492" HPOS="542"/>
							<String ID="string_63" HPOS="566" VPOS="494" WIDTH="51" HEIGHT="28" WC="0.96" CONTENT="att"/><SP WIDTH="24" VPOS="494" HPOS="617"/>
							<String ID="string_64" HPOS="641" VPOS="501" WIDTH="47" HEIGHT="21" WC="0.96" CONTENT="nu"/><SP WIDTH="23" VPOS="501" HPOS="688"/>
							<String ID="string_65" HPOS="711" VPOS="494" WIDTH="79" HEIGHT="37" WC="0.96" CONTENT="taga"/><SP WIDTH="24" VPOS="494" HPOS="790"/>
							<String ID="string_66" HPOS="814" VPOS="492" WIDTH="167" HEIGHT="39" WC="0.96" CONTENT="ställning"/><SP WIDTH="23" VPOS="492" HPOS="981"/>
							<String ID="string_67" HPOS="1004" VPOS="492" WIDTH="52" HEIGHT="31" WC="0.96" CONTENT="till"/><SP WIDTH="26" VPOS="492" HPOS="1056"/>
							<String ID="string_68" HPOS="1082" VPOS="492" WIDTH="134" HEIGHT="39" WC="0.96" CONTENT="frågan,"/><SP WIDTH="25" VPOS="492" HPOS="1216"/>
							<String ID="string_69" HPOS="1241" VPOS="492" WIDTH="66" HEIGHT="30" WC="0.93" CONTENT="hur"/><SP WIDTH="25" VPOS="492" HPOS="1307"/>
							<String ID="string_70" HPOS="1332" VPOS="492" WIDTH="342" HEIGHT="39" WC="0.91" CONTENT="arbetsuppgifterna"/><SP WIDTH="23" VPOS="492" HPOS="1674"/>
							<String ID="string_71" HPOS="1697" VPOS="492" WIDTH="88" HEIGHT="30" WC="0.96" CONTENT="böra"/>
						</TextLine>
						<TextLine ID="line_7" HPOS="278" VPOS="542" WIDTH="1504" HEIGHT="40">
							<String ID="string_72" HPOS="278" VPOS="542" WIDTH="153" HEIGHT="30" WC="0.96" CONTENT="fördelas"/><SP WIDTH="24" VPOS="542" HPOS="431"/>
							<String ID="string_73" HPOS="455" VPOS="542" WIDTH="129" HEIGHT="30" WC="0.96" CONTENT="mellan"/><SP WIDTH="24" VPOS="542" HPOS="584"/>
							<String ID="string_74" HPOS="608" VPOS="542" WIDTH="258" HEIGHT="30" WC="0.93" CONTENT="vederbörande"/><SP WIDTH="26" VPOS="542" HPOS="866"/>
							<String ID="string_75" HPOS="892" VPOS="544" WIDTH="230" HEIGHT="38" WC="0.92" CONTENT="exportorgan"/><SP WIDTH="26" VPOS="544" HPOS="1122"/>
							<String ID="string_76" HPOS="1148" VPOS="543" WIDTH="64" HEIGHT="29" WC="0.96" CONTENT="och"/><SP WIDTH="26" VPOS="543" HPOS="1212"/>
							<String ID="string_77" HPOS="1238" VPOS="543" WIDTH="78" HEIGHT="29" WC="0.96" CONTENT="dess"/><SP WIDTH="26" VPOS="543" HPOS="1316"/>
							<String ID="string_78" HPOS="1342" VPOS="543" WIDTH="238" HEIGHT="29" WC="0.95" CONTENT="medlemmar."/><SP WIDTH="25" VPOS="543" HPOS="1580"/>
							<String ID="string_79" HPOS="1605" VPOS="543" WIDTH="75" HEIGHT="29" WC="0.92" CONTENT="Den"/><SP WIDTH="23" VPOS="543" HPOS="1680"/>
							<String ID="string_80" HPOS="1703" VPOS="543" WIDTH="79" HEIGHT="38" WC="0.92" CONTENT="väg-"/>
						</TextLine>
						<TextLine ID="line_8" HPOS="278" VPOS="592" WIDTH="1509" HEIGHT="40">
							<String ID="string_81" HPOS="278" VPOS="592" WIDTH="147" HEIGHT="30" WC="0.95" CONTENT="ledande"/><SP WIDTH="23" VPOS="592" HPOS="425"/>
							<String ID="string_82" HPOS="448" VPOS="593" WIDTH="225" HEIGHT="39" WC="0.96" CONTENT="synpunkten"/><SP WIDTH="22" VPOS="593" HPOS="673"/>
							<String ID="string_83" HPOS="695" VPOS="593" WIDTH="61" HEIGHT="29" WC="0.96" CONTENT="bör"/><SP WIDTH="22" VPOS="593" HPOS="756"/>
							<String ID="string_84" HPOS="778" VPOS="592" WIDTH="108" HEIGHT="40" WC="0.96" CONTENT="enligt"/><SP WIDTH="22" VPOS="592" HPOS="886"/>
							<String ID="string_85" HPOS="908" VPOS="592" WIDTH="73" HEIGHT="30" WC="0.96" CONTENT="min"/><SP WIDTH="23" VPOS="592" HPOS="981"/>
							<String ID="string_86" HPOS="1004" VPOS="592" WIDTH="140" HEIGHT="40" WC="0.96" CONTENT="mening"/><SP WIDTH="23" VPOS="592" HPOS="1144"/>
							<String ID="string_87" HPOS="1167" VPOS="602" WIDTH="92" HEIGHT="24" WC="0.96" CONTENT="vara,"/><SP WIDTH="24" VPOS="602" HPOS="1259"/>
							<String ID="string_88" HPOS="1283" VPOS="594" WIDTH="50" HEIGHT="28" WC="0.93" CONTENT="att"/><SP WIDTH="22" VPOS="594" HPOS="1333"/>
							<String ID="string_89" HPOS="1355" VPOS="592" WIDTH="254" HEIGHT="40" WC="0.90" CONTENT="ingripandena"/><SP WIDTH="21" VPOS="592" HPOS="1609"/>
							<String ID="string_90" HPOS="1630" VPOS="592" WIDTH="10" HEIGHT="29" WC="0.93" CONTENT="i"/><SP WIDTH="23" VPOS="592" HPOS="1640"/>
							<String ID="string_91" HPOS="1663" VPOS="601" WIDTH="124" HEIGHT="31" WC="0.91" CONTENT="expor-"/>
						</TextLine>
						<TextLine ID="line_9" HPOS="280" VPOS="643" WIDTH="1502" HEIGHT="40">
							<String ID="string_92" HPOS="280" VPOS="645" WIDTH="56" HEIGHT="28" WC="0.96" CONTENT="ten"/><SP WIDTH="27" VPOS="645" HPOS="336"/>
							<String ID="string_93" HPOS="363" VPOS="644" WIDTH="31" HEIGHT="39" WC="0.96" CONTENT="ej"/><SP WIDTH="29" VPOS="644" HPOS="394"/>
							<String ID="string_94" HPOS="423" VPOS="644" WIDTH="84" HEIGHT="30" WC="0.96" CONTENT="böra"/><SP WIDTH="27" VPOS="644" HPOS="507"/>
							<String ID="string_95" HPOS="534" VPOS="644" WIDTH="100" HEIGHT="38" WC="0.96" CONTENT="göras"/><SP WIDTH="27" VPOS="644" HPOS="634"/>
							<String ID="string_96" HPOS="661" VPOS="652" WIDTH="72" HEIGHT="21" WC="0.96" CONTENT="mer"/><SP WIDTH="27" VPOS="652" HPOS="733"/>
							<String ID="string_97" HPOS="760" VPOS="643" WIDTH="219" HEIGHT="30" WC="0.96" CONTENT="omfattande"/><SP WIDTH="27" VPOS="643" HPOS="979"/>
							<String ID="string_98" HPOS="1006" VPOS="644" WIDTH="44" HEIGHT="29" WC="0.96" CONTENT="än"/><SP WIDTH="28" VPOS="644" HPOS="1050"/>
							<String ID="string_99" HPOS="1078" VPOS="652" WIDTH="74" HEIGHT="21" WC="0.96" CONTENT="som"/><SP WIDTH="27" VPOS="652" HPOS="1152"/>
							<String ID="string_100" HPOS="1179" VPOS="644" WIDTH="38" HEIGHT="29" WC="0.96" CONTENT="är"/><SP WIDTH="26" VPOS="644" HPOS="1217"/>
							<String ID="string_101" HPOS="1243" VPOS="643" WIDTH="214" HEIGHT="39" WC="0.96" CONTENT="nödvändigt"/><SP WIDTH="27" VPOS="643" HPOS="1457"/>
							<String ID="string_102" HPOS="1484" VPOS="643" WIDTH="54" HEIGHT="30" WC="0.96" CONTENT="för"/><SP WIDTH="27" VPOS="643" HPOS="1538"/>
							<String ID="string_103" HPOS="1565" VPOS="645" WIDTH="50" HEIGHT="27" WC="0.96" CONTENT="att"/><SP WIDTH="27" VPOS="645" HPOS="1615"/>
							<String ID="string_104" HPOS="1642" VPOS="643" WIDTH="72" HEIGHT="30" WC="0.96" CONTENT="lösa"/><SP WIDTH="27" VPOS="643" HPOS="1714"/>
							<String ID="string_105" HPOS="1741" VPOS="643" WIDTH="41" HEIGHT="29" WC="0.96" CONTENT="de"/>
						</TextLine>
						<TextLine ID="line_10" HPOS="277" VPOS="692" WIDTH="1505" HEIGHT="41">
							<String ID="string_106" HPOS="277" VPOS="694" WIDTH="168" HEIGHT="39" WC="0.96" CONTENT="problem,"/><SP WIDTH="22" VPOS="694" HPOS="445"/>
							<String ID="string_107" HPOS="467" VPOS="702" WIDTH="74" HEIGHT="21" WC="0.96" CONTENT="som"/><SP WIDTH="22" VPOS="702" HPOS="541"/>
							<String ID="string_108" HPOS="563" VPOS="694" WIDTH="67" HEIGHT="29" WC="0.96" CONTENT="den"/><SP WIDTH="21" VPOS="694" HPOS="630"/>
							<String ID="string_109" HPOS="651" VPOS="703" WIDTH="42" HEIGHT="20" WC="0.96" CONTENT="av"/><SP WIDTH="20" VPOS="703" HPOS="693"/>
							<String ID="string_110" HPOS="713" VPOS="692" WIDTH="92" HEIGHT="31" WC="0.96" CONTENT="vissa"/><SP WIDTH="21" VPOS="692" HPOS="805"/>
							<String ID="string_111" HPOS="826" VPOS="693" WIDTH="121" HEIGHT="30" WC="0.96" CONTENT="länder"/><SP WIDTH="22" VPOS="693" HPOS="947"/>
							<String ID="string_112" HPOS="969" VPOS="693" WIDTH="226" HEIGHT="39" WC="0.93" CONTENT="genomförda"/><SP WIDTH="22" VPOS="693" HPOS="1195"/>
							<String ID="string_113" HPOS="1217" VPOS="693" WIDTH="309" HEIGHT="39" WC="0.91" CONTENT="centraliseringen"/><SP WIDTH="20" VPOS="693" HPOS="1526"/>
							<String ID="string_114" HPOS="1546" VPOS="703" WIDTH="42" HEIGHT="20" WC="0.96" CONTENT="av"/><SP WIDTH="20" VPOS="703" HPOS="1588"/>
							<String ID="string_115" HPOS="1608" VPOS="693" WIDTH="174" HEIGHT="39" WC="0.95" CONTENT="importen"/>
						</TextLine>
						<TextLine ID="line_11" HPOS="278" VPOS="743" WIDTH="1505" HEIGHT="40">
							<String ID="string_116" HPOS="278" VPOS="743" WIDTH="163" HEIGHT="30" WC="0.95" CONTENT="medfört."/><SP WIDTH="24" VPOS="743" HPOS="441"/>
							<String ID="string_117" HPOS="465" VPOS="743" WIDTH="87" HEIGHT="30" WC="0.96" CONTENT="Över"/><SP WIDTH="22" VPOS="743" HPOS="552"/>
							<String ID="string_118" HPOS="574" VPOS="743" WIDTH="120" HEIGHT="30" WC="0.96" CONTENT="huvud"/><SP WIDTH="21" VPOS="743" HPOS="694"/>
							<String ID="string_119" HPOS="715" VPOS="744" WIDTH="62" HEIGHT="29" WC="0.96" CONTENT="bör"/><SP WIDTH="21" VPOS="744" HPOS="777"/>
							<String ID="string_120" HPOS="798" VPOS="743" WIDTH="217" HEIGHT="40" WC="0.96" CONTENT="regleringen"/><SP WIDTH="20" VPOS="743" HPOS="1015"/>
							<String ID="string_121" HPOS="1035" VPOS="743" WIDTH="77" HEIGHT="30" WC="0.96" CONTENT="icke"/><SP WIDTH="22" VPOS="743" HPOS="1112"/>
							<String ID="string_122" HPOS="1134" VPOS="753" WIDTH="47" HEIGHT="20" WC="0.96" CONTENT="nu"/><SP WIDTH="23" VPOS="753" HPOS="1181"/>
							<String ID="string_123" HPOS="1204" VPOS="743" WIDTH="91" HEIGHT="30" WC="0.96" CONTENT="låsas"/><SP WIDTH="23" VPOS="743" HPOS="1295"/>
							<String ID="string_124" HPOS="1318" VPOS="743" WIDTH="70" HEIGHT="30" WC="0.96" CONTENT="fast"/><SP WIDTH="22" VPOS="743" HPOS="1388"/>
							<String ID="string_125" HPOS="1410" VPOS="745" WIDTH="85" HEIGHT="28" WC="0.96" CONTENT="utan"/><SP WIDTH="22" VPOS="745" HPOS="1495"/>
							<String ID="string_126" HPOS="1517" VPOS="743" WIDTH="183" HEIGHT="39" WC="0.96" CONTENT="möjlighet"/><SP WIDTH="21" VPOS="743" HPOS="1700"/>
							<String ID="string_127" HPOS="1721" VPOS="744" WIDTH="62" HEIGHT="29" WC="0.96" CONTENT="bör"/>
						</TextLine>
						<TextLine ID="line_12" HPOS="279" VPOS="793" WIDTH="1506" HEIGHT="41">
							<String ID="string_128" HPOS="279" VPOS="794" WIDTH="119" HEIGHT="30" WC="0.96" CONTENT="finnas"/><SP WIDTH="18" VPOS="794" HPOS="398"/>
							<String ID="string_129" HPOS="416" VPOS="796" WIDTH="50" HEIGHT="28" WC="0.96" CONTENT="att"/><SP WIDTH="17" VPOS="796" HPOS="466"/>
							<String ID="string_130" HPOS="483" VPOS="803" WIDTH="151" HEIGHT="31" WC="0.96" CONTENT="anpassa"/><SP WIDTH="16" VPOS="803" HPOS="634"/>
							<String ID="string_131" HPOS="650" VPOS="794" WIDTH="205" HEIGHT="30" WC="0.96" CONTENT="densamma"/><SP WIDTH="17" VPOS="794" HPOS="855"/>
							<String ID="string_132" HPOS="872" VPOS="794" WIDTH="88" HEIGHT="29" WC="0.96" CONTENT="efter"/><SP WIDTH="16" VPOS="794" HPOS="960"/>
							<String ID="string_133" HPOS="976" VPOS="794" WIDTH="41" HEIGHT="30" WC="0.96" CONTENT="de"/><SP WIDTH="19" VPOS="794" HPOS="1017"/>
							<String ID="string_134" HPOS="1036" VPOS="793" WIDTH="178" HEIGHT="31" WC="0.96" CONTENT="skiftande"/><SP WIDTH="16" VPOS="793" HPOS="1214"/>
							<String ID="string_135" HPOS="1230" VPOS="794" WIDTH="218" HEIGHT="38" WC="0.96" CONTENT="betingelser,"/><SP WIDTH="20" VPOS="794" HPOS="1448"/>
							<String ID="string_136" HPOS="1468" VPOS="802" WIDTH="74" HEIGHT="21" WC="0.96" CONTENT="som"/><SP WIDTH="18" VPOS="802" HPOS="1542"/>
							<String ID="string_137" HPOS="1560" VPOS="794" WIDTH="121" HEIGHT="29" WC="0.93" CONTENT="kunna"/><SP WIDTH="17" VPOS="794" HPOS="1681"/>
							<String ID="string_138" HPOS="1698" VPOS="803" WIDTH="87" HEIGHT="30" WC="0.92" CONTENT="upp-"/>
						</TextLine>
						<TextLine ID="line_13" HPOS="279" VPOS="843" WIDTH="1505" HEIGHT="41">
							<String ID="string_139" HPOS="279" VPOS="844" WIDTH="53" HEIGHT="30" WC="0.96" CONTENT="stå"/><SP WIDTH="25" VPOS="844" HPOS="332"/>
							<String ID="string_140" HPOS="357" VPOS="844" WIDTH="58" HEIGHT="30" WC="0.96" CONTENT="vid"/><SP WIDTH="24" VPOS="844" HPOS="415"/>
							<String ID="string_141" HPOS="439" VPOS="844" WIDTH="92" HEIGHT="30" WC="0.95" CONTENT="olika"/><SP WIDTH="24" VPOS="844" HPOS="531"/>
							<String ID="string_142" HPOS="555" VPOS="843" WIDTH="205" HEIGHT="41" WC="0.96" CONTENT="tidpunkter"/><SP WIDTH="24" VPOS="843" HPOS="760"/>
							<String ID="string_143" HPOS="784" VPOS="844" WIDTH="65" HEIGHT="30" WC="0.96" CONTENT="och"/><SP WIDTH="25" VPOS="844" HPOS="849"/>
							<String ID="string_144" HPOS="874" VPOS="844" WIDTH="55" HEIGHT="30" WC="0.96" CONTENT="för"/><SP WIDTH="25" VPOS="844" HPOS="929"/>
							<String ID="string_145" HPOS="954" VPOS="844" WIDTH="113" HEIGHT="30" WC="0.96" CONTENT="skilda"/><SP WIDTH="25" VPOS="844" HPOS="1067"/>
							<String ID="string_146" HPOS="1092" VPOS="844" WIDTH="177" HEIGHT="30" WC="0.96" CONTENT="områden."/><SP WIDTH="28" VPOS="844" HPOS="1269"/>
							<String ID="string_147" HPOS="1297" VPOS="844" WIDTH="125" HEIGHT="39" WC="0.95" CONTENT="Kungl."/><SP WIDTH="26" VPOS="844" HPOS="1422"/>
							<String ID="string_148" HPOS="1448" VPOS="844" WIDTH="105" HEIGHT="39" WC="0.95" CONTENT="Maj:t"/><SP WIDTH="25" VPOS="844" HPOS="1553"/>
							<String ID="string_149" HPOS="1578" VPOS="844" WIDTH="91" HEIGHT="34" WC="0.95" CONTENT="eller,"/><SP WIDTH="26" VPOS="844" HPOS="1669"/>
							<String ID="string_150" HPOS="1695" VPOS="844" WIDTH="89" HEIGHT="29" WC="0.96" CONTENT="efter"/>
						</TextLine>
						<TextLine ID="line_14" HPOS="278" VPOS="894" WIDTH="1508" HEIGHT="40">
							<String ID="string_151" HPOS="278" VPOS="895" WIDTH="127" HEIGHT="38" WC="0.96" CONTENT="Kungl."/><SP WIDTH="20" VPOS="895" HPOS="405"/>
							<String ID="string_152" HPOS="425" VPOS="895" WIDTH="122" HEIGHT="39" WC="0.96" CONTENT="Maj:ts"/><SP WIDTH="20" VPOS="895" HPOS="547"/>
							<String ID="string_153" HPOS="567" VPOS="894" WIDTH="288" HEIGHT="40" WC="0.96" CONTENT="bemyndigande,"/><SP WIDTH="21" VPOS="894" HPOS="855"/>
							<String ID="string_154" HPOS="876" VPOS="896" WIDTH="131" HEIGHT="28" WC="0.93" CONTENT="statens"/><SP WIDTH="19" VPOS="896" HPOS="1007"/>
							<String ID="string_155" HPOS="1026" VPOS="895" WIDTH="327" HEIGHT="39" WC="0.89" CONTENT="jordbruksnämnd"/><SP WIDTH="20" VPOS="895" HPOS="1353"/>
							<String ID="string_156" HPOS="1373" VPOS="895" WIDTH="97" HEIGHT="29" WC="0.96" CONTENT="torde"/><SP WIDTH="19" VPOS="895" HPOS="1470"/>
							<String ID="string_157" HPOS="1489" VPOS="895" WIDTH="83" HEIGHT="29" WC="0.96" CONTENT="böra"/><SP WIDTH="20" VPOS="895" HPOS="1572"/>
							<String ID="string_158" HPOS="1592" VPOS="896" WIDTH="64" HEIGHT="36" WC="0.93" CONTENT="äga"/><SP WIDTH="17" VPOS="896" HPOS="1656"/>
							<String ID="string_159" HPOS="1673" VPOS="894" WIDTH="113" HEIGHT="30" WC="0.87" CONTENT="utfor-"/>
						</TextLine>
						<TextLine ID="line_15" HPOS="279" VPOS="945" WIDTH="1398" HEIGHT="39">
							<String ID="string_160" HPOS="279" VPOS="954" WIDTH="56" HEIGHT="21" WC="0.96" CONTENT="ma"/><SP WIDTH="19" VPOS="954" HPOS="335"/>
							<String ID="string_161" HPOS="354" VPOS="945" WIDTH="217" HEIGHT="39" WC="0.96" CONTENT="regleringen"/><SP WIDTH="19" VPOS="945" HPOS="571"/>
							<String ID="string_162" HPOS="590" VPOS="954" WIDTH="41" HEIGHT="21" WC="0.96" CONTENT="av"/><SP WIDTH="20" VPOS="954" HPOS="631"/>
							<String ID="string_163" HPOS="651" VPOS="947" WIDTH="165" HEIGHT="37" WC="0.96" CONTENT="exporten"/><SP WIDTH="19" VPOS="947" HPOS="816"/>
							<String ID="string_164" HPOS="835" VPOS="945" WIDTH="79" HEIGHT="30" WC="0.96" CONTENT="med"/><SP WIDTH="20" VPOS="945" HPOS="914"/>
							<String ID="string_165" HPOS="934" VPOS="945" WIDTH="194" HEIGHT="29" WC="0.96" CONTENT="beaktande"/><SP WIDTH="20" VPOS="945" HPOS="1128"/>
							<String ID="string_166" HPOS="1148" VPOS="954" WIDTH="41" HEIGHT="21" WC="0.96" CONTENT="av"/><SP WIDTH="19" VPOS="954" HPOS="1189"/>
							<String ID="string_167" HPOS="1208" VPOS="954" WIDTH="47" HEIGHT="20" WC="0.96" CONTENT="nu"/><SP WIDTH="19" VPOS="954" HPOS="1255"/>
							<String ID="string_168" HPOS="1274" VPOS="945" WIDTH="155" HEIGHT="30" WC="0.96" CONTENT="nämnda"/><SP WIDTH="20" VPOS="945" HPOS="1429"/>
							<String ID="string_169" HPOS="1449" VPOS="945" WIDTH="228" HEIGHT="39" WC="0.95" CONTENT="synpunkter."/>
						</TextLine>
					</TextBlock>
					<TextBlock ID="block_2" HPOS="278" VPOS="995" WIDTH="1508" HEIGHT="291">
						<TextLine ID="line_16" HPOS="323" VPOS="995" WIDTH="1463" HEIGHT="39">
							<String ID="string_170" HPOS="323" VPOS="996" WIDTH="13" HEIGHT="29" WC="0.96" CONTENT="I"/><SP WIDTH="26" VPOS="996" HPOS="336"/>
							<String ID="string_171" HPOS="362" VPOS="995" WIDTH="110" HEIGHT="30" WC="0.96" CONTENT="likhet"/><SP WIDTH="25" VPOS="995" HPOS="472"/>
							<String ID="string_172" HPOS="497" VPOS="995" WIDTH="79" HEIGHT="30" WC="0.96" CONTENT="med"/><SP WIDTH="26" VPOS="995" HPOS="576"/>
							<String ID="string_173" HPOS="602" VPOS="997" WIDTH="130" HEIGHT="28" WC="0.93" CONTENT="statens"/><SP WIDTH="26" VPOS="997" HPOS="732"/>
							<String ID="string_174" HPOS="758" VPOS="995" WIDTH="382" HEIGHT="30" WC="0.90" CONTENT="handelskommission"/><SP WIDTH="25" VPOS="995" HPOS="1140"/>
							<String ID="string_175" HPOS="1165" VPOS="1004" WIDTH="101" HEIGHT="21" WC="0.95" CONTENT="anser"/><SP WIDTH="25" VPOS="1004" HPOS="1266"/>
							<String ID="string_176" HPOS="1291" VPOS="995" WIDTH="60" HEIGHT="39" WC="0.96" CONTENT="jag"/><SP WIDTH="25" VPOS="995" HPOS="1351"/>
							<String ID="string_177" HPOS="1376" VPOS="996" WIDTH="57" HEIGHT="29" WC="0.93" CONTENT="det"/><SP WIDTH="24" VPOS="996" HPOS="1433"/>
							<String ID="string_178" HPOS="1457" VPOS="995" WIDTH="172" HEIGHT="39" WC="0.91" CONTENT="riktigast,"/><SP WIDTH="26" VPOS="995" HPOS="1629"/>
							<String ID="string_179" HPOS="1655" VPOS="997" WIDTH="50" HEIGHT="27" WC="0.93" CONTENT="att"/><SP WIDTH="24" VPOS="997" HPOS="1705"/>
							<String ID="string_180" HPOS="1729" VPOS="1004" WIDTH="57" HEIGHT="20" WC="0.93" CONTENT="ex-"/>
						</TextLine>
						<TextLine ID="line_17" HPOS="278" VPOS="1045" WIDTH="1507" HEIGHT="40">
							<String ID="string_181" HPOS="278" VPOS="1045" WIDTH="297" HEIGHT="40" WC="0.91" CONTENT="portregleringen"/><SP WIDTH="24" VPOS="1045" HPOS="575"/>
							<String ID="string_182" HPOS="599" VPOS="1046" WIDTH="30" HEIGHT="39" WC="0.96" CONTENT="ej"/><SP WIDTH="27" VPOS="1046" HPOS="629"/>
							<String ID="string_183" HPOS="656" VPOS="1046" WIDTH="152" HEIGHT="39" WC="0.96" CONTENT="grundas"/><SP WIDTH="24" VPOS="1046" HPOS="808"/>
							<String ID="string_184" HPOS="832" VPOS="1045" WIDTH="45" HEIGHT="40" WC="0.96" CONTENT="på"/><SP WIDTH="22" VPOS="1045" HPOS="877"/>
							<String ID="string_185" HPOS="899" VPOS="1055" WIDTH="46" HEIGHT="20" WC="0.96" CONTENT="nu"/><SP WIDTH="26" VPOS="1055" HPOS="945"/>
							<String ID="string_186" HPOS="971" VPOS="1046" WIDTH="158" HEIGHT="38" WC="0.93" CONTENT="gällande"/><SP WIDTH="24" VPOS="1046" HPOS="1129"/>
							<String ID="string_187" HPOS="1153" VPOS="1045" WIDTH="491" HEIGHT="40" WC="0.90" CONTENT="exportförbudskungörelse,"/><SP WIDTH="24" VPOS="1045" HPOS="1644"/>
							<String ID="string_188" HPOS="1668" VPOS="1045" WIDTH="117" HEIGHT="28" WC="0.96" CONTENT="vilken"/>
						</TextLine>
						<TextLine ID="line_18" HPOS="278" VPOS="1095" WIDTH="1506" HEIGHT="40">
							<String ID="string_189" HPOS="278" VPOS="1096" WIDTH="64" HEIGHT="29" WC="0.96" CONTENT="har"/><SP WIDTH="23" VPOS="1096" HPOS="342"/>
							<String ID="string_190" HPOS="365" VPOS="1096" WIDTH="167" HEIGHT="30" WC="0.96" CONTENT="karaktär"/><SP WIDTH="22" VPOS="1096" HPOS="532"/>
							<String ID="string_191" HPOS="554" VPOS="1105" WIDTH="42" HEIGHT="21" WC="0.93" CONTENT="av"/><SP WIDTH="22" VPOS="1105" HPOS="596"/>
							<String ID="string_192" HPOS="618" VPOS="1095" WIDTH="296" HEIGHT="40" WC="0.91" CONTENT="krisförfattning."/><SP WIDTH="24" VPOS="1095" HPOS="914"/>
							<String ID="string_193" HPOS="938" VPOS="1095" WIDTH="233" HEIGHT="30" WC="0.96" CONTENT="Föreskrifter"/><SP WIDTH="21" VPOS="1095" HPOS="1171"/>
							<String ID="string_194" HPOS="1192" VPOS="1105" WIDTH="56" HEIGHT="20" WC="0.96" CONTENT="om"/><SP WIDTH="23" VPOS="1105" HPOS="1248"/>
							<String ID="string_195" HPOS="1271" VPOS="1096" WIDTH="57" HEIGHT="29" WC="0.93" CONTENT="det"/><SP WIDTH="22" VPOS="1096" HPOS="1328"/>
							<String ID="string_196" HPOS="1350" VPOS="1095" WIDTH="215" HEIGHT="39" WC="0.92" CONTENT="licenstvång"/><SP WIDTH="22" VPOS="1095" HPOS="1565"/>
							<String ID="string_197" HPOS="1587" VPOS="1096" WIDTH="55" HEIGHT="29" WC="0.96" CONTENT="för"/><SP WIDTH="21" VPOS="1096" HPOS="1642"/>
							<String ID="string_198" HPOS="1663" VPOS="1097" WIDTH="121" HEIGHT="38" WC="0.96" CONTENT="export"/>
						</TextLine>
						<TextLine ID="line_19" HPOS="279" VPOS="1145" WIDTH="1504" HEIGHT="40">
							<String ID="string_199" HPOS="279" VPOS="1156" WIDTH="42" HEIGHT="20" WC="0.96" CONTENT="av"/><SP WIDTH="26" VPOS="1156" HPOS="321"/>
							<String ID="string_200" HPOS="347" VPOS="1146" WIDTH="82" HEIGHT="34" WC="0.96" CONTENT="fisk,"/><SP WIDTH="26" VPOS="1146" HPOS="429"/>
							<String ID="string_201" HPOS="455" VPOS="1155" WIDTH="75" HEIGHT="21" WC="0.96" CONTENT="som"/><SP WIDTH="26" VPOS="1155" HPOS="530"/>
							<String ID="string_202" HPOS="556" VPOS="1146" WIDTH="90" HEIGHT="30" WC="0.95" CONTENT="skall"/><SP WIDTH="26" VPOS="1146" HPOS="646"/>
							<String ID="string_203" HPOS="672" VPOS="1146" WIDTH="89" HEIGHT="39" WC="0.96" CONTENT="ligga"/><SP WIDTH="25" VPOS="1146" HPOS="761"/>
							<String ID="string_204" HPOS="786" VPOS="1146" WIDTH="53" HEIGHT="29" WC="0.96" CONTENT="till"/><SP WIDTH="27" VPOS="1146" HPOS="839"/>
							<String ID="string_205" HPOS="866" VPOS="1146" WIDTH="112" HEIGHT="39" WC="0.96" CONTENT="grund"/><SP WIDTH="26" VPOS="1146" HPOS="978"/>
							<String ID="string_206" HPOS="1004" VPOS="1146" WIDTH="55" HEIGHT="30" WC="0.93" CONTENT="för"/><SP WIDTH="25" VPOS="1146" HPOS="1059"/>
							<String ID="string_207" HPOS="1084" VPOS="1145" WIDTH="320" HEIGHT="40" WC="0.90" CONTENT="centraliseringen,"/><SP WIDTH="27" VPOS="1145" HPOS="1404"/>
							<String ID="string_208" HPOS="1431" VPOS="1146" WIDTH="98" HEIGHT="29" WC="0.96" CONTENT="torde"/><SP WIDTH="26" VPOS="1146" HPOS="1529"/>
							<String ID="string_209" HPOS="1555" VPOS="1146" WIDTH="120" HEIGHT="30" WC="0.96" CONTENT="därför"/><SP WIDTH="25" VPOS="1146" HPOS="1675"/>
							<String ID="string_210" HPOS="1700" VPOS="1146" WIDTH="83" HEIGHT="29" WC="0.96" CONTENT="böra"/>
						</TextLine>
						<TextLine ID="line_20" HPOS="279" VPOS="1196" WIDTH="1505" HEIGHT="39">
							<String ID="string_211" HPOS="279" VPOS="1197" WIDTH="178" HEIGHT="29" WC="0.95" CONTENT="meddelas"/><SP WIDTH="22" VPOS="1197" HPOS="457"/>
							<String ID="string_212" HPOS="479" VPOS="1196" WIDTH="11" HEIGHT="29" WC="0.96" CONTENT="i"/><SP WIDTH="22" VPOS="1196" HPOS="490"/>
							<String ID="string_213" HPOS="512" VPOS="1206" WIDTH="42" HEIGHT="20" WC="0.96" CONTENT="en"/><SP WIDTH="22" VPOS="1206" HPOS="554"/>
							<String ID="string_214" HPOS="576" VPOS="1196" WIDTH="150" HEIGHT="30" WC="0.96" CONTENT="särskild"/><SP WIDTH="22" VPOS="1196" HPOS="726"/>
							<String ID="string_215" HPOS="748" VPOS="1196" WIDTH="219" HEIGHT="39" WC="0.96" CONTENT="kungörelse."/><SP WIDTH="23" VPOS="1196" HPOS="967"/>
							<String ID="string_216" HPOS="990" VPOS="1196" WIDTH="65" HEIGHT="39" WC="0.96" CONTENT="Jag"/><SP WIDTH="21" VPOS="1196" HPOS="1055"/>
							<String ID="string_217" HPOS="1076" VPOS="1197" WIDTH="98" HEIGHT="29" WC="0.96" CONTENT="torde"/><SP WIDTH="22" VPOS="1197" HPOS="1174"/>
							<String ID="string_218" HPOS="1196" VPOS="1205" WIDTH="122" HEIGHT="21" WC="0.96" CONTENT="senare"/><SP WIDTH="22" VPOS="1205" HPOS="1318"/>
							<String ID="string_219" HPOS="1340" VPOS="1196" WIDTH="90" HEIGHT="39" WC="0.96" CONTENT="ånyo"/><SP WIDTH="22" VPOS="1196" HPOS="1430"/>
							<String ID="string_220" HPOS="1452" VPOS="1196" WIDTH="36" HEIGHT="30" WC="0.96" CONTENT="få"/><SP WIDTH="21" VPOS="1196" HPOS="1488"/>
							<String ID="string_221" HPOS="1509" VPOS="1196" WIDTH="140" HEIGHT="30" WC="0.96" CONTENT="anmäla"/><SP WIDTH="21" VPOS="1196" HPOS="1649"/>
							<String ID="string_222" HPOS="1670" VPOS="1196" WIDTH="114" HEIGHT="30" WC="0.96" CONTENT="denna"/>
						</TextLine>
						<TextLine ID="line_21" HPOS="279" VPOS="1245" WIDTH="461" HEIGHT="41">
							<String ID="string_223" HPOS="279" VPOS="1246" WIDTH="100" HEIGHT="40" WC="0.96" CONTENT="fråga"/><SP WIDTH="22" VPOS="1246" HPOS="379"/>
							<String ID="string_224" HPOS="401" VPOS="1246" WIDTH="55" HEIGHT="30" WC="0.96" CONTENT="för"/><SP WIDTH="21" VPOS="1246" HPOS="456"/>
							<String ID="string_225" HPOS="477" VPOS="1245" WIDTH="126" HEIGHT="41" WC="0.95" CONTENT="Kungl."/><SP WIDTH="23" VPOS="1245" HPOS="603"/>
							<String ID="string_226" HPOS="626" VPOS="1246" WIDTH="114" HEIGHT="40" WC="0.96" CONTENT="Maj:t."/>
						</TextLine>
					</TextBlock>
					<TextBlock ID="block_3" HPOS="279" VPOS="1296" WIDTH="1510" HEIGHT="393">
						<TextLine ID="line_22" HPOS="324" VPOS="1296" WIDTH="1463" HEIGHT="41">
							<String ID="string_227" HPOS="324" VPOS="1298" WIDTH="13" HEIGHT="29" WC="0.96" CONTENT="I"/><SP WIDTH="25" VPOS="1298" HPOS="337"/>
							<String ID="string_228" HPOS="362" VPOS="1298" WIDTH="95" HEIGHT="29" WC="0.96" CONTENT="detta"/><SP WIDTH="23" VPOS="1298" HPOS="457"/>
							<String ID="string_229" HPOS="480" VPOS="1297" WIDTH="255" HEIGHT="39" WC="0.96" CONTENT="sammanhang"/><SP WIDTH="23" VPOS="1297" HPOS="735"/>
							<String ID="string_230" HPOS="758" VPOS="1296" WIDTH="59" HEIGHT="30" WC="0.96" CONTENT="vill"/><SP WIDTH="23" VPOS="1296" HPOS="817"/>
							<String ID="string_231" HPOS="840" VPOS="1297" WIDTH="60" HEIGHT="39" WC="0.95" CONTENT="jag"/><SP WIDTH="23" VPOS="1297" HPOS="900"/>
							<String ID="string_232" HPOS="923" VPOS="1298" WIDTH="86" HEIGHT="28" WC="0.96" CONTENT="även"/><SP WIDTH="23" VPOS="1298" HPOS="1009"/>
							<String ID="string_233" HPOS="1032" VPOS="1296" WIDTH="105" HEIGHT="40" WC="0.96" CONTENT="något"/><SP WIDTH="23" VPOS="1296" HPOS="1137"/>
							<String ID="string_234" HPOS="1160" VPOS="1297" WIDTH="122" HEIGHT="30" WC="0.96" CONTENT="beröra"/><SP WIDTH="24" VPOS="1297" HPOS="1282"/>
							<String ID="string_235" HPOS="1306" VPOS="1296" WIDTH="42" HEIGHT="30" WC="0.96" CONTENT="de"/><SP WIDTH="25" VPOS="1296" HPOS="1348"/>
							<String ID="string_236" HPOS="1373" VPOS="1297" WIDTH="228" HEIGHT="40" WC="0.96" CONTENT="synpunkter,"/><SP WIDTH="26" VPOS="1297" HPOS="1601"/>
							<String ID="string_237" HPOS="1627" VPOS="1305" WIDTH="75" HEIGHT="21" WC="0.89" CONTENT="som"/><SP WIDTH="24" VPOS="1305" HPOS="1702"/>
							<String ID="string_238" HPOS="1726" VPOS="1305" WIDTH="61" HEIGHT="21" WC="0.89" CONTENT="an-"/>
						</TextLine>
						<TextLine ID="line_23" HPOS="280" VPOS="1346" WIDTH="1504" HEIGHT="40">
							<String ID="string_239" HPOS="280" VPOS="1348" WIDTH="89" HEIGHT="30" WC="0.96" CONTENT="förts"/><SP WIDTH="28" VPOS="1348" HPOS="369"/>
							<String ID="string_240" HPOS="397" VPOS="1348" WIDTH="11" HEIGHT="28" WC="0.96" CONTENT="i"/><SP WIDTH="29" VPOS="1348" HPOS="408"/>
							<String ID="string_241" HPOS="437" VPOS="1348" WIDTH="65" HEIGHT="29" WC="0.96" CONTENT="den"/><SP WIDTH="28" VPOS="1348" HPOS="502"/>
							<String ID="string_242" HPOS="530" VPOS="1347" WIDTH="96" HEIGHT="30" WC="0.96" CONTENT="förut"/><SP WIDTH="28" VPOS="1347" HPOS="626"/>
							<String ID="string_243" HPOS="654" VPOS="1348" WIDTH="213" HEIGHT="29" WC="0.95" CONTENT="omnämnda"/><SP WIDTH="30" VPOS="1348" HPOS="867"/>
							<String ID="string_244" HPOS="897" VPOS="1346" WIDTH="192" HEIGHT="31" WC="0.95" CONTENT="skrivelsen"/><SP WIDTH="28" VPOS="1346" HPOS="1089"/>
							<String ID="string_245" HPOS="1117" VPOS="1347" WIDTH="80" HEIGHT="29" WC="0.96" CONTENT="från"/><SP WIDTH="28" VPOS="1347" HPOS="1197"/>
							<String ID="string_246" HPOS="1225" VPOS="1349" WIDTH="48" HEIGHT="28" WC="0.96" CONTENT="ett"/><SP WIDTH="28" VPOS="1349" HPOS="1273"/>
							<String ID="string_247" HPOS="1301" VPOS="1347" WIDTH="96" HEIGHT="30" WC="0.93" CONTENT="antal"/><SP WIDTH="29" VPOS="1347" HPOS="1397"/>
							<String ID="string_248" HPOS="1426" VPOS="1347" WIDTH="264" HEIGHT="39" WC="0.90" CONTENT="salteriföretag."/><SP WIDTH="30" VPOS="1347" HPOS="1690"/>
							<String ID="string_249" HPOS="1720" VPOS="1347" WIDTH="64" HEIGHT="38" WC="0.96" CONTENT="Jag"/>
						</TextLine>
						<TextLine ID="line_24" HPOS="279" VPOS="1397" WIDTH="1510" HEIGHT="40">
							<String ID="string_250" HPOS="279" VPOS="1398" WIDTH="157" HEIGHT="30" WC="0.96" CONTENT="uttalade"/><SP WIDTH="24" VPOS="1398" HPOS="436"/>
							<String ID="string_251" HPOS="460" VPOS="1398" WIDTH="109" HEIGHT="30" WC="0.96" CONTENT="redan"/><SP WIDTH="25" VPOS="1398" HPOS="569"/>
							<String ID="string_252" HPOS="594" VPOS="1397" WIDTH="10" HEIGHT="29" WC="0.96" CONTENT="i"/><SP WIDTH="25" VPOS="1397" HPOS="604"/>
							<String ID="string_253" HPOS="629" VPOS="1397" WIDTH="262" HEIGHT="40" WC="0.96" CONTENT="propositionen"/><SP WIDTH="26" VPOS="1397" HPOS="891"/>
							<String ID="string_254" HPOS="917" VPOS="1407" WIDTH="41" HEIGHT="20" WC="0.96" CONTENT="nr"/><SP WIDTH="25" VPOS="1407" HPOS="958"/>
							<String ID="string_255" HPOS="983" VPOS="1397" WIDTH="41" HEIGHT="30" WC="0.96" CONTENT="48"/><SP WIDTH="24" VPOS="1397" HPOS="1024"/>
							<String ID="string_256" HPOS="1048" VPOS="1397" WIDTH="52" HEIGHT="30" WC="0.96" CONTENT="till"/><SP WIDTH="29" VPOS="1397" HPOS="1100"/>
							<String ID="string_257" HPOS="1129" VPOS="1397" WIDTH="83" HEIGHT="30" WC="0.95" CONTENT="1948"/><SP WIDTH="26" VPOS="1397" HPOS="1212"/>
							<String ID="string_258" HPOS="1238" VPOS="1397" WIDTH="56" HEIGHT="30" WC="0.96" CONTENT="års"/><SP WIDTH="26" VPOS="1397" HPOS="1294"/>
							<String ID="string_259" HPOS="1320" VPOS="1397" WIDTH="143" HEIGHT="39" WC="0.96" CONTENT="riksdag"/><SP WIDTH="25" VPOS="1397" HPOS="1463"/>
							<String ID="string_260" HPOS="1488" VPOS="1399" WIDTH="50" HEIGHT="28" WC="0.96" CONTENT="att"/><SP WIDTH="26" VPOS="1399" HPOS="1538"/>
							<String ID="string_261" HPOS="1564" VPOS="1398" WIDTH="57" HEIGHT="29" WC="0.93" CONTENT="det"/><SP WIDTH="26" VPOS="1398" HPOS="1621"/>
							<String ID="string_262" HPOS="1647" VPOS="1405" WIDTH="142" HEIGHT="31" WC="0.92" CONTENT="genom-"/>
						</TextLine>
						<TextLine ID="line_25" HPOS="280" VPOS="1447" WIDTH="1507" HEIGHT="41">
							<String ID="string_263" HPOS="280" VPOS="1448" WIDTH="158" HEIGHT="39" WC="0.92" CONTENT="snittliga"/><SP WIDTH="22" VPOS="1448" HPOS="438"/>
							<String ID="string_264" HPOS="460" VPOS="1448" WIDTH="108" HEIGHT="39" WC="0.96" CONTENT="priset"/><SP WIDTH="22" VPOS="1448" HPOS="568"/>
							<String ID="string_265" HPOS="590" VPOS="1448" WIDTH="44" HEIGHT="40" WC="0.96" CONTENT="på"/><SP WIDTH="23" VPOS="1448" HPOS="634"/>
							<String ID="string_266" HPOS="657" VPOS="1447" WIDTH="70" HEIGHT="30" WC="0.96" CONTENT="fisk"/><SP WIDTH="23" VPOS="1447" HPOS="727"/>
							<String ID="string_267" HPOS="750" VPOS="1448" WIDTH="111" HEIGHT="29" WC="0.96" CONTENT="måste"/><SP WIDTH="23" VPOS="1448" HPOS="861"/>
							<String ID="string_268" HPOS="884" VPOS="1447" WIDTH="172" HEIGHT="30" WC="0.96" CONTENT="beräknas"/><SP WIDTH="24" VPOS="1447" HPOS="1056"/>
							<String ID="string_269" HPOS="1080" VPOS="1448" WIDTH="142" HEIGHT="29" WC="0.96" CONTENT="komma"/><SP WIDTH="24" VPOS="1448" HPOS="1222"/>
							<String ID="string_270" HPOS="1246" VPOS="1449" WIDTH="50" HEIGHT="28" WC="0.96" CONTENT="att"/><SP WIDTH="24" VPOS="1449" HPOS="1296"/>
							<String ID="string_271" HPOS="1320" VPOS="1447" WIDTH="92" HEIGHT="40" WC="0.96" CONTENT="ligga"/><SP WIDTH="22" VPOS="1447" HPOS="1412"/>
							<String ID="string_272" HPOS="1434" VPOS="1449" WIDTH="81" HEIGHT="28" WC="0.93" CONTENT="över"/><SP WIDTH="22" VPOS="1449" HPOS="1515"/>
							<String ID="string_273" HPOS="1537" VPOS="1447" WIDTH="250" HEIGHT="40" WC="0.91" CONTENT="minimipriset"/>
						</TextLine>
						<TextLine ID="line_26" HPOS="280" VPOS="1497" WIDTH="1508" HEIGHT="41">
							<String ID="string_274" HPOS="280" VPOS="1499" WIDTH="65" HEIGHT="29" WC="0.96" CONTENT="och"/><SP WIDTH="21" VPOS="1499" HPOS="345"/>
							<String ID="string_275" HPOS="366" VPOS="1500" WIDTH="51" HEIGHT="28" WC="0.93" CONTENT="att"/><SP WIDTH="22" VPOS="1500" HPOS="417"/>
							<String ID="string_276" HPOS="439" VPOS="1498" WIDTH="247" HEIGHT="40" WC="0.91" CONTENT="minimipriset"/><SP WIDTH="20" VPOS="1498" HPOS="686"/>
							<String ID="string_277" HPOS="706" VPOS="1498" WIDTH="105" HEIGHT="30" WC="0.96" CONTENT="borde"/><SP WIDTH="22" VPOS="1498" HPOS="811"/>
							<String ID="string_278" HPOS="833" VPOS="1498" WIDTH="193" HEIGHT="30" WC="0.95" CONTENT="fastställas"/><SP WIDTH="22" VPOS="1498" HPOS="1026"/>
							<String ID="string_279" HPOS="1048" VPOS="1497" WIDTH="47" HEIGHT="34" WC="0.96" CONTENT="så,"/><SP WIDTH="23" VPOS="1497" HPOS="1095"/>
							<String ID="string_280" HPOS="1118" VPOS="1500" WIDTH="51" HEIGHT="28" WC="0.96" CONTENT="att"/><SP WIDTH="21" VPOS="1500" HPOS="1169"/>
							<String ID="string_281" HPOS="1190" VPOS="1498" WIDTH="56" HEIGHT="29" WC="0.96" CONTENT="det"/><SP WIDTH="21" VPOS="1498" HPOS="1246"/>
							<String ID="string_282" HPOS="1267" VPOS="1498" WIDTH="232" HEIGHT="30" WC="0.95" CONTENT="medverkade"/><SP WIDTH="21" VPOS="1498" HPOS="1499"/>
							<String ID="string_283" HPOS="1520" VPOS="1498" WIDTH="52" HEIGHT="29" WC="0.96" CONTENT="till"/><SP WIDTH="22" VPOS="1498" HPOS="1572"/>
							<String ID="string_284" HPOS="1594" VPOS="1499" WIDTH="50" HEIGHT="29" WC="0.96" CONTENT="att"/><SP WIDTH="22" VPOS="1499" HPOS="1644"/>
							<String ID="string_285" HPOS="1666" VPOS="1506" WIDTH="38" HEIGHT="30" WC="0.91" CONTENT="ge"/><SP WIDTH="21" VPOS="1506" HPOS="1704"/>
							<String ID="string_286" HPOS="1725" VPOS="1497" WIDTH="63" HEIGHT="30" WC="0.91" CONTENT="fis-"/>
						</TextLine>
						<TextLine ID="line_27" HPOS="280" VPOS="1548" WIDTH="1508" HEIGHT="40">
							<String ID="string_287" HPOS="280" VPOS="1549" WIDTH="133" HEIGHT="29" WC="0.91" CONTENT="karena"/><SP WIDTH="19" VPOS="1549" HPOS="413"/>
							<String ID="string_288" HPOS="432" VPOS="1558" WIDTH="43" HEIGHT="20" WC="0.96" CONTENT="en"/><SP WIDTH="18" VPOS="1558" HPOS="475"/>
							<String ID="string_289" HPOS="493" VPOS="1548" WIDTH="113" HEIGHT="40" WC="0.96" CONTENT="skälig"/><SP WIDTH="19" VPOS="1548" HPOS="606"/>
							<String ID="string_290" HPOS="625" VPOS="1548" WIDTH="165" HEIGHT="30" WC="0.96" CONTENT="inkomst."/><SP WIDTH="21" VPOS="1548" HPOS="790"/>
							<String ID="string_291" HPOS="811" VPOS="1549" WIDTH="12" HEIGHT="29" WC="0.96" CONTENT="I"/><SP WIDTH="21" VPOS="1549" HPOS="823"/>
							<String ID="string_292" HPOS="844" VPOS="1549" WIDTH="67" HEIGHT="29" WC="0.96" CONTENT="den"/><SP WIDTH="19" VPOS="1549" HPOS="911"/>
							<String ID="string_293" HPOS="930" VPOS="1548" WIDTH="82" HEIGHT="30" WC="0.96" CONTENT="mån"/><SP WIDTH="20" VPOS="1548" HPOS="1012"/>
							<String ID="string_294" HPOS="1032" VPOS="1548" WIDTH="37" HEIGHT="30" WC="0.96" CONTENT="så"/><SP WIDTH="20" VPOS="1548" HPOS="1069"/>
							<String ID="string_295" HPOS="1089" VPOS="1548" WIDTH="70" HEIGHT="30" WC="0.96" CONTENT="kan"/><SP WIDTH="20" VPOS="1548" HPOS="1159"/>
							<String ID="string_296" HPOS="1179" VPOS="1548" WIDTH="61" HEIGHT="30" WC="0.96" CONTENT="ske"/><SP WIDTH="20" VPOS="1548" HPOS="1240"/>
							<String ID="string_297" HPOS="1260" VPOS="1550" WIDTH="86" HEIGHT="28" WC="0.96" CONTENT="utan"/><SP WIDTH="21" VPOS="1550" HPOS="1346"/>
							<String ID="string_298" HPOS="1367" VPOS="1550" WIDTH="51" HEIGHT="28" WC="0.96" CONTENT="att"/><SP WIDTH="19" VPOS="1550" HPOS="1418"/>
							<String ID="string_299" HPOS="1437" VPOS="1549" WIDTH="93" HEIGHT="29" WC="0.96" CONTENT="detta"/><SP WIDTH="20" VPOS="1549" HPOS="1530"/>
							<String ID="string_300" HPOS="1550" VPOS="1548" WIDTH="70" HEIGHT="30" WC="0.96" CONTENT="mål"/><SP WIDTH="20" VPOS="1548" HPOS="1620"/>
							<String ID="string_301" HPOS="1640" VPOS="1548" WIDTH="54" HEIGHT="31" WC="0.93" CONTENT="för"/><SP WIDTH="19" VPOS="1548" HPOS="1694"/>
							<String ID="string_302" HPOS="1713" VPOS="1556" WIDTH="75" HEIGHT="31" WC="0.92" CONTENT="reg-"/>
						</TextLine>
						<TextLine ID="line_28" HPOS="279" VPOS="1598" WIDTH="1508" HEIGHT="40">
							<String ID="string_303" HPOS="279" VPOS="1598" WIDTH="401" HEIGHT="40" WC="0.90" CONTENT="leringsverksamheten"/><SP WIDTH="19" VPOS="1598" HPOS="680"/>
							<String ID="string_304" HPOS="699" VPOS="1599" WIDTH="185" HEIGHT="39" WC="0.96" CONTENT="äventyras"/><SP WIDTH="20" VPOS="1599" HPOS="884"/>
							<String ID="string_305" HPOS="904" VPOS="1598" WIDTH="62" HEIGHT="30" WC="0.96" CONTENT="bör"/><SP WIDTH="20" VPOS="1598" HPOS="966"/>
							<String ID="string_306" HPOS="986" VPOS="1598" WIDTH="107" HEIGHT="39" WC="0.95" CONTENT="enligt"/><SP WIDTH="19" VPOS="1598" HPOS="1093"/>
							<String ID="string_307" HPOS="1112" VPOS="1598" WIDTH="74" HEIGHT="30" WC="0.96" CONTENT="min"/><SP WIDTH="20" VPOS="1598" HPOS="1186"/>
							<String ID="string_308" HPOS="1206" VPOS="1598" WIDTH="142" HEIGHT="39" WC="0.92" CONTENT="mening"/><SP WIDTH="20" VPOS="1598" HPOS="1348"/>
							<String ID="string_309" HPOS="1368" VPOS="1598" WIDTH="248" HEIGHT="40" WC="0.91" CONTENT="minimipriset"/><SP WIDTH="21" VPOS="1598" HPOS="1616"/>
							<String ID="string_310" HPOS="1637" VPOS="1599" WIDTH="150" HEIGHT="38" WC="0.91" CONTENT="avvägas"/>
						</TextLine>
						<TextLine ID="line_29" HPOS="280" VPOS="1648" WIDTH="1506" HEIGHT="41">
							<String ID="string_311" HPOS="280" VPOS="1649" WIDTH="48" HEIGHT="34" WC="0.96" CONTENT="så,"/><SP WIDTH="26" VPOS="1649" HPOS="328"/>
							<String ID="string_312" HPOS="354" VPOS="1651" WIDTH="51" HEIGHT="28" WC="0.96" CONTENT="att"/><SP WIDTH="26" VPOS="1651" HPOS="405"/>
							<String ID="string_313" HPOS="431" VPOS="1649" WIDTH="183" HEIGHT="40" WC="0.96" CONTENT="möjlighet"/><SP WIDTH="24" VPOS="1649" HPOS="614"/>
							<String ID="string_314" HPOS="638" VPOS="1649" WIDTH="52" HEIGHT="30" WC="0.95" CONTENT="till"/><SP WIDTH="25" VPOS="1649" HPOS="690"/>
							<String ID="string_315" HPOS="715" VPOS="1649" WIDTH="224" HEIGHT="30" WC="0.96" CONTENT="konkurrens"/><SP WIDTH="26" VPOS="1649" HPOS="939"/>
							<String ID="string_316" HPOS="965" VPOS="1649" WIDTH="110" HEIGHT="30" WC="0.96" CONTENT="under"/><SP WIDTH="25" VPOS="1649" HPOS="1075"/>
							<String ID="string_317" HPOS="1100" VPOS="1648" WIDTH="194" HEIGHT="39" WC="0.96" CONTENT="likvärdiga"/><SP WIDTH="26" VPOS="1648" HPOS="1294"/>
							<String ID="string_318" HPOS="1320" VPOS="1649" WIDTH="245" HEIGHT="30" WC="0.96" CONTENT="förhållanden"/><SP WIDTH="26" VPOS="1649" HPOS="1565"/>
							<String ID="string_319" HPOS="1591" VPOS="1648" WIDTH="195" HEIGHT="40" WC="0.94" CONTENT="föreligger."/>
						</TextLine>
					</TextBlock>
				</ComposedBlock>
				<ComposedBlock ID="cblock_2" HPOS="280" VPOS="1748" WIDTH="1508" HEIGHT="745">
					<TextBlock ID="block_4" HPOS="280" VPOS="1748" WIDTH="1508" HEIGHT="443">
						<TextLine ID="line_30" HPOS="324" VPOS="1748" WIDTH="1464" HEIGHT="41">
							<String ID="string_320" HPOS="324" VPOS="1749" WIDTH="494" HEIGHT="30" WC="0.91" CONTENT="Livsmedelskommissionen"/><SP WIDTH="16" VPOS="1749" HPOS="818"/>
							<String ID="string_321" HPOS="834" VPOS="1749" WIDTH="65" HEIGHT="30" WC="0.96" CONTENT="har"/><SP WIDTH="17" VPOS="1749" HPOS="899"/>
							<String ID="string_322" HPOS="916" VPOS="1749" WIDTH="188" HEIGHT="39" WC="0.95" CONTENT="föreslagit,"/><SP WIDTH="18" VPOS="1749" HPOS="1104"/>
							<String ID="string_323" HPOS="1122" VPOS="1751" WIDTH="50" HEIGHT="29" WC="0.96" CONTENT="att"/><SP WIDTH="17" VPOS="1751" HPOS="1172"/>
							<String ID="string_324" HPOS="1189" VPOS="1750" WIDTH="41" HEIGHT="29" WC="0.92" CONTENT="de"/><SP WIDTH="19" VPOS="1750" HPOS="1230"/>
							<String ID="string_325" HPOS="1249" VPOS="1749" WIDTH="147" HEIGHT="30" WC="0.91" CONTENT="statslån"/><SP WIDTH="18" VPOS="1749" HPOS="1396"/>
							<String ID="string_326" HPOS="1414" VPOS="1749" WIDTH="19" HEIGHT="30" WC="0.91" CONTENT="å"/><SP WIDTH="16" VPOS="1749" HPOS="1433"/>
							<String ID="string_327" HPOS="1449" VPOS="1749" WIDTH="146" HEIGHT="40" WC="0.92" CONTENT="tillhopa"/><SP WIDTH="17" VPOS="1749" HPOS="1595"/>
							<String ID="string_328" HPOS="1612" VPOS="1748" WIDTH="18" HEIGHT="30" WC="0.96" CONTENT="3"/><SP WIDTH="15" VPOS="1748" HPOS="1630"/>
							<String ID="string_329" HPOS="1645" VPOS="1749" WIDTH="63" HEIGHT="30" WC="0.96" CONTENT="500"/><SP WIDTH="15" VPOS="1749" HPOS="1708"/>
							<String ID="string_330" HPOS="1723" VPOS="1748" WIDTH="65" HEIGHT="31" WC="0.96" CONTENT="000"/>
						</TextLine>
						<TextLine ID="line_31" HPOS="280" VPOS="1799" WIDTH="1506" HEIGHT="40">
							<String ID="string_331" HPOS="280" VPOS="1800" WIDTH="142" HEIGHT="34" WC="0.96" CONTENT="kronor,"/><SP WIDTH="28" VPOS="1800" HPOS="422"/>
							<String ID="string_332" HPOS="450" VPOS="1809" WIDTH="74" HEIGHT="21" WC="0.96" CONTENT="som"/><SP WIDTH="27" VPOS="1809" HPOS="524"/>
							<String ID="string_333" HPOS="551" VPOS="1800" WIDTH="108" HEIGHT="39" WC="0.96" CONTENT="enligt"/><SP WIDTH="26" VPOS="1800" HPOS="659"/>
							<String ID="string_334" HPOS="685" VPOS="1800" WIDTH="113" HEIGHT="30" WC="0.96" CONTENT="beslut"/><SP WIDTH="27" VPOS="1800" HPOS="798"/>
							<String ID="string_335" HPOS="825" VPOS="1809" WIDTH="43" HEIGHT="21" WC="0.96" CONTENT="av"/><SP WIDTH="28" VPOS="1809" HPOS="868"/>
							<String ID="string_336" HPOS="896" VPOS="1800" WIDTH="83" HEIGHT="30" WC="0.96" CONTENT="1946"/><SP WIDTH="27" VPOS="1800" HPOS="979"/>
							<String ID="string_337" HPOS="1006" VPOS="1799" WIDTH="56" HEIGHT="31" WC="0.96" CONTENT="års"/><SP WIDTH="28" VPOS="1799" HPOS="1062"/>
							<String ID="string_338" HPOS="1090" VPOS="1799" WIDTH="143" HEIGHT="39" WC="0.96" CONTENT="riksdag"/><SP WIDTH="26" VPOS="1799" HPOS="1233"/>
							<String ID="string_339" HPOS="1259" VPOS="1800" WIDTH="163" HEIGHT="39" WC="0.93" CONTENT="beviljats"/><SP WIDTH="27" VPOS="1800" HPOS="1422"/>
							<String ID="string_340" HPOS="1449" VPOS="1799" WIDTH="337" HEIGHT="40" WC="0.92" CONTENT="prisregleringsför-"/>
						</TextLine>
						<TextLine ID="line_32" HPOS="280" VPOS="1849" WIDTH="1507" HEIGHT="40">
							<String ID="string_341" HPOS="280" VPOS="1850" WIDTH="203" HEIGHT="39" WC="0.92" CONTENT="eningarna,"/><SP WIDTH="32" VPOS="1850" HPOS="483"/>
							<String ID="string_342" HPOS="515" VPOS="1850" WIDTH="99" HEIGHT="30" WC="0.96" CONTENT="skola"/><SP WIDTH="31" VPOS="1850" HPOS="614"/>
							<String ID="string_343" HPOS="645" VPOS="1850" WIDTH="36" HEIGHT="30" WC="0.92" CONTENT="få"/><SP WIDTH="29" VPOS="1850" HPOS="681"/>
							<String ID="string_344" HPOS="710" VPOS="1850" WIDTH="193" HEIGHT="30" WC="0.92" CONTENT="innehavas"/><SP WIDTH="30" VPOS="1850" HPOS="903"/>
							<String ID="string_345" HPOS="933" VPOS="1850" WIDTH="247" HEIGHT="39" WC="0.91" CONTENT="amorterings-"/><SP WIDTH="28" VPOS="1850" HPOS="1180"/>
							<String ID="string_346" HPOS="1208" VPOS="1850" WIDTH="65" HEIGHT="29" WC="0.96" CONTENT="och"/><SP WIDTH="31" VPOS="1850" HPOS="1273"/>
							<String ID="string_347" HPOS="1304" VPOS="1849" WIDTH="179" HEIGHT="31" WC="0.96" CONTENT="räntefritt"/><SP WIDTH="29" VPOS="1849" HPOS="1483"/>
							<String ID="string_348" HPOS="1512" VPOS="1850" WIDTH="131" HEIGHT="39" WC="0.95" CONTENT="jämväl"/><SP WIDTH="32" VPOS="1850" HPOS="1643"/>
							<String ID="string_349" HPOS="1675" VPOS="1850" WIDTH="112" HEIGHT="29" WC="0.96" CONTENT="under"/>
						</TextLine>
						<TextLine ID="line_33" HPOS="280" VPOS="1900" WIDTH="1508" HEIGHT="40">
							<String ID="string_350" HPOS="280" VPOS="1901" WIDTH="102" HEIGHT="30" WC="0.96" CONTENT="nästa"/><SP WIDTH="22" VPOS="1901" HPOS="382"/>
							<String ID="string_351" HPOS="404" VPOS="1900" WIDTH="179" HEIGHT="40" WC="0.92" CONTENT="budgetår."/><SP WIDTH="23" VPOS="1900" HPOS="583"/>
							<String ID="string_352" HPOS="606" VPOS="1900" WIDTH="181" HEIGHT="40" WC="0.92" CONTENT="Härjämte"/><SP WIDTH="23" VPOS="1900" HPOS="787"/>
							<String ID="string_353" HPOS="810" VPOS="1901" WIDTH="65" HEIGHT="29" WC="0.96" CONTENT="har"/><SP WIDTH="22" VPOS="1901" HPOS="875"/>
							<String ID="string_354" HPOS="897" VPOS="1900" WIDTH="276" HEIGHT="30" WC="0.96" CONTENT="kommissionen"/><SP WIDTH="22" VPOS="1900" HPOS="1173"/>
							<String ID="string_355" HPOS="1195" VPOS="1900" WIDTH="168" HEIGHT="34" WC="0.95" CONTENT="förordat,"/><SP WIDTH="23" VPOS="1900" HPOS="1363"/>
							<String ID="string_356" HPOS="1386" VPOS="1902" WIDTH="51" HEIGHT="28" WC="0.96" CONTENT="att"/><SP WIDTH="22" VPOS="1902" HPOS="1437"/>
							<String ID="string_357" HPOS="1459" VPOS="1900" WIDTH="205" HEIGHT="39" WC="0.92" CONTENT="föreningen"/><SP WIDTH="23" VPOS="1900" HPOS="1664"/>
							<String ID="string_358" HPOS="1687" VPOS="1900" WIDTH="101" HEIGHT="30" WC="0.92" CONTENT="Väst-"/>
						</TextLine>
						<TextLine ID="line_34" HPOS="280" VPOS="1949" WIDTH="1505" HEIGHT="41">
							<String ID="string_359" HPOS="280" VPOS="1951" WIDTH="159" HEIGHT="30" WC="0.92" CONTENT="kustfisk"/><SP WIDTH="24" VPOS="1951" HPOS="439"/>
							<String ID="string_360" HPOS="463" VPOS="1951" WIDTH="111" HEIGHT="30" WC="0.96" CONTENT="under"/><SP WIDTH="24" VPOS="1951" HPOS="574"/>
							<String ID="string_361" HPOS="598" VPOS="1960" WIDTH="135" HEIGHT="21" WC="0.96" CONTENT="samma"/><SP WIDTH="23" VPOS="1960" HPOS="733"/>
							<String ID="string_362" HPOS="756" VPOS="1950" WIDTH="51" HEIGHT="31" WC="0.96" CONTENT="tid"/><SP WIDTH="25" VPOS="1950" HPOS="807"/>
							<String ID="string_363" HPOS="832" VPOS="1950" WIDTH="91" HEIGHT="30" WC="0.96" CONTENT="skall"/><SP WIDTH="25" VPOS="1950" HPOS="923"/>
							<String ID="string_364" HPOS="948" VPOS="1950" WIDTH="36" HEIGHT="30" WC="0.96" CONTENT="få"/><SP WIDTH="24" VPOS="1950" HPOS="984"/>
							<String ID="string_365" HPOS="1008" VPOS="1951" WIDTH="141" HEIGHT="39" WC="0.96" CONTENT="åtnjuta"/><SP WIDTH="23" VPOS="1951" HPOS="1149"/>
							<String ID="string_366" HPOS="1172" VPOS="1951" WIDTH="77" HEIGHT="29" WC="0.96" CONTENT="hela"/><SP WIDTH="25" VPOS="1951" HPOS="1249"/>
							<String ID="string_367" HPOS="1274" VPOS="1951" WIDTH="67" HEIGHT="30" WC="0.93" CONTENT="den"/><SP WIDTH="24" VPOS="1951" HPOS="1341"/>
							<String ID="string_368" HPOS="1365" VPOS="1950" WIDTH="306" HEIGHT="30" WC="0.91" CONTENT="riksbankskredit"/><SP WIDTH="24" VPOS="1950" HPOS="1671"/>
							<String ID="string_369" HPOS="1695" VPOS="1949" WIDTH="90" HEIGHT="30" WC="0.95" CONTENT="intill"/>
						</TextLine>
						<TextLine ID="line_35" HPOS="281" VPOS="2000" WIDTH="1505" HEIGHT="40">
							<String ID="string_370" HPOS="281" VPOS="2001" WIDTH="97" HEIGHT="30" WC="0.88" CONTENT="2500"/><SP WIDTH="15" VPOS="2001" HPOS="378"/>
							<String ID="string_371" HPOS="393" VPOS="2002" WIDTH="63" HEIGHT="29" WC="0.96" CONTENT="000"/><SP WIDTH="22" VPOS="2002" HPOS="456"/>
							<String ID="string_372" HPOS="478" VPOS="2001" WIDTH="130" HEIGHT="30" WC="0.95" CONTENT="kronor"/><SP WIDTH="20" VPOS="2001" HPOS="608"/>
							<String ID="string_373" HPOS="628" VPOS="2000" WIDTH="109" HEIGHT="40" WC="0.96" CONTENT="jämte"/><SP WIDTH="21" VPOS="2000" HPOS="737"/>
							<String ID="string_374" HPOS="758" VPOS="2002" WIDTH="112" HEIGHT="33" WC="0.96" CONTENT="ränta,"/><SP WIDTH="23" VPOS="2002" HPOS="870"/>
							<String ID="string_375" HPOS="893" VPOS="2002" WIDTH="56" HEIGHT="29" WC="0.96" CONTENT="för"/><SP WIDTH="20" VPOS="2002" HPOS="949"/>
							<String ID="string_376" HPOS="969" VPOS="2000" WIDTH="117" HEIGHT="30" WC="0.96" CONTENT="vilken"/><SP WIDTH="24" VPOS="2000" HPOS="1086"/>
							<String ID="string_377" HPOS="1110" VPOS="2001" WIDTH="82" HEIGHT="30" WC="0.96" CONTENT="1947"/><SP WIDTH="23" VPOS="2001" HPOS="1192"/>
							<String ID="string_378" HPOS="1215" VPOS="2001" WIDTH="56" HEIGHT="30" WC="0.96" CONTENT="års"/><SP WIDTH="21" VPOS="2001" HPOS="1271"/>
							<String ID="string_379" HPOS="1292" VPOS="2001" WIDTH="144" HEIGHT="39" WC="0.96" CONTENT="riksdag"/><SP WIDTH="22" VPOS="2001" HPOS="1436"/>
							<String ID="string_380" HPOS="1458" VPOS="2000" WIDTH="95" HEIGHT="30" WC="0.96" CONTENT="ställt"/><SP WIDTH="22" VPOS="2000" HPOS="1553"/>
							<String ID="string_381" HPOS="1575" VPOS="2000" WIDTH="136" HEIGHT="40" WC="0.93" CONTENT="garanti"/><SP WIDTH="22" VPOS="2000" HPOS="1711"/>
							<String ID="string_382" HPOS="1733" VPOS="2008" WIDTH="53" HEIGHT="31" WC="0.90" CONTENT="ge-"/>
						</TextLine>
						<TextLine ID="line_36" HPOS="280" VPOS="2050" WIDTH="1508" HEIGHT="41">
							<String ID="string_383" HPOS="280" VPOS="2060" WIDTH="83" HEIGHT="22" WC="0.93" CONTENT="nom"/><SP WIDTH="23" VPOS="2060" HPOS="363"/>
							<String ID="string_384" HPOS="386" VPOS="2051" WIDTH="348" HEIGHT="40" WC="0.90" CONTENT="riksgäldskontoret."/><SP WIDTH="25" VPOS="2051" HPOS="734"/>
							<String ID="string_385" HPOS="759" VPOS="2051" WIDTH="169" HEIGHT="39" WC="0.95" CONTENT="Slutligen"/><SP WIDTH="23" VPOS="2051" HPOS="928"/>
							<String ID="string_386" HPOS="951" VPOS="2051" WIDTH="64" HEIGHT="31" WC="0.96" CONTENT="har"/><SP WIDTH="23" VPOS="2051" HPOS="1015"/>
							<String ID="string_387" HPOS="1038" VPOS="2051" WIDTH="276" HEIGHT="30" WC="0.96" CONTENT="kommissionen"/><SP WIDTH="24" VPOS="2051" HPOS="1314"/>
							<String ID="string_388" HPOS="1338" VPOS="2050" WIDTH="170" HEIGHT="40" WC="0.95" CONTENT="tillstyrkt"/><SP WIDTH="23" VPOS="2050" HPOS="1508"/>
							<String ID="string_389" HPOS="1531" VPOS="2060" WIDTH="42" HEIGHT="20" WC="0.91" CONTENT="en"/><SP WIDTH="24" VPOS="2060" HPOS="1573"/>
							<String ID="string_390" HPOS="1597" VPOS="2050" WIDTH="191" HEIGHT="30" WC="0.91" CONTENT="framställ-"/>
						</TextLine>
						<TextLine ID="line_37" HPOS="281" VPOS="2101" WIDTH="1506" HEIGHT="41">
							<String ID="string_391" HPOS="281" VPOS="2102" WIDTH="85" HEIGHT="40" WC="0.96" CONTENT="ning"/><SP WIDTH="17" VPOS="2102" HPOS="366"/>
							<String ID="string_392" HPOS="383" VPOS="2102" WIDTH="80" HEIGHT="30" WC="0.96" CONTENT="från"/><SP WIDTH="17" VPOS="2102" HPOS="463"/>
							<String ID="string_393" HPOS="480" VPOS="2102" WIDTH="206" HEIGHT="39" WC="0.93" CONTENT="föreningen"/><SP WIDTH="18" VPOS="2102" HPOS="686"/>
							<String ID="string_394" HPOS="704" VPOS="2101" WIDTH="227" HEIGHT="40" WC="0.92" CONTENT="Sydkustfisk"/><SP WIDTH="17" VPOS="2101" HPOS="931"/>
							<String ID="string_395" HPOS="948" VPOS="2103" WIDTH="50" HEIGHT="28" WC="0.96" CONTENT="att"/><SP WIDTH="17" VPOS="2103" HPOS="998"/>
							<String ID="string_396" HPOS="1015" VPOS="2101" WIDTH="45" HEIGHT="40" WC="0.96" CONTENT="på"/><SP WIDTH="18" VPOS="2101" HPOS="1060"/>
							<String ID="string_397" HPOS="1078" VPOS="2110" WIDTH="135" HEIGHT="21" WC="0.95" CONTENT="samma"/><SP WIDTH="16" VPOS="2110" HPOS="1213"/>
							<String ID="string_398" HPOS="1229" VPOS="2101" WIDTH="126" HEIGHT="29" WC="0.95" CONTENT="villkor"/><SP WIDTH="17" VPOS="2101" HPOS="1355"/>
							<String ID="string_399" HPOS="1372" VPOS="2110" WIDTH="76" HEIGHT="21" WC="0.96" CONTENT="som"/><SP WIDTH="17" VPOS="2110" HPOS="1448"/>
							<String ID="string_400" HPOS="1465" VPOS="2101" WIDTH="205" HEIGHT="38" WC="0.93" CONTENT="föreningen"/><SP WIDTH="17" VPOS="2101" HPOS="1670"/>
							<String ID="string_401" HPOS="1687" VPOS="2101" WIDTH="100" HEIGHT="30" WC="0.92" CONTENT="Väst-"/>
						</TextLine>
						<TextLine ID="line_38" HPOS="280" VPOS="2151" WIDTH="1224" HEIGHT="40">
							<String ID="string_402" HPOS="280" VPOS="2152" WIDTH="159" HEIGHT="30" WC="0.92" CONTENT="kustfisk"/><SP WIDTH="21" VPOS="2152" HPOS="439"/>
							<String ID="string_403" HPOS="460" VPOS="2152" WIDTH="132" HEIGHT="30" WC="0.96" CONTENT="erhålla"/><SP WIDTH="22" VPOS="2152" HPOS="592"/>
							<String ID="string_404" HPOS="614" VPOS="2161" WIDTH="42" HEIGHT="21" WC="0.93" CONTENT="en"/><SP WIDTH="22" VPOS="2161" HPOS="656"/>
							<String ID="string_405" HPOS="678" VPOS="2151" WIDTH="305" HEIGHT="31" WC="0.88" CONTENT="riksbankskredit"/><SP WIDTH="22" VPOS="2151" HPOS="983"/>
							<String ID="string_406" HPOS="1005" VPOS="2152" WIDTH="19" HEIGHT="29" WC="0.93" CONTENT="å"/><SP WIDTH="21" VPOS="2152" HPOS="1024"/>
							<String ID="string_407" HPOS="1045" VPOS="2152" WIDTH="102" HEIGHT="39" WC="0.96" CONTENT="högst"/><SP WIDTH="21" VPOS="2152" HPOS="1147"/>
							<String ID="string_408" HPOS="1168" VPOS="2152" WIDTH="19" HEIGHT="30" WC="0.73" CONTENT="2"/><SP WIDTH="14" VPOS="2152" HPOS="1187"/>
							<String ID="string_409" HPOS="1201" VPOS="2152" WIDTH="63" HEIGHT="30" WC="0.73" CONTENT="500"/><SP WIDTH="15" VPOS="2152" HPOS="1264"/>
							<String ID="string_410" HPOS="1279" VPOS="2152" WIDTH="63" HEIGHT="29" WC="0.96" CONTENT="000"/><SP WIDTH="22" VPOS="2152" HPOS="1342"/>
							<String ID="string_411" HPOS="1364" VPOS="2151" WIDTH="140" HEIGHT="30" WC="0.96" CONTENT="kronor."/>
						</TextLine>
					</TextBlock>
					<TextBlock ID="block_5" HPOS="281" VPOS="2201" WIDTH="1506" HEIGHT="292">
						<TextLine ID="line_39" HPOS="325" VPOS="2201" WIDTH="1461" HEIGHT="41">
							<String ID="string_412" HPOS="325" VPOS="2203" WIDTH="65" HEIGHT="39" WC="0.96" CONTENT="Jag"/><SP WIDTH="24" VPOS="2203" HPOS="390"/>
							<String ID="string_413" HPOS="414" VPOS="2203" WIDTH="154" HEIGHT="30" WC="0.96" CONTENT="biträder"/><SP WIDTH="25" VPOS="2203" HPOS="568"/>
							<String ID="string_414" HPOS="593" VPOS="2202" WIDTH="295" HEIGHT="30" WC="0.95" CONTENT="kommissionens"/><SP WIDTH="26" VPOS="2202" HPOS="888"/>
							<String ID="string_415" HPOS="914" VPOS="2202" WIDTH="130" HEIGHT="39" WC="0.95" CONTENT="förslag"/><SP WIDTH="25" VPOS="2202" HPOS="1044"/>
							<String ID="string_416" HPOS="1069" VPOS="2203" WIDTH="51" HEIGHT="29" WC="0.93" CONTENT="att"/><SP WIDTH="25" VPOS="2203" HPOS="1120"/>
							<String ID="string_417" HPOS="1145" VPOS="2201" WIDTH="517" HEIGHT="41" WC="0.91" CONTENT="prisregleringsföreningarna"/><SP WIDTH="26" VPOS="2201" HPOS="1662"/>
							<String ID="string_418" HPOS="1688" VPOS="2201" WIDTH="98" HEIGHT="31" WC="0.96" CONTENT="skola"/>
						</TextLine>
						<TextLine ID="line_40" HPOS="281" VPOS="2252" WIDTH="1506" HEIGHT="40">
							<String ID="string_419" HPOS="281" VPOS="2253" WIDTH="36" HEIGHT="29" WC="0.96" CONTENT="få"/><SP WIDTH="19" VPOS="2253" HPOS="317"/>
							<String ID="string_420" HPOS="336" VPOS="2253" WIDTH="130" HEIGHT="30" WC="0.96" CONTENT="inneha"/><SP WIDTH="19" VPOS="2253" HPOS="466"/>
							<String ID="string_421" HPOS="485" VPOS="2253" WIDTH="76" HEIGHT="30" WC="0.93" CONTENT="sina"/><SP WIDTH="20" VPOS="2253" HPOS="561"/>
							<String ID="string_422" HPOS="581" VPOS="2253" WIDTH="148" HEIGHT="30" WC="0.92" CONTENT="statslån"/><SP WIDTH="19" VPOS="2253" HPOS="729"/>
							<String ID="string_423" HPOS="748" VPOS="2252" WIDTH="53" HEIGHT="30" WC="0.96" CONTENT="till"/><SP WIDTH="19" VPOS="2252" HPOS="801"/>
							<String ID="string_424" HPOS="820" VPOS="2253" WIDTH="101" HEIGHT="30" WC="0.96" CONTENT="deras"/><SP WIDTH="21" VPOS="2253" HPOS="921"/>
							<String ID="string_425" HPOS="942" VPOS="2253" WIDTH="87" HEIGHT="30" WC="0.95" CONTENT="fulla"/><SP WIDTH="18" VPOS="2253" HPOS="1029"/>
							<String ID="string_426" HPOS="1047" VPOS="2253" WIDTH="124" HEIGHT="39" WC="0.96" CONTENT="belopp"/><SP WIDTH="21" VPOS="2253" HPOS="1171"/>
							<String ID="string_427" HPOS="1192" VPOS="2253" WIDTH="109" HEIGHT="29" WC="0.96" CONTENT="under"/><SP WIDTH="20" VPOS="2253" HPOS="1301"/>
							<String ID="string_428" HPOS="1321" VPOS="2252" WIDTH="205" HEIGHT="39" WC="0.93" CONTENT="budgetåret"/><SP WIDTH="22" VPOS="2252" HPOS="1526"/>
							<String ID="string_429" HPOS="1548" VPOS="2252" WIDTH="157" HEIGHT="35" WC="0.91" CONTENT="1950/51."/><SP WIDTH="21" VPOS="2252" HPOS="1705"/>
							<String ID="string_430" HPOS="1726" VPOS="2253" WIDTH="61" HEIGHT="29" WC="0.92" CONTENT="Be-"/>
						</TextLine>
						<TextLine ID="line_41" HPOS="281" VPOS="2302" WIDTH="1506" HEIGHT="41">
							<String ID="string_431" HPOS="281" VPOS="2303" WIDTH="180" HEIGHT="30" WC="0.96" CONTENT="träffande"/><SP WIDTH="18" VPOS="2303" HPOS="461"/>
							<String ID="string_432" HPOS="479" VPOS="2303" WIDTH="124" HEIGHT="40" WC="0.96" CONTENT="frågan"/><SP WIDTH="20" VPOS="2303" HPOS="603"/>
							<String ID="string_433" HPOS="623" VPOS="2312" WIDTH="57" HEIGHT="21" WC="0.96" CONTENT="om"/><SP WIDTH="19" VPOS="2312" HPOS="680"/>
							<String ID="string_434" HPOS="699" VPOS="2303" WIDTH="142" HEIGHT="30" WC="0.92" CONTENT="fortsatt"/><SP WIDTH="19" VPOS="2303" HPOS="841"/>
							<String ID="string_435" HPOS="860" VPOS="2302" WIDTH="209" HEIGHT="31" WC="0.91" CONTENT="räntefrihet"/><SP WIDTH="19" VPOS="2302" HPOS="1069"/>
							<String ID="string_436" HPOS="1088" VPOS="2303" WIDTH="118" HEIGHT="29" WC="0.96" CONTENT="ställer"/><SP WIDTH="18" VPOS="2303" HPOS="1206"/>
							<String ID="string_437" HPOS="1224" VPOS="2303" WIDTH="60" HEIGHT="39" WC="0.96" CONTENT="jag"/><SP WIDTH="18" VPOS="2303" HPOS="1284"/>
							<String ID="string_438" HPOS="1302" VPOS="2302" WIDTH="71" HEIGHT="39" WC="0.96" CONTENT="mig"/><SP WIDTH="19" VPOS="2302" HPOS="1373"/>
							<String ID="string_439" HPOS="1392" VPOS="2303" WIDTH="168" HEIGHT="29" WC="0.96" CONTENT="tveksam."/><SP WIDTH="20" VPOS="2303" HPOS="1560"/>
							<String ID="string_440" HPOS="1580" VPOS="2302" WIDTH="66" HEIGHT="30" WC="0.93" CONTENT="Vid"/><SP WIDTH="19" VPOS="2302" HPOS="1646"/>
							<String ID="string_441" HPOS="1665" VPOS="2302" WIDTH="122" HEIGHT="30" WC="0.92" CONTENT="lånens"/>
						</TextLine>
						<TextLine ID="line_42" HPOS="281" VPOS="2352" WIDTH="1505" HEIGHT="40">
							<String ID="string_442" HPOS="281" VPOS="2353" WIDTH="198" HEIGHT="39" WC="0.95" CONTENT="beviljande"/><SP WIDTH="26" VPOS="2353" HPOS="479"/>
							<String ID="string_443" HPOS="505" VPOS="2354" WIDTH="215" HEIGHT="34" WC="0.96" CONTENT="förutsattes,"/><SP WIDTH="27" VPOS="2354" HPOS="720"/>
							<String ID="string_444" HPOS="747" VPOS="2355" WIDTH="51" HEIGHT="28" WC="0.96" CONTENT="att"/><SP WIDTH="25" VPOS="2355" HPOS="798"/>
							<String ID="string_445" HPOS="823" VPOS="2354" WIDTH="180" HEIGHT="29" WC="0.96" CONTENT="desamma"/><SP WIDTH="25" VPOS="2354" HPOS="1003"/>
							<String ID="string_446" HPOS="1028" VPOS="2353" WIDTH="76" HEIGHT="30" WC="0.96" CONTENT="icke"/><SP WIDTH="26" VPOS="2353" HPOS="1104"/>
							<String ID="string_447" HPOS="1130" VPOS="2353" WIDTH="112" HEIGHT="30" WC="0.96" CONTENT="skulle"/><SP WIDTH="26" VPOS="2353" HPOS="1242"/>
							<String ID="string_448" HPOS="1268" VPOS="2362" WIDTH="83" HEIGHT="21" WC="0.96" CONTENT="vara"/><SP WIDTH="25" VPOS="2362" HPOS="1351"/>
							<String ID="string_449" HPOS="1376" VPOS="2352" WIDTH="166" HEIGHT="31" WC="0.96" CONTENT="förenade"/><SP WIDTH="26" VPOS="2352" HPOS="1542"/>
							<String ID="string_450" HPOS="1568" VPOS="2353" WIDTH="79" HEIGHT="30" WC="0.96" CONTENT="med"/><SP WIDTH="25" VPOS="2353" HPOS="1647"/>
							<String ID="string_451" HPOS="1672" VPOS="2353" WIDTH="114" HEIGHT="29" WC="0.96" CONTENT="denna"/>
						</TextLine>
						<TextLine ID="line_43" HPOS="282" VPOS="2402" WIDTH="1504" HEIGHT="41">
							<String ID="string_452" HPOS="282" VPOS="2404" WIDTH="141" HEIGHT="30" WC="0.95" CONTENT="förmån"/><SP WIDTH="25" VPOS="2404" HPOS="423"/>
							<String ID="string_453" HPOS="448" VPOS="2404" WIDTH="111" HEIGHT="30" WC="0.95" CONTENT="under"/><SP WIDTH="26" VPOS="2404" HPOS="559"/>
							<String ID="string_454" HPOS="585" VPOS="2404" WIDTH="119" HEIGHT="39" WC="0.96" CONTENT="längre"/><SP WIDTH="24" VPOS="2404" HPOS="704"/>
							<String ID="string_455" HPOS="728" VPOS="2403" WIDTH="60" HEIGHT="30" WC="0.96" CONTENT="tid."/><SP WIDTH="26" VPOS="2403" HPOS="788"/>
							<String ID="string_456" HPOS="814" VPOS="2404" WIDTH="67" HEIGHT="38" WC="0.96" CONTENT="Jag"/><SP WIDTH="23" VPOS="2404" HPOS="881"/>
							<String ID="string_457" HPOS="904" VPOS="2403" WIDTH="60" HEIGHT="30" WC="0.95" CONTENT="vill"/><SP WIDTH="25" VPOS="2403" HPOS="964"/>
							<String ID="string_458" HPOS="989" VPOS="2403" WIDTH="192" HEIGHT="29" WC="0.96" CONTENT="emellertid"/><SP WIDTH="26" VPOS="2403" HPOS="1181"/>
							<String ID="string_459" HPOS="1207" VPOS="2403" WIDTH="76" HEIGHT="29" WC="0.96" CONTENT="icke"/><SP WIDTH="26" VPOS="2403" HPOS="1283"/>
							<String ID="string_460" HPOS="1309" VPOS="2404" WIDTH="167" HEIGHT="29" WC="0.96" CONTENT="motsätta"/><SP WIDTH="25" VPOS="2404" HPOS="1476"/>
							<String ID="string_461" HPOS="1501" VPOS="2402" WIDTH="80" HEIGHT="39" WC="0.95" CONTENT="mig,"/><SP WIDTH="26" VPOS="2402" HPOS="1581"/>
							<String ID="string_462" HPOS="1607" VPOS="2405" WIDTH="51" HEIGHT="28" WC="0.96" CONTENT="att"/><SP WIDTH="25" VPOS="2405" HPOS="1658"/>
							<String ID="string_463" HPOS="1683" VPOS="2403" WIDTH="103" HEIGHT="29" WC="0.95" CONTENT="lånen"/>
						</TextLine>
						<TextLine ID="line_44" HPOS="281" VPOS="2453" WIDTH="1504" HEIGHT="40">
							<String ID="string_464" HPOS="281" VPOS="2455" WIDTH="80" HEIGHT="29" WC="0.96" CONTENT="med"/><SP WIDTH="25" VPOS="2455" HPOS="361"/>
							<String ID="string_465" HPOS="386" VPOS="2454" WIDTH="180" HEIGHT="39" WC="0.95" CONTENT="undantag"/><SP WIDTH="25" VPOS="2454" HPOS="566"/>
							<String ID="string_466" HPOS="591" VPOS="2454" WIDTH="55" HEIGHT="30" WC="0.96" CONTENT="för"/><SP WIDTH="24" VPOS="2454" HPOS="646"/>
							<String ID="string_467" HPOS="670" VPOS="2454" WIDTH="145" HEIGHT="29" WC="0.93" CONTENT="berörda"/><SP WIDTH="26" VPOS="2454" HPOS="815"/>
							<String ID="string_468" HPOS="841" VPOS="2453" WIDTH="307" HEIGHT="30" WC="0.92" CONTENT="riksbankskredit"/><SP WIDTH="26" VPOS="2453" HPOS="1148"/>
							<String ID="string_469" HPOS="1174" VPOS="2453" WIDTH="97" HEIGHT="30" WC="0.96" CONTENT="skola"/><SP WIDTH="26" VPOS="2453" HPOS="1271"/>
							<String ID="string_470" HPOS="1297" VPOS="2453" WIDTH="36" HEIGHT="30" WC="0.96" CONTENT="få"/><SP WIDTH="26" VPOS="2453" HPOS="1333"/>
							<String ID="string_471" HPOS="1359" VPOS="2453" WIDTH="78" HEIGHT="40" WC="0.96" CONTENT="löpa"/><SP WIDTH="27" VPOS="2453" HPOS="1437"/>
							<String ID="string_472" HPOS="1464" VPOS="2455" WIDTH="85" HEIGHT="28" WC="0.96" CONTENT="utan"/><SP WIDTH="24" VPOS="2455" HPOS="1549"/>
							<String ID="string_473" HPOS="1573" VPOS="2455" WIDTH="101" HEIGHT="28" WC="0.96" CONTENT="ränta"/><SP WIDTH="26" VPOS="2455" HPOS="1674"/>
							<String ID="string_474" HPOS="1700" VPOS="2454" WIDTH="85" HEIGHT="28" WC="0.96" CONTENT="även"/>
						</TextLine>
					</TextBlock>
				</ComposedBlock>
			</PrintSpace>
		</Page>
	</Layout>
</alto>
