1888 2788
521 183 289 30 Statsutskottets
832 182 180 31 utlåtande
1036 192 42 20 nr
1099 183 52 30 34.
1572 183 19 29 3

749 461 65 41 Nr
847 460 69 42 34.

289 590 185 31 Utlåtande
494 591 11 29 i
523 590 191 40 anledning
732 599 43 21 av
796 590 124 30 väckta
939 589 174 30 motioner
1133 598 56 21 om
1209 589 71 30 rätt
1301 589 52 29 till
1373 586 217 41 uppskjuten

487 652 150 31 livränta
664 652 57 39 för
749 651 358 41 befattningshavare,
1135 660 76 21 som
1239 651 116 30 dömts
1384 650 52 30 till
1462 650 129 30 avsätt-

486 715 85 39 ning
598 715 83 30 eller
705 715 46 39 på
774 714 118 40 grund
917 723 43 21 av
987 713 183 41 tjänstefel
1195 713 104 31 skilts
1325 712 81 41 från
1435 712 156 40 tjänsten

485 778 77 39 före
585 778 39 30 år
649 778 96 30 1935.

1352 829 74 34 (5:e
1447 828 95 34 avd.)

130 940 13 29 I
169 940 59 31 två
253 940 225 40 likalydande
504 940 183 34 motioner,
713 939 127 31 väckta
866 939 68 30 den
961 948 65 21 ena
1052 938 97 30 inom
1176 937 113 31 första
1315 937 208 29 kammaren
1550 945 42 20 av

85 994 80 30 herr
190 992 207 40 Söderquist
421 1003 47 20 m.
492 992 38 40 fl.
562 993 46 34 (1:
625 992 81 36 345)
736 993 66 30 och
827 992 68 30 den
921 992 111 30 andra
1057 992 97 30 inom
1181 991 111 30 andra
1316 990 209 30 kammaren
1550 998 42 21 av

86 1047 127 31 fröken
235 1046 108 40 Vinge
366 1057 46 21 m.
435 1047 38 39 fl.
503 1047 62 34 (11:
582 1046 97 36 454),
703 1048 65 29 har
792 1046 209 35 hemställts,
1026 1047 51 28 att
1098 1045 191 39 riksdagen
1311 1043 109 31 måtte
1443 1042 148 34 besluta,

86 1103 51 28 att
159 1101 42 30 de
224 1102 134 29 statens
379 1100 361 40 befattningshavare,
765 1109 75 21 som
864 1099 117 31 dömts
1004 1099 52 30 till
1080 1098 202 39 avsättning
1305 1097 82 30 eller
1410 1096 46 41 på
1478 1096 113 40 grund

86 1164 41 21 av
157 1154 183 41 tjänstefel
370 1154 101 31 skilts
502 1154 81 30 från
611 1153 159 41 tjänsten
800 1153 74 31 före
905 1153 39 30 år
977 1152 94 35 1935,
1103 1152 109 30 måtte
1243 1150 232 31 tillerkännas
1505 1158 88 31 upp-

87 1209 145 39 skjuten
259 1208 151 31 livränta
434 1209 12 29 i
471 1208 111 30 likhet
607 1207 81 31 med
714 1207 91 34 dem,
833 1216 75 21 som
936 1206 89 30 efter
1054 1205 83 31 1935
1165 1205 58 30 års
1249 1204 129 40 ingång
1404 1202 152 32 kommit
1581 1203 11 29 i

85 1262 249 31 motsvarande
360 1262 180 30 situation.

130 1342 229 31 Beträffande
389 1341 255 40 motiveringen
674 1342 55 29 för
758 1340 270 40 ifrågavarande
1059 1339 132 39 förslag
1223 1339 53 29 får
1307 1338 171 30 utskottet
1507 1337 86 29 hän-

86 1396 72 30 visa
181 1396 53 29 till
258 1396 179 30 motionen
460 1396 29 29 I:
506 1394 74 31 345.

132 1502 177 30 Utskottet
333 1502 54 30 får
412 1502 127 34 erinra,
565 1504 51 28 att
641 1502 68 29 den
733 1501 11 30 i
770 1500 239 40 föreliggande
1033 1499 173 30 motioner
1231 1498 126 30 väckta
1383 1497 124 40 frågan
1532 1505 60 21 var

87 1556 149 31 föremål
263 1556 56 31 för
347 1556 173 40 prövning
549 1565 42 21 av
619 1555 163 40 fjolårets
809 1554 143 39 riksdag
980 1554 12 29 i
1020 1553 190 39 anledning
1239 1561 41 21 av
1309 1551 58 31 två
1395 1551 45 30 då
1467 1550 126 31 väckta

86 1610 226 40 likalydande
339 1609 173 31 motioner
543 1609 46 34 (I:
606 1609 61 30 271
695 1609 67 30 och
787 1608 46 30 II:
850 1607 96 34 278).
974 1607 13 30 I
1015 1606 60 31 sitt
1102 1607 81 30 över
1210 1605 102 31 dessa
1338 1604 174 30 motioner
1538 1613 56 20 av-

87 1664 104 39 givna
212 1663 182 30 utlåtande
417 1673 43 20 nr
482 1663 41 30 92
545 1662 161 31 erinrade
728 1661 173 31 utskottet
923 1670 58 21 om
1003 1661 41 30 de
1066 1669 42 21 av
1130 1659 190 39 riksdagen
1343 1658 38 30 år
1407 1656 84 32 1949
1513 1656 82 40 god-

87 1717 118 30 kända
227 1717 202 40 grunderna
452 1716 225 31 beträffande
700 1715 241 40 pensionsrätt
967 1714 54 30 för
1045 1714 78 33 den,
1149 1722 76 21 som
1249 1713 116 29 dömts
1389 1711 53 30 till
1466 1711 128 30 avsätt-

87 1771 84 39 ning
200 1771 84 30 eller
312 1771 53 29 till
395 1770 91 40 följd
515 1779 42 21 av
586 1769 183 40 tjänstefel
799 1768 101 30 skilts
930 1768 80 30 från
1038 1766 200 39 befattning
1267 1766 11 29 i
1309 1766 132 29 statens
1470 1763 123 41 tjänst,

87 1825 94 29 vilka
203 1824 154 40 grunder
377 1824 180 34 innebära,
579 1825 51 28 att
649 1822 376 39 befattningshavaren
1046 1820 11 30 i
1079 1820 100 39 fråga
1201 1828 57 21 om
1281 1820 71 28 rätt
1373 1818 52 30 till
1448 1817 147 40 tjänste-

87 1878 151 29 livränta
264 1877 167 30 likställts
458 1876 79 30 med
564 1876 78 34 den,
670 1885 75 20 som
772 1874 161 39 frivilligt
959 1873 117 40 avgått
1102 1882 42 20 ur
1171 1872 113 39 tjänst
1311 1871 75 30 före
1413 1870 182 40 pensions-

87 1931 141 29 ålderns
253 1930 148 30 inträde.
427 1929 321 30 Bestämmelserna
773 1929 11 29 i
810 1928 99 38 fråga
937 1928 59 29 äro
1022 1925 202 31 utformade
1252 1925 47 34 så,
1326 1926 50 28 att
1401 1924 41 30 de
1468 1924 46 29 ha
1539 1932 56 21 av-

89 1984 125 30 seende
238 1983 134 40 jämväl
397 1983 19 30 å
441 1983 72 34 fall,
540 1992 75 20 som
638 1981 166 30 inträffat
828 1981 74 30 före
927 1980 38 30 år
992 1979 94 35 1949,
1111 1979 91 30 dock
1227 1978 142 38 tidigast
1393 1977 67 30 den
1487 1977 15 29 1
1528 1976 67 40 juli

90 2038 94 33 1935,
207 2037 58 29 vid
287 2037 118 30 vilken
428 2036 168 39 tidpunkt
619 2035 188 39 begreppet
831 2033 220 40 uppskjuten
1075 2032 151 31 livränta
1251 2031 111 30 första
1386 2030 135 40 gången
1544 2029 52 30 in-

89 2091 127 29 fördes.
250 2091 5 28 I
279 2090 222 30 konsekvens
524 2089 147 30 härmed
696 2090 37 27 är
758 2088 77 33 den,
861 2097 73 19 som
961 2086 74 30 före
1059 2085 222 30 sistnämnda
1306 2084 167 40 tidpunkt
1496 2082 97 31 blivit

88 2146 114 28 avsatt
231 2144 83 29 eller
344 2143 92 30 skild
467 2143 79 29 från
575 2142 168 39 tjänsten,
775 2140 154 40 alltjämt
960 2139 226 39 undantagen
1217 2138 80 30 från
1328 2138 69 29 rätt
1426 2137 53 29 till
1509 2145 87 30 upp-

89 2197 145 39 skjuten
265 2197 151 29 livränta
454 2193 335 41 (tjänstelivränta).
823 2193 65 29 Det
919 2193 10 29 i
962 2192 64 39 fjol
1059 2192 126 29 väckta
1218 2191 167 38 förslaget
1417 2189 105 39 avsåg
1552 2206 44 4 —

89 2251 128 29 liksom
236 2250 42 29 de
297 2259 48 20 nu
363 2249 126 30 väckta
509 2248 221 29 motionerna
749 2265 15 2 —
812 2249 49 27 att
881 2246 132 39 jämväl
1035 2245 63 29 sist
1118 2243 238 30 omförmälda
1373 2243 24 29 f.
1418 2243 33 29 d.
1470 2241 126 31 befatt-

89 2303 235 39 ningshavare
347 2302 113 29 skulle
485 2300 235 30 tillförsäkras
743 2299 95 39 dylik
863 2300 79 28 rätt.
966 2299 67 28 För
1055 2305 83 30 egen
1162 2297 53 29 del
1242 2296 85 29 fann
1351 2296 171 29 utskottet
1545 2294 51 37 sig

91 2357 74 30 icke
187 2356 123 29 kunna
331 2355 176 38 tillstyrka
529 2353 98 30 bifall
652 2352 49 29 till
726 2352 94 29 detta
844 2351 142 38 förslag,
1009 2350 105 30 vilket
1173 2368 9 2 —
1204 2349 115 30 såsom
1343 2348 253 30 statskontoret

88 2409 153 41 påpekat
268 2426 45 3 —
341 2407 112 30 skulle
481 2406 179 33 innebära,
691 2407 50 28 att
770 2404 311 30 bestämmelserna
1112 2403 8 28 i
1150 2402 100 30 civila
1281 2400 315 41 tjänstepensions-

91 2463 226 40 reglementet
337 2470 55 21 om
414 2459 219 41 uppskjuten
655 2459 149 29 livränta
826 2458 8 29 i
858 2456 227 31 förevarande
1109 2456 59 29 fall
1192 2455 102 39 gåves
1317 2454 191 31 retroaktiv
1531 2453 65 30 till-

90 2515 215 41 lämplighet.
