1920 2788
457 148 118 30 Andra
594 148 246 37 lagutskottets
858 147 179 30 utlåtande
1056 156 44 21 nr
1119 147 40 30 10
1177 147 39 29 år
1236 147 84 29 1960
1616 147 15 30 1

815 415 62 39 Nr
909 415 61 39 10

327 523 183 31 Utlåtande
538 523 10 30 i
574 522 189 37 anledning
786 530 45 21 av
858 521 123 30 väckta
1007 520 174 31 motioner
1204 520 180 37 angående
1412 520 141 38 dispens
1580 520 56 38 för

547 576 189 37 sjukkassa
761 577 52 28 att
838 575 116 36 utgiva
981 574 195 37 ersättning
1199 574 58 37 för
1281 574 152 30 kostnad
1456 574 57 37 för
1538 573 98 37 sjuk-

544 629 219 38 gymnastisk
784 628 221 37 behandling.

194 739 119 29 Andra
328 737 228 38 lagutskottet
571 736 64 30 har
650 736 52 30 till
717 735 213 37 behandling
945 734 155 30 förehaft
1116 734 57 30 två
1189 734 95 29 inom
1301 734 186 36 riksdagen
1501 733 135 34 väckta,

152 793 50 29 till
217 792 195 37 lagutskott
426 790 189 30 hänvisade
630 789 181 34 motioner,
828 798 42 20 nr
885 788 59 30 311
962 788 11 30 i
989 788 111 30 första
1114 788 207 30 kammaren
1337 797 42 21 av
1393 787 80 30 herr
1487 787 151 37 Nestrup

152 855 44 20 m.
209 846 38 37 fl.
265 845 66 30 och
348 854 42 20 nr
408 844 61 30 387
488 845 11 29 i
516 843 109 31 andra
642 843 207 30 kammaren
866 851 43 20 av
925 842 81 29 herr
1022 840 174 31 Munktell
1211 850 46 20 m.
1271 841 38 37 fl.

196 899 12 29 I
232 899 229 34 motionerna,
484 897 95 30 vilka
602 897 38 29 är
662 895 234 38 likalydande,
921 895 64 29 har
1008 895 207 34 hemställts,
1240 896 51 28 att
1315 894 186 37 riksdagen
1524 894 80 30 ville
1628 894 11 29 i

152 953 165 30 skrivelse
334 952 53 29 till
404 951 125 37 Kungl.
547 950 105 37 Maj:t
668 950 126 36 begära
811 959 42 19 en
872 949 191 36 skyndsam
1080 948 188 37 utredning
1285 948 10 29 i
1313 948 99 37 fråga
1428 956 56 21 om
1502 947 137 37 möjlig-

153 1007 101 29 heten
277 1006 55 29 för
354 1003 471 37 riksförsäkringsanstalten
848 1004 51 28 att
920 1002 57 30 vid
1001 1002 223 37 tillämpning
1246 1010 43 21 av
1314 1001 39 30 18
1379 1001 15 37 $
1420 1001 219 37 sjukförsäk-

153 1059 196 37 ringslagen
365 1059 119 29 lämna
498 1058 140 36 dispens
654 1057 54 29 för
725 1056 190 37 sjukkassa
929 1057 52 28 att
996 1055 111 30 under
1121 1055 93 30 vissa
1230 1055 11 29 i
1256 1055 219 30 motionerna
1490 1054 150 37 angivna

154 1112 293 37 förutsättningar
463 1111 115 37 utgiva
595 1110 193 37 ersättning
806 1110 54 29 för
876 1109 204 30 försäkrads
1096 1109 151 30 kostnad
1265 1108 55 29 för
1337 1108 303 37 sjukgymnastisk

152 1167 83 29 eller
258 1166 144 30 därmed
427 1165 178 37 jämförlig
629 1163 221 37 behandling,
876 1163 86 30 även
986 1171 57 21 om
1067 1162 257 37 behandlingen
1349 1162 71 29 inte
1445 1161 129 30 utförts
1599 1170 42 21 av

155 1220 126 35 läkare,
299 1229 43 20 av
358 1218 216 38 legitimerad
593 1218 247 37 sjukgymnast
857 1217 82 29 eller
957 1226 42 20 av
1015 1225 136 28 person,
1171 1225 74 21 som
1263 1216 38 29 är
1318 1217 175 36 upptagen
1511 1215 11 30 i
1539 1224 43 20 en
1599 1223 42 21 av

154 1272 471 37 riksförsäkringsanstalten
644 1271 176 30 fastställd
840 1270 221 37 förteckning
1080 1270 80 29 över
1178 1278 166 29 personer
1362 1269 79 30 med
1462 1269 179 37 sjukgym-

155 1327 135 30 nastisk
311 1326 209 37 utbildning.

198 1380 227 30 Beträffande
447 1380 41 29 de
511 1379 74 30 skäl
607 1378 261 30 motionärerna
888 1377 166 37 åberopat
1076 1377 51 29 till
1151 1376 76 30 stöd
1250 1376 55 30 för
1328 1377 60 29 sitt
1408 1377 156 36 yrkande
1587 1376 55 30 får

156 1434 178 34 utskottet,
361 1434 4 28 i
386 1433 66 30 den
472 1432 82 30 mån
573 1432 216 36 redogörelse
809 1431 122 29 härför
950 1431 72 29 inte
1042 1430 136 30 lämnas
1199 1430 11 29 i
1230 1430 57 30 det
1308 1430 166 36 följande,
1495 1430 146 29 hänvisa

155 1488 51 29 till
225 1487 179 29 motionen
422 1486 45 29 II:
484 1486 72 30 387.

623 1587 165 30 Gällande
806 1585 260 31 bestämmelser
1085 1594 44 21 m.
1142 1594 44 21 m.

200 1652 147 30 Jämlikt
370 1652 38 29 18
432 1651 14 38 $
470 1651 98 37 lagen
589 1659 55 21 om
666 1650 131 29 allmän
815 1648 291 38 sjukförsäkring
1125 1648 57 30 må
1203 1648 131 30 allmän
1357 1647 188 37 sjukkassa
1565 1647 77 30 med

156 1705 407 38 tillsynsmyndighetens
587 1703 229 38 medgivande
840 1703 65 29 och
929 1702 106 37 enligt
1060 1702 41 29 de
1125 1702 162 29 närmare
1312 1701 230 35 föreskrifter,
1569 1709 73 21 som

157 1759 177 30 meddelas
355 1768 42 21 av
416 1757 398 38 tillsynsmyndigheten,
835 1756 144 34 besluta,
1002 1757 51 28 att
1073 1755 194 36 ersättning
1289 1755 88 29 skall
1398 1754 81 37 utgå
1500 1754 54 30 för
1576 1754 68 29 för-

159 1813 145 30 säkrads
322 1812 190 30 kostnader
531 1812 54 29 för
604 1810 286 37 sjukgymnastik
909 1809 82 30 eller
1010 1809 101 36 eljest
1130 1808 211 36 behandling
1361 1808 78 29 med
1458 1807 76 36 bad,
1555 1816 90 21 mas-

160 1874 88 28 sage,
273 1866 208 29 elektricitet
505 1864 82 30 eller
610 1863 129 30 hetluft
763 1863 83 30 eiler
870 1871 117 21 annan
1012 1861 143 30 därmed
1179 1861 181 37 jämförlig
1384 1860 221 37 behandling.
1632 1861 12 28 I

160 1919 123 30 sådant
305 1919 61 28 fall
389 1918 88 30 skall
498 1918 67 29 den
586 1916 248 37 obligatoriska
857 1914 436 38 sjukvårdsförsäkringen
1314 1914 11 29 i
1347 1914 129 29 kassan
1497 1914 148 29 omfatta

160 1973 86 29 även
267 1972 148 34 förmån,
438 1980 73 20 som
532 1979 98 21 avses
650 1970 77 29 med
747 1970 160 29 beslutet.

204 2025 76 29 Med
303 2025 76 29 stöd
400 2034 42 19 av
462 2023 153 30 nämnda
636 2024 135 35 lagrum
792 2023 64 28 har
877 2020 472 37 riksförsäkringsanstalten
1371 2021 11 28 i
1403 2020 243 29 cirkulärskri-

159 2079 91 29 velse
272 2079 66 28 den
363 2078 38 29 10
422 2078 66 36 juli
513 2077 82 30 1954
617 2077 52 29 till
691 2076 41 30 de
754 2075 178 31 allmänna
955 2074 256 37 sjukkassorna
1233 2073 211 35 föreskrivit,
1467 2075 51 28 att
1539 2072 107 30 lokal-

161 2132 82 29 eller
264 2130 440 36 stadscentralsjukkassas
725 2129 114 30 beslut
860 2137 56 20 om
938 2128 193 36 ersättning
1152 2127 56 29 må
1229 2136 80 20 avse
1331 2136 42 20 en
1395 2127 81 29 eller
1498 2127 86 28 flera
1606 2135 41 20 av

162 2185 156 36 följande
338 2183 370 36 behandlingsformer,
730 2182 176 36 nämligen
928 2180 304 37 sjukgymnastisk
1252 2179 211 36 behandling
1488 2179 160 35 (rörelse-

161 2237 211 36 behandling
396 2237 65 29 och
486 2236 188 35 massage),
699 2234 212 36 behandling
937 2234 77 29 med
1040 2233 137 34 hetluft,
1204 2233 185 29 diathermi
1416 2232 63 29 och
1503 2232 145 35 kortvåg

164 2293 89 27 samt
278 2289 187 30 foniatrisk
489 2288 220 36 behandling.
735 2287 166 36 Samtliga
928 2285 265 37 ifrågavarande
1217 2285 124 30 kassor
1366 2286 62 28 har
1454 2285 194 29 sedermera

164 2344 8 28 i
193 2343 74 29 sina
287 2342 140 36 stadgar
446 2342 107 28 infört
571 2340 262 30 bestämmelser
852 2349 56 19 om
927 2339 211 35 behandling
1159 2347 73 21 som
1252 2347 47 20 nu
1320 2339 103 35 sagts.

208 2396 120 29 Såsom
352 2395 125 29 villkor
502 2394 53 29 för
579 2396 49 27 att
651 2393 199 35 återbäring
874 2392 106 36 enligt
1004 2401 42 20 av
1070 2390 470 37 riksförsäkringsanstalten
1567 2390 82 29 fast-

165 2449 123 29 ställda
310 2448 152 36 grunder
483 2447 87 30 skall
591 2447 120 29 kunna
731 2455 43 20 av
795 2445 188 37 sjukkassa
1005 2444 135 37 utgivas
1162 2444 54 29 för
1238 2443 203 30 försäkrads
1462 2442 188 30 kostnader

165 2555 134 36 Bihang
319 2555 50 28 till
389 2554 202 35 riksdagens
611 2552 174 37 protokoll
806 2553 93 28 1960.
919 2552 19 28 9
958 2551 99 30 saml.
1078 2552 19 28 2
1116 2550 75 30 avd.
1211 2550 49 29 Nr
1281 2550 38 29 10
