1870 2792
276 174 19 30 6
657 170 120 30 Andra
797 169 246 40 lagutskottets
1065 167 180 30 utlåtande
1265 176 41 19 nr
1327 166 52 29 22.

275 253 142 40 januari
439 252 82 30 1948
540 252 65 30 och
624 252 87 29 trätt
729 250 12 30 i
759 250 97 30 kraft
874 249 70 30 den
965 250 14 29 1
1000 248 141 40 januari
1164 247 94 34 1949,
1278 247 54 29 får
1351 246 68 29 den
1438 244 174 30 ordinarie
1633 244 131 29 arbets-

275 306 106 34 tiden,
406 306 75 29 vari
504 305 170 30 inräknas
699 303 266 33 måltidsraster,
991 302 31 39 ej
1049 300 172 40 överstiga
1249 300 38 30 10
1312 300 143 29 timmar
1479 307 57 20 om
1561 297 113 39 dagen
1698 296 65 30 och

277 359 89 30 skall
389 358 174 40 förläggas
584 357 132 30 mellan
736 356 152 30 klockan
911 356 17 29 7
952 356 65 29 och
1041 354 104 30 19.30.
1168 354 195 29 Därutöver
1384 352 65 29 har
1471 349 220 32 föreskrivits
1714 350 50 28 att

276 411 218 30 hembiträde
515 411 89 29 skall
624 411 47 29 ha
691 409 93 30 vissa
804 408 166 40 fridagar.
992 407 142 30 Liksom
1155 406 69 30 den
1245 406 148 29 svenska
1414 403 266 40 lagstiftningen
1700 402 65 29 har

277 465 67 30 den
369 464 131 30 norska
523 464 100 39 lagen
647 462 267 40 tidsbegränsad
939 460 167 41 giltighet.
1131 460 77 29 Den
1232 458 106 40 gäller
1363 457 176 39 nämligen
1563 456 125 30 endast
1712 454 53 31 till

278 519 64 29 och
363 518 80 29 med
463 517 67 30 den
551 517 39 29 31
613 516 183 30 december
818 515 94 30 1951.

321 571 76 30 Den
417 570 80 30 från
517 570 64 30 och
602 569 80 30 med
703 569 67 30 den
792 569 15 29 1
830 568 89 40 april
942 566 83 31 1949
1046 566 159 40 gällande
1227 565 118 29 finska
1364 562 341 39 hembiträdeslagen
1725 569 42 21 av

278 624 67 30 den
366 624 17 30 7
405 624 142 39 januari
569 622 83 31 1949
672 623 65 29 har
757 631 43 20 en
820 620 182 41 reglering,
1024 629 75 21 som
1120 620 87 29 nära
1228 618 155 30 ansluter
1405 617 51 39 sig
1475 616 53 30 till
1548 615 69 31 den
1636 614 131 30 norska

279 677 294 40 lagstiftningens.
591 676 96 30 Även
705 675 107 39 enligt
829 674 68 30 den
916 674 119 29 finska
1052 673 101 39 lagen
1170 690 45 4 —
1233 681 75 20 som
1326 671 89 30 dock
1433 670 11 29 i
1462 671 148 28 motsats
1628 668 53 29 till
1700 667 67 30 den

279 730 130 30 norska
429 731 39 29 är
487 739 42 21 av
547 731 209 38 permanent
774 728 169 29 karaktär
962 745 45 3 —
1027 728 37 28 är
1084 726 68 29 den
1172 724 175 31 ordinarie
1368 722 214 31 arbetstiden
1601 720 167 31 maxime-

279 784 62 29 rad
356 783 54 30 till
429 783 39 31 10
484 783 141 30 timmar
641 791 59 21 om
716 782 120 38 dagen,
854 780 255 30 måltidsraster
1125 778 77 31 däri
1218 777 205 31 inräknade.
1440 775 242 31 Arbetstidens
1698 773 70 30 för-

280 836 163 40 läggning
462 837 38 29 är
518 835 195 31 emellertid
732 835 104 39 något
854 833 232 34 annorlunda,
1105 832 11 30 i
1136 832 58 29 det
1212 833 51 28 att
1281 831 11 29 i
1311 829 150 31 Finland
1480 827 214 32 arbetstiden
1713 826 55 30 får

280 890 100 40 börja
398 889 143 40 tidigast
558 888 154 31 klockan
730 888 20 30 6
767 888 65 30 och
852 887 92 30 sluta
964 888 116 28 senast
1098 885 154 30 klockan
1272 884 38 30 19
1329 883 80 30 med
1426 882 71 30 viss
1515 880 184 41 möjlighet
1718 881 51 28 att

281 943 54 30 för
359 942 258 40 landsbygdens
640 942 57 29 del
721 941 111 30 under
856 940 69 30 den
948 948 120 21 varma
1092 938 158 30 årstiden
1273 936 180 31 utsträcka
1478 934 215 31 arbetstiden
1717 932 52 30 till

280 996 152 30 klockan
451 996 52 30 20.
523 995 94 30 Även
635 994 109 40 enligt
763 994 95 29 finsk
878 993 56 39 lag
953 994 60 29 äro
1031 991 266 31 hembiträdena
1316 988 261 31 tillförsäkrade
1595 987 94 30 vissa
1709 986 61 29 fri-

281 1049 116 39 dagar,
418 1049 172 39 varjämte
611 1047 109 41 gäller
741 1049 49 28 att
811 1046 259 39 arbetsgivaren
1091 1046 38 29 är
1151 1043 137 40 skyldig
1309 1045 50 27 att
1380 1042 77 30 föra
1478 1040 196 34 arbetsbok,
1695 1038 75 31 vari

281 1102 44 30 bl.
344 1111 31 21 a.
395 1101 169 31 arbetstid
582 1102 65 29 och
667 1100 99 30 fritid
786 1099 98 31 skola
903 1099 202 30 antecknas.

325 1155 66 30 Det
416 1156 130 38 system
570 1154 55 30 för
649 1152 361 39 arbetstidsreglering
1035 1161 41 20 av
1100 1151 58 29 det
1181 1149 138 40 husliga
1343 1148 143 34 arbetet,
1512 1156 75 21 som
1610 1146 161 30 kommer

282 1208 52 30 till
351 1217 103 31 synes
469 1208 12 29 i
497 1208 67 29 den
580 1207 132 30 norska
727 1207 64 30 och
807 1206 68 30 den
891 1205 120 30 finska
1025 1203 350 38 hembiträdeslagen,
1393 1202 101 38 utgör
1510 1202 48 28 ett
1575 1201 78 38 nytt
1669 1199 103 29 alter-

283 1261 95 30 nativ
399 1261 54 29 till
475 1261 90 33 dem,
590 1269 76 21 som
688 1260 12 29 i
722 1259 77 30 vårt
821 1259 83 29 land
927 1259 181 37 övervägts
1129 1256 59 31 vid
1212 1256 142 39 frågans
1377 1254 147 39 tidigare
1546 1252 224 38 behandling.

283 1314 74 30 Och
378 1314 43 30 de
443 1314 129 29 norska
594 1314 65 29 och
682 1312 119 30 finska
822 1312 144 39 lagarna
988 1311 44 40 på
1053 1310 95 30 detta
1170 1309 143 30 område
1334 1307 148 40 erbjuda
1503 1306 186 39 onekligen
1711 1304 60 30 sitt

282 1367 148 30 intresse
449 1367 12 29 i
478 1366 94 31 detta
591 1366 266 38 sammanhang.
876 1365 65 39 Jag
960 1373 101 21 anser
1080 1363 121 30 därför
1220 1364 51 28 att
1289 1362 55 30 för
1361 1361 62 30 vår
1441 1360 55 30 del
1516 1358 118 40 slutlig
1654 1357 119 31 stånd-

282 1420 114 39 punkt
414 1420 76 30 icke
509 1420 62 29 bör
588 1421 99 37 tagas
706 1419 52 29 till
777 1418 125 40 frågan
920 1427 58 21 om
996 1416 284 31 hembiträdenas
1299 1413 168 31 arbetstid
1487 1413 122 30 förrän
1625 1411 147 39 vetskap

283 1473 143 30 vunnits
449 1482 58 21 om
529 1474 68 28 hur
619 1471 268 40 lagstiftningen
909 1471 12 30 i
944 1471 42 30 de
1008 1469 268 40 ifrågavarande
1299 1467 168 30 nordiska
1490 1464 282 41 grannländerna

283 1526 122 30 verkat
427 1526 12 29 i
461 1525 198 41 praktiken.
684 1525 116 30 Sådan
821 1524 201 30 kännedom
1046 1523 72 30 står
1140 1522 56 30 för
1219 1520 218 32 närvarande
1459 1519 76 30 icke
1558 1518 53 30 till
1633 1517 101 31 buds.
1758 1517 14 29 I

284 1579 174 30 avvaktan
473 1578 45 41 på
533 1578 286 30 erfarenheterna
834 1577 218 30 härutinnan
1068 1575 162 31 förordar
1244 1575 59 39 jag
1319 1574 121 30 därför
1455 1574 50 29 att
1520 1570 253 32 hembiträdes-

284 1632 99 39 lagen
413 1632 71 30 tills
511 1632 119 30 vidare
657 1631 190 30 bibehåller
876 1630 55 30 sin
959 1629 202 30 nuvarande
1189 1628 168 29 karaktär
1386 1636 42 21 av
1456 1624 186 39 fritidslag.
1672 1622 103 31 Över-

283 1685 157 39 vägande
465 1685 75 30 skäl
567 1693 106 31 synas
698 1684 123 30 härvid
847 1684 71 29 tala
944 1683 55 29 för
1025 1684 50 28 att
1100 1682 101 38 lagen
1227 1680 175 39 förlänges
1427 1679 55 30 för
1506 1677 201 41 ytterligare
1731 1685 43 21 en

285 1738 243 40 treårsperiod.

928 1855 200 48 Lagrådet.

328 1942 173 40 Lagrådet
523 1943 64 28 har
611 1941 135 30 lämnat
769 1940 166 39 förslaget
959 1942 85 27 utan
1068 1938 245 39 anmärkning.

928 2086 209 36 Utskottet.

330 2174 75 29 Den
429 2172 187 39 utredning
639 2172 150 30 rörande
812 2170 270 40 möjligheterna
1106 2172 51 28 att
1181 2169 232 40 komplettera
1436 2167 340 39 hembiträdeslagen

288 2227 77 29 med
385 2226 264 30 bestämmelser
668 2234 58 21 om
745 2224 179 34 arbetstid,
943 2233 121 20 varom
1085 2223 83 30 1947
1190 2223 57 29 års
1267 2222 141 39 riksdag
1428 2221 118 30 anhöll
1565 2221 64 30 hos
1649 2220 127 39 Kungl.

287 2280 115 39 Maj:t,
422 2280 65 29 har
507 2288 46 20 nu
573 2278 203 31 verkställts
795 2287 42 21 av
856 2276 494 39 arbetsmarknadsstyrelsen.
1370 2274 128 30 Delade
1518 2273 183 40 meningar
1719 2273 56 33 ha,

288 2332 116 30 såsom
423 2341 43 21 av
482 2331 264 41 propositionen
764 2330 166 40 framgår,
950 2330 110 30 under
1078 2329 234 39 utredningen
1329 2329 136 39 yppats,
1483 2327 175 30 huruvida
1676 2326 101 39 lagen

287 2386 62 29 bör
369 2385 134 30 erhålla
524 2384 265 40 utformningen
810 2393 42 21 av
873 2383 244 40 arbetstidslag
1138 2382 84 30 eller
1242 2381 192 30 bibehållas
1454 2380 58 30 vid
1533 2380 55 30 sin
1608 2379 169 30 karaktär

288 2448 42 20 av
356 2438 185 40 fritidslag.
569 2436 493 40 Arbetsmarknadsstyrelsen
1087 2436 66 30 har
1180 2435 56 30 för
1263 2435 54 29 sin
1343 2434 56 30 del
1425 2433 127 31 uttalat
1579 2433 117 30 såsom
1723 2432 54 30 sin

288 2491 219 40 principiella
528 2490 237 40 uppfattning,
787 2492 50 28 att
856 2489 267 30 hembiträdena
1144 2489 11 29 i
1176 2488 111 30 likhet
1307 2488 79 29 med
1407 2487 42 30 de
1470 2487 103 30 flesta
1593 2486 111 30 andra
1725 2494 53 21 ar-
