2255 2799
494 204 16 27 2
710 202 101 28 Andra
837 201 180 27 Kammarens
1042 199 164 37 Tillfälliga
1231 198 124 28 Utskotts
1380 196 57 29 N:o
1460 195 18 30 1
1504 196 153 28 Utlåtande
1680 195 59 30 N:o
1763 192 55 31 22.

450 292 35 30 af
505 292 88 30 deras
617 289 197 31 verksamhet
835 307 40 3 —
899 287 206 39 lärjungarnes
1129 286 192 30 förvärfvade
1351 284 160 40 mogenhet
1532 301 40 5 —
1596 283 55 30 har
1673 283 76 30 dock
1778 287 45 25 ett
1846 281 216 31 motsvarande

451 342 195 31 erkännande
670 341 25 38 ej
720 344 79 26 ännu
830 339 127 30 kommit
991 339 35 29 de
1061 338 48 29 vid
1145 338 65 29 dem
1244 336 228 39 tjenstgörande
1507 336 118 28 lärarne
1648 334 48 30 till
1720 334 56 30 del.
1820 321 104 42 Åfven
1949 335 54 27 när
2026 342 35 20 en

451 393 95 32 sådan
575 394 98 29 lärare
697 396 43 32 är,
777 391 67 30 med
877 390 172 30 hänseende
1085 389 44 30 till
1166 388 140 30 examina
1335 387 54 30 och
1414 386 286 39 disnutationsprof,
1724 385 68 30 fullt
1815 385 179 38 kompetent
2017 383 46 30 till

450 446 134 30 lektorat
618 444 47 30 vid
700 447 119 25 statens
853 442 149 35 läroverk,
1025 439 46 31 får
1095 441 55 28 den
1173 439 43 30 tid
1246 439 58 29 han
1333 438 150 39 tjenstgör
1507 437 48 30 vid
1579 440 45 26 ett
1648 437 66 29 med
1739 435 240 30 dimissionsrätt
2002 435 62 30 för-

451 497 106 30 länadt
581 495 54 31 och
659 495 168 38 derigenom
853 494 93 29 under
969 496 118 26 statens
1111 490 131 31 kontroll
1261 490 97 29 stäldt
1370 488 135 31 enskildt
1523 487 141 31 läroverk
1686 487 27 39 ej
1734 487 33 30 af
1783 487 109 29 honom
1910 486 153 30 beräknas

450 558 63 20 som
537 543 150 43 tjensteår
709 555 72 20 vare
804 545 45 39 sig
872 544 8 29 i
904 543 249 39 befordringsväg
1176 542 71 30 eller
1270 542 47 29 för
1340 539 249 39 löneförhöjning.
1629 538 60 31 Det
1710 538 94 40 ligger
1825 538 96 29 under
1948 535 117 32 sådana

450 596 207 33 förhållanden
681 597 9 30 i
714 597 112 29 sakens
849 599 99 32 natur,
971 598 48 26 att
1041 594 35 29 de
1100 593 138 30 enskilda
1267 591 179 31 läroverken
1470 591 109 29 endast
1601 590 67 29 med
1697 587 157 41 svårighet
1876 589 103 30 kunna
2002 589 62 29 för-

451 650 100 30 skaffa
579 649 45 39 sig
658 648 77 39 goda
764 647 224 34 lärarekrafter,
1013 645 55 30 och
1091 649 46 25 att
1160 645 51 29 det
1234 644 96 29 måste
1360 642 94 30 blifva
1479 642 65 29 dem
1570 645 36 25 än
1631 638 133 39 svårare,
1787 640 91 29 äfven
1902 643 63 26 mot
1986 639 80 39 höga

450 702 93 34 löner,
568 706 47 24 att
638 701 45 28 för
707 709 34 20 eu
757 698 112 58 Jängre
903 697 44 30 tid
981 698 82 28 fästa
1092 696 66 29 dem
1186 695 48 30 vid
1273 695 53 39 sig.
1372 695 69 29 Men
1466 691 39 32 då
1527 693 90 30 dessa
1647 692 117 29 skolors
1788 691 121 30 tillvaro
1932 690 133 30 hufvud-

450 752 138 40 sakligen
611 751 100 29 hvilar
733 747 38 43 på
794 750 51 29 det
872 748 171 30 förtroende
1067 748 35 29 de
1125 747 124 57 ingifva,
1263 746 55 30 och
1342 745 85 30 detta
1450 743 172 31 förtroende
1645 740 66 33 åter
1733 742 88 46 beror
1836 743 34 29 af
1884 742 55 30 den
1964 742 7 29 i
1997 741 65 30 dem

452 803 174 30 meddelade
662 801 269 38 undervisningens
970 799 120 39 godhet,
1120 796 35 31 så
1184 798 80 29 inses
1288 797 67 35 lätt,
1379 800 43 25 att
1450 796 185 29 motionären
1660 794 54 29 här
1737 782 103 41 berört
1863 803 35 19 en
1924 790 141 40 lifsfråga

451 855 46 28 för
520 855 36 28 de
580 852 139 30 enskilda
742 849 354 31 elementarläroverker.

586 903 58 30 Till
667 903 67 30 stöd
758 903 48 29 för
835 901 55 30 sitt
923 901 114 38 förslag
1068 900 86 29 anför
1188 898 184 30 motionären
1407 895 73 37 dels,
1504 896 79 29 hvad
1608 896 91 30 redan
1724 895 138 29 ofvanför
1885 897 35 27 är
1943 893 119 39 antydt,

451 956 52 29 det
527 956 102 36 billiga
652 954 106 35 deruti,
783 958 46 24 att
853 953 118 29 lärarne
1000 951 50 29 vid
1084 950 199 30 oftanämnda
1317 948 161 34 anstalter,
1502 945 39 32 då
1564 947 36 29 de
1623 946 133 39 fullgjort
1778 945 97 38 öfriga
1897 944 167 40 prestanda

452 1007 55 29 och
531 1005 185 31 fortfarande
739 1005 129 38 fullvöra
898 1013 35 19 eu
969 1001 214 31 motsvarande
1218 998 416 40 undervisningsskyldighet,
1658 995 49 31 må
1728 995 154 32 likställas
1909 995 65 29 med
1998 995 66 29 sina

453 1058 177 30 medbröder
663 1056 50 30 vid
737 1056 36 29 de
797 1056 33 28 af
851 1059 101 25 staten
989 1050 199 33 underhållna
1225 1050 190 35 läroverken,
1451 1048 62 31 dels
1542 1050 89 29 äfven
1656 1049 56 29 den
1747 1047 171 39 besparing,
1941 1056 64 19 som
2029 1046 35 29 de

451 1109 121 39 privata
595 1108 142 30 skolorna
760 1106 110 31 bereda
894 1104 198 34 statsverket,
1116 1106 72 27 enär
1211 1103 36 29 de
1271 1102 136 30 meddela
1432 1100 138 39 kunskap
1595 1097 31 32 åt
1649 1109 34 20 en
1709 1099 139 39 ungdom,
1864 1107 63 20 som
1953 1106 111 21 annars

452 1160 99 30 skulle
579 1159 143 30 utkräfva
745 1158 44 29 sin
813 1160 63 26 rätt
898 1156 47 30 till
969 1155 215 38 undervisning
1218 1151 38 41 på
1290 1157 118 26 statens
1444 1150 176 31 bekostnad.
1664 1150 154 30 Särskildt
1841 1147 137 41 påpekar
2001 1158 64 19 mo-

452 1211 136 30 tionären
613 1207 204 32 förhållaudet
839 1208 8 29 i
871 1207 44 30 sin
942 1207 125 29 hemort.
1104 1206 52 29 der
1189 1209 117 25 statens
1330 1202 148 36 läroverk,
1503 1202 94 30 ehuru
1619 1201 45 30 till
1688 1200 117 30 antalet
1828 1205 56 30 tre,
1908 1201 33 28 af
1960 1198 106 30 hvilka

453 1266 43 26 ett
520 1260 203 39 fullständigt,
747 1263 44 26 ett
815 1258 191 39 femklassigt
1042 1257 55 30 och
1130 1260 45 26 ett
1207 1254 190 39 treklassigt,
1431 1257 62 32 äro,
1522 1257 85 26 snart
1632 1253 98 38 sagdt,
1758 1250 171 40 öfverfylda
1952 1251 33 28 af
2007 1250 59 29 lär-

448 1313 120 38 jungar,
592 1309 34 32 så
648 1315 46 26 att
717 1310 97 30 ökade
838 1309 124 39 utgifter
984 1309 46 28 för
1053 1308 55 29 den
1134 1306 154 39 offentliga
1310 1305 252 37 undervisningen
1592 1303 156 29 derstädes
1777 1301 99 30 skulle
1900 1301 94 29 blifva
2018 1300 46 30 för

452 1363 189 30 statsverket
664 1360 231 40 oundgängliga,
919 1369 45 19 om
989 1359 67 29 icke
1090 1358 55 30 den
1187 1358 52 29 der
1273 1356 132 30 varande
1443 1355 120 39 privata
1599 1353 218 30 läroanstalten
1840 1351 226 40 »Realgymna-

452 1414 104 33 sium»,
581 1423 62 19 som
669 1413 55 28 har
746 1411 60 30 250
830 1411 162 38 lärjungar,
1016 1409 63 30 tills
1103 1409 103 29 vidare
1229 1407 148 39 afbjelpte
1401 1407 148 29 behofvet.

586 1463 165 31 Utskottet
775 1472 97 26 anser,
896 1466 46 24 att
961 1461 95 38 jemte
1080 1460 90 29 dessa
1193 1459 34 30 af
1247 1458 188 30 motionären
1472 1456 128 30 anförda
1634 1454 67 31 skäl
1724 1454 97 29 finnas
1846 1453 90 29 äfven
1960 1452 104 34 andra,

452 1525 64 20 som
541 1524 89 20 mana
654 1517 48 26 att
725 1513 151 38 förhjelpa
899 1512 35 29 de
957 1512 120 39 privata
1112 1510 45 29 till
1188 1510 301 29 maturitetsexamen
1524 1505 190 39 berättigade
1748 1503 180 31 läroverken
1952 1513 34 19 ur
2010 1503 56 28 den

448 1565 221 39 jemförelsevis
694 1573 195 31 ogynsamma
924 1562 154 38 ställning,
1106 1561 10 29 i
1146 1560 121 30 hvilken
1303 1560 36 29 de
1367 1562 79 26 ännu
1478 1557 102 30 verka.
1623 1557 62 30 Det
1715 1555 79 30 lärer
1816 1553 150 39 nemligen
1998 1552 67 30 icke

452 1617 104 30 kunna
578 1615 153 49 förnekas,
761 1619 45 25 att
827 1615 91 29 dessa
943 1612 149 35 läroverk,
1115 1609 40 42 på
1182 1621 118 20 samma
1322 1609 76 38 gång
1421 1619 64 20 som
1509 1609 36 29 de
1570 1617 89 20 anses
1690 1606 150 39 medgifva
1862 1615 36 20 en
1927 1608 139 26 närmare

452 1668 118 38 hänsyn
605 1666 47 30 till
675 1657 215 47 lärjungarnes
925 1664 80 30 olika
1042 1664 88 36 anlag
1154 1663 54 29 och
1233 1662 99 35 behof,
1355 1660 111 36 tillika,
1489 1660 40 38 på
1556 1658 96 39 grund
1674 1658 34 30 af
1727 1657 44 30 sin
1796 1657 91 29 friare
1912 1654 153 39 ställning,

453 1718 178 39 möjliggöra
653 1716 201 30 insamlandet
878 1716 34 28 af
932 1725 34 19 en
991 1714 223 30 vidsträcktare
1250 1710 184 41 pedagogisk
1471 1709 181 36 erfarenhet,
1677 1717 64 21 som
1764 1708 78 29 efter
1865 1706 81 30 hand
1970 1703 97 32 måste

453 1769 123 30 komma
599 1768 88 30 äfven
718 1771 118 26 statens
871 1766 102 30 skolor
1007 1765 46 30 till
1091 1765 83 39 godo.
1219 1764 44 29 De
1288 1763 102 29 kunna
1414 1762 111 29 lättare
1549 1764 36 26 än
1610 1761 34 28 de
1668 1758 191 32 sistnämnda
1882 1758 115 28 inrätta
2020 1756 46 30 sin

454 1818 304 39 undervisningsplan
782 1818 8 29 i
814 1817 133 40 enlighet
970 1816 65 30 med
1060 1816 99 29 tidens
1190 1814 169 57 fordringar
1382 1813 54 29 och
1461 1812 81 30 olika
1565 1811 103 30 lokala
1695 1810 79 35 kraf,
1798 1809 54 29 och
1877 1806 38 31 då
1938 1808 35 29 de
1997 1808 70 28 der-

448 1871 95 38 jemte
567 1870 165 29 framkalla
764 1879 35 19 en
829 1869 105 29 städse
964 1868 98 38 nyttig
1086 1867 102 35 täflan,
1212 1863 35 31 så
1268 1865 80 29 inses
1371 1864 67 35 lätt,
1463 1868 46 25 att
1532 1863 35 29 de
1590 1860 40 41 på
1652 1860 269 38 undervisningens
1945 1856 121 32 område

452 1921 94 30 hafva
569 1931 36 19 en
629 1920 129 39 uppgift,
781 1920 91 29 hvars
898 1918 154 39 betydelse
1076 1917 27 38 ej
1127 1919 49 27 må
1200 1916 227 29 underskattas.

586 1969 46 32 På
661 1972 90 29 dessa
783 1970 129 39 grunder
935 1979 89 19 anser
1053 1968 173 34 Utskottet,
1249 1967 9 29 i
1283 1966 95 30 likhet
1401 1965 67 30 med
1491 1964 197 34 motionären,
1713 1962 51 29 det
1786 1970 74 20 vara
1894 1963 101 27 staten
2018 1958 46 30 till

452 2032 77 29 gagn
553 2022 55 29 och
632 2022 65 29 med
723 2021 173 38 billigheten
911 2018 344 36 öfverensstämmande,
1273 2021 46 26 att
1339 2016 89 40 något
1447 2019 87 35 göres
1556 2015 47 29 för
1620 2015 90 28 dessa
1729 2012 137 30 läroverk
1884 2011 10 29 i
1914 2011 55 29 den
1985 2010 79 29 rikt-

452 2073 72 39 ning
543 2072 186 30 motionären
750 2071 166 39 föreslagit.
940 2068 48 32 Då
1007 2070 168 30 emellertid
1193 2069 51 29 det
1263 2072 73 32 sätt,
1354 2064 117 42 hvarpå
1489 2066 187 29 motionären
1690 2063 175 30 formulerat
1877 2062 53 29 sitt
1943 2061 121 39 förslag,

452 2124 117 29 lemnar
592 2123 106 36 ovisst,
721 2123 149 29 huruvida
898 2122 66 30 icke
994 2121 60 30 han
1084 2119 127 41 åsyftar,
1236 2124 46 25 att
1307 2119 96 29 lärare
1429 2117 49 30 vid
1502 2117 36 29 de
1561 2115 233 39 ifrågavarande
1818 2112 248 40 privatskolorna

453 2172 49 32 må
525 2175 102 29 kunna
650 2174 223 39 tillgodoräkna
901 2174 44 38 sig
974 2169 149 41 tjensteår
1146 2171 55 30 och
1234 2171 119 29 lönetur
1376 2170 46 28 för
1448 2166 67 32 hela
1545 2168 55 28 den
1624 2166 43 30 tid
1692 2166 35 28 de
1751 2164 49 30 vid
1830 2163 134 31 enskildt
1986 2162 80 30 läro-

453 2226 73 29 verk
552 2225 128 29 bestridt
703 2224 162 39 adjunkts-
888 2223 73 30 eller
989 2221 343 39 lektors-tjenstgöring,
1357 2220 55 29 har
1434 2219 165 29 Utskottet
1620 2217 66 30 icke
1710 2219 102 27 ansett
1835 2215 46 38 sig
1903 2214 75 30 böra
2001 2213 8 30 i
2032 2209 35 33 så

452 2275 175 31 vidsträckt
651 2274 67 31 mån
742 2274 158 39 tillstyrka
931 2274 83 30 bifall
1038 2273 45 30 till
1108 2272 203 30 motionärens
1336 2270 127 39 förslag,
1497 2272 73 27 enär
1600 2278 34 19 en
1659 2265 95 32 sådan
1779 2263 118 33 förmån
1920 2274 64 20 som
2008 2263 58 30 den
