2184 2550
709 164 105 30 Stats-
824 160 169 32 Utskottets
1024 156 171 32 Utlåtande
1218 156 63 32 N:o
1305 154 50 30 37.
1787 145 18 29 5

625 244 34 43 b)
689 245 48 29 att
765 241 38 31 de
833 239 72 32 med
936 237 90 32 detta
1054 235 148 41 uppdrag
1231 232 155 32 förenade
1416 228 177 34 kostnader
1626 228 51 29 må
1700 224 34 32 af
1756 222 92 33 Riks-

623 293 261 42 gäldskontorets
908 287 103 33 medel
1036 285 169 33 bestridas.

359 350 14 30 I
398 346 230 39 sammanhang
653 343 71 33 med
749 343 56 31 sitt
830 337 216 45 nyssnämnda
1071 336 119 38 förslag
1210 333 95 32 hafva
1323 333 122 30 Herrar
1464 328 178 34 Adelsköld
1664 326 60 32 och
1741 323 106 34 Stråle

224 399 163 38 hemstält,
418 400 47 29 att
510 394 315 34 Slottsintendenten
856 389 162 33 Jacobson
1050 389 51 29 må
1133 387 105 30 såsom
1269 382 180 39 ersättning
1472 381 50 31 för
1546 380 69 30 sina
1641 376 135 41 utgifter
1799 374 48 31 för

224 448 239 35 ofvannämnda
491 446 158 39 ritningar
679 444 60 32 och
772 442 121 39 förslag
922 439 60 32 och
1012 438 54 31 det
1101 436 123 37 arbete,
1257 434 62 31 han
1344 433 101 40 derpå
1469 430 140 40 nedlagt,
1637 426 212 34 tillerkännas

225 505 47 28 ett
306 499 130 32 arfvode
465 498 35 30 af
535 498 94 37 5,000
663 496 129 36 kronor,
831 495 66 28 mot
931 490 55 31 det
1019 492 49 28 att
1101 496 123 23 samma
1251 484 159 39 ritningar
1441 493 41 20 m.
1509 492 40 20 m.
1577 478 144 33 derefter
1744 475 106 33 blefve

224 550 202 39 Riksdagens
450 546 210 41 tillhörighet.

362 600 48 31 Då
441 596 316 34 Slottsintendenten
790 592 180 33 Jacobsons
1000 587 216 35 omförmälda
1245 584 112 32 arbete
1388 583 27 41 ej
1446 581 106 32 blifvit
1581 578 129 33 utfördt
1739 578 10 30 i
1773 577 79 42 följd

227 652 34 31 af
288 652 99 38 något
416 648 200 39 Riksdagens
641 645 157 41 uppdrag,
825 643 61 32 och
909 641 55 31 det
987 643 88 28 ännu
1099 638 27 41 ej
1152 637 62 32 kan
1238 645 94 23 anses
1355 632 152 42 afgjordt,
1533 641 51 21 om
1609 629 39 31 de
1672 629 33 32 af
1732 628 120 31 honom

227 700 182 42 uppgjorda
438 699 160 38 ritningar
626 696 59 32 och
715 694 119 39 förslag
862 693 128 31 komma
1020 692 48 28 att
1090 689 34 31 af
1145 687 184 38 Riksdagen
1353 682 177 38 användas,
1555 680 106 32 finner
1684 678 169 32 Utskottet

228 753 47 39 sig
307 752 29 40 ej
367 751 50 30 för
444 747 200 33 närvarande
676 746 109 31 kunna
815 742 163 42 tillstyrka
1005 739 184 40 Riksdagen
1217 740 49 29 att
1295 735 128 32 besluta
1445 733 10 31 i
1479 734 90 38 fråga
1594 741 51 21 om
1670 729 183 38 ersättning

229 802 50 32 för
306 800 140 33 berörda
473 798 118 32 arbete.

364 852 46 30 På
437 849 103 41 grund
565 847 96 33 häraf
682 844 187 34 hemställer
897 841 178 38 Utskottet,

1019 945 49 28 4:0

634 1051 48 28 att
719 1047 120 31 Herrar
873 1042 191 34 Adelskölds
1101 1041 60 31 och
1196 1040 38 31 G.
1267 1037 39 31 H.
1339 1034 123 33 Stråles
1492 1033 130 39 förslag,
1652 1031 10 31 i
1694 1030 81 32 hvad
1806 1029 55 31 det

634 1099 86 31 afser
743 1096 180 41 beviljande
946 1095 34 30 åt
1010 1089 316 35 Slottsintendenten
1355 1085 164 32 Jacobson
1547 1083 35 30 af
1610 1085 47 28 ett
1684 1080 134 32 arfvode
1842 1081 19 29 å

636 1150 95 36 5,000
767 1146 130 38 kronor,
934 1145 50 30 för
1023 1140 201 34 närvarande
1261 1139 51 30 må
1346 1136 36 32 af
1410 1134 184 40 Riksdagen
1624 1132 123 31 lemnas
1783 1133 78 28 utan

636 1197 160 33 afseende.

438 1299 189 34 Stockholm
651 1299 61 31 den
736 1300 37 30 21
800 1297 86 31 Mars
911 1296 92 31 1878.

789 1398 45 31 På
863 1392 289 36 Stats-Utskottets
1175 1394 136 37 vägnar:

896 1490 104 42 Carl
1023 1489 187 40 Ekman.

900 1740 314 44 Reservation:

383 1858 35 32 af
449 1856 121 31 Herrar
608 1851 34 34 OC.
677 1851 138 38 Ekman,
849 1847 116 34 Grefve
1001 1847 41 30 A.
1079 1844 149 38 Mörner,
1267 1840 34 33 OC.
1337 1840 38 32 FE.
1413 1840 40 42 af
1480 1837 207 41 Geijerstam,
1725 1835 41 31 RB.
1803 1845 63 22 von

246 1911 160 37 Kraemer,
434 1907 81 31 Liss
547 1904 80 40 Olof
652 1902 150 32 Larsson
831 1898 63 33 och
927 1896 127 42 Gustaf
1075 1895 159 37 Jonsson,
1259 1891 108 32 hvilka
1391 1892 116 35 ansett,
1537 1891 49 28 att
1609 1886 184 32 Utskottets
1816 1888 51 28 ut-

245 1959 132 34 låtande
402 1958 58 32 och
485 1955 120 40 förslag
628 1952 72 33 med
719 1950 176 38 anledning
913 1947 35 31 af
965 1947 93 32 ofvan
1079 1943 215 35 omförmälda
1315 1942 161 32 motioner
1495 1939 74 32 bort
1587 1937 124 33 erhålla
1729 1934 141 42 följande

245 2009 158 34 innehåll:

385 2059 73 31 «Uti
487 2068 40 21 en
554 2057 89 30 inom
673 2052 110 32 Andra
805 2051 197 31 Kammaren
1026 2046 105 39 väckt,
1162 2047 49 31 till
1236 2042 272 35 Stats-Utskottet
1535 2037 188 35 remitterad
1749 2034 123 33 motion

249 2111 73 42 (N:o
354 2109 74 37 101)
459 2109 58 30 har
547 2107 84 31 Herr
658 2103 78 32 Liss
769 2101 81 40 Olof
874 2099 148 32 Larsson
1050 2096 176 41 föreslagit,
1260 2099 48 28 att
1336 2093 182 39 Riksdagen
1549 2091 100 30 måtte
1673 2088 57 30 hos
1754 2080 115 51 Kongl.

248 2161 90 40 Maj:t
371 2159 130 32 anhålla
538 2168 52 21 om
624 2152 201 44 proposition
854 2149 138 33 rörande
1023 2147 185 32 hofstallets
1232 2145 203 43 förflyttning
1458 2142 72 31 från
1553 2136 319 42 Helgeandsholmen

249 2211 50 34 till
326 2220 107 22 annan
462 2210 96 41 plats,
586 2208 83 31 samt
698 2215 51 21 om
781 2200 210 35 meddelande
1019 2198 161 34 huruvida
1203 2198 60 32 och
1288 2198 41 42 på
1352 2194 108 33 hvilka
1483 2190 103 34 vilkor
1609 2189 39 31 de
1671 2188 90 32 Hans
1784 2186 90 43 Maj:t

1886 311 149 30 Angeende

1868 346 113 30 arfvode
1997 345 49 29 för

1871 378 178 33 uppgörande

1869 414 34 30 af
1921 414 137 27 ritningar

1888 456 30 14 m.
1940 454 31 14 m.
1986 445 50 29 för

1877 479 173 30 riksdagshu-

1897 516 51 21 sets
1969 512 55 24 till-

1900 545 129 33 byggnad.
