2194 2544
379 140 19 30 6
830 146 106 30 Stats-
947 146 167 34 Utskottets
1144 151 171 33 Utlåtande
1338 153 66 32 N:o
1427 156 50 30 37.

977 228 9 8 o

334 218 182 41 Konungen
553 220 167 41 tillhöriga
753 224 196 39 egendomar
972 238 19 21 å
1018 238 123 24 samma
1169 230 106 33 holme
1312 231 104 33 skulle
1454 234 108 33 kunna
1590 236 35 31 af
1645 241 107 29 staten
1776 240 188 42 förvärfvas,

333 267 50 32 för
410 272 60 35 att,
508 269 101 32 sedan
640 274 71 38 nytt
746 273 132 33 hofstall
906 276 119 33 hunnit
1056 280 174 39 anskaffas,
1264 282 147 32 nedrifva
1440 284 63 31 alla
1527 287 19 31 å
1569 286 128 33 holmen
1730 301 42 19 nu
1796 287 168 50 befintliga

332 318 192 41 byggnader
564 321 61 31 och
654 321 179 42 dymedelst
860 329 79 37 göra
969 328 61 31 den
1055 330 48 31 till
1128 342 39 20 en
1192 331 40 31 fri
1256 332 95 40 plats,
1379 335 89 30 öfver
1491 335 132 32 hvilken
1648 338 113 41 Kongl.
1786 341 91 40 Maj:t
1901 345 60 30 och

332 368 186 40 Riksdagen
554 371 183 33 sedermera
765 374 52 31 för
850 377 71 32 sina
957 377 100 34 behof
1091 381 106 31 kunde
1229 382 70 31 fritt
1328 383 139 42 förfoga,
1498 390 94 34 samt,
1622 388 46 31 till
1696 388 206 35 bestridande
1931 395 34 30 af

334 418 185 40 kostnader,
546 431 67 22 som
638 421 106 34 kunde
769 425 187 34 föranledas
979 432 35 28 af
1034 430 39 31 de
1098 431 50 32 för
1171 432 100 31 sådan
1296 435 220 39 propositions
1540 437 183 40 afgifvande
1748 441 213 43 erforderliga

332 468 224 41 utredningar,
582 472 96 32 ställa
701 474 48 31 till
772 476 115 40 Kongl.
918 478 107 41 Maj:ts
1049 481 190 43 förfogande
1263 486 48 28 ett
1333 484 114 41 anslag
1470 486 32 31 af
1524 487 63 31 fem
1611 491 92 29 tusen
1728 490 128 34 kronor.

469 520 61 31 Vid
562 524 82 30 1877
672 525 51 30 års
751 525 130 42 riksdag
908 529 131 32 väcktes
1069 534 34 27 af
1130 542 121 22 samme
1282 535 164 31 motionär
1470 537 170 33 enahanda
1664 539 130 41 förslag,
1821 543 60 31 och
1905 555 55 21 var

332 569 106 32 såsom
467 570 70 32 skäl
567 572 51 31 för
647 573 179 35 detsamma
857 577 268 43 hufvudsakligen
1155 582 141 40 anfördt,
1321 587 49 28 att
1393 585 208 34 Riksbanken
1626 589 82 32 hade
1733 590 100 33 behof
1858 593 35 31 af
1919 606 39 20 en

330 618 209 42 tidsenligare
568 623 61 31 och
657 624 51 31 för
733 625 72 32 dess
835 626 99 33 behof
961 629 189 41 lämpligare
1182 632 158 41 byggnad,
1367 635 137 33 likasom
1528 638 60 31 ock
1613 639 60 32 den
1699 640 155 41 tidpunkt
1885 648 72 28 när-

331 669 94 32 made
457 671 57 40 sig,
547 672 42 32 då
618 673 204 42 Riksdagens
846 677 60 31 hus
929 678 71 32 icke
1024 680 111 41 längre
1160 681 106 33 kunde
1291 685 104 31 under
1418 687 147 39 stigande
1589 689 186 41 folkmängd
1805 693 9 30 i
1845 693 114 33 landet

329 719 59 31 och
429 720 11 31 i
475 721 77 41 följd
595 723 94 32 deraf
726 725 99 33 ökadt
866 728 89 31 antal
998 736 262 35 representanter
1295 734 108 32 lemna
1439 737 205 43 erforderligt
1677 744 169 39 utrymme,
1872 749 85 27 samt

329 771 49 29 att
415 770 317 41 Helgeandsholmen
772 780 109 37 syntes
911 780 204 33 motionären
1152 793 75 21 vara
1267 784 62 32 den
1368 785 205 43 lämpligaste
1611 790 125 41 platsen
1774 793 50 31 för
1860 794 97 33 dessa

327 818 194 43 byggnader.

464 871 109 33 Sedan
602 874 179 33 emellertid
805 878 140 32 nämnda
969 881 52 31 års
1044 881 158 42 Riksdags
1227 884 243 35 Stats-Utskott
1491 889 10 30 i
1527 889 166 33 utlåtande
1718 892 58 32 N:o
1801 895 39 29 66
1864 894 91 33 hem-

331 920 88 39 stält,
458 925 48 28 att
540 923 85 31 Herr
659 924 70 32 Liss
757 926 78 32 Olof
859 928 156 34 Larssons
1043 931 139 34 berörda
1218 936 122 31 motion
1364 938 27 39 ej
1416 940 99 30 måtte
1540 940 50 31 till
1615 942 106 39 någon
1751 943 201 42 Riksdagens

326 971 114 39 åtgärd
471 972 179 40 föranleda,
674 979 84 28 samt
787 977 106 33 denna
921 980 190 34 hemställan
1143 984 106 32 blifvit
1276 986 35 31 af
1336 987 115 32 Första
1488 990 195 33 Kammaren
1709 992 145 41 bifallen,
1881 1007 72 21 men

325 1020 112 32 Andra
473 1023 197 32 Kammaren
706 1025 154 41 deremot,
900 1030 70 31 med
1001 1032 102 41 afslag
1134 1036 19 29 å
1181 1034 181 34 Utskottets
1394 1038 202 41 hemställan,
1627 1041 118 33 bifallit
1775 1044 84 32 Herr
1881 1046 71 32 Liss

326 1069 74 33 Olof
431 1072 158 33 Larssons
619 1074 129 42 förslag,
779 1078 130 32 väcktes
939 1081 34 31 af
1000 1081 272 36 Stats-Utskottet
1302 1086 91 41 fråga
1422 1099 51 21 om
1498 1090 88 32 detta
1609 1093 137 31 ärendes
1773 1094 178 41 afgörande

323 1130 116 30 genom
474 1133 186 29 gemensam
697 1129 209 40 omröstning,
940 1131 128 33 hvilken
1100 1134 191 34 hemställan
1321 1138 71 31 åter
1414 1139 36 31 af
1469 1140 115 33 Första
1608 1142 195 34 Kammaren
1829 1145 117 41 bifölls,

323 1181 73 21 men
431 1173 36 30 af
490 1173 113 32 Andra
631 1176 194 33 Kammaren
854 1180 129 41 afslogs,
1020 1183 138 40 hvadan,
1188 1186 59 32 och
1284 1187 41 31 då
1352 1188 94 32 alltså
1475 1190 111 40 frågan
1615 1203 52 21 om
1690 1195 203 33 anställande
1916 1198 35 31 af

323 1223 202 40 omröstning
548 1224 11 31 i
587 1225 192 34 förberörda
816 1230 118 31 ärende
970 1233 101 31 måste
1095 1236 106 30 såsom
1225 1237 151 32 förfallen
1401 1250 104 28 anses,
1525 1241 118 41 jemväl
1667 1243 55 32 det
1745 1245 9 30 i
1782 1247 165 32 motionen

323 1272 115 32 väckta
463 1274 121 41 förslag
608 1276 52 31 vid
684 1277 141 33 sistlidet
852 1282 51 30 års
927 1281 132 42 riksdag
1083 1284 147 33 förfallit.

460 1324 63 31 Det
556 1325 79 39 skäl,
672 1337 68 21 som
777 1329 189 33 föranledde
996 1333 150 33 sistlidna
1170 1337 52 30 års
1246 1337 157 41 Riksdags
1427 1340 239 34 Stats-Utskott
1688 1347 48 28 att
1760 1346 184 42 hemställa,

320 1371 55 31 det
405 1374 166 33 motionen
603 1377 28 40 ej
661 1379 100 31 måtte
791 1379 48 31 till
869 1383 105 37 någon
1004 1383 204 42 Riksdagens
1237 1388 113 39 åtgärd
1383 1389 177 42 föranleda,
1585 1392 113 33 bestod
1724 1395 77 41 deri,
1826 1400 48 29 att
1898 1418 46 4 —

320 1422 82 31 efter
436 1424 55 31 det
524 1426 137 32 utsedde
696 1427 198 35 komiterade
924 1431 62 32 den
1017 1436 37 29 14
1088 1435 184 33 December
1309 1441 80 29 1876
1417 1443 42 37 på
1486 1442 97 40 nådig
1611 1443 174 43 befallning
1822 1448 124 40 afgifvit

319 1472 170 33 utlåtande
522 1486 51 21 om
613 1477 39 31 de
690 1478 112 40 vilkor,
843 1481 186 33 hvarunder
1067 1485 208 34 Riksbanken
1315 1489 60 31 och
1409 1490 202 34 Stockholms
1645 1494 152 34 kommun
1840 1498 103 32 skulle

318 1521 111 34 kunna
463 1528 135 37 antagas
634 1528 151 41 möjligen
820 1541 75 22 vara
928 1533 126 40 hugade
1089 1539 48 28 att
1174 1537 50 31 för
1260 1539 187 33 erhållande
1481 1543 34 30 af
1546 1543 278 41 dispositionsrätt
1856 1549 88 32 öfver

317 1572 332 44 Helgeandsholmen,
689 1578 101 42 begge
829 1582 214 34 tillsammans
1078 1586 78 31 eller
1190 1588 129 40 endera,
1356 1589 118 34 bereda
1512 1594 133 41 tillgång
1679 1596 49 31 till
1763 1598 82 31 hvad
1874 1610 67 21 som

317 1622 108 33 kunde
456 1626 105 31 finnas
593 1628 113 40 nödigt
733 1630 51 31 för
811 1632 202 40 uppförande
1041 1635 35 31 af
1104 1640 47 28 ett
1179 1641 71 38 nytt
1277 1639 135 33 hofstall
1431 1642 99 40 jemte
1558 1645 102 40 öfriga
1688 1647 49 31 till
1762 1648 180 34 detsamma

315 1672 146 34 hörande
489 1676 213 43 erforderliga
729 1680 186 41 byggnader
946 1702 41 6 —
1018 1695 40 21 en
1082 1686 35 31 af
1139 1690 80 29 1875
1249 1691 51 30 års
1329 1690 143 42 Riksdag
1495 1694 90 40 gjord
1614 1696 201 42 underdånig
1843 1699 97 32 fram-

314 1724 156 41 ställning
497 1728 170 38 angående
700 1729 181 35 beredande
909 1734 36 30 af
968 1735 86 40 plats
1082 1736 50 32 för
1159 1748 39 21 en
1227 1739 147 41 byggnad
1403 1743 32 30 åt
1463 1744 208 33 Riksbanken
1700 1747 41 32 då
1768 1752 87 28 ännu
1883 1761 57 21 var

312 1775 43 38 på
381 1775 116 41 Kongl.
526 1777 121 41 Maj:ts
660 1780 118 41 nådiga
807 1783 152 41 pröfning
989 1785 171 41 beroende,
1191 1793 83 27 samt
1301 1790 64 39 det,
1397 1793 71 31 med
1500 1794 183 34 hänseende
1708 1798 48 31 till
1785 1799 61 31 den
1875 1800 63 32 för-

314 1823 184 35 beredande
533 1826 198 44 behandling
760 1831 89 33 detta
882 1835 119 31 ärende
1030 1836 141 41 erhållit,
1199 1850 74 21 vore
1302 1842 194 39 uppenbart,
1526 1848 48 28 att
1601 1846 113 41 frågan
1742 1859 51 21 om
1824 1846 114 49 Helge-

312 1874 216 34 andsholmen
559 1877 109 33 dervid
698 1881 113 40 jemväl
840 1883 102 32 skulle
971 1885 49 31 till
1052 1886 198 43 behandling
1277 1889 209 44 förekomma,
1516 1895 52 31 vid
1592 1896 122 33 hvilket
1738 1899 202 33 förhållande

311 1923 56 32 det
390 1925 72 32 icke
491 1930 108 37 syntes
628 1929 75 32 fullt
729 1931 149 41 lämpligt
901 1937 47 28 att
972 1935 41 32 då
1040 1937 189 40 ifrågasätta
1253 1939 162 34 aflåtande
1439 1944 49 32 till
1511 1946 116 40 Kongl.
1652 1948 91 41 Maj:t
1766 1950 34 31 af
1821 1951 118 31 under-

310 1974 99 42 dånig
438 1976 244 44 framställning
709 1981 9 29 i
746 1982 55 31 det
828 1984 35 29 af
889 1984 202 32 motionären
1121 1989 132 38 angifna
1281 1991 91 41 syfte.

446 2027 115 33 Denna
597 2028 90 41 fråga
721 2030 63 33 har
811 2032 96 32 likväl
936 2034 83 32 efter
1047 2036 150 33 sistlidna
1224 2041 51 31 års
1304 2041 130 43 riksdag
1462 2044 133 33 kommit
1623 2048 9 30 i
1661 2052 47 27 ett
1735 2049 10 30 i
1774 2050 61 30 viss
1866 2053 70 29 mån

309 2076 192 33 förändradt
523 2078 101 32 skick.

445 2128 106 33 Sedan
576 2130 162 42 nemligen
763 2131 246 35 ofvanbemälde
1032 2135 217 37 komiterades
1274 2141 61 32 den
1367 2146 37 29 14
1432 2145 179 33 December
1636 2149 80 30 1876
1739 2149 123 40 afgifna
1885 2155 50 29 ut-

306 2174 143 43 låtande,
490 2180 102 43 jemte
625 2180 148 35 deröfver
805 2183 122 41 afgifna
960 2187 174 40 yttranden
1169 2190 33 31 af
1227 2191 415 45 Riksmarskalksembetet,
1672 2198 35 31 af
1731 2199 204 46 fullmäktige
