1924 2860
504 190 127 30 Första
662 188 255 37 lagutskottets
945 186 188 32 utlåtande
1162 186 51 31 Nr
1237 185 51 29 34.
1578 183 17 28 5

182 277 66 30 Det
283 277 199 35 föreslagna
516 275 110 31 andra
662 275 188 30 momentet
889 284 44 20 av
965 270 18 37 $
1014 274 39 29 41
1086 273 11 29 i
1129 269 511 36 motorfordonsförordningen

141 329 196 30 innehåller
371 338 42 21 en
447 326 354 35 straffbestämmelse,
837 325 170 31 avseende
1043 324 55 30 det
1132 324 63 29 fall
1227 324 52 29 att
1317 323 112 30 förare
1467 324 39 28 är
1545 329 96 28 »syn-

141 380 157 37 barligen
321 380 122 31 berörd
467 390 43 20 av
535 379 121 30 starka
672 378 179 36 drycker».
886 376 302 35 Formuleringen,
1206 374 123 31 vilken
1346 376 38 28 är
1400 372 144 31 hämtad
1561 373 80 30 från

141 429 696 39 rusdrycksförsäljningsförordningens
862 425 81 38 59$,
968 428 156 30 ansluter
1147 427 54 35 sig
1219 428 86 28 nära
1322 425 56 30 till
1396 425 65 30 den
1480 425 10 29 i
1508 424 40 30 18
1563 424 77 35 kap.

142 480 73 38 15
197 472 20 50 $
244 483 207 34 strafflagen
474 481 201 31 meddelade
699 480 268 31 bestämmelsen
991 478 179 36 angående
1194 477 122 36 fylleri
1339 478 20 29 å
1382 476 134 30 allmän
1540 476 101 34 plats.

140 535 150 31 Beaktas
325 534 108 30 måste
467 532 207 35 emellertid,
709 533 52 28 att
795 531 201 31 ändamålet
1020 529 77 31 med
1121 529 113 30 denna
1259 537 119 21 senare
1401 527 242 31 bestämmelse

141 589 39 28 är
214 587 50 29 ett
298 585 74 31 helt
406 585 109 30 annat
547 586 45 28 än
616 583 67 35 det,
708 593 73 20 som
805 583 62 30 bör
890 591 85 21 vara
999 580 198 36 avgörande
1222 579 60 31 vid
1307 579 268 34 utformningen
1598 587 45 20 av

141 636 208 37 stadgandet
383 636 12 30 i
431 634 520 35 motorfordonsförordningen.
997 632 231 35 Strafflagens
1264 630 182 31 föreskrift
1469 639 101 21 avser
1593 630 51 29 att

142 689 211 36 möjliggöra
375 689 50 29 ett
441 686 190 33 beivrande
647 696 44 20 av
710 685 310 36 fylleriförseelsen
1036 685 113 30 såsom
1167 693 42 20 en
1226 682 205 35 kränkning
1455 691 44 20 av
1515 680 129 31 andras

141 741 132 35 sedliga
298 740 126 31 känsla
446 739 87 31 eller
557 739 12 30 i
593 738 66 31 allt
683 738 64 30 fall
772 748 44 20 av
842 737 98 31 deras
964 735 215 37 berättigade
1203 734 152 35 anspråk
1379 734 43 35 på
1438 732 206 36 anständig-

142 793 58 31 het
223 792 64 32 och
311 792 178 36 hyvsning
515 791 12 30 i
550 790 57 32 det
630 791 92 35 yttre
745 789 176 31 samlivet.
967 788 67 30 För
1058 788 52 30 att
1132 797 43 20 en
1198 786 110 31 sådan
1331 785 205 35 kränkning
1552 784 92 31 skall

142 845 122 30 kunna
298 853 100 21 anses
433 843 175 35 föreligga
643 842 109 29 måste
787 841 155 35 givetvis
977 840 138 34 krävas,
1150 839 52 30 att
1231 837 238 35 berusningen
1494 836 61 30 hos
1579 835 66 32 den

142 895 138 32 felande
318 895 93 31 skall
445 904 86 21 vara
566 894 141 35 synbar.
752 892 18 31 I
804 902 49 20 nu
888 890 239 36 föreliggande
1162 889 65 31 fall
1263 889 61 30 bör
1352 888 155 31 däremot
1532 887 112 31 straff-

142 946 267 33 bestämmelsen
443 945 116 37 åsyfta
594 944 66 31 den
695 944 77 31 fara
804 944 55 30 för
881 951 136 22 annans
1040 942 52 30 liv
1115 941 85 31 eller
1224 940 110 36 hälsa,
1359 949 72 21 som
1455 949 42 21 en
1521 941 126 29 motor-

144 999 275 31 fordonsförares
453 996 320 36 alkoholförtäring
801 995 71 31 kan
895 994 166 31 medföra.
1105 992 83 32 Men
1211 1002 44 21 en
1279 992 78 30 fara
1380 991 12 31 i
1415 991 125 31 sådant
1564 991 83 31 hän-

143 1050 123 32 seende
290 1050 70 31 kan
383 1048 252 36 obestridligen
659 1048 185 36 föreligga,
868 1048 90 29 även
982 1056 56 21 om
1062 1045 156 31 förarens
1241 1043 179 37 påverkan
1444 1053 45 20 av
1505 1042 141 32 alkohol

144 1103 76 30 icke
243 1104 39 28 är
305 1101 141 37 synbar.

186 1154 164 31 Frånsett
383 1152 114 32 denna
531 1161 96 21 mera
654 1150 163 32 formella
840 1149 240 35 anmärkning
1102 1149 72 29 mot
1198 1147 57 31 det
1279 1146 175 37 kungliga
1477 1145 170 37 förslaget

144 1206 56 31 får
222 1205 171 32 utskottet
421 1204 123 31 vidare
568 1203 117 31 erinra
708 1212 57 21 om
788 1201 41 32 de
852 1201 151 31 allmänt
1027 1199 115 31 kända
1165 1198 230 36 svårigheter,
1420 1198 99 30 vilka
1543 1198 104 35 möta,

144 1260 65 29 när
232 1257 57 32 det
313 1257 113 37 gäller
449 1257 52 30 att
526 1255 120 32 bevisa
669 1255 53 30 att
743 1264 42 21 en
802 1263 125 27 person
944 1252 94 31 varit
1054 1250 158 37 berusad,
1230 1250 63 31 och
1310 1250 98 31 vilka
1425 1249 224 37 väsentligen

145 1309 276 36 sammanhänga
444 1306 154 37 därmed,
622 1307 52 30 att
697 1306 181 31 vittnenas
901 1304 202 37 subjektiva
1127 1303 230 36 uppfattning
1380 1302 71 31 blir
1474 1311 45 21 av
1541 1301 108 31 domi-

145 1361 151 31 nerande
331 1360 186 36 betydelse.
563 1358 50 31 De
647 1358 229 36 svårigheter,
912 1366 74 22 som
1020 1355 148 31 sålunda
1192 1354 200 36 förefinnas,
1416 1353 97 32 torde
1537 1353 112 31 icke
1629 1349 23 51 i

145 1414 116 35 någon
294 1413 111 30 större
438 1410 217 36 omfattning
688 1408 217 36 undanröjas
940 1408 213 35 därigenom,
1189 1407 53 30 att
1280 1405 188 32 »berusad>
1507 1405 142 36 utbytes

146 1466 73 30 mot
255 1464 249 37 »synbarligen
538 1462 125 31 berörd
696 1471 45 21 av
774 1460 120 32 starka
925 1459 179 37 drycker».
1149 1458 72 31 Till
1245 1457 90 37 följd
1358 1457 109 31 härav
1491 1457 92 31 lärer
1606 1465 44 22 en

145 1516 253 36 bestämmelse,
433 1525 81 21 vars
549 1510 256 39 tillämplighet
840 1512 218 35 förutsätter,
1090 1511 51 30 att
1165 1510 56 31 det
1245 1510 156 36 lagligen
1425 1509 148 37 styrkes,
1597 1509 53 30 att

147 1569 66 31 den
247 1567 175 32 tilltalade
457 1566 96 31 varit
586 1565 125 32 berörd
745 1574 45 21 av
818 1564 132 31 sådana
973 1563 157 37 drycker,
1155 1563 12 30 i
1191 1562 246 36 verkligheten
1460 1561 68 31 lätt
1552 1561 99 30 bliva

147 1620 194 32 illusorisk.
386 1619 107 31 Skola
527 1617 369 36 bevissvårigheterna
930 1616 44 35 på
997 1616 50 30 ett
1070 1613 329 32 tillfredsställande
1423 1614 71 30 sätt
1517 1612 133 31 undan-

146 1673 103 36 röjas,
272 1681 104 27 synes
399 1681 83 20 man
505 1670 85 31 böra
613 1670 101 30 avstå
738 1668 80 31 från
841 1669 53 30 att
918 1667 134 31 inrikta
1076 1665 348 37 bevisskyldigheten
1447 1666 45 35 på
1515 1665 53 31 att
1584 1664 66 31 den

146 1724 176 32 tilltalade
356 1723 95 31 varit
484 1721 125 32 berörd
643 1731 45 21 av
722 1720 120 32 starka
877 1719 146 37 drycker
1057 1718 62 31 och
1143 1719 11 30 i
1179 1717 118 32 stället
1320 1718 73 30 låta
1416 1716 235 36 bevisningen

147 1777 158 30 närmast
339 1784 82 22 avse
455 1774 57 31 det
545 1774 128 30 lättare
708 1772 281 32 kontrollerbara
1023 1769 311 36 sakförhållandet,
1369 1768 179 32 huruvida
1582 1767 69 31 han

147 1829 127 30 förtärt
307 1827 131 31 sådana
472 1825 158 37 drycker.
675 1824 221 31 Domstolens
931 1822 142 36 uppgift
1106 1822 70 31 blir
1210 1821 58 31 det
1302 1821 152 31 därefter
1487 1821 53 30 att
1563 1820 88 31 efter

147 1878 284 33 förekommande
465 1876 299 36 omständigheter
798 1875 98 32 bilda
918 1875 55 35 sig
997 1884 43 21 en
1063 1874 231 36 uppfattning
1318 1873 130 35 därom,
1473 1871 179 32 huruvida

148 1932 94 31 detta
267 1929 200 33 förtärande
491 1929 162 36 skäligen
677 1929 70 30 kan
764 1929 146 35 antagas
927 1927 92 30 hava
1035 1926 170 36 påverkat
1224 1925 129 31 honom
1369 1924 61 32 vid
1443 1924 207 36 körningen.

147 1984 76 31 Den
257 1983 109 31 frihet
399 1983 52 30 att
483 1983 110 34 pröva
627 1980 96 31 olika
747 1981 43 36 på
814 1979 102 31 fallet
939 1977 215 32 inverkande
1178 1976 258 36 förhållanden,
1460 1986 74 21 som
1558 1975 93 32 dom-

149 2036 111 31 stolen
292 2044 125 28 genom
440 2033 97 32 ordet
563 2032 199 37 »skäligen»
789 2031 160 35 erhåller,
972 2030 62 31 bör
1058 2040 86 20 vara
1167 2029 115 37 ägnad
1306 2030 51 30 att
1381 2027 194 37 förhindra,
1599 2028 52 30 att

149 2087 66 32 den
249 2086 177 32 tilltalade
460 2085 102 31 fälles
597 2084 58 31 till
690 2094 129 21 ansvar
854 2083 12 30 i
896 2082 110 31 andra
1029 2081 65 31 fall
1117 2083 45 29 än
1185 2081 143 36 sådana,
1353 2080 61 31 där
1438 2080 213 31 alkoholför-

148 2140 166 35 täringen
347 2138 71 31 kan
451 2146 101 22 anses
586 2136 93 31 hava
713 2137 96 30 varit
843 2145 45 20 av
923 2133 237 32 beskaffenhet
1194 2134 53 30 att
1279 2133 121 30 kunna
1423 2132 157 31 medföra
1609 2140 42 22 en

149 2191 139 36 verklig
312 2190 86 31 fara.

192 2243 120 31 Under
335 2240 218 37 åberopande
577 2250 44 21 av
646 2239 67 31 vad
737 2239 149 31 sålunda
910 2238 134 31 anförts
1067 2237 56 31 får
1147 2237 170 31 utskottet
1341 2235 197 36 hemställa,

594 2342 64 36 1:0)
682 2345 52 30 att
758 2343 188 36 riksdagen
969 2343 109 30 måtte
1102 2342 12 30 i
1137 2340 171 32 skrivelse
1332 2340 56 31 till
1401 2339 136 37 Kungl.
1551 2339 102 36 Maj:t

550 2397 152 35 anmäla,
738 2398 52 29 att
825 2395 200 36 riksdagen,
1060 2394 12 30 i
1100 2393 192 36 anledning
1315 2403 45 20 av
1384 2391 56 32 det
1463 2391 190 37 riksdagen

551 2449 55 32 för
634 2448 164 38 yttrande
826 2445 242 33 underställda
1091 2445 166 36 förslaget
1281 2445 58 31 till
1363 2444 209 36 förordning
1597 2453 56 21 om

551 2500 133 32 ändrad
708 2500 132 37 lydelse
864 2509 44 21 av
932 2495 70 38 $41
1028 2498 12 30 i
1064 2497 253 35 förordningen
1334 2496 65 31 den
1415 2496 40 31 15
1472 2496 79 36 juni
1568 2495 83 31 1923
