2200 2620
656 170 293 33 Statsutskottets
974 169 186 34 memorial
1185 167 52 32 Nr
1262 168 62 31 124
1339 166 40 32 ÅA.
1746 164 17 31 7

206 250 266 48 Tobaksskatt,
503 251 193 43 bevillning
752 280 226 4 ..........=-.-
1032 278 28 5 +.
1130 246 303 47 16,000,000:
1402 242 34 60 —

208 302 169 37 Särskild
407 279 101 59 skatt
536 304 20 33 å
585 300 128 48 tobak,
744 280 193 65 bevillning
974 330 108 4 vn
1153 298 215 48 6,000,000:
1388 319 44 5 —

207 326 506 80 Brännvinstillverknings-

259 406 112 46 skatt,
402 406 195 44 bevillning
640 434 16 4 ...
724 434 24 4 .....
819 403 280 46 6,000,000:
1067 399 36 57 —

208 456 487 48 Rusdrycksförsäljnings-

259 507 132 45 medel,
422 508 234 44 bevillning
736 536 2 4 .........
795 505 303 46 21,000,000:
1066 501 35 55 —

207 558 205 46 Maltskatt,
435 559 193 43 bevillning
664 587 84 5 -....
820 556 280 45 2,200,000:—
1130 562 306 47 29,200,000:
1404 551 36 62 —

208 617 280 48 Omsättnings-
535 617 71 36 och
651 616 383 48 utskänkningsskatt
1079 617 21 33 å

259 669 269 49 spritdrycker,
560 669 193 45 bevillning
826 697 224 7 —-...«...eewewe---
1130 665 241 47 39,000,000:
1390 685 44 4 ---
1468 672 265 46 152,200,000:
1749 692 50 4 —

1112 743 156 37 Summa
1295 743 141 35 kronor
1467 742 265 46 183,650,000:
1749 762 61 14 —.

339 866 72 49 2:0)
441 866 142 49 Kungl.
613 866 126 48 Maj:ts
769 866 143 47 förslag
938 864 232 38 beträffande
1198 864 46 36 de
1273 863 119 37 under
1419 862 179 37 rubriken
1617 861 194 50 »uppbörd

209 917 11 36 i
250 922 142 32 statens
424 918 262 35 verksamhet»
723 923 196 55 upptagna
951 916 319 36 inkomsttitlarna
1298 915 68 35 har
1393 914 82 36 icke
1504 913 97 49 givit
1628 914 183 35 utskottet

209 968 207 49 anledning
444 969 56 35 till
530 981 124 23 annan
683 969 150 36 erinran
861 972 49 32 än
938 973 66 42 att,
1034 967 47 36 då
1104 967 103 35 vissa
1226 965 233 48 ändringar
1444 960 20 61 i
1482 965 120 49 själva
1622 964 187 49 beloppen

209 1034 46 23 av
283 1019 285 38 vederbörande
597 1020 273 48 utgiftsanslag
897 992 170 81 påkallas
1097 1032 46 23 av
1170 1018 226 48 riksdagens
1425 1017 123 36 beslut
1575 1016 234 36 beträffande

209 1071 336 50 dyrtidstilläggen
574 1072 83 47 och,
685 1072 72 36 vad
787 1071 151 37 särskilt
965 1075 151 45 posten:
1146 1070 153 36 Patent-
1329 1069 70 36 och
1427 1067 261 37 varumärkes-
1712 1072 98 31 samt

208 1100 449 73 registreringsavgifter
678 1126 130 46 angår,
837 1126 48 46 på
913 1123 124 49 grund
1067 1136 47 23 av
1141 1122 102 36 vissa
1271 1135 48 22 av
1342 1119 207 60 riksdagen
1568 1119 241 47 beslutade,
1791 1115 22 68 i

208 1175 225 50 riksdagens
475 1175 184 37 skrivelse
700 1189 45 22 nr
787 1175 93 37 10
861 1166 22 67 A
908 1174 250 37 omförmälda
1186 1172 290 48 nedsättningar
1502 1172 13 36 i
1544 1172 181 57 anslagen
1753 1170 56 37 till

209 1233 147 43 patent-
398 1226 72 37 och
511 1227 415 48 registreringsverket,
969 1239 142 23 samma
1154 1224 207 49 ändringar
1402 1224 91 36 böra
1533 1228 113 44 göras
1674 1223 11 36 i
1715 1228 94 30 mot-

210 1278 185 36 svarande
422 1278 284 37 inkomsttitlar.
760 1278 196 38 Utskottet
982 1277 218 37 hemställer
1226 1275 250 46 fördenskull,

541 1395 53 31 att
635 1389 205 49 riksdagen
881 1391 60 34 må
968 1391 123 34 såsom
1120 1387 171 50 uppbörd
1320 1387 12 36 1
1360 1392 144 31 statens
1531 1386 241 37 verksamhet
1799 1386 13 36 i

411 1441 202 37 riksstaten
656 1441 58 36 för
750 1441 103 36 tiden
884 1442 18 34 1
930 1440 148 49 januari
1103 1441 75 35 —30
1205 1439 86 48 juni
1322 1440 97 35 1923
1448 1444 170 43 upptaga
1646 1438 166 48 följande

410 1493 276 37 inkomsttitlar
714 1493 170 36 sålunda:

412 1588 492 49 Vattendomstolsavgifter
944 1618 52 5 ......
1423 1616 63 5 een
1611 1586 121 47 1,000:
1752 1607 43 4 —

411 1641 142 49 Bidrag
594 1640 57 37 till
684 1619 358 108 försäkringsrådet
1049 1618 87 57 och
1142 1616 344 108 tiksförsäkrings-

542 1693 191 36 anstalten
760 1723 156 5 ..........
1366 1720 122 5 vn
1558 1690 241 46 300,000:
1770 1686 31 54 —

412 1744 178 49 Avgifter
617 1744 60 36 för
704 1723 251 79 registrering
984 1756 46 23 av
1039 1721 297 57 automobiler
1312 1717 25 77 ..
1438 1772 50 5 «...
1559 1741 174 47 100,000:
1750 1762 49 5 —

413 1796 172 37 Inkomst
613 1810 47 22 av
688 1796 204 49 myntning
920 1795 70 36 och
1013 1794 193 50 justering
1262 1824 225 6 ..............
1558 1793 176 47 955,000:
1751 1814 49 4 —

413 1849 145 48 Bidrag
585 1848 56 36 till
669 1846 369 50 bankinspektionen
1074 1876 308 6 «...eeeeee-eeew
1424 1875 62 5 00
1584 1845 150 47 04,400:
1751 1865 51 5 —

414 1900 142 49 Bidrag
583 1900 57 36 till
670 1898 372 88 fondinspektionen.
1062 1929 38 4 FRE
1120 1930 50 2 ANNAS
1216 1929 48 4 BREDA
1284 1929 5 4 Rd
1299 1892 36 56 bro
1344 1928 12 5 äN
1388 1927 98 5 HERR
1585 1897 150 45 50,100:
1754 1917 46 5 —

414 1951 500 50 Kontrollstämpelmedel
993 1981 307 5 .measssecsmsener
1319 1979 155 5 sen
1526 1943 16 62 —
1559 1947 175 43 300000:
1751 1969 50 4 —

414 2003 514 49 Denatureringsavgifter
1004 2032 414 6 sm..smmememmemmeemucämeseaa
1438 2032 50 2 se
1587 2001 148 45 70,350:
1752 2021 50 4 —

414 2055 342 49 Terminsavgifter
784 2055 82 36 från
893 2033 221 57 läroverken
1460 2083 28 5 .
1560 2053 175 46 -225,000:
1754 2072 47 5 —

414 2108 177 49 Avgifter
620 2107 59 36 för
707 2106 240 49 granskning
975 2118 46 24 av
1048 2080 312 77 biografbilder...
1440 2136 16 2 oo
1541 2136 1 2 —
1586 2104 150 46 88,500:
1753 2124 49 4 —

414 2160 214 36 Inkomster
657 2172 46 23 av
731 2164 144 31 statens
876 2241 4 4 |
908 2156 424 89 reproduktionsanstalt
1358 2136 26 56 ..
1451 2187 5 4 :
1563 2155 173 46 106,500:
1753 2176 50 4 —

415 2212 92 49 Fyr-
536 2211 71 37 och
635 2210 234 37 båkmedel
849 2206 24 60 .
1028 2240 144 5 BFERENNEENNEnT,
1219 2203 57 59 NIO
1319 2239 74 5 SN
1561 2207 175 47 800,000:
1753 2228 50 4 —

416 2263 308 51 LOtspenningar
758 2294 52 4 ...
828 2292 450 6 meecccseeseeewmssv
1322 2291 166 5 seem
1561 2259 175 47 100,000:
1753 2279 50 5 —

1861 863 121 30 Uppbörd
2000 864 9 22 i

1885 899 98 22 statens

1846 933 170 23 verksamhel.
