2186 2608
206 1494 127 22 Utskottet.

435 139 19 29 4
811 138 359 41 Bevillningsutskottets
1193 138 193 32 betänkande
1409 139 53 31 Nr
1485 141 50 30 41.

392 218 45 33 31
469 215 44 50 $$
541 217 12 35 i
583 216 272 48 förordningen
886 217 71 35 den
988 219 18 33 7
1039 217 149 48 augusti
1220 218 94 35 1907
1345 217 196 49 angående
1568 218 245 49 tillverkning
1837 220 69 36 och
1927 220 63 36 be-

391 267 200 49 skattning
629 281 48 22 av
706 267 252 49 maltdrycker
986 274 97 30 samt
1112 268 130 36 därvid
1271 268 119 36 tillika
1419 269 222 47 föreskrivit,
1671 275 56 30 att
1755 271 71 35 vad
1853 271 12 35 i
1897 274 45 34 13
1971 271 21 49 8

392 319 173 48 stadgats
609 319 121 36 skulle
772 324 73 43 äga
882 320 240 48 tillämpnaiog
1149 326 134 42 genast
1311 320 93 36 efter
1432 321 294 48 förordningens
1753 321 237 49 utfärdande,

392 384 87 23 men
522 376 53 30 att
616 370 269 49 förordningen
914 371 11 35 i
954 372 126 47 övrigt
1120 371 119 37 skulle
1268 371 105 36 träda
1400 371 13 35 1
1440 372 99 36 kraft
1570 373 93 36 först
1691 374 74 36 den
1795 375 17 33 1
1838 373 152 48 januari

394 424 110 45 1919,
548 425 40 33 så
629 422 197 36 förordnas
877 423 166 46 härmed,
1082 428 62 40 att,
1179 428 91 31 utan
1298 423 133 36 hinder
1460 437 45 22 av
1533 424 71 35 vad
1633 425 158 35 sålunda
1818 424 172 49 stadgats

389 473 162 36 rörande
594 474 102 36 tiden
739 474 58 36 för
837 473 313 37 ikraftträdandet
1191 488 48 22 av
1280 475 157 36 berörda
1466 475 233 49 förordning,
1729 476 46 36 de
1803 477 11 35 i
1843 478 47 34 23
1919 477 72 36 och

391 527 46 33 31
469 524 43 49 $$
551 538 45 22 av
634 525 273 49 förordningen
950 525 71 37 den
1053 528 18 32 7
1103 526 150 48 augusti
1293 528 94 34 1907
1428 526 247 36 omförmälda
1713 528 178 49 stämplar
1918 528 72 36 och

391 576 175 36 etiketter
595 579 60 33 må
684 577 83 36 från
796 577 62 36 det
885 577 124 36 denna
1037 578 229 49 kungörelse
1294 582 92 31 trätt
1414 578 11 35 i
1455 578 102 35 kraft
1583 579 69 35 och
1676 579 98 36 intill
1792 582 197 46 utgången

390 640 47 23 av
466 630 39 33 år
536 630 95 34 1919
669 629 99 35 hava
796 629 180 48 antingen
1005 629 71 36 den
1105 630 224 47 avfattning,
1360 643 128 22 varom
1517 630 176 36 förmäles
1723 631 10 35 i
1762 631 228 37 sistberörda

389 678 55 49 I
480 680 139 36 sådana
656 680 192 36 desamma
880 680 88 50 lyda
1002 681 120 49 enligt
1150 681 222 48 förordning
1400 681 73 36 den
1503 682 47 35 20
1579 682 153 48 augusti
1763 684 107 45 1909,
1900 684 91 35 eller

390 731 70 35 ock
492 731 64 36 det
584 732 178 47 innehåll,
792 745 80 23 som
901 733 11 35 i
941 733 272 48 förordningen
1242 733 71 36 den
1344 735 45 33 14
1413 733 85 48 juni
1530 735 94 34 1917
1657 734 170 48 angives.

521 912 132 36 Denna
694 913 228 47 kungörelse
965 913 123 36 träder
1129 914 11 35 i
1169 914 99 35 kraft
1296 914 123 47 dagen
1448 913 94 36 efter
1569 915 84 46 den,
1683 914 48 36 då
1758 915 229 48 densamma,

390 964 123 48 enligt
553 964 91 36 därå
688 965 197 36 meddelad
927 965 164 48 uppgift,
1135 965 81 35 från
1257 965 145 48 trycket
1445 965 201 37 utkommit
1687 966 12 35 i
1734 965 148 38 Svensk
1912 967 75 36 för-

389 1016 367 48 fattniogssamling.

519 1188 242 36 Beträffande
791 1189 68 35 vad
890 1188 275 48 föredragande
1192 1188 413 49 departementschefen
1635 1190 119 48 enligt
1782 1203 96 23 ovan
1908 1204 80 23 om-

389 1239 186 37 förmälda
604 1240 373 48 statsrådsprotokoll
1006 1240 124 35 anfört
1157 1240 63 35 vid
1240 1240 172 36 ärendets
1435 1241 275 49 föredragning
1725 1242 99 36 inför
1842 1242 144 49 Kungl.

390 1291 119 47 Maj:t,
540 1291 56 36 får
624 1291 185 36 utskottet
836 1292 160 35 hänvisa
1024 1291 56 36 till
1107 1292 294 48 propositionen.

521 1497 132 36 Såsom
682 1498 12 35 1
723 1497 286 48 propositionen
1039 1498 171 45 erinrats,
1239 1498 68 35 har
1334 1511 137 34 genom
1502 1498 222 49 förordning
1747 1500 72 35 den
1843 1501 44 34 14
1902 1500 87 48 juni

393 1552 94 33 1917
528 1562 60 23 om
627 1548 146 36 ändrad
802 1548 140 49 lydelse
970 1562 47 22 av
1046 1551 34 45 3,
1112 1551 57 44 13,
1200 1551 46 33 23
1277 1549 71 35 och
1377 1551 46 33 31
1454 1549 43 48 $$
1522 1550 11 35 i
1561 1550 274 48 förordningen
1864 1551 72 36 den
1968 1555 18 32 7

390 1600 151 49 augusti
586 1602 95 34 1907
727 1600 195 48 angående
964 1600 245 48 tillverkning
1249 1601 70 35 och
1361 1600 248 49 beskattning
1650 1615 47 22 av
1727 1602 261 49 maltdrycker,

390 1653 129 35 vilken
548 1652 264 36 förstnämnda
840 1652 237 47 förordning,
1106 1652 84 36 med
1219 1652 196 47 undantag
1443 1652 59 36 för
1532 1655 45 33 13
1606 1652 32 49 $,
1667 1666 81 23 som
1778 1654 117 36 skulle
1915 1660 75 42 äga

389 1704 245 48 tillämpning
663 1709 136 42 genast
827 1703 94 36 efter
949 1704 255 46 utfärdandet,
1233 1703 125 36 träder
1385 1704 12 35 i
1424 1704 99 36 kraft
1551 1704 71 36 den
1653 1706 17 34 1
1697 1705 151 48 januari
1877 1708 111 45 1919,

389 1756 116 35 såvitt
546 1768 49 23 nu
639 1755 81 35 är
705 1751 22 57 i
762 1755 120 47 fråga,
925 1755 183 49 stadgats,
1151 1760 55 31 att
1246 1755 105 36 ordet
1391 1755 270 47 »svagdricka»
1704 1757 55 36 uti
1800 1757 45 37 de
1885 1758 11 34 i
1940 1760 48 34 23

390 1807 71 36 och
507 1808 44 34 31
596 1805 44 50 33
682 1806 249 36 omförmilda
964 1807 180 48 stämplar
1173 1807 69 36 och
1272 1807 172 36 etiketter
1474 1807 93 36 skall
1596 1807 153 49 utbytas
1778 1815 77 30 mot
1883 1810 107 36 ordet

389 1854 260 56 »skattefritt».
1055 1868 3 3 i

520 1909 71 36 Till
621 1908 95 48 följd
746 1923 46 22 av
820 1909 70 36 den
920 1910 153 48 knappa
1092 1910 215 48 tillgången
1325 1913 48 45 på
1393 1910 93 36 malt
1507 1910 67 36 har
1592 1911 61 36 vid
1673 1911 159 37 flertalet
1851 1912 138 36 skatte-

390 1961 166 49 pliktiga
594 1961 227 49 bryggerier
862 1961 291 48 tillverkningen
1196 1964 99 33 måst
1323 1962 198 48 omläggas
1549 1963 55 35 till
1631 1963 282 36 framställande
1942 1978 48 21 av

389 2012 176 50 drycker,
595 2025 82 23 som
707 2012 122 49 enligt
859 2013 540 49 tillverkningsförordningen
1428 2019 167 31 närmast
1618 2020 62 30 äro
1701 2015 213 47 hänförliga
1932 2016 58 35 till

390 2064 242 48 svagdricka.
690 2063 56 37 De
774 2064 233 49 bryggerier,
1036 2065 101 35 vilka
1165 2064 78 36 förr
1262 2065 32 48 ej
1317 2065 68 36 alls
1405 2065 190 36 tillverkat
1613 2066 237 48 svagdricka,
1871 2069 119 33 måste

390 2115 159 36 sålunda
591 2115 124 37 skaffa
757 2116 61 47 sig
858 2129 75 36 nya
974 2116 185 44 etiketter,
1197 2116 100 36 vilka
1324 2117 206 35 emellertid
1557 2117 115 36 redan
1702 2118 62 35 vid
1792 2122 109 31 nästa
1929 2121 60 33 års

389 2167 138 48 början
557 2170 119 33 måste
721 2172 160 32 ersättas
910 2167 85 36 med
1025 2168 127 46 andra,
1182 2170 41 33 så
1250 2168 229 46 beskaffade,
1510 2181 78 24 som
1617 2169 73 36 den
1718 2182 75 36 nya
1819 2168 170 50 lydelsen

388 2232 48 22 av
468 2221 46 34 23
544 2218 20 50 $
595 2219 171 48 angiver.
824 2218 111 37 Såväl
965 2219 57 36 för
1050 2219 109 36 dessa
1187 2219 233 49 bryggerier,
1451 2233 81 23 som
1553 2221 68 35 ock
1641 2221 58 36 för
1719 2221 136 36 sådana
1874 2221 116 49 bryg-
