1866 2782
349 169 408 36 Bevillningsutskottets
782 167 221 31 betänkande
1029 176 42 20 nr
1095 167 41 29 40
1161 166 39 30 år
1227 165 83 30 1957
1535 163 41 30 23

88 258 150 38 riksdag.
259 258 317 38 Barnförsörjarna
594 257 294 38 kompenserades
906 256 123 30 härför
1045 263 124 30 genom
1188 264 41 21 en
1248 254 148 37 höjning
1414 262 42 21 av
1473 253 102 29 barn-

85 312 177 38 bidragen.

128 366 179 30 Utskottet
333 366 59 29 vill
419 366 117 29 erinra
562 374 56 21 om
645 366 51 29 att
722 364 125 38 frågan
873 373 57 20 om
956 362 262 31 återinförande
1245 370 41 20 av
1311 360 264 36 barnavdragen

86 420 248 31 aktualiserats
350 420 45 29 bl.
413 429 28 20 a.
458 420 11 28 i
485 419 187 37 anledning
689 428 41 20 av
748 418 83 29 1954
848 418 56 29 års
920 415 346 38 familjeutrednings
1282 414 221 30 betänkande
1518 421 56 21 om

86 474 186 31 samhället
300 474 66 29 och
394 473 294 36 barnfamiljerna
723 471 101 35 (SOU
856 470 188 35 1955:29).
1074 469 47 31 På
1149 469 113 38 grund
1292 478 41 20 av
1359 468 66 29 vad
1454 466 122 30 därvid

87 527 227 31 förekommit
329 528 64 28 har
410 527 253 37 föredragande
679 525 190 31 statsrådet
883 525 57 30 vid
957 524 164 30 anmälan
1136 523 95 30 inför
1247 522 125 37 Kungl.
1388 520 106 38 Maj:t
1509 521 67 29 den

87 581 18 30 3
126 581 142 37 januari
290 581 82 30 1957
395 590 40 20 av
455 580 125 37 frågan
598 589 57 20 om
674 579 149 37 höjning
843 588 41 20 av
903 579 41 29 de
964 578 179 29 allmänna
1161 575 257 37 barnbidragen
1438 573 138 34 uttalat,

87 636 50 28 att
156 635 57 30 det
232 635 114 30 skulle
365 643 84 21 vara
468 634 80 37 föga
567 633 294 36 ändamålsenligt
881 634 49 28 att
949 632 11 29 i
979 630 91 38 syfte
1090 632 49 28 att
1159 630 86 29 lätta
1263 627 313 37 barnfamiljernas

86 689 230 29 ekonomiska
337 688 110 30 börda
469 687 192 31 återinföra
682 686 276 37 barnavdragen.
982 685 116 36 Enligt
1120 683 207 31 statsrådets
1349 681 228 37 uppfattning

87 743 113 30 skulle
219 743 177 36 nämligen
416 751 42 20 en
477 742 110 30 sådan
606 741 121 37 åtgärd
747 740 159 29 medföra
925 741 50 28 att
994 739 41 29 de
1053 738 224 37 olägenheter
1294 736 66 30 och
1377 734 199 34 orättvisor,

87 806 73 20 som
185 806 62 20 var
271 796 202 30 förbundna
496 796 78 29 med
597 794 420 37 barnavdragssystemet,
1045 792 5 30 i
1073 791 187 30 huvudsak
1282 790 74 30 åter
1379 789 89 30 skall
1491 797 86 28 upp-

86 851 152 29 komma.
267 850 195 30 Statsrådet
488 850 65 29 har
579 849 11 29 i
616 848 116 30 stället
760 847 180 37 föreslagit
967 847 49 29 att
1042 846 57 30 det
1126 845 179 29 allmänna
1330 842 248 36 barnbidraget

88 904 79 30 från
191 904 66 30 och
280 904 78 29 med
383 903 38 30 år
447 903 83 30 1958
553 902 79 37 höjs
656 902 52 29 till
732 902 63 29 400
820 901 130 29 kronor
973 899 54 30 för
1050 899 48 30 år.
1123 898 199 37 Riksdagen
1344 897 64 29 har
1431 904 146 21 numera

87 958 104 30 fattat
206 958 115 30 beslut
335 958 11 29 i
361 957 152 37 enlighet
528 956 154 30 härmed.

129 1011 94 30 Även
247 1011 108 37 enligt
378 1011 190 29 utskottets
591 1010 141 36 mening
756 1008 113 30 skulle
892 1009 48 29 ett
963 1006 263 31 återinförande
1249 1014 41 20 av
1313 1003 264 36 barnavdragen

87 1066 56 29 vid
159 1065 271 36 beskattningen
447 1064 168 29 innebära
630 1065 47 28 ett
693 1062 172 37 brytande
880 1070 41 21 av
936 1062 66 28 den
1018 1059 147 38 princip,
1182 1068 73 21 som
1272 1058 80 29 kom
1368 1058 52 29 till
1436 1056 141 37 uttryck

89 1120 10 29 i
119 1119 82 30 1947
221 1119 56 29 års
297 1118 221 37 lagstiftning
536 1117 64 29 och
618 1125 74 21 som
711 1116 107 29 sedan
837 1114 168 37 fullföljts
1023 1114 38 29 år
1080 1113 94 29 1950.
1192 1112 177 30 Utskottet
1388 1119 101 21 anser
1506 1110 72 29 inte

88 1173 75 29 skäl
186 1172 169 37 föreligga
375 1173 50 28 att
446 1171 125 37 frångå
590 1171 66 29 den
676 1170 44 29 då
740 1170 145 36 intagna
905 1167 264 37 ståndpunkten
1189 1165 223 31 beträffande
1431 1164 147 29 barnav-

88 1227 140 37 dragen.
246 1226 178 30 Utskottet
442 1225 70 29 kan
530 1224 119 30 därför
665 1224 73 29 inte
753 1223 138 29 biträda
908 1223 57 29 det
981 1222 11 29 i
1008 1220 221 30 motionerna
1246 1220 28 28 1:
1291 1218 62 31 369
1370 1218 65 30 och
1453 1218 45 29 II:
1514 1216 63 30 455

88 1280 197 30 framförda
300 1278 381 38 utredningsyrkandet
696 1277 11 29 i
723 1277 135 37 frågan.

133 1388 12 28 I
162 1387 231 30 förevarande
408 1385 255 36 sammanhang
677 1384 65 29 har
757 1383 171 30 utskottet
943 1381 160 37 upptagit
1117 1381 52 29 till
1185 1379 212 36 behandling
1411 1378 167 29 motions-

88 1441 182 37 yrkanden
290 1439 148 30 rörande
455 1438 65 38 gift
538 1438 148 29 kvinnas
704 1446 25 20 s.
749 1437 32 29 k.
800 1435 300 36 förvärvsavdrag.
1119 1434 117 36 Enligt
1252 1432 160 37 gällande
1429 1431 149 30 bestäm-

90 1495 126 29 melser
235 1494 82 36 äger
335 1492 66 38 gift
420 1492 142 34 kvinna,
582 1500 74 20 som
676 1491 68 29 levt
763 1490 236 29 tillsammans
1018 1488 78 29 med
1116 1487 54 30 sin
1189 1495 83 20 man
1290 1485 65 30 och
1374 1493 74 22 som
1468 1484 111 29 under

91 1549 111 29 större
225 1547 99 29 delen
349 1555 41 20 av
412 1544 320 37 beskattningsåret
754 1543 65 29 har
840 1543 90 29 varit
951 1541 116 30 bosatt
1088 1540 64 29 här
1175 1540 10 29 i
1208 1539 101 34 riket,
1331 1539 55 29 vid
1410 1538 169 28 inkomst-

90 1601 158 37 taxering
271 1601 69 29 rätt
361 1600 53 29 till
437 1599 124 29 sådant
584 1598 139 36 avdrag,
744 1606 58 20 om
823 1596 70 29 hon
913 1594 78 30 haft
1012 1595 156 28 inkomst
1189 1602 41 20 av
1252 1592 128 29 rörelse
1401 1591 83 29 eller
1505 1591 75 36 eget

90 1656 126 29 arbete.
241 1654 71 29 Har
335 1654 66 29 den
424 1652 87 38 gifta
534 1652 155 29 kvinnan
712 1650 78 30 haft
812 1649 155 30 inkomst
990 1657 41 20 av
1052 1655 84 29 egen
1158 1644 362 39 jordbruksfastighet
1542 1644 38 28 är

89 1709 71 29 hon
181 1709 160 29 däremot
361 1707 71 30 inte
453 1705 193 37 berättigad
667 1704 53 29 till
743 1704 128 36 avdrag
893 1711 73 21 som
988 1711 47 20 nu
1057 1703 104 35 sagts.
1183 1699 338 36 Förvärvsavdraget
1542 1697 38 29 är

90 1763 56 29 vid
173 1761 158 37 taxering
357 1760 52 30 till
438 1760 95 29 såväl
560 1758 205 30 kommunal
793 1765 74 21 som
894 1755 118 37 statlig
1038 1753 253 30 inkomstskatt
1316 1752 186 37 begränsat
1527 1750 53 30 till

91 1816 100 36 högst
210 1815 63 29 300
292 1815 145 32 kronor;
458 1822 55 20 om
533 1813 65 29 den
616 1811 86 37 gifta
720 1811 156 28 kvinnan
894 1810 64 28 har
974 1807 296 30 hemmavarande
1286 1806 98 34 barn,
1403 1805 54 29 för
1473 1804 108 29 vilket

92 1870 68 28 rätt
176 1869 52 29 till
246 1868 146 29 allmänt
407 1866 212 36 barnbidrag
634 1864 179 36 förelegat,
829 1863 56 29 må
900 1862 89 29 dock
1005 1861 127 36 avdrag
1147 1860 56 29 vid
1220 1857 360 37 statsbeskattningen

91 1922 177 37 medgivas
288 1921 78 29 med
386 1920 102 36 högst
508 1920 14 27 1
540 1918 61 30 000
621 1918 141 28 kronor.
782 1916 138 36 Avdrag
938 1915 70 29 kan
1026 1913 176 36 härjämte
1221 1911 176 37 medgivas
1416 1910 66 37 gift
1500 1918 81 20 man

90 1977 57 28 vid
171 1975 159 36 taxering
354 1974 52 29 till
431 1973 118 36 statlig
572 1970 264 31 inkomstskatt.
861 1968 226 31 Sistnämnda
1111 1967 139 36 avdrag,
1274 1974 75 21 som
1373 1964 133 37 uppgår
1529 1963 51 30 till

91 2030 62 29 300
178 2030 141 33 kronor,
342 2028 215 30 tillkommer
579 2025 65 38 gift
666 2034 93 25 man,
783 2032 74 21 som
880 2022 77 31 haft
980 2022 155 29 inkomst
1158 2030 41 20 av
1221 2017 362 40 jordbruksfastighet

92 2084 83 30 eller
196 2083 129 30 rörelse
345 2082 65 29 och
430 2091 79 20 vars
530 2081 125 28 hustru
676 2078 112 30 utfört
809 2077 116 30 arbete
945 2077 9 29 i
975 2075 281 30 förvärvskällan
1276 2074 52 30 till
1349 2075 48 28 ett
1416 2073 105 29 värde
1541 2080 41 21 av

92 2138 108 29 minst
224 2136 63 30 300
312 2137 140 28 kronor.
476 2136 103 28 Detta
603 2134 128 34 avdrag
754 2132 57 29 vid
835 2141 25 19 s.
885 2131 32 28 k.
942 2129 133 30 faktisk
1099 2127 302 36 sambeskattning
1424 2126 64 29 har
1511 2126 71 28 inte

92 2191 114 36 någon
231 2189 251 36 motsvarighet
506 2188 56 28 vid
587 2188 65 28 den
677 2185 228 29 kommunala
928 2184 213 35 taxeringen.
1165 2183 49 28 De
1238 2190 47 20 nu
1308 2180 179 37 återgivna
1511 2186 72 29 reg-

93 2245 96 29 lerna
205 2244 9 28 i
232 2243 99 37 fråga
345 2251 56 20 om
419 2241 156 36 taxering
590 2241 51 28 till
658 2239 119 36 statlig
792 2237 252 30 inkomstskatt
1059 2236 137 29 tillkom
1213 2235 9 28 i
1238 2235 168 29 samband
1423 2234 77 28 med
1516 2233 65 29 den

93 2307 40 20 av
160 2297 82 29 1952
268 2296 57 29 års
351 2295 141 36 riksdag
516 2293 179 30 beslutade
719 2290 268 37 omläggningen
1013 2299 40 19 av
1078 2286 370 36 statsbeskattningen.

138 2351 112 29 Sedan
270 2350 42 29 de
332 2357 46 20 nu
398 2347 160 37 gällande
577 2345 311 30 bestämmelserna
906 2343 44 37 på
969 2342 268 36 ifrågavarande
1255 2340 142 29 område
1417 2339 165 33 infördes,

93 2405 63 28 har
180 2403 132 36 årligen
336 2402 173 29 motioner
531 2400 120 29 väckts
674 2408 57 19 om
754 2397 190 36 ändringar
966 2397 10 28 i
999 2396 179 29 desamma
1201 2395 9 28 i
1232 2394 94 29 olika
1349 2392 233 29 hänseenden.

94 2458 62 29 Vid
177 2456 83 30 1954
278 2456 57 29 års
353 2455 160 35 riksdags
530 2452 214 30 höstsession
762 2450 236 30 behandlades
1017 2449 122 36 frågan
1157 2449 8 28 i
1183 2446 400 37 bevillningsutskottets
