2255 2671
420 188 18 32 8
630 185 117 32 Andra
770 185 200 31 kammarens
986 182 138 41 fjärde
1149 179 170 42 tillfälliga
1342 178 134 32 utskotts
1499 177 168 32 utlåtande
1690 176 53 31 Nr
1766 178 29 28 5.

419 274 67 36 och
527 271 270 48 arbetsgivaren
838 269 189 47 upphörde
1070 270 51 33 att
1162 265 161 36 utbetala
1364 266 119 44 någon
1524 262 124 36 vidare
1683 260 212 47 ersättning.
1953 258 61 36 Nu

422 330 106 46 drogs
570 327 148 36 ärendet
759 325 96 36 inför
888 323 163 45 domstol,
1083 334 73 24 som
1186 319 201 37 emellertid
1415 317 169 37 avvisade
1613 315 139 36 änkans
1781 313 233 48 ersättnings-

422 383 159 47 anspråk
608 384 47 45 på
684 382 69 35 den
785 380 130 48 grund,
947 381 52 33 att
1028 378 60 35 det
1115 376 82 36 icke
1225 374 107 38 blivit
1361 373 131 48 styrkt,
1523 375 53 33 att
1604 371 96 36 avtal
1729 383 56 23 om
1814 368 201 47 ersättning

422 439 173 46 förelegat
624 441 91 32 samt
744 439 53 32 att
825 436 103 34 dessa
956 429 381 49 ersättningsanspråk
1364 429 83 35 bort
1473 440 87 23 vara
1588 425 224 36 framställda
1839 424 97 35 inom
1954 426 61 33 två

422 497 39 33 år
489 493 92 35 efter
610 493 60 34 det
699 489 228 49 olycksfallet
955 487 173 36 inträffat.
1186 485 134 36 TLikaså
1348 483 169 36 avvisade
1546 481 199 36 domstolen
1774 480 240 45 målsägarens

421 549 176 47 yrkande,
642 549 52 32 att
735 544 271 47 arbetsgivaren
1048 542 117 35 skulle
1206 542 46 46 gå
1294 540 44 34 ed
1379 541 47 44 på
1468 540 52 33 att
1560 536 94 36 intet
1695 535 97 35 avtal
1829 534 183 46 förelegat.

422 602 262 47 Målsäganden
712 600 90 47 själv
832 598 167 36 mäktade
1028 596 30 47 ej
1090 597 110 45 draga
1228 594 148 36 ärendet
1404 592 96 36 inför
1528 592 110 46 högre
1667 589 163 45 domstol,
1861 588 67 36 och
1948 588 69 35 den

422 670 128 35 genom
566 641 10 68 =
598 653 403 48 förlikningsnämnden
1042 650 153 37 tillsatta
1236 648 210 37 sakföraren
1487 646 51 37 lät
1578 645 64 37 vid
1682 638 336 57 underdomstolens

422 712 119 35 beslut
569 711 95 34 bero.

531 764 119 36 Bland
678 764 43 34 de
752 761 236 47 svårigheter,
1020 771 74 23 som
1123 770 44 23 av
1197 757 112 35 andra
1338 753 238 47 anledningar
1603 752 126 35 kunna
1747 752 133 46 uppstå
1899 750 56 35 för
1975 762 45 23 en

425 820 138 35 skadad
605 819 162 34 arbetare
809 816 88 35 eller
938 815 90 34 hans
1071 812 255 43 efterlevande,
1371 810 45 35 då
1458 809 61 35 det
1559 807 113 47 gäller
1707 808 53 33 att
1787 805 234 35 utbekomma

425 872 227 38 föreskriven
694 872 166 42 livränta,
904 872 114 32 möter
1060 867 74 36 ofta
1175 868 53 33 att
1268 864 97 36 inför
1407 864 69 34 den
1514 858 391 49 ersättningsskyldige
1934 858 86 35 eller

425 928 97 36 inför
550 926 152 37 domstol
730 926 125 35 kunna
882 922 135 45 bevisa,
1049 924 53 33 att
1130 921 70 35 den
1228 918 250 48 förolyckades
1507 915 257 47 oförsiktighet
1790 913 64 36 vid
1881 913 139 47 olycks-

426 982 161 37 tillfället
628 981 81 35 icke
751 981 81 34 med
874 978 61 47 fog
976 977 74 35 kan
1093 975 193 36 betecknas
1329 976 115 32 såsom
1472 983 88 35 grov
1588 969 235 37 vårdslöshet.
1882 968 73 35 Det
1983 972 38 30 är

428 1038 64 36 vid
529 1039 52 33 ett
609 1035 215 47 föregående
852 1032 145 37 tillfälle
1025 1031 13 35 i
1066 1030 197 46 riksdagen
1292 1028 235 42 konstaterat,
1559 1027 53 33 att
1639 1023 57 37 till
1724 1023 67 36 och
1820 1023 81 35 med
1929 1021 14 36 i
1971 1024 52 33 ett

430 1091 282 45 hovrättsutslag
740 1090 103 34 dessa
870 1088 94 35 båda
991 1087 159 45 begrepp
1180 1086 102 45 synts
1310 1083 94 35 hava
1431 1080 108 36 blivit
1562 1079 210 36 förväxlade
1792 1078 87 35 eller
1897 1076 126 48 gjorda

429 1145 215 47 likvärdiga.
701 1145 70 35 För
813 1156 45 23 en
901 1141 137 36 skadad
1073 1139 162 36 arbetare
1268 1140 112 33 måste
1410 1137 60 35 det
1497 1134 166 48 tydligen
1692 1145 85 24 vara
1805 1137 46 30 än
1880 1134 142 34 svårare

430 1203 54 33 att
510 1200 14 34 i
551 1199 99 47 varje
693 1197 148 36 särskilt
882 1196 64 34 fall
988 1194 158 36 förklara
1188 1192 205 35 skillnaden
1429 1192 47 44 på
1504 1190 104 33 dessa
1634 1189 94 34 båda
1755 1187 171 45 begrepp,
1957 1186 66 34 och

431 1255 93 35 dock
544 1255 136 45 hänger
700 1252 81 35 hela
801 1252 127 45 frågan
945 1262 54 23 om
1016 1248 199 36 livräntans
1235 1244 304 37 utbekommande
1558 1245 47 44 på
1624 1241 256 47 klargörandet
1898 1240 122 35 härav.

537 1308 136 35 Vidare
715 1310 113 31 möter
870 1306 44 33 då
947 1304 66 35 och
1042 1304 44 34 då
1114 1301 108 36 också
1250 1313 45 22 en
1323 1311 119 23 annan
1471 1296 194 47 svårighet,
1695 1295 183 46 nämligen
1907 1296 53 33 att
1988 1293 36 35 få

432 1362 151 47 avgjort,
613 1361 124 36 vilken
767 1372 74 23 som
870 1364 39 30 är
938 1359 69 34 den
1036 1355 114 47 enligt
1177 1356 123 45 lagens
1325 1352 147 47 mening
1491 1348 391 49 ersättningsskyldige
1901 1347 123 48 yrkes-

432 1417 163 35 idkaren.
655 1414 155 36 Särskilt
838 1413 63 36 vid
931 1409 337 49 skogsavverkning
1296 1408 87 35 eller
1410 1406 64 36 vid
1494 1403 274 48 stenhuggerier
1787 1402 240 36 förekommer

433 1472 84 43 ofta,
562 1473 53 32 att
656 1482 45 22 en
744 1469 217 45 skogsägare
1003 1466 86 34 eller
1131 1476 45 22 en
1218 1463 303 44 stenbrottsägare
1549 1458 313 36 överenskommer
1891 1469 56 22 om
1976 1459 52 32 ett

433 1526 141 35 arbetes
601 1523 192 36 utförande
822 1520 210 37 förmedelst
1060 1518 133 36 ackord
1221 1517 127 35 endast
1377 1516 82 34 med
1487 1526 45 23 en
1560 1526 44 23 av
1633 1513 44 35 de
1705 1512 56 35 för
1789 1511 157 35 arbetets
1973 1513 54 32 ut-

433 1580 148 35 förande
610 1577 177 36 anställda
815 1576 198 35 arbetarne.
1072 1572 78 36 Och
1177 1572 116 35 under
1321 1571 134 35 sådana
1482 1567 250 37 förhållanden
1759 1566 67 34 har
1852 1566 60 34 det
1934 1564 94 36 visat

435 1633 66 47 sig,
532 1636 53 32 att
613 1632 56 35 för
697 1630 232 47 förolyckade
958 1628 162 35 arbetare
1150 1626 86 35 eller
1265 1626 103 34 deras
1397 1622 244 37 efterlevande
1671 1619 234 48 synnerligen
1934 1622 95 32 stora

435 1686 223 48 svårigheter
686 1685 55 36 för
768 1684 200 36 livräntans
997 1680 302 37 utbekommande
1327 1676 239 50 uppkommit.

541 1740 60 36 Av
630 1741 60 34 det
718 1739 150 35 anförda
898 1749 106 35 synes
1034 1735 150 35 sålunda
1212 1734 149 46 framgå,
1392 1733 95 34 huru
1516 1729 151 47 sorgligt
1685 1728 63 35 illa
1766 1728 147 35 rustade
1932 1727 97 35 arbe-

434 1798 70 33 tets
546 1793 189 44 invalider,
780 1792 114 35 änkor
936 1791 66 35 och
1040 1790 90 35 barn
1159 1790 64 42 stå,
1255 1788 45 34 då
1328 1788 61 34 det
1416 1785 113 47 gäller
1557 1786 53 33 att
1639 1782 141 37 bevaka
1808 1783 78 34 dem
1917 1780 114 47 enligt

435 1850 106 46 lagen
582 1847 197 37 tillerkänd
820 1848 72 34 rätt
934 1844 56 37 till
1032 1842 247 45 invaliditets-,
1324 1840 107 36 änke-
1473 1839 87 35 eller
1600 1836 293 48 barnpensioner.
1953 1834 76 36 Och

437 1903 114 47 enligt
592 1903 70 35 vad
704 1904 52 33 ett
798 1903 111 33 annat
950 1899 14 35 i
993 1898 183 46 Göteborg
1203 1896 150 47 nyligen
1380 1894 106 35 timat
1514 1893 65 35 fall
1606 1892 107 44 visar,
1745 1893 73 33 står
1846 1902 45 23 en
1920 1890 111 34 sådan

436 1958 149 44 invalid,
631 1962 91 30 även
751 1968 54 23 om
835 1956 74 33 han
936 1954 93 34 hade
1059 1952 78 35 sina
1166 1951 148 35 sinnens
1343 1949 89 35 fulla
1459 1948 97 35 bruk
1583 1946 13 35 i
1624 1946 121 35 behåll
1773 1945 92 35 efter
1893 1939 138 55 olycks-

438 2012 110 44 fallet,
579 2010 224 46 fullkomligt
831 2007 213 46 vanmäktig
1071 2006 57 35 till
1157 2006 65 35 och
1252 2004 81 35 med
1360 2008 66 30 när
1454 2000 271 47 arbetsgivaren
1753 2001 80 44 sagt
1862 1998 56 46 sig
1945 1997 88 46 vilja

437 2066 139 36 bevaka
605 2066 118 34 denna
751 2063 156 36 invalids
935 2064 73 33 rätt
1035 2060 57 36 till
1120 2058 202 47 ersättning
1351 2056 114 47 enligt
1494 2056 43 35 de
1565 2055 169 47 grunder,
1766 2065 74 23 som
1870 2065 44 22 av
1941 2051 91 35 riks-

437 2118 406 48 försäkringsanstalten
870 2117 122 34 kunde
1021 2114 98 36 bliva
1147 2113 211 35 fastställda.

546 2174 78 34 Och
653 2185 44 22 av
726 2175 52 32 ett
806 2173 111 33 annat
945 2170 74 44 fall,
1050 2180 121 24 varom
1200 2169 191 43 rättegång
1418 2164 64 36 vid
1511 2163 226 36 Stockholms
1756 2162 199 34 rådsturätt
1975 2161 58 44 på-

439 2231 74 43 går,
552 2239 106 34 synes
693 2226 101 35 vilka
823 2223 233 47 svårigheter,
1088 2235 72 22 som
1191 2221 126 35 kunna
1344 2222 96 33 möta
1468 2217 229 47 förolyckads
1726 2215 95 36 änka
1850 2214 67 36 och
1944 2213 90 36 barn

440 2287 92 30 även
573 2281 115 35 under
717 2280 43 35 de
790 2278 261 43 förhållanden,
1083 2277 45 34 då
1156 2273 271 48 arbetsgivaren
1456 2274 118 34 ansett
1603 2270 56 47 sig
1687 2282 86 23 vara
1801 2267 233 46 ersättnings-

439 2335 157 47 skyldig.
1977 2342 2 2 |
