2255 2663
471 173 117 32 Andra
612 175 201 31 kammarens
828 174 138 41 fjärde
991 175 168 41 tillfälliga
1183 177 133 31 utskotts
1339 178 168 32 utlåtande
1530 179 52 31 Nr
1606 183 29 27 5.
1813 182 33 30 11

255 259 193 34 bestående
489 258 236 48 nedsättning
766 259 13 34 i
822 272 44 22 en
909 260 137 35 skadad
1074 261 181 35 arbetares
1284 263 282 47 arbetsförmåga
1593 264 81 35 icke
1708 270 39 30 iär
1775 266 77 35 bin-

254 314 128 44 dande,
422 315 38 33 så
501 313 110 35 framt
652 314 134 35 avtalet
826 314 147 46 ingåtts,
1010 318 88 32 utan
1127 319 53 32 att
1207 316 186 36 utlåtande
1422 317 90 36 först
1539 318 201 37 inhämtats
1772 320 78 35 från

253 367 487 47 riksförsäkringsanstalten
770 380 54 23 om
854 368 371 48 invaliditetsgraden.

362 422 138 35 Genom
542 434 51 22 nu
620 423 158 34 nämnda
807 424 196 45 stadgande
1033 424 117 34 skulle
1179 425 90 34 först
1298 426 65 34 och
1392 426 126 35 främst
1546 426 140 45 vinnas,
1718 431 53 32 att
1799 429 52 34 in-

253 475 615 47 validitetsgradsbestämningarna
896 476 141 36 komme
1065 480 53 32 att
1147 483 66 41 äga
1240 491 79 22 rum
1339 479 92 35 efter
1449 479 210 48 likformiga
1677 483 170 45 grunder.

257 530 190 35 Dessutom
490 530 117 35 skulle
648 530 143 46 garanti
820 531 153 35 erhållas
1002 532 170 44 däremot,
1207 535 52 32 att
1287 533 162 35 arbetare
1479 547 43 22 av
1551 535 184 35 oförstånd
1764 536 87 35 eller

255 584 247 46 obenägenhbet
544 584 55 35 för
626 584 222 35 rättstvister
876 585 172 46 medgåve
1077 586 193 46 obehöriga
1297 586 312 48 inskränkningar
1637 589 12 34 i
1679 589 56 35 sin
1764 594 82 32 rätt.

360 639 57 34 Då
444 637 13 35 i
485 638 172 35 händelse
685 638 186 35 utlåtande
901 651 55 23 om
985 639 314 48 invaliditetsgrad
1328 641 117 35 skulle
1474 642 11 34 i
1515 642 69 35 alla
1612 643 64 35 fall
1696 656 44 22 av
1759 644 91 35 riks-

253 692 406 46 försäkringsanstalten
701 692 158 46 avgivas,
903 693 110 35 borde
1050 694 298 47 anmälningarna
1377 708 56 23 om
1462 696 190 47 olycksfall
1680 697 85 47 ingå
1793 698 57 36 till

252 746 497 47 riksförsäkringsanstalten.
806 746 196 36 Anstalten
1040 747 117 36 skulle
1200 749 207 47 därigenom
1446 750 124 36 kunna
1599 755 110 32 sättas
1738 752 13 35 i
1779 752 70 36 till-

254 801 82 34 fälle
378 804 53 32 att
473 801 190 44 övervaka,
704 804 53 32 att
792 802 187 35 arbetarne
1008 802 96 46 finge
1133 802 57 36 sin
1218 807 82 41 rätt,
1332 806 52 33 att
1412 805 248 46 preskription
1688 806 81 35 icke
1798 807 51 35 in-

251 855 137 44 trädde,
419 858 54 32 att
501 854 202 47 ordentliga
731 855 96 36 avtal
855 855 170 36 träffades
1054 856 12 35 i
1095 856 101 47 fråga
1225 869 55 23 om
1310 857 249 48 ersättningen
1587 872 29 22 o.
1650 872 25 23 s.
1707 873 32 22 v.

360 911 68 33 3:0.
473 909 520 46 Riksförsäkringsanstaltens
1023 910 211 47 skyldighet
1262 916 52 31 att
1342 912 130 46 avgiva
1498 913 212 35 utlåtanden
1733 915 116 46 enligt

258 964 43 34 15
332 961 22 44 $
386 976 44 22 av
458 964 106 45 lagen
593 964 69 33 den
693 964 21 34 5
741 963 70 46 juli
844 965 97 34 1901
975 964 117 35 skulle
1120 966 203 35 utsträckas
1344 967 148 44 därhän,
1515 970 52 32 att
1586 968 186 35 utlåtande
1792 972 57 32 må

251 1018 150 46 begäras
430 1030 44 22 av
503 1017 151 35 allenast
682 1029 67 23 ena
777 1020 137 44 parten.
959 1018 19 35 I
997 1019 128 35 sådant
1144 1019 64 35 fall
1227 1019 117 36 skulle
1363 1020 485 48 riksförsäkringsanstalten

252 1045 200 61 emellertid
494 1071 183 46 förelägga
718 1072 69 34 den
816 1072 112 34 andra
962 1075 128 43 parten
1119 1076 53 32 att
1199 1073 96 36 inom
1323 1074 75 35 viss
1426 1074 55 35 tid
1509 1075 129 47 avgiva
1666 1078 181 44 yttrande,

252 1125 93 35 dock
373 1128 63 41 att,
467 1137 56 23 om
553 1125 129 35 sådant
699 1126 179 58 yttrande
894 1125 29 46 ej
946 1125 97 36 inom
1063 1126 162 47 förelagd
1243 1127 55 35 tid
1317 1128 193 45 inkomme,
1533 1130 180 35 anstalten
1733 1130 117 35 skulle

253 1191 83 23 vara
368 1155 204 70 berättigad
615 1182 53 31 att
695 1178 14 35 i
738 1180 63 34 allt
829 1179 64 35 fall
922 1180 163 35 meddela
1113 1181 61 35 det
1202 1182 156 46 begärda
1385 1159 214 68 utlåtandet,
1631 1184 120 35 därest
1779 1185 70 35 till-

249 1232 141 47 råcklig
416 1232 226 47 upplysning
670 1232 13 35 i
712 1233 127 46 frågan
868 1233 130 36 funnes
1027 1234 140 36 ändock
1194 1235 185 47 föreligga.

355 1287 20 34 I
404 1287 44 34 de
483 1287 64 35 fall
576 1260 65 62 då
650 1261 201 61 materialet
879 1287 55 36 för
962 1290 52 33 ett
1042 1301 44 22 av
1115 1288 151 36 allenast
1294 1263 71 62 den
1393 1302 67 23 ena
1488 1293 127 44 parten
1645 1292 126 46 begärt
1798 1296 54 32 ut-

250 1341 144 34 låtande
436 1341 169 35 framstår
648 1343 114 33 såsom
804 1341 224 47 bristfälligt,
1073 1342 118 35 skulle
1227 1321 488 70 riksförsäkringsanstalten
1747 1346 103 36 alltså

251 1400 66 41 äga
344 1395 219 46 befogenhet
592 1398 53 32 att
672 1395 75 35 tills
776 1395 124 35 vidare
927 1401 111 41 vägra
1064 1396 197 36 utlåtande.

357 1449 170 35 Förutom
571 1450 249 35 ovannämnda
856 1449 156 47 positiva
1040 1449 134 48 förslag
1201 1450 13 35 i
1243 1455 120 32 ämnet
1390 1452 66 35 har
1485 1452 367 48 riksförsäkringsan-

253 1503 131 35 stalten
411 1502 58 36 till
497 1503 224 47 behandling
748 1503 171 47 upptagit
946 1504 211 47 ytterligare
1186 1508 52 32 ett
1265 1518 66 34 par
1359 1506 130 47 frågor.

359 1559 70 33 4:0.
487 1557 502 47 Riksförsäkringsanstalten
1030 1559 65 34 har
1137 1559 152 36 sålunda
1329 1560 92 46 tagit
1462 1560 13 35 i
1504 1562 260 46 övervägande,
1796 1575 54 23 om

251 1611 81 34 icke
361 1611 198 35 anstaltens
585 1612 218 46 befogenhet
822 1614 52 32 att
893 1612 114 47 enligt
1030 1613 46 34 15
1098 1609 22 46 $
1141 1613 128 46 avgiva
1287 1614 212 36 utlåtanden
1518 1615 111 35 borde
1647 1616 204 35 utsträckas

252 1671 88 29 även
385 1665 149 45 därhän,
578 1669 53 31 att
664 1666 179 35 anstalten
873 1678 74 23 som
977 1667 111 34 sådan
1117 1667 117 34 skulle
1263 1673 66 41 äga
1357 1668 149 35 besvara
1535 1682 44 22 av
1607 1669 245 47 arbetsgivare

252 1719 224 36 framställda
505 1719 130 47 frågor,
666 1719 182 36 huruvida
876 1720 43 35 de
948 1720 132 35 idkade
1109 1721 111 35 sådan
1248 1722 241 45 verksamhet,
1521 1736 74 23 som
1625 1736 101 24 avses
1756 1723 12 36 i
1794 1725 16 34 2
1829 1721 22 46 $

252 1785 44 22 av
337 1773 116 46 lagen.
512 1773 213 35 Anstaltens
762 1774 185 35 utlåtande
975 1774 110 35 borde
1114 1775 200 36 emellertid
1342 1776 56 35 för
1426 1778 128 34 sådant
1581 1777 65 35 fall
1673 1778 93 35 hava
1795 1779 57 34 be-

253 1827 139 45 tydelse
419 1826 83 36 icke
531 1828 151 34 allenast
711 1830 113 32 såsom
855 1828 226 46 sakkunnigt
1108 1829 187 35 utlåtande
1323 1833 88 32 utan
1439 1843 86 23 vara
1554 1831 55 35 för
1638 1832 127 46 frågan
1794 1845 57 22 av-

252 1881 168 45 görande,
450 1881 208 46 naturligen
685 1882 116 34 under
830 1881 260 48 förutsättning
1118 1885 53 33 att
1199 1883 155 47 ändring
1382 1884 30 46 ej
1449 1884 83 36 sker
1561 1885 12 35 i
1602 1886 44 34 de
1661 1885 191 36 förhållan-

253 1935 80 43 den,
378 1947 75 23 som
495 1936 96 45 legat
632 1935 58 35 till
730 1936 120 46 grund
883 1936 55 34 för
965 1936 212 36 utlåtandet.
1236 1938 139 34 Tndast
1402 1941 46 43 på
1477 1940 128 34 sådant
1634 1943 71 31 sätt
1734 1940 118 35 skulle

254 1989 201 35 utlåtandet
483 1989 125 35 kunna
636 1989 99 36 bliva
763 2002 44 23 av
835 1989 159 47 verkligt
1021 1991 110 35 värde
1159 1991 56 35 för
1243 1992 281 46 arbetsgivaren,
1547 1993 45 35 då
1613 1994 116 34 denne
1749 1993 103 47 eljest

252 2042 118 46 aldrig
397 2042 124 35 kunde
549 2056 86 23 vara
663 2043 84 35 fullt
775 2043 115 44 säker,
922 2047 52 32 att
1002 2045 152 35 domstol
1181 2045 64 35 vid
1273 2058 45 22 en
1346 2046 169 35 blivande
1543 2047 311 47 ersättningstvist

253 2096 117 35 skulle
412 2097 143 35 ansluta
597 2097 55 46 sig
693 2097 57 35 till
788 2098 197 35 anstaltens
1013 2098 13 34 i
1055 2099 81 34 dess
1164 2099 186 35 utlåtande
1378 2101 160 34 uttalade
1567 2101 157 46 mening.
1783 2102 69 34 Vä-

254 2150 152 47 sentliga
435 2151 156 35 fördelar
619 2152 118 35 skulle
766 2157 90 30 även
884 2164 44 22 ur
956 2152 207 36 arbetarnes
1192 2154 190 46 synpunkt
1410 2154 141 47 avgjort
1579 2168 86 22 vara
1680 2156 170 35 förenade

253 2205 81 35 med
362 2217 46 23 en
437 2205 103 47 dylik
569 2205 212 47 anordning.

359 2259 57 35 Då
458 2259 200 36 emellertid
699 2272 128 34 genom
871 2260 69 34 den
983 2260 201 47 föreslagna
1213 2261 248 48 anordningen
1490 2275 45 22 en
1562 2275 51 34 ny
1642 2263 66 35 och
1736 2263 13 35 i
1778 2263 73 36 viss

253 2315 82 32 mån
377 2315 74 33 mot
491 2313 166 46 gällande
698 2314 327 45 rättsgrundsatser
1053 2314 184 36 stridande
1265 2316 143 46 princip
1438 2316 117 35 skulle
1583 2316 136 36 införas
1748 2317 12 34 i
1803 2320 49 32 vår
