1850 2774
258 128 18 29 6
601 123 312 31 Bankoutskottets
934 122 179 30 utlåtande
1133 131 43 20 nr
1197 122 40 29 15
1256 121 38 30 år
1316 120 84 30 1965

259 203 260 39 siktsplanerna
532 204 11 29 i
557 202 323 30 industriländerna
896 202 70 29 kan
982 202 100 38 sägas
1097 201 92 39 ligga
1205 200 75 29 däri
1296 201 50 28 att
1360 199 170 29 inkomst-
1546 198 65 29 och
1628 198 114 28 finan-

259 247 358 39 sieringsaspekterna
636 247 44 39 på
699 246 118 40 längre
838 246 70 30 sikt
927 245 273 30 underbetonats
1220 245 52 28 till
1293 243 139 30 förmån
1453 243 54 29 för
1528 243 41 29 de
1589 242 154 29 realeko-

259 291 162 31 nomiska
445 291 242 34 tendenserna,
713 293 23 27 t.
762 301 50 19 ex.
838 289 219 30 beträffande
1083 288 394 38 investeringsvolymen
1503 288 65 28 och
1593 286 150 29 tillväxt-

259 336 121 30 takten
396 338 12 28 i
427 336 93 30 olika
538 335 269 39 näringsgrenar
826 336 65 28 och
909 334 199 29 branscher.
1128 334 59 29 Ett
1206 342 42 20 av
1266 333 121 29 skälen
1407 331 116 31 därtill
1543 330 98 31 torde
1660 339 83 21 vara

260 381 66 29 den
341 380 146 30 relativa
501 380 130 30 bristen
648 380 45 39 på
709 379 172 30 statistisk
895 378 230 30 information
1142 378 65 30 och
1223 377 164 38 kunskap
1404 385 56 21 om
1477 375 266 40 prisbildnings-

260 425 283 29 mekanismerna
572 427 91 27 samt
693 433 56 21 om
778 423 158 30 besluten
964 424 11 28 i
1004 423 129 29 kredit-
1163 422 65 29 och
1258 420 405 39 finansieringssektorn.
1694 420 48 28 De

261 469 149 30 svenska
434 468 285 30 erfarenheterna
743 468 44 39 på
811 476 123 21 senare
958 467 50 29 tid
1033 468 38 28 är
1098 468 51 28 att
1172 466 180 29 moderata
1377 464 366 38 löneavtalsökningar

261 514 69 30 inte
346 514 146 30 förmått
506 514 126 29 hindra
647 513 194 39 betydande
855 512 263 39 prishöjningar
1133 511 45 39 på
1193 511 79 29 kort
1287 510 79 33 sikt,
1384 510 43 29 då
1442 519 43 19 en
1500 508 244 30 vinstansväll-

261 558 83 40 ning
360 559 64 29 och
440 556 423 40 investeringsexpansion
879 556 126 29 utlösts
1020 556 11 29 i
1047 556 116 29 stället
1179 555 55 29 för
1262 553 388 40 varuprissänkningar,
1669 561 74 21 som

261 603 10 28 i
286 603 137 39 princip
437 602 236 40 möjliggjorts
689 609 123 32 genom
828 600 518 40 produktivitetshöjningarna.

305 673 83 30 TCO
412 673 101 29 anför
535 672 171 39 följande:

305 736 93 30 Även
414 745 57 21 om
484 745 79 20 man
578 736 95 29 inom
686 734 409 37 tjänstemannarörelsen
1111 735 38 28 är
1164 733 44 37 på
1221 733 55 29 det
1291 733 98 29 klara
1402 732 78 29 med
1495 733 49 27 att
1559 731 77 29 dess
1653 731 92 28 löne-

262 780 123 39 politik
402 780 76 30 icke
495 781 70 28 kan
582 779 96 30 föras
696 778 191 30 oberoende
905 787 42 21 av
964 776 465 39 stabiliseringssträvanden
1448 776 11 29 i
1477 776 66 29 den
1562 774 184 39 offentliga

262 824 230 30 ekonomiska
510 823 179 39 politiken,
710 824 39 28 är
769 832 81 20 man
871 822 72 30 lika
962 822 149 29 bestämt
1132 831 42 20 av
1194 822 66 28 den
1280 820 272 40 uppfattningen
1573 821 50 27 att
1643 818 102 29 infla-

261 868 352 38 tionsbekämpandet
633 867 111 30 måste
764 867 158 29 bedrivas
942 867 43 38 på
1006 868 107 27 annat
1134 866 69 29 sätt
1223 866 45 28 än
1288 867 49 27 att
1357 863 389 40 löntagarorganisatio-

263 921 108 21 nerna
393 912 114 30 avstår
529 912 78 30 från
630 914 50 28 att
702 912 97 29 driva
819 921 43 20 en
883 911 95 29 aktiv
998 910 215 39 lönepolitik.
1236 908 435 40 Tjänstemannarörelsen
1692 907 55 29 får

263 959 34 28 ta
316 958 54 29 sin
390 957 55 31 del
464 958 10 29 i
494 959 160 27 ansvaret
675 956 54 29 för
747 965 44 21 en
810 955 277 29 antiinflatorisk
1106 954 207 29 ekonomisk
1332 953 200 38 utveckling
1552 960 124 31 genom
1696 953 51 28 att

263 1002 84 29 söka
375 1001 110 40 skapa
511 1011 42 20 en
580 1001 131 29 arbets-
738 1000 65 29 och
828 998 470 40 utbildningsstimulerande
1325 997 252 34 lönestruktur,
1607 1005 75 20 som
1709 996 37 29 är

263 1045 479 39 produktionsbefrämjande
760 1045 64 29 och
842 1045 144 29 därmed
1004 1044 112 38 ägnad
1137 1045 50 28 att
1205 1043 98 29 bidra
1321 1042 51 30 till
1393 1043 66 28 den
1478 1041 131 39 ökning
1628 1050 41 20 av
1688 1050 59 20 na-

263 1088 320 35 tionalinkomsten,
604 1098 77 21 som
702 1089 100 39 utgör
822 1088 65 30 den
908 1088 192 38 väsentliga
1121 1087 298 38 förutsättningen
1440 1087 53 28 för
1515 1085 141 30 fortsatt
1676 1084 70 30 real

263 1134 148 38 höjning
439 1144 42 20 av
505 1133 255 30 lönesumman.
788 1133 186 29 Dessutom
1002 1132 207 29 ankommer
1237 1132 56 30 det
1320 1131 44 39 på
1393 1130 354 30 arbetsmarknadens

263 1181 117 36 parter
397 1181 50 27 att
463 1179 159 29 utveckla
640 1178 169 30 adekvata
826 1178 209 38 lönesystem
1053 1177 64 29 och
1133 1186 44 20 en
1195 1175 276 39 ändamålsenlig
1489 1175 259 37 förhandlings-

264 1223 158 39 ordning.
446 1225 64 28 Det
531 1223 60 29 bör
614 1222 216 37 framhållas,
854 1224 50 27 att
928 1222 92 29 såväl
1043 1220 212 39 lönesystem
1280 1229 75 21 som
1379 1218 369 40 förhandlingsteknik

264 1267 174 39 undergår
458 1276 42 21 en
519 1266 138 40 ständig
676 1266 209 38 utveckling.
905 1266 48 29 På
973 1265 273 29 statsmakterna
1267 1265 84 29 vilar
1371 1264 19 29 å
1411 1264 111 29 andra
1541 1264 100 29 sidan
1663 1272 85 30 upp-

264 1313 109 39 giften
393 1315 51 27 att
465 1322 99 20 svara
588 1312 52 29 för
664 1311 322 40 upprätthållandet
1008 1320 42 20 av
1072 1310 67 29 den
1161 1309 400 30 samhällsekonomiska
1582 1308 168 29 balansen

264 1358 54 30 via
340 1358 95 29 olika
457 1357 402 39 ekonomiskt-politiska
882 1356 109 29 medel
1015 1356 10 28 i
1049 1355 161 39 förening
1233 1356 76 28 med
1332 1363 41 20 en
1397 1354 96 29 aktiv
1515 1353 233 30 arbetsmark-

266 1402 225 40 nadspolitik,
518 1411 74 21 som
616 1402 9 28 i
651 1402 118 29 vidare
794 1401 140 39 mening
960 1402 84 28 även
1070 1400 192 29 innefattar
1288 1399 160 39 åtgärder
1472 1398 44 39 på
1541 1398 56 29 det
1624 1397 125 29 utbild-

266 1447 269 39 ningspolitiska
555 1446 167 29 området.
741 1463 44 3 —
801 1463 44 2 -—
861 1463 45 3 —

308 1489 438 39 Avtalsförhandlingarna
764 1489 129 29 mellan
913 1488 354 30 arbetsmarknadens
1287 1489 116 36 parter
1423 1486 79 29 sker
1524 1485 144 39 givetvis
1689 1494 61 19 un-

265 1534 59 29 der
345 1533 308 39 hänsynstagande
676 1533 52 29 till
751 1533 57 29 det
830 1532 55 30 för
906 1532 151 30 tillfället
1080 1531 156 30 rådande
1257 1530 230 30 ekonomiska
1508 1530 91 38 läget
1622 1530 64 28 och
1709 1529 41 29 de

266 1578 314 30 framtidsutsikter
600 1587 75 21 som
693 1578 134 39 öppnar
846 1577 61 39 sig.
926 1577 13 29 I
959 1576 165 39 analysen
1144 1585 42 20 av
1203 1576 66 29 den
1288 1575 231 30 ekonomiska
1538 1574 212 29 situationen

266 1623 69 29 kan
354 1622 192 30 skillnader
562 1622 169 40 föreligga
747 1622 128 29 mellan
893 1622 172 38 parterna,
1085 1629 81 21 men
1183 1620 57 30 det
1257 1620 38 29 är
1312 1629 74 20 mer
1403 1619 98 38 fråga
1520 1627 56 21 om
1594 1627 42 21 en
1656 1617 95 30 skill-

266 1668 68 29 nad
352 1669 10 29 i
381 1676 151 30 nyanser
550 1668 44 28 än
613 1668 10 29 i
642 1666 284 40 grundläggande
944 1665 262 38 bedömningar.
1225 1663 356 40 Utgångspunkterna
1601 1662 55 29 för
1674 1671 77 30 par-

266 1714 118 28 ternas
401 1722 65 30 syn
482 1712 43 40 på
542 1713 57 29 det
615 1710 400 30 samhällsekonomiska
1030 1710 90 38 läget
1137 1710 38 28 är
1191 1710 11 29 i
1219 1711 87 27 stort
1322 1710 66 28 sett
1406 1707 184 30 identiska.
1609 1707 52 29 En
1680 1709 71 27 stor

267 1756 53 30 del
340 1767 41 19 av
400 1756 202 39 underlaget
622 1756 54 29 för
697 1758 49 27 att
765 1755 146 29 bedöma
930 1755 40 29 de
989 1753 232 30 ekonomiska
1240 1752 363 30 framtidsutsikterna
1623 1751 128 29 erhålls

267 1807 124 31 genom
411 1800 159 30 material
591 1801 66 28 och
678 1800 169 38 analyser,
870 1808 76 20 som
966 1798 98 30 ställs
1085 1799 52 29 till
1159 1797 207 39 förfogande
1387 1806 41 20 av
1449 1796 183 39 offentliga
1654 1805 98 30 myn-

266 1845 166 38 digheter,
458 1847 12 28 i
495 1844 110 30 första
630 1844 97 30 hand
751 1843 374 39 konjukturinstitutet
1152 1851 80 20 men
1258 1842 86 29 även
1370 1838 381 40 kommerskollegium,

268 1889 482 38 arbetsmarknadsstyrelsen
765 1888 65 30 och
846 1888 195 29 statistiska
1056 1886 255 39 centralbyrån.
1328 1886 132 30 Genom
1477 1886 56 29 det
1549 1885 52 29 till
1619 1884 133 29 finans-

267 1934 292 38 departementets
582 1932 230 30 ekonomiska
834 1932 183 39 avdelning
1038 1931 139 30 knutna
1200 1930 304 39 utredningsrådet
1528 1929 149 30 erhåller
1700 1938 53 20 ar-

271 1977 548 39 betsmarknadsorganisationer
858 1976 65 30 och
959 1975 314 39 näringspolitiska
1309 1974 279 40 organisationer
1626 1973 127 29 första-

267 2022 265 30 handskontakt
560 2022 79 29 med
669 2020 430 40 nationalbudgetarbetet.
1129 2019 132 31 Genom
1290 2020 56 29 det
1376 2018 231 30 ekonomiska
1635 2018 117 39 plane-

267 2066 197 39 ringsrådet
483 2067 54 29 får
554 2066 343 38 organisationernas
916 2065 147 30 främsta
1082 2064 215 30 företrädare
1316 2063 138 30 tillfälle
1473 2064 50 28 att
1541 2062 79 30 med
1639 2071 114 31 repre-

269 2112 177 28 sentanter
469 2111 53 29 för
546 2109 274 31 statsmakterna
842 2110 65 29 och
929 2109 207 29 ekonomisk
1158 2108 149 40 expertis
1331 2108 183 38 överlägga
1537 2109 10 29 i
1571 2106 117 39 frågor
1713 2116 41 20 av

268 2155 216 30 allmännare
504 2154 392 30 samhällsekonomiskt
915 2154 156 29 intresse.

313 2226 133 30 Endast
465 2228 47 27 ett
530 2235 62 30 par
608 2225 236 38 remissorgan
862 2225 100 29 berör
979 2224 114 29 direkt
1112 2224 57 30 det
1188 2224 10 28 i
1217 2223 176 29 motionen
1415 2223 27 28 I:
1460 2222 62 29 314
1542 2222 124 29 väckta
1686 2222 69 28 för-

269 2280 108 37 slaget
398 2289 57 20 om
475 2289 43 20 en
538 2279 140 28 teknisk
701 2277 187 40 utredning
909 2287 41 20 av
971 2286 41 20 en
1034 2276 283 39 inkomstpolitik
1338 2276 11 29 i
1373 2276 89 38 syfte
1486 2276 49 29 att
1559 2275 195 29 stabilisera

270 2332 95 30 löner
382 2333 66 29 och
465 2332 120 39 priser.
603 2332 59 30 LO
683 2330 179 40 avstyrker
881 2330 94 30 detta
993 2330 141 39 förslag.
1155 2330 140 30 Samma
1313 2328 219 40 ståndpunkt
1552 2329 91 28 intar
1661 2327 92 35 SAF,

270 2395 71 20 som
363 2386 118 31 anför:
