1882 2824
252 154 18 30 2
510 146 231 28 Sammansatta
760 146 91 26 stats-
870 144 57 28 och
945 142 270 29 bankoutskottets
1235 140 162 28 utlåtande
1419 139 46 28 Nr
1485 144 27 27 1.

254 233 214 35 ekonomiska
491 243 157 21 resurser.
693 230 59 33 Sin
774 228 213 34 ekonomiska
1009 227 165 38 bärgning
1196 227 63 31 har
1281 226 65 32 han
1367 224 119 32 vunnit
1509 236 67 20 som
1598 223 163 32 universi-

254 276 177 33 tetslärare
454 275 11 31 i
489 273 109 33 Lund.
645 273 107 31 Arten
777 283 42 20 av
843 271 82 32 hans
948 269 255 38 vetenskapliga
1228 267 144 39 gärning
1396 267 62 31 har
1484 265 183 33 emellertid
1690 265 71 31 helt

254 318 136 33 hindrat
407 318 117 31 honom
544 319 51 28 att
612 314 80 33 söka
712 314 53 37 sig
783 314 109 37 någon
911 324 68 20 som
999 312 86 31 helst
1101 310 214 32 verksamhet
1334 309 137 31 utanför
1492 308 50 31 sin
1559 306 201 38 vetenskaps

255 365 149 34 gränser.
447 359 73 32 Den
541 357 126 33 anstalt
688 356 81 33 eller
791 356 55 31 det
868 354 145 37 institut,
1036 353 57 32 vid
1113 352 109 32 vilket
1242 352 178 31 Naumann
1441 369 45 3 —
1508 349 156 38 jämsides
1685 348 76 32 med

256 399 487 35 universitetsinstitutionerna
776 398 12 31 i
820 397 97 32 Lund
947 416 45 3 —
1024 395 88 32 varit
1145 394 126 37 fästad,
1293 398 37 27 är
1351 393 55 31 det
1426 393 38 31 år
1488 392 84 32 1908
1593 390 169 33 inrättade

256 444 161 32 Aneboda
437 440 235 39 limnologiska
693 439 250 37 laboratorium,
963 437 106 32 vilket
1088 436 76 32 tack
1185 447 79 20 vare
1286 435 195 31 Naumanns
1502 433 111 37 energi
1632 433 130 31 kunnat

256 486 109 32 hållas
388 486 11 31 i
422 485 90 37 gång
534 484 59 32 och
614 484 42 30 nå
677 483 60 31 sitt
757 480 191 33 nuvarande
972 483 88 28 stora
1083 476 268 34 internationella
1374 475 193 33 anseende.»

300 554 18 31 TI
335 553 164 32 motionen
515 552 62 31 har
593 550 114 32 vidare
725 551 196 34 omnämnts,
939 550 51 28 att
1006 546 177 31 Naumann
1200 543 143 38 deltagit
1367 543 3 31 i
1387 542 248 32 konkurrensen
1652 553 51 20 om
1721 553 40 19 en

259 604 104 32 under
389 603 39 32 år
453 603 83 31 1927
564 601 124 32 tillsatt
714 599 174 39 professur
913 598 11 31 i
950 596 137 33 botanik
1114 596 56 32 vid
1196 595 116 32 Lunds
1338 594 207 37 universitet,
1572 592 52 32 till
1650 592 114 32 vilken

256 653 177 32 Naumann
455 664 42 20 av
518 655 104 28 större
644 649 218 33 akademiska
883 647 215 33 konsistoriet
1117 648 158 36 uppsatts
1296 645 11 31 i
1330 644 103 32 andra
1457 643 303 37 förslagsrummet.

256 705 121 37 Enligt
394 704 66 32 vad
476 703 243 32 motionärerna
738 700 125 38 anfört,
881 699 85 32 hade
985 697 182 33 emellertid
1187 695 223 38 sakkunniga,
1429 692 191 33 tillkallade
1638 692 54 32 för
1709 691 53 32 be-

257 753 161 32 dömande
438 765 42 19 av
501 753 38 32 de
562 751 155 38 sökande,
739 750 177 38 förklarat,
938 752 51 29 att
1011 749 193 31 Naumanns
1228 745 166 34 särskilda
1418 742 342 39 forskningsområde,

256 805 226 38 limnologien,
499 803 81 33 fölle
594 802 139 32 utanför
748 801 232 38 professurens
997 797 256 38 ämnesområde,
1271 797 11 31 i
1301 795 84 38 följd
1401 806 105 21 varav
1521 794 64 31 han
1601 793 72 32 icke
1688 792 73 32 bor-

257 856 40 32 de
314 855 248 38 ifrågakomma
580 853 53 32 till
652 853 226 38 professuren.
919 850 55 31 Av
993 850 39 31 de
1051 848 223 38 sakkunniga,
1292 846 92 32 vilka
1405 844 158 38 samtliga
1582 844 73 31 med
1675 847 88 34 styr-

256 906 43 32 ka
322 905 188 32 framhållit
532 904 82 31 hans
635 901 256 38 vetenskapliga
912 900 205 38 förtjänster,
1138 899 85 31 hade
1245 910 38 19 en
1304 896 133 39 uttalat,
1459 899 51 28 att
1531 895 60 31 den
1613 894 149 31 limnolo-

258 957 100 38 giska
377 955 218 38 forskningen
613 965 77 20 vore
709 965 41 20 av
770 953 36 31 så
824 955 69 29 stor
910 950 180 39 betydelse,
1110 953 50 28 att
1179 961 77 19 man
1276 948 99 32 borde
1391 947 114 31 kunna
1527 945 165 38 förvänta,
1713 948 51 27 att

259 1008 74 31 med
355 1007 54 32 det
430 1009 151 29 snaraste
602 1003 163 33 anstalter
785 1003 152 37 vidtoges
960 1002 53 31 för
1033 1004 47 28 ett
1098 999 192 38 kraftigare
1312 997 188 38 främjande
1522 1008 41 20 av
1585 996 104 32 denna
1711 1007 53 18 ve-

259 1057 253 38 tenskapsgren,
531 1056 58 31 och
608 1058 50 28 att
675 1053 139 33 tillfälle
834 1052 134 33 därmed
987 1051 155 32 bereddes
1161 1050 53 31 för
1233 1049 178 32 Naumann
1430 1052 51 27 att
1500 1046 109 33 odelat
1628 1046 60 31 och
1706 1057 57 20 un-

260 1108 57 32 der
341 1118 220 28 gynnsamma
585 1109 89 35 yttre
699 1103 201 39 betingelser
925 1107 87 33 ägna
1037 1102 51 37 sig
1113 1102 34 31 åt
1173 1099 233 37 fullföljandet
1429 1110 42 20 av
1496 1098 71 31 sina
1592 1096 135 32 arbeten
1753 1095 11 31 i

260 1158 159 32 teoretisk
440 1157 60 32 och
520 1155 178 38 tillämpad
720 1154 183 38 limnologi.

308 1208 243 33 Motionärerna
578 1226 44 2 —
646 1217 67 21 som
736 1206 11 30 i
772 1205 111 37 övrigt
905 1203 214 32 beträffande
1142 1201 232 38 limnologiens
1398 1199 171 38 betydelse
1594 1198 59 32 och
1676 1198 92 31 Nau-

260 1271 116 21 manns
393 1259 105 37 enligt
517 1258 95 31 deras
629 1256 134 37 mening
780 1254 230 38 banbrytande
1026 1252 212 32 verksamhet
1254 1251 87 31 inom
1359 1251 104 31 denna
1481 1248 284 37 vetenskapsgren

261 1310 155 32 hänvisat
438 1309 55 32 till
514 1309 57 31 två
594 1307 57 32 vid
673 1306 166 31 motionen
863 1304 121 38 fogade
1007 1303 177 39 yttranden
1209 1314 42 19 av
1275 1301 191 38 professorn
1490 1299 42 33 R.
1558 1298 171 32 Kolkwitz
1755 1298 10 30 i

262 1360 114 32 Berlin
396 1363 85 28 samt
498 1357 188 33 direktören
705 1357 53 31 för
776 1352 520 38 Kaiser-Wilhelmssällskapets
1315 1349 296 40 hydrobiologiska
1629 1348 137 32 anstalt.

262 1411 193 38 professorn
476 1410 43 31 A.
541 1408 225 32 Thienemann
785 1407 11 31 i
817 1406 93 38 Plön,
931 1405 154 32 Holstein
1105 1423 44 3 —
1168 1403 88 32 hava
1280 1401 166 33 förklarat
1468 1400 52 38 sig
1542 1411 88 27 anse,
1654 1403 50 28 att
1726 1399 42 31 då

264 1461 195 31 Naumanns
481 1458 212 33 verksamhet
715 1457 121 37 skapat
857 1468 67 26 nya
945 1454 324 37 arbetsmöjligheter
1292 1453 52 31 för
1366 1451 121 32 svensk
1509 1450 177 37 forskning
1708 1449 61 32 och

264 1511 163 38 därjämte
445 1511 11 30 i
474 1510 66 37 hög
557 1509 84 38 grad
658 1508 150 37 bidragit
825 1507 53 32 till
896 1507 75 31 vårt
988 1505 95 32 lands
1102 1502 268 34 internationella
1390 1501 172 32 anseende,
1580 1501 54 32 det
1653 1503 115 35 syntes

264 1573 82 21 vara
361 1573 39 20 en
416 1559 227 38 ofrånkomlig
658 1558 84 38 gärd
757 1570 43 19 av
815 1557 152 37 rättvisa,
984 1568 51 20 om
1051 1556 177 31 Naumann
1244 1554 88 31 inom
1349 1553 59 31 sitt
1424 1556 76 34 eget
1516 1551 78 32 land
1609 1550 159 32 bereddes

265 1624 39 20 en
323 1611 172 38 ställning,
516 1622 69 20 som
605 1608 235 39 möjliggjorde
859 1607 82 32 hans
962 1606 158 32 framtida
1141 1604 213 32 verksamhet
1373 1603 11 31 i
1403 1602 124 32 landet.
1568 1601 103 32 Detta
1692 1613 77 25 syn-

264 1664 49 29 tes
333 1661 77 31 bäst
431 1659 141 37 främjas
594 1670 116 26 genom
732 1657 226 39 upprättande
979 1669 42 19 av
1042 1668 38 20 en
1100 1655 171 39 personlig
1291 1654 174 39 professur
1486 1653 11 31 i
1519 1651 171 38 limnologi
1715 1651 54 31 för

266 1713 178 31 Naumann
466 1711 57 32 vid
546 1710 182 38 någotdera
751 1721 42 19 av
818 1707 236 33 universiteten
1078 1707 11 31 i
1112 1706 125 32 landet.

313 1762 18 32 I
353 1762 99 37 fråga
474 1773 51 20 om
547 1760 39 32 de
608 1758 214 34 ekonomiska
841 1757 254 38 konsekvenser,
1118 1769 68 19 som
1208 1775 46 3 —
1270 1756 148 31 frånsett
1439 1752 258 34 lönekostnaden
1721 1752 54 31 för

270 1825 38 20 en
330 1812 96 38 dylik
446 1811 174 38 professur
640 1830 44 2 —
706 1809 109 32 skulle
837 1807 189 33 föranledas
1047 1819 41 19 av
1110 1810 48 28 ett
1179 1806 102 32 bifall
1302 1805 54 32 till
1377 1805 54 32 det
1457 1804 5 31 i
1484 1804 163 31 motionen
1671 1802 102 31 fram-

270 1862 124 33 ställda
415 1861 174 38 förslaget,
611 1860 87 32 hava
720 1859 243 32 motionärerna
984 1858 123 37 anfört,
1129 1860 51 28 att
1202 1855 222 39 erforderliga
1446 1853 184 33 arbetsrum
1653 1853 121 31 funnes

270 1912 219 39 tillgängliga
511 1911 93 32 såväl
624 1910 57 32 vid
702 1909 229 32 institutioner
951 1908 57 32 vid
1029 1907 113 32 Lunds
1163 1906 198 32 universitet
1381 1917 69 19 som
1471 1904 57 32 vid
1551 1904 54 32 det
1625 1898 149 48 limnolo-

271 1963 99 38 giska
396 1961 216 33 laboratoriet
636 1961 12 31 i
673 1959 171 38 Aneboda,
872 1962 87 29 samt
982 1961 51 29 att
1057 1956 311 33 driftkostnaderna
1395 1955 53 32 för
1475 1954 95 32 dessa
1596 1952 179 34 undersök-

271 2014 121 37 ningar
415 2012 148 37 alltjämt
585 2014 113 35 syntes
722 2010 113 31 kunna
859 2009 108 32 hållas
988 2009 87 31 inom
1099 2012 183 33 gränserna
1307 2006 52 32 för
1382 2006 38 32 de
1441 2004 117 38 medel,
1581 2016 67 20 som
1670 2003 106 32 under

272 2075 115 21 senare
409 2064 38 30 år
468 2062 117 32 därför
606 2073 42 20 av
670 2060 129 39 Kungl.
822 2059 69 38 Maj:t
901 2056 155 34 direkt
1077 2058 161 31 anvisats.
1283 2056 116 38 Några
1421 2054 199 40 ytterligare
1640 2054 136 31 kostna-

272 2115 58 31 der
348 2114 53 31 för
420 2112 203 33 statsverket
640 2111 108 32 skulle
767 2110 102 32 alltså
886 2109 73 33 icke
975 2108 131 32 komma
1125 2111 50 28 att
1194 2107 136 38 uppstå.

317 2163 224 33 Beträffande
560 2161 241 37 motiveringen
818 2161 11 31 i
848 2159 110 38 övrigt
977 2159 55 31 får
1049 2158 163 32 utskottet
1228 2156 141 33 hänvisa
1387 2156 54 32 till
1459 2155 174 32 motionen.

316 2241 75 31 Med
412 2239 160 32 avseende
593 2239 19 31 å
632 2237 55 32 det
706 2237 11 31 i
737 2236 165 31 motionen
923 2233 216 33 omförmälda
1161 2231 235 38 limnologiska
1418 2230 214 32 laboratoriet
1653 2231 11 29 i
1685 2228 88 31 Ane-

276 2290 83 32 boda
376 2290 60 31 har
455 2288 164 32 utskottet
635 2287 167 31 inhämtat
820 2285 158 37 följande.

319 2341 18 31 I
362 2339 159 33 samband
543 2338 73 32 med
642 2337 105 33 Södra
772 2336 155 38 Sveriges
950 2325 294 46 fiskeriförenings
1267 2332 248 38 anläggningar
1538 2331 56 32 vid
1617 2329 160 32 Aneboda

275 2390 220 39 upprättades
518 2390 38 31 år
582 2389 82 31 1907
691 2387 174 32 därstädes
890 2390 46 28 ett
960 2385 126 31 mindre
1109 2383 185 38 biologiskt
1316 2382 248 37 laboratorium,
1587 2380 191 33 sorterande

273 2442 104 31 under
402 2453 38 20 en
467 2439 145 33 särskild
639 2438 142 38 styrelse
806 2437 59 31 och
891 2440 110 28 avsett
1028 2436 52 30 för
1105 2433 235 38 limnologiska
1367 2430 287 38 undersökningar
1681 2430 95 32 såväl
