2262 2650
449 166 42 32 60
843 164 360 43 Bevillningsutskottets
1226 164 197 32 betänkande
1446 164 52 32 Nr
1522 165 50 30 10.

1091 806 233 49 Förslag

1178 930 56 36 till

463 1048 261 50 förordning
758 1058 74 31 om
862 1049 168 40 ändrad
1057 1048 171 50 lydelse
1256 1059 55 29 av
1339 1048 114 50 1—3,
1480 1048 38 49 6,
1548 1047 62 49 10,
1638 1048 55 48 11,
1721 1047 46 41 13
1795 1046 83 41 och
1906 1046 49 40 14

502 1112 53 49 88
583 1110 17 39 i
626 1109 319 50 förordningen
973 1109 85 41 den
1084 1109 26 40 9
1134 1108 101 51 juni
1264 1109 108 41 1905
1399 1107 222 50 angående
1648 1106 267 51 försäljning

580 1180 53 30 av
660 1170 225 49 tillagade,
912 1168 272 42 alkoholfria
1211 1169 191 50 drycker
1428 1170 115 39 samt
1571 1168 272 49 svagdricka.

539 1327 235 50 Härigenom
817 1327 209 47 förordnas,
1068 1331 54 32 att
1166 1329 109 42 1—3,
1315 1328 34 46 6,
1390 1328 58 46 10,
1480 1328 58 46 11,
1569 1327 46 35 13
1644 1326 72 36 och
1746 1327 47 34 14
1820 1324 45 50 $$
1892 1324 13 36 i
1932 1324 76 37 för-

411 1379 214 50 ordningen
665 1379 75 37 den
776 1381 22 35 9
822 1379 82 50 juni
937 1380 98 35 1905
1064 1378 198 50 angående
1293 1378 224 49 försäljning
1545 1391 47 23 av
1619 1376 193 50 tillagade,
1841 1375 167 38 alkohol-

412 1431 70 37 fria
510 1431 157 50 drycker
694 1436 101 32 samt
823 1430 224 50 svagdricka
1075 1430 105 37 skola
1207 1430 142 37 erhålla
1377 1429 166 50 följande
1570 1428 166 38 ändrade
1763 1428 158 49 lydelse:

544 1640 32 34 1.
630 1637 245 50 Försäljning
927 1659 15 5 —
989 1659 30 5 —
1063 1659 34 5 —
1137 1659 116 5 ——
1292 1658 39 6 —
1369 1658 37 5 —
1447 1657 37 6 —
1531 1632 42 59 —-—
1605 1657 34 5 —
1683 1657 34 4 —
1753 1656 42 5 —
1823 1634 186 49 gällande.

541 1692 35 34 2.
629 1689 95 37 Lika
765 1689 87 37 med
892 1688 189 49 tillagade,
1124 1688 225 38 alkoholfria
1387 1687 160 51 drycker
1588 1700 110 24 anses
1738 1687 14 36 i
1783 1686 125 37 denna
1934 1685 76 37 för-

412 1741 167 49 ordning
618 1741 73 37 alla
728 1741 299 48 alkoholhaltiga
1055 1740 170 50 drycker,
1253 1740 102 37 vilka
1382 1740 32 50 ej
1445 1744 64 32 äro
1537 1738 180 48 tillagade
1745 1751 47 24 av
1820 1737 92 37 malt
1939 1736 71 37 och

412 1806 81 24 som
522 1793 33 50 ej
585 1792 191 37 innehålla
803 1805 80 24 mer
909 1797 48 31 än
985 1795 22 34 2
1038 1790 40 44 !/,
1105 1792 287 49 volymprocent
1420 1791 159 37 alkohol.

543 1847 34 34 3.
631 1844 83 37 Vad
742 1844 13 36 i
786 1846 18 34 1
835 1856 112 24 mom.
976 1848 42 32 är
1045 1844 154 49 stadgat
1225 1843 102 49 gälle
1354 1843 71 37 ock
1453 1841 229 51 försäljning
1706 1854 48 23 av
1773 1840 236 50 svagdricka,

411 1896 48 37 då
487 1897 125 36 denna
638 1897 33 49 ej
701 1896 88 37 sker
816 1895 57 37 till
900 1896 187 49 förtäring
1112 1898 48 47 på
1187 1895 136 37 stället.

542 1950 35 34 4.
631 1948 87 37 Med
744 1947 229 50 svagdricka
1000 1947 137 37 förstås
1163 1969 50 4 —
1240 1968 53 5 —
1319 1968 50 5 —
1397 1945 225 49 svagdricka
1646 1950 178 31 ävensom
1844 1943 167 37 alkohol-

412 2000 72 37 fria
510 1999 264 50 maltdrycker.

1172 2123 21 34 2
1211 2120 44 50 8.

542 2206 81 37 Den
639 2228 50 6 —
708 2228 51 5 —
778 2227 51 6 —
847 2228 50 5 —
924 2206 261 50 utskänkning
1207 2220 46 23 av
1272 2204 269 51 spritdrycker,
1567 2203 65 37 vin
1652 2203 90 37 eller
1761 2203 48 47 öl,
1829 2224 50 5 —
1895 2222 46 6 —
1961 2223 51 4 —

412 2257 237 49 svagdricka.
