2202 2622
386 205 20 30 2
894 207 225 30 Statsutskottets
1145 207 154 30 Utlåtande
1320 207 60 30 N:o
1404 206 52 30 87.

385 286 157 36 gitionen
573 284 134 50 fogade
741 285 401 49 statsrådsprotokollet
1169 284 105 38 öfver
1301 285 250 37 civilärenden
1574 283 60 38 för
1663 284 70 37 den
1766 287 41 35 11
1837 284 149 49 januari

385 351 139 24 samma
565 337 54 46 år,
661 343 56 31 att
748 338 238 50 ombyggnad
1012 338 41 36 af
1078 339 181 36 stationen
1287 339 108 49 länge
1423 339 96 36 varit
1546 337 204 51 ifrågasatt,
1779 350 85 24 men
1893 337 93 37 hade

385 392 152 37 därmed
577 391 73 37 fått
691 391 75 37 tills
806 392 127 36 vidare
961 391 103 37 anstå
1090 393 13 34 i
1131 391 174 37 afvaktan
1334 392 47 49 på
1407 392 199 49 utredning
1634 391 41 36 af
1701 392 69 35 den
1798 391 86 36 med
1912 404 74 23 om-

385 444 223 51 byggnaden
650 452 90 29 nära
776 444 362 50 sammanhängande
1180 444 129 50 frågan
1343 459 61 22 om
1432 450 109 32 sättet
1567 444 57 37 för
1651 443 336 38 Borås—Alfvesta

382 499 175 49 järnvägs
584 499 216 49 anslutning
826 500 62 35 till
916 499 212 36 statsbanan
1158 499 195 36 därstädes.
1411 498 71 37 Det
1504 498 46 37 då
1577 503 164 32 närmast
1759 497 228 37 förestående

386 552 400 49 ombyggnadsarbetet
827 552 94 36 hade
963 551 324 50 hufvudsakligast
1318 553 110 35 afsett
1455 551 276 50 spårsystemets
1763 551 224 49 utvidgande

385 604 61 38 för
486 604 212 38 erhållande
730 607 38 35 af
799 610 113 32 större
946 611 213 43 utrymmen
1187 605 21 36 å
1234 606 286 48 uppställnings-
1548 606 69 36 och
1644 604 344 50 rangeringsspåren

387 659 68 36 och
487 659 206 36 desammas
725 660 177 48 lämpliga
935 659 216 48 anslutning
1178 659 60 36 till
1267 659 70 36 den
1365 672 74 37 nya
1466 658 270 50 godsbangård,
1766 671 79 23 som
1873 658 116 48 enligt

386 711 138 51 förslag
542 713 62 35 till
623 711 371 38 öfverenskommelse
1009 713 85 36 med
1109 711 342 39 Borås—Alfvesta
1466 712 387 49 järnvägsaktiebolag
1867 711 121 36 skulle

386 767 40 35 af
468 766 151 48 bolaget
662 766 176 36 bekostas.
895 765 228 50 Tågspårens
1163 766 241 49 ombyggnad
1437 766 93 36 hade
1559 765 92 36 först
1678 764 161 37 därefter
1867 765 122 36 skolat

386 826 70 42 äga
483 833 85 23 rum
597 819 70 37 och
698 819 45 36 då
770 821 12 34 i
810 821 267 47 sammanhang
1106 819 84 36 med
1219 819 248 50 uppförandet
1494 820 39 35 af
1559 825 84 44 nytt
1672 819 220 35 stationshus
1920 818 68 36 och

387 871 139 38 afträde
553 886 49 22 m.
631 886 49 22 m.

492 925 336 38 Borås—Alfvesta
864 927 158 48 järnväg
1062 925 104 45 hade,
1207 926 167 36 meddela
1415 926 224 36 revisorerne
1667 925 137 44 vidare,
1834 930 155 43 öppnats

385 980 59 36 för
471 980 141 36 allmän
636 980 111 36 trafik
775 980 69 36 den
875 981 47 36 23
954 979 191 37 december
1177 981 112 43 1902,
1316 980 69 35 och
1414 979 70 36 den
1508 977 282 50 ifrågavarande
1809 978 179 48 godsban-

386 1032 137 50 gården
552 1032 94 37 hade
675 1032 126 37 blifvit
828 1033 147 49 anlagd.

493 1088 14 34 1
534 1087 269 48 sammanhang
831 1086 84 36 med
944 1086 69 36 den
1034 1086 225 49 utvidgning
1278 1084 42 37 af
1335 1085 260 49 spårsystemet
1613 1085 64 36 vid
1696 1085 193 43 stationen,
1909 1097 80 23 som

386 1140 122 36 skulle
537 1139 144 37 utföras
708 1140 84 35 med
821 1140 61 35 det
910 1140 38 34 af
980 1141 98 35 1902
1109 1141 57 34 års
1195 1139 162 49 Riksdag
1386 1137 124 38 härför
1530 1138 184 48 beviljade
1734 1138 166 48 anslaget
1921 1138 68 36 och

386 1193 144 36 hvilket
562 1194 127 35 ärbete
716 1194 111 35 redan
856 1205 141 23 samma
1025 1191 40 37 år
1093 1193 153 49 begynt,
1274 1192 115 36 måste
1418 1192 218 43 emellertid,
1666 1193 115 48 enligt
1809 1191 95 36 hvad
1932 1191 58 36 för

392 1247 99 37 1903
521 1245 58 38 års
608 1246 163 49 Riksdag
799 1247 169 42 anmälts,
988 1251 85 43 nytt
1091 1246 223 36 stationshus
1335 1247 115 46 jämte
1469 1258 51 36 ny
1539 1243 339 52 afträdesbyggnad
1898 1258 91 36 upp-

388 1298 99 38 föras
515 1300 12 35 i
554 1300 123 36 stället
704 1299 57 37 för
789 1299 46 37 de
861 1300 103 36 förut
992 1299 199 49 befintliga.
1249 1298 54 37 De
1327 1300 39 34 af
1393 1299 103 36 dessa
1528 1298 101 37 äldre
1663 1299 217 49 byggnader
1898 1311 91 36 upp-

388 1356 113 46 tagna
530 1353 187 49 platserna
750 1352 227 37 erfordrades
1005 1353 68 35 ock
1101 1351 61 37 för
1190 1352 204 37 beredande
1422 1351 40 37 af
1487 1357 215 44 utrymmen
1728 1354 59 34 för
1814 1364 73 36 nya
1914 1350 77 50 tåg-

389 1406 83 49 spår
498 1407 69 36 och
592 1406 246 49 plattformar;
867 1406 69 37 och
964 1406 93 36 hade
1090 1408 100 36 1903
1215 1405 57 37 års
1296 1405 162 49 Riksdag
1477 1405 85 36 med
1582 1405 201 48 anledning
1801 1405 110 36 häraf
1929 1417 62 23 an-

389 1461 93 35 visat
508 1465 53 32 ett
590 1461 129 48 anslag
746 1459 41 37 af
807 1461 167 42 140,000
995 1460 135 36 kronor
1148 1461 57 35 för
1224 1459 230 49 uppförande
1473 1458 42 37 af
1530 1464 85 44 nytt
1634 1459 224 36 stationshus
1873 1459 118 48 jämte

389 1527 50 34 ny
467 1514 335 50 afträdesbyggnad
830 1513 65 36 vid
923 1512 177 37 Alfvesta.

496 1567 55 37 Af
576 1567 46 37 de
650 1567 259 49 anordningar,
937 1579 79 23 som
1043 1567 98 35 varit
1168 1565 149 37 afsedda
1345 1571 55 30 att
1429 1564 139 37 utföras
1586 1565 87 36 med
1693 1564 218 37 förberörda
1930 1578 62 23 an-

390 1623 78 48 slag
506 1621 21 36 å
559 1622 168 44 100,000
769 1621 148 44 kronor,
945 1620 93 36 hade
1066 1619 64 36 vid
1164 1621 97 36 1905
1292 1619 58 36 års
1377 1620 75 36 slut
1480 1619 149 36 arbeten
1659 1620 82 34 med
1768 1618 224 50 utvidgning

390 1676 40 35 af
447 1675 284 48 uppställnings-
750 1676 66 35 och
835 1675 299 48 rangeringsspår
1154 1673 210 36 verkställts
1380 1671 57 37 för
1452 1678 52 31 ett
1518 1672 273 48 sammanlagdt
1805 1672 187 37 kostnads-

390 1729 136 48 belopp
554 1728 43 35 af
624 1730 141 43 55,124
795 1728 133 35 kronor
958 1729 47 35 94
1035 1732 74 39 öre,
1132 1727 188 48 nämligen

606 1835 116 36 under
749 1834 40 36 år
822 1836 97 35 1902
951 1832 484 37 fÖrs.s.ssmsmmmmmsmessssn
1465 1832 53 36 kr.
1549 1834 228 43 42,251:17,

657 1905 11 15 >
763 1903 13 18 >
822 1888 100 37 1908
975 1904 10 14 3
1015 1917 418 5 omsnrssrrassrssrssessresseesnrrne
1484 1902 11 15 >
1572 1888 129 42 -7,996:
1717 1892 60 38 85,

657 1959 11 14 >
763 1958 10 15 »
822 1942 100 36 1904
976 1956 14 17 =P
1012 1970 420 6 ooonnnnssrssrssessesresreseeeansna
1483 1954 13 18 »
1574 1941 124 40 -1,627:
1718 1947 60 36 90,

655 2010 13 17 »
762 2012 10 14 >
822 1995 98 37 19085
976 2010 12 15 3
1013 2023 419 6 oossnsssrrasssrssserseseesrrr
1379 1991 58 50 erna
1482 2008 13 18 »
1576 1994 125 43 3,249:
1720 1999 58 37 02,

392 2102 195 40 hvaremot
614 2109 99 29 ännu
742 2102 90 44 icke,
863 2102 117 47 enligt
1008 2100 96 36 hvad
1132 2101 225 36 revisorerne
1385 2100 192 44 inhämtat,
1600 2098 114 50 några
1743 2100 150 35 arbeten
1919 2099 75 37 vid-

390 2156 113 48 tagits
529 2155 86 37 med
642 2154 210 50 tågspårens
880 2154 246 49 ombyggnad.

496 2208 45 49 Ej
567 2209 115 37 heller
709 2208 92 36 hade
830 2215 99 29 ännu
957 2207 141 37 arbetet
1125 2206 59 38 för
1212 2206 227 50 uppförande
1467 2205 40 37 af
1533 2206 224 36 stationshus
1784 2219 49 23 m.
1855 2219 60 32 m.,
1937 2204 57 37 för

392 2260 139 38 hvilket
558 2263 166 48 anslaget
751 2261 20 37 å
802 2262 165 44 140,000
996 2261 136 36 kronor
1160 2261 169 44 anvisats,
1358 2259 126 38 blifvit
1511 2259 208 49 påbörjadt.
