1892 2788
492 136 395 30 Jordbruksutskottets
913 135 182 30 utlåtande
1120 145 45 20 nr
1187 135 53 30 317.
1612 135 18 29 7

156 221 186 31 Utskottet.
367 222 73 31 Mot
462 222 127 39 Kungl.
614 221 125 40 Maj:ts
763 221 134 40 förslag
919 221 65 30 har
1008 221 173 30 utskottet
1203 220 76 31 icke
1303 220 120 30 funnit
1446 220 106 40 något
1577 221 50 29 att

109 273 164 30 invända.
299 273 178 30 Utskottet
501 273 205 30 hemställer
728 271 116 36 alltså,

467 323 50 28 att
539 321 191 39 riksdagen
750 321 59 30 må
830 320 171 40 medgiva,
1024 322 52 28 att
1095 319 332 40 kronoegendomen
1450 319 180 30 Krakstad

418 372 190 39 Östergård
627 372 34 30 3!
679 371 11 29 i
708 371 177 39 Hogstads
904 371 141 33 socken,
1065 369 266 40 Östergötlands
1350 369 69 34 län,
1440 371 58 30 må
1519 368 109 40 säljas

420 422 52 30 till
495 422 235 40 egersdomens
753 421 208 31 arrendator
983 421 78 30 Ivar
1083 420 204 30 Andersson
1309 420 55 30 för
1386 429 43 20 en
1451 419 178 40 köpeskil-

423 473 72 39 ling
518 482 43 21 av
584 472 63 30 109
659 472 63 30 000
745 472 133 30 kronor
901 473 93 28 samt
1015 471 46 40 på
1082 471 12 29 i
1116 471 189 29 huvudsak
1325 471 42 29 de
1390 470 127 30 villkor
1538 470 12 30 i
1571 471 58 29 öv-

421 523 78 39 rigt,
527 532 76 21 som
630 521 306 40 domänstyrelsen
962 521 193 40 föreslagit.

828 723 71 31 4:0.

575 825 125 37 Högby
720 826 30 28 4'
770 826 11 29 i
803 824 262 36 Östergötlands
1087 824 68 30 län.

149 919 312 40 Domänstyrelsen
488 919 89 33 (skr.
602 918 107 36 15/12
734 918 102 34 1951)
864 917 215 34 hemställer,
1102 918 51 29 att
1175 916 330 39 kronoegendomen
1528 916 98 29 förra

104 969 328 40 korpralsbostället
463 969 7 29 1
494 969 137 30 mantal
653 968 123 40 Högby
796 968 31 30 4'
849 970 11 29 i
883 968 106 30 Vreta
1012 968 159 29 Klosters
1195 966 139 34 socken,
1358 966 267 39 Östergötlands

107 1022 69 34 län,
202 1022 89 30 skall
316 1021 45 40 på
385 1021 93 31 vissa
504 1021 153 40 angivna
681 1020 127 31 villkor
834 1020 109 39 säljas
968 1020 53 30 till
1047 1020 234 39 egendomens
1307 1018 206 31 arrendator
1539 1017 86 31 Erik

105 1072 212 30 Johansson.

146 1122 161 29 Rörande
330 1121 235 39 egendomens
588 1120 249 30 beskaffenhet
861 1129 46 20 m.
931 1128 47 21 m.
1002 1118 181 32 meddelas
1206 1118 170 39 följande.

148 1181 236 39 Egendomen,
405 1189 75 21 som
500 1180 39 29 är
558 1179 147 39 belägen
726 1179 40 29 14
786 1178 187 31 kilometer
991 1178 82 30 från
1092 1176 201 41 Linköping
1312 1177 66 29 och
1400 1176 14 29 1
1437 1175 187 31 kilometer

103 1223 81 31 från
206 1223 106 30 Vreta
333 1223 158 29 Klosters
511 1221 314 40 järnvägsstation,
849 1221 40 30 är
909 1220 54 30 till
985 1220 69 30 den
1078 1219 41 31 14
1141 1228 96 21 mars
1260 1219 85 30 1952
1369 1217 256 31 utarrenderad

103 1268 74 28 mot
193 1275 44 21 en
253 1265 88 40 årlig
357 1265 124 39 avgäld
498 1270 43 26 av
556 1265 20 30 2
591 1264 61 30 061
671 1264 142 30 kronor.
831 1263 140 39 Ägorna
986 1263 62 29 äro
1064 1262 145 39 utlagda
1224 1263 12 30 i
1251 1263 50 28 ett
1319 1261 107 30 skifte
1443 1261 66 29 och
1525 1260 100 30 inne-

103 1308 95 31 hålla
220 1308 69 34 41,2
309 1308 137 35 hektar,
470 1308 110 29 därav
601 1307 70 34 35,4
691 1306 128 30 hektar
841 1307 100 33 tomt,
964 1304 169 40 trädgård
1155 1304 66 30 och
1245 1303 95 39 åker,
1364 1304 19 30 5
1406 1303 127 30 hektar
1556 1303 68 39 äng

102 1351 67 30 och
188 1350 201 30 betesmark
409 1351 91 28 samt
521 1350 46 33 0,8
583 1349 128 30 hektar
728 1347 243 41 impediment.
993 1347 52 30 Av
1063 1346 214 40 åkerjorden
1296 1345 119 31 består
1437 1345 40 30 16
1497 1345 127 30 hektar

103 1403 43 23 av
167 1393 170 39 godartad
357 1392 147 30 mullrik
525 1392 74 29 lera
621 1391 128 30 medan
770 1390 214 33 återstoden,
1007 1398 77 21 som
1105 1388 89 30 lider
1217 1398 43 21 av
1280 1388 114 34 torka,
1416 1388 143 39 utgöres
1582 1396 42 21 av

102 1435 329 40 klapperstensjord
454 1434 46 40 på
522 1432 318 40 kalkbergsgrund.

148 1477 372 40 Byggnadsbeståndet
540 1477 39 29 är
597 1475 201 39 medelgott.
817 1474 67 30 Det
902 1473 64 30 bör
983 1474 91 29 dock
1094 1472 254 40 kompletteras
1367 1472 80 29 med
1467 1470 159 31 maskin-

103 1521 73 29 hall
195 1521 66 29 och
278 1520 277 38 traktorgarage.
575 1518 129 29 Vidare
723 1517 64 30 bör
807 1516 295 39 manbyggnaden
1121 1514 261 30 moderniseras
1402 1523 57 21 om
1481 1513 72 30 fem
1574 1513 50 30 år.

104 1563 59 30 Ett
184 1562 96 31 antal
299 1562 138 31 mindre
457 1560 203 40 byggnader
679 1559 66 30 och
764 1558 283 40 byggnadsdelar
1068 1558 92 29 samt
1182 1558 68 29 den
1270 1556 192 30 elektriska
1484 1555 142 39 anlägg-

104 1605 130 39 ningen
262 1605 144 29 tillhöra
434 1603 245 30 arrendatorn.
708 1601 203 30 Elektriska
939 1599 195 40 ledningar,
1164 1599 212 29 tillhörande
1406 1597 219 40 Linköpings

101 1648 191 31 elektriska
323 1647 113 31 kraft-
466 1648 65 29 och
563 1644 417 42 belysningsaktiebolag,
1013 1645 61 29 äro
1103 1643 233 40 framdragna
1367 1643 82 30 över
1480 1643 143 39 ägorna.

101 1690 226 39 Egendomen
346 1691 66 30 har
432 1690 55 30 del
507 1690 12 29 i
541 1687 410 40 Sjögestads-Glanstads
972 1685 306 40 dikningsföretag
1298 1685 40 31 år
1360 1684 95 30 1946.
1476 1683 26 30 Ä
1523 1692 102 32 egen-

101 1733 128 29 domen
250 1732 194 39 belöpande
466 1732 103 29 andel
591 1732 11 29 i
624 1730 198 30 kostnaden
844 1730 56 30 för
923 1729 183 39 företaget,
1131 1727 96 30 1964
1249 1728 132 29 kronor
1405 1727 40 29 16
1467 1728 69 33 öre,
1559 1727 65 30 har

101 1775 129 39 erlagts
250 1784 43 22 av
313 1774 243 29 arrendatorn.
576 1773 69 29 Till
665 1773 218 39 egendomen
901 1772 66 30 hör
987 1771 105 29 andel
1109 1771 12 29 i
1141 1769 182 40 Gullbergs
1343 1770 282 30 häradsallmän-

105 1817 95 39 ning,
217 1817 159 32 varifrån
393 1817 113 29 under
522 1816 86 31 åren
627 1814 174 31 1940—50
819 1813 160 31 erhållits
997 1823 43 21 en
1058 1812 88 40 årlig
1163 1813 184 39 utdelning
1365 1821 42 21 av
1424 1811 42 30 32
1484 1812 143 29 kronor.

149 1857 316 40 Taxeringsvärdet
486 1857 104 38 utgör
612 1856 40 30 57
668 1855 64 30 000
754 1856 133 28 kronor
909 1854 313 39 jordbruksvärde.

152 1933 206 30 Saluvärdet
378 1932 64 29 har
462 1931 228 40 uppskattats
710 1930 53 29 till
784 1930 39 30 91
840 1930 64 30 000
924 1930 143 29 kronor.

150 1984 13 28 I
180 1983 144 30 ärendet
342 1982 112 30 hörda
471 1981 245 39 myndigheter
733 1981 66 29 och
818 1978 390 41 departementschefen
1229 1978 45 29 ha
1294 1977 171 39 tillstyrkt
1486 1976 142 39 försälj-

109 2032 284 40 ningsförslaget.

155 2117 186 29 Utskottet.
362 2115 264 39 Tillstyrkande
648 2114 125 38 Kungl.
794 2113 126 39 Maj:ts
942 2112 133 39 förslag
1094 2111 204 30 hemställer
1319 2111 182 33 utskottet,

470 2168 50 28 att
538 2166 190 38 riksdagen
745 2166 58 29 må
821 2164 171 39 medgiva,
1011 2165 51 28 att
1079 2162 332 40 kronoegendomen
1428 2162 123 38 Högby
1569 2160 34 29 4!
1621 2161 11 28 i

419 2216 105 29 Vreta
543 2215 158 28 Klosters
719 2214 141 33 socken,
880 2212 267 39 Östergötlands
1164 2211 69 34 län,
1252 2211 58 29 må
1329 2210 109 39 säljas
1455 2209 53 30 till
1527 2217 101 31 egen-

423 2265 147 29 domens
598 2263 207 30 arrendator
832 2262 85 29 Erik
944 2261 203 30 Johansson
1173 2261 57 29 för
1256 2269 42 20 en
1326 2259 238 40 köpeskilling
1590 2267 43 20 av

426 2314 39 29 91
482 2314 64 29 000
570 2314 132 29 kronor
727 2315 92 28 samt
842 2312 45 39 på
910 2312 11 28 i
946 2311 189 29 huvudsak
1159 2311 41 29 de
1224 2309 126 30 villkor
1375 2311 9 27 i
1409 2309 122 39 övrigt,
1558 2318 75 20 som

422 2363 306 39 domänstyrelsen
753 2361 191 39 föreslagit.
