2220 2808
463 293 38 28 10
736 293 106 27 Första
864 292 183 28 Kammarens
1074 292 161 36 Tillfälliga
1261 291 125 29 Utskotts
1412 292 153 28 Utlåtande
1589 292 55 29 N:o
1667 291 26 30 I.

417 381 59 39 mig
499 384 71 36 göra
594 381 66 29 dem
686 380 99 29 bättre
809 383 37 26 än
872 379 102 30 andra.
1018 379 275 39 Undantagslagar,
1317 379 50 29 det
1391 379 164 40 medgifves
1578 389 102 29 gerna,
1705 384 51 27 äro
1780 382 56 29 ock
1859 381 92 33 svåra
1974 388 45 26 att

416 429 209 42 upprätthålla
648 431 53 30 och
726 431 85 38 länge
835 428 161 37 bibehålla,
1012 427 37 32 då
1072 431 159 29 frestelsen
1256 431 54 29 och
1335 431 225 38 benägenheten
1585 435 47 25 att
1655 432 122 30 eludera
1799 433 65 30 dem
1889 438 35 26 är
1946 439 74 26 stor.

416 484 63 29 Min
503 483 82 30 fasta
608 483 202 40 öfvertygelse
834 485 34 27 är
892 481 174 37 emellertid,
1086 481 85 31 detta
1194 481 138 36 oaktadt,
1355 485 47 26 att
1424 481 9 30 i
1458 482 140 30 afseende
1622 480 17 31 å
1662 483 179 41 försäljning
1864 486 34 29 af
1917 486 28 30 ö!
1965 487 53 30 och

415 536 48 29 vin
494 545 36 20 m.
554 545 38 19 m.
616 535 46 29 för
685 534 191 30 närvarande
900 533 150 30 erfordras
1074 536 79 27 ännu
1177 537 44 26 ett
1244 533 53 30 och
1322 537 96 26 annat
1440 535 156 37 undantag
1619 531 65 33 från
1710 535 128 31 friheten
1863 537 54 30 och
1941 538 80 31 deri-

415 586 91 30 bland
530 586 125 39 ändring
679 586 89 30 äfven
793 585 9 29 i
825 585 98 29 denna
945 585 105 38 punkt.
1086 585 60 29 Det
1168 584 201 30 förekommer
1391 585 59 38 mig
1466 585 113 38 jemväl
1600 589 109 27 nästan
1727 597 63 19 som
1812 588 207 39 majoritetens

415 638 156 30 allmänna
593 637 166 39 förklaring
782 647 46 19 om
854 637 212 38 medborgares
1090 636 181 39 rättigheter
1294 636 55 29 och
1372 636 155 39 angaende
1560 637 126 30 friheten
1711 639 45 28 för
1786 639 97 30 denna
1907 642 112 30 rörelse

412 689 68 31 icke
503 690 118 29 kunnat
644 686 150 33 vidhållas
818 688 102 39 längre
945 691 36 26 än
1005 688 46 29 till
1075 687 54 31 den
1153 687 77 39 3:dje
1258 687 72 30 eller
1354 691 88 26 nästa
1470 689 134 38 punkten
1628 689 9 29 i
1660 689 243 32 Betänkandet.»

1190 773 54 30 2:0.

549 825 61 29 Vid
635 825 13 38 $
674 825 13 29 I
714 834 88 21 mom,
827 825 27 33 3,

414 876 34 29 af
467 875 116 30 Herrar
610 885 57 19 von
694 873 97 38 Koch,
820 884 55 19 von
900 873 130 40 Hofsten
1052 873 52 30 och
1135 872 106 30 Frisk:
1273 873 122 30 »Under
1425 874 190 39 åberopande
1639 877 33 28 af
1692 877 77 28 hvad
1795 877 146 31 härofvan
1966 880 48 29 vid

414 927 13 40 $
454 928 14 28 I
493 937 88 20 mom.
608 927 13 29 1
648 926 99 30 blifvit
770 926 131 35 anfördt,
923 924 162 31 hemställa
1108 925 38 36 vi,

811 990 42 25 att
874 982 140 33 tillstånd
1038 984 45 30 till
1111 984 177 39 försäljning
1320 985 34 29 af
1379 985 48 29 vin
1457 985 66 29 icke
1549 983 48 32 må
1627 986 125 39 beviljas
1782 988 45 29 för
1857 990 156 30 obestämd

812 1037 54 35 tid,
887 1041 71 24 utan
983 1036 45 29 för
1056 1035 82 41 högst
1160 1039 43 26 ett
1227 1033 33 31 år
1283 1035 8 29 i
1314 1036 133 29 sender.»

414 1114 34 30 af
469 1115 114 29 Herrar
605 1124 57 19 von
685 1112 88 31 Koch
796 1112 55 30 och
874 1112 108 30 Frisk:
1935 1134 6 8 TS

548 1164 59 30 »då
628 1164 112 39 klagan
763 1164 141 39 temligen
929 1164 127 29 allmänt
1079 1164 77 29 föres
1180 1163 138 30 deröfver
1341 1168 56 32 att,
1422 1164 93 29 under
1539 1174 89 20 namn
1653 1166 33 28 af
1707 1166 59 36 vin,
1788 1167 90 30 äfven
1903 1169 114 30 brända

416 1216 73 30 eller
512 1216 185 30 distillerade
720 1215 209 40 spritdrycker
952 1216 62 29 ofta
1037 1214 149 38 försäljas,

549 1267 41 29 då
619 1277 40 19 nu
687 1264 232 42 ifrågavarande
950 1266 177 37 författning
1156 1267 108 28 endast
1293 1268 94 37 angår
1422 1265 77 30 »icke
1528 1267 164 38 spirituösa
1720 1268 155 40 drycker»,
1900 1280 66 20 men
1990 1271 26 38 ej

416 1318 168 29 innefattar
606 1316 98 39 någon
728 1318 213 29 bestämmelse
971 1314 153 41 angående
1148 1317 54 28 den
1232 1317 192 38 procenthalt
1457 1318 34 28 af
1521 1318 131 35 alkohol,
1687 1329 63 19 som
1780 1318 45 31 får
1853 1321 97 29 finnas
1973 1322 44 29 uti

417 1368 104 41 dryck,
541 1373 72 25 utan
639 1372 46 26 att
708 1368 56 30 den
787 1368 78 30 skall
889 1368 143 30 hänföras
1055 1367 44 29 till
1124 1367 35 29 de
1182 1367 174 39 spiritvösa,
1369 1368 100 30 derom
1495 1378 34 19 en
1554 1378 99 21 annan
1678 1370 178 40 författning
1880 1372 137 37 handlar,

432 1449 2 4 .
550 1419 42 30 då
620 1430 36 18 en
686 1420 214 29 bestämmelse
928 1420 116 34 härom,
1077 1419 88 29 äfven
1205 1419 67 29 med
1306 1419 142 30 afseende
1476 1417 18 30 å
1522 1420 355 40 försäljningsafgifterna
1907 1424 46 28 för
1982 1424 34 28 de

417 1471 192 29 sistnämnda
632 1480 89 30 synes
747 1470 98 39 nödig,
869 1470 55 29 och

550 1521 39 30 då
615 1531 67 19 man
712 1531 122 20 numera
864 1530 68 30 eger
962 1530 45 25 en,
1039 1521 33 28 af
1101 1521 201 38 sakkunniga,
1337 1521 45 29 för
1415 1521 174 41 tillförlitlig
1624 1523 124 36 ansedd,
1777 1523 8 29 i
1814 1523 59 30 alla
1901 1525 117 39 stapel-

416 1573 120 29 städers
565 1572 214 30 tullkammare
808 1572 167 38 begagnad,
1006 1571 86 29 enkel
1127 1571 288 40 profningsapparat
1449 1575 32 27 af
1512 1574 110 30 svensk
1653 1574 202 39 tillverkning,
1886 1575 131 34 hvilken,

416 1623 93 30 bland
532 1627 103 31 annat,
655 1623 155 29 användes
833 1623 46 29 för
902 1626 46 26 att
971 1623 170 29 bestämma
1164 1622 148 30 huruvida
1335 1623 47 29 vin
1409 1624 170 30 benämnda
1602 1626 157 28 »våtvaror
1780 1625 154 31 innehålla
1956 1637 63 19 mer

417 1677 41 26 än
479 1674 41 29 21
538 1678 127 36 procent
687 1672 148 37 alkohol»,
858 1674 9 28 i
890 1674 118 29 hvilket
1033 1673 51 29 fall
1107 1673 164 36 desamma,
1300 1674 93 38 enligt
1420 1674 126 31 franska
1575 1676 285 30 handelstraktaten
1885 1678 34 28 af
1941 1677 78 30 1865

417 1723 72 42 (N:o
515 1725 37 28 10
574 1735 66 29 pag.
664 1724 38 30 53
725 1723 341 40 Författnings-Saml.)
1094 1723 77 30 »icke
1198 1722 83 31 skola
1302 1724 58 41 för
1387 1725 49 29 vin
1464 1736 112 26 anses»,
1609 1730 89 31 samt,
1733 1727 92 38 enligt
1858 1728 160 36 tulltaxan,

417 1775 88 29 skola
529 1775 142 39 beläggas
696 1776 66 28 med
786 1774 62 31 dels
872 1775 118 35 dubbel,
1007 1773 61 31 dels
1091 1775 84 29 öfver
1202 1776 158 29 tredubbel
1383 1776 155 40 tullafgift,
1553 1778 81 29 finna
1652 1778 30 29 vi
1701 1787 49 20 oss
1772 1779 72 28 böra
1864 1778 151 40 tillstyrka

417 1827 169 37 stadgande
610 1826 111 35 derom,

815 1880 42 25 att
879 1876 50 29 vin
960 1875 70 30 eller
1060 1873 137 39 våtvara,
1232 1885 62 21 som
1331 1880 34 26 är
1398 1878 107 29 försatt
1530 1878 67 29 med
1625 1878 72 30 eller
1725 1877 167 32 innehåller
1921 1878 94 42 någon

816 1927 71 36 viss,
911 1928 33 28 af
969 1927 108 38 Kongl.
1101 1927 88 38 Maj:t
1218 1928 148 36 bestämd,
1395 1928 91 39 högre
1517 1928 36 41 (t.
1577 1939 45 20 ex.
1645 1930 35 28 21
1707 1930 72 29 eller
1809 1931 54 39 30)
1895 1939 121 30 procent

817 1977 129 36 alkohol,
970 1978 66 29 icke
1060 1981 34 26 är
1117 1982 46 25 att
1186 1978 127 30 hänföra
1337 1979 46 29 till
1406 1977 104 38 sådan,
1545 1990 73 26 som,
1646 1980 93 40 enligt
1769 1981 98 30 denna
1895 1983 121 29 författ-

815 2029 79 39 ning,
917 2030 46 28 far
987 2028 42 30 till
1054 2028 146 40 förtäring
1222 2027 40 42 på
1285 2030 103 29 stället
1411 2030 167 39 försäljas.»

1194 2104 54 31 6:0.

552 2165 62 29 Vid
637 2165 144 36 förslaget
802 2165 10 29 i
835 2165 13 39 $
875 2166 36 28 10
934 2174 88 20 mom.
1046 2165 19 28 2
1088 2167 33 27 är
1143 2165 187 29 reservation
1354 2165 123 30 anmäld

418 2216 33 29 af
470 2215 81 29 Herr
574 2214 127 31 Hallin:
725 2216 108 29 »Emot
855 2215 59 31 6:te
937 2216 136 39 punkten
1096 2216 33 28 af
1147 2215 177 31 Utskottets
1348 2216 112 39 förslag
1482 2214 47 32 får
1549 2216 52 39 jag
1619 2217 104 30 anföra
1742 2219 195 29 reservation.
1969 2217 49 32 Då

419 2266 164 31 Utskottet
606 2266 10 29 i
638 2267 134 38 punkten
797 2268 18 29 3
839 2267 184 40 tillstyrker:
1046 2270 47 26 att
1115 2264 99 32 såsom
1237 2267 99 30 vilkor
1359 2268 46 29 för
1428 2267 177 39 försäljning
1625 2267 137 31 inomhus
1783 2269 33 29 af
1833 2269 55 30 här
1906 2270 10 29 i
1934 2268 84 41 fråga

419 2317 133 30 varande
582 2317 128 41 drycker
742 2319 44 29 för
814 2310 40 47 på
883 2317 102 30 stället
1019 2318 104 29 bosatt
1157 2327 119 29 person,
1306 2318 49 29 vid
1385 2318 159 36 marknad,
1576 2318 147 40 kungjord
1753 2319 110 31 allmän
1892 2321 127 39 torgdag

418 2368 72 30 eller
524 2368 303 40 vapenöfningsmöte
858 2370 108 28 endast
1000 2369 116 29 fordras
1150 2368 130 40 skriftlig
1312 2368 146 31 anmälan
1489 2369 52 30 hos
1571 2370 226 30 vederbörande
1827 2371 191 30 kommunal-
