1944 2830
269 178 19 29 8
536 197 3 3 :
643 175 393 38 Bevillningsutskottets
1057 173 218 31 betänkande
1297 172 46 30 Nr
1373 173 28 29 3.

1610 353 128 36 Bilaga.

915 496 231 43 Förslag

1003 570 52 30 till

895 632 275 35 Kontrakt

333 717 149 34 mellan
507 715 173 34 svenska
704 716 131 31 staten
860 712 74 34 och
958 710 174 35 svenska
1157 705 584 43 sockerfabriksaktiebolaget.

328 819 127 58 Mellan
481 822 148 49 svenska
656 823 112 29 staten
795 819 20 31 å
841 829 65 21 ena
930 818 100 31 sidan
1056 820 90 27 samt
1172 816 21 31 å
1219 816 110 30 andra
1354 814 100 31 sidan
1481 813 147 30 svenska
1653 811 136 31 socker-

284 865 377 35 fabriksaktiebolaget,
695 863 6 30 i
730 863 58 30 det
817 861 157 37 följande
1003 860 166 30 benämnt
1198 858 147 35 bolaget,
1376 857 39 29 är
1444 854 157 37 följande
1631 854 158 29 överens-

283 909 191 31 kommelse
496 907 142 31 träffad.

1002 944 71 36 18

331 1002 116 30 Staten
468 999 234 32 tillförsäkrar
722 998 137 35 bolaget
880 996 56 30 för
957 995 114 30 nedan
1093 994 11 29 i
1125 994 20 30 8
1176 993 9 37 8
1206 990 236 32 omförmälda
1463 989 50 30 tid
1537 991 49 27 att
1607 996 118 22 annan
1746 986 47 29 än

286 1045 136 35 bolaget
446 1042 32 37 ej
504 1042 88 30 skall
615 1042 66 35 äga
703 1039 104 37 laglig
832 1039 68 30 rätt
924 1040 49 28 att
995 1037 52 30 till
1072 1036 89 30 riket
1184 1034 117 30 införa
1326 1032 121 31 socker
1474 1027 319 40 (tulltaxenummer

290 1088 60 29 119
373 1087 66 30 och
467 1082 89 39 120).

331 1129 75 30 Vad
423 1137 92 21 ovan
533 1127 75 35 sägs
627 1125 89 31 skall
733 1124 77 30 icke
827 1124 122 35 utgöra
968 1121 124 30 hinder
1109 1119 56 31 för
1182 1126 117 23 annan
1319 1119 49 27 att
1386 1115 156 35 företaga
1561 1112 232 35 transitermg,

289 1169 299 36 returförtullning
613 1168 81 30 eller
720 1164 236 39 uppläggning
983 1163 21 31 å
1029 1163 146 35 tullager
1199 1160 83 30 eller
1306 1154 419 41 provianteringsfrilager
1752 1161 43 22 av

289 1223 81 27 nyss
386 1211 235 32 omförmälda
639 1219 97 25 vara;
757 1209 89 30 dock
864 1206 55 31 får
938 1206 20 31 å
975 1201 419 41 provianteringsfrilager
1410 1198 155 37 upplagd
1583 1196 109 31 sådan
1711 1204 85 21 vara

289 1257 121 30 endast
431 1255 87 30 efter
541 1263 42 21 av
605 1252 122 36 Kungl.
751 1250 102 36 Maj:t
873 1249 54 30 för
948 1247 95 36 varje
1065 1245 139 32 särskilt
1226 1244 63 30 fall
1309 1242 174 30 meddelat
1504 1238 155 32 tillstånd
1680 1237 115 36 dispo-

289 1308 100 21 neras
411 1296 205 32 annorledes
639 1295 45 29 än
706 1293 51 30 till
778 1292 132 35 fartygs
933 1288 258 38 proviantering
1213 1286 12 30 i
1247 1284 216 31 föreskriven
1484 1281 157 36 ordning.

336 1341 72 30 Vad
432 1340 11 29 i
465 1339 111 30 första
600 1337 133 36 stycket
758 1335 77 35 sägs
859 1333 105 36 gäller
989 1331 31 36 ej
1045 1331 107 30 heller
1174 1330 11 29 i
1209 1327 169 32 avseende
1402 1325 21 31 å
1446 1333 94 25 vara,
1565 1332 76 21 som
1666 1321 130 30 införes

290 1383 12 31 ji
323 1382 146 38 egentlig
490 1378 212 39 gränstrafik
725 1377 82 30 eller
829 1375 110 30 under
963 1373 131 31 sådana
1116 1369 256 35 förhållanden,
1396 1370 50 28 att
1467 1365 171 32 tullfrihet
1660 1363 56 31 för
1740 1371 56 21 va-

291 1435 64 22 ran
382 1424 152 36 åtnjutes
560 1421 104 36 enligt
690 1429 119 21 annan
836 1416 241 32 bestämmelse
1103 1414 11 29 i
1141 1414 19 29 5
1189 1413 18 36 8
1235 1408 395 35 tulltaxeförordningen
1658 1407 46 29 än
1731 1405 67 30 den

292 1468 110 30 under
419 1463 27 40 s)
471 1468 179 34 upptagna
670 1463 83 30 eller
771 1460 104 36 enligt
894 1460 20 29 6
933 1457 81 31 eller
1032 1458 19 29 8
1070 1456 19 37 8
1110 1463 136 23 samma
1265 1451 215 35 förordning.

338 1511 13 29 I
375 1509 170 31 avseende
567 1506 20 31 å
610 1504 143 32 införsel
774 1512 42 21 av
839 1502 130 34 socker,
991 1509 58 20 om
1072 1507 78 21 vars
1173 1496 108 35 inköp
1304 1495 10 29 i
1337 1494 69 30 fast
1428 1491 148 35 räkning
1600 1489 92 31 avtal
1714 1487 85 31 träf-

294 1553 68 30 fats
384 1552 74 30 före
480 1551 66 29 den
568 1550 19 29 2
609 1546 155 32 februari
787 1545 82 29 1932
892 1543 66 30 och
980 1550 120 22 varom
1122 1538 165 32 anmälan
1307 1538 115 28 senast
1444 1535 67 29 den
1536 1533 38 29 15
1596 1540 93 22 mars
1715 1529 84 31 1932

293 1594 98 31 blivit
419 1593 101 37 gjord
547 1592 63 29 hos
638 1592 130 28 statens
798 1584 263 35 sockernämnd,
1090 1582 99 30 skola
1217 1577 308 33 bestämmelserna
1553 1575 12 29 i
1594 1575 17 29 7
1642 1573 19 37 &
1689 1572 112 31 andra

293 1637 132 37 stycket
450 1645 43 21 av
518 1633 200 32 kontraktet
738 1631 68 30 den
831 1630 41 29 22
898 1626 154 32 februari
1080 1625 82 30 1932
1190 1622 130 31 mellan
1344 1622 111 28 staten
1480 1619 66 29 och
1573 1617 137 35 bolaget
1735 1615 66 35 äga

295 1678 230 37 tillämpning.

1013 1709 74 36 28.

341 1772 141 35 Bolaget
498 1768 179 32 förbinder
693 1766 50 36 sig
761 1767 49 28 att
828 1762 146 36 inbjuda
988 1760 51 31 till
1056 1757 162 36 teckning
1233 1765 42 21 av
1290 1753 166 32 kontrakt
1473 1749 177 38 angående
1666 1748 136 31 socker-

296 1814 194 35 betsodling
512 1811 110 31 under
647 1809 83 30 1938
751 1807 67 30 och
843 1805 82 30 1939
947 1804 11 29 i
980 1802 149 36 enlighet
1152 1799 80 31 med
1254 1796 127 32 mellan
1401 1795 138 35 bolaget
1560 1793 66 30 och
1649 1785 154 45 Sveriges

298 1857 194 31 betodlares
519 1850 292 35 centralförening
839 1846 275 32 överenskomna
1143 1841 151 37 grunder
1322 1840 90 29 samt
1440 1836 111 30 under
1581 1831 223 37 iakttagande

300 1900 118 34 tillika,
441 1900 49 28 att
510 1893 219 39 grundpriset
750 1891 56 30 för
828 1890 60 30 100
908 1888 170 35 kilogram
1100 1883 221 31 sockerbetor
1339 1879 80 31 med
1445 1879 38 29 16
1504 1878 144 35 procent
1668 1874 135 30 socker-

298 1942 74 31 halt
391 1941 76 30 icke
486 1938 68 35 må,
574 1937 78 30 med
671 1935 179 33 undantag
870 1940 75 21 som
965 1928 103 36 följer
1088 1936 42 21 av
1148 1923 308 33 bestämmelserna
1476 1920 11 29 i
1506 1920 20 29 3
1546 1919 19 36 8
1586 1917 110 31 andra
1716 1918 88 33 styc-

298 1985 67 34 ket,
389 1980 201 36 understiga
612 1980 19 28 2
654 1979 132 29 kronor
809 1975 40 29 70
871 1974 67 29 öre.
973 1971 64 29 Vid
1062 1968 162 35 teckning
1249 1975 42 21 av
1314 1959 371 39 betodlingskontrakt,
1710 1965 95 22 avse-

299 2026 86 31 ende
408 2026 156 29 leverans
589 2021 51 30 till
666 2017 223 36 Lidköpings,
916 2012 213 36 Linköpings
1154 2010 82 30 eller
1261 2005 227 37 Mörbylånga
1513 1998 292 35 råsockerfabrik,

301 2069 97 30 skola
419 2067 90 30 dock
529 2065 10 30 i
560 2063 98 36 fråga
677 2071 59 20 om
756 2054 383 39 täckningsersättning,
1161 2049 192 32 vattenhalt
1374 2048 10 30 i
1403 2048 174 29 betmassa
1597 2043 66 30 och
1683 2041 124 34 bidrag

302 2111 49 30 ull
376 2106 260 40 järnvägsfrakt
661 2104 91 37 gälla
778 2102 10 30 i
814 2099 185 32 huvudsak
1026 2097 41 30 de
1092 2094 161 38 grunder,
1279 2100 75 22 som
1377 2089 145 36 tidigare
1548 2085 191 35 tillämpats
1764 2090 42 22 av

301 2153 174 31 mellersta
497 2149 152 35 Sveriges
671 2139 465 38 sockerfabriksaktiebolag.

1016 2224 19 30 3
1062 2223 29 36 8.

347 2287 141 35 Bolaget
512 2284 116 35 åtager
653 2281 51 36 sig
727 2282 50 28 att
799 2276 152 32 bestrida
975 2275 41 30 50
1041 2274 144 36 procent
1211 2278 43 22 av
1277 2265 236 33 kostnaderna
1538 2262 55 30 för
1617 2261 68 29 den
1708 2258 11 30 i
1745 2258 20 30 6
1789 2256 19 37 8

304 2327 235 34 omförmälda
557 2324 186 32 nämnden.

349 2372 125 30 Vidare
500 2367 180 32 förbinder
705 2365 50 35 sig
777 2363 136 35 bolaget
937 2362 50 28 att
1011 2357 31 37 ej
1066 2356 70 31 låta
1160 2353 116 36 någon
1300 2350 177 31 betodlare
1501 2345 81 36 ingå
1607 2344 82 30 eller
1714 2343 95 29 över-

305 2417 78 34 taga
408 2407 359 39 betodlingskontrakt
794 2405 54 30 för
877 2403 84 30 1938
987 2400 80 31 eller
1095 2398 94 33 1939,
1216 2391 245 34 innehållande
1488 2385 240 34 bestämmelse
1752 2392 58 22 om

307 2458 54 30 det
385 2457 9 29 i
416 2457 19 28 2
459 2455 18 37 8
500 2453 149 36 angivna
670 2446 245 37 minimipriset
937 2453 42 21 av
1002 2444 19 28 2
1042 2443 130 28 kronor
1196 2439 40 29 70
1259 2437 68 34 öre,
1350 2434 79 31 med
1451 2430 135 32 mindre
1608 2427 203 31 betodlaren

307 2500 180 30 avlämnar
511 2505 43 21 en
578 2490 258 36 vederbörligen
861 2484 251 34 underskriven
1136 2478 222 35 förbindelse,
1382 2474 106 36 enligt
1513 2471 139 36 bilagda
1679 2469 131 30 formu-
