1886 2802
502 142 390 33 Jordbruksutskottets
919 137 179 31 utlåtande
1123 145 42 20 nr
1190 134 51 30 27.
1586 129 37 28 13

119 236 78 38 ring
213 235 11 28 i
244 241 189 22 normerna
452 231 54 29 för
526 226 305 39 avskrivningslån
848 224 53 31 till
915 219 376 40 ekonomibyggnader.
1312 215 160 31 Rörande
1490 214 41 29 de
1550 213 77 29 sist-

120 285 155 30 nämnda
297 283 90 30 båda
410 281 165 38 frågorna
598 279 64 29 har
681 278 12 28 i
712 274 264 42 propositionen
997 272 135 30 anförts
1153 268 173 40 följande:

167 333 237 32 >Kommittén
424 333 65 28 har
507 331 10 29 i
536 330 99 37 fråga
655 337 56 21 om
729 319 598 41 betesförbättringsverksamheten
1348 316 118 30 vidare
1485 313 144 31 föresla-

117 388 50 39 git
191 388 60 31 att,
277 385 122 29 utöver
423 383 41 28 de
490 377 316 40 avskrivningslån,
833 384 74 21 som
934 373 112 30 skulle
1070 372 122 29 kunna
1216 368 83 39 utgå
1325 367 107 38 enligt
1460 364 80 31 1947
1569 364 57 29 års

119 437 161 38 riksdags
307 434 124 33 beslut,
458 432 93 30 vissa
578 428 263 41 tilläggsbidrag
869 425 113 30 skulle
1008 424 122 28 kunna
1157 420 178 30 utlämnas
1362 417 111 29 under
1500 415 127 30 villkor

121 498 43 21 av
186 485 272 38 betesfredning.
482 482 78 30 Med
583 482 139 37 hänsyn
744 478 53 30 till
820 478 68 29 den
912 474 175 40 betydelse
1111 473 57 29 det
1192 470 95 31 såväl
1311 478 41 20 ur
1377 466 251 40 skogsbrukets

122 549 75 20 som
214 547 41 20 ur
271 535 229 41 jordbrukets
517 531 181 41 synpunkt
715 530 64 29 har
797 530 51 28 att
866 526 198 39 skogsbetet
1083 524 38 29 så
1138 523 95 38 långt
1250 520 139 40 möjligt
1406 517 222 32 inskränkes,

121 591 118 29 finner
262 588 61 39 jag
347 587 58 29 det
429 584 196 32 motiverat,
652 583 50 29 att
727 589 43 21 en
796 581 98 28 extra
921 576 186 31 stimulans
1134 573 88 31 skall
1248 573 123 28 kunna
1398 570 146 32 lämnas,
1572 576 57 20 om

122 650 83 21 man
223 639 204 38 därigenom
444 636 55 29 får
517 633 183 40 möjlighet
719 633 50 28 att
788 628 205 41 genomföra
1010 624 270 38 betesfredning.
1299 623 65 37 Jag
1382 621 72 29 kan
1472 619 159 30 däremot

123 692 76 29 icke
219 689 140 31 ansluta
378 687 71 38 mig
467 685 53 30 till
538 682 230 32 kommitténs
787 680 142 38 förslag,
950 680 50 28 att
1019 678 114 29 denna
1155 674 186 31 stimulans
1362 671 112 30 skulle
1494 670 138 29 lämnas

124 743 12 29 i
159 742 92 29 form
274 749 42 20 av
338 736 273 40 tilläggsbidrag,
635 734 94 29 vilka
753 732 113 29 skulle
888 731 124 29 kunna
1034 727 83 39 utgå
1139 726 52 29 till
1216 725 68 30 alla
1306 722 183 40 jordbruk,
1515 720 118 30 obero-

126 793 87 30 ende
238 801 42 20 av
303 786 319 40 brukningsdelens
649 783 130 31 storlek
804 782 65 29 och
894 780 196 30 brukarens
1116 775 229 32 ekonomiska
1373 772 175 38 ställning.
1575 771 59 29 Ett

126 839 327 35 tillfredsställande
473 837 147 30 resultat
641 843 103 31 synes
762 834 12 29 i
794 832 115 31 stället
928 832 123 28 kunna
1070 828 102 30 ernås
1192 827 108 29 redan
1320 826 96 28 inom
1437 831 121 22 ramen
1579 822 56 29 för

127 895 43 29 de
191 893 178 30 allmänna
389 887 312 33 bestämmelserna
720 894 56 21 om
797 881 316 39 avskrivningslån.
1134 878 116 39 Enligt
1270 877 101 29 dessa
1392 875 54 30 får
1466 875 67 29 den
1552 873 87 29 fast-

127 944 128 30 ställda
272 950 148 21 normen
437 940 55 29 för
511 938 132 30 sådana
660 936 59 30 lån
736 933 233 33 överskridas,
988 931 44 30 då
1051 929 173 31 särskilda
1242 925 298 39 omständigheter
1558 923 79 30 där-

128 995 53 30 till
200 992 193 31 föranleda.
414 990 138 31 Sådana
571 986 174 32 särskilda
763 983 299 39 omständigheter
1080 981 84 29 böra
1183 979 106 38 enligt
1308 977 75 30 min
1402 975 141 38 mening
1563 974 75 29 ofta

130 1054 103 22 anses
255 1043 179 38 föreligga,
458 1040 44 30 då
524 1048 42 21 en
588 1038 163 32 brukare,
776 1045 75 20 som
873 1033 125 31 dittills
1021 1030 172 40 utnyttjat
1217 1028 192 39 skogsbete,
1433 1027 12 29 i
1468 1024 171 32 samband

131 1096 79 30 med
233 1094 155 30 sökande
411 1101 42 20 av
474 1091 122 37 bidrag
617 1088 54 30 till
694 1097 42 20 en
758 1084 310 39 betesanläggning
1090 1080 180 31 förbinder
1294 1079 51 38 sig
1369 1080 50 27 att
1442 1075 197 31 betesfreda

133 1147 54 29 sin
225 1143 208 40 skogsmark
460 1141 82 30 eller
569 1142 50 28 att
646 1138 98 31 avstå
771 1137 81 29 från
880 1132 367 43 gemensamhetsbete.
1276 1130 40 39 Ej
1347 1129 109 29 heller
1482 1128 71 29 kan
1580 1126 61 39 jag

132 1196 138 31 biträda
294 1194 167 38 förslaget
487 1194 49 27 att
561 1191 96 29 inom
682 1189 41 30 de
749 1187 179 33 områden,
953 1186 63 29 där
1041 1182 311 31 bestämmelserna
1378 1189 56 20 om
1460 1179 57 29 det
1543 1186 98 21 norr-

134 1247 149 30 ländska
302 1239 499 45 skogsproduktionsanslaget
820 1247 47 20 nu
888 1236 90 41 gälla
997 1245 79 20 men
1096 1234 208 30 förutsättas
1324 1232 143 28 komma
1486 1231 50 27 att
1556 1237 86 30 upp-

134 1299 97 32 höra,
254 1296 123 39 bidrag
398 1294 53 30 till
476 1294 132 29 sådana
631 1290 265 32 förrättningar,
921 1296 75 21 som
1019 1285 180 41 påbörjats
1223 1283 82 30 eller
1328 1282 53 29 till
1404 1281 94 29 vilka
1521 1279 122 38 bidrag

135 1349 99 30 sökts
259 1347 75 29 före
359 1346 68 29 den
454 1345 14 28 1
495 1343 143 40 januari
665 1341 94 33 1948,
787 1340 89 30 skall
903 1338 83 39 utgå
1012 1337 87 29 efter
1126 1330 518 44 skogsproduktionsanslagets

136 1399 163 40 grunder,
319 1406 58 20 om
396 1396 95 29 detta
512 1393 112 31 skulle
643 1401 83 21 vara
745 1391 52 29 till
817 1389 113 31 fördel
951 1389 55 29 för
1027 1388 205 37 sakägarna.
1254 1381 391 32 Lantbruksnämnder-

138 1459 63 20 nas
222 1448 209 38 befogenhet
452 1447 50 28 att
522 1445 12 28 i
556 1443 174 30 särskilda
750 1441 62 30 fall
836 1440 124 30 avvika
982 1438 81 30 från
1085 1437 331 38 bidragsnormerna
1437 1432 98 30 torde
1558 1432 87 28 även

137 1501 65 29 här
219 1499 36 29 få
272 1507 102 21 anses
391 1495 199 38 tillräcklig.

184 1551 13 28 I
220 1550 99 37 fråga
342 1557 57 20 om
422 1544 306 39 avskrivningslån
750 1543 53 29 till
827 1538 365 40 ekonomibyggnader
1215 1537 64 28 har
1302 1534 211 30 kommittén
1536 1532 45 40 på
1605 1541 43 20 en

140 1601 113 40 punkt
268 1598 181 39 föreslagit
464 1596 150 38 ändring
629 1604 42 20 av
685 1594 41 29 de
741 1593 38 30 år
797 1592 82 30 1947
897 1591 133 30 fattade
1045 1589 169 29 besluten.
1230 1587 123 29 Denna
1369 1584 149 39 ändring
1535 1583 113 29 skulle

140 1651 98 31 bestå
255 1650 85 33 däri,
360 1651 50 28 att
427 1645 311 32 bestämmelserna
757 1653 56 20 om
833 1640 306 39 avskrivningslån
1158 1639 54 29 för
1230 1636 213 38 förbättring
1462 1644 41 20 av
1521 1634 128 30 ekono-

142 1701 250 40 mibyggnader
415 1699 76 29 icke
516 1697 112 30 skulle
650 1695 179 39 tillämpas
852 1694 11 28 i
885 1693 100 38 fråga
1009 1701 55 20 om
1090 1691 81 29 silos
1195 1689 64 30 och
1284 1685 366 42 gödselvårdsanlägg-

143 1754 124 37 ningar
293 1750 191 34 (inklusive
504 1745 273 34 urinbrunnar).
799 1742 315 39 Avskrivningslån
1135 1741 54 29 för
1210 1739 119 39 dylika
1349 1738 135 37 företag
1506 1735 112 30 skulle
1640 1735 11 28 i

144 1803 115 30 stället
279 1802 100 29 alltid
398 1800 83 39 utgå
500 1799 88 29 efter
607 1806 43 21 en
669 1805 101 21 norm
791 1805 42 20 av
852 1795 40 29 25
913 1795 144 39 procent
1077 1802 42 19 av
1138 1792 66 28 den
1224 1788 199 31 beräknade
1444 1786 207 30 kostnaden.

144 1855 67 28 För
228 1862 42 20 en
291 1852 97 38 dylik
406 1850 148 37 ändring
573 1850 63 28 har
655 1848 125 29 främst
800 1846 137 30 anförts
955 1845 57 28 det
1032 1843 121 32 skälet,
1174 1843 49 28 att
1236 1841 56 29 det
1305 1840 135 38 belopp,
1454 1847 74 20 som
1542 1836 112 30 skulle

145 1905 122 28 kunna
284 1901 153 30 erhållas
454 1900 11 29 i
484 1897 306 39 avskrivningslån
808 1896 53 29 till
881 1895 106 38 sagda
1006 1894 143 36 företag,
1170 1891 112 30 skulle
1302 1891 122 28 kunna
1443 1888 91 29 bliva
1553 1887 100 38 ringa

145 1954 84 29 eller
246 1953 97 32 intet,
362 1960 57 20 om
437 1949 300 39 anläggningarna
755 1946 159 30 utfördes
932 1945 88 29 efter
1038 1944 57 28 det
1114 1942 110 29 andra
1242 1939 252 39 förbättringar
1514 1947 41 20 av
1575 1938 80 28 eko-

147 2002 346 39 nomibyggnaderna
525 1998 216 40 genomförts
772 1997 11 29 i
815 1997 110 28 sådan
957 1993 222 38 omfattning,
1212 1993 49 28 att
1294 1988 361 39 avskrivningslånets

148 2053 272 38 maximibelopp
437 2051 71 29 helt
524 2050 83 29 eller
623 2049 11 29 i
651 2049 56 29 det
725 2049 177 28 närmaste
919 2046 105 38 tagits
1040 2045 10 28 i
1068 2043 153 39 anspråk
1239 2042 55 29 för
1312 2042 101 28 dessa
1431 2039 225 37 förbättring-

149 2115 49 20 ar.
217 2105 66 28 För
301 2103 75 29 min
393 2102 55 29 del
465 2103 38 27 är
519 2101 60 38 jag
596 2100 90 29 dock
703 2098 30 39 ej
755 2098 128 29 beredd
901 2099 50 27 att
970 2095 141 30 förorda
1129 2096 48 27 ett
1195 2092 215 39 frångående
1429 2100 41 20 av
1488 2090 56 29 det
1563 2089 94 39 prin-

148 2154 183 40 cipbeslut,
348 2162 74 20 som
438 2153 38 28 år
493 2151 81 29 1947
591 2150 152 29 fattades
758 2149 44 39 på
816 2148 116 29 denna
946 2146 124 40 punkt.
1086 2145 74 29 Den
1176 2153 42 20 av
1232 2142 211 30 kommittén
1459 2140 199 37 föreslagna

150 2205 195 37 ändringen
370 2202 113 30 skulle
507 2200 274 40 uppenbarligen
806 2199 10 28 i
841 2198 180 29 realiteten
1045 2195 168 29 innebära
1237 2194 196 28 detsamma
1458 2200 73 20 som
1558 2199 42 20 en
1625 2189 30 38 ej

151 2254 194 37 oväsentlig
366 2253 132 36 ökning
519 2261 42 19 av
582 2249 307 38 maximibeloppet
912 2248 54 28 för
988 2244 304 38 avskrivningslån
1315 2243 52 28 till
1391 2240 269 38 ekonomibygg-

153 2305 118 29 nader.
289 2304 52 28 En
360 2303 109 29 sådan
487 2301 148 38 höjning
652 2300 70 28 kan
739 2298 59 39 jag
815 2298 10 28 i
843 2297 203 29 nuvarande
1065 2296 73 36 läge
1157 2295 74 28 icke
1250 2286 187 44 tillstyrka.
1456 2292 48 28 De
1523 2291 138 36 olägen-

154 2356 97 28 heter
275 2363 42 20 av
342 2351 265 38 utformningen
632 2359 42 20 av
697 2349 159 38 reglerna
880 2357 56 19 om
962 2347 121 36 bidrag
1107 2345 51 29 till
1184 2341 375 39 ekonomibyggnader,
1586 2349 75 20 som

155 2404 209 30 kommittén
382 2402 143 40 påtalat,
543 2402 60 28 äro
618 2400 118 29 vidare
753 2398 30 39 ej
805 2399 114 36 något,
938 2406 72 19 som
1031 2395 153 39 speciellt
1201 2394 128 29 träffar
1348 2393 82 28 silos
1448 2392 63 28 och
1531 2390 131 38 gödsel-

156 2453 368 39 vårdsanläggningar.
543 2451 48 29 De
609 2451 59 28 äro
685 2450 9 28 i
713 2449 113 29 stället
844 2457 43 20 en
904 2445 236 38 ofrånkomlig
1159 2444 88 39 följd
1265 2453 41 19 av
1324 2443 111 38 själva
1454 2441 209 39 grundprin-
