1882 2800
510 171 391 33 Jordbruksutskottets
927 175 180 31 utlåtande
1132 187 43 20 nr
1199 179 52 30 27.
1615 184 18 29 3

171 250 56 33 12)
258 251 186 38 godkänna
474 262 42 21 av
545 255 254 39 föredragande
830 258 387 39 departementschefen
1249 264 10 28 i
1292 265 109 38 övrigt
1433 266 197 40 framlagda

123 300 141 39 förslag.

166 350 14 28 I
205 352 169 30 samband
397 354 79 29 med
499 356 263 38 propositionen
785 358 65 29 har
874 360 171 30 utskottet
1069 362 52 29 till
1148 363 213 41 behandling
1386 366 153 32 förehaft
1565 368 65 30 föl-

118 400 107 38 jande
250 402 95 29 inom
369 404 187 39 riksdagen
578 407 136 34 väckta,
737 408 52 29 till
813 410 171 30 utskottet
1010 411 191 32 hänvisade
1226 416 182 37 motioner,
1433 418 192 40 nämligen:

166 452 28 29 I:
214 452 60 31 132
290 463 43 21 av
348 454 80 30 herr
443 456 274 32 Mannerskantz
732 468 45 21 m.
793 459 50 40 fl.,
861 461 103 31 såvitt
981 462 206 33 densamma
1204 475 99 20 avser
1321 467 174 31 storleken
1511 479 42 20 av
1569 479 60 20 an-

121 502 118 39 slagen
263 504 52 30 till
340 505 407 34 lantbruksnämnderna
772 511 64 29 och
861 512 52 29 till
938 512 122 41 bidrag
1083 515 50 28 till
1160 515 227 39 jordbrukets
1412 520 216 30 rationalise-

120 553 87 39 ring,

184 604 29 28 I:
232 605 61 28 194
319 614 42 21 av
385 606 80 29 herr
489 608 176 39 Elofsson,
693 610 133 40 Gustaf,
851 621 45 21 m.
919 613 50 39 fl.,

206 655 83 29 :301
317 665 43 20 av
383 657 81 29 herr
488 658 152 38 Nilsson,
667 660 97 37 Bror,

206 705 86 30 :302
318 715 42 21 av
383 707 81 29 herr
488 708 193 41 Sundberg,
708 711 88 37 Carl,

205 756 85 29 :303
316 766 43 20 av
382 757 122 30 herrar
523 759 152 38 Nilsson,
695 761 173 39 Hjalmar,
893 764 64 29 och
978 765 177 38 Isaksson,

205 806 85 29 :323
316 816 43 20 av
382 808 81 29 herr
486 809 274 33 Mannerskantz
784 823 45 20 m.
856 814 50 39 fl.,

204 857 86 28 :324
315 867 43 20 av
381 858 122 30 herrar
522 861 151 40 Heiding
696 863 64 28 och
783 864 168 38 Gränebo,

203 907 85 29 :325
315 917 42 20 av
381 909 80 29 herr
485 910 186 31 Lindblom
694 922 45 21 m.
761 914 50 39 fl.,

202 965 6 20 :
225 957 62 29 326
313 967 43 21 av
379 959 81 29 herr
484 961 151 38 Nilsson,
656 963 97 37 Bror,

202 1007 84 30 :327
313 1018 43 20 av
379 1010 81 29 herr
483 1012 152 36 Nilsson,
660 1014 97 36 Bror,

202 1058 86 29 :328
313 1068 42 20 av
379 1060 81 29 herr
483 1062 152 37 Nilsson,
660 1064 97 37 Bror,

200 1109 85 28 :329
311 1118 42 21 av
377 1110 81 29 herr
485 1112 130 31 Osvald
641 1124 46 20 m.
714 1115 50 39 fl.,

156 1157 45 29 II:
218 1159 61 28 217
307 1169 42 20 av
373 1160 81 30 herr
478 1162 170 41 Liedberg
665 1175 45 20 m.
727 1166 50 39 fl.,
798 1167 224 40 likalydande
1041 1172 79 28 med
1140 1174 177 29 motionen
1336 1185 41 19 nr
1400 1176 59 30 132
1478 1178 10 28 i
1508 1178 111 30 första

109 1208 218 37 kammaren,
359 1212 103 30 såvitt
493 1214 207 32 densamma
730 1227 99 20 avser
861 1220 175 30 storleken
1068 1232 42 20 av
1139 1224 166 40 anslagen
1336 1226 52 29 till
1419 1228 201 31 lantbruks-

110 1260 219 31 nämnderna
350 1263 64 29 och
435 1264 52 28 till
507 1264 124 41 bidrag
650 1266 52 29 till
721 1267 229 39 jordbrukets
970 1268 293 50 rationalisering,

153 1309 45 29 II:
215 1311 60 28 321
304 1320 42 21 av
369 1312 82 29 herr
474 1314 203 31 Pettersson
704 1316 11 29 i
741 1317 107 31 Rosta
872 1329 46 20 m.
942 1320 50 40 fl.,
1017 1322 225 40 likalydande
1266 1328 79 29 med
1372 1330 178 29 motionen
1577 1340 41 19 nr

109 1360 61 28 194
191 1361 10 27 i
223 1361 110 30 första
353 1363 217 35 kammaren,

151 1410 45 29 II:
213 1411 63 29 462
302 1421 42 20 av
368 1413 121 30 herrar
513 1415 154 32 Jönsson
689 1417 10 28 i
721 1417 145 31 Rossbol
891 1421 65 28 och
978 1422 202 32 Andersson
1203 1426 11 29 i
1237 1426 160 37 Gisselås,

150 1460 45 29 II:
212 1461 62 29 463
300 1471 43 20 av
366 1463 82 29 herr
471 1465 153 30 Larsson
649 1467 10 28 i
683 1467 165 31 Karlstad
870 1480 46 20 m.
940 1471 49 39 fl.,
1015 1473 224 40 likalydande
1266 1479 79 29 med
1369 1482 178 30 motionen
1574 1492 43 21 nr

104 1510 63 29 328
189 1512 10 28 i
220 1512 110 29 första
350 1513 218 36 kammaren,

148 1561 45 28 II:
209 1562 64 28 464
298 1572 43 20 av
365 1564 121 29 herrar
510 1566 154 30 Jonsson
688 1568 10 28 i
722 1568 215 40 Malmgrava
962 1573 65 29 och
1048 1575 214 39 Heggblom,
1286 1579 222 40 likalydande
1534 1586 80 29 med

101 1611 179 30 motionen
300 1623 42 19 nr
362 1614 62 29 302
444 1615 11 29 i
474 1615 112 31 första
605 1617 218 36 kammaren,

147 1662 45 29 II:
209 1664 62 28 465
298 1673 42 20 av
363 1665 81 29 herr
470 1666 209 40 Gustafsson
701 1669 11 28 i
734 1670 204 41 Vimmerby
957 1683 45 20 m.
1025 1675 50 38 fl.,

146 1713 45 28 II:
214 1714 56 29 466
297 1724 42 20 av
363 1715 81 29 herr
468 1717 202 40 Heggblom
701 1729 45 21 m.
776 1721 50 39 fl.,
859 1722 225 40 likalydande
1115 1729 79 28 med
1225 1731 178 30 motionen
1435 1743 41 20 nr
1507 1736 63 30 303
1601 1737 8 29 i

100 1763 111 29 första
232 1764 216 36 kammaren,

145 1813 44 28 II:
206 1815 62 28 467
293 1824 42 20 av
356 1816 122 30 herrar
499 1818 236 40 Sveningsson
758 1822 64 28 och
846 1823 213 40 Heggblom,
1082 1827 224 41 likalydande
1329 1834 79 29 med
1429 1836 179 30 motionen

98 1871 43 20 nr
165 1864 60 28 301
251 1865 10 28 i
284 1865 112 30 första
418 1867 218 36 kammaren,

143 1913 45 28 II:
204 1914 62 29 475
293 1924 42 20 av
357 1916 81 28 herr
463 1918 174 30 Svensson
662 1920 10 28 i
698 1920 206 40 Ljungskile
928 1934 45 20 m.
998 1926 50 38 fl.,
1075 1927 223 40 likalydande
1322 1934 79 29 med
1427 1937 179 30 motionen

97 1972 42 19 nr
159 1964 63 28 329
241 1965 10 27 i
272 1965 111 30 första
401 1967 218 35 kammaren,

141 2014 45 28 II:
203 2014 62 29 476
291 2024 43 20 av
357 2016 81 29 herr
461 2018 141 30 Nilsson
625 2020 11 28 i
658 2020 261 39 Göingegården
942 2034 45 21 m.
1008 2026 50 39 fl.,
1081 2028 222 40 likalydande
1327 2035 77 28 med
1426 2037 178 30 motionen

95 2072 42 19 nr
156 2064 62 29 323
239 2065 9 28 i
271 2066 110 29 första
400 2067 218 36 kammaren,

140 2114 45 28 I1:
202 2115 61 28 477
284 2125 42 20 av
347 2117 121 29 herrar
486 2120 201 30 Johansson
709 2122 9 28 i
738 2123 155 39 Mysinge
915 2126 64 28 och
998 2128 200 31 Pettersson
1219 2132 10 28 i
1250 2132 99 35 Dahl,

139 2164 44 28 II:
200 2165 63 28 478
289 2175 42 20 av
355 2167 81 29 herr
459 2169 134 30 Boman
620 2171 10 28 i
657 2172 167 30 Stafsund
850 2184 45 20 m.
920 2176 49 38 fl.,
998 2177 223 40 likalydande
1250 2184 77 28 med
1354 2187 178 30 motionen
1560 2199 42 19 nr

93 2213 62 29 325
182 2214 9 28 i
217 2216 110 29 första
353 2217 216 35 kammaren,

138 2264 44 28 II:
199 2265 62 28 479
287 2275 42 19 av
354 2267 80 28 herr
458 2269 133 29 Boman
617 2270 10 28 i
655 2271 167 30 Stafsund
850 2284 45 19 m.
920 2275 49 39 fl.,
998 2277 223 39 likalydande
1246 2284 77 28 med
1353 2286 176 31 motionen
1558 2298 42 19 nr

92 2313 62 28 327
175 2314 9 27 i
205 2314 110 30 första
335 2316 216 31 kammaren.

137 2363 72 29 Vad
234 2366 259 30 motionärerna
518 2369 177 30 hemställt
719 2372 170 38 återgives
914 2375 9 28 i
950 2376 56 29 det
1030 2377 156 39 följande
1213 2382 8 28 i
1246 2383 166 31 samband
1440 2388 77 29 med
1542 2388 56 30 be-

90 2413 213 38 handlingen
328 2425 42 19 av
395 2417 41 28 de
461 2418 127 38 frågor,
617 2429 72 20 som
715 2422 141 30 beröras
881 2434 42 19 av
949 2427 229 32 motionerna.
1204 2431 225 34 Beträffande
1454 2438 144 30 motive-

91 2464 120 36 ringen
233 2465 54 28 för
309 2467 277 31 motionärernas
606 2471 181 37 yrkanden
811 2474 55 29 får
889 2476 167 31 utskottet
1080 2479 144 31 hänvisa
1250 2483 49 29 till
1322 2486 228 32 motionerna.

173 1112 27 27 je
173 1059 27 30 j-
173 1007 27 28 —-
179 958 13 26 —
173 907 27 33 J-—
173 857 27 31 Jö-—
173 806 27 33 J-—-
173 755 27 33 J-—
173 705 27 33 J—-—
173 651 27 36 jn-—
