1880 2796
254 129 38 30 16
635 132 390 30 Jordbruksutskottets
1051 133 179 30 utlåtande
1255 143 43 20 nr
1322 133 52 30 27.

249 213 367 39 ringsverksamheten
639 215 82 29 eller
744 215 55 30 för
824 216 239 29 nämndernas
1087 217 118 38 övriga
1230 217 234 29 verksamhet.
1489 217 176 29 Utskottet
1692 217 65 29 har

249 264 122 30 därför
389 264 87 31 intet
497 267 50 27 att
566 265 115 30 erinra
702 268 72 27 mot
793 266 65 29 vad
878 267 11 28 i
907 267 264 39 propositionen
1190 267 199 38 föreslagits
1409 276 57 20 om
1487 269 51 28 att
1561 268 79 28 med
1662 268 96 29 över-

251 314 160 39 föringen
431 315 89 29 skall
540 315 36 30 få
595 316 100 29 anstå
714 316 53 29 till
786 317 67 28 den
874 317 14 28 1
912 317 68 38 juli
1003 317 94 29 1949.
1120 317 64 29 Det
1206 326 102 30 synes
1331 317 93 29 svårt
1444 318 51 29 att
1514 317 158 34 bedöma,
1693 317 65 29 hu-

251 365 123 29 ruvida
402 365 107 39 något
533 366 199 39 ytterligare
758 367 160 39 uppskov
944 367 71 29 kan
1041 367 91 29 bliva
1158 367 214 38 nödvändigt
1397 376 42 20 ur
1468 368 42 29 de
1538 367 219 39 synpunkter

250 424 76 20 som
351 424 82 30 nyss
457 416 148 29 anförts.
631 417 175 29 Utskottet
831 417 117 29 finner
973 417 57 32 det
1058 417 119 30 därför
1202 418 76 29 icke
1306 417 159 40 lämpligt
1491 419 50 28 att
1570 426 48 20 nu
1643 417 114 29 beslut

251 466 108 29 fattas
387 475 56 21 om
471 467 125 29 sådant
620 467 200 39 ytterligare
849 467 171 40 uppskov.
1046 468 123 29 Denna
1193 468 101 38 fråga
1318 468 98 29 torde
1442 468 11 29 i
1482 467 126 34 stället,
1635 476 57 20 om
1719 467 38 29 så

250 516 114 30 skulle
388 517 75 29 visa
489 517 51 39 sig
569 517 229 39 erforderligt,
824 518 123 29 kunna
976 519 172 38 upptagas
1174 518 58 29 vid
1261 518 294 29 nästkommande
1583 518 56 29 års
1668 517 89 29 riks-

248 567 79 39 dag.

295 618 74 29 Vad
394 618 108 39 angår
529 618 174 29 storleken
730 628 42 20 av
797 619 41 29 de
867 618 132 39 bidrag,
1028 627 74 20 som
1131 618 85 30 böra
1242 618 83 39 utgå
1355 618 54 29 för
1435 617 320 39 betesförbättring,

249 668 89 30 hade
364 669 210 29 kommittén
597 668 105 30 bland
726 671 110 27 annat
860 668 180 39 föreslagit
1064 671 60 31 att,
1147 669 122 29 utöver
1293 669 41 29 de
1358 678 42 20 av
1425 668 82 30 1947
1532 668 58 30 års
1613 667 143 39 riksdag

251 720 178 30 beslutade
452 721 178 38 bidragen,
654 721 93 30 vissa
772 721 263 39 tilläggsbidrag
1059 721 112 29 skulle
1197 721 122 29 kunna
1344 721 178 29 utlämnas
1547 720 111 29 under
1680 719 76 30 vill-

249 770 65 29 kor
335 779 41 20 av
397 769 271 39 betesfredning.
689 770 103 29 Detta
813 770 132 39 förslag
964 770 65 29 har
1049 769 193 30 emellertid
1264 769 30 39 ej
1319 769 178 40 upptagits
1518 769 11 29 i
1550 768 207 40 propositio-

249 829 69 20 nen
338 822 85 28 utan
447 820 387 40 departementschefen
856 820 64 29 har
942 820 163 30 hänvisat
1128 820 52 29 till
1204 821 51 28 att
1281 821 48 28 ett
1354 818 327 30 tillfredsställande
1705 827 51 20 re-

249 871 108 29 sultat
384 872 118 38 syntes
524 871 122 29 kunna
668 871 102 29 ernås
793 871 108 29 redan
925 870 97 29 inom
1045 879 121 20 ramen
1189 870 55 29 för
1267 870 41 29 de
1332 869 181 30 allmänna
1535 868 221 30 bestämmel-

249 930 103 21 serna
377 931 56 20 om
459 921 316 39 avskrivningslån.
803 920 177 30 Utskottet
1006 921 65 29 har
1100 921 87 28 intet
1215 922 50 28 att
1293 920 116 29 erinra
1438 921 75 28 mot
1542 919 67 29 den
1638 918 118 30 stånd-

247 972 124 39 punkt,
397 981 74 21 som
496 971 386 40 departementschefen
908 971 149 29 sålunda
1083 970 135 39 intagit,
1242 979 81 20 men
1348 969 59 30 vill
1432 968 247 40 understryka,
1705 968 50 29 att

249 1023 132 29 sådana
401 1022 308 39 omständigheter,
732 1031 75 20 som
829 1022 171 29 motivera
1021 1023 48 27 ett
1091 1020 272 30 överskridande
1386 1029 42 20 av
1453 1020 68 29 den
1544 1019 101 39 eljest
1670 1018 86 29 fast-

248 1073 127 30 ställda
398 1082 148 20 normen
570 1073 54 29 för
648 1072 305 38 avskrivningslån
979 1072 53 28 till
1055 1071 359 38 betesanläggningar,
1439 1070 11 29 i
1473 1070 92 38 regel
1588 1069 85 29 böra
1695 1077 60 20 an-

248 1133 55 20 ses
325 1124 178 38 föreligga,
526 1123 45 30 då
592 1123 182 39 möjlighet
799 1123 116 29 finnes
939 1124 51 27 att
1013 1121 119 40 uppnå
1154 1120 262 39 betesfredning
1441 1120 12 29 i
1477 1119 171 30 samband
1675 1118 80 30 med

247 1174 365 39 betesanläggningen.
638 1173 13 29 I
677 1174 95 29 detta
799 1172 257 38 sammanhang
1083 1171 58 30 vill
1168 1170 170 29 utskottet
1365 1171 87 29 även
1478 1169 117 30 erinra
1621 1178 57 20 om
1704 1169 51 29 att

246 1225 61 29 det
334 1225 140 30 särskilt
501 1224 46 29 då
576 1222 305 39 avskrivningslån
908 1222 56 29 för
992 1221 309 38 betesanläggning
1331 1220 210 40 förknippas
1573 1220 79 28 med
1680 1218 75 30 vill-

248 1276 65 29 kor
339 1284 56 20 om
419 1274 262 38 betesfredning
707 1274 38 29 är
771 1283 42 20 av
840 1273 74 29 vikt
941 1274 50 28 att
1017 1271 344 38 avskrivningstiden
1387 1270 30 38 ej
1447 1270 67 28 blir
1540 1270 55 28 för
1624 1270 89 28 kort.
1741 1268 13 28 I

247 1326 119 39 dylika
387 1325 62 30 fall
473 1325 63 29 bör
558 1325 57 29 det
639 1324 148 30 sålunda
808 1323 107 38 enligt
937 1322 191 30 utskottets
1155 1321 228 40 uppfattning
1408 1320 75 30 ofta
1505 1320 123 29 kunna
1652 1327 102 21 anses

246 1377 184 31 motiverat
456 1377 51 30 alt
530 1375 181 29 utsträcka
735 1373 344 39 avskrivningstiden
1102 1373 121 28 utöver
1247 1372 67 29 den
1337 1370 153 30 normalt
1514 1369 151 31 avsedda
1688 1368 66 30 tid-

248 1427 146 39 rymden
415 1436 42 20 av
477 1426 40 30 10
541 1426 48 29 år.

292 1478 75 29 Vad
393 1477 53 29 till
479 1477 70 29 slut
577 1476 107 38 angår
712 1475 126 39 frågan
865 1483 57 21 om
951 1472 307 39 avskrivningslån
1287 1471 53 30 till
1370 1471 82 30 silos
1481 1471 66 29 och
1576 1469 178 30 ekonomi-

246 1528 199 40 byggnader
472 1528 66 28 har
563 1524 386 42 departementschefen
975 1524 30 39 ej
1035 1524 12 29 i
1076 1522 202 30 nuvarande
1308 1522 74 38 läge
1409 1522 115 29 ansett
1553 1520 50 40 sig
1632 1520 122 29 kunna

247 1579 176 39 tillstyrka
447 1579 50 28 ett
522 1587 43 20 av
588 1576 210 30 kommittén
825 1574 167 39 framlagt
1016 1574 132 38 förslag
1173 1582 57 20 om
1256 1574 52 28 att
1333 1572 40 29 de
1400 1571 181 30 allmänna
1605 1570 149 29 bestäm-

247 1629 174 30 melserna
450 1638 58 20 om
539 1626 305 39 avskrivningslån
874 1625 55 30 för
959 1624 213 38 förbättring
1204 1633 43 20 av
1277 1621 365 39 ekonomibyggnader
1677 1620 76 29 icke

247 1680 113 29 skulle
381 1679 179 39 tillämpas
582 1678 11 29 i
617 1677 99 39 fråga
741 1686 57 20 om
822 1676 81 30 silos
925 1675 65 30 och
1013 1672 478 42 gödselvårdsanläggningar
1516 1672 87 28 utan
1625 1672 50 28 att
1698 1679 56 20 av-

248 1730 261 39 skrivningslån
537 1729 55 29 för
620 1727 220 30 sistnämnda
866 1726 136 38 företag
1027 1725 12 29 i
1070 1724 116 30 stället
1212 1723 99 30 alltid
1340 1722 112 30 skulle
1480 1721 84 39 utgå
1595 1721 87 29 efter
1711 1728 43 21 en

248 1791 102 20 norm
377 1790 41 20 av
443 1780 41 30 25
511 1780 143 39 procent
680 1787 42 20 av
750 1778 67 29 den
842 1775 200 30 beräknade
1067 1774 207 30 kostnaden.
1311 1772 177 30 Utskottet
1513 1771 61 30 vill
1604 1770 149 30 rörande

246 1833 116 29 denna
385 1831 100 39 fråga
512 1828 198 34 framhålla,
738 1830 51 27 att
813 1827 57 29 det
894 1827 12 29 i
929 1825 230 30 betraktande
1187 1833 43 21 av
1253 1824 67 29 den
1345 1824 94 28 stora
1463 1821 186 40 betydelse,
1678 1828 75 21 som

247 1883 120 39 dylika
394 1882 136 37 företag
559 1880 46 29 ha
633 1879 54 29 för
717 1880 49 29 ett
796 1879 72 38 gott
897 1876 148 30 resultat
1078 1885 42 20 av
1147 1873 337 41 jordbruksdriften,
1517 1881 102 30 synes
1649 1870 104 30 önsk-

246 1934 87 33 värt,
354 1934 50 28 att
424 1932 181 29 desamma
626 1929 97 30 skola
745 1928 145 30 beredas
913 1936 43 20 en
977 1926 105 38 något
1103 1924 250 38 förmånligare
1376 1922 166 39 ställning
1566 1922 11 29 i
1599 1921 154 37 bidrags-

246 1982 198 31 hänseende
469 1983 46 28 än
540 1990 75 21 som
641 1979 105 39 följer
774 1988 42 20 av
840 1978 41 29 de
905 1977 39 30 år
970 1976 82 30 1947
1078 1975 133 30 fattade
1238 1974 170 29 besluten.
1433 1972 79 30 Med
1536 1972 138 37 hänsyn
1699 1970 53 29 till

246 2034 59 30 det
324 2033 179 30 allmänna
523 2029 230 32 ekonomiska
772 2029 90 38 läget
882 2028 118 29 finner
1024 2026 171 29 utskottet
1217 2024 51 39 sig
1288 2022 194 31 emellertid
1502 2022 31 39 ej
1560 2030 48 20 nu
1631 2022 121 28 kunna

247 2087 46 39 på
308 2087 115 29 denna
438 2085 115 40 punkt
571 2082 176 39 tillstyrka
764 2081 114 38 någon
895 2079 150 39 ändring
1063 2087 42 21 av
1122 2077 106 39 sagda
1244 2076 114 30 beslut
1375 2077 86 28 utan
1478 2074 154 30 biträder
1649 2071 103 32 alltså

245 2134 264 42 propositionen
534 2134 87 28 även
644 2132 12 29 i
678 2131 115 29 denna
815 2129 65 30 del.

290 2186 75 30 Vad
392 2181 387 44 departementschefen
808 2179 118 30 anfört
952 2177 150 31 rörande
1131 2173 529 41 torrläggningsverksamheten
1688 2171 64 29 har

245 2237 31 39 ej
305 2236 82 40 givit
408 2235 172 30 utskottet
601 2232 188 38 anledning
811 2230 53 29 till
885 2229 153 30 erinran.
