1880 2796
261 150 38 30 12
643 152 390 30 Jordbruksutskottets
1060 153 179 30 utlåtande
1264 164 43 19 nr
1331 155 51 30 27.

264 234 164 30 Däremot
446 234 62 30 bör
526 236 155 29 skötseln
699 245 43 21 av
759 237 174 38 skogarna
951 238 20 29 å
988 238 180 30 desamma
1185 239 10 29 i
1215 240 128 29 största
1360 239 144 39 möjliga
1521 239 249 39 utsträckning

266 285 59 28 ske
344 285 78 29 med
441 285 223 40 tillämpning
683 296 43 20 av
743 287 41 29 de
803 287 187 39 principer,
1009 288 94 30 vilka
1122 288 91 39 ligga
1233 289 52 29 till
1306 291 112 37 grund
1438 289 54 30 för
1511 290 57 30 det
1588 299 47 21 nu
1660 291 109 29 fram-

264 335 100 38 lagda
387 335 166 39 förslaget
578 336 52 29 till
655 337 278 39 skogsvårdslag.
957 338 111 30 Bland
1092 341 107 28 annat
1224 341 38 28 är
1285 340 67 34 det,
1377 340 115 30 såsom
1516 340 215 31 framhållits
1756 341 12 29 i

263 385 262 39 propositionen
547 387 178 38 angående
746 397 47 29 ny
814 388 277 39 skogsvårdslag,
1114 390 181 38 angeläget
1320 392 49 28 att
1391 391 255 39 avverkningar
1667 393 20 29 å
1707 392 62 38 dy-

264 435 71 30 lika
349 435 204 39 fastigheter
568 437 30 38 ej
617 437 99 30 skola
730 438 176 38 företagas
920 439 12 29 i
948 439 109 29 sådan
1072 440 224 39 omfattning,
1313 443 50 27 att
1379 441 139 39 skogen,
1536 442 45 29 då
1596 443 67 29 den
1679 443 90 29 åter-

263 485 140 30 förenas
417 487 80 29 med
512 487 159 30 enskilda
684 487 411 41 jordbruksfastigheter,
1112 490 30 39 ej
1161 490 71 30 kan
1251 491 76 38 giva
1342 491 57 30 det
1416 493 77 28 stöd
1508 493 34 29 åt
1559 492 111 35 dessa,
1693 501 74 20 som

263 536 39 29 är
322 538 109 28 avsett
451 537 80 29 med
550 537 327 40 kompletteringen.

308 586 76 29 Med
402 587 189 39 anledning
607 598 41 19 av
664 589 67 29 vad
748 589 11 29 i
776 589 108 39 några
901 591 188 37 yttranden
1107 591 137 30 anförts
1266 592 177 38 angående
1462 593 107 39 inköp
1587 602 42 21 av
1646 593 123 39 fastig-

261 636 97 29 heter
373 637 45 38 på
436 637 94 39 lager
547 638 54 29 för
617 639 469 40 rationaliseringsändamål
1103 641 59 30 vill
1179 641 60 40 jag
1256 643 116 29 erinra
1390 652 56 20 om
1465 646 49 27 att
1533 644 115 30 denna
1666 644 100 39 fråga

261 686 169 39 ingående
446 687 236 31 behandlades
700 699 43 20 av
760 690 173 30 särskilda
949 691 171 30 utskottet
1137 692 58 29 vid
1215 692 83 30 1947
1316 693 56 29 års
1389 694 143 39 riksdag
1552 695 11 28 i
1579 694 80 30 dess
1677 694 90 29 utlå-

262 737 104 29 tande
384 738 81 29 över
484 739 263 38 propositionen
767 740 178 39 angående
965 742 225 38 riktlinjerna
1209 743 56 29 för
1285 743 67 29 den
1373 743 167 31 framtida
1560 744 206 39 jordbruks-

261 787 180 38 politiken.
462 788 175 30 Utskottet
656 790 167 30 framhöll
842 791 11 29 i
873 792 154 29 nämnda
1047 792 181 30 utlåtande
1249 793 149 30 rörande
1420 794 115 30 denna
1555 794 100 39 fråga
1677 804 90 20 sam-

261 837 321 40 manfattningsvis,
605 842 50 27 att
674 840 57 30 det
749 841 75 29 icke
843 851 80 20 vore
943 842 159 39 lämpligt
1121 845 50 27 att
1190 844 178 38 uppställa
1386 846 48 28 ett
1454 844 165 39 generellt
1638 845 129 31 förbud

261 889 72 28 mot
356 890 50 27 att
428 890 161 29 använda
610 890 264 40 förköpsrätten
894 892 57 29 för
973 893 109 30 andra
1105 894 44 29 än
1172 894 155 30 aktuella
1350 895 416 40 rationaliseringsåtgär-

261 938 70 29 der.
348 938 64 29 Det
431 938 105 31 borde
538 934 19 55 i
581 940 114 30 stället
712 941 219 35 förutsättas,
949 945 50 27 att
1016 943 447 40 rationaliseringsorganet
1480 946 11 29 i
1507 948 49 28 ett
1573 946 112 39 dylikt
1703 946 63 30 fall

262 988 111 29 skulle
393 991 73 27 mot
485 991 173 29 varandra
677 992 88 38 väga
784 992 67 29 den
870 992 113 30 fördel
1003 994 56 29 det
1079 994 180 35 innebure,
1284 997 49 28 att
1354 996 175 30 förvärvet
1551 997 82 38 gåve
1654 997 112 29 ökade

261 1038 221 39 möjligheter
503 1042 49 28 att
572 1041 119 39 längre
712 1042 93 29 fram
826 1043 205 38 genomföra
1053 1045 66 28 den
1139 1046 91 37 yttre
1252 1046 337 39 rationaliseringen,
1612 1050 90 27 samt
1724 1048 42 29 de

260 1089 198 34 nackdelar,
478 1099 73 21 som
568 1092 196 30 eventuella
780 1093 451 40 förvaltningssvårigheter
1249 1096 65 29 och
1333 1096 212 39 svårigheter
1565 1098 11 28 i
1595 1097 170 30 samband

260 1139 79 29 med
361 1139 67 30 den
449 1140 161 31 blivande
633 1142 259 40 försäljningen
919 1153 42 21 av
983 1145 147 29 marken
1152 1145 119 30 kunde
1295 1155 101 21 anses
1420 1147 178 30 innebära.
1625 1148 141 30 Samma

261 1190 218 38 synpunkter
500 1191 142 30 anlades
662 1193 45 38 på
728 1193 124 38 frågan
872 1203 57 21 om
950 1194 119 39 dylika
1089 1195 142 30 förvärv
1252 1195 147 31 medelst
1422 1199 132 29 statens
1575 1198 118 31 aktiva
1714 1199 52 29 in-

260 1239 225 39 köpspolitik.
501 1241 74 29 Den
591 1242 229 39 ståndpunkt,
839 1253 74 20 som
929 1245 171 29 utskottet
1117 1245 149 31 sålunda
1280 1246 97 39 intog
1391 1247 65 30 och
1473 1257 73 20 som
1563 1249 203 38 godkändes

259 1299 42 19 av
320 1290 197 39 riksdagen,
538 1301 101 29 synes
657 1294 125 38 utgöra
801 1294 189 40 tillräcklig
1012 1295 209 40 vägledning
1241 1296 55 30 för
1316 1297 228 31 nämnderna.
1565 1299 200 39 Anledning

260 1340 97 29 torde
376 1340 121 30 därför
515 1341 29 39 ej
569 1342 118 29 finnas
708 1345 50 28 att
779 1352 47 20 nu
847 1344 200 39 ytterligare
1066 1345 80 39 ingå
1164 1346 46 39 på
1226 1347 116 29 denna
1360 1347 129 39 fråga.»

304 1390 226 31 Beträffande
547 1392 40 29 de
604 1392 142 40 förslag,
765 1403 72 20 som
856 1394 10 28 i
883 1395 263 39 propositionen
1163 1396 185 39 framlagts
1365 1398 148 30 rörande
1532 1399 235 39 utformning-

257 1449 42 20 en
326 1451 41 19 av
416 1442 622 39 bidragsverksamheten,
1089 1448 97 28 torde
1211 1448 11 29 i
1248 1448 186 30 huvudsak
1459 1450 36 29 få
1518 1450 166 31 hänvisas
1708 1451 52 29 till

259 1491 261 39 propositionen
547 1502 24 20 s.
595 1492 141 31 38—42.
765 1494 393 40 Sammanfattningsvis
1184 1497 59 29 må
1268 1497 221 31 beträffande
1515 1500 41 28 de
1580 1501 186 38 viktigaste

259 1550 42 20 av
321 1542 40 28 de
383 1542 63 29 där
467 1542 217 31 behandlade
705 1544 166 39 frågorna
892 1546 160 34 nämnas,
1075 1548 49 28 att
1145 1547 386 39 departementschefen
1552 1550 52 29 till
1626 1560 42 20 en
1689 1551 77 29 bör-

254 1590 63 39 jan
343 1591 127 35 anfört,
498 1594 50 28 att
578 1593 56 29 det
661 1593 63 29 bör
752 1594 36 29 få
818 1594 191 30 ankomma
1035 1596 44 38 på
1109 1596 126 39 Kungl.
1265 1597 105 38 Maj:t
1397 1597 92 35 eller,
1519 1599 88 29 efter
1634 1599 127 39 Kungl.

258 1642 123 38 Maj:ts
402 1642 288 40 bemyndigande,
712 1645 360 40 lantbruksstyrelsen
1090 1649 49 27 att
1159 1648 160 30 meddela
1337 1648 226 40 erforderliga
1583 1650 182 30 föreskrif-

259 1693 51 27 ter
331 1693 177 38 angående
528 1694 245 39 fördelningen
795 1705 42 20 av
857 1696 41 29 de
919 1697 123 34 medel,
1066 1706 73 21 som
1163 1698 53 29 stå
1237 1698 52 29 till
1312 1698 206 40 förfogande
1541 1700 55 29 för
1616 1700 75 30 inre
1711 1711 55 20 ra-

258 1742 432 40 tionaliseringsåtgärder.
724 1745 126 30 Vidare
882 1746 158 35 föreslås,
1073 1749 49 28 att
1155 1748 408 31 lantbruksnämnderna
1597 1751 97 30 skola
1727 1752 38 29 få

257 1792 207 39 befogenhet
489 1796 49 27 att
563 1794 9 29 i
598 1795 174 30 särskilda
796 1796 61 29 fall
883 1796 175 31 fastställa
1083 1807 118 20 annan
1228 1798 109 40 löptid
1365 1799 65 30 och
1455 1801 309 39 amorteringstakt

257 1842 56 30 för
331 1843 350 40 avskrivningslånen
703 1847 45 28 ån
769 1846 66 29 den
855 1847 153 30 normalt
1029 1848 200 30 förutsatta.
1251 1849 13 29 I
1284 1849 99 39 fråga
1402 1859 57 20 om
1480 1851 284 38 organisationen

258 1901 42 21 av
329 1893 598 40 betesförbättringsverksamheten
958 1897 171 35 förordas,
1165 1901 49 27 att
1249 1900 66 29 den
1351 1900 138 39 statliga
1520 1901 244 30 betesförbätt-

257 1942 364 39 ringsverksamheten
652 1945 96 30 inom
782 1946 264 31 Västerbottens
1076 1949 64 29 och
1172 1949 229 30 Norrbottens
1433 1950 76 30 läns
1539 1951 225 39 lappmarker

258 1993 88 29 skall
368 1994 90 39 ligga
477 1994 64 30 hos
562 1996 435 39 skogsvårdsstyrelserna,
1018 1999 126 29 medan
1166 2000 106 38 sagda
1294 2001 222 29 verksamhet
1536 2002 11 28 i
1568 2002 118 39 övriga
1708 2003 56 28 de-

256 2042 53 30 lar
335 2053 42 20 av
402 2044 118 31 landet
546 2045 62 30 bör
635 2047 305 30 omhänderhavas
966 2058 42 20 av
1034 2049 416 31 lantbruksnämnderna.
1480 2051 96 30 Dock
1604 2052 62 29 bör
1696 2053 67 29 den

255 2093 563 41 betesförbättringsverksamhet,
842 2107 74 20 som
941 2099 424 40 skogsvårdsstyrelserna
1387 2101 30 39 ej
1444 2101 119 39 längre
1588 2102 98 30 skola
1708 2103 56 29 be-

257 2144 106 34 driva,
390 2145 178 31 överföras
591 2146 52 30 till
668 2148 220 30 nämnderna
912 2148 89 31 först
1026 2150 65 28 den
1119 2150 13 28 1
1157 2150 67 38 juli
1251 2150 93 30 1949.
1369 2151 314 40 Avskrivningslån
1707 2153 56 29 för

257 2194 210 40 anläggning
493 2205 41 20 av
562 2197 171 39 ägovägar
760 2198 148 30 föreslås
937 2199 98 30 skola
1062 2200 82 38 utgå
1169 2200 88 29 efter
1286 2210 42 20 en
1355 2210 100 21 norm
1483 2211 41 21 av
1551 2202 41 30 40
1618 2205 144 37 procent

256 2253 42 21 av
322 2245 237 31 kostnaderna
583 2247 55 29 för
661 2247 256 40 anläggningen
940 2250 65 28 och
1028 2250 121 30 kunna
1172 2251 177 30 utlämnas
1373 2252 55 29 för
1453 2253 130 29 sådana
1605 2253 158 39 vägföre-

255 2296 67 38 tag,
343 2295 93 30 vilka
454 2296 281 40 huvudsakligen
755 2298 97 30 skola
870 2299 101 38 tjäna
989 2300 41 29 de
1050 2300 74 29 inre
1141 2301 395 31 kommunikationerna
1555 2303 45 39 på
1618 2312 42 20 en
1679 2304 83 29 eller

255 2345 88 30 flera
368 2345 214 40 fastigheter.
605 2347 156 30 Nämnas
785 2349 58 29 må
868 2349 52 29 till
948 2349 79 35 slut,
1055 2352 49 28 att
1128 2351 386 39 departementschefen
1537 2353 76 29 icke
1637 2356 125 37 uppta-

255 2395 47 38 git
323 2397 47 28 ett
390 2405 42 20 av
451 2397 209 30 kommittén
680 2398 167 39 framlagt
867 2399 133 40 förslag
1021 2409 56 20 om
1100 2400 228 31 utlämnande
1351 2411 42 21 av
1414 2403 173 29 särskilda
1608 2404 154 38 tilläggs-

254 2445 122 40 bidrag
400 2446 56 29 för
483 2447 310 40 betesförbättring
818 2449 111 29 under
955 2450 126 29 villkor
1108 2460 56 20 om
1190 2451 261 40 betesfredning
1479 2456 89 27 samt
1595 2463 56 19 om
1678 2454 84 29 änd-
