1900 2834
484 176 380 31 Jordbruksutskottets
890 176 177 30 utlåtande
1092 176 48 30 Nr
1165 177 29 30 2.
1577 171 19 29 9

89 263 77 28 1941
191 262 7 29 i
221 262 112 30 stället
354 262 8 29 i
383 261 204 38 tillämpliga
607 261 95 30 delar
720 261 63 35 äga
805 261 168 30 avseende
991 260 20 30 å
1033 261 146 30 svenska
1200 260 390 37 spannmålsaktiebola-

85 315 63 32 get.
187 312 11 29 I
225 311 170 30 samband
423 311 143 30 härmed
595 311 62 30 har
686 311 120 36 Kungl.
835 311 99 36 Maj:t
961 311 154 35 godkänt
1140 314 45 27 ett
1213 312 91 28 avtal
1329 311 126 30 mellan
1481 314 110 27 staten

87 363 64 30 och
173 361 433 38 spannmålsaktiebolaget
629 365 46 27 att
696 362 88 35 gälla
809 361 74 30 från
907 362 64 29 och
994 361 77 30 med
1094 362 63 30 den
1183 363 13 28 1
1223 361 192 37 september
1438 362 78 29 1941
1544 361 48 30 till

86 413 64 30 och
177 413 75 30 med
281 412 65 30 den
372 413 37 30 31
437 413 135 35 augusti
602 413 81 29 1942
711 422 41 21 av
781 412 274 36 huvudsakligen
1083 411 154 36 följande
1264 411 177 31 innebörd.
1479 412 113 35 Enligt

87 464 125 30 avtalet
238 464 87 30 skall
349 463 132 36 bolaget
509 463 8 29 i
543 462 264 36 fortsättningen
833 463 123 29 liksom
982 463 120 29 hittills.
1129 472 41 21 av
1195 462 142 36 fullgod,
1363 462 229 36 kvarnduglig

87 518 89 26 samt
203 514 54 30 vid
283 515 133 29 normal
443 514 127 30 skötsel
597 514 267 36 lagringsduglig
889 512 284 38 brödspannmål,
1199 522 75 21 som
1300 513 134 35 bolaget
1461 512 56 30 vid
1542 515 50 28 ut-

83 563 133 38 gången
247 575 42 21 av
316 564 133 36 augusti
470 565 77 29 1941
567 564 143 30 innehar
724 564 81 30 eller
819 564 151 30 därefter
985 564 153 36 inköper,
1154 563 53 30 för
1222 566 127 28 statens
1363 563 148 36 räkning
1524 563 68 30 tills

84 615 119 31 vidare
231 616 94 34 lagra
354 616 138 32 100,000
521 618 68 32 ton,
616 615 112 30 vilken
759 615 166 30 kvantitet
952 615 88 29 skall
1066 615 121 35 utgöra
1213 618 46 27 ett
1287 614 305 37 beredskapslager

85 669 48 27 att
154 666 84 30 efter
262 667 120 36 Kungl.
403 665 118 36 Maj:ts
542 666 261 30 bestämmande
824 666 178 29 användas
1022 665 110 30 under
1152 665 289 35 utomordentliga
1464 663 128 31 förhål-

87 716 135 30 landen.
260 717 137 34 Bolaget
418 715 53 30 får
493 716 99 35 dock,
615 716 107 29 under
743 716 221 35 iakttagande
986 725 42 20 av
1051 716 41 29 de
1116 714 225 37 föreskrifter,
1362 724 74 20 som
1458 715 134 29 livsme-

88 767 345 30 delskommissionen
452 766 55 31 må
526 766 97 31 finna
645 766 116 36 nödigt
781 766 166 35 meddela,
966 765 19 31 å
1003 766 66 30 den
1088 765 181 31 inhemska
1291 765 215 30 marknaden
1525 765 66 29 för-

87 808 86 45 sälja
198 818 7 28 i
228 817 318 37 beredskapslagret
571 816 166 37 ingående
760 816 194 38 spannmål,
978 816 114 30 därest
1114 816 135 36 bolaget
1272 816 78 29 med
1374 816 92 31 detta
1488 815 105 30 inför-

88 868 86 31 livar
195 878 41 20 en
256 871 71 27 mot
348 868 64 30 den
433 867 152 31 försålda
609 868 210 30 kvantiteten
842 867 170 30 svarande
1033 867 209 36 myckenhet
1262 866 159 30 brödsäd.
1455 866 139 36 Bolaget

88 919 85 30 skall
200 918 86 30 efter
309 918 145 30 direktiv
481 917 77 32 från
584 918 469 30 livsmedelskommissionen
1080 917 188 31 handhava
1293 917 299 35 verkställigheten

88 979 41 20 av
149 969 176 30 beslutade
345 969 207 37 regleringar
571 968 219 31 beträffande
811 967 284 38 brödspannmål,
1116 967 54 30 frö
1188 968 65 29 och
1273 966 211 31 fodermedel
1505 970 89 27 samt

89 1020 185 30 härutöver
297 1019 146 36 fullgöra
464 1020 64 29 den
551 1020 218 29 verksamhet
792 1018 218 31 beträffande
1033 1016 283 39 brödspannmål,
1338 1017 63 36 frö,
1426 1017 166 30 foderme-

89 1070 53 30 del
162 1071 63 29 och
246 1070 187 37 produkter
452 1070 107 30 därav
579 1071 163 28 ävensom
764 1069 41 30 de
824 1069 169 30 särskilda
1013 1068 174 38 uppgifter
1206 1069 9 29 i
1236 1068 119 36 övrigt,
1375 1077 74 20 som
1472 1068 121 35 Kungl.

89 1119 98 36 Maj:t
214 1121 81 29 eller
323 1120 270 30 kommissionen
619 1120 195 36 uppdrager
840 1118 34 31 åt
901 1120 145 35 bolaget.
1085 1119 115 30 Stalen
1226 1119 87 29 skall
1340 1118 72 29 dels
1440 1127 74 21 som
1543 1119 50 29 sä-

88 1171 118 29 kerhet
229 1171 54 29 för
303 1171 151 35 bolagets
477 1170 189 37 upplåning
686 1180 41 20 av
750 1170 224 36 erforderliga
997 1170 111 29 medel
1130 1169 9 30 i
1162 1168 80 31 mån
1266 1179 41 20 av
1330 1169 110 29 behov
1462 1169 65 30 och
1551 1167 43 40 på

88 1221 133 34 villkor,
244 1230 74 21 som
342 1222 120 35 Kungl.
486 1219 99 37 Maj:t
610 1221 217 34 bestämmer,
851 1219 267 31 tillhandahålla
1141 1219 135 36 bolaget
1298 1220 145 29 svenska
1466 1222 128 27 statens

90 1272 75 37 fyra
186 1275 157 33 procents
361 1272 225 35 obligationer
604 1272 47 30 till
667 1275 45 27 ett
730 1271 178 30 nominellt
926 1271 125 38 belopp
1070 1280 41 20 av
1132 1270 215 35 150,000,000
1366 1270 139 35 kronor,
1523 1269 72 30 dels

90 1323 63 29 ock
175 1323 149 30 bestrida
345 1323 232 29 kostnaderna
601 1322 52 30 för
674 1322 152 35 bolagets
845 1321 220 30 verksamhet
1086 1321 109 30 under
1215 1320 204 30 avtalstiden
1442 1320 79 30 med
1540 1320 54 29 be-

88 1373 91 36 lopp,
200 1382 74 21 som
295 1373 120 35 Kungl.
435 1371 100 37 Maj:t
553 1374 218 33 bestämmer,
791 1373 108 29 under
918 1372 56 29 det
994 1375 48 27 att
1063 1371 134 35 bolaget
1215 1370 88 31 skall
1321 1371 10 29 i
1349 1370 148 36 enlighet
1516 1370 77 30 med

88 1423 42 30 de
157 1423 224 36 föreskrifter,
407 1424 121 34 Kungl.
555 1422 99 37 Maj:t
680 1423 185 34 meddelar,
890 1422 48 30 till
962 1422 204 30 statsverket
1190 1421 187 30 inleverera
1403 1421 110 29 under
1538 1430 55 21 av-

89 1474 159 30 talstiden
274 1473 149 31 influtna
448 1473 122 35 medel,
596 1473 8 29 i
630 1473 65 29 den
720 1472 80 30 mån
827 1472 98 30 dessa
952 1473 111 29 medel
1088 1472 74 30 icke
1188 1470 108 37 åtgått
1319 1471 82 30 eller
1424 1471 171 29 beräknas

89 1523 76 36 åtgå
188 1524 53 29 för
258 1523 144 37 återköp
423 1533 41 21 av
486 1522 184 38 spannmål
690 1524 81 29 eller
792 1523 52 29 för
865 1522 169 30 täckande
1054 1532 41 20 av
1114 1521 234 30 kostnaderna
1369 1521 53 30 för
1443 1521 152 35 bolagets

91 1575 220 30 verksamhet
336 1574 9 29 i
369 1574 109 36 övrigt
501 1574 80 29 eller
605 1573 53 30 för
683 1573 263 37 uppbringande
972 1582 41 20 av
1036 1573 153 35 bolagets
1216 1572 91 35 lager
1331 1571 48 30 till
1404 1581 42 20 av
1473 1571 122 35 Kungl.

91 1624 98 36 Maj:t
213 1625 211 29 föreskriven
447 1624 219 35 omfattning.

134 1674 485 31 Livsmedelskommissionen
643 1675 64 29 har
732 1674 78 29 med
835 1673 164 29 skrivelse
1023 1673 67 29 den
1115 1673 40 29 28
1180 1672 187 30 november
1395 1672 80 29 1941
1503 1672 94 29 över-

92 1726 127 30 lämnat
245 1735 41 20 en
312 1734 41 21 av
380 1725 146 30 svenska
551 1724 434 37 spannmåälsaktiebolaget
1008 1724 51 30 till
1087 1722 271 31 kommissionen
1382 1722 103 30 ställd
1511 1722 84 30 skri-

91 1776 96 30 velse'
200 1785 41 20 av
262 1776 66 29 den
350 1776 37 29 19
409 1775 186 30 november
619 1776 79 29 1941
722 1775 106 36 jämte
848 1784 40 20 en
912 1774 115 30 därtill
1049 1774 104 35 fogad
1175 1772 271 31 kostnadstablå.

135 1825 439 37 Spannmålsaktiebolaget
598 1826 62 29 har
683 1826 8 28 i
715 1826 52 29 sin
792 1825 162 30 skrivelse
977 1825 66 29 och
1065 1823 262 31 kostnadstablå
1348 1824 169 29 beräknat
1538 1823 50 29 bo:

93 1876 103 35 lagets
221 1876 187 30 kostnader
433 1875 54 30 för
514 1876 91 29 tiden
630 1876 64 29 den
724 1877 13 28 1
765 1875 191 37 september
984 1874 197 30 1941—den
1208 1875 38 28 31
1275 1874 135 35 augusti
1437 1874 82 28 1942
1547 1872 47 31 till

94 1927 215 32 102.161,750
330 1927 137 28 kronor.
501 1927 48 28 Av
571 1926 92 29 detta
685 1925 124 36 belopp
829 1926 122 37 belöpa
975 1925 194 34 14,503,750
1192 1925 130 28 kronor
1341 1923 20 30 å
1380 1921 212 38 spannmåls-

93 1976 187 35 sektionen,
300 1976 195 35 75,125,000
515 1977 128 28 kronor
660 1975 19 30 å
699 1974 422 35 fodermedelssektionen,
1140 1974 175 35 5,620,000
1334 1974 130 28 kronor
1483 1972 20 31 å
1524 1974 72 29 sek-

92 2026 114 30 tionen
230 2026 54 30 för
307 2025 181 36 stråfoder,
512 2026 121 30 utsäde
654 2025 64 31 och
742 2025 132 30 diverse
898 2034 111 26 varor,
1035 2025 172 34 1,913.000
1229 2025 129 28 kronor
1382 2022 19 31 å
1423 2023 170 37 personal-

91 2076 63 30 och
176 2077 290 34 lokalkostnader,
487 2077 175 34 2,500,000
680 2077 128 29 kronor
824 2075 20 31 å
862 2075 286 30 räntekostnader
1168 2078 90 26 samt
1277 2074 173 35 2,500,000
1468 2074 128 29 kronor

90 2128 19 30 å
131 2128 305 35 leveranspremier
458 2127 54 30 för
534 2127 171 30 fodersäd.

135 2180 12 28 I
169 2179 51 29 sin
242 2179 164 29 skrivelse
425 2179 64 28 har
511 2177 433 36 spannmålsaktiecbolaget
967 2176 172 33 anmärkt,
1162 2178 49 27 att
1234 2175 134 35 bolaget
1391 2175 54 29 vid
1471 2175 52 28 sin
1545 2175 53 28 be-

92 2229 146 36 räkning
262 2238 42 20 av
329 2229 41 29 de
394 2228 110 30 medel
529 2238 75 19 som
629 2228 150 29 behövas
804 2228 53 28 för
882 2226 165 36 täckning
1071 2235 42 20 av
1137 2226 152 35 bolagets
1315 2225 186 30 kostnader
1525 2224 75 29 icke

91 2279 82 35 tagit
198 2280 136 34 hänsyn
359 2279 49 29 till
433 2281 48 26 att
506 2278 135 35 bolaget
666 2285 122 28 genom
813 2276 206 36 försäljning
1045 2286 41 19 av
1112 2276 150 29 brödsäd
1289 2275 47 29 till
1362 2276 104 34 högre
1492 2274 108 36 priser

90 2330 43 28 än
162 2338 74 20 som
264 2329 187 35 tillämpats
479 2328 54 29 för
561 2327 240 35 inneliggande
829 2327 91 35 lager
949 2327 7 28 i
985 2326 174 29 bokslutet
1188 2326 65 28 den
1282 2325 37 28 31
1350 2325 135 35 augusti
1517 2324 76 29 1941

91 2379 139 29 komme
251 2381 49 27 att
324 2377 130 31 erhålla
476 2387 42 20 en
542 2377 160 30 bokvinst
726 2387 42 20 av
791 2377 95 29 cirka
913 2376 194 34 11,000.000
1132 2376 138 28 kronor.

135 2428 289 35 Föredraganden
450 2428 65 29 har
544 2444 38 3 —
606 2427 86 30 efter
718 2426 214 36 redogörelse
956 2426 57 29 för
1038 2426 65 29 vad
1130 2424 468 31 livsmedelskommissionen

91 2478 116 30 anfört
233 2478 9 29 i
269 2477 52 30 sin
349 2478 231 29 förenämnda
607 2477 163 30 skrivelse
812 2494 27 3 —
864 2479 105 33 yttrat
996 2475 170 36 följande:

133 2541 110 32 Bihang
254 2542 42 25 till
308 2542 167 31 riksdagens
487 2541 145 32 protokoll
647 2541 72 25 1942.
744 2542 30 23 10
786 2541 78 25 saml.
894 2542 37 22 Nr
948 2541 23 23 2.

1555 2538 15 22 u
