1864 2772
258 183 20 30 4
609 183 466 37 Konstitutionsutskottets
1094 186 187 35 utlåtande
1301 200 41 22 nr
1361 191 32 32 9.

255 260 308 45 rådsgranskning,
582 263 276 35 underkastades
877 277 44 22 en
939 278 43 21 ur
999 266 198 43 lagteknisk
1216 269 184 42 synpunkt
1419 269 322 38 tillfredsställande

253 312 228 45 behandling.
506 316 448 37 Konstitutionsutskottet
979 320 144 34 anförde
1148 320 124 35 härom
1296 322 11 33 i
1332 323 63 33 sitt
1419 325 252 34 ovannämnda
1696 338 45 21 av

257 367 185 44 riksdagen
458 370 189 42 godkända
663 371 185 34 utlåtande
868 372 56 43 (nr
941 373 50 40 8):

300 421 81 34 Den
398 423 386 45 granskningsuppgift,
804 437 74 23 som
897 426 215 35 tillkommer
1130 428 42 34 de
1190 428 245 36 konsultativa
1454 432 210 40 statsråden,
1677 432 65 34 har

255 467 111 33 under
386 467 353 37 förhandenvarande
762 471 301 43 omständigheter
1084 472 77 34 icke
1182 473 140 35 kunnat
1344 475 208 34 medhinnas
1576 477 10 33 i
1609 478 133 33 avsedd

254 511 227 44 omfattning.
505 513 74 34 Det
601 514 70 33 kan
695 515 119 33 därför
836 515 115 35 finnas
976 517 188 43 anledning
1187 522 57 30 att
1267 523 83 38 taga
1373 521 112 33 under
1508 522 235 42 omprövning

255 569 59 21 om
340 557 30 42 ej
398 558 173 34 särskilda
595 558 54 35 för
674 560 186 43 uppgiften
884 561 248 35 kvalificerade
1159 562 219 43 tjänstemän
1405 565 109 34 borde
1541 567 121 33 ställas
1688 567 53 34 till

256 601 43 34 de
317 601 244 36 konsultativa
579 605 218 34 statsrådens
815 605 206 44 förfogande
1041 607 59 34 vid
1118 607 101 34 sidan
1239 621 46 21 av
1304 609 43 34 de
1366 609 114 34 skilda
1499 611 241 43 departemen-

255 650 78 30 tens
353 648 162 42 personal
535 648 54 34 för
608 653 56 29 att
684 649 141 35 biträda
845 651 42 33 de
908 651 244 35 konsultativa
1173 654 201 33 statsråden
1394 655 61 34 vid
1477 656 99 34 deras
1597 656 144 42 gransk-

255 691 84 43 ning
365 704 45 21 av
436 692 404 45 författningsförslagen
866 695 55 34 för
948 696 319 36 åstadkommande
1291 710 45 22 av
1363 699 227 43 enhetlighet,
1616 701 124 34 konse-

253 736 113 34 kvens
386 737 66 34 och
475 738 149 34 klarhet.
646 739 75 34 Det
744 752 103 29 synes
869 741 191 34 emellertid
1083 742 87 34 böra
1192 743 190 34 ankomma
1405 745 47 42 på
1474 745 132 43 Kungl.
1629 746 113 41 Maj:t

255 786 55 29 att
332 781 218 35 härutinnan
572 787 82 39 taga
677 784 62 34 det
762 784 165 41 initiativ,
951 798 76 22 som
1050 786 70 34 kan
1144 799 86 22 vara
1253 788 159 43 påkallat
1434 789 55 34 för
1512 791 229 42 uppnåendet

254 837 46 22 av
322 826 61 34 det
404 827 156 42 angivna
582 828 120 43 syftet.
725 829 128 43 Någon
874 831 340 44 grundlagsändring
1236 832 172 35 erfordras
1432 834 112 34 under
1567 835 81 42 inga
1672 835 67 34 för-

253 871 189 35 hållanden
460 872 130 35 härför.

298 935 79 35 Den
399 936 97 35 förut
517 938 156 35 nämnda
693 939 260 35 reservationen
975 941 54 35 till
1050 941 197 36 utskottets
1268 944 185 35 utlåtande
1476 947 109 42 avsåg
1605 946 134 43 jämväl

252 1001 49 23 nu
321 990 232 36 förevarande
569 991 108 44 fråga.

297 1079 19 34 I
336 1080 43 34 de
397 1092 48 22 nu
466 1081 55 34 till
541 1081 213 44 behandling
770 1082 238 45 föreliggande
1025 1085 223 36 motionerna
1267 1087 64 34 har
1350 1088 53 35 till
1424 1089 81 34 stöd
1526 1089 53 35 för
1599 1090 42 34 de
1662 1091 75 34 däri

248 1132 223 36 framställda
488 1135 206 42 yrkandena
713 1136 135 35 anförts
858 1128 199 61 ihuvudsak
1077 1139 167 43 följande:
1263 1140 303 45 Lagstiftningens
1576 1145 160 34 växande

249 1186 144 44 omfång
410 1190 83 34 med
512 1189 77 33 dess
607 1189 114 35 ökade
739 1191 180 42 betydelse
937 1191 55 34 för
1009 1193 268 35 människornas
1296 1195 49 33 liv
1363 1195 11 34 i
1391 1195 159 44 förening
1567 1198 81 33 med
1667 1198 68 34 den

248 1240 385 43 maktkoncentration,
659 1255 76 22 som
763 1247 60 40 ägt
849 1257 78 22 rum
953 1246 11 33 i
990 1246 368 42 parlamentarismens
1385 1249 137 41 tecken,
1549 1250 65 34 har
1638 1252 97 33 med-

248 1293 83 41 fört,
351 1299 55 29 att
424 1295 55 34 tid
499 1295 66 35 och
583 1296 135 34 krafter
736 1297 77 35 icke
831 1298 106 34 räcka
956 1299 54 34 till
1030 1299 54 34 för
1102 1300 67 34 den
1190 1301 245 44 omsorgsfulla
1454 1304 184 43 prövning,
1659 1317 75 22 som

246 1347 417 44 lagstiftningsärendena
680 1350 123 35 kräva.
823 1352 197 44 Härvidlag
1039 1353 63 34 bör
1120 1355 343 42 uppmärksammas,
1484 1361 56 29 att
1560 1358 174 42 lagrådets

247 1401 228 44 sakkunskap
500 1403 67 34 och
591 1404 174 40 omdöme,
791 1405 95 34 vilka
910 1409 60 31 äro
997 1418 45 22 av
1067 1411 73 30 stor
1164 1408 183 43 betydelse
1371 1409 55 34 för
1450 1410 283 44 lagstiftningens

248 1455 181 40 standard,
452 1455 181 44 utnyttjas
654 1458 129 34 endast
805 1458 220 36 beträffande
1048 1460 70 34 viss
1141 1461 57 34 del
1221 1474 46 21 av
1289 1462 267 44 lagstiftningen
1582 1464 152 43 (huvud-

246 1508 155 43 sakligen
426 1509 118 34 »civil-
566 1510 64 34 och
651 1510 273 45 kriminallag»).
958 1513 98 35 Enär
1077 1515 248 43 utvecklingen
1348 1516 166 41 medfört,
1537 1522 56 29 att
1615 1530 118 22 annan

247 1561 233 44 lagstiftning,
502 1575 76 22 som
598 1563 11 34 i
629 1564 95 34 olika
742 1565 223 35 hänseenden
987 1567 148 44 reglerar
1157 1568 67 34 den
1247 1569 172 35 enskildes
1441 1570 219 35 förhållande
1681 1572 54 34 till

246 1615 62 34 det
328 1616 189 41 allmänna,
537 1618 47 42 på
602 1622 54 30 ett
675 1618 76 34 helt
771 1624 109 29 annat
900 1623 74 31 sätt
995 1624 46 30 än
1061 1620 71 35 förr
1150 1621 106 35 blivit
1276 1624 201 42 avgörande
1498 1624 54 34 för
1571 1625 160 34 medbor-

245 1681 126 30 garnas
389 1670 169 43 ställning
574 1671 11 34 i
603 1671 197 41 samhället,
817 1672 167 36 framstår
1002 1675 61 34 det
1081 1675 115 34 såsom
1215 1677 184 42 angeläget
1417 1682 56 29 att
1490 1678 48 42 på
1555 1682 54 30 ett
1626 1679 106 34 ratio-

244 1723 128 34 nellare
396 1726 75 31 sätt
494 1724 130 43 reglera
645 1725 176 43 lagrådets
844 1726 215 36 funktioner.
1082 1728 115 35 Detta
1219 1729 65 34 har
1307 1733 160 31 närmast
1490 1732 172 34 avseende
1685 1733 47 42 på

244 1776 69 34 den
333 1777 233 44 lagstiftning,
585 1790 74 23 som
678 1779 160 35 kommer
857 1780 53 35 till
929 1782 113 33 under
1061 1781 203 44 riksdagens
1284 1784 227 35 medverkan.
1532 1785 87 34 Men
1641 1789 90 30 även

243 1829 70 34 den
337 1830 233 44 lagstiftning,
594 1844 75 22 som
693 1836 130 31 utövas
847 1846 46 22 av
917 1835 201 43 regeringen
1143 1848 131 29 ensam,
1300 1837 64 34 bör
1388 1838 342 43 uppmärksammas.

244 1883 305 43 Departementen
571 1885 46 35 ha
639 1886 47 43 på
709 1898 120 23 senare
852 1887 52 35 tid
928 1888 73 34 fått
1024 1892 166 31 avsevärt
1212 1890 118 34 bättre
1354 1890 148 44 tillgång
1524 1891 53 35 till
1598 1892 135 35 krafter

244 1937 143 35 skolade
406 1937 55 35 för
480 1938 372 45 lagstiftningsarbete.
871 1941 89 34 Men
979 1942 48 43 på
1046 1954 135 23 samma
1200 1944 93 43 gång
1311 1944 100 34 torde
1432 1945 69 34 den
1520 1946 138 41 garanti
1677 1946 54 34 för

242 1990 223 35 konsekvens
488 1992 67 34 och
578 1994 256 43 sammanhang
856 1995 10 33 i
889 1995 278 44 lagstiftningen,
1191 2008 76 23 som
1291 1998 43 34 de
1356 1997 246 36 konsultativa
1625 2004 105 29 stats-

242 2044 108 34 råden
373 2044 149 44 utgjort,
543 2058 125 30 genom
691 2048 367 43 omständigheternas
1080 2049 102 34 makt
1205 2050 11 34 i
1241 2055 91 30 stort
1355 2056 71 29 sett
1449 2051 48 34 ha
1519 2051 209 44 försvagats.

241 2097 57 34 En
318 2099 173 34 avsevärd
510 2099 240 44 förstärkning
768 2113 46 22 av
833 2102 43 34 de
895 2102 263 41 arbetskrafter,
1178 2115 77 23 som
1275 2105 56 33 stå
1350 2104 53 34 till
1423 2105 43 36 de
1485 2105 245 35 konsultativa

241 2152 218 34 statsrådens
484 2151 217 45 förfogande,
725 2157 40 31 är
787 2155 189 35 önskvärd.
999 2156 215 43 Därigenom
1239 2157 110 35 skulle
1372 2158 48 43 på
1443 2163 54 29 ett
1520 2159 74 34 helt
1618 2165 111 29 annat

241 2207 74 32 sätt
333 2208 45 31 än
395 2217 48 22 nu
463 2208 40 32 är
519 2206 138 44 möjligt
673 2207 123 35 kunna
814 2208 110 42 sörjas
942 2208 54 35 för
1013 2209 228 44 enhetlighet,
1257 2211 278 43 planmässighet
1552 2213 65 34 och
1636 2225 90 22 sam-

240 2258 181 44 manhang
444 2259 12 34 i
482 2260 69 33 den
574 2272 47 22 nu
646 2261 146 43 mycket
816 2262 172 35 växlande
1013 2263 232 44 lagstiftning,
1272 2276 73 23 som
1371 2266 104 41 utgår
1500 2278 42 22 ur
1566 2266 42 34 de
1634 2266 94 35 olika

241 2312 303 43 departementen.

290 2401 195 35 Utskottet.
507 2401 433 46 Lagrådsgranskningens
963 2405 180 44 betydelse
1166 2406 117 44 ligger,
1307 2408 115 34 såsom
1446 2408 178 35 utskottet
1646 2409 79 35 tidi-

238 2467 82 30 gare
346 2455 205 41 framhållit,
576 2457 11 34 i
613 2462 56 29 att
694 2458 43 34 de
763 2459 226 34 remitterade
1013 2459 233 44 lagförslagen
1271 2461 37 34 få
1333 2474 43 21 en
1402 2474 42 22 ur
1468 2462 151 42 juridisk
1644 2475 80 31 syn-

236 2508 118 43 punkt
376 2509 322 37 tillfredsställande
723 2511 230 45 utformning;
978 2513 116 34 denna
1116 2514 215 44 granskning
1353 2515 65 34 har
1441 2516 108 34 också
1572 2516 152 44 bidragit
