2258 2642
424 224 113 32 Andra
562 224 205 31 Kammarens
792 221 170 42 Tillfälliga
991 220 132 33 Utskotts
1147 219 79 41 (N:o
1250 218 33 40 1)
1312 217 163 33 Utlåtande
1500 217 62 31 N:o
1587 219 38 29 18
1784 215 44 34 21

231 310 93 35 1891
357 311 60 34 års
444 307 160 49 riksdag
630 305 12 37 i
670 306 162 37 främsta
859 309 166 32 rummet
1053 300 224 48 betonades,
1306 301 112 37 äfven
1448 299 120 38 borde
1595 298 12 37 i
1634 298 75 38 den
1733 298 100 37 före-

228 360 137 49 slagna
407 357 229 38 skrifvelsen
674 357 12 36 i
727 356 210 50 synnerhet
978 353 236 50 framhållas.
1269 353 16 36 I
1320 350 173 50 enlighet
1527 349 158 38 härmed
1713 348 120 38 borde

229 409 255 49 utredningen
513 408 183 37 särskildt
723 413 86 31 röra
836 407 136 48 frågan
1000 418 62 24 om
1091 403 258 38 arbetstidens
1376 401 198 50 reglering
1600 400 64 37 vid
1689 399 144 38 sådana

229 461 170 37 fabriker
440 460 93 36 eller
572 459 119 37 andra
731 456 242 38 industriella
1011 454 270 49 inrättningar,
1317 454 11 36 i
1357 452 130 37 hvilka
1515 452 150 37 arbetet
1691 463 140 37 genom

229 512 58 36 sin
329 517 59 30 art
429 510 160 49 menligt
629 509 180 37 inverkar
848 511 49 46 på
938 507 224 37 arbetarens
1200 504 121 45 helsa,
1360 503 112 38 alltså
1511 502 85 37 icke
1626 502 47 36 de
1700 501 134 49 yrkes-

227 575 154 36 grenar,
409 560 131 38 hvilka
568 560 88 37 med
680 560 150 48 hänsyn
857 558 57 37 till
943 556 252 50 sjuklighets-
1222 556 72 36 och
1318 552 516 51 dödlighetsförhållandena

228 613 153 37 befinna
414 612 61 49 sig
508 612 11 36 i
549 624 51 31 en
623 609 285 51 jemförelsevis
937 607 236 49 fördelaktig
1200 605 196 49 ställning,
1426 608 124 34 såsom
1580 603 110 37 fallet
1716 602 117 37 bland

229 669 117 32 annat
374 668 41 32 är
442 663 88 36 med
554 661 373 50 jordbruksarbetet.
981 661 69 34 Att
1076 657 247 50 regleringen
1349 675 46 6 —
1418 655 12 37 i
1458 654 289 38 händelse-den
1770 653 64 37 be-

228 715 140 36 funnes
406 713 162 50 lämplig
593 732 50 5 —
671 712 124 36 skulle
836 710 104 50 gälla
979 707 282 49 helsomenliga
1294 706 207 38 industrier
1529 706 114 36 äfven
1671 704 11 37 i
1708 709 126 33 statens

229 766 71 36 och
328 768 265 34 kommunernas
619 763 131 48 tjenst,
779 763 123 36 finner
929 760 192 37 utskottet
1147 758 93 38 falla
1268 759 42 36 af
1334 757 62 49 sig
1424 756 114 50 sjelft.

362 815 80 37 Mot
479 814 187 49 förslaget
705 819 55 31 att
792 826 51 23 nu
876 811 236 37 underkasta
1140 808 270 50 föreliggande
1438 809 111 47 fråga
1577 820 47 23 en
1652 804 183 51 grundlig

229 867 71 36 och
328 865 154 48 allsidig
509 864 209 49 utredning
746 864 70 36 har
843 863 73 37 den
944 860 289 50 invändningen
1263 859 125 37 blifvit
1415 857 214 46 framstäld,
1654 861 55 32 att
1726 856 109 37 Riks-

229 917 127 49 dagen
397 916 154 37 förlidet
581 918 51 34 -år
670 914 85 37 med
798 912 209 49 anledning
1046 911 42 37 af
1126 924 47 24 en
1213 910 48 37 då
1298 910 114 37 väckt
1449 908 145 37 motion
1627 908 124 48 ingått
1777 906 58 37 till

229 967 141 50 Kongl.
413 967 106 48 Maj:t
557 966 86 37 med
683 964 177 37 anhållan
898 975 84 25 »om
1019 961 208 49 utredning
1255 960 163 38 rörande
1445 959 246 49 lämpligaste
1719 962 117 32 sättet

229 1019 59 36 för
327 1017 210 47 samlande,
577 1014 259 40 bearbetande
871 1014 71 37 och
969 1012 274 51 publicerande
1271 1024 141 36 genom
1441 1015 147 32 statens
1616 1009 153 47 försorg
1797 1008 42 36 af

229 1082 45 24 en
317 1068 142 38 svensk
497 1066 301 39 arbetsstatistik
836 1070 100 32 samt
970 1077 61 24 om
1061 1061 296 51 framläggande
1385 1061 58 37 för
1471 1060 223 49 Riksdagen
1722 1059 42 37 af
1788 1058 47 37 de

229 1119 159 50 förslag,
418 1132 81 24 som
528 1118 87 37 med
643 1116 210 50 anledning
880 1115 114 37 häraf
1018 1118 62 34 må
1108 1127 117 37 synas
1252 1126 91 24 vara
1370 1111 236 51 påkallade».

362 1171 133 36 Denna
534 1168 242 47 hemställan,
817 1167 107 37 öfver
964 1165 156 37 hvilken
1152 1164 143 49 Kongl.
1329 1163 106 49 Maj:t
1463 1162 137 49 begärt
1627 1161 209 37 kommers-

228 1220 156 49 kollegii
421 1220 192 49 yttrande,
648 1232 114 36 synes
795 1216 213 38 emellertid
1041 1216 35 48 ej
1105 1215 185 37 innebära
1317 1217 127 45 någon
1471 1212 210 49 tillräcklig
1706 1211 128 55 grund

228 1272 61 36 för
321 1271 75 37 den
430 1284 50 22 nu
514 1270 43 37 af
585 1269 189 37 utskottet
801 1267 170 38 önskade
995 1266 281 48 utredningens
1303 1262 350 49 undanskjutande.
1705 1259 128 41 Äfven

228 1335 61 23 om
326 1335 47 23 en
407 1320 207 49 utredning
640 1319 163 38 rörande
831 1317 246 50 lämpligaste
1105 1320 117 33 sättet
1249 1315 60 37 för
1336 1313 210 47 samlande,
1575 1311 259 40 bearbetande

229 1372 72 38 och
339 1370 273 51 publicerande
654 1371 41 36 af
730 1383 48 23 en
819 1368 141 38 svensk
995 1366 301 38 arbetsstatistik
1323 1365 174 37 kommer
1523 1364 58 37 till
1609 1364 125 47 stånd,
1762 1362 73 37 och

228 1436 62 24 om
325 1436 49 24 en
408 1422 130 50 kongl.
566 1420 239 51 proposition
834 1418 199 50 angående
1064 1416 277 50 upprättandet
1373 1416 42 37 af
1439 1428 47 24 en
1515 1413 319 39 arbetsstatistisk

229 1474 94 49 byrå
362 1472 122 37 under
516 1472 75 37 den
624 1476 194 32 närmaste
846 1469 207 38 framtiden
1077 1468 174 37 kommer
1279 1472 56 32 att
1361 1466 223 49 föreläggas
1611 1465 223 49 Riksdagen

228 1524 72 38 och
329 1523 136 38 varder
493 1523 42 37 af
559 1523 224 37 densamma
810 1526 180 43 antagen,
1019 1522 41 34 så
1089 1519 171 48 framgår
1286 1517 118 37 likväl
1424 1517 42 36 af
1481 1517 75 36 den
1578 1518 96 35 1893
1695 1517 140 36 aflåtna

228 1574 412 50 riksdagsskrifvelsen
676 1573 145 45 härom,
856 1576 55 32 att
944 1571 126 36 denna
1104 1567 345 40 arbetsstatistiska
1477 1567 95 49 byrå
1599 1567 84 36 icke
1712 1566 121 37 skulle

230 1627 38 35 få
294 1625 58 37 till
380 1625 154 49 uppgift
562 1629 55 32 att
644 1622 209 38 verkställa
881 1635 46 23 en
957 1620 208 49 utredning
1193 1620 42 36 af
1255 1620 66 36 det
1344 1618 97 49 slag,
1466 1631 82 23 som
1572 1618 190 36 utskottet
1785 1630 49 23 nu

228 1676 131 48 begär.
415 1676 98 36 Dess
546 1675 69 36 sak
649 1677 120 33 måste
797 1672 120 38 blifva
945 1677 55 31 att
1027 1671 175 46 insamla,
1232 1668 289 38 sammanställa
1548 1668 72 36 och
1647 1667 189 48 offentlig-

228 1731 95 44 göra
352 1725 214 37 statistiska
592 1724 103 47 data,
723 1737 82 23 som
834 1723 129 36 kunna
990 1722 106 48 tjena
1123 1720 58 37 till
1209 1719 189 49 underlag
1424 1719 64 36 vid
1516 1718 259 37 bedömandet
1798 1718 42 36 af

228 1777 75 36 den
331 1789 71 23 ena
421 1775 93 37 eller
533 1775 120 36 andra
673 1774 142 37 sociala
834 1771 422 51 lagstiftningsfrågan,
1277 1783 87 23 men
1383 1769 83 37 icke
1485 1773 55 32 att
1559 1768 78 37 låta
1657 1768 82 36 sina
1760 1773 73 31 sta-

228 1826 153 37 tistiska
409 1825 330 48 framställningar
765 1829 185 44 utmynna
978 1823 11 35 i
1018 1825 122 45 några
1167 1820 268 50 tillstyrkande
1464 1819 93 36 eller
1585 1818 251 49 afstyrkande

227 1876 226 38 utlåtanden
481 1890 61 23 om
571 1875 101 37 hvad
701 1879 301 44 statsmagterna
1030 1873 99 36 efter
1157 1872 141 49 byråns
1327 1870 157 48 mening
1509 1869 94 37 böra
1625 1874 96 44 göra
1743 1868 94 37 eller

228 1928 84 37 icke
340 1932 105 44 göra.
499 1927 157 37 Liksom
686 1939 88 24 man
801 1924 65 37 vid
894 1923 142 38 sociala
1064 1922 404 49 lagstiftningsfrågor
1493 1919 186 37 behöfver
1702 1919 136 37 social-

230 1978 179 46 statistik,
451 1981 41 33 så
532 1976 186 38 behöfver
758 1988 86 23 man
883 1974 63 36 vid
981 1972 521 50 skogslagstiftningsfrågor
1535 1969 301 50 skogsstatistik,

229 2029 63 35 vid
322 2028 329 48 läroverksfrågor
680 2024 254 39 skolstatistik
963 2038 32 23 o.
1027 2038 28 22 s.
1085 2038 48 31 v.,
1163 2036 87 23 men
1278 2023 117 48 ingen
1422 2022 256 47 ifrågasätter,
1707 2026 55 30 att
1790 2020 46 36 de

231 2078 214 36 statistiska
473 2077 321 49 myndigheterna
824 2075 122 36 tillika
975 2074 107 36 skola
1112 2073 209 36 verkställa
1349 2076 119 45 några
1496 2071 252 47 utredningar
1777 2083 59 22 om

230 2127 286 49 behöfligheten
557 2128 71 35 och
667 2125 277 50 lämpligheten
986 2125 42 35 af
1061 2124 75 35 den
1175 2136 72 23 ena
1286 2122 93 37 eller
1419 2121 119 37 andra
1573 2120 186 48 åtgärden
1792 2123 46 45 på

231 2180 114 35 dessa
388 2177 194 47 områden,
623 2182 26 31 t.
689 2190 58 23 ex.
791 2176 42 36 af
870 2189 46 23 en
958 2172 547 50 skogslagstiftningsreform,
1543 2185 49 23 en
1625 2170 213 37 läroverks-

233 2230 141 36 reform
416 2227 94 37 eller
548 2227 135 49 dylikt.
743 2225 273 48 Utredningar,
1056 2237 82 23 som
1177 2223 83 37 icke
1294 2223 135 36 enbart
1458 2221 92 37 eller
1578 2233 69 24 ens
1674 2220 164 37 hufvud-

235 2279 175 50 sakligen
455 2278 130 36 kunna
629 2278 109 36 bestå
782 2276 10 37 i
838 2274 314 50 framläggandet
1191 2274 42 36 af
1270 2272 214 38 statistiska
1523 2271 314 50 sifferuppgifter,
