1910 2806
556 185 356 33 Konstitutionsutskottets
934 189 146 30 utlåtande
1102 190 46 29 Nr
1170 192 49 28 27.

139 276 162 34 (Gällande
327 278 105 36 lydelse
458 280 63 28 med
547 280 34 29 de
602 281 11 28 i
636 281 107 37 Kungl.
768 282 104 37 Maj:ts

244 321 183 36 proposition
449 331 37 19 nr
510 323 61 28 107
586 323 174 37 föreslagna

412 364 186 37 ändringar.)

188 415 77 32 Har
275 417 56 30 vid
341 417 340 42 stadsfullmäktigval
692 420 55 31 och
759 420 109 32 lands-

137 467 279 40 tingsmannaval,
447 470 90 31 vilka
559 470 176 40 förrättats
753 472 13 30 i
784 482 83 21 sam-

137 519 87 31 band
259 520 73 31 med
367 522 181 39 varandra,
576 523 96 38 sedel,
703 534 68 21 som
800 525 70 39 tyd-

137 571 86 40 ligen
250 574 41 29 är
318 573 121 31 avsedd
466 573 55 39 för
548 574 52 31 det
624 585 61 21 ena
704 576 95 38 valet,
821 576 49 31 in-

138 622 86 41 lagts
253 624 13 30 i
298 624 179 39 valkuvert,
507 625 115 40 försett
649 628 71 30 med
749 627 118 32 beteck-

135 675 81 39 ning
243 674 54 39 för
324 676 53 31 det
404 677 108 31 andra
536 678 94 38 valet,
652 678 87 32 skall
758 679 110 32 sedeln

135 726 126 32 räknas
296 727 53 32 till
384 728 53 32 det
470 729 55 31 val
552 730 144 32 kuvertet
724 731 143 40 angiver,

135 779 119 31 såvida
290 779 62 32 den
390 783 161 39 upptager
581 792 100 21 namn
710 784 21 30 å
758 785 109 38 någon

135 830 55 32 vid
218 831 89 32 detta
334 832 56 31 val
408 833 115 32 valbar
535 844 132 28 person,
688 845 72 21 men
780 835 89 40 eljest

134 892 83 22 vara
245 884 87 39 ogill.
381 884 132 32 Finnas
539 886 56 30 vid
622 886 92 41 dylik
740 897 127 30 gemen-

134 944 72 22 sam
225 934 261 43 valförrättning
505 937 86 32 hava
609 938 12 30 i
641 941 44 28 ett
698 939 170 31 valkuvert

134 986 124 40 inlagts
285 989 56 29 två
367 988 121 39 sedlar,
523 999 41 21 av
591 990 90 31 vilka
709 990 62 31 den
804 1001 62 21 ena

134 1039 259 41 uppenbarligen
413 1051 93 21 avser
520 1040 278 42 fullmäktigvalet
813 1043 55 31 och

135 1090 62 31 den
224 1091 109 31 andra
353 1091 407 41 landstingsmannavalet,
781 1094 86 32 skall

135 1142 141 32 allenast
311 1143 62 31 den
400 1144 87 31 sedel
514 1145 133 39 räknas,
677 1156 68 21 som
773 1157 94 21 avser

134 1194 53 31 det
214 1194 55 32 val
296 1195 143 32 kuvertet
467 1197 143 40 angiver.

185 1245 130 33 Finnas
357 1247 90 41 eljest
482 1248 11 31 i
521 1250 49 30 ett
605 1249 176 32 valkuvert
812 1252 56 29 två

134 1298 82 32 eller
229 1298 82 32 flera
326 1299 178 40 valsedlar,
520 1312 77 20 vare
613 1301 42 32 de
670 1301 66 32 alla
751 1302 112 41 ogilla.

182 2032 106 31 Mom.
321 2032 32 31 2.

1109 285 170 33 (Utskottets
1296 287 142 36 förslag.)

947 423 160 39 Befinnes
1140 425 152 39 valsedel,
1317 435 67 21 som
1417 427 139 39 avgivits
1578 427 57 31 vid

905 473 339 41 stadsfullmäktigval
1276 476 158 39 förrättat
1462 478 20 29 å
1506 487 128 21 samma

907 523 65 41 dag
993 534 68 21 som
1084 525 468 41 landstingsmannaval,vara
1568 528 65 39 för-

906 574 82 31 sedd
1003 575 74 31 med
1092 575 246 42 valbeteckning
1358 577 54 39 för
1435 577 198 41 landstings-

905 630 180 30 mannaval
1102 631 49 37 på
1175 632 67 29 sätt
1258 631 12 30 i
1287 631 95 39 lagen
1399 641 48 20 om
1465 631 168 41 landsting

904 680 88 39 sägs,
1027 680 78 31 eller
1140 680 146 39 befinnes
1308 681 153 37 valsedel,
1486 692 67 21 som
1576 693 57 20 av-

902 729 100 40 givits
1034 730 56 31 vid
1112 731 340 40 stadsfullmäktigval
1473 732 161 39 förrättat

904 784 21 30 å
948 794 123 22 samma
1097 784 65 41 dag
1186 795 68 22 som
1274 786 54 31 val
1345 796 41 21 av
1403 785 154 33 elektorer
1579 788 54 38 för

905 835 154 31 utseende
1090 846 41 20 av
1162 835 179 33 ledamöter
1370 847 40 20 av
1435 836 198 41 riksdagens

903 885 109 39 första
1034 885 176 39 kammare,
1224 896 80 21 vara
1327 887 136 39 försedd
1481 887 73 32 med
1566 888 65 31 val-

904 938 189 42 beteckning
1126 940 54 39 för
1214 940 192 31 elektorsval
1436 942 49 38 på
1519 944 67 28 sätt
1620 943 12 29 i

903 989 96 40 lagen
1041 1000 49 21 om
1132 990 55 31 val
1229 990 51 32 till
1321 991 179 39 riksdagen
1543 994 88 38 sägs,

904 1039 83 33 skall
1021 1041 89 31 detta
1143 1041 70 32 icke
1236 1041 182 40 föranleda,
1448 1044 48 29 att
1519 1042 112 32 sedeln

903 1091 126 39 ogillas.

955 1145 132 32 Finnas
1112 1146 13 30 1
1153 1148 44 29 ett
1221 1145 174 40 valkuvert,
1419 1156 68 21 som
1510 1147 120 31 avläm-

903 1199 77 28 nats
1014 1196 55 31 vid
1102 1196 336 41 stadsfullmäktigval
1474 1198 157 39 förrättat

905 1251 20 30 å
949 1260 126 22 samma
1100 1250 66 41 dag
1186 1261 68 21 som
1271 1251 352 41 landstingsmannava

904 1301 77 31 eller
1006 1301 54 31 val
1094 1312 40 20 av
1158 1302 156 31 elektorer
1336 1303 53 39 för
1411 1303 155 31 utseende
1589 1314 41 20 av

904 1355 175 32 ledamöter
1116 1366 41 20 av
1190 1356 195 40 riksdagens
1407 1357 107 39 första
1537 1357 92 31 kam-

901 1416 101 28 mare,
1027 1407 54 30 två
1104 1406 179 40 valsedlar,
1306 1418 41 20 av
1369 1407 86 31 vilka
1479 1407 62 31 den
1569 1418 60 21 ena

902 1458 41 29 är
958 1456 137 40 försedd
1110 1457 74 30 med
1199 1457 243 40 valbeteckning
1458 1458 54 39 för
1524 1458 105 31 stads-

896 1510 251 42 fullmäktigval
1170 1511 56 30 och
1251 1511 62 31 den
1337 1511 106 31 andra
1466 1511 73 31 med
1562 1512 65 31 val-

903 1561 187 39 beteckning
1117 1561 54 39 för
1200 1561 52 31 det
1283 1561 108 31 andra
1424 1561 92 38 valet,
1544 1562 85 31 skall

902 1615 143 30 allenast
1069 1614 62 31 den
1154 1615 93 39 förra
1270 1615 111 31 sedeln
1404 1615 133 32 räknas.

953 1664 134 32 Finnas
1120 1665 12 30 i
1167 1668 44 28 ett
1243 1665 168 31 valkuvert
1434 1666 53 30 två
1511 1665 116 41 likaly-

901 1715 109 32 dande
1032 1715 176 39 valsedlar,
1232 1716 84 31 skall
1334 1717 141 30 allenast
1488 1726 38 21 en
1539 1716 89 32 sedel

900 1766 135 32 räknas.

953 1817 133 32 Finnas
1108 1818 13 30 i
1144 1817 110 32 andra
1281 1818 62 39 fall
1366 1820 43 29 än
1432 1829 46 20 nu
1500 1822 92 36 sagts
1616 1819 11 30 i

901 1871 43 29 ett
966 1868 168 31 valkuvert
1157 1869 54 30 två
1234 1868 176 39 valsedlar,
1425 1869 77 31 eller
1517 1869 111 38 finnas

900 1923 13 30 i
932 1925 45 29 ett
998 1922 170 32 valkuvert
1192 1922 84 39 flera
1305 1925 44 28 än
1372 1924 53 29 två
1449 1923 177 38 valsedlar,

899 1984 78 21 vare
1002 1973 38 31 de
1064 1973 64 31 alla
1152 1973 105 40 ogilla.

409 2032 41 41 Ej
480 2033 55 30 må
562 2032 56 31 vid
645 2032 90 31 valet
762 2032 48 31 tal
837 2031 109 32 hållas
975 2031 81 32 eller
1083 2031 132 42 tryckta
1238 2031 82 31 eller
1339 2031 134 31 skrivna
1492 2042 134 30 upprop

131 2084 53 31 till
212 2084 41 31 de
281 2083 156 41 väljande
466 2084 128 31 tillåtas
621 2084 94 31 inom
743 2084 201 31 vallokalen.

181 2135 68 32 Vid
276 2135 261 42 valförrättning
564 2135 96 32 skola
682 2136 121 31 kuvert
822 2147 40 20 av

130 2187 289 42 ogenomskinligt
433 2199 142 30 papper,
587 2187 69 32 lika
670 2188 53 31 till
734 2187 129 32 storlek

129 2239 64 32 och
221 2239 247 39 beskaffenhet,
490 2240 278 32 tillhandahållas
795 2240 66 31 val-

129 2294 147 29 männen
304 2292 53 30 för
384 2291 59 32 det
470 2292 167 38 ändamål,
658 2303 115 21 varom
802 2292 61 31 här

129 2343 111 31 nedan
277 2343 171 32 förmäles.
503 2334 32 42 Å
571 2344 170 32 valkuvert
776 2344 87 32 skall

128 2405 83 21 vara
251 2395 118 40 tydligt
409 2395 140 41 anbragt
588 2396 91 31 ordet
725 2395 136 32 >Stads-

127 2446 267 41 fullmäktigval>
429 2447 78 32 eller
532 2458 113 21 annan
675 2447 185 40 beteckning

127 2499 13 30 i
177 2498 59 32 ord
271 2498 54 39 för
361 2499 54 31 det
448 2499 73 40 slag
557 2510 41 20 av
634 2499 54 31 val
720 2499 143 32 kuvertet

949 2134 68 32 Vid
1044 2135 259 41 valförrättning
1331 2135 94 31 skola
1448 2135 119 30 kuvert
1586 2146 40 20 av

899 2187 287 42 ogenomskinligt
1200 2198 140 30 papper,
1353 2187 67 31 lika
1435 2187 52 31 till
1499 2187 127 31 storlek

898 2240 64 31 och
989 2239 246 39 beskaffenhet,
1265 2239 276 31 tillhandahållas
1560 2239 65 31 val-

898 2293 146 30 männen
1072 2292 52 30 för
1152 2292 57 31 det
1237 2292 165 37 ändamål,
1424 2302 113 20 varom
1565 2291 62 31 här

898 2343 111 32 nedan
1045 2343 170 31 förmäles.
1271 2333 31 41 Å
1338 2344 167 31 valkuvert
1540 2343 86 31 skall

896 2406 82 21 vara
1031 2395 119 40 tydligt
1203 2395 139 40 anbragt
1386 2395 239 40 valbeteckning

895 2447 55 39 för
990 2446 348 41 stadsfullmäktigval.
1406 2447 112 31 Innan
1558 2447 65 30 val-

899 2499 111 31 kuvert
1036 2499 176 37 utlämnas,
1242 2499 87 31 skall
1356 2498 78 31 därå
1454 2498 170 41 intryckas
