1922 2808
266 195 38 30 16

265 270 159 40 (Gällande
452 273 102 35 lydelse
581 273 61 29 med
670 274 32 27 de
728 273 10 29 i
761 274 107 35 Kungl.
895 273 102 37 Maj:ts

366 315 180 37 proposition
573 325 36 19 nr
639 316 59 27 108
720 316 172 36 föreslagna

538 356 185 39 ändringar.)

672 198 361 27 Konstitutionsutskottets
1057 198 147 27 utlåtande
1226 198 48 26 Nr
1297 198 49 28 27.

1234 270 172 41 (Utskottets
1424 270 143 40 förslag.)

316 419 242 31 Kostnaderna
593 419 52 31 för
681 419 107 31 valets
824 419 220 41 kungörande
1081 421 160 29 ävensom
1275 419 138 40 utgifter
1448 419 52 30 för
1528 418 41 31 de
1597 419 52 29 för
1676 418 89 30 valet

265 470 219 41 erforderliga
511 471 129 38 kuvert,
671 471 193 31 blanketter
891 471 64 31 och
984 471 163 41 stämplar
1175 471 96 31 skola
1298 470 117 41 gäldas
1444 481 39 20 av
1504 470 65 31 den
1589 470 173 37 kommun,

265 522 51 31 för
352 522 113 31 vilken
502 523 89 31 valet
618 524 79 40 äger
724 534 84 27 rum,
840 523 91 38 eller,
963 522 60 32 där
1051 523 122 31 sådant
1200 522 11 32 i
1239 522 239 32 motsvarande
1505 521 195 33 hänseende
1729 523 36 30 är

266 574 134 43 stadgat
427 575 211 32 beträffande
678 575 41 32 val
748 575 52 32 till
829 575 319 41 stadsfullmäktige,
1179 586 39 20 av
1247 575 214 31 statsverket.

977 669 17 31 5
1019 647 36 67 8.

316 729 170 32 Rösterna
519 729 276 31 sammanräknas
823 732 44 38 på
895 731 68 30 sätt
990 730 52 30 för
1068 729 53 31 val
1149 740 40 20 av
1217 729 309 40 stadsfullmäktige
1554 730 36 29 är
1618 728 144 41 stadgat.

319 798 112 31 Sedan
459 798 89 31 valet
576 810 39 19 av
640 799 167 30 elektorer
825 798 99 31 blivit
943 810 51 19 av-

266 850 114 38 slutat,
421 850 96 31 skola
557 850 221 41 suppleanter
814 852 95 29 utses
946 852 48 29 så-

265 901 114 38 lunda,
410 903 50 29 att
487 902 52 30 för
567 902 138 37 elektor,
728 901 78 31 vald
824 902 51 30 för
894 902 99 40 parti,

265 964 74 20 som
368 953 122 32 endast
517 953 165 31 tilldelats
711 964 41 20 en
780 953 101 41 plats,
911 953 83 31 före-

265 1007 95 40 tagas
388 1007 55 30 två
463 1017 66 31 nya
549 1005 334 42 sammanräkningar
902 1005 92 32 inom

265 1057 94 32 detta
387 1058 88 41 parti
504 1060 86 29 samt
618 1060 49 29 att
695 1058 52 31 för
775 1058 88 41 varje
883 1069 112 20 annan

265 1110 130 31 elektor
418 1109 170 41 företagas
614 1112 36 29 så
679 1112 117 38 många
823 1121 64 29 nya
914 1121 80 20 sam-

264 1161 259 40 manräkningar
536 1161 93 31 inom
645 1161 58 31 det
717 1161 99 41 parti,
830 1162 52 30 för
891 1161 104 31 vilket

264 1212 67 31 han
368 1212 99 31 blivit
503 1213 88 37 vald,
625 1224 65 20 som
712 1213 126 40 partiet
865 1213 131 31 erhållit

259 1265 134 40 platser.
449 1264 74 31 Har
560 1265 129 30 elektor
723 1265 63 30 fått
814 1265 52 41 sig
893 1264 101 32 tiller-

264 1316 91 31 känd
390 1316 91 42 plats
518 1317 72 30 från
618 1317 82 31 fera
727 1317 137 41 partier,
894 1328 101 20 anses

264 1369 67 30 han
368 1368 78 31 vald
482 1369 52 30 för
570 1368 58 31 det
661 1368 99 41 parti,
791 1369 72 30 från
891 1369 105 31 vilket

264 1420 90 41 plats
383 1420 86 30 först
497 1419 194 32 tilldelades
720 1420 136 31 honom.

318 1471 66 32 Vid
407 1471 90 41 varje
521 1483 45 30 ny
585 1472 298 41 sammanräkning
901 1474 94 39 tages

264 1523 133 42 hänsyn
429 1523 91 32 blott
547 1524 53 30 till
629 1524 41 31 de
699 1523 178 36 valsedlar,
907 1524 90 31 vilka

264 1576 111 41 gällde
412 1576 52 31 för
500 1576 173 31 elektorns
710 1587 102 20 namn
844 1576 57 31 vid
930 1576 65 32 den

265 1628 307 41 sammanräkning,
591 1628 43 31 då
648 1630 139 29 namnet
802 1628 194 31 tilldelades

264 1679 91 41 plats
374 1680 11 30 i
405 1679 201 41 ordningen.
640 1680 101 40 Varje
760 1680 150 30 valsedel
929 1680 66 41 gäl-

264 1731 49 31 ler
341 1732 113 30 såsom
484 1731 55 31 hel
561 1733 83 29 röst.
679 1731 82 31 Med
779 1731 217 41 iakttagande

265 1794 40 19 av
333 1785 49 28 att
409 1794 102 19 namn
540 1785 18 27 å
586 1784 122 40 någon,
735 1794 73 20 som
828 1783 99 31 blivit
945 1785 50 29 ut-

266 1834 85 31 sedd
387 1834 53 31 till
476 1834 130 31 elektor
642 1835 76 30 eller
750 1835 50 31 till
827 1835 171 40 suppleant

256 1885 60 41 för
334 1887 58 30 den
409 1886 124 38 elektor,
551 1887 326 40 sammanräkningen
894 1898 99 27 avser,

264 1949 101 20 anses
403 1940 113 29 såsom
554 1938 202 41 obefintligt,
792 1939 85 30 skall
911 1940 84 30 röst-

264 1990 118 31 värdet
410 1990 267 41 tillgodoräknas
707 1991 58 31 det
787 2002 112 27 namn,
922 2001 72 21 som

265 2044 70 29 står
371 2042 119 31 främst
521 2053 40 20 av
593 2042 42 31 de
663 2043 52 30 för
742 2042 66 31 den
836 2042 159 42 ifrågava-

264 2094 105 31 rande
394 2094 152 30 elektorn
567 2094 138 31 särskilt
723 2097 175 38 upptagna
918 2106 76 29 sup-

264 2146 265 40 pleantnamnen
559 2146 91 38 eller,
677 2157 54 20 om
753 2146 121 31 sådant
893 2157 101 20 namn

266 2197 27 41 ej
328 2198 121 37 finnes,
480 2197 57 31 det
565 2209 101 19 namn
696 2198 51 30 för
776 2198 104 41 själva
909 2198 86 31 elek-

265 2249 172 38 torsvalet,
472 2260 72 20 som
574 2251 70 29 står
671 2250 119 31 främst
817 2251 19 29 å
864 2249 129 39 sedeln,

267 2301 91 39 eller,
380 2312 55 20 om
451 2301 28 41 ej
496 2301 107 31 heller
618 2301 123 32 sådant
755 2313 102 20 namn
872 2303 121 37 finnes,

266 2353 58 31 det
343 2364 112 27 namn,
470 2364 71 20 som
558 2355 69 29 står
641 2354 120 31 främst
775 2354 105 31 bland
896 2356 99 29 samt-

266 2405 68 41 liga
362 2405 332 41 suppleantnamnen
723 2407 18 29 å
769 2406 127 31 sedeln.

316 2457 89 38 Den,
432 2468 72 20 som
529 2457 135 32 erhållit
687 2458 123 41 högsta
828 2458 167 38 rösttalet,

1085 798 113 32 Sedan
1226 798 90 31 valet
1344 809 39 20 av
1408 797 167 31 elektorer
1594 796 98 32 blivit
1711 808 51 19 av-

1033 850 115 37 slutat,
1180 850 96 30 skola
1317 849 223 41 suppleanter
1580 850 95 29 utses
1714 850 49 29 så-

1031 901 116 38 lunda,
1160 903 49 29 att
1224 901 51 31 för
1290 901 139 37 elektor,
1443 900 77 31 vald
1535 901 52 30 för
1601 899 161 41 A-grupp,

1032 964 73 20 som
1135 952 121 32 endast
1284 952 165 31 tilldelats
1478 963 41 20 en
1548 952 101 41 plats,
1680 951 83 31 före-

1032 1007 94 40 tagas
1155 1007 55 29 två
1229 1016 66 31 nya
1315 1004 336 41 sammanräkningar
1669 1003 92 32 inom

1032 1058 105 31 denna
1152 1057 148 41 A-grupp
1317 1059 88 29 samt
1420 1059 49 29 att
1483 1057 52 31 för
1549 1056 90 41 varje
1650 1067 112 20 annan

1032 1110 129 31 elektor
1185 1109 170 40 företagas
1382 1111 37 29 så
1446 1111 117 38 många
1590 1119 64 29 nya
1681 1119 80 20 sam-

1030 1161 260 40 manräkningar
1317 1161 92 30 inom
1438 1161 58 30 den
1527 1160 159 39 A-grupp,
1711 1159 52 30 för

1031 1213 104 30 vilken
1165 1213 67 30 han
1260 1212 99 31 blivit
1381 1212 88 37 vald,
1490 1222 65 20 som
1574 1211 189 40 A-gruppen

1032 1265 130 31 erhållit
1184 1264 134 41 platser.
1363 1264 73 31 Har
1464 1263 130 32 elektor
1621 1263 63 31 fått
1712 1262 52 42 sig

1032 1317 183 31 tillerkänd
1243 1316 89 41 plats
1360 1316 73 31 från
1461 1316 81 31 flera
1566 1315 194 40 A-grupper,

1031 1379 100 20 anses
1160 1369 67 30 han
1255 1368 77 31 vald
1359 1368 52 31 för
1430 1368 60 31 den
1510 1368 158 39 A-grupp,
1690 1367 73 30 från

1034 1420 101 31 vilken
1165 1420 90 41 plats
1287 1420 86 30 först
1401 1419 194 31 tilldelades
1623 1418 137 31 honom.

1083 1471 68 32 Vid
1166 1471 89 41 varje
1270 1471 290 40 sammanräkning
1575 1472 95 40 tages
1682 1470 80 31 hän-

1033 1535 62 31 syn
1124 1523 89 32 blott
1240 1523 53 31 till
1317 1523 42 31 de
1378 1523 179 39 valsedlar,
1579 1522 89 31 vilka
1686 1533 76 30 upp-

1034 1579 75 37 taga
1127 1576 155 31 elektorns
1300 1587 98 20 namn
1417 1576 54 31 och
1480 1577 48 39 på
1540 1575 107 40 grund
1663 1576 101 30 därav

1030 1628 107 40 gällde
1165 1627 59 41 för
1260 1629 87 30 detta
1376 1639 94 20 namn
1499 1627 57 31 vid
1584 1627 66 31 den
1679 1638 84 20 sam-

1033 1680 233 40 manräkning,
1307 1679 41 31 då
1390 1681 138 29 namnet
1569 1678 194 31 tilldelades

1034 1731 90 41 plats
1165 1731 11 31 i
1213 1730 189 42 ordningen
1442 1731 84 30 inom
1562 1730 199 40 A-gruppen.

1032 1783 101 41 Varje
1161 1783 151 31 valsedel
1340 1782 105 41 gäller
1471 1784 112 29 såsom
1604 1782 56 30 hel
1679 1783 82 29 röst.

1033 1835 81 31 Med
1134 1834 217 42 iakttagande
1370 1845 40 20 av
1425 1836 49 29 att
1489 1845 101 20 namn
1606 1836 19 28 å
1639 1835 123 39 någon,

1033 1897 73 21 som
1135 1886 99 31 blivit
1253 1886 125 31 utsedd
1397 1886 53 31 till
1470 1886 130 31 elektor
1619 1885 75 31 eller
1714 1885 50 31 till

1031 1938 171 41 suppleant
1221 1938 59 40 för
1308 1939 57 30 den
1396 1938 124 38 elektor,
1545 1937 218 32 sammanräk-

1032 1991 118 40 ningen
1181 2001 99 28 avser,
1305 2001 101 20 anses
1426 1992 113 29 såsom
1560 1989 202 41 obefintligt,

1033 2043 86 31 skall
1164 2042 192 32 röstvärdet
1397 2042 268 41 tillgodoräknas
1707 2041 58 31 det

1032 2106 113 23 namn,
1176 2105 73 20 som
1279 2096 70 29 står
1368 2094 119 31 främst
1506 2105 40 19 av
1566 2094 41 30 de
1627 2094 52 30 för
1698 2092 66 32 den

1032 2146 254 41 ifrågavarande
1324 2145 153 32 elektorn
1515 2145 137 31 särskilt
1680 2156 83 30 upp-

1032 2200 101 39 tagna
1161 2198 343 41 suppleantnamnen,
1535 2197 82 31 eller
1641 2208 53 19 om
1716 2198 48 29 så-

1033 2250 82 31 dant
1151 2261 102 20 namn
1288 2250 28 41 ej
1346 2250 121 37 finnes,
1498 2249 58 31 det
1583 2260 102 19 namn
1713 2248 52 32 för

1033 2302 106 42 själva
1167 2302 248 37 elektorsvalet,
1447 2312 73 20 som
1550 2302 69 30 står
1646 2301 119 31 främst

1033 2356 18 29 å
1084 2354 129 38 sedeln,
1244 2354 92 38 eller,
1367 2365 54 19 om
1450 2353 28 40 ej
1509 2353 107 31 heller
1644 2353 121 30 sådant

1034 2417 102 20 namn
1151 2407 122 37 finnes,
1287 2405 58 31 det
1355 2416 112 27 namn,
1482 2416 73 20 som
1568 2406 69 30 står
1647 2405 119 30 främst

1033 2458 105 32 bland
1181 2457 156 42 samtliga
1378 2457 332 42 suppleantnamnen
1748 2458 18 29 å
