2212 2681
444 188 20 32 4
838 189 399 34 Konstitutionsutskottets
1264 190 168 33 Utlåtande
1454 191 52 32 Nr
1528 193 30 32 3.

622 268 211 43 (Nuvarande
856 270 127 42 lydelse)

403 322 121 50 enligt
552 323 100 37 hvad
679 322 13 37 i
721 326 20 34 3
772 322 20 51 $
818 327 101 45 sägs,
941 324 79 37 afse
1039 324 137 50 själfva

400 376 431 49 riksdagsmannavalet.

476 428 145 37 Härvid
671 429 190 49 iakttages
903 429 12 37 i
960 430 111 49 fråga
1113 443 60 23 om

400 482 72 37 den
500 482 72 36 fria
599 495 190 36 gruppen:

479 534 71 50 1:0)
603 534 74 37 Vid
741 534 119 37 första
918 536 253 36 sammanräk-

399 588 145 49 ningen
571 586 120 50 gäller
710 588 132 49 hvarje
861 588 166 37 valsedel
1047 591 123 35 såsom

399 640 61 38 hel
480 645 90 33 röst.
600 640 74 37 Det
693 654 127 35 namn,
842 654 81 24 som
943 641 72 37 fått
1033 641 139 50 högsta

398 694 186 46 rösttalet,
626 693 139 36 blifver
803 694 62 36 det
894 694 119 36 första
1044 695 13 35 i
1090 694 85 36 ord-

398 744 156 49 ningen.

478 796 73 50 2:0)
594 796 73 38 Vid
708 796 132 51 hvarje
874 797 166 49 följande
1076 812 98 23 sam-

399 849 256 49 manräkning
700 850 121 48 gäller
861 851 163 48 valsedel,
1066 852 108 36 hvars

398 903 186 36 röstvärde
622 903 77 36 icke
736 903 294 49 tillgodoräknats
1067 905 105 48 något

398 968 119 24 namn,
547 968 74 24 som
648 956 143 36 erhållit
818 969 80 23 rum
925 957 15 35 i
963 956 206 50 ordningen,

398 1009 116 35 såsom
532 1008 55 36 hel
601 1011 83 33 röst.
715 1007 139 37 Annan
870 1008 166 37 valsedel
1052 1008 120 50 gäller

400 1062 123 34 såsom
551 1059 84 37 half
657 1064 92 42 röst,
776 1060 66 37 där
861 1065 55 32 ett
937 1061 39 35 af
992 1062 43 36 de
1053 1074 119 35 namn,

400 1113 120 36 hvilka
551 1113 200 36 röstvärdet
782 1114 305 48 tillgodoräknats,
1118 1126 55 23 er-

400 1164 109 37 hållit
523 1178 83 22 rum
621 1165 13 36 i
650 1165 230 47 ordningen;
898 1168 124 33 såsom
1036 1165 138 49 tredje-

399 1216 81 36 dels
512 1221 93 43 röst,
643 1216 66 36 där
743 1219 65 33 två
836 1218 42 35 af
900 1230 150 25 namnen
1077 1231 95 36 upp-

398 1268 93 37 förts
519 1268 12 36 1
560 1268 231 49 ordningen;
821 1271 123 34 såsom
970 1270 202 49 fjärdedels

397 1326 91 42 röst,
531 1320 67 36 där
631 1325 57 32 tre
717 1321 41 35 af
781 1335 151 24 namnen
958 1322 174 49 uppförts
1160 1322 13 36 i

399 1373 235 48 ordningen;
651 1373 71 36 och
733 1375 41 34 så
784 1374 128 36 vidare
924 1374 95 37 efter
1030 1387 143 23 samma

399 1424 138 50 grund.
571 1424 74 37 För
660 1424 133 50 hvarje
808 1428 105 47 gång
926 1426 171 37 kommer
1113 1426 63 37 det

399 1491 115 23 namn
546 1482 167 32 närmast
741 1478 12 35 i
774 1478 223 49 ordningen,
1019 1491 81 23 som
1120 1492 56 23 er-

404 1530 107 36 hållit
537 1530 140 48 högsta
704 1530 184 37 rösttalet.

474 1581 18 37 I
521 1582 108 48 fråga
653 1595 60 23 om
725 1583 221 49 partigrupp
964 1583 207 49 iakttages:

477 1633 72 50 1:o0)
593 1633 182 51 Upptaga
808 1634 187 38 valsedlar
1023 1635 58 37 till
1109 1648 65 24 an-

398 1687 52 36 tal
487 1686 41 37 af
561 1700 80 23 mer
680 1691 48 32 än
756 1687 147 37 hälften
931 1688 41 36 af
996 1688 86 36 hela
1111 1701 64 23 an-

404 1738 92 37 talet
522 1739 185 35 valsedlar
726 1739 103 36 inom
848 1753 177 36 grnppen
1045 1739 130 50 (grup-

397 1804 95 36 pens
528 1790 148 49 rösttal)
714 1804 143 23 samma
895 1791 119 38 första
1046 1805 126 35 namn,

401 1842 134 37 blifver
564 1843 104 36 detta
696 1856 115 23 namn
836 1843 64 37 det
919 1844 120 37 första
1057 1844 13 36 i
1090 1844 85 36 ord-

400 1895 161 48 ningen;
574 1900 170 43 upptaga
758 1895 195 49 valsedlar,
966 1909 81 24 som
1059 1896 115 36 hafva

399 1960 143 23 samma
569 1946 121 37 första
714 1961 115 23 namn
849 1948 71 36 och
939 1953 138 44 utgöra
1096 1962 80 23 mer

398 2003 48 32 än
473 2002 67 34 två
560 1999 227 49 tredjedelar
806 2000 42 36 af
862 2014 197 36 gruppens
1077 2005 97 32 röst-

399 2051 66 48 tal,
512 2051 145 49 jämväl
704 2065 145 24 samma
894 2053 114 36 andra
1049 2067 125 33 namn,

396 2103 141 37 blifver
568 2103 105 37 detta
701 2117 115 23 namn
843 2105 62 36 det
925 2105 115 36 andra
1059 2105 12 36 i
1090 2106 87 35 ord-

398 2156 145 49 ningen
555 2170 7 32 ;
575 2162 170 44 upptaga
756 2157 201 47 valsedlar,
970 2170 79 24 som
1061 2157 116 37 hafva

401 2221 145 24 samma
594 2208 118 38 första
759 2210 69 36 och
874 2223 145 24 samma
1060 2209 115 38 andra

403 2273 117 24 namn
540 2267 97 30 samt
657 2266 137 45 utgöra
809 2275 80 24 mer
904 2266 49 32 än
969 2268 54 31 tre
1038 2262 137 50 fjärde-

1423 271 204 44 (Föreslagen
1651 272 129 43 lydelse)

1229 325 118 48 enligt
1375 325 98 37 hvad
1501 326 13 36 i
1543 328 20 35 3
1593 325 21 51 $&
1643 331 98 44 sägs,
1767 327 79 37 afse
1866 327 133 50 själfva

1225 378 424 48 riksdagsmannavalet.

1303 431 144 36 Härvid
1496 432 187 48 iakttages
1732 433 12 36 i
1781 432 107 49 fråga
1938 446 61 24 om

1226 483 72 37 den
1326 483 71 37 fria
1424 497 187 37 gruppen:

1307 536 71 50 1:o)
1431 537 74 37 Vid
1568 537 117 37 första
1746 539 254 36 sammanräk-

1225 589 143 49 ningen
1396 590 118 48 gäller
1541 590 131 50 hvarje
1691 591 165 37 valsedel
1877 594 122 34 såsom

1225 642 62 37 hel
1305 647 90 32 röst.
1435 642 73 37 Det
1527 656 125 34 namn,
1674 656 77 24 som
1773 643 70 37 fått
1863 644 137 49 högsta

1228 696 183 46 rösttalet,
1453 695 135 37 blifver
1630 696 62 35 det
1728 696 117 36 första
1872 697 13 35 i
1914 697 84 35 ord-

1228 746 153 48 ningen.

1306 798 74 49 2:0)
1418 799 75 38 Vid
1533 799 130 49 hvarje
1705 800 165 50 följande
1903 814 97 23 sam-

1228 852 251 48 manräkning
1525 852 117 47 gäller
1687 854 153 35 valsedel
1884 855 116 35 såsom

1225 905 55 35 hel
1306 908 85 43 röst,
1424 905 70 36 där
1520 905 76 36 icke
1623 906 105 48 något
1755 906 44 47 af
1823 906 42 36 de
1892 919 109 23 namn

1227 958 22 34 å
1276 957 128 47 sedeln,
1428 958 120 36 hvilka
1567 959 78 46 afse
1664 958 134 47 själfva
1816 959 185 48 riksdags-

1225 1010 236 47 mannavalet,
1491 1010 142 36 erhållit
1660 1023 80 23 rum
1758 1012 15 34 i
1792 1011 207 48 ordningen.

1226 1061 137 36 Annan
1403 1061 164 37 valsedel
1607 1062 118 48 gäller
1767 1065 122 34 såsom
1923 1062 82 37 half

1226 1119 91 42 röst,
1352 1114 65 36 där
1445 1120 52 31 ett
1526 1114 40 36 af
1589 1115 103 36 dessa
1719 1128 108 24 namn
1855 1115 146 36 erhållit

1227 1180 83 22 rum
1338 1167 12 35 i
1380 1166 225 48 ordningen;
1649 1169 122 34 såsom
1800 1167 201 49 tredjedels

1226 1222 91 43 röst,
1348 1218 64 36 där
1440 1221 62 33 två
1522 1218 40 36 af
1577 1219 104 36 dessa
1699 1232 109 23 namn
1826 1218 175 50 uppförts

1226 1270 13 35 i
1268 1270 226 49 ordningen;
1529 1273 122 34 såsom
1679 1270 202 49 fjärdedels
1909 1276 91 36 röst,

1228 1322 65 36 där
1333 1328 56 31 tre
1431 1323 41 36 af
1504 1324 103 36 dessa
1642 1336 108 24 namn
1786 1323 175 50 uppförts
1989 1323 12 35 i

1228 1374 226 48 ordningen;
1471 1376 70 35 och
1556 1378 40 33 så
1610 1375 128 36 vidare
1755 1375 94 36 efter
1860 1388 142 23 samma

1229 1427 133 47 grund.
1419 1427 75 37 För
1529 1427 130 49 hvarje
1696 1430 104 45 gång
1833 1427 169 36 kommer

1231 1479 62 36 det
1320 1493 114 22 namn
1461 1485 166 31 närmast
1646 1480 11 35 i
1678 1479 221 49 ordningen,
1921 1492 80 23 som

1230 1532 146 36 erhållit
1403 1533 138 47 högsta
1567 1533 182 35 rösttalet.

1305 1583 18 36 I
1347 1584 107 47 fråga
1477 1597 61 23 om
1553 1584 224 49 partigrupp
1797 1584 203 47 lakttages:

1310 1635 71 50 1:0)
1412 1636 180 50 Upptaga
1619 1636 185 37 valsedlar
1831 1636 56 36 till
1903 1636 100 36 antal

1231 1688 40 36 af
1308 1702 79 23 mer
1428 1694 46 31 än
1515 1688 143 37 hälften
1687 1688 40 36 af
1750 1689 86 36 hela
1865 1688 138 36 antalet

1229 1741 186 35 valsedlar
1455 1741 102 36 inom
1593 1753 174 37 gruppen
1797 1740 205 49 (gruppens

1228 1792 144 49 rösttal)
1401 1806 142 23 samma
1571 1792 118 37 första
1716 1806 125 33 namn,
1866 1791 137 38 blifver

1231 1845 101 36 detta
1359 1858 114 23 namn
1502 1845 62 36 det
1591 1845 118 36 första
1737 1845 13 36 i
1774 1844 227 48 ordningen;

1227 1902 169 44 upptaga
1415 1897 195 47 valsedlar,
1632 1910 80 23 som
1731 1897 113 35 hafva
1860 1909 143 23 samma

1230 1949 118 36 första
1375 1963 114 22 namn
1517 1950 70 35 och
1614 1953 136 43 utgöra
1776 1962 79 23 mer
1874 1953 47 31 än
1940 1950 63 34 två

1229 2001 226 50 tredjedelar
1475 2001 41 37 af
1531 2014 192 36 gruppens
1742 2001 144 46 rösttal,
1902 2000 100 49 jäm-

1230 2054 61 35 väl
1311 2067 143 23 samma
1474 2053 115 36 andra
1607 2066 125 34 namn,
1749 2052 138 37 blifver
1902 2052 101 36 detta

1231 2119 114 22 namn
1374 2105 62 36 det
1465 2105 115 36 andra
1607 2106 12 35 i
1648 2104 226 48 ordningen;
1908 2117 94 36 upp-

1230 2164 89 42 taga
1359 2157 196 49 valsedlar,
1598 2170 80 23 som
1719 2156 115 37 hafva
1861 2169 142 24 samma

1231 2210 118 37 första
1377 2210 70 37 och
1475 2223 142 24 samma
1638 2209 116 37 andra
1773 2222 114 23 namn
1907 2213 96 32 samt

1229 2267 137 44 utgöra
1406 2275 80 24 mer
1526 2267 47 31 än
1613 2267 56 31 tre
1711 2261 223 50 fjärdedelar
1967 2260 40 37 af
