1900 2790
77 2376 130 25 Utskottet.

268 160 37 29 16
663 163 377 32 Jordbruksutskottets
1064 164 176 31 utlåtande
1263 173 42 21 nr
1330 165 49 29 48.

266 247 51 30 till
339 247 219 36 uppförande
579 257 42 20 av
644 247 312 36 siloanläggningar
981 247 55 30 för
1057 247 194 30 beredande
1274 257 42 20 av
1342 246 250 37 ensilagefoder
1615 247 153 34 betonas,

267 292 48 28 att
343 290 58 29 vid
425 290 166 36 prövning
617 299 43 21 av
688 290 234 36 ansökningar
946 299 57 22 om
1028 289 123 36 bidrag
1175 288 101 31 såvitt
1300 289 136 36 möjligt
1461 290 88 29 skall
1576 289 114 35 tillses,
1720 292 50 26 att

267 332 121 36 bidrag
407 332 122 30 främst
547 333 144 29 komma
711 334 41 28 de
770 332 229 36 jordbrukare
1018 333 50 28 till
1088 333 98 35 godo,
1208 342 74 20 som
1302 333 60 29 äro
1381 338 87 26 mest
1487 332 10 29 i
1517 332 113 30 behov
1652 332 116 29 därav.

310 374 50 30 De
382 374 379 36 bidragsförmedlande
785 383 152 27 organen
961 375 98 29 skola
1085 373 145 31 sålunda
1254 374 57 29 vid
1334 373 211 36 beviljandet
1568 383 42 20 av
1635 373 133 30 statsbi-

266 416 84 36 drag
370 416 50 30 till
440 417 246 30 ovannämnda
710 415 162 31 ändamål
893 417 125 29 beakta
1039 416 257 30 vederbörande
1320 415 248 36 jordbrukares
1592 416 113 29 behov
1726 424 43 21 av

265 458 121 36 bidrag
410 458 54 31 för
489 459 186 29 utförande
700 468 42 20 av
768 459 41 29 de
832 457 201 37 ifrågasatta
1056 457 441 37 förbättringsåtgärderna.
1525 458 99 29 Inom
1647 466 123 21 ramen

265 500 55 30 för
340 501 67 29 den
424 501 206 35 arealgräns,
649 501 116 29 vilken
783 501 137 35 stadgas
940 500 54 30 för
1011 500 197 36 beviljande
1229 510 41 20 av
1291 500 131 36 bidrag,
1442 500 152 29 behöver
1613 500 156 29 däremot

264 542 77 31 icke
368 543 136 36 speciell
534 543 138 36 hänsyn
702 546 95 32 tagas
824 542 50 30 till
902 543 66 29 den
998 552 42 20 av
1067 542 258 30 vederbörande
1351 542 155 31 brukade
1533 541 234 34 åkerarealen,

263 585 113 30 ehuru
398 595 42 20 av
461 586 65 29 vad
548 595 91 20 ovan
663 585 132 30 anförts
819 585 97 30 torde
940 583 145 37 framgå,
1110 587 50 27 att
1182 585 42 29 de
1245 584 128 30 minsta
1397 584 215 36 jordbruken
1637 583 130 30 erhålla

264 637 43 20 en
321 627 68 30 viss
405 627 259 30 företrädesrätt
679 627 50 30 till
744 626 200 31 erhållande
959 636 41 21 av
1017 626 169 36 utgående
1201 626 130 36 bidrag.
1350 626 210 36 Härigenom
1576 635 104 27 synas
1699 625 67 30 för-

264 669 229 36 utsättningar
510 669 166 36 föreligga
693 669 55 30 för
767 679 44 20 en
832 669 124 36 smidig
972 669 212 36 anpassning
1204 678 42 21 av
1266 670 43 29 de
1325 668 173 36 beviljade
1516 668 251 36 statsbidragen

265 711 48 30 till
333 711 273 31 vederbörandes
630 712 121 29 behov.

308 753 77 36 Om,
407 753 113 32 såsom
541 753 257 30 motionärerna
820 752 190 37 ifrågasatt,
1032 754 170 35 generella
1223 753 259 30 bestämmelser
1503 752 188 30 fastställas
1713 753 53 29 rö-

263 795 108 30 rande
391 796 41 30 de
453 796 170 30 särskilda
643 796 159 35 grunder,
827 795 104 37 enligt
954 795 92 30 vilka
1066 795 167 36 bidragen
1258 795 97 30 skola
1380 794 81 37 utgå
1482 795 57 30 vid
1560 794 206 36 bruknings-

261 838 97 30 delar
384 837 95 31 inom
509 838 103 35 olika,
643 838 164 35 tämligen
833 838 100 29 snävt
959 838 181 29 bestämda
1170 838 287 35 storleksklasser,
1489 837 96 30 torde
1617 837 148 35 tillämp-

263 879 126 36 ningen
411 880 77 29 leda
509 880 51 29 till
582 880 71 29 dels
676 880 82 29 ökat
780 880 116 29 arbete
918 879 58 30 vid
997 879 289 36 planläggningen
1308 879 56 29 för
1385 879 242 30 fastställande
1649 888 42 21 av
1716 878 50 30 bi-

263 922 298 35 dragssökandens
586 921 188 36 åkerareal,
796 921 105 30 vilket
924 921 11 30 i
958 921 185 36 praktiken
1165 921 72 31 ofta
1260 922 37 29 är
1319 922 68 29 rätt
1410 921 194 36 besvärligt,
1629 921 71 30 dels
1724 930 44 20 en

262 964 214 36 benägenhet
496 968 49 26 att
566 963 175 31 bibehålla
761 964 207 36 fastigheten
988 964 96 30 inom
1106 965 250 34 storleksklass,
1378 973 75 21 som
1475 964 139 30 särskilt
1634 972 131 28 gynnas

261 1014 125 28 genom
410 1006 105 36 högre
539 1006 217 36 statsbidrag.
785 1006 52 30 En
863 1005 108 31 sådan
995 1006 192 30 mentalitet
1212 1006 109 30 skulle
1347 1015 140 21 snarare
1513 1006 180 31 motverka
1721 1006 46 29 än

262 1048 130 36 främja
413 1048 192 31 motionens
630 1048 99 36 syfte.
751 1048 366 36 Lantbruksstyrelsen
1137 1047 110 30 håller
1267 1048 83 35 före,
1375 1050 50 27 att
1449 1047 318 36 differentieringen

261 1099 42 21 av
325 1091 167 35 bidragen
517 1090 45 36 på
584 1092 68 29 sätt
674 1090 192 36 föreslagits
892 1090 32 36 ej
948 1091 70 29 kan
1044 1099 84 21 vara
1153 1090 138 30 särskilt
1312 1090 136 36 lycklig.
1474 1089 165 30 Däremot
1665 1098 100 27 synes

262 1142 42 21 en
324 1132 38 31 så
382 1133 61 31 vitt
463 1133 135 36 möjligt
616 1133 70 36 hög
704 1133 283 35 bidragsprocent
1008 1132 56 30 för
1084 1133 41 29 de
1145 1132 352 36 bidragsberättigade
1519 1141 84 21 vara
1626 1135 49 27 att
1697 1131 68 30 för-

262 1176 93 29 orda.
379 1176 14 29 I
414 1175 169 30 samband
608 1175 81 30 med
710 1175 224 36 planeringen
957 1184 41 20 av
1020 1175 353 35 beredskapsarbeten
1392 1174 10 30 i
1427 1174 171 31 samband
1623 1175 78 29 med
1723 1183 43 20 en

261 1217 378 30 arbetsmarknadskris
659 1217 65 29 har
741 1216 104 31 också
862 1217 350 35 lantbruksstyrelsen
1232 1216 104 32 bland
1355 1220 107 26 annat
1479 1216 177 36 föreslagit
1675 1215 91 30 vissa

260 1259 186 36 höjningar
471 1269 42 20 av
536 1259 326 35 bidragsprocenten
885 1258 56 30 för
964 1258 212 30 innehavare
1199 1268 41 20 av
1264 1258 169 36 jordbruk
1457 1259 80 29 med
1560 1258 137 30 mindre
1721 1259 45 29 än

261 1302 41 30 20
325 1302 124 29 hektar
475 1300 92 31 åker.
596 1300 113 37 Några
731 1300 342 36 behovsprövningar
1097 1301 110 29 skulle
1231 1300 32 36 ej
1291 1300 107 30 heller
1426 1299 257 37 ifrågakomma
1707 1299 60 30 vid

259 1343 265 36 ifrågavarande
543 1343 289 36 bidragsgivning.
858 1343 180 36 Samtidigt
1060 1352 74 20 som
1156 1341 144 31 sålunda
1324 1343 107 35 högre
1450 1342 284 36 bidragsprocent
1753 1342 12 29 i

260 1386 227 30 förevarande
511 1385 62 30 fall
594 1386 111 29 skulle
726 1386 119 29 kunna
865 1386 143 29 komma
1027 1385 11 29 i
1060 1384 218 36 tillämpning
1299 1385 66 29 har
1385 1394 43 20 en
1448 1384 196 38 betydande
1667 1385 96 35 plan-

259 1428 400 36 läggningsverksamhet
685 1427 108 30 redan
823 1426 186 37 igångsatts
1039 1427 66 30 och
1134 1427 243 30 medelsbehov
1405 1426 119 31 därför
1549 1427 174 36 upptagits
1753 1426 11 30 i

259 1470 256 36 framställning
536 1480 57 20 om
612 1470 120 35 anslag
750 1468 20 31 å
789 1469 287 36 beredskapsstat.

303 1512 366 37 Lantbruksstyrelsen
686 1512 59 29 vill
760 1512 11 29 i
791 1512 90 31 detta
900 1512 255 35 sammanhang
1171 1511 90 30 fästa
1277 1511 357 35 uppmärksamheten
1651 1510 45 37 på
1715 1512 50 29 att

258 1553 317 37 medelstillgången
596 1554 55 29 för
670 1553 265 36 ifrågavarande
952 1553 366 36 förbättringsarbeten
1335 1553 109 30 redan
1463 1554 78 29 med
1561 1553 203 30 nuvarande

257 1597 152 35 grunder
428 1598 38 29 är
482 1596 213 36 otillräcklig.
718 1596 209 36 Därigenom
944 1596 143 29 komma
1106 1595 126 36 många
1250 1595 256 37 bidragstagare
1523 1595 76 30 icke
1620 1595 11 30 i
1648 1594 113 37 åtnju-

258 1639 104 30 tande
387 1649 59 20 ens
472 1649 41 20 av
543 1639 66 29 den
635 1638 290 36 bidragsprocent,
953 1647 74 22 som
1053 1638 105 36 enligt
1183 1638 157 35 gällande
1366 1638 258 30 bestämmelser
1653 1638 112 30 skulle

258 1681 120 30 kunna
400 1680 89 37 utgå,
513 1690 57 21 om
595 1680 113 31 medel
732 1680 124 30 funnes
880 1683 50 27 att
949 1679 105 37 tillgå.
1081 1680 112 30 Innan
1218 1680 309 35 bidragsvillkoren
1552 1679 209 30 differentie-

256 1731 67 27 Tas,
351 1732 101 27 synes
474 1723 120 30 därför
616 1732 96 20 mera
738 1722 185 36 angeläget,
948 1726 49 26 att
1022 1722 358 36 medelsanvisningen
1402 1721 97 36 höjes
1527 1722 50 30 till
1603 1725 48 27 att
1675 1726 86 26 mot-

258 1774 101 21 svara
378 1766 41 29 de
437 1765 79 30 med
535 1765 220 36 tillämpning
773 1774 42 20 av
836 1764 203 30 nuvarande
1055 1764 291 36 bidragsgrunder
1365 1764 225 36 erforderliga
1608 1764 153 36 bidrags-

257 1807 179 36 beloppen.

302 1874 137 30 Jämväl
458 1874 84 30 1942
558 1874 55 30 års
629 1873 370 37 jordbrukskommitté
1015 1874 66 29 har
1097 1874 184 35 hemställt,
1299 1876 50 27 att
1366 1873 176 31 motionen
1560 1873 77 31 icke
1656 1872 106 32 måtte

256 1924 181 30 föranleda
454 1923 114 37 någon
583 1923 131 37 åtgärd.
733 1924 13 30 I
765 1924 108 36 övrigt
888 1924 65 30 har
968 1923 206 30 kommittén
1190 1923 114 31 anfört
1320 1923 169 37 följande:

299 1982 145 36 Frågan,
465 1983 94 30 vilka
580 1982 160 36 åtgärder
760 1992 85 26 ,som
864 1983 86 29 böra
972 1982 154 36 vidtagas
1146 1982 55 30 för
1222 1985 48 28 att
1290 1982 183 30 förvandla
1494 1984 42 29 de
1558 1982 203 30 nuvarande

255 2025 245 36 ofullständiga
521 2025 216 36 jordbruken
757 2025 50 29 till
829 2025 218 29 ekonomiskt
1068 2024 215 36 bärkraftiga
1303 2024 344 36 brukningsenheter,
1670 2034 88 20 sam-

254 2068 215 35 manhänger
494 2067 116 30 intimt
632 2068 80 29 med
736 2066 133 37 frågan,
896 2067 93 30 vilka
1011 2067 173 35 riktlinjer
1208 2067 65 29 den
1297 2067 136 35 statliga
1458 2066 300 36 jordbrukspoliti-

253 2111 68 29 ken
341 2110 11 29 i
371 2110 265 35 fortsättningen
658 2110 88 30 skall
766 2109 96 36 följa.
883 2108 96 31 Båda
1000 2109 99 30 dessa
1117 2108 118 37 frågor
1256 2110 59 29 äro
1335 2109 55 30 för
1409 2110 218 29 närvarande
1649 2109 111 29 under

253 2152 184 36 utredning
456 2153 95 29 inom
569 2151 405 37 jordbrukskommittén.
995 2151 64 30 Det
1079 2161 100 26 synes
1199 2151 74 30 icke
1292 2151 157 36 lämpligt
1468 2154 49 27 att
1537 2161 93 25 man,
1650 2151 108 30 innan

255 2195 265 30 statsmakterna
546 2194 83 36 tagit
655 2194 162 36 ställning
843 2194 51 29 till
922 2194 97 30 dessa
1045 2193 126 36 frågor,
1203 2194 87 29 skall
1320 2193 137 36 vidtaga
1484 2203 42 21 en
1553 2193 38 31 så
1620 2202 137 27 genom-

254 2237 165 36 gripande
435 2237 203 35 förändring
658 2246 42 20 av
718 2238 41 29 de
777 2246 48 20 nu
846 2236 158 36 gällande
1020 2237 156 35 reglerna
1195 2245 57 21 om
1270 2236 135 36 statliga
1424 2236 122 36 bidrag
1563 2236 51 30 till
1630 2236 127 36 grund-

254 2278 215 37 förbättring,
491 2289 75 21 som
586 2279 10 30 i
616 2279 178 30 motionen
814 2278 201 36 föreslagits.

296 2371 116 36 Enligt
429 2373 67 29 vad
515 2380 74 21 som
611 2369 155 37 framgår
784 2380 42 20 av
844 2370 228 35 utredningen
1090 2370 11 29 i
1121 2370 139 30 ärendet
1280 2371 39 29 är
1337 2369 124 37 frågan
1482 2380 56 20 om
1558 2370 94 29 vilka
1674 2369 82 30 rikt-

252 2421 102 36 linjer
382 2422 66 29 den
474 2421 134 36 statliga
637 2420 357 36 jordbrukspoliliken
1017 2420 12 30 i
1058 2420 265 36 fortsättningen
1353 2421 89 29 skall
1468 2420 86 36 följa
1582 2423 90 26 samt
1701 2419 57 30 det

253 2472 144 30 därmed
421 2472 343 35 sammanhängande
787 2471 190 35 problemet
999 2480 57 20 om
1079 2471 69 29 vad
1170 2480 74 20 som
1270 2471 62 29 bör
1355 2470 155 36 vidtagas
1535 2470 56 30 för
1613 2473 50 27 att
1687 2469 68 30 för-
