2217 2678
700 138 344 34 Jordbruksutskottets
1066 140 162 33 utlåtande
1250 140 53 33 Nr
1326 142 73 32 132.
1772 144 17 31 7

239 216 147 37 datorer
427 216 188 38 befriades
652 218 83 36 från
777 220 187 48 gäldande
992 234 46 22 av
1074 220 160 38 berörda
1261 222 209 49 utskylder,
1499 223 177 49 utgjorde
1704 224 12 36 i
1744 229 90 32 runt

237 269 52 36 tal
318 270 112 46 8,500
461 270 138 36 kronor
628 271 153 48 årligen.
837 272 239 38 Beträffande
1105 274 99 36 detta
1231 274 150 50 belopp,
1404 288 80 23 som
1519 276 164 47 givetvis
1716 279 117 34 måste

237 321 192 37 betraktas
470 336 81 23 som
592 324 304 49 approximativt,
930 338 89 25 vore
1055 327 206 37 emellertid
1291 332 53 31 att
1373 327 140 49 märka,
1543 334 54 31 att
1625 328 209 38 detsamma

237 374 31 49 ej
300 374 107 37 torde
435 374 149 38 behöva
613 376 136 37 anlitas
777 377 12 36 1
817 377 57 37 sin
903 378 136 37 helhet.
1086 379 73 37 Det
1187 379 115 37 borde
1331 380 192 49 nämligen
1558 382 120 48 enligt
1702 383 131 48 styrel-

237 440 88 23 sens
355 427 246 37 förmenande
629 434 138 43 prövas
800 430 12 36 i
844 431 105 47 varje
991 432 152 36 särskilt
1185 432 75 47 fall,
1293 433 185 36 huruvida
1511 433 70 37 och
1614 434 13 35 i
1651 434 74 36 vad
1746 438 86 33 mån

237 491 46 24 en
312 479 218 37 arrendator
558 480 120 37 skulle
700 481 138 37 befrias
858 483 82 35 från
959 483 246 50 utskylderna
1225 484 58 36 för
1303 484 286 49 skogsmarken,
1611 486 68 36 och
1700 487 133 36 sådant

237 531 135 37 endast
426 532 208 49 medgivas,
691 533 45 37 då
789 535 330 49 taxeringsvärdet
1159 536 110 37 blivit
1310 537 12 36 i
1363 538 184 36 avsevärd
1587 539 96 48 grad
1738 539 92 49 höjt.

236 583 137 37 Härtill
413 584 162 49 komme,
620 591 53 31 att
702 586 245 38 allteftersom
977 585 261 40 arrendetiden
1266 589 58 37 för
1353 589 44 37 de
1426 590 98 36 olika
1553 591 280 48 egendomarna

236 637 173 48 utginge,
439 637 63 37 det
530 637 150 51 belopp,
711 652 80 23 som
819 640 57 36 för
908 640 288 49 ifrågavarande
1221 642 172 36 ändamål
1414 643 118 36 skulle
1552 642 149 38 behöva
1721 649 110 44 tagas

236 689 12 35 i
276 689 173 49 anspråk,
484 690 226 49 minskades,
733 697 89 31 enär
850 692 12 36 i
890 692 45 37 de
955 693 345 49 arrendekontrakt,
1321 708 80 23 som
1421 708 157 24 numera
1597 696 233 49 utfärdades,

236 741 12 35 i
277 742 204 36 allmänhet
508 742 83 37 icke
620 743 202 49 stadgades
852 747 127 47 någon
999 745 219 50 skyldighet
1237 747 59 36 för
1316 748 310 37 arrendatorerna
1646 754 54 48 att
1720 762 111 24 svara

237 794 58 36 för
335 794 205 50 utskylder,
583 796 102 36 vilka
726 797 81 37 icke
849 800 137 47 avsåge
1028 798 62 37 det
1127 799 246 37 arrenderade
1419 801 179 36 området.
1653 804 34 34 Å
1716 802 114 37 andra

236 846 107 36 sidan
371 846 116 37 borde
515 848 230 48 framhållas,
777 854 55 31 att
852 850 72 36 den
948 864 50 22 nu
1017 851 231 36 verkställda
1265 852 253 49 utredningen
1537 854 132 35 endast
1689 857 141 46 avsåge

236 900 403 46 kommunalutskylder,
682 914 86 23 men
801 902 33 49 ej
864 902 196 49 utskylder
1088 903 55 37 till
1171 904 292 50 prästerskapet,
1492 905 338 50 landstingsmedel

236 951 69 36 och
335 951 163 50 avgifter
528 952 58 36 för
613 952 363 51 tingshusbyggnad
996 969 48 22 m.
1066 969 47 22 m.
1161 956 118 37 Dessa
1302 957 207 49 utskylder,
1529 958 161 37 rörande
1709 958 120 38 vilkas

235 1003 140 37 storlek
404 1004 31 48 ej
465 1006 129 47 någon
622 1005 211 50 beräkning
861 1007 144 36 kunnat
1034 1008 290 48 åstadkommas,
1353 1010 107 36 torde
1488 1010 206 36 emellertid
1722 1011 12 36 i
1755 1011 73 36 för-

234 1055 174 37 hållande
438 1056 58 36 till
523 1057 469 51 kommunalutskylderna
1021 1074 88 22 vara
1138 1074 46 23 av
1211 1061 145 37 roindre
1384 1061 204 49 betydelse.

362 1108 340 50 Domänstyrelsen
735 1111 67 35 har
830 1111 120 36 tillika
977 1112 198 41 meddelat,
1207 1118 53 31 att
1288 1114 12 35 i
1328 1113 138 37 sådana
1495 1114 76 48 fall,
1601 1114 47 37 då
1676 1115 152 37 särskilt

233 1160 313 49 taxeringsvärde
586 1162 110 36 blivit
745 1163 275 49 skogsmarken
1062 1167 98 34 åsatt
1201 1171 97 31 samt
1334 1166 144 53 kronan
1507 1167 57 35 till
1591 1166 94 50 följd
1714 1167 115 38 därav

234 1212 202 37 debiterats
479 1213 57 36 för
571 1214 45 36 de
644 1217 49 47 på
721 1215 275 49 skogsmarken
1023 1216 211 51 belöpande
1263 1218 257 49 utskylderna,
1549 1219 144 36 kronan
1721 1220 12 35 i
1762 1220 66 36 all-

234 1265 154 37 mänhet
439 1266 12 35 1
503 1266 119 37 första
674 1267 101 37 hand
825 1268 122 49 erlagt
1001 1269 108 36 dessa
1160 1269 207 50 utskylder,
1412 1272 165 35 varefter
1627 1271 144 37 kronan
1816 1273 12 36 i

235 1317 192 49 åtskilliga
482 1318 66 36 fall
602 1318 110 38 krävt
754 1320 283 38 vederbörande
1091 1322 218 37 arrendator
1362 1326 49 46 på
1463 1323 363 51 utskyldsbeloppet.

233 1369 17 36 I
292 1370 207 49 anledning
540 1371 116 36 härav
691 1372 95 37 hade
823 1372 102 37 vissa
954 1387 45 22 av
1028 1375 307 36 arrendatorerna
1376 1376 212 49 återgäldat
1627 1377 73 36 vad
1742 1377 85 37 kro-

234 1435 74 23 nan
350 1423 158 36 sålunda
546 1423 259 47 förskotterat,
848 1426 118 36 under
994 1425 63 38 det
1085 1427 115 36 andra
1227 1432 136 43 vägrat
1391 1433 54 31 att
1473 1433 181 45 gottgöra
1681 1429 147 38 kronan

234 1473 45 37 de
324 1475 160 49 utgivna
525 1475 197 51 beloppen.
785 1477 72 37 Det
898 1483 129 45 syntes
1073 1493 51 22 nu
1170 1480 196 49 styrelsen,
1411 1494 82 23 som
1535 1494 61 23 om
1638 1482 71 36 den
1751 1495 77 24 om-

233 1527 279 48 ständigheten,
564 1533 55 31 att
663 1529 45 36 de
754 1530 100 36 förra
894 1531 204 48 godvilligt
1139 1533 122 47 erlagt
1300 1532 291 49 ifrågavarande
1618 1535 208 48 utskylder,

232 1579 83 36 icke
347 1579 116 37 borde
492 1580 138 49 betaga
658 1581 84 37 dem
769 1587 135 43 rätten,
935 1588 64 43 att,
1036 1583 5 36 i
1069 1584 178 37 händelse
1276 1590 123 32 staten
1433 1586 184 49 medgåve
1645 1592 53 31 att
1731 1587 96 50 själv

231 1631 210 37 vidkännas
482 1646 144 23 samma
673 1634 205 49 utskylder,
922 1636 117 36 återfå
1080 1636 73 36 vad
1195 1637 45 35 de
1282 1638 156 36 sålunda
1478 1638 117 37 betalt
1628 1639 88 36 eller
1748 1640 78 36 viss

232 1683 60 36 del
334 1684 124 36 därav.
528 1685 106 36 Dock
675 1687 106 35 torde
823 1700 47 22 en
911 1687 105 50 dylik
1045 1688 173 37 befrielse
1246 1689 82 36 icke
1355 1689 91 37 böra
1488 1704 86 22 avse
1615 1691 102 36 tiden
1746 1692 80 36 före

232 1738 40 33 år
320 1737 95 36 1903
459 1737 70 36 och
570 1738 11 35 i
628 1737 45 37 de
713 1738 108 37 festa
862 1739 62 36 fall
965 1739 208 50 begränsas
1208 1741 55 37 till
1302 1741 102 37 tiden
1433 1742 83 37 från
1557 1742 70 37 och
1668 1744 85 36 med
1786 1747 41 33 år

235 1789 109 47 1908,
387 1789 46 36 då
475 1802 47 23 en
563 1790 238 49 uppdelning
846 1805 46 22 av
933 1792 363 48 taxeringsvärdena
1324 1794 70 36 och
1423 1807 46 23 en
1497 1795 162 49 höjning
1687 1809 46 22 av
1762 1796 63 36 de-

233 1853 142 23 samma
402 1844 47 46 på
477 1842 125 48 grund
633 1856 44 22 av
702 1843 293 48 skogsmarkens
1023 1845 114 37 värde
1166 1846 12 36 1
1206 1851 120 32 större
1354 1847 266 49 utsträckning
1648 1853 47 31 än
1723 1848 102 37 förut

232 1906 46 22 av
306 1894 514 50 taxeringsmyndigheterna
849 1896 214 50 tillämpats.

361 1945 55 37 De
448 1946 215 48 kostnader,
698 1960 81 24 som
822 1961 138 36 genom
989 1949 63 36 det
1079 1963 50 23 nu
1157 1949 222 50 ifrågasatta
1407 1951 270 49 medgivandet
1705 1953 120 37 skulle

231 1997 172 37 åsamkas
450 1999 239 48 statsverket,
732 2008 130 41 syntes
904 2001 91 36 böra
1026 2002 184 37 bestridas
1239 2016 46 22 av
1313 2004 428 50 reservationsanslaget
1769 2006 56 36 till

230 2049 334 50 kronoskogarnas
580 2051 234 49 förvaltning
834 2053 70 36 och
923 2053 260 50 befrämjande
1204 2068 45 23 av
1268 2055 301 49 skogsväsendet
1588 2057 11 36 i
1620 2057 205 38 allmänhet

230 2102 89 36 eller
347 2102 44 37 de
419 2103 133 41 medel,
582 2117 80 23 som
681 2104 12 36 i
712 2105 164 36 nämnda
897 2107 152 48 anslags
1081 2107 107 36 ställe
1208 2107 119 37 skulle
1348 2108 218 50 disponeras
1588 2110 58 35 för
1665 2110 160 37 berörda

231 2154 161 48 skogars
420 2155 243 50 förvaltning.

358 2207 18 36 I
418 2207 45 37 de
503 2209 158 36 rörande
702 2209 164 37 kronans
907 2211 295 38 utarrenderade
1240 2212 180 38 domäner
1450 2213 172 38 gällande
1652 2215 171 37 arrende-

1448 2242 23 20 o

229 2259 180 36 kontrakt
450 2260 242 49 förekomma,
736 2264 123 34 såsom
888 2276 12 22 i
929 2263 60 36 det
1033 2264 227 48 föregående
1301 2266 185 48 omtalats,
1529 2279 11 23 i
1581 2268 103 48 regel
1725 2267 97 37 före-
