1878 2802
304 166 19 28 4
736 165 100 27 Andra
858 165 202 34 lagutskottets
1083 165 150 27 utlåtande
1256 174 35 18 nr
1313 166 45 26 36.

306 246 64 29 och
393 245 171 30 snabbare
588 245 131 30 tillväxt
741 255 43 20 av
807 245 40 30 de
870 245 160 30 tekniska
1053 254 197 21 reserverna
1274 246 45 28 än
1341 254 75 21 som
1439 245 118 30 dittills
1581 245 87 30 varit
1690 245 105 30 fallet.

307 299 232 38 Utredningen
564 298 163 30 framhöll
753 298 222 36 härutinnan,
1001 302 49 27 att
1075 298 413 39 tjänstepensioneringen
1512 298 108 30 redan
1645 298 86 30 visat
1756 308 41 20 en

306 353 93 29 stark
423 352 133 29 tillväxt
579 362 41 20 av
643 352 258 38 försäkringens
926 361 160 20 reserver.
1111 351 124 30 Vidare
1258 351 155 30 fortsatte
1437 351 240 38 utredningen:

351 414 51 29 En
429 413 371 39 pensionsförsäkring,
830 422 74 20 som
933 413 155 30 däremot
1116 413 94 29 ännu
1239 412 158 30 befinner
1425 413 50 37 sig
1504 413 10 29 1
1543 412 52 30 sin
1624 413 104 35 linda,
1760 414 38 28 är

306 458 431 38 arbetarpensioneringen.
765 457 106 31 Såvitt
896 467 48 20 nu
968 457 69 30 kan
1062 457 164 30 bedömas
1252 457 95 30 torde
1374 457 66 29 den
1466 457 49 29 tid
1539 457 31 38 ej
1596 466 83 21 vara
1704 456 94 39 långt

306 503 170 38 avlägsen,
502 502 43 30 då
570 503 86 29 även
679 502 124 38 frågan
827 512 57 20 om
907 502 173 30 arbetares
1103 501 241 39 pensionering
1367 501 45 39 på
1437 502 110 29 allvar
1571 502 156 29 kommer
1750 505 48 26 att

307 551 178 35 upptagas.
509 548 66 29 Om
596 546 37 31 så
653 547 87 35 sker,
763 547 95 29 torde
879 547 56 29 det
955 546 38 30 få
1014 556 97 20 anses
1133 546 204 39 uppenbart,
1359 549 49 27 att
1429 545 267 39 ifrågavarande
1717 555 80 29 pen-

306 592 170 38 sionering
499 593 136 38 mycket
657 592 124 30 snabbt
801 592 158 29 kommer
981 595 49 26 att
1051 591 220 38 genomföras
1295 591 53 29 för
1368 590 194 39 betydande
1585 598 149 31 grupper
1757 600 41 20 av

307 637 65 29 den
396 637 319 38 kroppsarbetande
740 636 256 38 befolkningen,
1023 636 103 29 vilket
1152 636 9 29 i
1188 636 53 29 sin
1266 635 146 38 ordning
1439 635 110 30 skulle
1576 635 156 30 medföra
1758 644 41 20 en

307 691 46 29 ny
374 682 63 29 och
459 681 282 38 utomordentligt
761 681 94 29 stark
877 680 130 38 ökning
1029 690 42 20 av
1091 680 340 38 placeringsbehovet
1453 679 176 39 samtidigt
1650 680 78 29 med
1750 682 50 27 att

307 726 110 30 ökade
436 725 210 39 svårigheter
661 725 142 30 komma
821 727 49 28 att
887 724 127 40 uppstå
1032 725 10 29 i
1059 724 98 39 fråga
1176 734 57 20 om
1250 724 275 30 bestämmandet
1542 733 42 21 av
1604 724 65 29 den
1688 725 110 28 ränte-

307 770 59 35 fot,
391 780 75 20 som
489 771 63 29 bör
576 771 116 37 läggas
716 770 49 29 till
789 770 112 38 grund
925 769 55 30 för
1003 769 191 38 beräkning
1219 778 44 21 av
1285 768 148 39 premier
1457 768 64 30 och
1544 768 254 39 premiereserv.

309 816 63 29 Det
395 816 96 29 torde
514 818 83 26 utan
622 815 114 29 vidare
761 824 82 20 vara
868 815 101 34 klart,
996 816 58 33 att,
1080 815 85 28 även
1190 823 57 20 om
1273 821 123 30 genom
1419 822 43 20 en
1486 812 246 39 liberalisering
1758 822 41 20 av

308 860 200 29 nuvarande
535 859 451 39 placeringsbestämmelser
1011 868 43 20 en
1080 858 67 30 viss
1174 858 133 30 lättnad
1334 857 55 30 för
1415 857 149 30 tillfället
1590 857 70 30 kan
1688 857 111 30 åstad-

308 905 166 34 kommas,
500 904 254 38 verkningarna
777 913 41 20 av
841 913 42 20 en
906 903 203 38 utvidgning
1133 912 43 20 av
1197 901 352 40 placeringsområdet
1572 902 108 29 skulle
1704 902 95 29 kom-

309 959 55 20 ma
390 953 47 26 att
464 949 137 38 mycket
626 948 124 30 snabbt
775 948 243 29 neutraliseras
1044 947 45 39 på
1116 947 112 38 grund
1254 956 43 20 av
1322 947 41 29 de
1388 946 195 39 betydande
1610 946 122 29 fonder
1759 955 41 20 en

308 993 376 39 arbetarpensionering
709 993 109 29 skulle
841 993 142 29 komma
1007 995 48 27 att
1078 992 116 29 kräva.

354 1038 76 30 Med
449 1038 200 29 nuvarande
670 1037 234 38 anordningar
922 1038 71 28 kan
1013 1046 41 20 en
1073 1035 371 40 pensionsförsäkring,
1464 1035 115 38 byggd
1597 1034 45 39 på
1662 1034 139 38 frivillig

309 1083 120 37 grund,
450 1082 74 30 icke
545 1082 125 29 ordnas
692 1085 83 26 utan
796 1081 271 38 reservbildning
1089 1080 103 38 enligt
1212 1080 116 30 kända
1351 1080 158 30 tekniska
1529 1079 181 39 principer.
1736 1078 66 30 Får

309 1127 424 39 arbetarpensioneringen
758 1127 106 29 större
891 1125 216 38 omfattning,
1134 1125 103 29 vilket
1264 1125 95 29 torde
1385 1134 82 20 vara
1493 1128 49 26 att
1566 1125 113 34 vänta,
1706 1124 94 29 kom-

310 1181 72 20 mer
406 1171 120 30 därför
552 1172 174 28 resultatet
752 1174 48 27 att
824 1170 47 30 bli
898 1180 42 20 en
966 1179 119 21 enorm
1111 1169 253 38 fondbildning,
1392 1169 9 29 i
1429 1171 85 27 stort
1540 1172 61 27 sett
1627 1168 175 39 jämförlig

310 1216 77 30 med
414 1216 66 29 den
507 1225 74 20 som
607 1225 41 20 en
674 1215 45 39 på
744 1215 407 38 premiereservsystemet
1176 1214 163 38 uppbyggd
1391 1214 130 28 allmän
1549 1212 252 39 folkpensione-

311 1261 74 38 ring
410 1261 110 29 skulle
546 1260 117 30 kräva.
691 1260 146 29 Bortsett
864 1259 80 30 från
970 1258 202 39 spörsmålet
1200 1268 57 20 om
1284 1257 258 38 försäkringens
1569 1257 165 30 karaktär
1761 1266 42 20 av

311 1305 138 38 frivillig
475 1305 82 29 eller
582 1304 232 38 obligatorisk,
842 1304 110 29 skulle
978 1304 32 29 vi
1037 1303 51 30 stå
1113 1303 92 30 inför
1231 1303 9 29 i
1267 1302 184 30 huvudsak
1477 1311 134 20 samma
1637 1301 164 38 problem,

311 1359 73 21 som
406 1349 131 39 förelåg
558 1349 55 30 för
637 1350 81 29 1928
741 1348 55 30 års
817 1346 570 41 pensionsförsäkringskommitté.
1412 1346 81 30 Som
1515 1346 128 30 bekant
1665 1346 137 29 resulte-

312 1395 80 29 rade
422 1394 222 30 kommitténs
673 1393 171 39 prövning
874 1393 10 29 i
914 1395 46 28 ett
991 1392 138 38 förslag,
1161 1401 74 20 som
1265 1391 144 30 innebar
1439 1400 42 20 en
1512 1390 291 39 genomgripande

312 1439 128 29 reform
472 1448 41 22 av
546 1439 65 29 den
644 1438 212 29 existerande
888 1437 223 30 invaliditets-
1146 1437 64 29 och
1244 1435 449 38 ålderdomsförsäkringen,
1728 1443 74 21 var-

311 1483 135 38 igenom
472 1483 408 38 premiereservsystemet
907 1482 111 29 skulle
1044 1482 142 28 ersättas
1215 1481 78 29 med
1320 1484 45 26 ett
1392 1479 343 38 fördelningssystem
1760 1496 45 3 —

311 1538 41 19 en
375 1528 138 34 reform,
536 1537 74 20 som
633 1536 119 21 senare
774 1526 121 30 vunnit
918 1526 282 30 statsmakternas
1224 1525 262 37 godkännande.

357 1572 94 29 Inför
475 1573 40 28 de
537 1581 68 29 nya
626 1571 301 39 komplikationer,
951 1580 75 20 som
1046 1587 44 4 —
1112 1570 113 29 därest
1248 1569 73 30 icke
1344 1569 109 38 själva
1476 1567 327 39 placeringsmöjlig-

312 1617 140 29 heterna
479 1615 154 39 undergå
660 1625 42 20 en
729 1615 202 38 fullständig
960 1614 222 38 omvandling
1209 1632 45 2 —
1279 1614 141 29 komma
1448 1615 49 28 att
1526 1611 125 40 uppstå
1679 1612 57 29 vid
1763 1621 42 20 en

312 1661 194 39 ytterligare
533 1661 167 37 utökning
727 1670 43 20 av
795 1659 416 39 pensionsförsäkringen,
1240 1659 94 29 torde
1362 1658 55 29 det
1443 1657 46 30 bli
1517 1656 212 39 nödvändigt
1757 1659 48 27 att

312 1705 167 39 ingående
506 1706 168 37 överväga
702 1704 130 39 frågan,
861 1704 173 30 huruvida
1062 1704 54 29 det
1143 1704 38 29 är
1208 1703 132 38 möjligt
1367 1702 139 38 vidtaga
1535 1701 167 38 åtgärder,
1731 1711 74 20 som

313 1751 187 38 förebygga
524 1760 42 19 en
589 1750 195 37 utveckling
807 1759 42 20 av
872 1749 113 29 denna
1009 1748 196 38 försäkring
1230 1747 85 30 efter
1338 1747 109 38 linjer,
1472 1756 75 20 som
1568 1764 44 3 —
1635 1745 100 30 såvitt
1758 1755 46 20 nu

313 1796 69 29 kan
405 1796 165 29 bedömas
596 1813 44 3 —
664 1804 119 20 senare
809 1795 119 28 kunna
955 1793 72 30 visa
1054 1793 48 38 sig
1130 1791 276 38 oframkomliga.
1437 1792 49 28 De
1513 1790 190 34 alternativ,
1732 1799 74 21 som

313 1840 201 30 överhuvud
538 1839 51 30 stå
613 1839 47 30 till
684 1839 88 29 buds
796 1838 54 30 för
873 1838 179 30 ordnande
1075 1847 42 20 av
1140 1846 41 20 en
1204 1836 240 39 pensionering
1468 1835 55 30 för
1546 1835 170 30 anställda
1741 1834 64 29 och

313 1885 153 29 arbetare
491 1885 60 29 äro

361 1929 27 38 1)
419 1939 40 19 en
483 1928 241 39 pensionering
748 1937 43 20 av
814 1927 171 30 anställda
1010 1927 64 28 och
1098 1926 156 30 arbetare
1279 1925 186 38 uppbyggd
1488 1924 77 29 med
1590 1923 182 38 fondering
1796 1922 10 30 i

314 1974 338 29 överensstämmelse
677 1973 78 29 med
778 1972 408 38 premiereservsystemet
1211 1969 122 30 sådant
1359 1969 91 30 detta
1475 1968 119 30 hittills
1619 1967 187 38 tillämpats

314 2018 94 30 inom
432 2016 437 39 livförsäkringsväsendet,

359 2063 30 37 2)
421 2072 42 20 en
487 2061 241 40 pensionering
753 2060 189 39 uppbyggd
966 2059 104 39 enligt
1095 2059 9 30 i
1129 2058 185 30 huvudsak
1340 2067 134 20 samma
1498 2057 102 38 linjer
1625 2065 78 21 men
1729 2056 78 30 med

315 2107 224 39 tillämpande
564 2116 41 20 av
628 2105 180 38 väsentligt
832 2105 105 29 friare
960 2104 257 30 bestämmelser
1241 2103 147 29 rörande
1410 2101 220 39 placeringen
1654 2101 64 30 och

359 2152 31 38 3)
423 2161 42 20 en
492 2151 240 39 pensionering
760 2150 133 29 ordnad
920 2149 86 30 efter
1033 2148 130 31 sådana
1190 2148 110 38 linjer,
1328 2150 48 27 att
1403 2146 270 38 finansieringen
1699 2146 71 29 kan
1797 2145 10 29 i

316 2200 82 26 stort
416 2200 62 27 sett
497 2197 59 29 ske
572 2195 85 30 efter
673 2195 219 39 principerna
911 2194 54 30 för
984 2197 45 26 ett
1047 2192 342 38 fördelningssystem
1406 2191 81 29 eller
1504 2191 9 29 i
1532 2190 95 39 varje
1644 2190 61 30 fall
1723 2192 84 27 utan

316 2241 65 30 den
406 2241 195 39 betydande
631 2239 241 38 fondbildning
898 2238 408 39 premiereservsystemet
1333 2236 133 30 kräver.

362 2331 12 29 I
403 2330 266 38 fortsättningen
699 2328 171 35 anfördes,
901 2332 49 26 att
980 2328 41 29 de
1050 2327 91 30 olika
1171 2325 190 35 alternativ,
1393 2334 75 20 som
1497 2324 173 39 inrymdes
1700 2323 109 29 under

318 2384 106 38 tredje
451 2384 165 38 punkten,
644 2383 181 38 inbegrepe
853 2381 95 30 såväl
978 2390 42 21 en
1047 2380 135 38 lösning
1209 2389 43 20 av
1279 2379 190 39 problemet
1496 2386 124 30 genom
1648 2386 41 21 en
1715 2376 11 29 i
1753 2377 55 37 lag

317 2437 215 30 föreskriven
555 2436 224 38 obligatorisk
802 2434 362 40 pensionsförsäkring
1189 2433 56 30 för
1269 2431 170 32 anställda
1465 2432 65 29 och
1555 2431 155 30 arbetare
1735 2438 74 21 som

319 2490 185 31 vinnandet
530 2500 42 20 av
598 2490 54 29 det
678 2488 144 31 åtrådda
847 2488 104 39 syftet
975 2487 46 39 på
1045 2487 108 30 andra
1179 2487 116 37 vägar,
1321 2485 205 38 exempelvis
1552 2492 124 31 genom
1700 2492 41 20 en
1767 2492 43 20 av
