2208 2614
182 270 180 23 Intendentur-

171 305 204 29 etablissemang.

237 346 68 46 [4.]

197 630 149 23 Utskottets

209 666 129 28 yttrande.

189 1410 155 23 Kaserneta-

189 1445 162 29 blissomang.

235 1487 66 46 [5].

191 1771 148 24 Utskottets

200 1807 129 28 yttrande.

392 176 21 30 4
906 178 255 33 Statsutskottets
1182 181 168 32 utlåtande
1372 182 53 31 Nr
1446 186 76 29 109.

499 259 74 49 4:0)
628 260 127 38 Under
794 262 122 49 punkt
957 265 23 34 4
1022 264 67 36 har
1129 264 143 51 Kungl.
1311 266 108 49 Maj:t
1462 268 192 50 föreslagit
1696 270 205 49 riksdagen
1941 278 54 32 att

397 311 58 36 för
496 312 183 37 täckande
707 326 46 23 av
782 314 213 50 förskjutna
1022 315 203 38 kostnader
1251 318 58 36 för
1336 319 236 49 uppförande
1600 335 46 22 av
1675 321 318 41 intendentureta-

396 362 231 50 blissemang
667 367 20 33 å
723 365 211 50 Karlsborg
975 367 70 36 och
1073 368 12 35 i
1112 368 130 37 Boden
1270 372 20 34 å
1318 370 233 49 tilläggsstat
1580 373 58 36 för
1666 376 40 34 år
1736 376 96 34 1918
1863 377 131 35 anvisa

396 420 54 31 ett
478 415 308 50 förslagsanslag,
814 417 126 49 högst,
972 420 201 46 1,217,150
1201 421 147 36 kronor.

498 466 238 39 Beträffande
776 469 252 49 utredningen
1058 472 157 36 rörande
1244 472 119 37 denna
1390 474 123 49 punkt
1542 475 54 36 får
1622 476 186 37 utskottet
1836 478 156 37 hänvisa

396 517 56 37 till
481 519 412 50 statsrådsprotokollet
921 522 68 36 sid.
1020 524 20 34 9
1070 523 69 36 och
1171 525 57 35 10.

498 621 51 37 På
576 622 278 50 framställning
882 638 47 22 av
957 626 143 48 Kungl.
1129 626 108 49 Maj:t
1264 627 163 50 medgav
1457 631 97 35 1908
1583 633 60 34 års
1671 631 167 50 riksdag,
1859 638 53 31 att
1945 647 46 23 av

393 672 302 52 köpeskillingen
736 675 58 37 för
835 676 44 36 de
916 679 41 34 så
998 677 146 37 kallade
1185 678 460 40 Fredrikshovstomterna
1677 686 20 33 å
1727 673 223 48 Östermalm
1978 686 12 36 i

393 723 218 39 Stockholm
640 727 115 48 högst
785 729 201 46 1,217,150
1014 730 139 36 kronor
1180 731 102 48 finge
1309 733 193 36 användas
1522 733 55 36 till
1595 735 233 49 uppförande
1848 750 48 23 av
1911 738 79 36 dels

392 776 132 49 bageri
543 778 71 36 och
633 778 289 50 havremagasin
943 783 21 34 å
984 781 219 49 Karlsborg,
1233 783 78 37 dels
1340 789 53 31 ett
1420 785 536 52 intendenturetablissemang
1979 790 11 35 i

391 828 129 37 Boden
555 834 179 32 ävensom
763 836 54 31 att
848 831 140 50 Kungl.
1019 833 107 49 Maj:t
1154 834 120 37 skulle
1303 841 71 42 äga
1402 836 241 38 förskottsvis
1672 851 46 23 av
1746 839 245 50 tillgängliga

392 880 120 36 medel
539 882 212 36 utanordna
779 883 156 36 sålunda
963 884 55 36 till
1046 885 224 49 förfogande
1297 888 135 36 ställda
1460 888 148 50 belopp.

495 932 95 37 Hela
629 934 164 37 nämnda
833 935 151 50 belopp,
1013 936 116 37 vilket
1170 937 209 39 sedermera
1420 940 58 36 för
1504 941 283 48 ifrågavarande
1815 943 174 38 ändamål

391 983 224 50 förskjutits,
644 985 67 36 har
737 1000 50 22 nu
816 988 162 36 anmälts
1006 988 55 37 till
1090 990 222 37 ersättande.

494 1036 194 38 Utskottet
715 1037 226 50 hemställer,

891 1148 56 31 att
974 1143 204 49 riksdagen
1206 1148 60 33 må
1308 1146 57 36 för
1392 1148 173 36 täckande
1592 1161 44 23 av
1665 1149 203 49 förskjutna
1896 1151 92 36 kost-

789 1195 113 35 nader
922 1194 65 48 för
1006 1197 232 48 uppförande
1257 1211 45 23 av
1321 1199 489 52 intendenturetablissemang
1829 1203 19 36 å
1858 1204 129 35 Karls-

789 1246 84 48 borg
901 1248 62 35 och
991 1248 14 35 i
1030 1248 124 36 Boden
1182 1251 20 33 å
1230 1249 235 49 tilläggsstat
1495 1251 56 36 för
1579 1254 39 33 år
1649 1254 96 35 1918
1775 1254 131 36 anvisa
1934 1260 52 31 ett

788 1296 312 52 förslagsanslag,
1129 1299 125 49 högst,
1287 1303 200 46 1,217,150
1515 1303 147 37 kronor.

493 1396 74 49 5:0)
624 1397 126 38 Under
793 1400 123 49 punkt
958 1403 21 34 5
1022 1402 66 36 har
1127 1403 141 49 Kungl.
1310 1404 107 49 Maj:t
1458 1405 191 50 föreslagit
1688 1407 201 50 riksdagen
1932 1414 54 32 att

389 1448 57 36 för
473 1449 184 37 täckande
685 1464 47 22 av
760 1451 214 49 förskjutna
1002 1453 203 38 kostnader
1233 1456 56 35 för
1315 1457 236 48 uppförande
1584 1472 46 22 av
1659 1459 326 38 kasernetablisse-

387 1513 116 36 mang
531 1501 57 36 för
614 1501 101 37 vissa
741 1502 419 50 infanteriregementen
1188 1509 21 33 å
1236 1507 232 49 tilläggsstat
1497 1509 57 37 för
1582 1513 39 33 år
1651 1512 96 35 1918
1777 1512 131 37 anvisa
1932 1518 53 31 ett

386 1551 310 50 förslagsanslag,
750 1554 124 49 högst,
904 1557 204 46 4,000,000
1135 1557 149 37 kronor.

490 1604 237 37 Beträffande
767 1606 248 49 utredningen
1049 1609 157 36 rörande
1235 1609 121 37 denna
1383 1611 122 48 punkt
1533 1612 56 36 får
1616 1613 182 38 utskottet
1826 1615 159 38 hänvisa

386 1654 57 36 till
472 1656 408 49 statsrådsprotokollet
908 1659 69 36 sid.
1010 1661 45 35 10
1084 1660 70 37 och
1184 1663 58 34 11.
1519 1669 4 3 i

491 1758 74 36 För
604 1760 235 49 uppförande
880 1775 47 22 av
968 1762 432 53 kasernetablissemang
1441 1767 58 36 för
1530 1767 141 38 femton
1700 1769 284 51 imfanterirege-

386 1815 152 31 menten
566 1810 186 50 beviljade
783 1814 96 35 1906
910 1816 59 34 års
997 1814 156 50 riksdag
1180 1821 52 31 ett
1260 1823 104 30 extra
1378 1818 135 49 anslag
1528 1833 45 22 av
1590 1822 227 46 21,744,000
1833 1822 149 37 kronor.

385 1861 218 37 Emellertid
643 1863 128 38 visade
811 1864 62 37 det
915 1866 73 48 sig,
1018 1872 55 31 att
1113 1868 164 36 nämnda
1304 1870 134 48 anslag
1470 1870 82 38 icke
1583 1885 67 23 var
1682 1873 58 36 för
1771 1874 212 37 ändamålet

386 1913 227 50 tillräckligt.
658 1915 130 49 Enligt
816 1917 72 36 vad
917 1917 59 37 för
1007 1920 95 35 1915
1132 1922 59 33 års
1205 1920 155 50 riksdag
1373 1923 204 47 anmäldes,
1597 1923 232 38 beräknades
1844 1925 138 49 ifråga-

383 1965 165 36 varande
589 1966 353 51 byggnadsföretag
983 1970 63 36 vid
1086 1972 165 36 nämnda
1291 1972 178 50 tidpunkt
1509 1975 150 36 komma
1700 1981 54 31 att
1790 1976 118 50 draga
1936 1991 45 23 en

383 2017 219 49 ytterligare
621 2018 160 37 kostnad
810 2033 38 23 av
870 2021 11 35 i
896 2021 88 36 runt
999 2022 51 36 tal
1068 2024 227 47 11,021,000
1315 2025 150 36 kronor.
1520 2026 85 37 Med
1634 2027 204 49 anledning
1865 2029 117 37 härav

383 2068 162 49 medgav
586 2083 142 23 samma
768 2071 156 50 riksdag
956 2078 54 31 att
1037 2087 47 23 av
1113 2074 44 37 de
1185 2075 133 48 medel,
1348 2089 80 24 som
1458 2077 129 37 inflöte
1615 2078 62 36 vid
1706 2079 274 50 försäljningen

384 2133 46 22 av
470 2121 95 36 visst
605 2121 143 37 kronan
789 2123 196 49 tillhörigt,
1031 2128 4 33 å
1062 2125 288 51 Kungsholmen
1383 2129 11 35 i
1415 2128 217 38 Stockholm
1661 2130 149 49 beläget
1838 2133 70 35 och
1933 2146 47 23 av

383 2170 99 37 Svea
508 2173 241 50 ingenjörkår
776 2175 218 49 disponerat
1022 2178 159 46 område,
1210 2181 203 45 4,000,000
1441 2181 140 37 kronor
1607 2182 102 49 finge
1737 2187 109 45 tagas
1874 2184 12 36 i
1915 2198 63 22 an-

382 2223 113 49 språk
545 2225 56 35 för
642 2225 149 38 fortsatt
831 2227 126 38 arbete
997 2231 21 34 å
1059 2229 264 39 förutnämnda
1364 2232 144 37 femton
1549 2233 431 52 kasernetablissemang
