1888 2846
284 157 40 30 38
674 161 120 31 Första
818 162 238 37 lagutskottets
1081 163 177 32 utlåtande
1282 164 49 31 Nr
1352 167 50 30 35.

426 245 140 38 (Kungl.
585 247 119 36 Maj:ts
721 247 161 37 förslag:)
1231 248 207 37 (Utskottets
1459 250 163 38 förslag:)

995 341 40 29 24
1056 340 29 37 8.

333 405 67 29 Vill
419 405 66 30 den
505 406 127 30 dömde
654 406 73 31 före
746 407 253 31 besvärstidens
1018 406 130 38 utgång
1168 408 154 31 förklara
1342 408 50 37 sig
1412 408 84 37 nöjd
1517 410 79 30 med
1616 409 146 36 utslaget
1782 409 11 30 i

290 456 65 30 vad
373 456 56 30 det
448 465 99 21 avser
564 457 67 29 den
649 456 193 38 villkorliga
859 458 136 36 domen,
1014 457 58 32 må
1088 458 237 37 förklaringen
1345 459 138 37 avgivas
1502 459 93 31 inför
1612 460 181 30 underrätt

289 515 74 20 som
379 506 173 31 meddelat
567 507 146 36 utslaget
730 508 81 30 eller
825 508 458 37 övervakningsdomstolen.
1312 509 114 31 Sådan
1443 509 193 38 förklaring
1653 510 58 31 må
1726 511 66 30 ock

289 555 139 37 avgivas
446 556 93 31 inför
556 557 143 31 domare
717 558 81 30 eller
814 558 152 31 ledamot
984 568 42 21 av
1043 558 201 32 rådhusrätt
1263 569 74 21 som
1356 560 11 30 i
1387 561 19 29 9
1425 560 18 37 8
1463 561 76 35 sägs
1558 561 83 30 eller
1659 561 66 30 ock
1742 561 50 30 in-

289 606 55 30 för
360 607 279 36 tillsyningsman
655 608 81 30 eller
750 611 194 36 styresman
961 609 56 31 vid
1035 609 105 31 häkte
1155 610 82 30 eller
1253 610 161 36 fängelse.
1445 610 215 37 Förklaring,
1677 611 115 30 vilken

288 657 136 37 avgives
452 655 93 31 inför
573 665 117 22 annan
714 658 43 30 än
785 657 181 32 underrätt
993 668 74 21 som
1096 659 173 31 meddelat
1296 659 156 37 utslaget,
1481 660 88 30 skall
1599 660 76 31 icke
1704 660 89 36 gälla

288 709 84 28 utan
393 709 49 28 att
463 707 146 37 utslaget
631 706 80 31 eller
732 708 129 31 rättens
883 709 82 30 eller
986 710 183 30 domarens
1191 710 94 31 bevis
1307 720 58 21 om
1387 710 121 31 målets
1529 710 138 38 utgång,
1692 710 101 32 såvitt

288 756 66 31 den
375 757 126 31 dömde
521 758 105 35 rörer,
649 757 112 32 finnes
782 760 49 29 att
851 758 96 37 tillgå
967 759 53 31 för
1041 760 68 30 den
1129 769 76 21 som
1225 763 168 34 mottager
1415 760 247 38 förklaringen.

333 806 214 37 Förklaring,
573 816 76 22 som
669 807 142 37 avgivits
837 809 10 30 i
872 809 340 32 överensstämmelse
1238 811 78 30 med
1341 812 67 30 vad
1433 820 48 22 nu
1506 814 102 34 sagts,
1635 811 58 32 må
1717 811 76 31 icke

287 856 180 37 återtagas.
512 858 73 30 Har
607 858 68 31 den
697 858 125 32 dömde
844 859 158 32 besvärat
1024 860 51 38 sig
1097 862 82 29 över
1201 861 155 37 utslaget,
1381 862 97 31 skola
1501 862 168 31 besvären
1692 871 100 22 anses

287 906 211 33 återkallade
534 915 125 29 genom
695 908 332 39 nöjdförklaringen,
1053 909 102 33 såvitt
1191 910 106 38 angår
1333 910 98 39 fråga
1456 921 75 21 som
1556 911 237 38 förklaringen

287 967 107 22 avser.

607 1028 41 30 25
666 1026 30 41 8.
1378 1032 41 29 25
1437 1031 29 37 8.

330 1080 396 43 Övervakningsnämnd
747 1088 57 31 må
825 1098 43 21 av
889 1090 129 30 allmän

285 1136 178 31 underrätt
487 1137 159 31 tillsättas
670 1138 54 30 för
742 1139 212 38 behandling
977 1150 41 21 av

285 1185 116 37 frågor
417 1196 73 21 som
505 1188 105 37 enligt
626 1189 113 31 denna
755 1190 55 37 lag
824 1191 120 30 kunna
959 1201 58 21 an-

284 1236 141 31 komma
449 1237 44 37 på
515 1237 110 32 sådan
648 1241 140 29 nämnd.
836 1241 182 31 Nämnden

284 1287 87 30 skall
387 1287 96 31 bestå
498 1297 43 21 av
556 1289 106 30 minst
677 1292 50 28 tre
742 1291 198 31 ledamöter.
968 1292 49 30 Av

285 1337 234 32 ledamöterna
541 1340 89 30 skall
653 1340 104 31 minst
778 1351 43 21 en
844 1351 83 21 vara
949 1343 67 36 lag-

284 1386 98 32 faren
414 1389 340 38 befattningshavare
780 1392 57 30 vid
869 1393 148 31 domstol

283 1446 75 22 com
384 1439 119 31 tillsatt
528 1441 177 30 nämnden
731 1446 89 27 samt
847 1453 57 21 om
930 1445 86 36 möj-

1103 1083 394 43 Övervakningsnämnd
1520 1089 57 32 må
1598 1100 43 21 av
1662 1091 131 30 allmän

1057 1139 179 30 underrätt
1258 1139 159 31 tillsättas
1440 1140 55 30 för
1516 1140 212 38 behandling
1750 1150 42 21 av

1058 1187 117 39 frågor
1204 1198 74 21 som
1308 1190 104 37 enligt
1442 1191 114 30 denna
1586 1191 56 38 lag
1672 1191 120 31 kunna

1057 1240 189 30 ankomma
1272 1239 43 37 på
1340 1239 108 31 sådan
1472 1241 142 30 nämnd.
1664 1241 127 30 Nämn-

1056 1289 68 30 den
1139 1290 89 29 skall
1243 1289 95 31 bestå
1350 1299 42 21 av
1408 1291 104 30 minst
1526 1293 50 28 tre
1592 1291 198 31 ledamöter.

1056 1340 50 28 Av
1133 1340 235 30 ledamöterna
1391 1341 88 30 skall
1506 1340 105 32 minst
1638 1350 43 21 en
1708 1350 83 22 vara

1056 1389 157 37 lagfaren
1241 1389 340 38 befattningshavare
1609 1391 58 31 vid
1695 1392 95 30 dom-

1056 1439 65 30 stol
1137 1449 75 20 som
1228 1440 119 30 tillsatt
1363 1441 186 30 nämnden.
1589 1441 202 32 Domstolen

1056 1489 186 30 förordnar
1261 1499 42 21 en
1323 1499 42 21 av
1384 1491 236 31 ledamöterna
1640 1495 48 28 att
1709 1501 82 22 vara

1056 1539 211 32 ordförande
1283 1540 9 30 i
1309 1542 184 30 nämnden.

283 1488 59 36 ligt
359 1498 42 21 en
419 1499 81 22 vara
517 1491 129 31 läkare.
665 1492 200 33 Domstolen
884 1495 132 31 förord-

284 1547 62 21 nar
370 1548 42 21 en
436 1549 43 21 av
501 1541 236 33 ledamöterna
760 1547 49 27 att
832 1554 84 22 vara
940 1547 75 29 ord-

283 1590 146 31 förande
451 1593 10 29 i
483 1593 187 30 nämnden.

331 1642 98 31 Flera
451 1643 191 32 domstolar
661 1644 56 31 må
737 1645 121 32 förena
880 1647 49 36 sig
948 1656 57 21 om
1024 1656 198 28 gemensam
1244 1650 396 37 övervakningsnämnd.

989 1749 41 30 26
1049 1749 29 37 8.

330 1810 179 38 Villkorlig
525 1812 82 30 dom
625 1813 103 36 enligt
745 1814 113 31 denna
876 1815 55 36 lag
947 1814 57 32 må
1020 1815 30 37 ej
1070 1816 176 33 meddelas
1263 1817 10 29 i
1289 1816 98 38 fråga
1404 1827 57 21 om
1477 1819 92 30 brott
1585 1822 73 28 mot
1674 1820 111 37 tryck-

285 1860 373 39 frihetsförordningen
686 1864 80 30 eller
791 1865 102 35 brott,
922 1865 56 30 för
1003 1866 104 30 vilket
1135 1867 104 30 straff
1265 1868 38 29 är
1330 1871 105 28 utsatt
1462 1868 11 30 i
1501 1869 204 37 strafflagen
1733 1870 56 30 för

284 1910 248 39 krigsmakten;
567 1912 91 31 dock
697 1913 57 31 må
792 1913 173 40 villkorlig
1003 1915 81 31 dom
1124 1915 145 37 beviljas
1298 1917 220 32 beträffande
1546 1919 93 31 brott
1668 1922 72 28 mot
1768 1919 20 30 8

286 1961 77 36 kap.
387 1962 217 32 sistnämnda
626 1965 63 35 lag,
712 1965 62 30 där
794 1965 66 30 den
882 1965 166 32 tilltalade
1070 1967 186 37 förskyller
1277 1968 153 37 fängelse
1450 1970 83 30 eller
1554 1970 231 31 straffarbete.

286 2011 40 37 Ej
347 2012 107 31 heller
472 2012 57 32 må
547 2014 172 37 villkorlig
738 2015 80 31 dom
837 2016 130 31 brukas
986 2017 10 30 i
1015 2016 98 37 fråga
1134 2027 57 21 om
1211 2018 123 31 förlust
1353 2029 42 20 av
1415 2020 143 36 ämbete,
1578 2020 109 37 tjänst
1706 2021 82 30 eller

285 2071 116 22 annan
423 2064 130 30 allmän
576 2064 193 38 befattning
792 2067 82 29 eller
896 2067 11 29 i
929 2066 98 37 fråga
1050 2077 58 21 om
1130 2067 146 37 påföljd,
1301 2078 73 21 som
1399 2079 95 22 avses
1518 2070 11 30 i
1552 2071 19 29 2
1596 2071 80 36 kap.
1701 2072 41 29 20
1767 2071 18 37 8

285 2113 213 37 strafflagen,
520 2115 82 30 eller
624 2116 163 31 liknande
808 2116 146 37 påföljd,
977 2127 72 21 som
1071 2118 114 31 finnes
1207 2120 143 35 stadgad
1371 2120 9 30 i
1402 2130 116 21 annan
1539 2121 55 36 lag
1615 2121 82 30 eller
1717 2121 68 31 för-

284 2163 159 38 fattning.

985 2237 39 28 27
1047 2236 29 37 8.

324 2298 75 31 Vad
420 2301 10 29 i
451 2300 54 36 lag
526 2301 82 30 eller
629 2301 206 37 författning
856 2302 114 31 finnes
993 2303 134 36 stadgat
1149 2303 176 37 angående
1347 2305 148 30 särskild
1518 2305 129 31 verkan
1670 2315 42 21 av
1734 2308 49 28 att

280 2347 113 37 någon
413 2350 117 31 dömes
548 2351 50 30 till
619 2351 103 31 straff
740 2352 86 30 skall
846 2353 64 36 äga
929 2354 243 30 motsvarande
1190 2355 228 36 tillämpning,
1439 2353 44 32 då
1501 2363 123 28 genom
1644 2356 137 30 villkor-

281 2399 43 36 lig
346 2399 81 30 dom
448 2400 145 37 beviljas
615 2401 148 31 anstånd
784 2403 79 32 med
886 2403 119 31 straffs
1027 2403 205 37 ådömande,
1256 2405 64 30 och
1344 2405 98 35 skall,
1466 2405 62 30 där
1550 2406 113 31 skilda
1685 2406 95 30 verk-

280 2449 123 37 ningar
423 2450 87 36 följa
531 2461 43 21 av
594 2452 94 31 olika
710 2453 205 36 straffarter,
938 2453 107 31 sådan
1067 2454 82 30 dom
1172 2464 98 21 anses
1292 2455 70 30 lika
1383 2455 79 30 med
1484 2455 81 31 dom
1586 2455 21 32 å
1628 2456 153 36 fängelse

280 2500 89 36 eller,
392 2509 57 21 om
471 2501 11 29 i
504 2502 65 30 den
594 2502 193 37 villkorliga
810 2503 126 31 domen
960 2503 37 31 så
1018 2504 209 37 förordnats,
1251 2505 81 30 dom
1354 2504 20 32 å
1397 2505 231 32 straffarbete.
