1874 2788
280 169 19 29 2
709 168 286 30 Statsutskottets
1017 168 179 29 utlåtande
1216 177 42 20 nr
1277 168 52 28 91.

276 258 74 29 vari
372 257 182 37 framlagts
577 257 131 37 förslag
729 257 51 30 till
801 257 177 36 placering
999 257 10 29 i
1031 257 164 36 lönegrad
1217 266 40 20 av
1279 256 149 36 tjänster
1451 255 54 30 för
1527 255 154 29 maskin-
1701 255 64 29 och

278 311 260 36 stanspersonal
567 311 10 28 i
604 310 290 33 hålkortsarbete,
921 309 108 37 jämte
1057 310 146 29 däröver
1231 309 145 37 avgivna
1404 309 198 36 yttranden.
1632 308 133 29 Beträf-

277 364 105 29 fande
404 363 191 31 innehållet
618 364 10 28 i
650 364 258 35 promemorian
932 363 63 29 och
1019 363 335 36 remissyttrandena
1379 364 90 27 samt
1491 362 274 36 departements-

277 417 142 29 chefens
442 417 163 36 yttrande
630 416 54 30 får
707 416 170 30 utskottet
899 416 146 29 hänvisa
1069 416 51 28 till
1145 415 273 37 propositionen,
1443 425 24 19 s.
1493 414 117 30 5—12.
1635 414 130 36 Ifråga-

277 471 210 28 kommande
519 469 317 37 lönegradsförslag
868 469 63 29 har
963 469 285 30 sammanfattats
1279 469 10 28 i
1321 469 64 29 den
1419 468 50 28 till
1501 467 263 37 propositioner

277 524 155 28 hörande
453 522 137 37 bilagan
610 522 37 29 B.
1186 521 2 2 |

942 627 150 31 Motion.

323 718 12 28 I
368 718 228 29 förevarande
629 717 254 37 sammanhang
913 717 64 30 har
1008 717 172 30 utskottet
1211 717 51 29 till
1293 717 213 36 behandling
1538 716 155 29 förehaft
1724 725 41 20 en

278 772 95 28 inom
395 772 108 28 andra
525 771 205 29 kammaren
751 780 41 20 av
812 771 81 30 herr
913 770 155 36 Nihlfors
1089 779 45 20 m.
1155 770 39 36 fl.
1214 770 102 29 väckt
1337 770 133 28 motion
1496 769 63 34 (II:
1577 768 95 35 500),
1693 768 72 29 vari

277 824 208 34 hemställts,
511 825 50 29 att
587 824 185 36 riksdagen
797 824 57 29 vid
879 823 210 37 behandling
1115 833 41 19 av
1182 822 124 37 Kungl.
1332 822 125 36 Maj:ts
1482 822 217 36 proposition
1725 830 41 20 nr

280 877 62 29 134
367 877 107 29 måtte
499 877 148 34 besluta,
673 878 50 28 att
748 877 53 29 för
826 876 322 37 hålkortspersonal
1180 876 317 36 (stansoperatörer
1522 875 65 29 och
1612 875 154 29 maskin-

278 931 215 36 operatörer)
525 930 89 30 skall
639 930 107 36 enligt
770 930 258 29 vederbörande
1053 929 222 37 myndighets
1299 929 264 29 bestämmande
1588 928 178 36 tillämpas

278 983 101 37 högst
403 984 163 36 lönegrad
590 982 44 31 Ce
659 982 49 35 10,
731 983 120 29 därvid
875 983 44 36 på
941 983 56 29 det
1018 982 147 37 tidigare
1189 981 365 37 rekryteringsstadiet
1578 981 54 29 för
1655 982 111 28 stans-

278 1037 162 36 personal
460 1036 178 37 tillämpas
659 1037 65 29 den
745 1036 175 36 reglerade
939 1035 357 37 befordringsgången
1317 1035 55 29 för
1392 1035 109 29 skriv-
1522 1034 64 29 och
1607 1035 160 28 kontors-

278 1090 159 29 biträden
462 1090 63 29 och
549 1090 55 29 för
627 1089 303 36 maskinpersonal
955 1090 65 28 den
1044 1089 256 35 löneställning,
1325 1097 74 21 som
1423 1088 107 36 gäller
1554 1087 54 29 för
1632 1087 134 36 expedi-

279 1142 216 30 tionsvakter
516 1151 45 20 m.
585 1142 37 30 fl.

323 1196 226 29 Beträffande
572 1196 251 36 motiveringen
847 1195 54 29 för
923 1196 152 28 nämnda
1097 1195 156 36 yrkande
1277 1194 54 29 får
1352 1194 171 29 utskottet
1545 1194 147 29 hänvisa
1715 1194 50 29 till

279 1249 188 29 motionen.

923 1348 199 32 Utskottet.

323 1440 74 29 Vad
424 1440 87 29 först
537 1439 108 37 angår
670 1439 359 36 biträdespersonalen
1055 1438 58 29 vill
1140 1438 170 29 utskottet
1336 1438 198 33 framhålla,
1559 1439 50 27 att
1636 1437 132 29 föreva-

280 1494 108 29 rande
411 1493 218 37 proposition
654 1494 38 28 är
717 1493 65 30 den
807 1492 115 36 fjärde
946 1493 10 29 i
981 1491 193 38 ordningen
1198 1492 105 29 bland
1328 1492 77 28 dem
1432 1500 73 20 som
1530 1491 170 36 grundats
1724 1490 42 37 på

280 1546 131 37 förslag
433 1556 41 20 av
498 1546 81 29 1947
603 1546 57 30 års
682 1545 351 36 biträdesutredning.
1057 1544 50 30 Av
1129 1544 403 37 departementschefens
1554 1544 182 29 uttalande
1758 1544 7 28 i

280 1601 108 28 annat
414 1599 255 37 sammanhang
696 1599 153 36 framgår
875 1600 50 28 att
950 1598 405 36 biträdesutredningens
1382 1597 116 30 arbete
1523 1606 147 20 numera
1696 1598 37 27 är
1758 1597 8 28 i

279 1653 186 29 huvudsak
491 1652 153 30 slutfört.

324 1706 66 29 Vid
419 1706 52 30 sin
500 1705 217 37 granskning
745 1714 40 20 av
813 1705 40 29 de
882 1705 10 28 i
920 1704 228 29 förevarande
1176 1703 216 36 proposition
1422 1703 194 36 framlagda
1645 1702 122 37 detalj-

281 1759 174 36 förslagen
494 1758 179 37 angående
711 1757 360 36 lönegradsplacering
1097 1766 41 20 av
1164 1756 317 36 biträdespersonal
1507 1757 64 28 har
1597 1756 171 29 utskottet

280 1813 339 36 uppmärksammat,
638 1813 50 28 att
704 1810 402 37 departementschefens
1125 1810 130 36 förslag
1272 1811 8 28 i
1300 1810 97 37 fråga
1415 1819 55 20 om
1488 1810 83 29 verk
1589 1810 64 29 och
1672 1818 91 27 myn-

280 1866 156 35 digheter
461 1866 110 29 under
598 1864 115 36 fjärde
737 1864 222 29 huvudtiteln
985 1864 8 28 i
1019 1864 166 29 avsevärd
1210 1864 245 35 utsträckning
1480 1863 146 29 innebär
1651 1863 117 35 avsteg

281 1919 78 29 från
381 1920 56 28 det
457 1929 41 19 av
517 1918 389 36 biträdesutredningen
927 1917 204 36 framlagda.
1152 1916 118 37 Någon
1292 1917 150 29 särskild
1463 1916 208 36 motivering
1690 1916 77 28 här-

281 1972 54 29 för
354 1972 64 28 har
440 1972 73 29 icke
533 1972 10 28 i
563 1971 262 37 propositionen
847 1970 203 36 förebragts.
1072 1970 117 36 Enligt
1207 1971 64 28 vad
1292 1970 172 28 utskottet
1484 1969 175 30 inhämtat
1680 1978 88 20 sam-

281 2025 215 36 manhänger
518 2025 148 29 berörda
691 2023 219 30 förhållande
934 2023 106 30 delvis
1063 2024 78 28 med
1165 2024 65 28 den
1253 2023 177 36 pågående
1455 2022 312 36 rationaliserings-

280 2078 267 29 verksamheten
570 2078 57 28 vid
652 2077 181 33 försvaret,
856 2076 105 37 något
984 2086 72 20 som
1080 2078 133 28 ansetts
1236 2076 83 29 böra
1343 2075 158 30 medföra
1524 2076 151 29 särskild
1701 2075 66 29 för-

281 2131 166 37 siktighet
468 2132 55 28 vid
544 2131 267 35 bedömningen.
833 2129 392 37 Departementschefen
1247 2129 63 29 har
1332 2129 146 30 anslutit
1500 2129 50 36 sig
1572 2129 52 29 till
1647 2130 48 28 ett
1717 2129 45 28 ut

280 2185 140 29 talande
444 2194 41 20 av
507 2183 388 37 biträdesutredningen
919 2184 50 28 att
992 2182 182 37 möjlighet
1198 2182 51 29 till
1273 2182 231 36 omprövning
1528 2192 41 19 av
1593 2182 176 29 löneställ-

281 2239 128 35 ningen
437 2238 10 28 i
474 2238 92 29 vissa
595 2237 61 29 fall
684 2237 62 29 bör
775 2236 177 36 föreligga,
979 2236 106 29 sedan
1114 2235 133 29 ändrad
1275 2235 237 36 organisation
1541 2234 227 36 genomförts.

282 2290 176 30 Utskottet
479 2290 58 29 vill
560 2290 55 29 för
637 2297 83 29 egen
742 2290 52 29 del
816 2289 148 30 allenast
985 2288 199 33 framhålla,
1206 2290 49 27 att
1278 2287 246 36 löneställning
1546 2287 65 29 och
1632 2287 133 29 beford-

282 2343 342 36 ringsförhållanden
652 2343 54 28 för
731 2342 314 36 biträdespersonal
1071 2342 95 28 inom
1192 2341 171 29 försvaret
1388 2340 144 37 givetvis
1557 2340 62 29 bör
1644 2339 38 30 så
1706 2340 63 28 vitt

282 2397 137 36 möjligt
438 2398 9 28 i
467 2397 56 29 det
540 2396 79 29 hela
639 2397 175 28 motsvara
832 2396 65 29 vad
917 2405 74 20 som
1009 2395 107 37 gäller
1136 2395 94 29 inom
1250 2394 350 36 statsförvaltningen
1620 2394 10 29 i
1648 2393 120 37 övrigt.

325 2450 74 29 Vad
423 2449 152 30 därefter
598 2449 173 29 beträffar
794 2449 56 29 det
873 2449 129 29 avsnitt
1026 2458 41 19 av
1090 2448 262 36 propositionen
1376 2457 75 20 som
1475 2457 98 20 avser
1595 2447 174 29 hålkorts-

281 2503 163 35 personal
470 2502 145 29 innebär
642 2501 165 37 förslaget
834 2503 50 28 att
910 2501 66 29 den
1003 2501 53 28 för
1082 2501 111 28 skriv-
1218 2501 63 29 och
1309 2500 307 29 kontorsbiträden
1643 2499 127 28 tilläm-
