2214 2628
691 144 343 32 Jordbruksutskottets
1060 146 161 31 utlåtande
1245 147 52 30 Nr
1322 149 70 29 104.
1757 150 31 29 11

373 220 13 29 I
408 220 96 41 fråga
529 231 47 20 om
600 222 129 29 ändrad
751 222 411 41 tjänstgöringsskyldighet,
1185 224 150 41 förening
1359 235 38 19 av
1421 226 138 38 tjänster
1583 236 39 20 m.
1648 236 61 21 m.:

368 264 50 30 alt
441 262 196 33 innehavare
654 275 42 20 av
713 263 159 33 ordinarie
888 265 183 41 befattning
1086 266 85 31 skall
1187 277 80 20 vara
1283 267 218 32 underkastad
1517 268 61 31 den
1595 268 242 33 vidsträcktare

236 306 426 41 tjänstgöringsskyldighet
684 307 79 32 eller
783 307 170 42 jämkning
976 309 9 30 i
1010 309 201 41 åligganden,
1237 320 68 21 som
1330 310 53 31 vid
1407 322 38 20 en
1469 311 153 41 möjligen
1646 311 190 33 inträdande

236 349 189 41 förändring
448 350 10 30 i
482 350 188 32 institutens
705 351 220 40 organisation
961 351 77 32 eller
1073 353 210 32 verksamhet
1312 353 78 32 eller
1419 354 95 42 eljest
1536 354 10 31 i
1570 355 178 32 allmänhet
1771 356 65 31 kan

235 393 101 31 varda
359 393 147 40 stadgad,
532 396 85 29 samt
640 394 8 31 i
666 394 118 32 sådant
799 395 181 32 hänseende
995 396 206 40 följaktligen
1217 407 80 21 vara
1313 397 119 41 pliktig
1447 400 59 35 att,
1523 399 73 31 med
1612 398 223 32 bibehållande

235 447 41 20 av
299 435 61 32 den
383 437 279 40 tjänsteställning
685 438 59 31 och
770 438 59 31 den
853 438 152 40 avlöning
1028 439 64 31 han
1115 439 144 38 innehar,
1285 440 9 31 i
1318 440 143 40 enlighet
1484 442 72 30 med
1579 453 65 28 nya
1667 442 78 31 eller
1769 442 66 31 för-

235 479 140 31 ändrade
400 480 206 31 föreskrifter
629 481 96 31 sköta
749 481 38 30 de
811 481 71 31 med
907 482 223 40 befattningen
1154 483 152 31 förenade
1329 484 160 39 göromål;

366 524 50 29 att
439 523 72 31 med
534 523 160 32 ordinarie
718 524 184 40 befattning
922 525 53 30 vid
992 525 130 31 institut
1138 525 72 32 icke
1227 528 53 29 må
1296 527 129 31 förenas
1445 538 104 20 annan
1567 528 102 39 tjänst
1687 529 17 29 å
1723 528 111 38 rikets,

235 564 190 41 riksdagens
449 566 77 30 eller
549 566 171 32 kommuns
744 569 80 33 stat;

366 611 50 29 att
450 609 71 31 med
552 609 161 32 ordinarie
736 610 184 40 befattning
943 610 53 31 vid
1020 611 131 32 institut
1174 613 27 39 ej
1227 612 101 31 heller
1351 614 53 29 må
1427 613 130 31 förenas
1580 624 78 21 vare
1682 613 51 41 sig
1757 625 78 30 upp-

234 651 81 40 drag
348 653 107 30 såsom
480 652 192 33 ordförande
696 653 79 31 eller
798 653 141 32 ledamot
962 654 9 31 i
995 655 139 40 styrelse
1157 655 51 31 för
1231 656 80 31 verk
1335 656 78 31 eller
1435 656 106 40 bolag,
1566 667 69 20 som
1657 661 37 27 är
1717 658 119 31 försett

235 695 72 31 med
341 695 119 40 Kungl.
496 696 111 40 Maj:ts
631 697 108 40 oktroj
765 697 77 31 eller
864 697 95 31 blivit
982 698 191 40 registrerat
1196 699 108 31 såsom
1329 699 196 40 aktiebolag,
1550 699 78 32 eller
1651 700 185 41 befattning

233 739 107 30 såsom
364 740 199 40 tjänsteman
585 740 11 31 i
620 740 117 32 sådant
759 741 81 31 verk
864 740 77 32 eller
963 741 97 40 bolag
1083 742 78 31 eller
1182 753 106 21 annan
1303 742 308 42 tjänstebefattning
1627 754 42 21 av
1685 744 61 31 vad
1763 744 73 40 slag

232 781 55 32 det
321 793 80 21 vara
433 784 62 37 må,
520 784 36 30 så
580 784 100 32 framt
704 784 40 40 ej,
768 784 63 32 vad
854 788 102 36 angår
978 786 174 40 professor,
1176 786 119 40 Kungl.
1320 786 94 41 Maj:t
1437 786 70 39 och,
1532 787 62 31 vad
1619 788 102 39 angår
1744 787 90 32 inne-

232 825 122 32 havare
378 837 41 20 av
443 837 105 21 annan
571 827 193 40 befattning,
790 828 181 31 institutets
995 829 137 40 styrelse
1157 830 85 40 uppå
1265 829 110 32 därom
1399 830 95 40 gjord
1517 830 241 41 framställning
1773 831 60 31 och

231 869 85 32 efter
338 870 169 41 prövning,
533 872 49 30 att
605 870 250 41 ifrågavarande
880 872 144 40 uppdrag
1047 872 79 32 eller
1148 873 309 40 tjänstebefattning
1472 873 29 40 ej
1519 874 53 31 må
1588 884 95 21 anses
1699 874 135 32 inverka

232 912 175 41 hinderligt
429 913 52 31 för
503 914 260 40 tjänstgöringen
787 914 54 31 vid
864 915 173 37 institutet,
1062 917 102 30 finner
1187 916 181 41 uppdraget
1390 916 78 32 eller
1483 917 225 40 befattningen
1723 918 110 31 kunna

232 956 33 31 få
288 958 166 38 mottagas
477 957 60 31 och
561 957 181 32 tillsvidare
765 958 194 32 bibehållas:

364 1002 12 29 i
396 1000 97 41 fråga
518 1012 45 20 om
589 1002 347 41 avlöningsförmåners
958 1003 207 40 uppbärande
1187 1014 40 19 m.
1252 1014 52 20 m.:

362 1045 50 30 att
445 1043 418 43 tjänstgöringspenningar
897 1045 78 31 eller
1009 1045 119 32 arvode
1157 1046 33 31 få
1215 1047 161 40 uppbäras
1399 1047 115 31 endast
1537 1047 50 31 för
1611 1047 60 31 den
1695 1047 56 37 tid,
1776 1047 56 32 be-

231 1086 282 41 fattningshavare
549 1088 170 40 verkligen
752 1089 192 40 tjänstgjort
972 1089 77 32 eller
1073 1089 135 41 åtnjutit
1231 1092 157 30 semester
1411 1090 79 32 eller
1513 1090 131 32 därmed
1665 1091 169 41 jämförlig

230 1130 152 41 ledighet,
416 1142 74 21 men
512 1131 51 32 för
587 1131 60 32 den
670 1132 58 39 tid,
752 1132 65 32 han
840 1133 94 40 eljest
957 1132 86 32 varit
1065 1133 126 31 befriad
1214 1133 72 32 från
1310 1134 228 41 tjänstgöring,
1563 1134 94 32 skola
1681 1136 78 39 utgå
1782 1134 51 32 till

229 1174 72 38 den,
325 1185 69 21 som
418 1175 185 32 förordnats
627 1177 51 30 att
701 1176 172 41 uppehålla
896 1176 233 41 befattningen,
1154 1177 59 31 där
1236 1177 39 40 ej,
1301 1178 61 31 vad
1387 1178 119 31 arvode
1530 1178 163 38 beträffar,
1717 1189 116 21 annor-

230 1218 97 32 lunda
350 1218 117 32 varder
491 1229 41 21 av
554 1219 118 40 Kungl.
699 1219 95 41 Maj:t
816 1220 156 32 bestämt:

360 1263 51 30 att
444 1262 70 38 den,
548 1273 68 21 som
653 1274 41 20 av
729 1263 148 41 sjukdom
901 1263 131 32 hindras
1056 1265 50 30 att
1129 1263 139 32 förrätta
1293 1264 49 31 sin
1366 1264 193 40 befattning,
1584 1269 79 36 äger
1687 1266 144 40 uppbära

229 1305 74 32 hela
325 1305 105 39 lönen,
455 1316 74 22 men
552 1308 50 30 att
625 1306 71 39 den,
721 1317 70 21 som
815 1307 94 40 eljest
933 1307 115 32 undfår
1070 1307 153 40 ledighet,
1241 1309 107 30 såsom
1365 1308 51 31 för
1433 1319 83 29 svag
1530 1308 110 32 hälsas
1656 1309 174 37 vårdande,

230 1348 146 32 enskilda
411 1349 273 40 angelägenheter
707 1350 79 32 eller
808 1350 202 40 fuligörande
1034 1361 41 21 av
1098 1350 162 32 särskilda
1283 1352 155 40 uppdrag,
1463 1351 79 32 eller
1564 1351 10 32 i
1598 1351 136 41 behörig
1757 1353 73 31 ord-

228 1391 79 41 ning
329 1394 176 38 avstänges
528 1393 73 31 från
624 1393 222 41 tjänstgöring
868 1394 79 32 eller
970 1405 41 20 av
1034 1405 106 20 annan
1164 1394 173 41 anledning
1359 1399 37 27 är
1418 1395 143 40 lagligen
1576 1395 189 32 förhindrad
1781 1397 51 30 att

229 1436 96 32 sköta
356 1435 234 41 befattningen,
626 1437 66 31 kan
727 1437 173 41 förpliktas
935 1439 50 30 att
1014 1437 100 32 under
1136 1437 185 41 ledigheten
1345 1440 116 31 utöver
1484 1439 71 31 sina
1577 1439 253 41 tjänstgörings-

227 1479 180 42 penningar
440 1480 94 31 avstå
566 1481 38 31 så
626 1480 135 41 mycket
784 1491 40 21 av
847 1481 104 38 lönen,
976 1491 67 22 som
1069 1481 51 32 för
1142 1481 242 41 befattningens
1408 1482 235 42 uppehållande
1668 1483 163 32 erfordras

228 1523 79 32 eller
330 1523 95 41 eljest
447 1528 119 37 prövas
589 1524 137 41 skäligt:

359 1568 51 31 att
437 1567 154 41 avlöning
613 1568 28 41 ej
666 1568 55 32 må
744 1569 79 39 utgå
845 1568 50 32 till
918 1568 324 40 befattningshavare
1266 1569 51 32 för
1340 1569 56 39 tid,
1421 1569 162 32 varunder
1605 1569 65 32 han
1694 1570 137 32 avhållit

227 1610 51 41 sig
300 1611 73 32 från
395 1611 221 41 tjänstgöring
639 1613 78 30 utan
741 1614 50 30 att
813 1612 85 32 hava
921 1611 9 32 i
955 1612 205 40 vederbörlig
1183 1612 136 41 ordning
1342 1613 130 32 erhållit
1487 1613 249 41 tjänstledighet
1752 1613 79 32 eller

227 1655 110 31 kunna
359 1654 116 41 styrka
498 1655 112 40 giltigt
632 1655 126 38 förfall;

358 1700 60 36 att,
447 1698 110 32 därest
580 1699 324 40 befattningshavare
929 1699 116 32 varder
1068 1699 163 41 avstängd
1254 1700 72 31 från
1349 1699 222 43 tjänstgöring
1594 1700 78 32 eller
1695 1701 9 31 i
1728 1701 101 32 häkte

226 1743 109 39 tagen,
370 1742 62 32 den
460 1742 51 32 del
534 1753 42 21 av
598 1742 82 32 hans
704 1743 161 40 avlöning,
891 1753 69 21 som
983 1742 73 32 icke
1078 1747 120 37 prövas
1221 1743 80 32 böra
1324 1744 165 31 användas
1512 1743 51 33 till
1586 1744 243 41 befattningens

227 1785 244 42 uppehållande,
495 1785 84 32 skall
603 1786 100 32 under
726 1786 89 32 tiden
837 1786 189 39 innehållas,
1051 1786 113 32 såvida
1188 1787 29 40 ej
1241 1792 119 36 prövas
1384 1787 123 40 skäligt
1529 1787 68 32 låta
1613 1787 118 33 honom
1748 1799 81 30 upp-

226 1829 80 32 bära
327 1830 102 39 något
452 1829 115 33 därav;

357 1874 50 31 att
441 1873 70 38 den,
546 1884 69 21 som
650 1872 163 33 tillträder
840 1884 44 30 ny
908 1873 249 41 avlöningsstat,
1181 1873 84 32 skall
1289 1884 80 22 vara
1391 1874 132 41 skyldig
1546 1875 198 32 underkasta
1767 1875 60 41 sig,

224 1916 86 32 efter
333 1916 117 41 Kungl.
475 1916 111 41 Maj:ts
608 1917 254 38 bestämmande,
887 1916 207 42 upphörande
1118 1928 42 21 av
1183 1917 79 32 eller
1284 1917 187 42 minskning
1493 1918 11 31 i
1526 1920 95 30 extra
1636 1918 190 39 inkomster,

226 1971 70 21 som
318 1960 109 32 kunna
451 1960 115 41 åtfölja
589 1960 290 42 tjänstbefattning
901 1961 79 31 eller
1002 1962 79 39 utgå
1104 1961 51 32 för
1178 1961 113 41 bestyr
1313 1961 11 32 i
1347 1962 236 40 sammanhang
1605 1962 146 38 därmed;

357 2006 50 30 att
440 2003 55 33 vid
525 2006 129 39 avgång
677 2004 74 32 från
773 2005 144 40 tjänsten
939 2004 51 32 till
1012 2004 81 42 följd
1117 2016 42 20 av
1182 2005 292 41 avskedstagande,
1499 2006 226 40 entledigande
1748 2006 80 32 eller

223 2047 142 33 dödsfall
387 2047 106 42 själva
515 2048 95 32 lönen
633 2048 87 32 skall
743 2049 79 40 utgå
844 2048 50 32 till
917 2048 175 32 månadens
1115 2048 82 38 slut;

355 2093 13 30 i
389 2091 97 43 fråga
509 2103 46 20 om
581 2092 230 42 ålderstillägg:

356 2136 59 37 att,
439 2135 110 32 därest
571 2134 188 42 förhöjning
782 2146 41 21 av
846 2135 53 32 lön
922 2135 84 33 efter
1028 2135 68 32 viss
1112 2135 66 32 tids
1194 2136 135 32 fortsatt
1345 2135 223 33 innehavande
1585 2148 41 20 av
1643 2136 185 41 befattning

224 2179 11 31 1
259 2189 124 22 samma
406 2178 155 41 lönegrad
584 2183 37 27 är
643 2178 11 32 1
677 2180 110 31 staten
809 2178 180 42 medgiven,
1014 2179 194 42 tidpunkten
1231 2179 52 32 för

355 2222 103 32 första
493 2222 229 42 förhöjningen
756 2223 196 32 bestämmes
987 2224 49 31 att
1071 2222 128 33 inträda
1234 2223 84 32 efter
1351 2224 63 31 fem
1440 2224 45 37 år,
1511 2223 100 32 under
1634 2223 119 33 villkor
1776 2226 51 30 att
