2257 2677
616 77 252 32 Konstitutions-
876 74 167 33 Utskottets
1065 72 171 33 Memorial
1259 71 58 31 N:o
1338 73 28 29 1.
1735 65 13 29 1

710 170 8 10 LJ

917 591 93 40 N:o
1039 590 39 40 4.

899 742 73 26 Ank.
989 741 51 26 till
1058 740 97 26 Riksd.
1174 739 92 25 Kansli
1286 738 25 26 d.
1331 739 14 24 5
1363 738 77 25 Febr.
1461 737 72 32 1867,
1550 736 37 25 kl.
1608 736 28 25 11
1655 735 17 26 f.
1691 744 36 17 m.

429 894 287 43 Konstitutions-
727 892 191 43 Utskottets
945 890 211 49 Memorial,
1184 888 83 40 med
1292 886 150 56 uppgift
1469 888 23 37 å
1520 883 173 41 hvilande
1702 883 94 54 för-

617 962 81 55 slag
725 961 54 40 till
803 961 212 54 ändringar
1041 958 13 40 i
1082 955 310 56 Grundlagarna.

368 1094 63 31 Till
466 1091 270 41 grundlagsenlig
776 1089 203 39 behandling
1011 1087 34 31 af
1069 1086 190 39 Riksdagen
1291 1083 50 32 får
1368 1079 425 35 Konstitutions-Utskottet

223 1146 168 31 vördsamt
431 1144 132 32 anmäla
605 1144 38 31 de
670 1143 11 30 i
707 1144 19 38 8
752 1142 19 31 3
799 1141 34 31 af
857 1139 313 40 Riksdagsbeslutet
1197 1137 63 31 den
1286 1135 39 31 22
1357 1133 82 33 Juni
1471 1132 77 31 1866
1582 1129 214 34 omförmälda

896 1286 235 49 Förslag

226 1414 50 30 till
303 1413 177 40 ändringar
505 1413 12 30 i
547 1412 254 40 Grundlagarna,
841 1412 54 30 vid
934 1411 183 39 Riksdagen
1157 1412 75 28 åren
1272 1406 208 32 1865—1866
1522 1404 191 41 hänskjutna
1753 1403 50 30 tull

224 1464 264 40 grundlagsenlig
517 1463 189 39 behandling
733 1463 54 30 vid
812 1474 43 19 nu
878 1463 168 39 pågående
1070 1461 153 40 Riksdag.

989 1564 56 29 1:0.

242 1699 2 2 |
384 1647 59 32 Om
473 1647 55 32 det
554 1648 115 40 tillägg
696 1648 46 31 till
771 1649 37 30 12
835 1649 19 38 8
880 1646 320 40 Regeringsformen,
1228 1649 48 28 att
1303 1645 185 38 Konungen
1516 1642 71 31 icke
1615 1645 81 28 utan
1715 1640 92 31 Riks-

234 1700 125 39 dagens
389 1700 169 39 samtycke
587 1698 52 32 må
667 1699 100 32 blifva
795 1699 181 39 regerande
1004 1698 104 31 furste
1137 1696 35 32 af
1195 1696 159 32 utländsk
1382 1698 73 28 stat.

857 1804 335 50 Regeringsformen.

980 1903 18 37 &
1026 1902 46 30 12.

305 1981 176 32 (Nuvarande
507 1981 115 32 lydelse,
647 1981 75 26 hvari
756 1981 64 25 med
846 1980 92 26 kursiv
964 1981 45 25 stil
1110 1979 183 33 (Föreslagen
1318 1978 114 33 lydelse,
1449 1976 78 26 hvari
1545 1975 181 33 ändringarne
1746 1973 67 25 eller

239 2018 47 37 äro
305 2015 139 25 utmärkta
462 2014 42 40 de
515 2015 85 32 delar,
617 2022 59 18 som
694 2015 90 26 blifvit
801 2014 154 34 föreslagna
973 2016 39 24 att
1046 2015 134 33 tilläggen
1199 2015 47 23 äro
1265 2012 63 25 med
1346 2011 92 26 kursiv
1457 2011 43 24 stil
1517 2004 158 44 utmärkta.)

239 2049 100 26 ändras
358 2049 68 25 eller
443 2050 87 32 utgå.)

342 2088 186 39 Konungen
565 2097 75 30 eger
1155 2086 186 39 Konungen
1382 2093 74 31 eger
1505 2100 29 5 —
1574 2099 33 6 —
1643 2099 36 5 —
1711 2099 34 4 —
1776 2098 39 4 —

242 2157 41 6 —
308 2156 41 5 —
374 2157 41 4 —
444 2137 223 33 Stats-Rådets
693 2139 169 31 Ledamot.
1056 2157 40 3 —
1122 2155 40 5 —
1184 2155 39 4 —
1255 2134 223 34 Stats-Rådets
1506 2133 169 32 Ledamot.

323 2193 77 31 Bih.
424 2193 50 31 till
495 2193 112 31 Biksd.
630 2193 85 32 Prot.
740 2196 93 29 1867.
878 2195 21 29 3
923 2193 97 31 Samt.
1044 2196 17 27 1
1083 2192 91 39 Häft.
