2218 2618
796 132 276 34 Bankoutskottets
1094 135 162 33 utlåtande
1280 138 51 31 Nr
1354 139 50 31 68.
1840 145 15 31 1

1023 619 61 40 Nr
1111 621 65 40 68.

927 775 114 28 Ankom
1059 777 43 26 till
1119 777 167 37 riksdagens
1305 779 93 28 kansli
1418 780 53 28 den
1490 783 16 26 5
1522 782 63 36 juni
1606 785 66 25 1917
1691 784 36 27 kl.
1747 786 18 26 3
1783 796 23 17 e.
1825 797 36 16 m.

501 910 205 46 Utlåtande,
737 915 12 32 i
780 915 198 46 anledning
1020 929 43 23 av
1103 919 96 35 vissa
1226 918 333 50 framställningar
1588 926 157 35 rörande
1774 927 124 36 tionde

692 981 236 39 huvudtiteln.

1062 1108 69 36 1:0.

419 1185 17 36 I
468 1186 123 49 punkt
621 1189 45 35 13
696 1189 120 37 under
843 1190 128 38 tionde
998 1192 239 39 huvudtiteln
1264 1194 97 39 hade
1388 1196 143 50 Kungl.
1561 1199 109 50 Maj:t
1697 1201 196 51 föreslagit

287 1235 207 50 riksdagen
528 1244 55 31 att
609 1239 13 36 i
651 1239 162 38 avbidan
841 1245 48 45 på
917 1243 73 37 den
1018 1246 235 48 proposition
1282 1260 61 24 om
1373 1249 206 38 anvisande
1607 1265 47 22 av
1682 1253 122 37 medel
1835 1255 59 36 för

288 1287 225 50 ändamålet,
555 1302 81 25 som
674 1291 126 38 kunde
828 1293 103 38 bliva
959 1295 172 50 förelagd
1159 1298 215 49 riksdagen,
1405 1300 56 37 till
1489 1302 318 52 löneförbättring
1834 1306 59 36 för

287 1339 101 36 vissa
415 1340 257 39 vaktmästare
699 1344 72 36 och
799 1346 86 36 med
913 1347 85 36 dem
1023 1348 221 50 jämförliga
1263 1350 379 51 befattningshavare
1662 1358 21 34 å
1703 1357 188 37 ordinarie

288 1394 76 33 stat
390 1391 120 37 under
537 1393 130 38 tionde
695 1395 237 39 huvudtiteln
961 1397 167 39 beräkna
1156 1407 54 30 ett
1237 1401 137 51 belopp
1404 1417 47 22 av
1480 1406 74 36 200
1582 1406 149 37 kronor.

415 1442 17 37 I
469 1444 194 38 utlåtande
690 1460 45 23 nr
764 1449 46 35 12
841 1450 196 48 angående
1064 1451 243 51 regleringen
1335 1468 48 22 av
1409 1456 209 49 utgifterna
1647 1459 120 37 under
1795 1461 94 36 riks-

286 1498 142 33 statens
469 1496 129 37 tionde
638 1497 214 40 huvudtitel
884 1501 220 38 meddelade
1131 1505 183 37 utskottet
1342 1506 12 36 i
1381 1508 122 48 punkt
1534 1511 58 46 12,
1621 1516 54 31 att
1702 1512 188 38 utskottet

285 1545 202 39 framdeles
515 1547 151 39 komme
694 1556 55 31 att
778 1552 137 49 avgiva
944 1554 193 38 utlåtande
1166 1561 90 32 över
1284 1557 123 38 denna
1434 1555 294 60 framställning.

416 1597 222 40 Sedermera
665 1601 71 37 har
763 1603 141 50 Kungl.
934 1605 110 49 Maj:t
1071 1607 12 36 i
1112 1620 45 24 en
1177 1609 57 36 till
1252 1609 209 50 riksdagen
1482 1612 148 37 avlåten
1649 1611 237 58 proposition

282 1661 47 24 nr
356 1651 74 35 342
460 1651 197 50 föreslagit
684 1654 204 51 riksdagen
917 1662 55 32 att
1000 1658 116 37 bland
1146 1666 114 31 annat
1288 1662 203 47 godkänna
1519 1665 133 37 sådant
1671 1666 139 50 tillägg
1829 1669 57 36 till

283 1701 372 50 avlöningsstaterna
701 1706 58 37 för
804 1708 336 40 folkskollärarnas
1186 1714 394 51 pensionsinrättning
1620 1718 71 36 och
1731 1719 154 37 flottans

282 1753 308 50 pensionskassa,
632 1762 53 31 att
726 1771 46 23 en
813 1760 256 38 vaktmästare
1109 1763 64 37 vid
1214 1765 161 37 vardera
1412 1779 46 23 av
1493 1767 108 38 dessa
1628 1769 258 40 institutioner

282 1804 119 37 skulle
441 1806 139 37 erhålla
608 1809 494 54 tjänstgöringspenningar
1132 1816 71 35 100
1231 1816 152 49 kronor,
1413 1823 179 33 ävensom
1621 1821 179 50 medgiva
1828 1829 56 31 att

280 1855 292 50 ifrågavarande
600 1860 139 50 tillägg
767 1863 121 37 skulle
915 1867 93 45 utgå
1036 1866 85 36 från
1150 1867 108 37 dessa
1287 1870 201 37 anstalters
1516 1872 132 37 medel.

409 1908 73 38 Vid
526 1911 135 37 sådant
695 1913 232 39 förhållande
955 1917 71 36 och
1054 1918 47 36 då
1128 1922 120 46 något
1275 1921 136 49 anslag
1438 1922 60 37 för
1524 1923 213 39 ändamålet
1765 1928 118 36 under

279 1959 129 37 tionde
448 1961 242 39 huvudtiteln
731 1965 83 38 icke
854 1968 130 37 vidare
1025 1969 255 49 ifrågasättes,
1323 1973 187 38 erfordras
1547 1976 32 49 ej
1616 1976 120 38 heller
1764 1982 118 47 något

280 2012 207 37 utskottets
514 2016 195 47 yttrande;
739 2018 116 37 vilket
882 2020 186 38 utskottet
1095 2022 155 38 härmed
1278 2024 58 36 får
1364 2025 58 37 för
1447 2027 205 49 riksdagen

807 2123 160 37 anmäla.

364 2279 129 44 Bihang
515 2282 49 32 till
587 2283 187 44 riksdagens
791 2287 160 41 protokoll
974 2289 94 32 1917.
1115 2290 21 31 8
1157 2292 89 31 saml.
1293 2294 42 31 52
1357 2293 80 42 häft.
1482 2293 68 41 (Nr
1573 2297 66 36 68.)
1816 2300 14 30 1
