1862 2798
273 208 189 33 Allmänna
475 209 415 41 beredningsutskottets
903 209 186 33 utlåtande
1102 220 42 22 nr
1157 210 43 32 15
1213 210 42 32 år
1267 210 87 32 1959
1535 209 21 32 3

59 314 196 40 höjningar
267 314 59 32 för
338 314 113 33 andra
466 314 230 39 abonnenter,
712 315 141 32 komme
867 315 101 33 detta
983 317 56 30 att
1052 316 286 40 huvudsakligen
1353 316 63 32 ske
1432 316 45 41 på
1492 317 57 31 be-

59 368 157 32 kostnad
229 378 45 22 av
287 368 210 41 jordbruks-
511 369 65 32 och
590 368 395 38 hushållsabonnenter,
1002 369 66 31 och
1082 369 242 40 höjningarna
1340 369 139 32 komme
1494 371 55 30 att

59 420 136 33 drabba
216 420 109 40 högst
346 421 141 40 ojämnt
507 423 66 30 och
595 421 235 41 godtyckligt.
854 421 120 32 Skulle
996 422 254 31 motsvarande
1273 422 276 31 taxereduktion

58 474 109 39 göras
187 473 60 32 för
265 473 277 40 jordbrukarna,
564 474 114 33 skulle
698 474 62 32 det
780 474 164 32 medföra
966 474 89 32 kaos
1075 474 61 32 för
1157 474 391 40 landsbygdsdistribu-

59 527 167 32 törernas
242 526 163 32 ekonomi
422 528 67 31 och
506 528 41 32 så
564 529 80 38 gott
662 536 77 23 som
757 527 236 41 omöjliggöra
1011 527 267 32 eldistribution
1295 526 45 41 på
1358 527 190 40 landsbyg-

60 580 67 32 den
143 579 151 34 medelst
311 580 119 32 lokala
446 579 154 41 företag.

105 641 183 40 Styrelsen
305 641 179 33 bestrider
501 642 221 39 riktigheten
741 651 45 23 av
803 641 190 41 uppgiften
1012 642 10 31 i
1040 641 235 38 motionerna,
1295 643 57 30 att
1370 640 179 33 småindu-

59 695 113 31 strien
191 695 61 32 vid
271 694 423 40 lågspänningsleverans
713 695 117 32 måste
849 695 120 32 betala
990 695 184 40 praktiskt
1194 696 102 38 taget
1315 703 138 22 samma
1474 694 75 40 pris

59 757 78 23 som
157 757 58 23 om
235 748 147 32 kraften
402 748 181 32 användes
602 748 61 32 för
681 748 223 40 högvärdiga
925 746 386 42 belysningsändamål.
1334 747 154 31 Snarare
1508 747 42 30 är

59 801 114 39 priset
187 801 60 32 för
261 801 216 32 förbrukare
491 802 81 32 med
587 801 128 32 enbart
729 801 190 40 belysning
933 800 137 32 kanske
1087 801 59 32 det
1162 800 140 32 dubbla.

104 862 185 41 Styrelsen
306 863 193 40 avstyrker
515 863 234 32 motionerna.

103 923 462 39 Prisregleringsnämnden
581 924 60 40 för
658 924 148 32 elström
823 925 152 40 redogör
992 924 59 31 för
1068 924 96 32 olika
1182 923 149 32 tariffer
1349 924 66 31 och
1433 923 116 37 anför,

59 980 56 29 att
129 977 281 32 småindustrien
424 979 69 30 har
505 980 55 30 att
573 978 98 40 välja
686 977 46 41 på
745 980 56 30 tre
815 977 95 33 olika
924 978 149 32 tariffer
1085 979 82 31 med
1180 979 193 31 varianter.
1390 979 51 31 De
1456 979 94 32 med-

58 1039 65 31 ger
134 1040 43 22 en
189 1031 140 40 ganska
341 1032 72 39 hög
426 1032 91 39 grad
529 1041 44 22 av
585 1031 293 40 differentiering
891 1040 46 22 av
949 1031 120 40 prisen
1083 1030 46 41 på
1143 1031 103 32 kraft
1259 1031 59 31 för
1332 1032 95 31 olika
1442 1032 107 31 ända-

59 1083 82 32 mål.
163 1084 52 31 De
236 1083 190 40 praktiska
446 1084 297 31 erfarenheterna
765 1093 45 22 av
831 1084 67 31 den
918 1084 63 37 tid,
1003 1085 56 30 tre
1080 1083 51 38 år,
1153 1084 180 31 varunder
1354 1084 196 31 tarifferna

59 1137 131 31 hunnit
203 1136 193 40 tillämpas,
411 1137 69 31 har
492 1137 96 32 varit
602 1137 11 30 i
628 1138 94 31 stort
737 1139 73 30 sett
825 1136 102 40 goda.
942 1136 68 32 Om
1026 1137 189 39 tillämpad
1229 1136 108 32 tariff
1351 1137 77 31 icke
1445 1146 105 22 anses

60 1199 88 22 vara
165 1189 127 40 skälig,
309 1190 71 31 kan
396 1189 133 40 frågan
545 1191 130 39 prövas
693 1199 45 22 av
753 1190 187 31 nämnden.
957 1189 68 32 Att
1041 1199 48 22 nu
1105 1189 129 32 endast
1250 1191 55 29 tre
1322 1188 42 32 år
1380 1189 96 31 efter
1491 1190 60 31 det

58 1242 375 40 elkraftutredningen
456 1243 184 32 avlämnat
662 1243 66 32 sitt
749 1242 226 32 betänkande
998 1242 198 32 verkställa
1220 1252 43 22 en
1286 1251 48 31 ny
1356 1242 193 40 utredning

58 1295 72 31 kan
148 1295 155 41 troligen
323 1295 78 33 icke
420 1304 43 31 ge
483 1294 118 42 någon
619 1296 214 40 ytterligare
852 1296 188 40 belysning
1060 1296 39 32 åt
1117 1296 142 41 frågan.
1280 1297 158 32 Arbetar
1456 1297 93 32 små-

58 1347 201 32 industrien
279 1347 114 32 under
413 1348 347 39 bekymmersamma
782 1348 261 39 förhållanden,
1066 1349 66 32 bör
1153 1358 84 23 man
1241 1343 23 50 i
1293 1350 122 31 stället
1437 1351 111 38 pröva

59 1401 361 40 subventionsvägen.

103 1462 189 31 Nämnden
309 1463 193 39 avstyrker
518 1463 235 31 motionerna.
773 1464 56 30 En
848 1464 186 30 reservant
1053 1463 68 31 har
1138 1463 98 32 velat
1255 1463 183 40 tillstyrka
1459 1464 88 30 dem.

103 1523 369 40 Elverksföreningen
492 1523 222 39 framhåller,
736 1526 56 30 att
811 1533 83 22 man
915 1524 77 32 icke
1012 1526 88 30 utan
1119 1524 124 31 vidare
1264 1524 71 31 kan
1356 1522 115 42 påstå,
1493 1526 56 30 att

59 1577 300 32 storindustriens
374 1577 196 32 kostnader
584 1577 59 31 för
657 1578 144 31 använd
815 1577 134 32 elkraft
965 1578 42 30 är
1021 1577 170 32 avsevärt
1207 1577 98 40 lägre
1322 1577 45 30 än
1383 1577 60 30 för
1458 1576 91 32 små-

59 1630 210 32 industrien.
292 1630 285 32 Storindustrien
599 1630 150 41 inköper
769 1631 56 31 sin
847 1631 102 32 kraft
970 1631 60 31 vid
1052 1632 71 40 hög
1145 1632 178 40 spänning
1344 1633 67 31 och
1432 1632 116 32 måste

55 1683 94 38 själv
159 1682 152 31 bekosta
321 1682 373 40 nedtransformering
707 1683 65 31 och
783 1682 232 33 distribution
1027 1684 130 32 mellan
1170 1685 95 31 olika
1276 1684 271 41 anläggningar.

57 1735 89 32 Ofta
165 1735 116 33 måste
300 1736 196 31 strömmen
517 1736 196 32 omformas
734 1737 54 30 till
809 1746 118 22 annan
947 1737 175 31 strömart
1142 1737 87 31 eller
1248 1737 179 32 frekvens.
1451 1737 97 32 Små-

58 1788 201 31 industrien
277 1788 162 33 däremot
456 1789 60 31 får
532 1789 119 32 direkt
669 1789 45 40 på
732 1789 401 40 förbrukningsplatsen
1152 1798 44 22 en
1214 1790 122 39 färdig
1353 1798 99 29 vara,
1472 1799 76 22 som

58 1841 119 32 direkt
196 1841 70 32 kan
286 1842 194 32 användas.
500 1843 131 31 Vidare
650 1842 222 39 framhålles,
893 1846 56 30 att
967 1844 11 30 i
997 1844 66 31 den
1082 1844 83 31 mån
1185 1845 135 31 elkraft
1339 1846 178 31 levereras
1537 1847 11 29 i

58 1893 77 32 små
154 1894 223 31 kvantiteter
394 1894 60 32 för
472 1903 85 24 rena
576 1895 376 39 belysningsändamål
971 1896 113 40 priset
1103 1898 42 30 är
1164 1897 20 30 2
1203 1896 22 32 å
1243 1897 20 32 3
1282 1897 137 40 gånger
1437 1898 110 39 högre

58 1947 45 30 än
124 1947 357 40 genomsnittspriset
501 1948 59 31 för
579 1947 290 33 småindustrien.
893 1949 222 40 Föreningen
1138 1949 107 31 anför
1267 1949 118 38 också,
1408 1952 55 29 att
1486 1960 61 21 nu-

56 1999 158 31 varande
232 1998 150 33 tariffer
399 2000 77 31 icke
495 2001 41 30 är
552 1999 111 41 något
680 2000 198 41 slutgiltigt
896 2002 86 31 eller
998 2002 55 31 till
1073 2003 71 32 alla
1164 2004 99 31 delar
1282 2005 74 31 helt
1375 2005 172 32 tillfreds-

57 2051 177 32 ställande
252 2052 59 31 för
327 2061 85 23 vare
430 2053 58 40 sig
505 2052 404 34 kraftdistributörerna
928 2055 86 31 eller
1032 2055 279 33 abonnenterna.
1331 2057 151 33 Arbetet
1502 2058 45 40 på

58 2104 273 33 tariffområdet
354 2105 220 32 fortskrider
597 2107 173 39 ständigt,
796 2108 172 31 eftersom
993 2108 361 41 tariffutvecklingen
1379 2110 44 31 bl.
1451 2120 30 21 a.
1507 2112 42 29 är

56 2157 175 32 beroende
253 2167 44 22 av
316 2158 68 31 den
405 2157 167 33 tekniska
593 2160 262 39 utvecklingen.
878 2160 295 40 Avslutningsvis
1196 2162 106 31 anför
1324 2162 222 40 föreningen,

57 2211 55 29 att
130 2209 288 33 motionärernas
436 2211 214 31 hemställan
670 2212 129 31 liksom
817 2213 79 31 hela
915 2214 261 40 motiveringen
1195 2217 59 31 för
1272 2218 114 31 denna
1406 2219 42 29 är
1466 2219 82 30 full-

56 2262 153 40 komligt
225 2262 460 39 verklighetsfrämmande,
705 2265 127 31 varför
849 2266 223 31 motionerna
1091 2268 201 39 avstyrkes.

101 2321 284 40 Landsbygdens
408 2323 164 32 elnämnd
594 2325 68 31 har
683 2326 34 39 ej
740 2326 144 31 erinran
907 2329 75 30 mot
1004 2328 194 40 utredning
1220 2338 80 22 men
1324 2330 222 38 framhåller,

57 2376 55 30 att
129 2375 46 39 på
193 2374 133 40 frågan
343 2376 70 31 kan
432 2376 126 39 läggas
576 2386 42 22 en
636 2378 57 30 hel
711 2378 133 39 mängd
861 2378 227 32 sinsemellan
1107 2381 185 31 stridande
1311 2383 234 39 synpunkter.

101 2444 223 30 Hantverks-
345 2447 66 30 och
431 2445 530 41 småindustriorganisationen
982 2459 115 29 anser,
1120 2452 56 29 att
1197 2460 43 22 en
1261 2452 93 31 ökad
1375 2452 172 32 differen-

56 2497 133 40 tiering
209 2507 44 22 av
273 2498 195 33 tarifferna
489 2499 112 32 skulle
624 2500 163 32 medföra
809 2511 41 21 en
872 2510 98 23 mera
991 2503 132 31 rättvis
1145 2503 210 41 debitering.
1387 2505 7 30 I
1414 2504 132 42 många
