1884 2794
100 723 133 26 Utskottet.

282 134 40 30 24
743 141 273 32 Statsutskottets
1039 143 175 31 utlåtande
1238 153 41 21 nr
1300 146 28 29 9.

282 223 113 36 hänga
416 225 80 29 med
518 224 257 36 berggrundens
797 226 243 31 beskaffenhet
1061 228 64 30 och
1151 238 43 20 en
1216 229 110 29 under
1347 229 360 36 byggnadsarbetenas
1728 231 55 30 be-

283 266 165 30 drivande
474 266 168 31 inträffad
669 268 212 36 osedvanligt
907 270 68 36 hög
1002 269 147 36 vårflod,
1181 271 67 29 och
1275 271 72 30 dels
1374 272 52 29 till
1455 271 225 37 fördyringar
1708 282 75 21 som

282 308 167 36 betingats
469 319 42 21 av
529 310 41 31 de
587 311 201 30 nuvarande
806 313 258 30 extraordinära
1081 312 274 36 förhållandena,
1376 314 284 31 kännetecknade
1677 315 105 30 bland

281 354 104 27 annat
406 361 43 21 av
473 354 92 29 stora
587 353 395 37 transportsvårigheter.

324 393 63 37 Jag
410 403 103 22 anser
536 395 54 30 det
613 404 83 23 vara
720 405 43 21 av
786 396 71 32 vikt
882 400 49 27 att
955 398 66 30 den
1044 396 179 38 pågående
1248 399 243 36 utbyggnaden
1515 402 84 28 utan
1623 401 159 35 uppskov

281 435 176 38 fullföljes.
486 437 209 36 Härigenom
721 439 110 30 skulle
855 439 133 31 landets
1014 440 307 37 kraftförsörjning
1345 441 96 30 inom
1467 452 42 21 en
1538 443 133 29 relativt
1697 444 83 30 nära

280 478 140 31 framtid
443 479 131 31 erhålla
598 483 45 28 ett
664 481 140 36 mycket
825 481 180 37 väsentligt
1027 482 152 31 tillskott.
1204 483 64 36 Jag
1292 484 193 35 tillstyrker
1507 484 131 36 därför,
1663 488 50 27 att
1739 485 41 30 de

279 521 151 37 begärda
454 522 173 37 beloppen
652 523 148 31 anvisas.
826 524 14 30 I
867 527 106 28 annat
999 525 252 37 sammanhang
1276 527 58 35 gör
1360 526 57 37 jag
1443 526 256 38 framställning
1724 537 56 21 om

281 563 187 32 anvisande
496 575 42 21 av
564 568 47 28 ett
636 566 127 36 belopp
792 575 42 21 av
860 567 95 30 2000
970 567 62 30 000
1061 568 129 29 kronor
1219 566 20 31 å
1268 567 201 37 tilläggsstat
1497 568 55 30 för
1580 569 199 36 budgetåret

281 604 149 34 1943/44.
452 607 68 31 För
538 607 202 37 budgetåret
762 605 139 34 1944/45
920 610 98 30 torde
1035 610 85 30 böra
1138 609 138 32 anvisas
1293 610 195 31 återstoden
1507 612 79 30 eller
1605 612 20 29 6
1639 612 63 31 500
1716 612 62 31 000

279 650 135 32 kronor.

321 725 76 31 Med
421 725 239 38 tillstyrkande
684 737 43 21 av
749 727 121 37 Kungl.
894 727 119 36 Maj:ts
1035 727 128 38 förslag
1186 729 197 31 hemställer
1408 730 172 35 utskottet,

627 805 50 28 att
692 803 183 36 riksdagen
892 802 59 32 må
968 804 51 30 till
1037 804 229 37 Kraftstation
1284 807 10 29 i
1310 805 293 38 Midskogsforsen
1622 807 54 30 för
1693 807 84 30 bud-

588 853 128 36 getåret
735 851 140 34 1944/45
891 855 120 30 anvisa
1028 859 45 26 ett
1088 855 348 36 investeringsanslag
1451 866 43 20 av
1510 857 19 30 6
1544 857 62 30 500
1620 857 64 31 000
1701 858 76 29 kro-

582 913 72 22 nor.

317 1002 89 40 42:0)
429 1004 235 32 Kraftstation
682 1004 59 32 vid
760 1004 278 38 Leringsforsen.
1057 1006 14 30 I
1089 1007 154 36 enlighet
1262 1008 79 30 med
1361 1008 123 36 Kungl.
1507 1007 117 40 Maj:ts
1644 1008 132 37 förslag

279 1054 121 39 (punkt
420 1055 51 38 41,
493 1065 24 21 s.
539 1056 40 30 83
598 1056 64 30 och
681 1055 70 40 84),
772 1056 103 30 vilket
895 1066 100 21 avser
1012 1056 137 32 fortsatt
1167 1059 120 35 anslag
1306 1058 54 31 för
1379 1058 215 32 slutförande
1615 1069 42 21 av
1679 1060 94 30 arbe-

272 1106 77 30 tena
373 1104 21 31 å
418 1114 43 21 en
485 1105 134 32 mindre
644 1107 80 29 med
749 1106 527 38 Torpshammaranläggningen
1298 1110 343 34 sammanhängande
1666 1110 107 30 kraft-

272 1155 133 37 station,
424 1157 199 30 hemställer
643 1158 175 35 utskottet,

622 1236 48 27 att
686 1233 183 36 riksdagen
885 1233 58 31 må
959 1234 50 30 till
1024 1234 228 37 Kraftstation
1269 1236 55 30 vid
1342 1235 258 38 Leringsforsen
1617 1236 55 31 för
1687 1236 84 31 bud-

577 1282 128 37 getåret
728 1280 140 34 1944/45
890 1284 121 31 anvisa
1032 1287 46 27 ett
1098 1285 345 38 investeringsanslag
1466 1296 41 21 av
1532 1286 62 30 700
1608 1287 64 30 000
1695 1287 76 30 kro-

577 1342 74 22 nor.

311 1424 89 40 43:0)
422 1425 184 37 Reglering
624 1435 42 22 av
684 1426 97 37 sjöar
798 1427 95 30 inom
914 1428 240 31 Indalsälvens
1173 1428 233 32 flodområde.
1427 1429 79 31 Med
1527 1430 243 36 tillstyrkande

268 1484 41 22 av
327 1475 122 37 Kungl.
470 1476 118 37 Maj:ts
608 1476 131 39 förslag
762 1477 121 39 (punkt
903 1479 51 36 42,
975 1488 24 21 s.
1019 1478 139 41 84—86)
1184 1479 198 31 hemställer
1401 1481 174 35 utskottet,

617 1556 49 27 att
685 1553 184 37 riksdagen
888 1553 59 31 må
967 1554 50 30 till
1039 1555 179 38 Reglering
1239 1566 41 20 av
1303 1556 94 36 sjöar
1417 1557 95 29 inom
1534 1556 235 31 Indalsälvens

574 1602 216 38 flodområde
811 1604 54 31 för
885 1604 202 37 budgetåret
1109 1602 143 34 1944/45
1277 1607 118 31 anvisa
1417 1609 46 28 ett
1484 1606 283 37 investeringsan-

574 1654 70 37 slag
663 1664 43 21 av
728 1655 19 29 2
762 1654 63 31 000
838 1655 62 30 000
922 1656 138 30 kronor.

308 1752 88 41 44:0)
417 1753 102 32 Vissa
535 1764 69 27 nya
621 1754 267 31 kraftstationer
905 1764 47 22 m.
972 1765 46 21 m.
1039 1755 230 32 Beträffande
1289 1758 65 29 vad
1375 1757 123 36 Kungl.
1519 1757 101 36 Maj:t
1642 1757 124 39 (punkt

264 1804 50 37 43,
336 1814 24 23 s.
380 1804 53 40 86)
459 1804 175 38 föreslagit
656 1805 183 37 riksdagen
857 1807 11 30 i
891 1805 99 38 fråga
1010 1816 57 21 om
1086 1808 120 36 anslag
1228 1807 49 30 till
1298 1807 97 32 Vissa
1417 1818 69 27 nya
1507 1808 259 31 kraftstationer

264 1864 44 21 m.
327 1864 45 22 m.
391 1873 45 3 —
454 1856 11 30 i
485 1855 107 31 vilket
610 1857 173 30 avseende
803 1856 146 31 särskild
968 1857 213 37 proposition
1203 1868 42 21 nr
1265 1859 42 30 93
1326 1868 145 22 numera
1490 1858 134 32 avlåtits
1647 1877 40 2 —
1709 1868 55 21 av-

261 1905 93 36 giver
376 1907 166 30 utskottet
567 1905 177 33 utlåtande
769 1916 117 23 senare
912 1909 111 30 under
1049 1908 194 37 riksdagen,
1270 1909 104 30 vilket
1398 1909 146 31 härmed

876 1984 164 30 anmäles.

304 2081 89 40 45:0o)
426 2081 507 39 Distributionsanläggningar
963 2084 67 29 och
1060 2084 146 31 därmed
1237 2086 348 36 sammanhängande
1617 2087 145 30 arbeten

260 2132 57 31 vid
333 2134 133 29 statens
484 2133 194 31 kraftverk.
697 2133 123 37 Kungl.
841 2134 100 36 Maj:t
960 2134 66 30 har
1048 2133 124 40 (punkt
1191 2136 52 35 44,
1264 2145 24 21 s.
1309 2136 41 29 86
1365 2135 85 39 —92)
1474 2135 180 38 föreslagit
1675 2137 87 30 riks-

259 2184 109 37 dagen
388 2187 49 29 att
459 2183 52 31 till
533 2184 494 37 Distributionsanläggningar
1047 2186 64 30 och
1134 2186 144 31 därmed
1300 2188 343 36 sammanhängande
1666 2188 94 31 arbe-

258 2237 57 29 ten
333 2234 56 31 vid
409 2237 128 28 statens
557 2234 178 31 kraftverk
757 2234 55 32 för
829 2234 201 38 budgetåret
1050 2233 141 34 1944/45
1212 2237 119 31 anvisa
1350 2240 46 28 ett
1416 2237 345 38 investeringsanslag

258 2294 41 21 av
323 2286 37 29 17
375 2285 64 31 000
452 2285 65 31 000
539 2286 136 30 kronor.

301 2360 63 32 Till
385 2360 228 32 förevarande
634 2361 164 31 ändamål
818 2362 63 30 har
903 2362 185 36 riksdagen
1108 2363 135 31 anvisat
1265 2364 53 31 för
1339 2364 212 37 budgetåren
1573 2361 188 34 1938/39—

264 2408 139 34 1943/44
430 2412 192 36 respektive
647 2413 19 30 9
680 2413 65 29 000
759 2413 72 35 000,
862 2413 38 29 10
916 2413 62 30 700
993 2413 73 35 000,
1098 2414 37 28 12
1150 2414 65 29 500
1228 2414 73 35 000,
1332 2415 38 28 10
1385 2415 63 30 000
1463 2415 72 35 000,
1564 2416 38 29 21
1620 2416 63 30 000
1697 2416 63 30 000

255 2462 65 30 och
342 2463 40 29 22
396 2462 65 31 000
474 2463 65 31 000
562 2463 138 31 kronor.
