1868 2784
500 170 118 30 Andra
640 168 246 40 lagutskottets
908 165 179 31 utlåtande
1107 174 43 21 nr
1169 164 52 30 22.
1564 160 40 30 33

115 256 87 28 utan
218 255 86 29 även
320 251 113 41 eljest.
451 252 65 29 Det
533 260 103 31 synes
654 249 121 31 därför
791 249 185 29 motiverat
993 248 50 29 att
1060 246 156 38 iakttaga
1234 254 43 20 en
1294 244 71 30 viss
1383 240 223 40 försiktighet

115 308 58 30 vid
188 305 256 40 bedömningen
460 314 41 21 av
517 304 132 30 sådana
664 301 186 42 olycksfall
865 302 11 29 i
891 301 163 33 hemmet,
1073 308 75 21 som
1164 299 71 29 inte
1250 299 39 29 är
1305 296 114 31 direkt
1436 293 170 33 orsakade

116 370 43 21 av
178 360 132 30 arbetet
329 362 87 27 utan
435 368 95 21 mera
548 358 65 30 har
635 357 54 30 sin
709 356 113 40 grund
842 356 11 30 i
873 355 57 30 det
949 353 137 40 dagliga
1105 352 101 30 livets
1226 352 105 29 faror.

160 414 112 29 Innan
300 413 59 40 jag
389 412 136 30 lämnar
554 410 188 40 begreppet
771 408 185 41 olycksfall
985 408 10 29 i
1026 406 116 30 arbete
1172 405 60 30 vill
1261 404 59 40 jag
1350 403 105 39 något
1484 401 124 30 beröra

115 469 50 29 ett
190 467 142 30 särskilt
358 465 182 40 spörsmål,
567 474 77 21 som
668 463 105 40 tagits
799 472 71 30 upp
898 471 41 21 av
964 458 370 40 kommerskollegium
1360 457 66 30 och
1452 455 155 39 Sveriges

116 519 296 40 redareförening,
448 518 176 40 nämligen
659 517 125 40 frågan
819 525 58 21 om
914 513 335 40 försäkringsskydd
1284 512 55 29 för
1376 510 138 40 sjömän
1550 507 58 31 vid

116 573 308 39 idrottsövningar,
453 582 74 21 som
553 571 159 30 bedrives
738 571 45 39 på
810 569 110 30 fritid.
946 569 64 29 Det
1038 576 103 32 synes
1168 566 71 40 mig
1264 566 72 30 inte
1365 563 165 31 uteslutet
1557 563 52 29 att

116 628 161 30 betrakta
295 628 41 30 de
353 625 297 39 idrottsövningar
668 625 65 30 och
751 624 111 30 andra
880 620 439 42 fritidssysselsättningar,
1339 628 75 21 som
1432 618 176 30 anordnas

116 681 12 30 i
149 681 170 40 fartygets
341 681 73 40 regi
437 680 65 30 och
525 688 75 21 som
622 679 66 29 har
709 677 53 31 till
786 676 90 41 syfte
900 678 51 28 att
973 676 106 39 draga
1102 674 211 39 sjömännen
1336 673 78 29 bort
1435 672 80 29 från
1538 671 71 29 för-

119 734 162 31 ströelser
304 743 42 21 av
369 732 223 41 underhaltig
615 734 64 32 art,
705 731 115 30 såsom
843 731 49 29 ett
915 730 55 29 led
992 730 12 29 i
1025 727 278 31 vederbörandes
1327 726 127 30 arbete.
1479 724 67 30 Om
1571 723 39 31 så

117 788 73 30 kan
214 798 102 21 anses
341 796 85 21 vara
452 785 237 31 förhållandet
714 802 44 3 —
784 784 65 30 och
876 783 125 39 frågan
1027 782 124 30 härom
1178 781 111 30 måste
1316 780 127 40 prövas
1471 788 41 20 av
1539 777 71 30 för-

119 841 318 39 säkringsorganen
458 840 78 30 med
558 839 140 40 hänsyn
721 838 52 31 till
795 836 347 39 omständigheterna
1164 835 11 30 i
1197 834 97 39 varje
1317 832 143 31 särskilt
1481 832 63 30 fall
1566 847 45 5 —

118 894 108 40 gäller
251 894 144 40 givetvis
421 894 67 30 den
513 892 249 40 obligatoriska
788 890 256 39 försäkringen.
1072 888 60 31 Att
1158 888 102 40 vidga
1285 886 246 39 försäkringen
1557 883 53 31 till

119 950 51 29 att
192 948 150 31 omfatta
364 949 88 29 även
475 947 109 30 andra
607 946 63 30 fall
695 955 41 21 av
757 942 389 42 fritidssysselsättning
1172 941 111 30 skulle
1306 941 122 29 kunna
1451 938 160 31 medföra

118 1002 271 33 konsekvenser,
410 1010 76 21 som
505 1002 86 28 utan
610 1009 43 20 en
674 1000 162 29 närmare
857 996 187 41 utredning
1064 997 38 29 är
1124 995 101 30 svåra
1245 995 50 30 att
1316 993 207 33 överblicka,
1545 990 66 31 och

118 1055 61 40 jag
200 1057 39 28 är
261 1054 121 31 därför
403 1054 72 30 inte
497 1053 128 30 beredd
648 1055 51 28 att
721 1061 48 21 nu
792 1051 143 30 förorda
956 1059 42 21 en
1022 1049 110 30 sådan
1155 1047 217 40 utvidgning.

165 1107 46 30 År
241 1107 82 30 1919
351 1106 157 30 infördes
535 1106 11 29 i
575 1105 58 30 OL
661 1106 50 29 ett
738 1103 202 39 stadgande,
967 1102 203 39 varigenom
1209 1098 283 41 olycksfall
1530 1096 79 31 vid

120 1162 106 30 färd
261 1161 81 30 till
378 1160 118 31 eller
531 1160 109 30 från
676 1159 186 30 arbetet
889 1156 194 31 likställdes
1111 1157 80 29 med
1217 1154 185 42 olycksfall
1430 1155 11 29 i
1468 1153 142 32 arbetet,

120 1215 121 31 såvida
261 1216 126 30 färden
407 1214 186 30 föranletts
615 1223 42 21 av
678 1213 66 30 och
766 1212 84 30 stått
878 1212 5 29 i
904 1210 214 30 omedelbart
1142 1209 169 31 samband
1334 1209 79 29 med
1434 1207 175 31 arbetsan-

122 1269 220 39 ställningen.
363 1269 81 30 Som
464 1268 74 30 skäl
558 1268 55 30 för
633 1268 115 29 denna
767 1265 206 40 utvidgning
993 1274 41 21 av
1051 1263 247 40 försäkringen
1318 1261 221 40 åberopades,
1561 1260 47 29 att

121 1322 184 40 olycksfall
329 1323 45 39 på
397 1323 66 39 väg
486 1321 51 30 till
562 1320 83 31 eller
669 1321 81 29 från
775 1319 133 30 arbetet
933 1319 110 29 under
1067 1317 95 30 vissa
1185 1315 294 39 förutsättningar
1504 1314 106 30 redan

120 1376 223 30 betraktades
368 1385 75 21 som
467 1373 185 41 olycksfall
676 1375 11 29 i
711 1373 132 30 arbetet
867 1372 65 30 och
956 1374 50 28 att
1028 1372 95 29 detta
1148 1370 152 30 medfört
1324 1368 212 40 svårigheter
1562 1368 47 29 att

121 1430 63 29 dra
210 1440 43 20 en
276 1429 78 30 klar
380 1430 103 39 gräns
509 1427 129 30 mellan
663 1427 73 34 fall,
763 1436 75 20 som
864 1425 213 39 berättigade
1103 1425 54 29 till
1182 1423 204 39 ersättning,
1412 1422 64 29 och
1502 1421 108 29 andra

122 1483 73 30 fall.
215 1483 92 30 Även
325 1493 57 20 om
401 1482 165 40 tämligen
584 1481 183 30 bestämda
785 1479 176 41 principer
978 1477 222 40 tillämpades
1218 1477 57 29 vid
1295 1475 220 40 avgöranden
1534 1474 78 29 här-

122 1535 160 36 utinnan,
302 1536 187 30 kvarstode
509 1535 89 30 dock
616 1552 45 3 —
680 1533 174 30 uttalades
874 1533 58 29 det
951 1533 109 28 under
1081 1530 223 30 förarbetena
1323 1546 44 4 —
1387 1528 73 31 ofta
1479 1537 43 20 en
1542 1527 71 29 viss

122 1590 220 30 tveksamhet
368 1591 88 29 även
480 1589 63 29 hos
569 1589 41 29 de
637 1587 205 30 beslutande
869 1585 300 40 myndigheterna,
1196 1584 65 29 och
1285 1583 55 30 för
1367 1582 67 29 den
1461 1580 153 32 skadade

123 1643 183 30 arbetaren
330 1644 65 28 och
419 1642 89 30 hans
532 1640 234 40 arbetsgivare
790 1640 112 30 måste
926 1639 99 30 dessa
1049 1637 177 40 principer
1251 1637 73 30 ofta
1349 1638 33 28 te
1406 1635 51 40 sig
1481 1634 133 40 ganska

125 1696 283 39 svårförståeliga
426 1696 82 30 eller
525 1695 136 30 kanske
680 1693 280 30 understundom
978 1693 11 29 i
1007 1693 57 29 det
1083 1691 160 30 enskilda
1260 1690 99 30 fallet
1377 1691 77 28 rent
1474 1698 41 21 av
1534 1687 81 41 god-

123 1749 163 40 tyckliga.
303 1749 81 30 Som
400 1750 154 38 exempel
571 1748 182 33 nämndes,
771 1750 50 27 att
837 1749 49 28 ett
901 1746 184 40 olycksfall
1104 1754 75 20 som
1196 1743 174 31 drabbade
1388 1752 42 20 en
1446 1741 168 32 arbetare,

123 1802 118 30 vilken
262 1803 44 39 på
327 1804 64 38 väg
414 1802 51 29 till
488 1801 132 30 arbetet
642 1801 128 30 hunnit
791 1800 97 29 inom
910 1800 148 39 gränsen
1081 1798 55 30 för
1159 1796 275 32 arbetsområdet
1454 1812 44 4 —
1519 1795 96 29 detta

124 1857 94 37 taget
235 1857 11 29 i
265 1856 133 39 ganska
416 1855 193 29 vidsträckt
628 1854 141 39 mening
785 1871 45 3 —
849 1854 10 29 i
879 1853 90 39 regel
988 1852 146 39 ansåges
1154 1860 75 20 som
1248 1849 185 41 olycksfall
1452 1849 11 29 i
1483 1848 132 30 arbetet

125 1909 127 30 medan
276 1909 159 28 däremot
459 1907 185 40 olycksfall
670 1909 10 28 i
707 1907 131 29 arbetet
863 1907 11 29 i
900 1905 191 30 allmänhet
1117 1904 30 39 ej
1177 1904 146 38 ansåges
1349 1902 177 39 föreligga,
1552 1901 64 29 där

125 1961 276 30 arbetsområdet
428 1970 79 20 vore
536 1970 96 20 mera
659 1960 185 39 begränsat
872 1968 81 20 men
980 1957 221 41 olycksfallet
1227 1956 164 29 inträffat
1419 1957 96 27 utom
1544 1954 73 29 det-

127 2024 134 21 samma
282 2015 111 29 under
413 2016 10 28 i
444 2014 111 39 övrigt
576 2014 166 29 liknande
764 2012 304 39 förutsättningar.

170 2073 136 38 Frågan
326 2072 174 30 huruvida
520 2070 313 40 färdolycksfallen
855 2071 61 28 bör
937 2068 191 30 bibehållas
1148 2069 96 28 inom
1264 2065 353 42 yrkesskadeförsäk-

126 2125 122 40 ringen
268 2126 63 29 har
352 2126 179 37 övervägts
554 2134 42 20 av
617 2124 94 29 såväl
733 2121 424 31 socialvårdskommittén
1179 2130 75 21 som
1275 2118 342 38 socialförsäkrings-

126 2178 243 38 utredningen,
396 2177 93 31 vilka
515 2178 89 29 båda
631 2177 160 29 besvarat
817 2176 125 38 frågan
968 2175 164 38 jakande.
1160 2174 98 28 Inom
1286 2173 94 29 såväl
1407 2171 210 30 kommittén

128 2240 75 20 som
221 2231 232 39 utredningen
470 2231 63 29 har
550 2229 194 31 emellertid
761 2231 112 28 röster
892 2229 94 37 höjts
1005 2228 54 29 för
1078 2232 51 25 att
1148 2228 197 28 utmönstra
1363 2227 101 28 dessa
1482 2224 136 40 olycks-

127 2283 61 29 fall
216 2284 78 29 från
321 2283 255 38 försäkringen.
605 2283 48 29 De
682 2282 85 33 skäl,
796 2291 73 20 som
898 2281 134 29 anförts
1060 2280 51 29 till
1140 2280 76 29 stöd
1243 2280 54 28 för
1324 2279 115 28 denna
1466 2277 151 38 mening,

126 2337 71 29 kan
227 2337 69 29 inte
327 2335 219 30 frånkännas
576 2337 49 27 ett
653 2335 86 30 visst
768 2333 249 39 berättigande.
1049 2332 296 29 Erfarenheterna
1376 2331 63 29 har
1470 2329 148 30 sålunda

127 2390 99 34 visat,
247 2391 49 27 att
317 2390 41 28 de
380 2387 524 40 gränsdragningssvårigheter,
927 2396 72 20 som
1022 2395 82 20 man
1126 2385 79 30 ville
1227 2384 155 30 undvika
1404 2392 123 30 genom
1550 2383 69 37 lag-

128 2442 193 38 ändringen
341 2443 38 29 år
403 2442 92 33 1919,
515 2444 127 27 ersatts
663 2451 42 20 av
725 2451 67 29 nya
813 2441 131 29 sådana
966 2439 222 38 svårigheter.
1211 2439 63 28 Det
1296 2438 96 28 torde
1412 2437 117 29 vidare
1549 2436 70 29 för-

128 2496 94 30 hålla
243 2496 50 39 sig
313 2495 47 35 så,
381 2497 50 28 att
451 2495 230 39 olycksfallen
703 2495 109 28 under
834 2494 116 29 färder
972 2493 48 29 till
1043 2493 63 29 och
1127 2492 79 29 från
1228 2491 132 29 arbetet
1380 2490 81 30 ökat
1482 2490 9 29 i
1512 2487 106 33 antal,
