2218 2618
435 155 41 31 12
886 151 254 34 Statsutskottets
1169 146 170 37 Utlåtande
1361 148 64 33 N:o
1448 149 75 33 207.

1109 655 88 50 N:o
1229 651 112 51 207.

898 823 84 31 Ank.
1006 823 51 29 till
1078 822 113 31 Riksd.
1215 821 103 29 kansli
1341 820 61 30 den
1429 822 37 27 17
1492 818 60 40 maj
1580 821 94 32 1909,
1698 818 45 30 kl.
1770 821 37 27 11
1832 818 21 32 f.
1877 829 40 20 m.

604 974 210 45 Utlåtande,
842 973 13 34 i
884 971 201 45 anledning
1127 969 49 45 af
1211 969 142 45 Kungl.
1395 968 135 43 Maj:ts
1557 967 233 46 proposition
1819 966 191 46 angående

798 1042 59 36 det
902 1041 117 35 under
1059 1039 133 36 nionde
1233 1037 254 45 hufvudtiteln
1528 1036 190 46 uppförda
1751 1035 166 46 anslaget
1951 1035 58 36 till

796 1109 140 45 skiften
965 1109 63 36 och
1056 1108 253 45 afvittringar.

1744 1206 41 50 (I.
1816 1207 60 48 A.)

526 1318 17 37 I
571 1332 45 23 en
646 1317 57 38 till
731 1316 222 49 Riksdagen
983 1314 149 48 aflåten,
1160 1314 59 36 till
1248 1312 288 38 statsutskottet
1564 1311 59 37 för
1648 1309 275 38 förberedande
1943 1309 67 38 be-

395 1371 190 48 handling
624 1368 220 39 remitterad
884 1366 241 51 proposition
1166 1365 77 49 (n:o
1272 1364 88 49 226)
1404 1365 41 35 af
1484 1364 74 37 den
1599 1365 48 34 23
1685 1362 97 49 april
1813 1363 97 36 1909
1940 1361 72 37 har

396 1423 145 48 Kungl.
572 1421 107 49 Maj:t
706 1420 123 37 under
857 1418 239 50 åberopande
1124 1418 42 36 af
1189 1417 150 49 bilagdt
1365 1416 144 48 utdrag
1534 1415 41 37 af
1591 1413 422 50 statsrådsprotokollet

398 1475 108 37 öfver
529 1472 378 51 jordbruksärenden
935 1471 60 36 för
1023 1483 144 24 samma
1187 1469 77 48 dag
1286 1468 197 48 föreslagit
1502 1466 223 49 Riksdagen
1745 1471 56 30 att
1820 1466 34 47 ej
1869 1465 145 37 mindre

397 1527 162 45 besluta,
603 1530 54 31 att
686 1524 63 37 det
781 1523 120 36 under
937 1522 139 37 nionde
1104 1520 257 37 hufvudtiteln
1387 1519 118 36 bland
1534 1517 189 38 ordinarie
1752 1518 134 47 anslag
1913 1530 99 36 upp-

398 1578 111 37 förda
551 1577 175 47 anslaget
753 1575 59 36 till
840 1574 142 37 skiften
1011 1573 71 37 och
1110 1572 245 48 afvittringar
1382 1570 223 37 hädanefter
1636 1568 98 37 skall
1762 1569 12 36 i
1802 1569 211 36 riksstaten

399 1630 184 49 uppföras
611 1631 126 33 såsom
767 1626 305 48 förslagsanslag
1091 1625 57 35 till
1168 1622 247 38 oförändradt
1434 1622 155 49 belopp;
1611 1626 47 32 än
1677 1620 107 47 äfven
1804 1620 208 49 medgifva,

400 1682 80 36 dels
509 1687 56 30 att
593 1680 45 36 de
666 1679 151 48 belopp,
846 1676 184 38 hvarmed
1058 1676 259 37 inkomsterna
1346 1674 41 37 af
1412 1674 169 48 tjänsten
1608 1672 122 37 under
1758 1675 40 33 år
1828 1673 99 35 1910
1953 1672 61 36 för

401 1731 506 49 afvittringslandtmätarna
925 1729 13 36 i
957 1728 289 37 Västerbottens
1266 1727 71 36 och
1355 1726 254 36 Norrbottens
1630 1725 63 35 län
1713 1724 130 36 kunna
1860 1723 156 37 komma

399 1790 57 31 att
496 1783 227 48 understiga
764 1783 112 46 3,000
918 1781 143 36 kronor
1101 1779 59 37 för
1193 1779 100 46 dem,
1322 1791 82 23 som
1433 1777 154 36 tillhöra
1615 1776 122 36 första
1764 1775 249 48 lönegraden,

400 1837 72 36 och
514 1836 114 47 3,500
669 1834 141 36 kronor
849 1833 60 35 för
950 1832 98 46 dem,
1087 1844 81 23 som
1201 1832 50 47 på
1278 1829 125 49 grund
1432 1829 42 36 af
1499 1828 101 36 ålder
1628 1828 12 35 i
1668 1827 170 49 tjänsten
1866 1826 148 49 åtnjuta

401 1886 414 49 arfvodesförhöjning,
857 1887 61 33 må
959 1884 112 36 dessa
1106 1882 230 49 tjänstemän
1364 1880 213 49 godtgöras
1606 1879 41 36 af
1671 1878 166 37 nämnda
1866 1878 148 48 anslag,

402 1944 99 32 samt
530 1938 81 37 dels
641 1942 56 32 att
725 1937 84 36 från
837 1949 145 23 samma
1010 1935 134 47 anslag
1168 1936 61 33 må
1248 1932 120 49 enligt
1386 1932 12 36 i
1418 1930 416 50 statsrådsprotokollet
1855 1929 161 48 angifna

401 1991 171 49 grunder
614 1990 41 36 af
693 1988 143 48 Kungl.
878 1987 111 48 Maj:t
1022 1986 159 48 beviljas
1210 1984 136 49 bidrag
1374 1983 57 37 till
1460 1983 205 49 gäldandet
1694 1982 42 36 af
1759 1981 257 37 kostnaderna

403 2044 60 36 för
491 2042 142 37 sådana
660 2042 88 48 laga
776 2039 141 37 skiften
945 2039 12 36 i
985 2037 243 49 Juckasjärvi
1256 2035 71 37 och
1354 2034 249 37 Karesuando
1632 2034 171 47 socknar,
1828 2046 81 24 som
1928 2033 88 36 här-

403 2095 97 36 efter
528 2094 130 36 kunna
685 2092 118 36 varda
830 2090 188 37 afslutade
1047 2088 70 38 och
1145 2086 225 39 fastställda.

530 2144 242 37 Beträffande
799 2141 260 50 utredningen
1086 2141 12 35 i
1126 2138 159 39 ärendet
1312 2138 141 37 tillåter
1481 2137 62 49 sig
1563 2137 187 37 utskottet
1780 2141 56 32 att
1855 2135 163 37 hänvisa

400 2197 59 37 till
502 2195 444 51 departementschefens
976 2194 12 36 i
1018 2191 280 38 ofvanberörda
1334 2189 380 50 statsrådsprotokoll
1743 2188 162 49 intagna
1934 2192 82 44 ytt-

403 2249 121 37 rande
556 2249 12 35 1
596 2252 141 32 ämnet.
