2210 2560
351 165 47 34 20
859 165 97 33 Stats-
969 161 168 48 Utskottets
1152 169 164 32 Utlåtande
1338 170 65 32 N:o
1426 174 52 29 28.

487 246 40 47 b)
556 249 22 33 &
600 248 238 44 skyldigheten
863 252 50 31 utt
939 250 96 34 hålla
1064 251 97 34 karl:

362 317 58 34 för
442 317 329 47 Lifregementets
801 317 267 50 dragoncorps
1101 313 19 58 =
1155 317 12 47 |

477 367 5 5 a
554 333 216 50 OEED
801 333 94 50 TUR
910 333 160 50 USDEPS
1175 368 506 9 renare
1731 344 71 34 180
1829 344 153 36 kronor.

379 377 17 22 »
441 367 330 48 Lifregementets
800 368 235 49 husarcorps
1155 368 14 48 J

380 429 15 20 »
442 417 207 37 Smålands
679 418 396 49 husarregemehtO...
1106 452 576 9 meseeseemmssumnnimn
1585 413 101 59 sn
1733 428 72 34 150
1886 439 16 21 =»

380 480 16 20 »
442 468 180 37 Skånska
649 469 365 49 husarregementet
1157 471 9 66 |

381 531 16 20 »
444 518 177 38 Skånska
653 519 398 49 dragonregementet
1085 514 20 60 =
1130 514 16 60 =
1176 554 506 9 fnmsmssemeeaamnsnsmnmunnninn
1732 529 72 35 130
1886 541 16 21 =»

382 581 16 18 »
443 570 221 36 Jemtlands
694 571 343 49 hästjägarecorps
1156 543 14 73 f

490 654 35 42 c)
554 655 22 33 &
601 655 237 44 skyldiyheten
866 658 50 31 att
942 656 96 34 hålla
1060 656 77 34 karl
1165 658 76 33 med
1265 657 204 44 beklädnad,
1501 664 130 40 remtyg
1660 662 61 34 och
1748 662 211 46 beväpning:

382 732 16 22 »
443 722 328 59 Lifregementets
800 723 325 49 grenadiercorps
1159 723 524 59 [UNN
1730 749 73 34 200
1831 747 154 37 kronor.

384 784 14 16 »
446 772 191 48 Vestgöta
665 779 227 42 regemente

384 834 14 19 »
443 822 135 36 Andra
607 823 1079 50 lifgrenadierregementöb....eccce-smemmmeuunas
1600 818 88 61 sn
1739 834 167 33 190»

384 885 16 18 »
447 873 206 37 Smålands
681 875 1009 49 grenadierbataljoth..eemeeeeaennsnnannnun
1591 869 102 60 sun
1740 884 71 34 180
1890 894 14 20 >»

1137 1026 20 48 $
1185 1032 31 33 3.

498 1126 74 36 För
597 1126 285 37 soldatrotarne
911 1128 103 36 inom
1039 1129 134 47 Särna,
1195 1131 88 36 Idro
1307 1131 70 37 och
1394 1131 110 37 Hede
1520 1132 145 50 byalag
1686 1133 3 36 i
1707 1134 280 50 Kopparbergs

360 1178 74 45 län,
475 1177 359 36 båtsmansrotarne
877 1184 47 42 på
967 1179 184 49 Visingsö
1184 1181 71 36 och
1285 1182 46 36 de
1362 1181 61 37 nio
1452 1182 309 38 båtsmansrotar
1788 1185 9 35 i
1829 1185 159 37 Kalmar

359 1227 74 47 län,
461 1228 58 35 för
547 1227 133 36 hvilka
709 1229 294 49 presterskapet
1034 1236 77 30 mot
1140 1232 178 48 oftergift
1346 1233 43 35 af
1417 1232 84 37 sina
1530 1234 155 48 utlagor
1713 1235 181 50 erlägger
1924 1251 65 21 va-

360 1278 231 48 kansafgift,
639 1278 192 37 beräknas
880 1279 222 49 lindringen
1140 1285 20 32 å
1197 1295 148 24 samma
1392 1283 154 49 belopp,
1592 1285 186 37 hvarmed
1823 1287 167 36 vakans-

361 1328 211 48 afgifterna
605 1329 58 36 för
692 1329 115 36 dessa
835 1335 106 31 rotar
969 1344 50 22 nu
1053 1337 168 43 utgöras.

1138 1464 20 48 I
1189 1469 33 34 4.

499 1565 73 36 För
601 1565 47 36 de
680 1566 85 36 med
792 1580 50 35 ny
871 1566 194 37 ordinarie
1095 1568 172 48 rotering
1297 1568 94 37 eller
1412 1570 88 36 med
1517 1585 51 32 ny
1585 1571 405 50 båtsmansindelning

361 1615 169 48 belagda
573 1616 178 36 hemman
791 1617 73 36 och
896 1617 229 48 lägenheter
1154 1619 200 36 äfvensom
1386 1620 58 36 för
1472 1621 205 36 städernas
1708 1622 280 38 båtsmanshåll

362 1667 155 35 komma
557 1666 86 36 från
686 1667 72 36 och
801 1668 88 35 med
925 1672 41 32 år
1005 1671 93 34 1886
1128 1669 362 49 vakansafgifterna
1516 1677 54 31 att
1600 1676 159 44 utgöras
1789 1673 122 49 enligt
1943 1675 47 36 de

363 1716 276 49 värdebelopp,
669 1731 81 23 som
779 1717 12 36 i
821 1721 20 33 2
873 1716 19 48 8
923 1732 113 23 mom.
1068 1722 37 40 a)
1135 1725 65 31 äro
1232 1720 58 36 för
1315 1721 133 48 hvarje
1479 1722 66 36 fall
1575 1723 213 47 bestämda,
1814 1725 86 36 med
1917 1725 73 35 till-

361 1767 295 48 godonjutande
687 1771 20 33 å
736 1782 147 23 samma
911 1769 143 49 belopp
1084 1771 41 36 af
1151 1771 73 35 den
1253 1771 11 35 i
1294 1768 20 49 $
1347 1774 17 33 1
1392 1772 191 49 stadgade
1612 1773 182 50 lindring.

1139 1920 20 48 8
1190 1924 32 34 5.

500 2019 137 37 Såsom
667 2020 124 36 vilkor
819 2021 60 36 för
908 2022 226 48 åtujutande
1164 2023 42 36 af
1231 2023 299 49 ifrågavarande
1558 2025 173 49 lindring
1754 2027 98 36 skall
1868 2028 120 48 gälla:

501 2069 73 47 1:0)
605 2075 55 31 att
689 2071 47 35 de
764 2071 58 35 till
851 2073 237 36 statsverket
1114 2073 192 49 indragna
1335 2079 126 32 ränte-
1490 2076 72 36 och
1590 2076 274 51 tiondeanslag
1892 2084 98 30 samt

363 2121 47 35 de
450 2120 193 37 afskrifna
680 2126 142 42 räntor,
852 2122 60 36 för
941 2123 132 37 hvilka
1102 2124 216 49 ersättning
1346 2125 57 35 till
1433 2126 158 37 rusthåll
1624 2127 72 36 och
1721 2133 104 31 rotar
1854 2142 49 22 nu
1932 2134 59 31 ut-

363 2171 163 47 betalas,
568 2185 92 23 vare
702 2172 62 48 sig
806 2173 99 36 efter
951 2174 98 48 årlig
1097 2175 240 49 markegång
1384 2176 94 37 eller
1523 2177 142 49 tioårig
1712 2178 278 38 medelmarke-

361 2225 118 46 gång,
510 2222 110 37 skola
650 2228 187 32 omsättas
866 2223 55 36 till
947 2224 218 49 penningar
1186 2226 99 36 efter
1306 2226 222 38 medeltalet
1549 2228 42 36 af
1609 2230 98 34 1874
1720 2230 140 34 --1883
1878 2233 111 34 årens
