2200 2573
720 182 268 34 Stats-Utskottets
1017 183 163 34 Utlåtande
1203 185 63 33 N:o
1288 187 52 30 28.
1805 187 44 35 15

222 265 192 49 Slutligen
457 265 69 38 har
568 266 194 37 Utskottet
805 267 126 36 funnit
974 268 61 48 sig
1063 268 92 36 böra
1185 268 153 46 föreslå,
1357 274 73 41 att,
1460 273 49 46 på
1538 275 76 31 sätt
1642 270 63 36 vid
1736 270 47 37 de
1813 270 42 37 af

221 317 185 36 nästlidet
446 320 60 34 års
547 318 173 48 Riksdag
761 318 202 37 beslutade
1005 319 189 36 likartade
1223 319 213 49 lindringar
1466 321 99 48 egde
1594 335 97 33 rum,
1722 325 126 33 såsom

222 368 124 36 vilkor
375 368 59 36 för
458 369 297 48 ifrågavarande
777 368 170 50 lindring
965 369 264 47 föreskrifves,
1245 376 53 30 att
1320 371 75 35 den
1416 371 98 36 skall
1531 372 163 36 fortfara
1711 373 139 36 endast

221 421 42 35 så
291 419 116 49 länge
436 419 138 47 medel,
592 420 272 36 motsvarande
894 420 64 36 det
982 421 203 48 upphörda
1216 420 236 49 åliggandet,
1470 422 42 36 af
1537 422 224 49 Riksdagen
1790 423 59 37 för

222 469 219 37 ändamålet
474 470 163 36 anvisas.
693 470 111 37 Hvad
844 471 175 37 deremot
1056 471 242 37 vidkommer
1336 472 65 36 det
1443 472 42 36 af
1522 473 239 37 motionären
1789 475 61 35 för

221 526 147 31 statens
409 521 280 48 öfvertagande
719 521 42 36 af
785 521 276 49 skyldigheten
1091 527 55 31 att
1175 522 174 37 anskaffa
1372 522 475 39 båtsmansbeklädnaden

221 571 207 49 uppstälda
468 571 135 47 vilkor,
626 576 54 32 att
708 577 127 32 staten
865 572 125 37 skulle
1020 572 145 37 erhålla
1194 573 48 35 fri
1272 573 330 49 dispositionsrätt
1625 575 55 36 till
1710 575 12 35 i
1750 576 99 35 bruk

235 622 169 46 varande,
434 622 42 36 af
500 628 99 30 rust-
628 623 71 35 och
723 623 231 37 rotehållare
970 624 222 36 anskaffade
1211 624 272 37 motsvarande
1497 625 212 48 persedlar,
1726 626 123 46 torde,

222 673 48 36 då
311 672 182 49 samtliga
534 673 378 37 båtsmansnummer
947 674 124 49 ingått
1100 675 183 35 kontrakt
1311 689 61 22 om
1402 675 292 37 beklädnadens
1724 677 125 36 öfver-

220 723 170 49 tagande
431 724 41 35 af
501 724 159 46 kronan,
691 724 71 36 och
789 725 252 47 persedlarne
1070 725 113 36 alltså
1210 739 160 23 numera
1401 726 194 37 anskaffas
1626 727 41 36 af
1688 727 160 47 kronan,

219 777 131 45 någon
379 774 165 36 särskild
572 775 274 36 bestämmelse
874 775 12 36 1
915 776 105 36 detta
1050 776 184 36 afseende
1262 776 84 36 icke
1375 790 92 22 vara
1497 777 42 36 af
1564 778 139 36 nöden.

356 824 136 37 Såsom
521 825 115 36 ofvan
666 825 229 47 meddelats,
925 826 126 36 skulle
1080 826 107 36 bifall
1218 826 55 36 till
1304 827 75 36 den
1399 827 223 49 föreslagna
1639 828 209 37 befrielsen

221 875 59 36 för
303 875 322 37 båtsmanshållet
654 876 84 36 från
764 881 55 31 att
848 877 174 36 anskaffa
1051 877 72 36 och
1150 877 228 37 underhålla
1407 878 73 35 den
1511 891 25 23 s.
1565 879 35 35 k.
1631 884 124 31 större
1787 879 61 36 be-

219 925 222 37 klädnaden
484 926 200 36 föranleda
711 926 225 50 minskning
959 927 9 35 i
1000 928 47 36 de
1075 928 158 46 värden,
1258 928 155 36 hvartill
1442 929 219 48 rustnings-
1689 930 71 35 och
1789 943 59 23 ro-

222 976 339 48 teringsbesvären
588 977 63 36 vid
676 977 322 37 båtsmanshållet
1029 978 256 49 uppskattats.
1331 978 135 49 Enligt
1486 980 238 47 protokollet
1740 980 108 36 öfver

220 1027 453 36 landtförsvarsärenden
715 1028 75 36 den
830 1031 20 33 9
895 1029 175 36 sistlidne
1113 1028 161 37 Januari
1316 1030 69 35 har
1426 1030 41 35 af
1497 1030 99 36 Ilerr
1626 1030 220 37 Statsrådet

221 1077 72 36 och
344 1077 148 37 Chefen
539 1078 59 35 för
647 1078 628 50 Landtförsvarsdepartementet,
1318 1080 10 35 i
1376 1080 108 48 fråga
1530 1094 61 22 om
1633 1081 137 36 värdet
1809 1082 41 36 al

220 1128 228 48 rustningen
495 1128 70 36 och
598 1129 239 48 roteringen,
878 1129 175 47 erinrats,
1083 1134 56 32 att
1177 1130 141 48 Kongl.
1361 1131 106 47 Maj:t
1509 1130 9 35 i
1555 1131 289 49 propositionen

219 1178 58 36 till
319 1180 95 34 1883
453 1182 60 33 års
551 1179 173 49 Riksdag
753 1180 202 47 angående
986 1180 234 49 afskrifning
1250 1181 48 46 af,
1324 1180 117 37 bland
1472 1187 127 41 annat,
1630 1183 217 48 rustnings-

222 1229 71 36 och
340 1229 384 49 roteringsbesvären
775 1230 204 49 föreslagit
1026 1231 97 36 visst
1168 1231 60 36 för
1271 1231 131 48 hvarje
1448 1237 237 42 regemente,
1733 1246 113 35 corps

222 1279 93 36 eller
354 1279 386 49 båtsmanskompani
781 1287 246 42 gemensamt
1068 1281 118 36 värde
1230 1284 19 33 å
1287 1282 312 48 prestationerna
1627 1283 59 35 för
1714 1283 133 48 hvarje

222 1329 163 37 rusthåll
440 1330 92 36 eller
583 1336 98 37 rote;
714 1331 71 36 och
837 1332 114 36 dessa
1003 1332 146 36 värden
1190 1332 116 36 hafva
1349 1338 148 30 ansetts
1543 1333 94 36 böra
1681 1339 163 43 antagas

222 1381 112 35 äfven
382 1381 59 35 för
487 1381 74 36 den
601 1395 48 22 nu
698 1382 300 48 ifrågavarande
1047 1382 233 49 lindringen,
1336 1383 98 36 dock
1488 1384 88 36 med
1631 1384 47 36 de
1719 1385 127 35 förän-

221 1431 158 48 dringar
421 1431 92 48 deri,
552 1445 80 22 som
676 1432 41 36 af
755 1433 222 36 sedermera
1015 1433 201 36 imträffade
1247 1434 334 48 omständigheter
1609 1434 235 49 påkallades.

221 1481 141 49 Kongl.
401 1482 108 47 Maj:t
550 1482 98 36 hade
682 1483 209 48 nemligen,
920 1484 11 34 i
961 1483 211 49 anledning
1201 1484 42 35 af
1262 1483 245 49 Riksdagens
1537 1484 205 37 skrifvelse
1772 1485 73 36 den

223 1534 43 34 11
293 1532 75 47 Maj
397 1534 96 34 1884
522 1534 201 46 angående
752 1533 102 36 vissa
886 1534 193 36 lättnader
1098 1534 11 35 i
1126 1534 217 48 rustnings-
1357 1535 69 36 och
1444 1535 401 48 roteringsbesvären,

221 1582 74 36 den
336 1584 45 34 21
424 1583 220 36 November
682 1597 149 23 samma
872 1587 40 33 år
954 1584 212 47 förordnat,
1207 1584 115 36 bland
1367 1593 127 39 annat,
1525 1590 55 31 att
1611 1587 236 36 statsverket

220 1632 126 36 skulle
375 1638 92 31 utan
498 1637 127 45 någon
659 1634 218 48 ersättning
901 1634 42 36 af
963 1634 292 37 vederbörande
1284 1636 230 36 rusthållare
1544 1636 86 36 från
1659 1637 71 35 och
1759 1637 85 36 med

221 1687 41 32 är
305 1685 95 34 1885
439 1684 84 35 med
566 1684 103 36 vissa
710 1684 191 36 förbehåll
942 1685 201 48 öfvertaga
1186 1685 274 49 skyldigheten
1491 1692 55 31 att
1575 1687 171 36 anskaffa
1777 1688 72 35 och

223 1734 222 36 underhålla
488 1734 46 36 de
574 1734 57 36 till
673 1735 474 36 båtsmansbeklädnaden
1187 1736 172 37 hörande
1394 1750 28 23 s.
1450 1737 34 36 k.
1512 1737 335 49 småpersedlarne

220 1785 72 36 och
321 1785 260 48 kappsäcken.
627 1786 84 35 Med
744 1786 184 36 afseende
958 1786 102 45 härå,
1078 1786 71 36 och
1170 1786 121 36 under
1312 1787 220 48 antagande
1552 1793 57 31 att
1622 1788 222 49 Riksdagen

219 1835 192 48 beviljade
441 1835 254 49 erforderliga
719 1836 125 36 medel
872 1836 55 36 till
949 1836 299 48 ifrågavarande
1269 1838 218 48 persedlars
1509 1839 246 48 anskaffning
1775 1840 71 35 och

220 1886 214 46 underhåll,
463 1886 119 36 borde
609 1886 248 49 naturligtvis
888 1901 45 22 en
964 1892 80 31 mot
1071 1887 164 37 berörda
1263 1888 149 36 lättnad
1431 1888 11 35 i
1463 1889 384 48 rustningsbesväret

219 1936 272 48 ungefärligen
541 1937 189 36 svarande
779 1938 253 47 nedsättning
1071 1938 12 35 i
1130 1938 300 47 ofvannämnda,
1461 1943 40 32 år
1544 1941 96 35 1883
1676 1945 168 43 antagna

223 1987 142 35 värden
394 2000 73 35 ega
497 2001 93 33 rum,
606 1988 71 36 och
707 1988 48 36 då
783 1988 72 36 den
888 1988 116 49 afgift
1033 1988 58 36 för
1119 1989 334 48 småpersedlarne
1483 1990 70 36 och
1583 1990 262 49 kappsäcken,

221 2050 81 23 som
358 2037 42 35 af
451 2038 258 36 rusthållarne
763 2039 64 35 vid
883 2038 321 37 båtsmanshållet
1254 2039 122 49 enligt
1430 2041 242 48 markegång
1715 2047 132 31 senast

220 2089 158 47 erlagts,
416 2092 166 44 uppgått
610 2088 56 36 till
703 2094 178 32 närmare
913 2091 45 33 10
988 2090 141 36 kronor
1156 2103 69 35 per
1255 2104 187 33 nummer,
1471 2091 120 36 borde
1620 2092 66 35 det
1714 2092 132 48 hvarje

223 2139 359 36 båtsmansrusthåll
616 2139 207 48 åliggande
853 2140 140 36 besvär
1023 2143 143 33 åsättas
1194 2145 54 31 ett
1289 2141 116 47 värde,
1434 2141 65 36 vid
1529 2142 278 48 kompanierna
1835 2144 10 34 i

219 2189 188 48 Blekinge
450 2190 42 35 af
530 2191 70 33 110
635 2190 142 36 kronor
817 2191 71 35 och
929 2191 62 35 vid
1034 2190 277 49 kompanierna
1353 2191 11 36 1
1405 2192 122 36 Södra
1570 2193 105 35 Möre
1705 2193 42 35 af
1774 2195 72 35 100

218 2240 152 36 kronor.
418 2240 195 47 Deremot,
643 2241 71 35 och
757 2246 92 30 enär
889 2242 72 35 den
1005 2241 117 48 utgift
1161 2242 60 35 för
1261 2242 334 48 småpersedlarne
1625 2243 70 35 och
1725 2244 121 49 kapp-
