<?xml version="1.0" encoding="UTF-8"?>
<alto xmlns="http://www.loc.gov/standards/alto/ns-v3#" xmlns:xlink="http://www.w3.org/1999/xlink" xmlns:xsi="http://www.w3.org/2001/XMLSchema-instance" xsi:schemaLocation="http://www.loc.gov/standards/alto/ns-v3# http://www.loc.gov/alto/v3/alto-3-0.xsd">
	<Description>
		<MeasurementUnit>pixel</MeasurementUnit>
		<sourceImageInformation>
			<fileName>/tmp/tess_iygipu4v_input.PNG</fileName>
		</sourceImageInformation>
		<OCRProcessing ID="OCR_0">
			<ocrProcessingStep>
				<processingSoftware>
					<softwareName>tesseract 5.3.0</softwareName>
				</processingSoftware>
			</ocrProcessingStep>
		</OCRProcessing>
	</Description>
	<Layout>
		<Page WIDTH="1876" HEIGHT="2842" PHYSICAL_IMG_NR="0" ID="page_0">
			<PrintSpace HPOS="0" VPOS="0" WIDTH="1876" HEIGHT="2842">
				<ComposedBlock ID="cblock_0" HPOS="491" VPOS="157" WIDTH="1123" HEIGHT="45">
					<TextBlock ID="block_0" HPOS="491" VPOS="157" WIDTH="1123" HEIGHT="45">
						<TextLine ID="line_0" HPOS="491" VPOS="157" WIDTH="1123" HEIGHT="45">
							<String ID="string_0" HPOS="491" VPOS="165" WIDTH="119" HEIGHT="30" WC="0.92" CONTENT="Första"/><SP WIDTH="23" VPOS="165" HPOS="610"/>
							<String ID="string_1" HPOS="633" VPOS="163" WIDTH="240" HEIGHT="39" WC="0.91" CONTENT="lagutskottets"/><SP WIDTH="26" VPOS="163" HPOS="873"/>
							<String ID="string_2" HPOS="899" VPOS="162" WIDTH="175" HEIGHT="33" WC="0.96" CONTENT="utlåtande"/><SP WIDTH="24" VPOS="162" HPOS="1074"/>
							<String ID="string_3" HPOS="1098" VPOS="162" WIDTH="50" HEIGHT="32" WC="0.95" CONTENT="Nr"/><SP WIDTH="24" VPOS="162" HPOS="1148"/>
							<String ID="string_4" HPOS="1172" VPOS="165" WIDTH="50" HEIGHT="30" WC="0.96" CONTENT="17."/><SP WIDTH="373" VPOS="165" HPOS="1222"/>
							<String ID="string_5" HPOS="1595" VPOS="157" WIDTH="19" HEIGHT="30" WC="0.96" CONTENT="3"/>
						</TextLine>
					</TextBlock>
				</ComposedBlock>
				<ComposedBlock ID="cblock_1" HPOS="101" VPOS="247" WIDTH="1511" HEIGHT="293">
					<TextBlock ID="block_1" HPOS="101" VPOS="247" WIDTH="1511" HEIGHT="293">
						<TextLine ID="line_1" HPOS="103" VPOS="247" WIDTH="1509" HEIGHT="39">
							<String ID="string_6" HPOS="103" VPOS="250" WIDTH="200" HEIGHT="31" WC="0.89" CONTENT="stämmelse"/><SP WIDTH="17" VPOS="250" HPOS="303"/>
							<String ID="string_7" HPOS="320" VPOS="267" WIDTH="44" HEIGHT="4" WC="0.92" CONTENT="—"/><SP WIDTH="20" VPOS="267" HPOS="364"/>
							<String ID="string_8" HPOS="384" VPOS="248" WIDTH="288" HEIGHT="38" WC="0.90" CONTENT="åklagarandelar"/><SP WIDTH="18" VPOS="248" HPOS="672"/>
							<String ID="string_9" HPOS="690" VPOS="249" WIDTH="11" HEIGHT="30" WC="0.96" CONTENT="i"/><SP WIDTH="17" VPOS="249" HPOS="701"/>
							<String ID="string_10" HPOS="718" VPOS="249" WIDTH="99" HEIGHT="30" WC="0.91" CONTENT="böter"/><SP WIDTH="20" VPOS="249" HPOS="817"/>
							<String ID="string_11" HPOS="837" VPOS="258" WIDTH="29" HEIGHT="21" WC="0.89" CONTENT="o."/><SP WIDTH="21" VPOS="258" HPOS="866"/>
							<String ID="string_12" HPOS="887" VPOS="249" WIDTH="31" HEIGHT="30" WC="0.91" CONTENT="d."/><SP WIDTH="21" VPOS="249" HPOS="918"/>
							<String ID="string_13" HPOS="939" VPOS="248" WIDTH="160" HEIGHT="36" WC="0.91" CONTENT="indragas"/><SP WIDTH="20" VPOS="248" HPOS="1099"/>
							<String ID="string_14" HPOS="1119" VPOS="248" WIDTH="51" HEIGHT="30" WC="0.93" CONTENT="till"/><SP WIDTH="21" VPOS="248" HPOS="1170"/>
							<String ID="string_15" HPOS="1191" VPOS="248" WIDTH="212" HEIGHT="35" WC="0.92" CONTENT="statsverket,"/><SP WIDTH="22" VPOS="248" HPOS="1403"/>
							<String ID="string_16" HPOS="1425" VPOS="247" WIDTH="42" HEIGHT="30" WC="0.96" CONTENT="de"/><SP WIDTH="19" VPOS="247" HPOS="1467"/>
							<String ID="string_17" HPOS="1486" VPOS="247" WIDTH="126" HEIGHT="34" WC="0.96" CONTENT="städer,"/>
						</TextLine>
						<TextLine ID="line_2" HPOS="104" VPOS="297" WIDTH="1508" HEIGHT="39">
							<String ID="string_18" HPOS="104" VPOS="310" WIDTH="77" HEIGHT="22" WC="0.96" CONTENT="som"/><SP WIDTH="19" VPOS="310" HPOS="181"/>
							<String ID="string_19" HPOS="200" VPOS="301" WIDTH="80" HEIGHT="30" WC="0.96" CONTENT="med"/><SP WIDTH="21" VPOS="301" HPOS="280"/>
							<String ID="string_20" HPOS="301" VPOS="301" WIDTH="77" HEIGHT="30" WC="0.96" CONTENT="stöd"/><SP WIDTH="15" VPOS="301" HPOS="378"/>
							<String ID="string_21" HPOS="393" VPOS="310" WIDTH="43" HEIGHT="21" WC="0.96" CONTENT="av"/><SP WIDTH="19" VPOS="310" HPOS="436"/>
							<String ID="string_22" HPOS="455" VPOS="310" WIDTH="48" HEIGHT="21" WC="0.96" CONTENT="nu"/><SP WIDTH="21" VPOS="310" HPOS="503"/>
							<String ID="string_23" HPOS="524" VPOS="298" WIDTH="266" HEIGHT="38" WC="0.96" CONTENT="ifrågavarande"/><SP WIDTH="21" VPOS="298" HPOS="790"/>
							<String ID="string_24" HPOS="811" VPOS="300" WIDTH="55" HEIGHT="36" WC="0.96" CONTENT="lag"/><SP WIDTH="21" VPOS="300" HPOS="866"/>
							<String ID="string_25" HPOS="887" VPOS="300" WIDTH="159" HEIGHT="36" WC="0.96" CONTENT="uppbära"/><SP WIDTH="22" VPOS="300" HPOS="1046"/>
							<String ID="string_26" HPOS="1068" VPOS="297" WIDTH="131" HEIGHT="32" WC="0.95" CONTENT="sådana"/><SP WIDTH="23" VPOS="297" HPOS="1199"/>
							<String ID="string_27" HPOS="1222" VPOS="298" WIDTH="152" HEIGHT="36" WC="0.96" CONTENT="andelar,"/><SP WIDTH="22" VPOS="298" HPOS="1374"/>
							<String ID="string_28" HPOS="1396" VPOS="298" WIDTH="76" HEIGHT="30" WC="0.96" CONTENT="icke"/><SP WIDTH="20" VPOS="298" HPOS="1472"/>
							<String ID="string_29" HPOS="1492" VPOS="298" WIDTH="120" HEIGHT="30" WC="0.96" CONTENT="kunna"/>
						</TextLine>
						<TextLine ID="line_3" HPOS="104" VPOS="348" WIDTH="1507" HEIGHT="41">
							<String ID="string_30" HPOS="104" VPOS="351" WIDTH="158" HEIGHT="38" WC="0.92" CONTENT="påräkna"/><SP WIDTH="21" VPOS="351" HPOS="262"/>
							<String ID="string_31" HPOS="283" VPOS="354" WIDTH="50" HEIGHT="29" WC="0.96" CONTENT="att"/><SP WIDTH="16" VPOS="354" HPOS="333"/>
							<String ID="string_32" HPOS="349" VPOS="350" WIDTH="134" HEIGHT="32" WC="0.96" CONTENT="erhålla"/><SP WIDTH="20" VPOS="350" HPOS="483"/>
							<String ID="string_33" HPOS="503" VPOS="350" WIDTH="267" HEIGHT="37" WC="0.96" CONTENT="kompensation"/><SP WIDTH="22" VPOS="350" HPOS="770"/>
							<String ID="string_34" HPOS="792" VPOS="350" WIDTH="56" HEIGHT="31" WC="0.96" CONTENT="för"/><SP WIDTH="20" VPOS="350" HPOS="848"/>
							<String ID="string_35" HPOS="868" VPOS="350" WIDTH="68" HEIGHT="30" WC="0.96" CONTENT="den"/><SP WIDTH="21" VPOS="350" HPOS="936"/>
							<String ID="string_36" HPOS="957" VPOS="350" WIDTH="124" HEIGHT="30" WC="0.96" CONTENT="förlust"/><SP WIDTH="33" VPOS="350" HPOS="1081"/>
							<String ID="string_37" HPOS="1114" VPOS="359" WIDTH="75" HEIGHT="21" WC="0.96" CONTENT="som"/><SP WIDTH="21" VPOS="359" HPOS="1189"/>
							<String ID="string_38" HPOS="1210" VPOS="349" WIDTH="200" HEIGHT="30" WC="0.96" CONTENT="förorsakas"/><SP WIDTH="21" VPOS="349" HPOS="1410"/>
							<String ID="string_39" HPOS="1431" VPOS="358" WIDTH="43" HEIGHT="21" WC="0.93" CONTENT="av"/><SP WIDTH="23" VPOS="358" HPOS="1474"/>
							<String ID="string_40" HPOS="1497" VPOS="348" WIDTH="114" HEIGHT="30" WC="0.92" CONTENT="indra-"/>
						</TextLine>
						<TextLine ID="line_4" HPOS="102" VPOS="398" WIDTH="1509" HEIGHT="43">
							<String ID="string_41" HPOS="102" VPOS="404" WIDTH="137" HEIGHT="37" WC="0.92" CONTENT="gandet."/><SP WIDTH="45" VPOS="404" HPOS="239"/>
							<String ID="string_42" HPOS="284" VPOS="401" WIDTH="52" HEIGHT="32" WC="0.96" CONTENT="Då"/><SP WIDTH="19" VPOS="401" HPOS="336"/>
							<String ID="string_43" HPOS="355" VPOS="401" WIDTH="259" HEIGHT="39" WC="0.96" CONTENT="propositionen"/><SP WIDTH="20" VPOS="401" HPOS="614"/>
							<String ID="string_44" HPOS="634" VPOS="400" WIDTH="274" HEIGHT="38" WC="0.96" CONTENT="uppenbarligen"/><SP WIDTH="19" VPOS="400" HPOS="908"/>
							<String ID="string_45" HPOS="927" VPOS="401" WIDTH="128" HEIGHT="36" WC="0.96" CONTENT="bygger"/><SP WIDTH="21" VPOS="401" HPOS="1055"/>
							<String ID="string_46" HPOS="1076" VPOS="398" WIDTH="44" HEIGHT="39" WC="0.96" CONTENT="på"/><SP WIDTH="21" VPOS="398" HPOS="1120"/>
							<String ID="string_47" HPOS="1141" VPOS="400" WIDTH="115" HEIGHT="30" WC="0.96" CONTENT="denna"/><SP WIDTH="21" VPOS="400" HPOS="1256"/>
							<String ID="string_48" HPOS="1277" VPOS="398" WIDTH="247" HEIGHT="38" WC="0.96" CONTENT="förutsättning"/><SP WIDTH="21" VPOS="398" HPOS="1524"/>
							<String ID="string_49" HPOS="1545" VPOS="398" WIDTH="66" HEIGHT="30" WC="0.96" CONTENT="och"/>
						</TextLine>
						<TextLine ID="line_5" HPOS="101" VPOS="449" WIDTH="1507" HEIGHT="41">
							<String ID="string_50" HPOS="101" VPOS="454" WIDTH="167" HEIGHT="30" WC="0.96" CONTENT="utskottet"/><SP WIDTH="23" VPOS="454" HPOS="268"/>
							<String ID="string_51" HPOS="291" VPOS="453" WIDTH="58" HEIGHT="31" WC="0.96" CONTENT="vid"/><SP WIDTH="23" VPOS="453" HPOS="349"/>
							<String ID="string_52" HPOS="372" VPOS="453" WIDTH="52" HEIGHT="30" WC="0.96" CONTENT="sin"/><SP WIDTH="24" VPOS="453" HPOS="424"/>
							<String ID="string_53" HPOS="448" VPOS="452" WIDTH="211" HEIGHT="38" WC="0.96" CONTENT="granskning"/><SP WIDTH="23" VPOS="452" HPOS="659"/>
							<String ID="string_54" HPOS="682" VPOS="461" WIDTH="43" HEIGHT="21" WC="0.96" CONTENT="av"/><SP WIDTH="22" VPOS="461" HPOS="725"/>
							<String ID="string_55" HPOS="747" VPOS="451" WIDTH="220" HEIGHT="38" WC="0.96" CONTENT="lagförslaget"/><SP WIDTH="22" VPOS="451" HPOS="967"/>
							<String ID="string_56" HPOS="989" VPOS="450" WIDTH="31" HEIGHT="38" WC="0.96" CONTENT="ej"/><SP WIDTH="25" VPOS="450" HPOS="1020"/>
							<String ID="string_57" HPOS="1045" VPOS="450" WIDTH="116" HEIGHT="31" WC="0.96" CONTENT="funnit"/><SP WIDTH="24" VPOS="450" HPOS="1161"/>
							<String ID="string_58" HPOS="1185" VPOS="450" WIDTH="187" HEIGHT="36" WC="0.95" CONTENT="anledning"/><SP WIDTH="23" VPOS="450" HPOS="1372"/>
							<String ID="string_59" HPOS="1395" VPOS="449" WIDTH="51" HEIGHT="31" WC="0.96" CONTENT="till"/><SP WIDTH="24" VPOS="449" HPOS="1446"/>
							<String ID="string_60" HPOS="1470" VPOS="449" WIDTH="138" HEIGHT="31" WC="0.96" CONTENT="erinran"/>
						</TextLine>
						<TextLine ID="line_6" HPOS="103" VPOS="502" WIDTH="774" HEIGHT="38">
							<String ID="string_61" HPOS="103" VPOS="508" WIDTH="72" HEIGHT="27" WC="0.96" CONTENT="mot"/><SP WIDTH="21" VPOS="508" HPOS="175"/>
							<String ID="string_62" HPOS="196" VPOS="505" WIDTH="203" HEIGHT="35" WC="0.95" CONTENT="detsamma,"/><SP WIDTH="23" VPOS="505" HPOS="399"/>
							<String ID="string_63" HPOS="422" VPOS="503" WIDTH="55" HEIGHT="31" WC="0.95" CONTENT="får"/><SP WIDTH="20" VPOS="503" HPOS="477"/>
							<String ID="string_64" HPOS="497" VPOS="503" WIDTH="165" HEIGHT="31" WC="0.93" CONTENT="utskottet"/><SP WIDTH="21" VPOS="503" HPOS="662"/>
							<String ID="string_65" HPOS="683" VPOS="502" WIDTH="194" HEIGHT="36" WC="0.91" CONTENT="hemställa,"/>
						</TextLine>
					</TextBlock>
				</ComposedBlock>
				<ComposedBlock ID="cblock_2" HPOS="459" VPOS="601" WIDTH="1106" HEIGHT="40">
					<TextBlock ID="block_2" HPOS="459" VPOS="601" WIDTH="1106" HEIGHT="40">
						<TextLine ID="line_7" HPOS="459" VPOS="601" WIDTH="1106" HEIGHT="40">
							<String ID="string_66" HPOS="459" VPOS="608" WIDTH="49" HEIGHT="27" WC="0.90" CONTENT="alt"/><SP WIDTH="22" VPOS="608" HPOS="508"/>
							<String ID="string_67" HPOS="530" VPOS="605" WIDTH="228" HEIGHT="30" WC="0.96" CONTENT="förevarande"/><SP WIDTH="24" VPOS="605" HPOS="758"/>
							<String ID="string_68" HPOS="782" VPOS="603" WIDTH="213" HEIGHT="38" WC="0.96" CONTENT="proposition"/><SP WIDTH="24" VPOS="603" HPOS="995"/>
							<String ID="string_69" HPOS="1019" VPOS="601" WIDTH="105" HEIGHT="32" WC="0.96" CONTENT="måtte"/><SP WIDTH="23" VPOS="601" HPOS="1124"/>
							<String ID="string_70" HPOS="1147" VPOS="613" WIDTH="42" HEIGHT="20" WC="0.96" CONTENT="av"/><SP WIDTH="22" VPOS="613" HPOS="1189"/>
							<String ID="string_71" HPOS="1211" VPOS="603" WIDTH="184" HEIGHT="35" WC="0.93" CONTENT="riksdagen"/><SP WIDTH="21" VPOS="603" HPOS="1395"/>
							<String ID="string_72" HPOS="1416" VPOS="602" WIDTH="149" HEIGHT="30" WC="0.90" CONTENT="bifallas."/>
						</TextLine>
					</TextBlock>
				</ComposedBlock>
				<ComposedBlock ID="cblock_3" HPOS="148" VPOS="705" WIDTH="565" HEIGHT="32">
					<TextBlock ID="block_3" HPOS="148" VPOS="705" WIDTH="565" HEIGHT="32">
						<TextLine ID="line_8" HPOS="148" VPOS="705" WIDTH="565" HEIGHT="32">
							<String ID="string_73" HPOS="148" VPOS="707" WIDTH="203" HEIGHT="30" WC="0.96" CONTENT="Stockholm"/><SP WIDTH="23" VPOS="707" HPOS="351"/>
							<String ID="string_74" HPOS="374" VPOS="706" WIDTH="68" HEIGHT="30" WC="0.96" CONTENT="den"/><SP WIDTH="23" VPOS="706" HPOS="442"/>
							<String ID="string_75" HPOS="465" VPOS="706" WIDTH="19" HEIGHT="30" WC="0.95" CONTENT="5"/><SP WIDTH="24" VPOS="706" HPOS="484"/>
							<String ID="string_76" HPOS="508" VPOS="714" WIDTH="91" HEIGHT="21" WC="0.96" CONTENT="mars"/><SP WIDTH="21" VPOS="714" HPOS="599"/>
							<String ID="string_77" HPOS="620" VPOS="705" WIDTH="93" HEIGHT="30" WC="0.96" CONTENT="1937."/>
						</TextLine>
					</TextBlock>
				</ComposedBlock>
				<ComposedBlock ID="cblock_4" HPOS="556" VPOS="805" WIDTH="603" HEIGHT="37">
					<TextBlock ID="block_4" HPOS="556" VPOS="805" WIDTH="603" HEIGHT="37">
						<TextLine ID="line_9" HPOS="556" VPOS="805" WIDTH="603" HEIGHT="37">
							<String ID="string_78" HPOS="556" VPOS="805" WIDTH="47" HEIGHT="31" WC="0.96" CONTENT="På"/><SP WIDTH="22" VPOS="805" HPOS="603"/>
							<String ID="string_79" HPOS="625" VPOS="806" WIDTH="109" HEIGHT="31" WC="0.93" CONTENT="första"/><SP WIDTH="23" VPOS="806" HPOS="734"/>
							<String ID="string_80" HPOS="757" VPOS="806" WIDTH="238" HEIGHT="36" WC="0.91" CONTENT="lagutskottets"/><SP WIDTH="21" VPOS="806" HPOS="995"/>
							<String ID="string_81" HPOS="1016" VPOS="806" WIDTH="143" HEIGHT="35" WC="0.96" CONTENT="vägnar:"/>
						</TextLine>
					</TextBlock>
				</ComposedBlock>
				<ComposedBlock ID="cblock_5" HPOS="706" VPOS="890" WIDTH="309" HEIGHT="31">
					<TextBlock ID="block_5" HPOS="706" VPOS="890" WIDTH="309" HEIGHT="31">
						<TextLine ID="line_10" HPOS="706" VPOS="890" WIDTH="309" HEIGHT="31">
							<String ID="string_82" HPOS="706" VPOS="891" WIDTH="37" HEIGHT="30" WC="0.87" CONTENT="K."/><SP WIDTH="29" VPOS="891" HPOS="743"/>
							<String ID="string_83" HPOS="772" VPOS="890" WIDTH="243" HEIGHT="31" WC="0.96" CONTENT="SCHLYTER."/>
						</TextLine>
					</TextBlock>
				</ComposedBlock>
				<ComposedBlock ID="cblock_6" HPOS="99" VPOS="1107" WIDTH="1509" HEIGHT="136">
					<TextBlock ID="block_6" HPOS="99" VPOS="1107" WIDTH="1509" HEIGHT="136">
						<TextLine ID="line_11" HPOS="134" VPOS="1107" WIDTH="695" HEIGHT="33">
							<String ID="string_84" HPOS="134" VPOS="1109" WIDTH="54" HEIGHT="25" WC="0.96" CONTENT="Vid"/><SP WIDTH="22" VPOS="1109" HPOS="188"/>
							<String ID="string_85" HPOS="210" VPOS="1109" WIDTH="77" HEIGHT="25" WC="0.92" CONTENT="detta"/><SP WIDTH="21" VPOS="1109" HPOS="287"/>
							<String ID="string_86" HPOS="308" VPOS="1109" WIDTH="119" HEIGHT="25" WC="0.92" CONTENT="ärendes"/><SP WIDTH="18" VPOS="1109" HPOS="427"/>
							<String ID="string_87" HPOS="445" VPOS="1108" WIDTH="171" HEIGHT="32" WC="0.96" CONTENT="behandling"/><SP WIDTH="20" VPOS="1108" HPOS="616"/>
							<String ID="string_88" HPOS="636" VPOS="1108" WIDTH="37" HEIGHT="25" WC="0.93" CONTENT="ha"/><SP WIDTH="19" VPOS="1108" HPOS="673"/>
							<String ID="string_89" HPOS="692" VPOS="1107" WIDTH="137" HEIGHT="25" WC="0.92" CONTENT="närvarit:"/>
						</TextLine>
						<TextLine ID="line_12" HPOS="135" VPOS="1164" WIDTH="1473" HEIGHT="35">
							<String ID="string_90" HPOS="135" VPOS="1168" WIDTH="65" HEIGHT="25" WC="0.96" CONTENT="från"/><SP WIDTH="28" VPOS="1168" HPOS="200"/>
							<String ID="string_91" HPOS="228" VPOS="1168" WIDTH="136" HEIGHT="25" WC="0.96" CONTENT="första"/><SP WIDTH="27" VPOS="1168" HPOS="364"/>
							<String ID="string_92" HPOS="391" VPOS="1168" WIDTH="178" HEIGHT="25" WC="0.96" CONTENT="kammaren:"/><SP WIDTH="30" VPOS="1168" HPOS="569"/>
							<String ID="string_93" HPOS="599" VPOS="1167" WIDTH="98" HEIGHT="25" WC="0.96" CONTENT="herrar"/><SP WIDTH="29" VPOS="1167" HPOS="697"/>
							<String ID="string_94" HPOS="726" VPOS="1167" WIDTH="137" HEIGHT="32" WC="0.93" CONTENT="Schlyter,"/><SP WIDTH="27" VPOS="1167" HPOS="863"/>
							<String ID="string_95" HPOS="890" VPOS="1166" WIDTH="146" HEIGHT="31" WC="0.91" CONTENT="Klefbeck,"/><SP WIDTH="29" VPOS="1166" HPOS="1036"/>
							<String ID="string_96" HPOS="1065" VPOS="1165" WIDTH="69" HEIGHT="25" WC="0.95" CONTENT="Erik"/><SP WIDTH="28" VPOS="1165" HPOS="1134"/>
							<String ID="string_97" HPOS="1162" VPOS="1165" WIDTH="156" HEIGHT="30" WC="0.93" CONTENT="Anderson,"/><SP WIDTH="29" VPOS="1165" HPOS="1318"/>
							<String ID="string_98" HPOS="1347" VPOS="1164" WIDTH="148" HEIGHT="31" WC="0.92" CONTENT="Velander,"/><SP WIDTH="29" VPOS="1164" HPOS="1495"/>
							<String ID="string_99" HPOS="1524" VPOS="1164" WIDTH="84" HEIGHT="25" WC="0.95" CONTENT="Ernst"/>
						</TextLine>
						<TextLine ID="line_13" HPOS="99" VPOS="1209" WIDTH="736" HEIGHT="34">
							<String ID="string_100" HPOS="99" VPOS="1213" WIDTH="138" HEIGHT="29" WC="0.96" CONTENT="Svenson,"/><SP WIDTH="18" VPOS="1213" HPOS="237"/>
							<String ID="string_101" HPOS="255" VPOS="1211" WIDTH="66" HEIGHT="26" WC="0.93" CONTENT="Otto"/><SP WIDTH="17" VPOS="1211" HPOS="321"/>
							<String ID="string_102" HPOS="338" VPOS="1211" WIDTH="153" HEIGHT="32" WC="0.92" CONTENT="Wangson,"/><SP WIDTH="19" VPOS="1211" HPOS="491"/>
							<String ID="string_103" HPOS="510" VPOS="1210" WIDTH="142" HEIGHT="32" WC="0.96" CONTENT="Berglund"/><SP WIDTH="20" VPOS="1210" HPOS="652"/>
							<String ID="string_104" HPOS="672" VPOS="1210" WIDTH="53" HEIGHT="24" WC="0.96" CONTENT="och"/><SP WIDTH="22" VPOS="1210" HPOS="725"/>
							<String ID="string_105" HPOS="747" VPOS="1209" WIDTH="88" HEIGHT="30" WC="0.93" CONTENT="Roos;"/>
						</TextLine>
					</TextBlock>
				</ComposedBlock>
				<ComposedBlock ID="cblock_7" HPOS="100" VPOS="1265" WIDTH="1506" HEIGHT="81">
					<TextBlock ID="block_7" HPOS="100" VPOS="1265" WIDTH="1506" HEIGHT="81">
						<TextLine ID="line_14" HPOS="135" VPOS="1265" WIDTH="1471" HEIGHT="36">
							<String ID="string_106" HPOS="135" VPOS="1270" WIDTH="65" HEIGHT="26" WC="0.96" CONTENT="från"/><SP WIDTH="31" VPOS="1270" HPOS="200"/>
							<String ID="string_107" HPOS="231" VPOS="1271" WIDTH="126" HEIGHT="24" WC="0.96" CONTENT="andra"/><SP WIDTH="26" VPOS="1271" HPOS="357"/>
							<String ID="string_108" HPOS="383" VPOS="1270" WIDTH="179" HEIGHT="25" WC="0.96" CONTENT="kammaren:"/><SP WIDTH="29" VPOS="1270" HPOS="562"/>
							<String ID="string_109" HPOS="591" VPOS="1269" WIDTH="98" HEIGHT="25" WC="0.95" CONTENT="herrar"/><SP WIDTH="30" VPOS="1269" HPOS="689"/>
							<String ID="string_110" HPOS="719" VPOS="1268" WIDTH="158" HEIGHT="33" WC="0.96" CONTENT="Bergquist,"/><SP WIDTH="29" VPOS="1268" HPOS="877"/>
							<String ID="string_111" HPOS="906" VPOS="1268" WIDTH="119" HEIGHT="32" WC="0.96" CONTENT="Ryberg,"/><SP WIDTH="32" VPOS="1268" HPOS="1025"/>
							<String ID="string_112" HPOS="1057" VPOS="1267" WIDTH="102" HEIGHT="25" WC="0.96" CONTENT="Olsson"/><SP WIDTH="30" VPOS="1267" HPOS="1159"/>
							<String ID="string_113" HPOS="1189" VPOS="1266" WIDTH="8" HEIGHT="25" WC="0.96" CONTENT="i"/><SP WIDTH="30" VPOS="1266" HPOS="1197"/>
							<String ID="string_114" HPOS="1227" VPOS="1265" WIDTH="146" HEIGHT="31" WC="0.95" CONTENT="Mellerud,"/><SP WIDTH="30" VPOS="1265" HPOS="1373"/>
							<String ID="string_115" HPOS="1403" VPOS="1266" WIDTH="164" HEIGHT="25" WC="0.96" CONTENT="Johansson"/><SP WIDTH="32" VPOS="1266" HPOS="1567"/>
							<String ID="string_116" HPOS="1599" VPOS="1265" WIDTH="7" HEIGHT="24" WC="0.96" CONTENT="i"/>
						</TextLine>
						<TextLine ID="line_15" HPOS="100" VPOS="1309" WIDTH="1133" HEIGHT="37">
							<String ID="string_117" HPOS="100" VPOS="1314" WIDTH="166" HEIGHT="32" WC="0.90" CONTENT="Krogstorp,"/><SP WIDTH="21" VPOS="1314" HPOS="266"/>
							<String ID="string_118" HPOS="287" VPOS="1313" WIDTH="80" HEIGHT="32" WC="0.96" CONTENT="Berg,"/><SP WIDTH="20" VPOS="1313" HPOS="367"/>
							<String ID="string_119" HPOS="387" VPOS="1312" WIDTH="123" HEIGHT="25" WC="0.96" CONTENT="Larsson"/><SP WIDTH="20" VPOS="1312" HPOS="510"/>
							<String ID="string_120" HPOS="530" VPOS="1312" WIDTH="8" HEIGHT="24" WC="0.96" CONTENT="i"/><SP WIDTH="20" VPOS="1312" HPOS="538"/>
							<String ID="string_121" HPOS="558" VPOS="1311" WIDTH="87" HEIGHT="30" WC="0.96" CONTENT="Hede,"/><SP WIDTH="20" VPOS="1311" HPOS="645"/>
							<String ID="string_122" HPOS="665" VPOS="1311" WIDTH="147" HEIGHT="26" WC="0.96" CONTENT="Johnsson"/><SP WIDTH="21" VPOS="1311" HPOS="812"/>
							<String ID="string_123" HPOS="833" VPOS="1310" WIDTH="8" HEIGHT="25" WC="0.96" CONTENT="i"/><SP WIDTH="23" VPOS="1310" HPOS="841"/>
							<String ID="string_124" HPOS="864" VPOS="1310" WIDTH="114" HEIGHT="25" WC="0.96" CONTENT="Kalmar"/><SP WIDTH="23" VPOS="1310" HPOS="978"/>
							<String ID="string_125" HPOS="1001" VPOS="1310" WIDTH="53" HEIGHT="24" WC="0.96" CONTENT="och"/><SP WIDTH="21" VPOS="1310" HPOS="1054"/>
							<String ID="string_126" HPOS="1075" VPOS="1309" WIDTH="158" HEIGHT="32" WC="0.96" CONTENT="Landgren."/>
						</TextLine>
					</TextBlock>
				</ComposedBlock>
			</PrintSpace>
		</Page>
	</Layout>
</alto>
