1904 2828
512 146 379 31 Jordbruksutskottets
917 146 176 31 utlåtande
1117 146 50 30 Nr
1190 147 47 29 68.
1589 140 40 31 65

121 231 66 29 sätt
211 228 151 38 påverka
385 229 289 38 avgångsbetyget
697 229 79 32 från
800 231 234 35 kolarskolan,
1060 231 118 30 lämna
1204 230 156 30 eleverna
1385 228 64 32 råd
1474 229 66 31 och
1564 239 59 20 an-

122 273 175 36 visningar
321 274 9 29 i
351 274 66 29 vad
439 272 82 31 mån
542 274 66 29 och
631 272 44 37 på
698 274 66 30 vad
785 274 68 29 sätt
875 274 41 29 de
937 274 85 29 böra
1046 273 165 30 förkovra
1232 273 75 30 sina
1327 273 201 36 kunskaper
1549 272 11 30 i
1583 272 41 30 de

122 316 182 30 teoretiska
324 317 158 29 ämnena.
528 316 13 29 I
564 317 171 29 samband
755 316 80 30 med
856 326 47 20 nu
925 316 196 36 föreslagna
1144 315 188 36 ändringar
1352 315 9 30 i
1381 315 242 30 kolarskolans

121 359 158 37 läroplan
306 368 99 28 synes
431 359 171 30 lärotiden
626 359 83 30 böra
736 357 103 38 något
862 359 176 36 förlängas
1066 359 52 29 till
1143 361 50 27 att
1217 358 147 30 omfatta
1391 367 42 21 en
1460 358 50 30 tid
1537 367 42 20 av
1604 359 19 29 2

122 400 175 32 månader.
323 427 6 6 .
347 401 66 31 För
436 404 50 28 att
511 402 65 30 den
602 400 144 32 sålunda
770 402 207 36 föreslagna,
1004 400 103 38 något
1132 401 185 36 utvidgade
1342 400 225 31 kolarskolan
1591 400 32 37 ej

122 445 87 29 skall
233 444 94 31 bliva
352 454 42 21 en
417 445 220 36 betungande
661 444 195 37 förpraktik
883 444 50 30 till
960 445 202 36 skogsskola
1188 453 100 27 synes
1313 446 47 28 ett
1385 442 104 38 något
1517 445 108 29 större

122 487 305 37 stipendiebelopp,
454 487 201 36 förslagsvis
682 488 41 29 40
750 488 139 35 kronor,
918 488 86 30 böra
1032 487 148 31 tilldelas
1210 487 159 36 samtliga
1398 487 121 35 elever,
1550 496 74 21 som

122 530 73 30 icke
225 530 124 30 besitta
377 529 130 31 sådana
535 530 183 31 teoretiska
750 530 266 37 förkunskaper,
1046 540 74 20 som
1150 530 137 30 fordras
1318 530 55 30 för
1402 530 135 30 inträde
1567 529 57 30 vid

121 574 306 35 skogshögskolan.

166 616 122 30 Därest
311 616 65 30 den
399 614 147 32 sålunda
568 616 195 36 föreslagna
787 616 237 36 anordningen
1047 616 88 30 skall
1156 617 120 29 kunna
1296 615 222 37 genomföras
1540 618 83 28 utan

121 661 48 28 att
191 659 164 30 tillträdet
379 659 50 30 till
453 659 201 36 skogsskola
675 660 185 29 nämnvärt
883 657 186 38 försvåras,
1092 657 110 32 måste
1223 658 87 31 flera
1333 658 218 31 kolarskolor
1574 658 49 30 in-

122 702 115 29 rättas.
294 702 13 29 I
340 701 148 31 särskild
518 702 232 36 promemoria
781 700 177 38 angående
991 702 66 30 den
1089 702 107 36 högre
1228 702 395 36 skogsundervisningen

121 743 154 37 föreslås,
299 747 49 28 att
368 743 255 38 avgångsbetyg
644 743 79 31 från
744 745 199 30 kolarskola
966 745 89 30 skall
1076 745 192 36 uppställas
1292 754 73 20 som
1390 744 124 30 villkor
1537 744 86 37 jäm-

122 788 55 29 väl
204 787 55 30 för
284 787 134 30 inträde
442 787 51 30 till
521 788 313 35 skogshögskolans
859 787 253 30 förberedande
1138 788 94 29 kurs.
1284 787 64 30 Det
1374 787 95 30 antal
1495 787 128 37 prakti-

121 830 131 36 kanter,
275 840 74 20 som
369 829 130 37 årligen
519 831 84 29 söka
621 830 195 36 utbildning
836 830 57 30 vid
912 830 209 35 kolarskola,
1143 830 110 30 skulle
1272 830 122 30 därför
1413 831 142 29 komma
1576 832 48 28 att

121 871 114 38 uppgå
256 873 52 30 till
328 873 105 30 minst
456 874 61 29 100
539 874 150 35 stycken.
736 873 287 30 Kolarskolornas
1047 873 262 36 sammanlagda
1330 873 174 36 kapacitet
1528 873 96 30 torde

121 915 119 31 därför
265 916 83 29 böra
373 916 124 30 utökas
523 916 51 30 till
597 916 158 36 omkring
782 916 60 29 125
868 916 110 30 elever
1002 925 61 27 per
1088 914 38 31 år
1152 916 80 30 med
1256 915 218 37 möjligheter
1499 915 51 31 till
1574 919 49 33 yt-

120 958 166 36 terligare,
312 958 171 36 tillfälliga
507 958 253 37 utvidgningar.

166 1001 12 29 I
200 1001 171 30 samband
390 1001 79 30 med
491 1001 66 30 den
577 1001 64 30 här
661 1001 195 36 föreslagna
878 1001 191 36 ändringen
1091 1011 42 20 av
1152 1001 400 36 inträdesfordringarna
1575 1001 50 30 till

122 1044 202 36 skogsskola
345 1044 62 30 bör
429 1044 66 30 den
517 1044 59 36 tid,
600 1054 73 20 som
694 1044 57 30 vid
772 1043 108 31 sådan
902 1045 97 29 skola
1021 1045 107 35 ägnas
1149 1043 35 31 åt
1203 1045 116 29 ämnet
1340 1044 153 36 kolning,
1516 1045 108 29 starkt

121 1087 173 30 beskäras.
345 1087 298 36 Undervisningen
665 1088 172 35 omlägges
860 1087 122 30 därvid
1007 1087 51 30 till
1082 1090 49 27 att
1162 1087 2 29 i
1189 1087 185 30 huvudsak
1397 1087 148 30 omfatta
1568 1096 55 21 en-

122 1130 76 29 dast
219 1129 245 37 planläggning
486 1139 42 20 av
550 1129 311 37 kolningsarbeten.

166 1172 329 30 Inträdessökandes
518 1172 95 30 ålder
636 1171 54 31 får
713 1172 104 36 enligt
839 1182 46 20 nu
905 1173 160 36 gällande
1087 1173 261 30 bestämmelser
1370 1172 31 37 ej
1424 1172 199 37 understiga

120 1215 40 28 20
179 1215 82 29 eller
279 1214 168 36 överstiga
468 1215 41 29 30
528 1214 48 30 år.
608 1214 66 30 För
692 1216 41 29 de
752 1216 119 34 elever,
891 1225 75 20 som
985 1214 131 31 erhålla
1136 1214 178 38 möjlighet
1333 1218 49 27 att
1403 1216 86 29 efter
1511 1216 114 36 skogs-

122 1257 122 30 skolan
264 1257 160 30 fortsätta
449 1257 52 30 sin
524 1257 196 37 utbildning
743 1258 57 30 vid
823 1258 297 36 skogshögskolan
1143 1257 45 37 på
1211 1259 67 29 sätt
1298 1258 194 36 föreslagits
1515 1258 10 30 i
1547 1267 76 28 pro-

122 1300 167 30 memoria
315 1299 177 37 angående
518 1300 65 30 den
608 1300 106 37 högre
739 1301 405 36 skogsundervisningen,
1171 1302 38 29 är
1234 1301 58 30 det
1316 1311 42 20 av
1383 1305 70 26 stor
1478 1301 74 30 vikt
1576 1304 49 27 att

122 1343 117 30 kunna
269 1341 147 38 påbörja
442 1343 240 36 utbildningen
708 1343 58 30 vid
794 1343 201 36 skogsskola
1025 1342 37 32 så
1088 1343 99 37 tidigt
1213 1353 74 21 som
1316 1343 144 37 möjligt,
1489 1345 65 29 och
1583 1354 41 20 en

122 1385 172 36 sänkning
317 1395 42 20 av
382 1384 275 32 inträdesåldern
681 1386 79 30 med
782 1387 17 28 2
824 1385 38 30 år
884 1387 111 29 skulle
1015 1387 80 29 med
1117 1387 138 35 hänsyn
1278 1387 117 29 härtill
1417 1397 83 20 vara
1522 1388 101 29 önsk-

123 1428 93 30 värd.
263 1428 66 30 Vid
351 1438 41 20 en
416 1427 95 31 ålder
535 1438 42 20 av
602 1429 39 29 18
665 1427 38 31 år
724 1429 97 29 torde
842 1438 42 20 en
907 1428 151 37 yngling,
1083 1438 75 21 som
1180 1430 131 29 tränats
1333 1429 10 30 i
1368 1430 255 35 skogsarbeten,

123 1471 9 29 i
156 1470 90 36 regel
272 1480 83 20 vara
382 1471 223 36 kroppsligen
631 1470 78 31 fullt
735 1471 192 30 utvecklad.
978 1472 166 29 Däremot
1170 1472 97 29 torde
1291 1472 72 29 han
1391 1481 95 21 mera
1515 1472 109 30 sällan

122 1514 63 35 äga
206 1514 66 29 den
294 1514 177 29 allmänna
490 1513 161 37 mognad,
672 1523 73 20 som
767 1513 174 30 erfordras
962 1513 55 31 för
1037 1516 49 28 att
1104 1514 120 30 kunna
1245 1514 227 36 tillgodogöra
1493 1514 49 36 sig
1562 1524 61 21 un-

122 1556 242 36 dervisningen
388 1554 45 38 på
456 1557 99 29 bästa
580 1557 74 29 sätt.
704 1557 64 29 Det
794 1556 95 30 torde
912 1556 121 30 därför
1057 1556 31 36 ej
1113 1566 83 21 vara
1218 1555 126 38 rådligt
1367 1560 49 27 att
1441 1558 109 29 sänka
1575 1558 48 29 in-

120 1597 237 31 trädesåldern
376 1607 73 21 mer
469 1599 45 29 än
535 1601 46 27 ett
602 1597 37 31 år
659 1599 80 29 eller
759 1599 51 29 till
834 1599 37 29 19
891 1598 49 31 år.

168 1641 199 30 Emellertid
394 1642 79 35 äger
502 1641 106 36 enligt
633 1642 160 35 gällande
822 1641 249 37 värnpliktslag
1101 1642 76 36 den,
1206 1651 76 21 som
1310 1642 76 31 icke
1414 1643 115 36 avlagt
1555 1646 68 27 stu-

122 1684 228 30 dentexamen
371 1684 81 30 eller
473 1683 179 31 förvärvat
672 1684 66 30 viss
761 1694 116 20 annan
899 1685 204 36 kompetens
1129 1683 208 37 (årsklassen
1357 1684 55 38 B),
1435 1686 31 36 ej
1489 1687 68 29 rätt
1577 1689 48 28 att

122 1727 170 30 inskrivas
315 1727 51 30 till
389 1726 424 37 värnpliktstjänstgöring
836 1727 57 30 vid
916 1727 144 37 tidigare
1082 1726 96 32 ålder
1200 1728 44 30 än
1269 1729 41 30 20
1333 1727 47 32 år.
1429 1729 124 30 Därest
1575 1729 49 30 in-

123 1768 236 31 trädesåldern
384 1770 51 29 till
459 1769 201 37 skogsskola
686 1770 134 35 sänkes,
844 1771 70 29 kan
938 1770 121 30 därför
1083 1771 266 30 bestämmelsen
1376 1781 57 20 om
1457 1772 167 30 företeen-

122 1813 41 29 de
184 1822 41 20 av
249 1812 124 36 utdrag
395 1822 40 20 ur
458 1812 304 36 inskrivningsbok
785 1813 148 29 rörande
954 1812 441 37 värnpliktsförhållanden
1430 1814 31 36 ej
1486 1815 64 36 äga
1571 1823 52 28 ge-

123 1856 104 29 nerell
249 1855 163 36 giltighet.
457 1855 67 30 För
545 1855 76 35 den,
645 1865 73 20 som
740 1855 75 30 icke
838 1854 182 38 undergått
1041 1856 226 36 inskrivning,
1288 1857 97 30 torde
1409 1857 215 31 sistnämnda

122 1898 241 30 bestämmelse
385 1898 120 29 därför
525 1898 187 36 lämpligen
732 1899 86 29 böra
840 1899 144 29 ersättas
1004 1899 80 29 med
1107 1899 145 30 fordran
1273 1898 45 37 på
1339 1900 95 35 intyg
1457 1899 80 30 från
1560 1900 64 30 den

123 1940 258 35 militärläkare,
408 1950 75 20 som
507 1940 157 30 utfärdat
690 1940 204 30 föreskrivet
920 1941 212 36 läkarbetyg,
1158 1944 49 27 att
1234 1942 178 30 sökanden
1437 1943 80 30 med
1540 1943 84 30 hän-

123 1992 62 27 syn
208 1982 49 30 till
279 1982 52 30 sin
352 1983 329 36 kroppsutveckling
700 1983 65 30 och
785 1983 359 36 kroppskonstitution
1167 1984 110 30 skulle
1298 1984 57 30 vid
1377 1984 247 38 inskrivnings-

124 2025 252 36 förrättningen
399 2026 45 29 ha
468 2025 187 30 förklarats
680 2025 168 36 vapenför
870 2027 64 29 och
959 2026 117 36 duglig
1098 2026 51 30 till
1172 2027 45 30 all
1241 2027 211 37 krigstjänst.

167 2118 389 37 Departementschefen
581 2119 63 29 har
670 2119 9 29 i
704 2119 113 30 denna
841 2119 53 30 del
919 2119 117 30 anfört
1061 2118 164 37 följande.

171 2169 81 29 »Det
274 2178 42 20 av
338 2169 354 36 utredningsmännen
714 2169 194 30 framförda
930 2170 173 36 förslaget,
1126 2174 49 26 att
1198 2171 53 29 för
1273 2171 133 30 inträde
1430 2172 57 30 vid
1511 2172 115 37 skogs-

122 2219 97 29 skola
241 2219 88 30 skall
352 2219 136 30 fordras
512 2218 257 37 genomgången
792 2220 82 29 kurs
896 2219 57 30 vid
976 2220 209 35 kolarskola,
1211 2221 63 29 har
1296 2221 10 29 i
1329 2221 147 35 avgivna
1499 2225 128 33 yttran-

123 2270 65 29 den
212 2269 9 29 i
244 2270 189 29 allmänhet
458 2269 189 36 tillstyrkts.
694 2270 303 36 Domänstyrelsen
1020 2271 64 29 har
1106 2271 189 29 emellertid
1317 2272 78 29 med
1419 2272 208 35 hänvisning

124 2319 48 29 till
198 2319 309 36 kolningsarbetets
532 2329 145 20 numera
702 2319 162 36 tämligen
890 2320 204 30 inskränkta
1121 2320 173 37 betydelse
1320 2321 53 30 för
1400 2322 227 35 skogsbruket

125 2370 73 29 icke
218 2369 117 30 biträtt
355 2369 172 36 förslaget.
571 2369 171 37 Styrelsen
760 2379 100 27 synes
880 2370 122 30 därvid
1024 2370 75 30 icke
1119 2371 45 29 ha
1184 2370 83 36 tagit
1288 2371 135 36 hänsyn
1444 2372 50 30 till
1515 2373 110 29 kolar-

124 2420 139 29 skolans
284 2420 173 36 betydelse
477 2429 74 20 som
573 2420 128 29 allmän
722 2420 229 30 förberedelse
971 2420 53 30 för
1045 2420 134 30 inträde
1200 2421 56 29 vid
1278 2422 211 35 skogsskola,
1513 2422 113 30 vilken

125 2471 129 28 kanske
278 2469 9 30 i
312 2470 143 30 främsta
480 2473 149 27 rummet
653 2470 86 36 legat
762 2470 50 30 till
835 2471 110 35 grund
970 2471 54 29 för
1048 2471 161 35 förslaget
1233 2472 64 29 och
1322 2472 86 29 varit
1432 2474 195 34 avgörande

163 2534 109 32 Bihang
293 2535 40 25 till
354 2535 166 31 riksdagens
541 2535 143 31 protokoll
707 2536 73 25 1936.
814 2536 31 23 10
863 2536 75 23 saml.
977 2536 37 22 Nr
1032 2536 40 24 68.
1582 2536 15 24 5
