1900 2814
283 192 18 29 2
743 186 274 27 Bankoutskottets
1039 184 160 27 utlåtande
1220 184 43 26 Nr
1285 184 26 26 6.

284 280 66 21 nen
370 271 62 29 äro
452 268 98 31 alltså
569 268 31 39 ej
621 267 189 30 inordnade
830 266 110 30 under
961 264 402 39 avlöningsreglementet
1383 262 56 30 för
1458 261 200 38 riksdagens
1679 260 92 34 verk,

284 333 79 21 men
400 324 10 29 i
449 323 42 29 de
528 321 231 40 provisoriska
786 318 486 40 avlöningsbestämmelserna
1300 316 148 39 stadgas,
1477 317 49 27 att
1552 314 10 29 i
1589 312 99 40 fråga
1716 322 56 21 om

284 379 171 32 semester,
481 375 160 38 avlöning
666 374 109 30 under
799 372 264 39 tjänstledighet,
1089 369 272 39 reseersättning,
1388 368 188 38 ersättning
1600 366 56 30 för
1680 366 93 38 flytt-

284 429 260 39 ningskostnad,
569 428 119 38 rörligt
712 427 115 38 tillägg
852 428 90 28 samt
965 424 167 39 sjukvård
1155 424 65 29 och
1243 420 328 42 begravningshjälp
1596 419 99 30 skola
1718 420 55 29 be-

284 482 178 31 träffande
481 482 77 30 dem
577 481 173 38 tillämpas
769 480 43 30 de
831 478 224 35 föreskrifter,
1078 487 75 20 som
1173 476 104 39 enligt
1296 474 403 39 avlöningsreglementet
1720 472 54 30 för

284 536 202 38 riksdagens
508 535 81 29 verk
613 533 89 39 gälla
724 533 55 30 för
801 532 211 38 tjänstemän
1032 532 10 29 i
1065 529 209 40 lönegraden
1296 528 55 31 RC
1375 530 30 29 6.
1428 527 164 30 Däremot
1615 527 64 38 äga
1702 535 71 20 om-

284 590 243 29 budsmännen
547 587 55 30 för
621 586 217 31 närvarande
858 585 32 39 ej
912 586 68 29 rätt
999 585 49 30 till
1069 584 140 38 tjänste-
1230 583 81 30 eller
1331 580 279 39 familjepension
1630 579 10 30 i
1660 579 113 30 denna

285 642 52 30 sin
360 642 184 39 egenskap.
569 640 65 30 Till
657 640 320 29 ombudsmännens
1000 638 164 29 ersättare
1187 635 100 39 utgår
1309 635 111 30 under
1443 634 66 29 den
1533 633 49 30 tid
1606 633 42 29 de
1671 633 104 28 utöva

285 694 387 31 ombudsmansämbete
693 693 125 30 arvode
839 692 87 30 efter
949 692 38 29 18
1001 691 63 30 000
1084 691 130 29 kronor
1235 688 55 31 för
1309 687 38 31 år
1369 688 127 29 räknat
1515 686 116 39 jämte,
1654 685 10 30 i
1686 684 87 30 före-

285 748 212 30 kommande
518 747 69 34 fall,
611 746 118 39 rörligt
750 745 127 39 tillägg.

329 802 13 29 I
362 802 95 29 detta
477 800 252 38 sammanhang
749 798 57 31 må
825 798 141 35 erinras,
987 800 48 27 att
1054 795 303 40 justitiekanslern,
1379 794 80 30 med
1478 793 113 29 vilken
1612 791 161 30 ombuds-

286 856 152 28 männen
468 853 136 39 jämlikt
633 851 20 41 8
685 854 39 28 97
756 850 311 40 regeringsformen
1097 858 100 21 anses
1227 848 11 30 i
1268 848 67 30 alla
1366 846 193 31 avseenden
1590 844 183 34 likställda,

286 907 152 38 åtnjuter
462 907 57 30 lön
542 907 79 29 med
649 906 37 30 18
701 906 63 29 000
788 906 131 28 kronor
942 903 55 31 för
1020 903 39 30 år
1083 903 125 29 räknat
1238 900 177 40 (lönegrad
1439 900 25 29 B
1481 900 18 29 3
1523 899 10 30 i
1558 898 100 30 civila
1684 897 90 30 avlö-

285 958 333 42 ningsreglementet)
654 959 107 38 jämte
790 958 120 39 rörligt
939 957 124 39 tillägg.
1094 954 302 32 Justitiekanslern
1426 952 150 39 åtnjuter
1606 950 172 39 därjämte

287 1014 140 39 tjänste-
449 1014 64 30 och
534 1012 374 39 familjepensionsrätt.

814 1128 47 27 De
881 1125 217 36 sakkunnigas
1119 1125 130 34 förslag.

329 1203 50 30 De
402 1200 217 40 sakkunniga
641 1201 90 29 hava
753 1199 79 30 med
854 1197 169 31 avseende
1044 1195 21 31 å
1087 1195 204 39 lönefrågan
1313 1193 56 31 för
1391 1192 140 39 justitie-
1555 1192 65 29 och
1643 1190 132 30 militie-

285 1247 302 30 ombudsmännen
605 1245 138 34 erinrat,
763 1246 49 27 att
829 1242 144 39 justitie-
992 1242 64 29 och
1075 1238 282 41 regeringsråden
1376 1237 159 39 uppbure
1553 1245 42 21 en
1614 1234 88 39 årlig
1719 1234 58 29 lön

285 1301 42 20 av
348 1292 40 29 21
404 1292 64 29 000
490 1291 136 29 kronor.
651 1288 313 31 Ombudsmännen
984 1286 116 30 kunde
1122 1283 189 32 emellertid
1332 1283 75 29 icke
1430 1283 98 37 sägas
1551 1279 149 31 förvalta
1723 1278 55 30 för

286 1335 183 31 samhället
488 1334 133 30 mindre
639 1331 263 40 betydelsefulla
923 1331 158 30 ämbeten
1101 1330 46 29 än
1166 1328 141 39 justitie-
1328 1327 66 30 och
1414 1323 291 42 regeringsråden.
1727 1322 51 30 De

286 1379 218 39 sakkunniga
532 1377 136 40 ansåge,
699 1380 48 27 att
775 1375 231 31 strävandena
1033 1377 50 27 att
1110 1373 173 30 förstärka
1312 1369 466 32 ombudsmannaämbetena

285 1424 107 30 borde
435 1423 243 30 koncentreras
722 1421 49 30 till
802 1419 235 38 anordningar
1068 1427 75 21 som
1175 1416 181 30 minskade
1388 1413 389 32 ämbetsinnehavarnas

285 1468 217 38 benägenhet
524 1470 48 27 att
593 1465 185 39 överflytta
800 1464 74 30 sina
897 1463 131 30 krafter
1050 1463 51 29 till
1124 1462 109 30 andra
1256 1456 417 34 verksamhetsområden.
1697 1456 81 29 Man

286 1512 118 30 kunde
427 1512 75 30 icke
524 1512 114 29 bortse
661 1509 80 30 från
764 1512 49 27 att
835 1506 285 40 lönespörsmålet
1144 1505 138 39 spelade
1304 1514 42 20 en
1370 1504 75 30 icke
1469 1501 190 38 oväsentlig
1681 1500 64 30 roll
1769 1499 10 30 i

286 1557 42 30 de
354 1556 273 38 överväganden,
656 1564 75 20 som
757 1553 177 39 föreginge
961 1561 41 21 en
1029 1550 248 31 ombudsmans
1304 1548 113 30 beslut
1444 1550 49 27 att
1518 1547 213 29 kvarstanna
1759 1543 19 31 å

287 1600 52 31 sin
355 1603 78 37 post
450 1600 81 29 eller
546 1602 50 27 att
611 1597 126 40 övergå
753 1598 50 30 till
818 1606 43 21 en
878 1605 117 21 annan
1013 1595 168 38 erbjuden
1198 1593 203 38 befattning.
1419 1591 253 30 Erfarenheten
1689 1589 91 29 hade

287 1645 95 35 visat,
407 1648 50 27 att
478 1654 42 20 en
542 1643 49 30 JO
614 1643 77 30 icke
713 1642 108 30 sällan
844 1640 66 31 fått
933 1639 214 39 erbjudande
1169 1641 49 27 att
1239 1637 136 30 inträda
1398 1636 10 29 i
1430 1637 120 37 högsta
1575 1634 202 30 domstolen.

289 1688 238 39 Likställighet
547 1688 10 29 i
576 1686 249 31 löneavseende
846 1685 80 30 med
947 1683 237 40 justitieråden
1205 1682 115 29 kunde
1343 1683 143 35 antagas
1508 1678 158 30 medföra
1688 1678 91 29 ökad

287 1733 217 39 benägenhet
531 1733 63 29 hos
623 1731 303 30 ombudsmannen
954 1731 49 27 att
1029 1729 213 28 kvarstanna
1270 1726 11 29 i
1310 1725 58 30 sitt
1396 1724 143 30 ämbete.
1569 1722 65 30 Det
1663 1722 117 30 kunde

290 1777 104 31 också
432 1779 142 36 antagas
613 1778 50 28 att
684 1784 49 28 en
762 1773 94 39 dylik
885 1772 207 37 förbättring
1120 1780 42 20 av
1190 1769 319 30 ombudsmännens
1537 1766 243 38 löneställning

289 1821 110 30 skulle
422 1820 203 39 möjliggöra
647 1819 139 30 förvärv
809 1818 49 29 till
882 1816 65 30 JO-
971 1816 80 30 eller
1073 1815 234 30 MO-ämbetet
1329 1823 42 20 av
1395 1823 42 20 en
1458 1813 151 29 ledamot
1631 1812 10 29 i
1665 1810 114 39 någon

289 1876 41 20 av
370 1865 83 30 våra
492 1865 122 38 högsta
643 1862 338 31 domstolsinstanser
1008 1860 81 30 eller
1117 1869 43 20 av
1188 1868 42 20 en
1257 1857 236 31 framstående
1520 1856 151 30 advokat
1700 1855 81 29 eller

289 1910 299 37 vetenskapsman.
615 1906 419 31 Konstitutionsutskottet
1059 1904 55 30 vid
1143 1904 80 29 1937
1252 1902 54 30 års
1332 1902 141 37 riksdag
1498 1900 153 30 uttalade
1676 1898 105 31 också

289 1958 49 26 att
357 1953 304 30 ombudsmännen
680 1951 106 30 borde
806 1949 132 31 erhålla
959 1958 41 21 en
1021 1948 171 37 ställning,
1215 1947 113 29 vilken
1349 1946 106 29 minst
1476 1944 218 30 motsvarade
1714 1944 67 29 den

291 2008 73 20 som
391 1997 191 31 tillkomme
607 1995 141 39 justitie-
776 1995 64 29 och
867 1992 247 41 regeringsråd.
1142 1992 50 30 De
1218 1990 219 39 sakkunniga
1463 1989 78 30 ville
1566 1988 56 30 för
1648 1988 52 30 sin
1727 1987 54 30 del

291 2041 127 31 föreslå
436 2044 49 27 att
503 2041 140 30 arvodet
660 2040 49 30 till
727 2039 202 38 riksdagens
948 2037 231 30 ombudsmän
1197 2035 120 38 höjdes
1336 2035 52 30 till
1406 2034 106 30 likhet
1530 2033 78 30 med
1628 2033 66 30 den
1712 2032 68 34 lön,

292 2096 73 20 som
384 2085 140 38 utginge
541 2085 50 29 till
608 2083 143 39 justitie-
770 2084 64 29 och
853 2080 246 41 regeringsråd.

335 2130 65 30 Till
422 2129 83 31 JO:s
525 2138 86 29 resp.
633 2127 99 31 MO:s
753 2128 166 29 ersättare
937 2126 139 38 utginge
1095 2124 56 30 för
1170 2123 218 31 närvarande
1407 2120 375 41 tjänstgöringsarvode

292 2174 103 39 enligt
420 2183 133 20 samma
578 2173 112 38 grund
714 2181 75 21 som
812 2170 319 30 ombudsmannens
1156 2168 193 30 årsarvode.
1376 2163 93 34 Även
1494 2167 55 29 vid
1574 2166 92 29 ökad
1690 2165 91 29 avlö-

292 2219 81 39 ning
403 2219 54 29 för
486 2217 300 30 ombudsmannen
815 2217 116 36 syntes
960 2223 42 21 en
1030 2213 109 30 sådan
1168 2212 160 30 ensartad
1355 2211 314 38 beräkningsnorm
1697 2210 85 29 böra

292 2262 201 31 bibehållas.

336 2306 54 31 Då
416 2306 104 39 enligt
544 2305 42 30 de
612 2303 235 39 sakkunnigas
875 2302 130 39 förslag
1029 2301 201 38 riksdagens
1257 2300 232 30 ombudsmän
1516 2298 110 30 skulle
1652 2296 131 32 erhålla

294 2360 134 21 samma
458 2350 57 29 lön
545 2359 73 20 som
647 2348 142 39 justitie-
820 2348 65 29 och
915 2344 246 41 regeringsråd,
1193 2347 112 36 syntes
1336 2344 56 30 det
1421 2343 126 30 förbud
1577 2345 48 27 att
1656 2342 127 30 inneha

293 2395 191 38 bitjänster,
508 2403 73 21 som
601 2393 112 39 gällde
733 2392 55 30 för
808 2392 42 29 de
871 2399 129 26 senare,
1021 2390 84 30 böra
1127 2389 153 30 förlänas
1301 2387 244 30 motsvarande
1565 2385 220 39 tillämpning

298 2440 19 30 å
337 2440 312 30 ombudsmännen.
681 2437 115 38 Enligt
814 2437 118 36 kungl.
951 2436 81 29 brev
1051 2435 66 30 den
1140 2435 36 29 11
1199 2433 73 39 juni
1293 2434 84 29 1926
1398 2432 111 38 gällde
1525 2432 44 30 bl.
1590 2441 29 20 a.
1640 2434 50 27 att
1707 2429 80 31 med

295 2481 224 40 justitieråds-
542 2482 64 30 och
628 2479 393 41 regeringsrådsämbete
1042 2478 31 38 ej
1097 2477 95 39 finge
1214 2477 151 29 förenas:
1389 2476 107 38 tjänst
1518 2474 19 31 å
1560 2475 114 34 rikets,
1699 2473 84 30 riks-
