1870 2792
225 164 239 31 Sammansatt
484 163 104 29 stats-
608 161 63 29 och
692 159 110 30 andra
824 156 210 41 lagutskotts
1057 153 178 31 utlåtande
1257 161 43 20 nr
1319 152 19 28 6
1359 152 39 28 år
1420 150 84 29 1955
1593 146 17 30 1

125 242 408 41 förlossningsanstalten
556 241 12 29 i
592 239 136 41 princip
755 238 90 29 skall
869 235 95 31 hålla
988 231 325 34 tillfredsställande
1338 229 195 39 beredskap
1559 227 54 30 för

125 297 346 38 hemförlossningar.
488 294 79 30 Med
584 294 58 29 det
659 292 140 39 mycket
815 290 100 39 ringa
932 288 96 30 antal
1046 285 254 39 förlossningar
1317 284 11 29 i
1345 284 174 32 hemmen,
1539 289 75 22 som

125 352 107 30 redan
249 352 24 29 f.
291 360 33 20 n.
343 351 37 30 är
397 349 91 39 regel
505 349 11 28 i
533 347 42 30 de
594 355 95 21 mera
706 342 247 40 tättbebyggda
970 340 179 34 områden,
1167 339 63 29 där
1247 336 367 41 organisationstypen

124 405 71 29 kan
217 403 189 34 användas,
429 401 99 31 torde
551 400 115 29 denna
688 394 416 41 beredskapsskyldighet
1125 393 176 38 knappast
1322 390 48 30 bli
1392 386 222 41 betungande

126 458 54 30 för
200 457 224 30 anstalterna.
445 454 156 39 Frågans
621 451 168 31 räckvidd
807 450 135 39 belyses
962 457 43 21 av
1025 449 51 28 att
1095 446 39 30 år
1156 445 82 30 1952
1260 443 158 31 utfördes
1440 449 175 23 samman-

126 511 70 39 lagt
216 510 124 30 endast
361 509 40 30 95
423 505 339 38 hemförlossningar
782 504 12 30 i
816 502 165 30 städerna
1002 502 99 28 utom
1122 498 177 39 landsting
1320 498 73 28 mot
1415 495 41 30 24
1470 494 61 30 411
1556 502 60 22 an-

126 562 367 38 staltsförlossningar.
521 560 50 30 De
599 557 277 34 merkostnader,
905 564 76 21 som
1009 550 451 41 förlossningsanstalterna
1487 547 58 31 vid
1573 555 43 21 en

126 616 238 40 organisation
386 614 107 39 enligt
516 615 60 38 typ
600 613 29 28 D
652 612 71 29 kan
745 610 144 29 komma
912 610 51 28 att
987 608 37 29 få
1046 606 196 30 vidkännas
1265 604 55 29 för
1342 602 195 38 beredskap
1562 600 54 30 för

127 668 347 39 hemförlossningar,
493 666 99 30 torde
609 665 48 30 bli
676 665 38 29 så
731 664 110 38 ringa,
861 664 50 28 att
929 661 58 30 det
1004 661 75 29 mot
1096 657 230 41 bakgrunden
1344 665 42 21 av
1404 656 42 29 de
1464 654 153 30 rationa-

125 724 193 38 liseringar,
340 730 74 21 som
435 720 72 30 står
527 721 51 28 att
597 718 116 34 vinna,
733 717 76 29 icke
830 714 180 31 förefaller
1030 712 184 30 motiverat
1234 712 51 29 att
1305 710 25 30 f.
1352 718 33 21 n.
1406 708 117 30 införa
1545 707 71 29 sär-

128 776 112 30 skilda
266 774 263 31 bestämmelser
555 782 59 20 om
641 770 211 38 statsbidrag
878 767 133 31 härför.

172 830 13 29 I
210 830 111 39 övrigt
345 829 64 29 har
432 827 68 30 vad
525 824 233 39 utredningen
783 821 181 39 föreslagit
988 821 12 29 i
1023 816 385 43 organisationsfrågan
1433 815 76 30 icke
1535 813 84 40 givit

126 884 71 40 mig
217 882 188 41 anledning
425 880 53 31 till
500 879 196 39 erinringar
718 877 83 30 eller
824 875 142 31 särskilt
987 873 212 31 uttalande.»

171 937 13 29 I
227 937 100 39 fråga
370 945 56 20 om
469 931 435 32 barnmorskornas
948 924 420 41 arbetsuppgifter
1412 920 206 32 framhåller

127 987 400 42 departementschefen:

173 1043 98 30 »Med
295 1042 138 39 hänsyn
456 1041 53 29 till
535 1042 51 27 att
609 1037 300 31 barnmorskorna
932 1036 55 29 för
1011 1033 191 30 framtiden
1227 1032 159 29 kommer
1411 1031 51 28 att
1486 1026 133 32 erhålla

129 1106 43 20 en
191 1096 134 39 tvåårig
345 1092 284 42 grundläggande
650 1090 199 39 utbildning
868 1089 12 30 i
900 1086 172 41 sjukvård
1091 1087 65 28 har
1176 1084 232 38 utredningen
1429 1080 190 39 föreslagit,

130 1151 51 28 att
200 1150 41 29 de
262 1150 11 29 i
294 1148 109 29 större
424 1145 245 39 utsträckning
691 1146 45 29 än
755 1143 127 30 hittills
903 1141 90 30 skall
1012 1140 117 29 betros
1150 1138 79 30 med
1250 1135 263 41 sjukvårdande
1534 1142 87 31 upp-

130 1203 103 40 gifter
258 1203 3 29 i
278 1202 164 29 hemmen
460 1200 65 30 och
542 1199 46 40 på
606 1198 76 30 sina
699 1195 271 40 mottagningar.
996 1194 6 29 I
1020 1193 69 30 den
1106 1192 83 29 mån
1206 1188 415 32 distriktssköterskorna

130 1256 148 30 behöver
305 1264 44 20 en
376 1252 208 39 avlastning,
613 1250 149 30 framför
790 1249 62 30 allt
879 1249 11 29 i
917 1247 100 40 fråga
1043 1255 58 21 om
1128 1243 373 40 beredskapstjänsten
1527 1241 12 29 i
1567 1240 54 30 sin

131 1309 233 33 verksamhet,
379 1308 65 29 och
459 1316 44 20 en
516 1304 246 31 kombination
777 1313 42 20 av
835 1300 262 41 sjukvårdande
1114 1298 176 40 uppgifter
1305 1297 65 30 och
1385 1296 119 38 övriga
1519 1294 103 30 barn-

132 1360 396 39 morskeförrättningar
561 1359 87 29 låter
681 1357 51 39 sig
765 1357 123 29 förena
920 1354 80 30 med
1032 1353 68 30 den
1132 1350 281 37 rationalisering
1446 1357 42 21 av
1519 1348 103 29 barn-

132 1413 307 32 morskeväsendet
465 1422 75 20 som
568 1420 83 30 nyss
677 1410 146 34 berörts,
849 1407 155 31 biträder
1029 1406 60 39 jag
1114 1405 67 30 vad
1208 1403 233 38 utredningen
1467 1401 118 30 anfört
1611 1400 12 29 i

133 1469 113 29 denna
278 1468 65 29 del.
375 1467 48 29 De
456 1465 166 38 farhågor
653 1464 54 29 för
738 1460 310 31 infektionsrisker
1078 1468 30 20 o.
1140 1458 32 29 d.
1205 1466 75 20 som
1311 1456 145 29 uttalats
1488 1454 11 29 i
1530 1454 93 29 vissa

133 1519 313 41 remissyttranden
468 1527 103 30 synes
593 1516 70 39 mig
685 1515 206 31 överdrivna
912 1514 65 29 och
1000 1512 98 30 torde
1119 1512 12 29 i
1151 1510 97 39 varje
1270 1509 61 30 fall
1353 1508 30 39 ej
1407 1516 84 21 vara
1514 1507 109 29 större

134 1575 54 29 för
212 1571 480 33 distriktsbarnmorskornas
718 1569 54 30 del
799 1569 45 29 än
870 1567 54 30 för
950 1563 424 32 distriktssköterskorna,
1401 1570 76 21 som
1501 1560 40 39 ju
1566 1559 57 30 vid

135 1627 100 30 sidan
259 1637 42 20 av
325 1626 75 30 sina
426 1623 261 40 sjukvårdande
713 1621 177 40 uppgifter
915 1621 87 28 även
1026 1619 65 30 har
1115 1616 231 39 hälsotillsyn,
1370 1615 45 29 bl.
1441 1623 29 21 a.
1495 1612 130 31 beträf-

135 1681 103 29 fande
263 1679 186 40 spädbarn.
472 1678 66 29 Det
561 1677 63 29 bör
647 1676 190 29 ankomma
860 1674 45 39 på
929 1670 360 39 medicinalstyrelsen
1313 1670 50 28 att
1387 1667 160 30 meddela
1570 1666 55 29 be-

135 1733 218 30 stämmelser
390 1731 149 30 rörande
577 1730 41 29 de
655 1727 301 38 inskränkningar
981 1726 12 29 i
1019 1723 316 31 barnmorskornas
1364 1719 261 41 sjukvårdande

135 1786 233 34 verksamhet,
392 1794 75 20 som
490 1785 38 28 är
550 1782 196 40 påkallade,
768 1783 24 27 t.
816 1790 50 20 ex.
889 1779 114 39 ifråga
1024 1787 58 21 om
1104 1777 85 30 vård
1213 1786 41 21 av
1276 1774 210 40 epidemiskt
1510 1772 115 40 sjuka.

136 1840 75 29 Den
228 1838 148 39 ändring
393 1847 42 21 av
450 1834 496 38 barnmorskeförordningen,
965 1841 76 20 som
1059 1830 197 30 föranledes
1274 1838 41 20 av
1333 1828 176 38 förslaget,
1528 1834 99 22 avser

136 1892 58 39 jag
216 1894 51 28 att
288 1892 161 28 närmare
471 1890 123 29 beröra
615 1888 57 29 vid
695 1887 166 30 anmälan
882 1895 42 20 av
945 1883 264 41 propositionen
1230 1882 79 29 med
1331 1881 130 39 förslag
1483 1879 53 30 till
1558 1879 69 29 för-

137 1945 147 39 ordning
301 1954 57 21 om
375 1941 445 33 distriktsbarnmorskor.»

181 1995 394 42 Departementschefen
597 1994 102 30 anför
721 1992 222 30 beträffande
967 1990 264 37 utformningen
1255 1998 41 20 av
1318 1981 311 48 bestämmelserna

138 2060 57 21 om
232 2049 299 39 statsbidrag
568 2048 79 29 till
683 2042 584 34 distriktsbarnmorskas
1303 2039 226 40 avlöning
1565 2037 64 30 och

138 2104 142 30 därmed
306 2101 347 39 sammanhängande
677 2101 133 37 frågor:

185 2158 32 28 »I
241 2157 57 30 det
322 2156 206 38 föregående
554 2156 63 28 har
639 2154 60 39 jag
722 2152 190 39 föreslagit,
936 2153 51 27 att
1010 2149 235 40 tjänstgöring
1268 2148 44 38 på
1336 2145 295 39 förlossningsan-

140 2209 91 35 stalt,
253 2219 75 19 som
349 2207 394 31 distriktsbarnmorska
765 2205 129 38 fullgör
914 2204 96 29 inom
1033 2211 120 20 ramen
1176 2202 54 28 för
1252 2199 319 39 organisationstyp
1594 2197 36 32 B,

139 2262 190 29 tillsvidare
356 2262 74 29 icke
458 2260 89 29 skall
576 2258 181 31 föranleda
785 2257 224 38 nedsättning
1037 2265 41 19 av
1106 2254 244 36 statsbidraget
1377 2252 52 29 till
1456 2251 176 29 distrikts-

140 2315 274 29 barnmorskans
435 2314 174 36 avlöning.
632 2312 120 28 Såsom
775 2310 232 37 utredningen
1029 2307 203 32 framhållit,
1255 2306 61 28 bör
1338 2314 117 20 annan
1476 2304 93 28 form
1591 2310 41 21 av

142 2368 181 28 inkallelse
348 2367 51 29 till
424 2363 387 40 anstaltstjänstgöring
838 2363 9 28 i
872 2361 136 39 princip
1034 2360 76 29 icke
1136 2359 59 29 ske
1222 2360 83 27 utan
1332 2359 49 27 att
1406 2355 132 31 vikarie
1565 2355 68 29 för-

142 2420 128 29 ordnas
302 2420 53 28 för
385 2419 66 28 den
482 2417 187 33 inkallade,
700 2416 118 29 varför
849 2415 115 28 rätten
996 2413 49 29 till
1077 2413 72 28 helt
1179 2411 209 36 statsbidrag
1419 2407 215 31 omedelbart

143 2473 104 29 borde
271 2472 157 38 upphöra
450 2471 56 29 vid
530 2470 109 29 sådan
662 2468 191 29 inkallelse.
876 2467 47 29 På
945 2476 42 20 av
1010 2465 231 37 utredningen
1263 2463 147 30 anförda
1434 2462 75 29 skäl
1533 2469 101 21 anser
