1892 2816
524 157 318 32 Bankoutskottets
862 156 188 31 utlåtande
1069 152 51 34 Nr
1145 154 51 31 38.
1526 154 38 28 21

102 237 79 31 född
219 237 64 30 den
319 237 41 30 12
391 236 67 36 juli
483 236 99 34 1856;
606 236 51 29 att
680 235 116 30 änkan
820 236 43 33 på
887 233 112 36 grund
1023 243 44 19 av
1092 231 157 37 sjukdom
1274 234 38 27 är
1336 231 195 35 oförmögen
1556 230 54 30 till

101 282 125 35 arbete,
251 280 140 31 varmed
416 280 68 30 hon
509 280 69 30 kan
602 278 148 36 försörja
774 279 68 35 sig;
867 279 87 28 samt
978 278 50 29 att
1052 276 68 30 hon
1137 278 39 28 är
1193 276 11 29 i
1221 275 108 30 behov
1351 285 43 20 av
1412 274 198 33 understöd;

145 327 50 29 att
221 324 81 37 Olof
329 324 167 31 Winbom
521 323 158 31 innehaft
702 322 215 35 anställning
942 321 59 30 vid
1027 322 119 28 varvet
1172 319 159 35 omkring
1349 319 39 30 32
1405 320 53 33 år;
1474 321 49 28 att
1542 318 68 30 han

101 369 126 31 avlidit
250 369 65 30 den
340 369 40 30 18
405 367 71 36 maj
503 368 83 29 1924
611 366 62 31 och
697 366 221 30 efterlämnat
941 365 115 30 änkan
1073 363 170 36 Ingegärd
1262 363 170 34 Winbom,
1451 362 77 31 född
1546 362 64 30 den

103 414 40 29 17
179 413 71 35 maj
287 412 100 34 1858;
422 413 50 28 att
506 411 115 30 änkan
657 411 42 34 på
735 409 114 36 grund
872 419 43 20 av
940 408 157 36 sjukdom
1123 410 40 27 är
1186 407 197 34 oförmögen
1407 406 54 30 till
1486 406 124 34 arbete,

102 456 142 30 varmed
268 455 68 31 hon
361 455 68 30 kan
455 454 145 35 försörja
624 454 68 35 sig;
716 454 90 29 samt
829 454 52 28 att
905 452 69 30 hon
997 454 39 27 är
1059 452 11 28 i
1095 451 108 29 behov
1227 460 43 20 av
1296 449 197 33 understöd;

145 501 51 29 att
220 499 103 31 Peter
348 498 125 31 Olsson
497 497 81 31 And
602 496 159 31 innehaft
785 495 213 35 anställning
1023 494 59 30 vid
1107 496 120 27 varvet
1251 493 158 35 omkring
1434 493 40 29 46
1491 493 53 33 år;
1561 493 50 29 att

103 544 66 29 han
195 542 126 31 avlidit
345 542 66 30 den
432 542 41 29 20
490 540 176 31 december
683 540 84 30 1925
785 539 61 30 och
864 539 220 30 efterlämnat
1100 538 115 29 änkan
1234 536 132 31 Botilda
1384 535 119 31 Olsson
1520 535 90 35 And,

103 587 79 30 född
219 586 66 31 den
320 586 40 30 21
389 584 191 37 september
604 584 100 33 1851;
728 585 51 29 att
803 583 116 30 änkan
944 583 42 35 på
1009 581 113 36 grund
1147 591 43 20 av
1215 579 333 35 ålderdomssvaghet
1573 581 38 27 är

103 630 223 36 fullständigt
350 629 329 35 arbetsoförmögen;
703 629 90 28 samt
816 628 51 29 att
890 626 66 30 hon
982 628 40 27 är
1046 626 10 29 i
1081 625 110 30 behov
1215 635 43 19 av
1285 623 195 34 understöd;

145 676 52 28 att
231 674 90 30 Karl
353 672 127 36 Alfred
505 672 211 30 Danielsson
741 670 157 30 innehaft
921 669 213 34 anställning
1159 668 59 30 vid
1244 670 119 27 varvet
1387 667 158 35 omkring
1571 666 39 29 46

102 719 54 33 år;
191 718 51 29 att
277 717 70 30 han
381 715 126 31 avlidit
541 715 65 30 den
630 716 18 28 4
674 714 139 30 oktober
838 714 83 29 1924
945 712 62 31 och
1031 712 220 30 efterlämnat
1276 711 113 30 änkan
1413 710 198 30 Antoinette

103 761 114 30 Maria
252 760 162 30 Kristina
448 759 215 34 Danielsson,
699 757 80 31 född
815 757 65 30 den
906 757 17 29 5
947 756 139 35 augusti
1123 755 100 34 1864;
1258 756 49 29 att
1331 755 131 29 änkans
1485 753 127 30 arbets-

104 805 157 35 förmåga
295 805 43 34 på
372 803 111 36 grund
520 813 44 19 av
599 801 190 36 sjuklighet
823 803 38 28 är
885 801 11 29 i
921 800 135 36 mycket
1080 800 65 34 hög
1171 798 81 36 grad
1280 798 145 33 nedsatt;
1450 799 87 28 samt
1561 799 49 27 att

104 850 66 29 hon
195 851 38 28 är
256 848 12 30 i
292 847 111 31 behov
427 857 44 20 av
496 845 198 35 understöd;

147 894 50 29 att
221 892 113 31 Frans
357 891 141 36 August
520 890 201 31 Johansson
746 889 159 30 innehaft
928 887 213 36 anställning
1168 886 57 30 vid
1252 888 118 28 varvet
1393 885 159 34 omkring
1571 884 39 30 39

103 938 53 32 år;
181 937 51 29 att
255 936 71 29 han
349 935 128 30 avlidit
499 934 64 30 den
588 935 17 28 2
631 934 76 35 juni
731 933 83 30 1924
832 932 61 30 och
911 931 218 30 efterlämnat
1144 931 112 29 änkan
1277 929 103 30 Hilda
1399 928 210 30 Vilhelmina

104 980 206 33 Johansson,
336 978 83 30 född
443 978 64 30 den
532 978 18 28 6
576 977 69 35 maj
672 977 98 32 1857;
795 977 51 29 att
869 975 115 30 änkan
1009 976 41 33 på
1075 974 111 35 grund
1211 983 43 20 av
1279 972 156 35 sjukdom
1460 974 39 27 är
1526 971 86 29 oför-

104 1025 121 33 mögen
261 1022 54 30 till
351 1021 125 36 arbete,
511 1020 139 31 varmed
683 1020 65 29 hon
776 1020 67 29 kan
869 1018 145 35 försörja
1038 1018 67 34 sig;
1130 1019 87 27 samt
1241 1019 49 27 att
1316 1016 64 29 hon
1406 1017 38 28 är
1470 1016 8 28 i
1504 1015 108 29 behov

103 1077 44 19 av
172 1065 199 34 understöd;

148 1112 50 27 att
234 1109 112 30 Frans
381 1108 144 31 Samuel
559 1107 200 30 Johansson
795 1104 158 31 innehaft
987 1104 214 34 anställning
1228 1102 55 31 vid
1311 1104 116 28 varvet
1453 1101 159 34 omkring

105 1153 39 30 33
166 1154 55 34 år;
245 1154 51 29 att
312 1152 69 30 han
398 1151 126 31 avlidit
540 1150 62 31 den
623 1150 38 30 13
679 1150 77 35 juni
776 1149 82 30 1916
876 1148 61 30 och
955 1147 219 31 efterlämnat
1190 1146 112 30 änkan
1321 1145 103 30 Hilda
1444 1145 167 29 Karolina

105 1197 206 34 Johansson,
336 1195 80 31 född
440 1195 64 30 den
529 1195 40 30 18
594 1194 70 35 maj
690 1193 100 34 1869;
814 1194 50 29 att
888 1192 115 30 änkan
1027 1192 43 35 på
1094 1190 110 36 grund
1230 1200 43 19 av
1298 1189 157 36 sjukdom
1473 1191 38 27 är
1528 1188 86 29 oför-

105 1242 122 33 mögen
263 1240 55 30 till
353 1239 125 34 arbete,
515 1237 139 31 varmed
679 1237 68 30 hon
773 1237 69 29 kan
867 1235 146 35 försörja
1037 1235 67 34 sig;
1129 1236 89 28 samt
1242 1236 47 27 att
1317 1234 62 29 hon
1406 1235 38 27 är
1469 1233 9 28 i
1504 1231 109 30 behov

104 1294 45 20 av
174 1283 203 34 understöd;

148 1329 52 29 att
223 1326 90 32 Karl
336 1326 141 36 August
502 1325 202 35 Holmqvist
728 1323 92 30 varit
844 1322 149 31 anställd
1018 1321 59 30 vid
1104 1324 121 27 varvet
1249 1320 159 35 omkring
1433 1320 38 29 42
1494 1328 52 24 ar;
1563 1321 50 27 att

106 1372 68 29 han
198 1370 127 31 avlidit
348 1370 64 31 den
438 1370 18 29 4
481 1368 186 36 september
692 1367 83 30 1923
796 1367 62 30 och
875 1365 220 31 efterlämnat
1112 1364 115 30 änkan
1245 1364 144 29 Dorotea
1407 1362 206 35 Holmqvist,

107 1415 78 30 född
222 1414 65 30 den
323 1414 39 29 30
398 1413 88 35 april
525 1412 98 34 1859;
658 1413 51 28 att
740 1410 116 30 änkan
880 1411 43 34 på
947 1408 110 36 grund
1082 1418 44 20 av
1151 1407 159 36 sjukdom
1333 1409 38 28 är
1395 1405 219 34 fullständigt

106 1459 198 34 oförmögen
328 1457 57 30 till
409 1456 130 33 arbete;
563 1456 89 29 samt
675 1456 50 28 att
749 1454 68 30 hon
841 1455 39 28 är
903 1454 12 28 i
939 1452 109 30 behov
1072 1462 41 19 av
1140 1450 198 32 understöd;

149 1503 51 28 att
235 1500 82 35 Olof
349 1500 140 36 August
513 1499 185 30 Petersson
723 1497 92 30 varit
838 1495 148 31 anställd
1011 1495 58 30 vid
1095 1496 123 28 varvet
1242 1494 157 34 omkring
1425 1494 34 28 21
1488 1502 54 22 ar;
1566 1494 50 28 att

106 1545 70 30 han
210 1543 126 31 avlidit
371 1543 64 31 den
469 1544 17 29 1
512 1542 151 30 februari
690 1541 83 30 1905
798 1540 61 30 och
884 1539 220 31 efterlämnat
1127 1538 115 30 änkan
1270 1537 132 30 Botilda
1428 1537 186 29 Petersson,

106 1588 81 31 född
212 1588 64 30 den
301 1588 41 30 10
368 1587 152 30 februari
546 1586 98 34 1850;
668 1586 51 29 att
742 1585 116 29 änkan
882 1585 42 34 på
949 1582 110 37 grund
1085 1592 43 20 av
1153 1581 158 36 sjukdom
1336 1583 38 27 är
1396 1579 218 35 fullständigt

106 1633 197 34 oförmögen
329 1631 55 30 till
408 1630 128 30 arbete:
562 1631 87 28 samt
672 1630 51 28 att
747 1628 65 30 hon
840 1630 38 27 är
902 1627 11 30 i
937 1626 108 31 behov
1069 1636 44 19 av
1139 1624 198 32 understöd;

150 1677 51 29 att
227 1675 127 35 Gustaf
379 1673 137 32 Henrik
540 1672 155 31 Eneroth
721 1672 92 30 varit
837 1670 149 31 anställd
1011 1669 58 30 vid
1095 1671 120 27 varvet
1239 1668 158 34 omkring
1423 1667 38 30 23
1487 1676 52 24 ar;
1564 1669 50 27 att

107 1720 68 30 han
199 1718 126 31 avlidit
349 1718 64 30 den
439 1717 39 30 26
504 1716 174 31 december
703 1716 84 30 1900
811 1715 62 30 och
898 1713 219 32 efterlämnat
1133 1713 115 29 änkan
1265 1711 160 31 Johanna
1440 1709 174 31 Charlotta

108 1762 163 35 Eneroth,
297 1761 80 31 född
403 1761 65 30 den
493 1761 40 30 20
558 1760 88 36 april
672 1760 100 33 1854;
797 1760 51 29 att
871 1758 116 30 änkan
1011 1758 42 34 på
1077 1756 112 36 grund
1213 1766 44 19 av
1281 1753 333 35 ålderdomssvaghet

108 1810 38 27 är
171 1806 199 35 oförmögen
394 1805 57 31 till
474 1805 128 33 arbete;
627 1806 88 28 samt
738 1804 52 29 att
815 1802 67 30 hon
906 1804 39 27 är
970 1801 11 30 i
1005 1801 109 30 behov
1138 1810 45 20 av
1207 1798 198 34 understöd;

150 1852 51 28 att
224 1850 90 30 Karl
338 1849 108 31 Oscar
468 1848 245 31 Johannesson
739 1846 93 31 varit
855 1845 149 31 anställd
1028 1844 59 30 vid
1113 1846 119 28 varvet
1257 1843 158 34 omkring
1439 1843 38 28 41
1494 1842 54 29 år:
1565 1843 50 27 att

107 1894 70 30 han
212 1893 127 31 avlidit
373 1893 64 30 den
472 1893 40 29 18
547 1891 186 31 november
767 1890 84 30 1925
887 1889 61 30 och
976 1888 220 30 efterlämnat
1220 1887 111 30 änkan
1358 1886 90 30 Sofia
1472 1884 144 31 Matilda

107 1938 248 34 Johannesson,
381 1936 80 31 född
486 1936 63 30 den
574 1936 18 28 8
616 1934 185 31 november
825 1933 100 34 1860;
949 1933 50 29 att
1023 1932 113 30 änkan
1162 1932 42 34 på
1229 1930 110 35 grund
1364 1940 42 19 av
1427 1928 188 35 sjuklighet

107 1984 40 27 är
170 1981 201 35 oförmögen
395 1980 55 30 till
474 1979 129 33 arbete;
627 1979 88 29 samt
738 1979 51 28 att
813 1977 67 30 hon
904 1978 38 28 är
967 1976 11 29 i
1002 1975 109 30 behov
1135 1985 44 19 av
1203 1973 199 32 understöd;

150 2026 51 29 att
234 2023 94 32 Sven
361 2023 165 31 Hansson
550 2022 92 30 varit
665 2020 151 31 anställd
840 2020 60 30 vid
925 2020 120 29 varvet
1069 2018 159 34 omkring
1254 2018 40 28 25
1318 2020 53 30 år;
1395 2018 48 28 att
1469 2015 64 29 han
1560 2024 57 20 av-

106 2068 81 30 lidit
218 2067 64 31 den
307 2068 18 30 7
351 2066 70 36 maj
447 2065 84 32 1923
556 2065 62 31 och
642 2065 221 30 efterlämnat
887 2063 114 30 änkan
1025 2062 162 31 Johanna
1211 2060 167 33 Hansson,
1404 2058 79 31 född
1508 2058 61 30 den
1597 2057 17 30 3

106 2112 64 34 juli
210 2111 99 34 1866;
344 2112 52 28 att
418 2110 115 30 änkan
557 2110 43 34 på
624 2108 112 36 grund
761 2118 42 19 av
829 2106 158 36 sjukdom
1010 2108 38 27 är
1072 2106 197 33 oförmögen
1296 2103 53 30 till
1374 2102 128 33 arbete;
1528 2106 87 24 samt

107 2156 51 29 att
182 2154 68 30 hon
274 2156 40 28 är
337 2155 12 28 i
373 2153 109 30 behov
506 2162 44 20 av
574 2151 201 34 understöd;

151 2200 51 28 att
224 2197 131 31 Manne
380 2196 155 32 Zacheus
559 2195 185 31 Cornelius
770 2193 180 32 Grönblad
971 2192 92 30 varit
1078 2190 148 31 anställd
1245 2189 58 30 vid
1321 2191 117 28 varvet
1456 2188 159 34 omkring

108 2243 39 28 11
173 2242 53 34 år;
250 2242 52 29 att
325 2241 70 30 han
418 2239 126 31 avlidit
567 2239 64 30 den
656 2238 39 31 23
721 2237 185 32 november
931 2236 82 30 1923
1038 2235 59 30 och
1124 2234 121 31 därvid
1268 2233 215 30 efterlämnat
1500 2231 113 30 änkan

108 2284 118 31 Hulda
261 2284 113 31 Maria
409 2283 184 35 Grönblad,
628 2282 80 31 född
743 2281 64 31 den
843 2281 18 29 8
886 2280 90 35 april
1000 2279 95 34 1888,
1120 2280 88 28 samt
1231 2276 232 35 minderåriga
1487 2275 127 30 barnen

108 2328 76 31 Nils
219 2328 123 31 Gustaf
377 2327 189 35 Cornelius,
602 2326 79 31 född
718 2325 65 31 den
819 2325 40 30 12
883 2324 138 35 augusti
1046 2323 95 34 1911,
1166 2321 106 31 Hilda
1296 2319 118 37 Ingrid
1439 2318 175 31 Fredrika,

108 2372 80 31 född
224 2372 65 30 den
325 2373 40 29 24
390 2371 63 36 juli
481 2371 95 34 1912,
601 2370 61 30 och
687 2369 101 31 Knut
812 2368 93 30 Arne
930 2367 136 34 Manne,
1091 2365 80 31 född
1196 2365 64 30 den
1286 2366 38 28 14
1349 2363 134 36 januari
1511 2362 104 30 1917:

107 2418 52 28 att
192 2416 116 29 änkan
344 2415 42 35 på
419 2414 111 36 grund
555 2424 43 19 av
623 2413 130 34 lindrig
777 2411 230 36 nervsvaghet
1030 2410 86 30 lider
1139 2419 44 19 av
1210 2409 7 29 i
1244 2409 107 32 någon
1379 2408 76 29 mån
1482 2405 132 31 nedsatt

107 2459 286 34 arbetsförmåga;
417 2460 90 29 samt
531 2459 49 29 att
605 2457 64 30 hon
697 2459 39 28 är
760 2456 7 30 i
794 2455 110 31 behov
929 2465 43 19 av
998 2452 198 32 understöd;
