1856 2784
295 158 193 33 Allmänna
501 161 417 41 beredningsutskottets
930 164 187 34 utlåtande
1128 176 45 22 nr
1183 167 44 32 20
1241 167 43 32 år
1296 168 88 32 1957
1571 169 21 32 7

100 253 166 33 bättrade
282 255 232 41 möjligheter
527 257 56 32 till
598 260 221 40 anpassning
833 270 46 22 av
892 261 45 32 bl.
953 271 31 22 a.
1000 262 44 32 de
1057 263 95 39 gifta
1166 264 202 33 kvinnorna
1382 266 55 31 till
1452 267 138 32 arbets-

100 306 95 39 livet,
211 310 56 30 att
281 308 133 41 frågan
428 310 66 32 bör
507 312 211 40 ytterligare
732 315 348 39 uppmärksammas.
1097 317 69 32 Det
1180 318 66 31 bör
1260 319 130 32 härvid
1404 320 96 40 gälla
1516 321 74 32 inte

99 362 127 32 endast
247 363 359 41 förutsättningarna
627 366 60 32 för
708 368 218 41 uppdelning
948 378 46 23 av
1015 370 191 41 befintliga
1229 372 294 41 heltidstjänster
1544 374 47 41 på

100 416 215 40 exempelvis
332 417 63 32 två
411 417 373 43 befattningshavare,
803 431 78 23 som
898 423 147 32 arbetar
1063 425 107 31 halva
1186 426 116 40 dagen
1320 428 162 38 vardera,
1501 430 90 30 utan

98 477 83 23 man
199 470 66 31 bör
282 471 91 31 även
391 471 132 34 beakta
541 473 132 41 frågan
693 484 57 22 om
769 476 207 33 inrättande
995 487 45 22 av
1059 479 60 31 för
1137 479 139 33 korttid
1295 481 118 33 direkt
1433 483 158 31 avsedda

98 522 167 40 tjänster.
286 525 71 32 Det
376 526 42 31 är
436 526 91 32 även
546 537 46 22 av
611 528 78 33 vikt
708 531 57 30 att
785 539 86 23 man
889 530 84 33 från
993 532 61 32 det
1074 533 200 33 allmännas
1295 533 80 34 sida
1394 536 107 31 söker
1520 537 70 32 öka

99 576 171 34 intresset
283 579 61 31 för
357 580 121 40 dylika
493 582 264 41 anställningar
771 584 97 32 inom
882 585 60 32 det
957 586 162 32 enskilda
1134 587 247 41 näringslivet.
1397 590 71 31 Det
1482 599 108 31 synes

98 630 91 32 dock
205 632 182 33 utskottet
403 634 144 40 möjligt
563 638 57 30 att
636 636 40 32 få
693 637 56 31 till
767 637 108 33 stånd
893 639 99 32 vissa
1009 639 172 41 åtgärder
1198 641 11 31 i
1227 643 245 32 motionernas
1490 644 100 40 syfte

97 685 89 31 utan
204 688 57 29 att
280 687 68 31 den
367 697 46 22 av
430 688 268 34 motionärerna
717 691 209 41 föreslagna
945 693 180 32 särskilda
1146 695 239 41 utredningen
1404 697 184 33 tillsättes.

98 738 70 33 Det
184 740 102 32 torde
304 740 98 41 ligga
419 741 96 33 inom
533 742 162 34 området
712 744 60 32 för
789 745 520 43 arbetsmarknadsstyrelsens
1327 750 187 40 uppgifter
1533 753 57 30 att

97 794 276 39 uppmärksamt
390 795 92 41 följa
501 797 253 41 utvecklingen
772 798 47 41 på
838 799 163 34 området
1021 802 67 31 och
1106 804 88 38 taga
1213 803 160 32 initiativ
1392 805 55 30 till
1467 804 122 41 åtgär-

99 846 62 32 der
177 856 78 23 som
271 848 74 32 kan
362 848 166 34 befinnas
545 850 199 41 påkallade.
762 854 18 30 I
798 853 102 32 detta
917 856 263 40 sammanhang
1196 856 73 32 kan
1287 858 140 31 erinras
1445 868 58 22 om
1521 859 68 31 den

97 901 233 34 verksamhet
360 903 12 31 i
401 903 96 32 form
526 914 46 22 av
601 907 233 39 propaganda
854 909 66 30 och
940 909 160 31 cirkulär
1117 909 56 32 till
1192 912 399 39 statsmyndigheterna

97 962 46 23 m.
162 963 44 24 m.
226 964 79 22 som
323 957 178 39 styrelsen
519 958 165 33 bedriver
702 960 11 31 i
732 960 109 40 fråga
860 971 57 22 om
935 971 44 22 en
999 972 119 22 annan
1138 972 124 32 grupp,
1283 965 60 31 för
1360 965 120 32 vilken
1498 967 90 39 möj-

98 1007 113 41 lighet
224 1010 56 31 till
295 1010 380 44 deltidstjänstgöring
689 1014 41 31 är
743 1014 263 41 betydelsefull,
1023 1017 180 40 nämligen
1217 1018 43 32 de
1276 1019 160 40 partiellt
1451 1020 138 32 arbets-

97 1062 92 32 föra.
212 1063 192 33 Utskottet
426 1065 122 32 finner
570 1067 192 40 angeläget
785 1070 57 31 att
865 1068 40 34 åt
930 1070 178 39 styrelsen
1131 1072 205 40 uppdrages
1360 1075 57 30 att
1439 1074 150 40 vidtaga

97 1115 167 33 liknande
285 1116 172 42 åtgärder
475 1119 12 31 i
506 1121 72 31 vad
596 1121 114 39 gäller
728 1122 356 42 deltidsanställning
1104 1134 45 22 av
1168 1125 163 41 kvinnlig
1351 1126 236 33 arbetskraft.

97 1170 191 33 Utskottet
306 1172 63 31 vill
386 1172 123 33 vidare
528 1174 120 32 erinra
666 1184 58 22 om
742 1176 69 31 den
814 1166 22 55 i
861 1176 111 33 slutet
991 1187 46 22 av
1056 1178 102 32 förra
1177 1178 80 33 året
1275 1180 199 32 tillkallade
1494 1181 94 32 löne-

97 1224 494 43 författningsberedningen,
611 1238 77 22 som
703 1229 69 32 har
787 1230 57 31 till
860 1231 147 40 uppgift
1024 1234 56 30 att
1096 1232 198 32 verkställa
1312 1234 153 40 översyn
1483 1244 46 22 av
1546 1235 43 31 de

97 1278 150 41 statliga
268 1279 513 44 avlöningsförfattningarna.
804 1285 139 31 Härvid
963 1285 162 32 kommer
1145 1286 44 32 bl.
1214 1296 31 23 a.
1267 1287 133 40 frågan
1421 1297 58 22 om
1500 1287 88 33 tids-

96 1332 87 32 frist
202 1333 61 32 vid
281 1333 362 43 lönetursberäkning
661 1337 60 31 för
739 1338 224 39 tjänstemän
983 1348 79 22 som
1082 1339 94 32 efter
1195 1340 278 41 tjänstledighet
1494 1341 94 33 åter-

98 1386 130 32 inträtt
246 1387 11 31 i
275 1387 119 40 tjänst
410 1389 115 31 under
541 1390 185 40 prövning.
745 1391 71 32 Det
834 1392 72 31 kan
924 1393 81 31 med
1023 1393 141 39 hänsyn
1182 1394 56 31 till
1257 1394 99 32 LO:s
1376 1396 66 31 och
1460 1396 129 31 TCO:s

97 1439 155 40 positiva
272 1440 212 42 inställning
503 1442 11 31 i
533 1443 238 33 förevarande
790 1444 108 41 fråga
918 1446 90 31 även
1027 1446 163 40 förtjäna
1210 1449 56 30 att
1285 1448 225 39 framhållas,
1532 1451 57 29 att

97 1492 240 42 beredningen
356 1495 112 40 enligt
486 1496 80 32 sina
584 1497 155 32 direktiv
758 1498 46 32 bl.
824 1508 31 22 a.
874 1499 66 31 bör
957 1498 84 33 från
1059 1501 88 31 verk
1166 1502 66 31 och
1250 1502 253 40 myndigheter
1522 1504 66 30 och

96 1546 84 32 från
200 1549 232 38 personalens
453 1550 413 42 huvudorganisationer
886 1553 162 32 inhämta
1070 1554 184 32 önskemål
1276 1556 66 31 och
1364 1556 225 40 synpunkter

95 1600 232 34 beträffande
348 1602 333 42 författningarnas
700 1606 227 41 utformning
947 1608 66 31 och
1035 1607 165 33 innehåll.
1221 1609 81 31 Vad
1321 1609 114 40 gäller
1454 1609 133 41 frågan

97 1664 58 22 om
170 1655 402 40 pensionsförmånerna
587 1659 60 31 för
661 1659 313 33 deltidsanställda
991 1662 11 30 i
1019 1662 214 40 statstjänst
1250 1662 63 32 vill
1329 1663 181 33 utskottet
1527 1673 60 22 an-

96 1708 91 39 föra,
204 1712 56 29 att
273 1710 134 41 frågan
420 1711 163 32 kommer
596 1714 56 31 att
666 1714 131 39 prövas
813 1724 46 21 av
873 1714 87 32 1951
977 1714 60 32 års
1052 1716 372 41 pensionsutredning.

140 1763 190 33 Utskottet
348 1773 106 23 anser
471 1765 56 40 sig
545 1767 81 31 med
643 1767 139 40 hänsyn
800 1768 56 31 till
875 1769 70 31 vad
963 1778 92 22 ovan
1074 1769 141 32 anförts
1234 1770 122 31 kunna
1373 1770 213 39 förutsätta,

97 1817 56 30 att
179 1817 4 30 i
202 1817 225 32 motionerna
447 1820 185 38 upptagna
652 1820 178 40 spörsmål
850 1822 162 31 kommer
1031 1825 57 29 att
1108 1824 130 38 prövas
1260 1824 11 30 i
1293 1824 95 31 olika
1409 1833 178 22 samman-

97 1870 96 40 hang
209 1872 66 29 och
293 1871 121 32 finner
429 1872 101 40 förty
545 1874 225 31 motionerna
787 1875 78 31 icke
882 1875 88 31 böra
989 1876 187 31 föranleda
1193 1885 120 23 annan
1331 1876 131 40 åtgärd
1479 1879 46 30 än
1544 1887 44 22 en

97 1924 226 38 hemställan,

452 1981 56 29 att
530 1979 192 41 riksdagen
743 1981 10 30 i
774 1981 192 40 anledning
986 1991 46 22 av
1051 1983 42 31 de
1114 1983 227 40 likalydande
1361 1983 226 33 motionerna

411 2032 31 31 I:
463 2032 66 32 346
546 2034 66 30 och
630 2034 47 31 II:
698 2034 66 33 429
781 2035 60 31 må
859 2036 10 30 i
887 2035 174 32 skrivelse
1079 2037 54 30 till
1151 2037 129 40 Kungl.
1300 2038 111 39 Maj:t
1429 2038 84 40 giva
1531 2038 57 31 till

410 2086 119 31 känna
548 2088 70 30 vad
635 2088 181 32 utskottet
834 2098 93 22 ovan
945 2090 132 31 anfört.

143 2190 209 32 Stockholm
368 2192 67 31 den
452 2192 43 31 28
511 2202 98 22 mars
627 2193 88 32 1957

414 2298 50 31 På
480 2298 180 32 allmänna
674 2300 417 40 beredningsutskottets
1106 2303 152 38 vägnar:

633 2405 164 31 NANCY
813 2406 234 31 ERIKSSON
