2230 2640
767 189 232 31 Statsutskottets
1022 191 154 29 Utlåtande
1199 192 58 29 N:o
1283 192 72 32 153.
1785 195 18 31 5

246 269 74 35 Vid
361 269 118 36 slutet
520 269 42 35 af
599 272 43 33 år
679 272 96 33 1906
811 270 98 36 hade
939 271 180 47 omkring
1146 274 59 34 ett
1233 271 159 37 åttiotal
1419 273 161 36 föremål
1608 275 101 35 varit
1737 277 22 33 å
1786 279 62 32 ut-

248 321 361 47 ställningslokalen
650 322 197 45 utställda,
889 322 171 37 förutom
1101 323 224 45 fotografier
1351 328 101 33 samt
1479 326 57 35 in-
1564 327 73 35 och
1664 327 184 36 utländsk

249 373 201 36 litteratur
477 374 166 35 rörande
671 374 292 47 arbetarskydd,
993 375 118 36 social
1137 376 248 48 lagstiftning
1402 389 50 25 m.
1472 390 50 23 m.
1568 379 109 35 Inom
1695 379 153 36 utställ-

246 425 143 46 ningen
430 425 99 36 hade
564 425 132 36 hållits
723 425 93 36 flera
843 426 180 47 föredrag
1051 427 43 36 af
1115 426 246 49 föreningens
1388 429 239 37 sekreterare
1654 430 61 36 för
1742 431 105 36 olika

246 476 224 47 föreningar
510 477 42 36 af
588 477 105 36 såväl
735 478 176 35 arbetare
953 490 82 24 som
1074 478 161 46 förmän,
1279 480 153 36 därvid.
1457 482 180 47 samtliga
1667 482 181 48 föredrag

245 529 133 36 berört
420 530 194 44 områden,
650 529 219 47 hänförliga
902 531 122 35 under
1051 532 281 46 arbetarskydd
1361 533 93 35 eller
1480 534 264 46 yrkesansvar,
1774 535 73 36 och

245 581 462 46 utställningsföremålen
735 580 227 48 tjänstgjort
989 585 124 33 såsom
1141 583 423 48 åskådningsmateriel.

372 633 135 46 Enligt
548 632 42 36 af
612 633 227 47 föreningen
867 634 177 36 lämnade
1071 635 281 47 upplysningar
1378 636 136 37 funnes
1542 638 13 34 i
1584 638 197 48 åtskilliga
1809 639 43 35 af

245 685 198 35 utlandets
483 686 129 35 städer
647 686 116 35 sedan
794 685 93 36 flera
917 689 42 32 år
986 688 235 46 upprättade
1249 693 255 41 permanenta
1531 690 316 47 arbetarskydds-

245 737 287 46 utställningar.
579 738 82 34 Den
689 737 125 36 äldsta
832 738 281 47 utställningen
1133 739 41 35 af
1188 739 253 37 förevarande
1460 742 83 47 slag
1561 741 99 36 hade
1681 746 166 44 öppnats

243 789 14 35 i
297 789 109 35 Wien
443 788 60 36 för
531 790 163 35 aderton
722 792 43 32 år
792 790 117 35 sedan
938 790 72 35 och
1038 790 148 47 åtnjöte
1214 804 161 24 numera
1403 793 139 47 bidrag
1570 794 43 35 af
1636 797 138 34 staten.
1830 796 17 34 I

244 841 104 35 Paris
383 840 137 36 funnes
547 842 116 35 sedan
692 843 43 33 år
765 843 97 34 1894
892 854 47 23 en
967 843 241 46 utställning,
1236 844 196 36 benämnd
1458 846 129 35 Musée
1616 846 127 47 social,
1774 847 72 36 och

244 893 99 36 hade
363 893 215 36 sedermera
596 896 253 44 permanenta
869 894 580 49 arbetarskyddsutställningar
1468 900 168 44 öppnats
1656 899 6 34 i
1677 899 170 35 Amster-

243 945 88 35 dam
372 945 88 35 med
501 945 135 47 anslag
678 945 41 36 af
755 947 128 34 staten
917 946 73 35 och
1017 946 236 36 kommunen
1281 951 100 33 samt
1408 949 14 34 i
1450 949 204 46 Mänchen,
1682 950 162 45 Brässel,

242 997 141 36 Zärich
410 1009 49 22 m.
489 997 36 35 fl.
555 998 141 35 städer.
742 997 81 35 Den
851 1000 143 33 största
1021 1002 253 43 permanenta
1293 1000 283 48 utställningen
1594 1001 61 36 för
1674 1002 172 36 arbetar-

241 1049 123 46 skydd
391 1061 91 23 vore
503 1049 99 36 dock
622 1050 73 35 den
713 1050 61 34 för
793 1048 83 47 fyra
896 1052 43 32 år
958 1050 117 35 sedan
1095 1050 42 36 af
1151 1051 124 46 Tyska
1294 1052 104 36 riket
1418 1054 235 45 upprättade
1677 1054 168 47 »Stetige

241 1101 248 46 Ausstellung
530 1101 61 35 fär
630 1101 383 36 Arbeiterwohlfart>
1059 1103 13 34 i
1114 1102 329 49 Charlottenburg
1485 1105 170 46 (Berlin),
1689 1106 158 36 hvilken

242 1153 250 47 utställnings
533 1154 225 46 byggnader
799 1153 72 35 och
901 1154 264 46 organisation
1192 1155 134 36 kostat
1354 1160 130 32 staten
1513 1157 106 36 öfver
1649 1161 17 31 1
1697 1158 150 36 million

240 1206 124 45 mark,
394 1205 269 36 hvarförutom
692 1208 128 33 staten
847 1205 162 47 bidroge
1036 1207 88 34 med
1148 1210 58 33 ett
1226 1207 118 46 årligt
1364 1208 135 47 anslag
1518 1209 42 35 af
1577 1212 136 42 50,000
1734 1210 113 35 mark

242 1258 62 34 till
332 1257 555 35 administrationskostnader.
931 1257 243 36 Sistnämnda
1202 1259 234 47 utställning
1465 1260 212 36 omfattade
1701 1261 146 46 jämväl

242 1313 58 32 ett
328 1309 404 35 tuberkulosmuseum
761 1308 72 35 och
862 1320 47 23 en
937 1309 474 49 nykterhetsutställning.

371 1360 189 46 Slutligen
601 1361 72 35 har
711 1359 229 47 föreningen
980 1361 13 34 i
1029 1361 58 35 sin
1114 1361 253 37 förenämnda
1395 1363 218 47 ansökning
1642 1377 61 23 om
1732 1368 114 33 stats-

242 1413 211 35 understöd
493 1412 61 35 för
595 1415 43 32 år
672 1415 98 33 1908
798 1412 206 45 meddelat,
1034 1416 61 32 att
1122 1413 228 48 föreningen
1378 1415 87 47 låge
1494 1416 13 34 i
1534 1417 312 47 underhandling

241 1465 87 34 med
370 1470 143 40 ägaren
555 1464 62 35 till
657 1465 112 35 huset
810 1476 63 23 n:o
917 1466 46 33 23
1005 1465 351 47 Birgerjarlsgatan
1385 1470 61 32 att
1474 1467 86 35 från
1588 1469 74 34 den
1693 1471 17 32 1
1741 1473 104 32 näst-

241 1516 232 35 kommande
516 1516 167 36 oktober
709 1520 51 43 på
786 1516 229 46 ytterligare
1044 1519 67 33 två
1139 1520 60 33 års
1228 1519 58 35 tid
1315 1518 94 36 eller
1436 1519 62 35 till
1526 1520 74 35 den
1631 1523 17 32 1
1681 1520 165 36 oktober

244 1570 97 33 1909
370 1568 158 46 förhyra
557 1568 253 36 omförmälda
838 1567 42 36 af
904 1568 227 47 föreningen
1157 1583 53 22 nu
1229 1570 185 46 förhyrda
1433 1571 118 36 lokal.
1594 1572 136 36 Därest
1750 1573 96 35 aftal

240 1620 88 35 med
369 1626 144 40 ägaren
553 1620 62 35 till
656 1621 74 35 den
770 1621 223 35 nuvarande
1034 1620 155 38 lokalen
1231 1622 31 46 ej
1301 1622 131 36 kunde
1462 1623 133 35 träffas
1622 1626 51 44 på
1701 1636 144 24 samma

240 1671 144 35 villkor
412 1684 81 23 som
520 1671 107 36 förut
646 1692 50 5 —
716 1672 92 36 eller
835 1671 185 47 möjligen
1048 1674 87 34 med
1163 1677 129 43 någon
1319 1674 153 35 mindre
1501 1675 147 46 ökning
1675 1676 13 34 i
1716 1676 129 46 hyres-

240 1723 184 46 beloppet
442 1743 52 4 —
512 1735 91 23 vore
632 1723 66 36 det
725 1723 246 46 föreningens
999 1724 119 35 afsikt
1145 1728 60 32 att
1228 1725 124 46 jämte
1381 1725 125 47 öfriga
1533 1726 107 36 förut
1663 1728 179 44 nämnda,

240 1774 13 34 i
282 1774 281 46 utställningen
592 1774 231 47 deltagande
851 1774 224 47 föreningar
1101 1775 157 47 förhyra
1286 1789 129 23 annan
1439 1777 163 47 lämplig
1633 1778 106 36 lokal
1757 1780 89 34 med

241 1826 167 35 centralt
436 1826 98 46 läge,
563 1826 60 35 för
651 1826 157 36 hvilken
838 1827 102 35 dock
967 1827 297 48 hyresbeloppet
1286 1829 62 35 för
1365 1828 248 47 föreningens
1632 1830 106 36 lokal
1757 1831 88 35 med

241 1878 50 34 all
320 1878 183 35 säkerhet
530 1878 33 46 ej
589 1878 154 36 komme
764 1882 60 32 att
842 1879 226 46 understiga
1088 1880 65 35 det
1172 1880 59 36 för
1251 1883 43 32 år
1316 1882 98 35 1906
1436 1882 192 45 utgående
1648 1882 194 47 beloppet,

241 1931 112 43 2.000
382 1930 159 35 kronor.

369 1981 129 35 Blefve
541 1982 66 35 det
647 1982 110 46 fråga
799 1995 61 23 om
903 1986 61 33 att
1004 1983 157 46 förhyra
1203 1996 129 23 annan
1369 1984 118 45 lokal,
1517 1997 91 23 vore
1637 1986 65 35 det
1729 1986 115 47 högst

240 2033 206 46 antagligt,
490 2036 71 42 att,
605 2034 128 35 därest
774 2034 145 47 skäligt
960 2034 192 47 hyrespris
1181 2035 123 35 skulle
1333 2035 176 45 erhållas,
1539 2036 155 35 lokalen
1721 2040 122 33 måste

239 2083 176 46 förhyras
456 2087 51 43 på
547 2084 93 35 flera
681 2088 52 32 år.
789 2086 53 34 Af
877 2086 86 35 vikt
1003 2098 92 23 vore
1136 2087 101 35 dock
1271 2087 61 35 för
1359 2087 293 46 utställningen,
1682 2090 60 33 att
1769 2090 75 34 den

240 2135 144 35 erhölle
414 2148 46 22 en
488 2135 118 45 lokal,
637 2148 81 23 som
747 2136 130 36 kunde
906 2137 222 46 disponeras
1155 2138 60 35 för
1233 2138 134 46 längre
1388 2137 74 45 tid;
1491 2150 89 23 men
1599 2141 96 33 utan
1714 2139 129 36 säker-

239 2187 68 35 het
336 2198 63 23 om
427 2187 237 46 statsbidrag
695 2199 91 23 vore
814 2189 66 34 det
908 2191 106 32 svårt
1041 2188 60 35 för
1127 2188 228 48 föreningen
1385 2191 61 34 att
1473 2189 118 35 binda
1618 2190 59 46 sig
1703 2191 64 34 vid
1796 2203 47 23 en

240 2239 97 45 dryg
371 2238 108 45 hyra.
534 2239 54 34 De
624 2238 223 47 inkomster,
879 2252 81 24 som
988 2239 163 36 erhölles
1179 2253 139 34 genom
1347 2240 222 46 årsafgifter
1596 2241 44 35 af
1662 2242 180 35 medlem-

239 2301 135 24 marna
402 2290 12 34 i
443 2290 239 46 föreningen,
711 2290 165 48 försloge
917 2291 86 36 icke
1046 2292 110 46 långt
1198 2293 71 35 och
1301 2292 185 36 hbehöfdes
1515 2292 60 35 till
1604 2292 170 48 aflöning
1802 2296 40 33 åt
