1890 2780
266 153 19 29 8
680 151 393 30 Jordbruksutskottets
1096 151 181 29 utlåtande
1299 159 43 20 nr
1364 151 51 29 26.

461 288 303 43 Huvuddragen
789 298 50 22 av
863 287 543 43 frökontrollutredningens
1430 287 163 44 förslag.

317 382 239 38 Utredningen
580 391 102 20 anser
705 384 52 27 att
781 384 132 27 statens
936 381 155 30 centrala
1115 382 348 30 frökontrollanstalt
1487 383 86 29 även
1599 382 9 29 i
1632 382 159 30 fortsätt-

273 433 128 38 ningen
422 433 62 29 bör
504 433 119 38 intaga
643 442 43 21 en
707 432 147 30 ledande
877 431 166 40 ställning
1063 433 96 29 inom
1181 432 497 30 frökontrollverksamheten.
1700 432 90 29 Den-

275 492 44 20 na
342 483 224 29 verksamhet
588 482 62 29 bör
673 482 195 30 emellertid
910 481 446 32 decentraliseras
1400 482 116 39 något.
1553 482 80 30 Som
1656 483 137 29 huvud-

276 533 134 39 sakliga
427 533 76 29 skäl
522 533 54 29 för
592 541 42 20 en
651 532 311 39 decentralisering
979 532 143 30 anföras
1140 532 74 30 dels
1232 534 49 29 att
1300 532 271 30 verksamheten
1589 532 203 39 därigenom

274 584 70 28 kan
361 582 205 40 förbilligas,
583 583 73 29 dels
673 584 50 28 att
740 583 91 38 läget
847 583 44 38 på
907 584 95 29 detta
1018 583 143 29 område
1178 583 43 39 på
1239 583 114 39 grund
1370 593 42 19 av
1428 583 68 29 den
1513 583 111 29 ökade
1641 582 151 39 kunnig-

274 633 114 33 heten,
410 633 208 30 förståelsen
640 633 64 29 och
727 632 299 31 ansvarskänslan
1047 633 63 30 hos
1130 633 230 39 jordbrukets
1382 633 144 29 utövare
1549 633 64 29 och
1634 633 159 29 utsädes-

275 684 172 29 handelns
468 685 283 37 representanter
772 692 47 20 nu
842 684 37 28 är
899 685 48 27 ett
968 683 71 29 helt
1060 685 108 27 annat
1189 684 45 28 än
1255 683 57 29 det
1332 692 61 20 var
1414 683 44 29 då
1479 683 313 29 centralanstalten

276 733 204 30 inrättades.

320 783 74 30 Den
419 784 156 29 önskade
600 783 355 39 decentraliseringen
981 792 99 21 avses
1104 783 53 29 till
1182 793 43 21 en
1250 783 126 38 början
1404 783 99 29 skola
1527 783 266 29 åstadkommas

276 841 123 31 genom
424 843 42 20 en
489 834 208 39 utvidgning
720 843 43 20 av
786 834 92 29 vissa
901 843 42 20 av
966 834 42 29 de
1031 833 153 34 distrikt,
1210 842 75 21 som
1310 842 47 20 nu
1382 834 61 29 äro
1466 833 182 29 bestämda
1672 833 56 29 för
1752 832 41 29 de

276 884 114 30 lokala
439 884 329 30 statsunderstödda
817 883 452 30 frökontrollanstalternas
1316 883 478 39 plomberingsverksamhet.

275 933 212 39 Därigenom
511 934 111 31 skulle
644 934 42 30 de
707 934 283 29 mellansvenska
1014 934 236 29 anstalternas
1272 932 177 41 kapacitet
1472 934 122 28 kunna
1617 933 178 39 utnyttjas

276 984 112 30 bättre
412 985 45 29 än
481 985 66 29 vad
573 993 74 21 som
671 985 55 29 för
751 985 219 30 närvarande
995 985 38 28 är
1057 983 109 30 fallet.
1191 983 241 39 Utredningen
1457 983 149 30 föreslår
1631 984 87 29 även
1744 985 51 28 att

277 1035 93 29 lokal
390 1034 305 30 statsunderstödd
718 1034 346 30 frökontrollanstalt
1083 1036 10 29 i
1111 1034 93 30 vissa
1224 1033 61 30 fall
1307 1034 89 29 skall
1416 1035 64 37 äga
1500 1034 101 39 åtaga
1621 1033 52 39 sig
1692 1035 104 28 stats-

276 1084 220 40 plombering
516 1085 143 29 utanför
679 1084 61 30 sitt
759 1086 75 37 eget
854 1084 152 30 distrikt.

322 1135 13 28 I
355 1135 238 29 betänkandet
613 1134 149 30 föreslås
782 1135 118 29 vidare
920 1137 50 27 att
991 1135 131 29 sådana
1143 1134 162 30 enskilda
1325 1134 146 38 företag,
1494 1143 75 20 som
1590 1133 143 30 bedriva
1753 1143 42 20 en

277 1194 96 20 mera
395 1185 219 30 omfattande
634 1184 517 39 växtförädlingsverksamhet,
1175 1184 98 30 skola
1295 1185 122 29 kunna
1440 1184 36 29 få
1498 1184 151 29 särskild
1672 1183 124 30 aukto-

278 1235 156 30 risation.
456 1235 116 30 Sådan
592 1235 259 29 auktorisation
872 1235 88 29 skall
980 1235 46 30 ha
1045 1235 67 29 den
1131 1235 133 29 verkan
1285 1235 50 29 att
1355 1244 42 20 en
1418 1244 42 20 av
1480 1234 181 39 företagen
1683 1234 113 38 själva

277 1286 129 29 utövad
426 1286 155 29 kontroll
601 1286 80 29 över
701 1286 42 29 de
764 1293 87 31 egna
871 1285 296 30 utsädesvarorna
1187 1284 67 30 blir
1273 1284 183 39 jämställd
1478 1284 80 29 med
1579 1284 110 29 sådan
1710 1284 87 29 kon-

277 1335 91 34 troll,
397 1345 75 20 som
500 1336 124 30 utövas
652 1345 41 20 av
722 1335 308 30 statsunderstödd
1058 1334 358 30 frökontrollanstalt.
1446 1334 124 30 Denna
1599 1333 196 30 auktorisa-

277 1386 74 31 tion
372 1386 89 30 skall
482 1386 89 30 dock
591 1386 75 29 icke
688 1385 151 30 omfatta
861 1385 384 33 sortrenhetskontroll,
1267 1384 318 38 kontrollodlingar
1606 1383 83 30 eller
1711 1384 86 29 kon-

277 1437 80 29 troll
376 1437 81 29 över
477 1436 277 40 utsädespartier
775 1436 150 30 avsedda
944 1436 55 30 för
1019 1437 132 38 export.

322 1486 240 39 Utredningen
582 1487 63 28 har
666 1487 87 29 även
775 1486 193 30 undersökt
990 1486 110 29 andra
1120 1484 568 39 decentraliseringsmöjligheter.
1711 1484 85 29 Där-

278 1538 57 29 vid
356 1537 64 29 har
442 1538 67 28 den
531 1536 105 30 bland
659 1539 109 27 annat
790 1537 123 39 prövat
935 1536 125 39 frågan
1083 1545 56 20 om
1162 1534 252 41 lämpligheten
1437 1544 41 20 av
1501 1536 50 28 att
1573 1534 131 30 inrätta
1728 1543 68 30 nya

274 1585 116 31 lokala
412 1585 386 30 frökontrollanstalter
820 1586 83 29 eller
924 1595 43 20 en
988 1584 286 30 Norrlandsfilial
1296 1584 53 29 till
1371 1584 323 31 centralanstalten.
1717 1584 75 29 Den

278 1646 102 20 anser
403 1637 89 29 dock
515 1637 76 29 icke
614 1638 50 28 att
687 1636 110 39 några
820 1636 161 39 åtgärder
1003 1637 11 28 i
1038 1636 101 30 dessa
1162 1635 226 30 hänseenden
1413 1635 54 29 för
1491 1635 220 29 närvarande
1736 1635 60 28 äro

275 1686 197 39 påkallade.
496 1685 229 30 Beträffande
751 1685 135 30 filialen
909 1685 11 28 i
942 1685 174 29 Norrland
1141 1684 217 33 framhålles,
1384 1686 51 28 att
1459 1684 234 38 utredningen
1717 1684 79 28 med

278 1739 60 30 sitt
360 1737 338 39 ställningstagande
720 1737 77 29 icke
820 1737 91 30 velat
933 1736 154 30 bestrida
1110 1736 203 39 betydelsen
1337 1746 41 20 av
1402 1737 50 28 att
1475 1735 71 30 viss
1569 1734 228 31 frökontroll-

278 1788 224 30 verksamhet
522 1787 174 39 förlägges
716 1787 52 29 till
789 1786 184 30 Norrland.
994 1786 122 30 Denna
1137 1786 99 39 fråga
1258 1795 102 20 anses
1380 1785 195 30 emellertid
1596 1785 85 30 böra
1701 1786 95 28 över-

281 1839 102 38 vägas
408 1847 97 20 mera
530 1838 170 38 ingående
726 1837 91 29 först
841 1838 10 28 i
879 1837 170 30 samband
1075 1837 78 29 med
1180 1836 239 39 utbyggandet
1446 1845 42 20 av
1513 1836 66 29 den
1607 1835 189 40 planerade

274 1885 457 40 forskningsinstitutionen
758 1886 59 30 vid
845 1885 275 30 Röbäcksdalen.

322 1963 12 28 I
371 1963 171 30 samband
578 1963 78 29 med
693 1961 551 40 decentraliseringsspörsmålen
1281 1962 64 29 har
1372 1960 234 39 utredningen
1632 1961 164 37 övervägt

277 2013 124 39 frågan
428 2022 57 20 om
512 2012 229 39 erforderliga
767 2012 162 39 åtgärder
956 2012 54 29 för
1037 2013 50 28 att
1138 2011 268 30 samordna
1457 2009 340 31 frökontroll-

277 2063 403 30 verksamheten.
721 2063 13 28 I
756 2062 94 30 detta
872 2062 199 29 hänseende
1092 2062 109 39 pekar
1222 2061 67 30 den
1310 2061 45 40 på
1376 2060 202 40 betydelsen
1600 2070 42 20 av
1664 2062 51 27 att
1736 2059 61 29 all-

277 2115 129 28 männa
437 2113 228 39 anvisningar
693 2113 56 30 för
778 2112 289 30 verksamhetens
1095 2112 214 30 bedrivande
1339 2112 99 28 skola
1467 2110 179 30 meddelas
1675 2110 122 30 fortlö-

276 2164 113 39 pande
415 2166 91 27 samt
531 2163 147 30 föreslår
704 2165 51 28 att
780 2163 165 39 tillsynen
971 2162 79 30 från
1075 2162 333 29 centralanstaltens
1435 2161 75 29 sida
1536 2160 88 30 skall
1652 2160 145 29 intensi-

277 2214 117 30 fieras.

322 2290 12 28 I
356 2290 99 38 fråga
475 2298 57 20 om
570 2289 431 38 organisationen
1039 2297 53 20 av
1128 2285 415 32 fältkontrollen
1582 2285 149 30 föreslås
1753 2294 43 20 en

278 2340 169 39 väsentlig
471 2339 159 39 ändring.
656 2339 240 38 Utredningen
920 2347 103 21 anser
1047 2337 178 39 nämligen
1250 2339 50 28 att
1324 2337 67 29 den
1416 2335 251 40 obligatoriska
1693 2335 103 29 efter-

275 2390 321 39 kontrollodlingen
615 2389 10 29 i
646 2389 171 30 samband
836 2389 79 29 med
934 2388 117 38 vanlig
1070 2387 311 40 statsplombering
1400 2386 64 30 och
1485 2385 311 40 statsplombering

276 2450 42 20 av
333 2440 249 30 kvalitetsvara
600 2440 61 29 bör
679 2440 128 39 slopas.
825 2437 185 40 Samtidigt
1027 2437 147 31 föreslås
1191 2439 51 29 att
1259 2437 159 39 frölagen
1435 2435 90 31 skall
1542 2436 129 30 ändras
1690 2435 38 30 så
1745 2436 51 28 att

276 2491 67 29 den
362 2490 67 30 blir
448 2489 188 41 tillämplig
656 2490 20 29 å
697 2490 110 29 sådan
829 2488 293 40 statsplomberad
1143 2488 141 29 frövara
1306 2496 75 21 som
1403 2495 46 20 nu
1471 2487 153 28 nämnts.
