1892 2786
537 151 393 30 Jordbruksutskottets
955 152 181 29 utlåtande
1157 162 43 19 nr
1221 153 52 29 26.
1622 152 19 29 9

160 236 229 30 Beträffande
431 236 514 39 fältbesiktningarna
1002 237 149 30 föreslår
1174 237 235 39 utredningen
1432 247 43 20 en
1498 238 139 29 decent-

114 287 185 40 ralisering
335 287 176 31 såtillvida
548 289 50 28 att
634 287 41 31 de
701 287 117 31 lokala
844 287 332 31 statsunderstödda
1201 287 434 31 frökontrollanstalterna

116 338 99 30 skola
235 338 233 30 tillerkännas
487 337 71 31 viss
578 339 70 29 rätt
668 340 50 28 att
737 338 192 29 verkställa
950 338 131 30 sådana
1102 337 244 39 besiktningar
1367 338 88 30 efter
1476 338 161 40 uppdrag

115 398 42 21 av
179 388 324 30 centralanstalten.
527 388 141 31 Samma
690 388 210 39 befogenhet
922 388 62 30 bör
1007 388 108 39 enligt
1137 388 169 39 förslaget
1328 388 200 31 tillkomma
1551 389 86 29 auk-

118 439 189 30 toriserade
329 438 324 40 frökontrollorgan
675 438 225 30 beträffande
923 439 101 30 deras
1045 446 88 31 egna
1154 447 114 21 varor.

161 515 240 39 Utredningen
422 515 64 29 har
507 515 87 29 även
614 515 124 39 prövat
758 514 126 39 frågan
906 524 57 20 om
1002 514 403 40 förläggningen
1444 524 54 20 av
1537 523 101 21 cen-

116 564 410 30 tralanstaltens
565 564 647 39 fältkontrollavdelning.
1251 565 78 30 Med
1351 566 139 38 hänsyn
1511 565 52 30 till
1585 566 51 29 att

115 615 367 40 kontrollodlingarna
509 625 41 20 av
578 615 287 40 klimatologiska
894 615 75 30 skäl
997 615 11 28 i
1035 615 189 30 huvudsak
1252 615 113 30 måste
1394 615 60 30 ske
1482 617 11 29 i
1522 615 115 30 Skåne

115 667 162 29 förordar
300 666 247 39 utredningen,
573 667 50 29 att
648 666 233 39 avdelningen
907 665 89 30 skall
1021 665 177 39 förläggas
1223 667 10 28 i
1259 665 207 39 anslutning
1490 665 54 30 till
1569 666 67 28 den

115 717 204 30 nuvarande
338 716 136 30 filialen
492 716 11 29 i
522 715 127 41 Åkarp.
670 716 12 29 I
702 716 37 30 så
757 716 63 29 fall
838 716 112 29 måste
969 715 193 30 emellertid
1181 725 43 20 en
1243 724 47 31 ny
1308 715 329 40 institutionsbygg-

115 768 69 29 nad
206 767 170 40 uppföras
397 766 56 30 för
473 766 146 30 filialen.
641 766 439 40 Byggnadskostnaderna,
1102 765 195 40 inbegripet
1319 766 241 30 kostnaderna
1581 766 56 29 för

116 827 42 20 en
179 817 377 34 vaktmästarebostad,
578 817 211 40 uppskattas
811 816 52 30 till
883 818 11 29 i
916 818 83 28 runt
1020 817 47 29 tal
1090 815 64 30 450
1169 816 63 29 000
1254 816 142 30 kronor.

159 894 78 29 Med
259 893 267 40 utgångspunkt
549 893 80 29 från
651 893 67 30 den
740 892 206 40 minskning
969 902 41 20 av
1032 892 366 40 arbetsuppgifternas
1421 891 217 39 omfattning

115 944 58 30 vid
194 946 133 28 statens
348 943 157 30 centrala
525 943 357 34 frökontrollanstalt,
904 952 75 20 som
1001 944 48 28 ett
1071 942 276 40 genomförande
1369 952 42 20 av
1432 942 204 38 utredning-

115 1004 63 20 ens
199 994 94 30 olika
313 994 134 39 förslag
468 995 124 29 väntas
613 993 171 34 medföra,
806 994 65 29 har
893 992 236 40 utredningen
1151 994 116 28 ansett
1289 994 50 28 att
1380 992 257 40 personal-

115 1044 432 40 organisationen
581 1044 57 29 vid
664 1043 177 31 anstalten
865 1044 72 29 kan
960 1043 191 39 begränsas
1176 1043 171 29 avsevärt.

160 1095 260 38 Utredningens
445 1094 132 39 förslag
603 1093 52 30 till
681 1103 47 30 ny
753 1092 407 42 personalorganisation
1186 1092 148 30 innebär
1361 1102 43 20 en
1430 1092 208 39 minskning

114 1146 81 29 med
218 1145 41 30 60
283 1144 349 39 befattningshavare
657 1144 83 31 eller
764 1145 88 29 nära
876 1143 42 30 30
942 1146 145 38 procent
1112 1152 43 21 av
1179 1143 58 29 det
1261 1143 206 30 nuvarande
1493 1142 142 31 antalet.

115 1196 213 39 Härigenom
345 1196 167 30 ävensom
529 1203 124 31 genom
670 1194 94 31 vissa
780 1195 113 29 andra
909 1193 229 41 besparingar
1155 1194 131 29 räknar
1303 1193 236 39 utredningen
1556 1193 80 29 med

115 1248 51 28 att
184 1246 194 40 utgifterna
396 1245 56 30 för
471 1247 133 29 statens
622 1245 155 30 centrala
796 1243 348 31 frökontrollanstalt
1164 1244 98 30 skola
1281 1244 123 30 kunna
1424 1243 213 39 nedbringas

116 1298 78 29 med
217 1297 99 30 cirka
338 1296 65 30 530
418 1296 63 29 000
505 1297 141 28 kronor.
671 1294 25 30 Å
721 1295 112 30 andra
857 1295 101 29 sidan
981 1295 145 29 komma
1149 1293 195 31 emellertid
1369 1295 87 28 även
1479 1293 158 30 inkoms-

115 1350 100 28 terna
236 1349 50 28 att
308 1347 124 39 nedgå,
455 1356 56 20 om
534 1347 93 29 vissa
650 1345 299 40 arbetsuppgifter
971 1344 207 39 överflyttas
1201 1344 53 29 till
1277 1344 117 30 lokala
1417 1351 120 32 organ.
1560 1343 76 29 Den

111 1396 111 30 härav
252 1395 210 31 föranledda
492 1395 413 38 inkomstminskningen
937 1393 213 40 uppskattar
1181 1393 235 39 utredningen
1449 1393 54 29 till
1535 1393 98 29 cirka

115 1447 64 30 250
194 1446 63 30 000
276 1447 143 29 kronor.

160 1522 260 39 Utredningens
438 1521 132 39 förslag
587 1522 38 28 är
642 1521 76 29 icke
736 1519 180 40 enhälligt.
935 1520 54 30 En
1006 1530 42 20 av
1065 1520 42 29 de
1126 1519 235 39 sakkunniga,
1380 1521 22 27 t.
1419 1519 25 39 f.
1462 1518 175 40 förestån-

115 1574 107 29 daren
242 1573 58 39 för
320 1574 136 28 statens
478 1569 154 32 centrala
654 1569 349 41 frökontrollanstalt
1023 1570 42 29 H.
1089 1569 107 36 Gadd,
1219 1571 39 28 är
1279 1569 178 39 nämligen
1480 1569 45 40 på
1547 1568 89 30 flera

114 1624 154 40 punkter
286 1622 185 40 skiljaktig
488 1622 81 30 från
586 1621 254 39 utredningens
858 1621 120 39 övriga
995 1620 203 30 ledamöter.
1219 1619 155 30 Sålunda
1392 1618 155 31 biträder
1565 1619 70 29 han

116 1674 30 39 ej
170 1673 167 40 förslaget
358 1683 57 20 om
437 1682 41 20 en
500 1672 201 39 överföring
722 1681 42 20 av
783 1671 95 30 vissa
899 1670 299 40 arbetsuppgifter
1219 1670 81 29 från
1322 1669 313 30 centralanstalten

116 1724 51 30 till
188 1724 116 30 lokala
324 1731 121 32 organ.
467 1723 126 30 Vidare
615 1732 102 20 anser
738 1723 71 29 han
830 1723 51 29 att
903 1719 260 40 auktorisering
1184 1730 42 20 av
1247 1719 139 31 enskild
1408 1719 228 30 frökontroll-

114 1774 225 30 verksamhet
360 1774 126 29 endast
507 1773 62 29 bör
590 1773 260 38 ifrågakomma
871 1771 224 30 beträffande
1118 1770 57 30 två
1197 1770 146 39 företag,
1366 1769 178 39 nämligen
1566 1769 70 29 All-

111 1823 132 30 männa
269 1822 152 30 svenska
448 1821 380 38 utsädesaktiebolaget
855 1822 92 27 samt
973 1820 55 29 W.
1054 1819 155 30 Weibull
1236 1819 209 39 akticbolag.
1474 1819 78 29 Han
1580 1821 52 27 ut-

114 1874 91 30 talar
226 1874 132 39 jämväl
382 1874 51 28 att
456 1871 368 39 efterkontrollodling
848 1870 214 30 åtminstone
1087 1872 10 28 i
1121 1869 71 31 viss
1216 1869 247 39 utsträckning
1487 1869 62 29 bör
1574 1870 61 28 ske

114 1926 86 28 även
221 1923 224 30 beträffande
466 1923 40 29 de
526 1922 94 39 lägre
640 1920 523 41 statsplomberingsformerna.

161 2023 160 29 Rörande
349 2023 59 29 det
436 2022 163 29 närmare
627 2020 193 30 innehållet
848 2020 10 28 i
887 2019 253 38 utredningens
1170 2019 132 37 förslag
1330 2019 63 29 och
1423 2019 212 38 yttrandena

113 2074 147 29 däröver
281 2073 99 29 torde
402 2072 172 29 utskottet
596 2071 37 30 få
654 2071 148 29 hänvisa
824 2070 53 29 till
899 2070 67 28 den
987 2069 219 38 redogörelse
1229 2069 133 35 härför,
1384 2078 75 20 som
1482 2069 153 29 lämnats

114 2126 19 27 å
155 2133 26 19 s.
204 2122 128 30 12—58
352 2123 10 28 i
382 2121 276 41 propositionen.

416 2252 384 43 Anslagsäskanden
824 2252 64 32 för
913 2250 237 43 budgetåret
1174 2249 156 38 1952/53.

157 2346 176 38 Styrelsen
357 2346 58 38 för
438 2347 133 27 statens
595 2345 154 29 centrala
771 2344 349 39 frökontrollanstalt
1144 2344 63 28 har
1232 2344 7 28 i
1264 2343 75 29 sina
1364 2344 271 38 anslagsäskan-

113 2397 66 28 den
200 2397 54 28 för
272 2397 102 28 nästa
394 2395 170 38 budgetår
590 2395 88 32 (skr.
700 2395 85 34 31/8
808 2394 101 29 1951)
936 2394 190 34 hemställt,
1147 2395 50 27 att
1221 2394 195 28 anstaltens
1436 2394 199 38 avlönings-

113 2447 64 29 och
199 2445 357 38 omkostnadsanslag
577 2445 99 29 skola
698 2445 103 38 höjas
824 2445 77 29 från
928 2445 93 28 1172
1037 2444 63 29 000
1122 2444 196 40 respektive
1340 2444 63 29 330
1419 2445 63 29 000
1504 2444 131 29 kronor

114 2496 51 30 till
189 2498 12 27 1
219 2496 63 29 403
297 2497 64 30 500
380 2496 196 39 respektive
595 2496 63 28 686
673 2495 63 29 800
755 2496 142 28 kronor.
