2248 2636
461 217 40 30 34
918 219 251 34 Statsutskottets
1199 220 174 33 Utlåtande
1395 222 62 33 N:o
1480 224 30 30 9.

416 296 320 49 meteorologiska
765 297 287 39 observationer
1081 299 200 49 verkligen
1311 305 41 32 är
1380 301 41 36 af
1444 306 123 33 större
1588 301 196 51 betydelse
1806 303 56 38 för
1883 311 129 31 veten-

417 347 145 49 skapen
591 370 49 6 —
669 349 147 37 hvilket
857 350 188 38 utskottet
1080 350 86 38 icke
1194 352 139 37 tilltror
1362 352 61 49 sig
1451 358 55 32 att
1534 354 161 37 bedöma
1723 377 51 4 —
1803 356 123 38 medel
1954 357 58 37 för

415 399 105 36 detta
558 400 174 37 ändamål
759 401 92 37 böra
882 402 127 37 kunna
1042 403 170 47 beredas,
1240 409 92 31 utan
1361 410 54 31 att
1443 405 184 37 särskildt
1654 406 135 49 anslag
1817 407 128 39 härtill
1975 409 41 37 af

416 450 223 51 Riksdagen
669 453 173 49 beviljas,
873 454 55 36 får
955 454 192 38 utskottet
1176 455 213 49 hemställa,

944 562 55 32 att
1027 558 88 37 herr
1143 559 214 48 Bergmans
1386 560 249 38 förevarande
1665 562 143 38 motion
1837 562 84 38 icke
1951 565 60 35 må

815 608 41 37 af
880 608 223 52 Riksdagen
1133 610 161 38 bifallas.

1024 771 180 35 Lasaretts
1229 772 177 34 underhåll.

192 870 81 57 dög
293 869 92 58 mona
546 864 99 49 24:0)
687 865 17 36 I
744 866 211 50 anledning
997 867 42 37 af
1076 868 141 49 Kongl.
1248 869 126 49 Maj:ts
1405 869 129 38 derom
1563 871 135 49 gjorda
1726 872 284 51 framställning

204 943 84 20 staten
306 940 31 29 af
352 943 33 19 ev
417 915 70 38 OCh
529 917 122 37 Under
689 918 237 50 hänvisning
954 919 58 37 till
1040 919 103 37 hvad
1172 923 20 34 å
1219 921 71 37 sid.
1322 924 46 34 76
1394 922 12 36 i
1435 923 422 50 statsrådsprotokollet
1887 924 124 37 blifvit

192 975 40 23 till
240 967 187 38 Linköpings
420 963 20 62 I
456 967 133 50 frågan
622 969 162 49 anfördt,
815 970 221 38 hemställer
1063 972 202 49 utskottet,

210 1010 104 23 lasarett
333 1017 47 15 an-

191 1045 84 23 visadt
300 1045 96 30 belopp.
1782 1077 8 7 .
1913 1078 8 7 .

219 1053 117 74 [19]
917 1079 54 31 att
999 1079 55 32 ett
1083 1074 137 51 belopp
1250 1076 41 36 af
1316 1079 72 34 225
1419 1077 151 49 kronor,
1600 1090 82 24 som
1711 1083 98 32 varit
1833 1079 178 38 anvisadt

814 1125 82 36 från
918 1125 189 38 allmänna
1125 1127 330 50 hospitalsfonden
1473 1131 124 35 såsom
1615 1129 136 49 bidrag
1767 1129 56 37 till
1840 1130 171 50 aflöning

814 1180 38 34 åt
880 1177 155 37 läkaren
1066 1177 65 38 vid
1160 1179 282 38 länslasarettet
1470 1181 10 36 i
1509 1181 235 49 Linköping,
1771 1185 59 33 må
1850 1196 43 23 ur
1912 1183 96 37 riks-

812 1234 127 31 staten
980 1230 138 37 afföras
1161 1231 70 37 och
1273 1232 176 49 anslaget
1491 1233 56 36 till
1590 1232 179 38 lasaretts
1807 1234 200 38 underhåll

813 1280 169 38 minskas
1024 1282 83 36 från
1151 1284 134 47 99,421
1325 1284 141 37 kronor
1495 1285 83 36 med
1609 1290 54 31 ett
1692 1292 78 29 mot
1798 1285 210 51 aflönings-

811 1332 176 49 bidraget
1028 1335 188 37 svarande
1258 1335 137 50 belopp
1437 1336 42 37 af
1515 1338 73 35 225
1633 1336 141 37 kronor
1816 1337 93 37 eller
1952 1338 56 37 till

814 1386 136 46 99,196
980 1385 153 38 kronor.

1028 1547 169 43 Hospitals
1222 1548 178 34 underhåll.

201 1640 185 61 Se
544 1640 99 50 25:0)
675 1642 138 49 Kongl.
844 1643 107 49 Maj:t
978 1643 69 37 har
1075 1644 121 37 under
1224 1645 125 37 denna
1377 1645 243 49 anslagstitel
1649 1646 210 51 föreslagit,

209 1683 106 50 läkaren,
332 1684 46 50 vid
543 1698 56 30 att
645 1693 219 50 Riksdagen
911 1698 116 34 måtte
1068 1696 207 48 godkänna
1317 1696 166 50 följande
1524 1698 386 48 aflöningsförmåner
1953 1701 55 36 för

216 1745 149 59 Nyköpings
414 1743 154 37 läkaren
598 1744 64 37 vid
691 1745 231 50 Nyköpings
952 1747 179 50 hospital,
1160 1748 194 49 nemligen
1384 1762 45 24 en
1459 1749 163 37 kontant
1643 1750 171 50 aflöning
1838 1752 42 36 af
1896 1754 113 46 5,000

250 1788 98 74 [20.]
415 1795 140 37 kronor
593 1797 120 47 jemte
743 1797 304 52 boställsvåning
1076 1800 70 36 och
1177 1800 83 48 ved,
1291 1800 86 37 med
1406 1800 259 39 förklarande:
1695 1808 55 31 att
1780 1806 63 34 två
1872 1804 137 49 tredje-

296 1846 40 17 =
413 1847 105 37 delar
560 1849 41 35 af
640 1848 71 37 den
754 1849 186 38 kontanta
968 1851 222 49 aflöningen
1224 1857 138 44 utgöra
1391 1853 61 36 lön
1483 1853 70 37 och
1582 1867 46 23 en
1659 1854 184 50 tredjedel
1873 1856 135 48 tjenst-

413 1899 397 51 göringspenningar;
840 1907 54 31 att
923 1905 41 34 så
991 1903 117 49 länge
1138 1904 305 49 boställsvåning
1471 1904 103 38 inom
1605 1905 227 51 hospitalets
1854 1908 153 37 område

414 1951 33 49 ej
491 1952 75 35 kan
601 1952 160 38 beredas
789 1953 169 50 läkaren,
987 1955 75 36 han
1093 1968 92 36 eger
1212 1958 125 34 såsom
1367 1956 218 50 ersättning
1613 1958 57 36 för
1699 1958 308 50 boställsvåning

413 2003 70 37 och
513 2003 72 37 ved
615 2004 170 50 uppbära
817 2007 110 46 1,000
956 2006 142 37 kronor
1126 2020 60 23 om
1215 2010 80 34 året
1324 2012 79 33 mot
1428 2008 226 51 skyldighet
1673 2015 55 31 att
1748 2023 90 24 vara
1860 2010 146 38 boende

413 2054 10 36 i
466 2055 229 49 hospitalets
737 2057 152 47 närhet;
932 2064 55 31 att
1029 2058 158 38 läkaren
1224 2062 60 34 må
1312 2060 145 49 årligen
1486 2061 120 37 under
1635 2075 67 23 sex
1731 2062 141 37 veckor
1898 2063 107 49 njuta

413 2113 196 41 semester,
653 2108 127 37 derest
816 2109 161 49 lämplig
1014 2110 148 37 vikarie
1200 2111 122 37 finnes
1351 2118 56 30 att
1433 2111 110 49 tillgå
1572 2113 72 37 och
1671 2114 242 49 göromålens
1945 2115 61 36 be-

412 2158 136 49 höriga
577 2162 106 46 gång
711 2161 34 48 ej
776 2160 111 37 deraf
910 2161 177 47 hindras;
1118 2168 97 31 samt
1243 2168 55 32 att
1318 2164 154 36 läkaren
1492 2163 83 37 icke
1597 2167 59 34 må
1676 2171 103 31 utom
1799 2166 207 50 hospitalet

412 2211 130 36 utöfva
572 2211 151 37 enskild
752 2212 154 50 praktik
937 2219 77 31 mot
1042 2214 213 49 betalning,
1287 2215 87 37 med
1403 2215 200 50 undantag
1622 2217 43 37 af
1679 2217 99 37 hvad
1799 2230 81 24 som
1901 2222 105 33 rörer

412 2262 371 50 sinnessjukdomar;
813 2264 198 38 äfvensom
