1842 2784
281 177 41 29 90
714 181 285 30 Statsutskottets
1022 182 179 31 utlåtande
1224 193 41 19 nr
1288 184 50 29 11.

327 257 119 34 122:0)
476 257 158 31 Centrala
658 259 435 37 sjukvårdsberedningen:
1122 263 433 36 Arbetsstudieavdelning.
1582 265 13 29 I
1620 264 151 39 enlighet

280 310 79 29 med
378 310 125 40 Kungl.
522 312 125 38 Maj:ts
667 313 129 39 förslag
820 314 131 39 (punkt
971 315 71 34 136,
1062 325 26 20 s.
1109 316 62 30 273
1190 317 64 28 och
1273 316 96 34 274),
1387 317 107 30 vilket
1512 317 148 30 innebär
1677 316 93 31 oför-

280 363 134 29 ändrad
436 365 328 40 medelsanvisning,
783 368 203 29 hemställer
1007 368 181 34 utskottet,

635 421 50 27 att
707 420 189 39 riksdagen
919 421 57 29 må

634 472 36 33 a)
702 472 188 39 godkänna
916 473 156 39 följande
1100 477 69 27 stat
1196 475 54 29 för
1277 477 155 28 centrala
1459 475 310 39 sjukvårdsbered-

590 525 147 39 ningens
775 526 431 40 arbetsstudieavdelning,
1243 530 51 28 att
1328 528 177 40 tillämpas
1542 529 73 30 tills
1652 529 117 30 vidare

590 577 43 30 fr.
654 588 31 20 o.
705 588 45 20 m.
773 579 205 39 budgetåret
1002 579 158 38 1951/52:

1140 706 74 26 Stat.

1100 768 157 39 Utgifter.

587 818 40 29 ÅA.
652 818 223 39 Avlöningar.

590 871 27 28 1.
654 871 213 39 Avlöningar
891 872 51 30 till
964 872 269 32 icke-ordinarie
1255 874 177 40 personal.
1451 901 3 2 .
1487 874 42 31 36
1543 875 64 30 600

587 924 30 28 2.
654 924 132 39 Rörligt
812 925 130 39 tillägg,
968 926 205 39 förslagsvis
1207 952 246 5 -...........
1508 928 98 30 4400
1632 928 40 30 41
1687 929 63 29 000

586 995 38 29 B.
651 995 268 31 Omkostnader.

589 1048 14 29 1.
655 1048 174 39 Sjukvård
855 1059 46 20 m.
928 1060 55 24 m.,
1010 1051 205 39 förslagsvis
1250 1077 203 4 -.........
1544 1052 62 30 100

610 1124 6 6 .
654 1102 333 40 Reseersättningar,
1011 1104 205 39 förslagsvis
1250 1131 203 3 ..........
1488 1105 37 31 11
1542 1105 64 30 900

586 1154 30 30 3.
654 1155 186 39 Expenser,
873 1156 204 40 förslagsvis
1118 1183 335 4 sosssosossssssr.
1508 1158 97 30 3500
1633 1160 39 29 15
1686 1159 63 30 500

1307 1223 145 45 Summa
1475 1239 131 29 kronor
1631 1239 41 29 56
1686 1239 62 30 500

921 1334 180 30 Särskilda
1124 1335 302 40 uppbördsmedel.

586 1403 245 40 Ersättningar
862 1405 54 29 för
944 1406 215 30 verkställda
1186 1407 304 39 undersökningar
1525 1433 71 3 ....
1652 1407 95 30 4000

1004 1457 150 64 Summa
1178 1477 273 40 förslagsanslag
1473 1478 132 30 kronor
1630 1478 40 29 52
1685 1477 78 34 500;

629 1563 38 33 b)
692 1563 51 30 till
763 1564 161 30 Centrala
943 1565 445 40 sjukvårdsberedningen:
1408 1566 358 30 Arbetsstudieavdel-

585 1616 85 39 ning
699 1616 54 30 för
783 1617 205 39 budgetåret
1021 1618 141 37 1951/52
1193 1619 121 30 anvisa
1342 1621 49 28 ett
1422 1619 273 41 förslagsanslag
1723 1628 42 21 av

583 1669 42 29 52
640 1669 62 30 500
725 1670 141 30 kronor.

320 1774 119 34 123:0)
469 1773 124 38 Bidrag
620 1775 54 29 till
701 1777 144 34 psykisk
875 1777 121 29 barna-
1024 1779 64 28 och
1118 1778 266 35 ungdomsvård.
1413 1779 124 39 Kungl.
1566 1779 108 40 Maj:t
1701 1780 64 29 har

278 1826 132 40 (punkt
431 1827 71 35 137,
524 1837 25 20 s.
571 1828 64 29 274
656 1829 64 29 och
739 1829 80 34 275)
846 1829 179 40 föreslagit
1044 1830 189 40 riksdagen
1253 1833 51 28 att
1324 1831 53 30 till
1399 1831 126 40 Bidrag
1543 1831 54 30 till
1616 1831 147 40 psykisk

271 1879 126 30 barna-
419 1881 64 29 och
507 1881 260 39 ungdomsvård
793 1882 55 30 för
872 1883 205 38 budgetåret
1104 1883 140 37 1951/52
1270 1884 123 30 anvisa
1417 1886 49 29 ett
1489 1884 275 39 förslagsanslag

271 1942 42 20 av
335 1933 62 29 150
412 1933 62 30 000
496 1934 141 30 kronor.

315 2030 166 40 Anslaget
505 2032 37 29 är
567 2032 10 28 i
600 2031 191 31 riksstaten
816 2033 55 29 för
895 2033 237 30 innevarande
1156 2034 169 41 budgetår
1349 2035 144 40 uppfört
1517 2036 80 29 med
1624 2034 60 31 100
1699 2035 62 30 000

270 2083 142 30 kronor.

315 2137 432 40 Statsbidragsberättigad
766 2139 224 29 verksamhet
1012 2141 38 28 är
1071 2149 147 21 numera
1239 2141 165 39 godkänd
1423 2141 96 30 inom
1541 2142 220 29 Stockholms

269 2190 65 29 och
360 2189 188 41 Göteborgs
572 2191 117 30 städer
714 2194 90 27 samt
828 2192 73 29 fem
924 2192 376 40 landstingsområden,
1327 2194 177 39 nämligen
1529 2194 232 33 Stockholms,

269 2243 165 40 Uppsala,
459 2244 221 34 Värmlands,
703 2244 200 31 Jämtlands
927 2246 64 29 och
1015 2246 264 30 Västerbottens
1304 2247 69 30 län.
1398 2247 364 40 Rådgivningsbyråer

269 2296 144 30 komma
434 2299 49 27 att
503 2297 150 30 inrättas
672 2297 96 30 inom
787 2297 185 40 Älvsborgs
992 2299 65 29 och
1077 2298 130 31 Örebro
1227 2300 59 29 län
1307 2303 92 27 samt
1418 2300 200 40 ytterligare
1638 2300 123 40 byråer

269 2349 11 29 i
305 2350 203 30 Stockholm
531 2351 66 29 och
623 2350 179 40 Göteborg.
837 2351 79 30 Med
941 2352 139 39 hänsyn
1104 2352 120 30 härtill
1249 2354 65 29 och
1337 2353 46 30 då
1408 2353 239 40 ansökningar
1673 2354 88 30 före-

269 2402 92 40 ligga
387 2413 58 20 om
472 2404 255 39 godkännande
754 2414 42 20 av
822 2404 122 40 planer
971 2404 54 30 för
1052 2405 224 31 verksamhet
1303 2407 88 30 även
1417 2407 96 30 inom
1539 2407 130 30 Malmö
1696 2406 64 30 och

268 2456 250 40 Hälsingborgs
544 2458 118 29 städer
687 2457 146 31 föreslås
859 2460 51 28 att
934 2458 156 39 anslaget
1114 2459 100 39 höjes
1238 2459 80 30 med
1342 2459 42 31 50
1398 2459 63 31 000
1485 2460 142 31 kronor.
