1836 2786
260 202 41 30 86
691 203 286 29 Statsutskottets
1000 204 177 30 utlåtande
1201 214 41 19 nr
1266 206 48 28 11.

307 280 116 34 115:0)
454 280 407 37 Skyddskoppympning.
880 284 12 27 I
911 284 151 37 enlighet
1081 285 78 28 med
1178 285 125 38 Kungl.
1322 286 124 38 Maj:ts
1465 286 129 39 förslag
1619 287 128 38 (punkt

262 333 71 34 128,
355 342 25 21 s.
402 333 97 35 264),
522 334 105 30 vilket
648 335 147 30 innebär
817 345 42 20 en
883 346 43 19 av
948 337 242 39 belastningen
1210 337 164 40 betingad
1396 339 204 39 minskning
1624 349 41 19 av
1689 350 59 19 an-

259 386 107 39 slaget
386 388 80 29 med
489 387 39 30 10
543 387 60 30 000
624 388 142 34 kronor,
787 390 202 29 hemställer
1009 391 180 33 utskottet,

610 443 51 28 att
682 442 187 39 riksdagen
890 443 59 29 må
970 443 52 30 till
1042 444 405 40 Skyddskoppympning
1469 446 54 29 för
1543 447 203 38 budgetåret

569 495 140 33 1951/52
732 496 120 29 anvisa
871 498 49 28 ett
940 497 273 39 förslagsanslag
1232 507 42 21 av
1297 498 59 30 130
1371 498 63 30 000
1457 499 139 30 kronor.

305 583 117 34 116:0)
452 582 306 38 Skyddsympning
777 587 70 27 mot
867 584 129 31 difteri.
1017 587 13 28 I
1052 587 151 38 enlighet
1224 588 79 28 med
1324 588 126 39 Kungl.
1472 588 123 39 Maj:ts
1617 589 130 38 förslag

263 635 129 40 (punkt
411 636 73 35 129,
503 646 26 21 s.
546 637 62 30 264
625 638 66 29 och
709 638 95 34 265),
821 639 107 29 vilket
946 639 146 29 innebär
1107 649 43 20 en
1167 640 347 39 anslagsminskning
1531 642 78 29 med
1630 642 38 29 10
1683 642 62 29 000

257 688 139 36 kronor,
417 690 202 30 hemställer
638 691 182 34 utskottet,

609 746 51 28 att
679 745 187 39 riksdagen
884 746 58 29 må
961 746 53 29 till
1032 746 310 40 Skyddsympning
1358 750 74 27 mot
1450 747 119 39 difteri
1587 748 55 29 för
1661 749 86 29 bud-

566 798 132 38 getåret
724 798 139 33 1951/52
883 800 123 29 anvisa
1030 802 49 28 ett
1100 799 273 41 förslagsanslag
1398 810 42 20 av
1462 801 42 29 40
1519 801 61 30 000
1604 802 141 29 kronor.

305 886 116 34 117:0)
452 885 101 31 Vissa
570 887 187 30 kostnader
774 888 55 29 för
845 888 129 30 allmän
992 889 111 29 hälso-
1122 890 64 28 och
1204 889 179 35 sjukvård.
1400 890 167 36 Lindring
1585 891 10 28 i
1613 890 134 29 mindre

258 938 198 31 bemedlade
487 941 185 34 patienters
704 942 20 28 å
755 941 237 36 landsbygden
1022 942 385 34 sjukvårdskostnader.
1440 944 13 28 I
1486 944 151 38 enlighet
1668 944 78 29 med

257 991 124 40 Kungl.
399 992 127 40 Maj:ts
544 992 131 41 förslag
699 993 216 41 (punkterna
936 994 60 30 130
1016 995 65 29 och
1102 995 72 34 131,
1194 1005 27 20 s.
1241 995 206 35 265—267),
1467 996 93 30 vilka
1578 996 167 30 innebära

257 1045 214 30 oförändrad
500 1047 328 40 medelsanvisning,
858 1048 203 30 hemställer
1088 1048 182 34 utskottet,

609 1102 51 28 att
684 1101 187 39 riksdagen
893 1102 59 29 må
976 1102 54 29 för
1051 1102 205 39 budgetåret
1281 1102 140 33 1951/52
1447 1103 115 29 såsom
1583 1103 164 39 förslags-

566 1154 121 40 anslag
710 1155 120 29 anvisa

611 1207 36 34 a)
677 1208 54 30 till
761 1208 97 30 Vissa
886 1208 190 30 kostnader
1102 1209 57 40 för
1185 1209 131 30 allmän
1343 1209 116 30 hälso-
1486 1210 63 29 och
1576 1210 171 39 sjukvård

567 1261 38 29 75
618 1261 64 30 000
705 1261 145 36 kronor;

609 1314 38 34 b)
678 1315 53 30 till
754 1315 168 40 Lindring
948 1316 11 29 i
983 1316 135 30 mindre
1143 1316 201 30 bemedlade
1369 1317 192 39 patienters
1585 1317 19 28 å
1632 1316 115 29 lands-

567 1368 134 39 bygden
726 1369 382 39 sjukvårdskostnader
1131 1370 62 30 200
1209 1370 63 30 000
1296 1370 141 29 kronor.

303 1456 116 33 118:0)
451 1456 204 31 Förbättrad
672 1457 167 35 sjukvård
856 1458 95 30 inom
967 1458 106 30 rikets
1090 1459 361 30 ödemarksområden.
1469 1461 13 28 I
1499 1461 151 39 enlighet
1666 1461 79 29 med

256 1507 125 40 Kungl.
401 1509 127 39 Maj:ts
548 1509 130 40 förslag
706 1510 130 40 (punkt
858 1511 72 34 132,
955 1521 25 20 s.
1003 1512 80 33 267)
1109 1513 66 29 och
1197 1513 111 29 under
1331 1513 152 34 erinran,
1506 1516 50 27 att
1578 1514 166 39 anslaget,

257 1570 75 21 som
348 1562 12 30 i
378 1562 192 31 riksstaten
588 1563 55 30 för
660 1564 237 30 innevarande
915 1565 170 40 budgetår
1103 1565 164 41 uppförts
1284 1566 79 30 med
1382 1568 50 28 ett
1449 1567 155 30 formellt
1621 1568 124 39 belopp

256 1624 43 21 av
323 1615 60 30 100
408 1615 142 36 kronor,
574 1617 79 30 med
677 1617 139 40 hänsyn
840 1618 51 29 till
918 1618 193 40 förefintlig
1135 1620 215 29 reservation
1376 1622 134 28 ansetts
1534 1620 131 39 jämväl
1691 1621 54 29 för

254 1669 102 30 nästa
378 1669 172 40 budgetår
576 1671 121 29 kunna
725 1674 170 37 upptagas
921 1672 80 29 med
1027 1672 147 31 allenast
1200 1673 154 30 formellt
1379 1673 136 40 belopp,
1542 1674 202 30 hemställer

255 1722 180 35 utskottet,

607 1780 51 27 att
689 1778 186 40 riksdagen
905 1780 58 29 må
992 1780 53 29 till
1073 1780 210 30 Förbättrad
1310 1780 173 39 sjukvård
1512 1781 92 29 inom
1636 1781 108 29 rikets

565 1831 355 31 ödemarksområden
946 1833 55 30 för
1024 1833 204 39 budgetåret
1254 1834 140 33 1951/52
1420 1834 120 30 anvisa
1565 1836 48 28 ett
1637 1843 109 20 reser-

563 1885 260 39 vationsanslag
843 1895 42 20 av
909 1886 61 30 100
990 1887 140 29 kronor.

301 1973 117 33 119:0)
449 1972 303 37 Sjuktransporter
767 1975 76 29 med
859 1974 168 35 flygplan.
1044 1976 125 39 Kungl.
1187 1976 106 39 Maj:t
1310 1977 64 30 har
1396 1977 131 40 (punkt
1547 1978 70 34 133,
1636 1988 25 20 s.
1680 1978 63 30 268

253 2025 66 30 och
335 2025 80 35 269)
440 2026 179 40 föreslagit
639 2027 188 39 riksdagen
844 2030 51 28 att
913 2028 54 30 till
986 2029 308 40 Sjuktransporter
1311 2030 80 29 med
1410 2030 158 40 flygplan
1585 2031 56 29 för
1659 2032 85 29 bud-

252 2078 131 39 getåret
406 2079 142 33 1951/52
569 2080 121 30 anvisa
712 2083 50 28 ett
783 2081 273 40 förslagsanslag
1078 2092 42 20 av
1140 2083 41 29 50
1196 2082 63 31 000
1281 2083 141 30 kronor.

298 2168 165 40 Anslaget
490 2170 38 28 är
554 2170 10 28 i
590 2170 192 30 riksstaten
807 2170 53 30 för
887 2171 236 31 innevarande
1150 2172 169 39 budgetår
1346 2173 146 39 uppfört
1518 2174 79 29 med
1624 2174 40 29 85
1680 2174 62 30 000

252 2221 140 30 kronor.

297 2275 92 30 Från
411 2276 97 30 detta
531 2277 119 39 anslag
673 2278 121 38 gäldas
816 2278 191 30 kostnader
1031 2278 54 30 för
1108 2279 186 30 underhåll
1320 2280 64 29 och
1408 2280 88 30 drift
1520 2290 41 20 av
1585 2280 157 40 flygplan

252 2328 56 32 för
337 2329 102 30 civila
469 2329 303 41 sjuktransporter
801 2331 80 30 från
911 2332 146 34 Frösön,
1087 2333 243 30 Boden-Luleå
1359 2334 65 28 och
1454 2333 189 40 Hägernäs.
1674 2334 68 29 För

252 2381 204 41 flygplanen
480 2383 46 40 på
550 2384 134 29 Frösön
711 2385 66 29 och
803 2384 11 30 i
839 2385 243 30 Boden-Luleå
1107 2386 173 30 bestridas
1306 2387 220 29 underhålls-
1551 2387 64 29 och
1641 2387 101 29 drift-

251 2435 239 31 kostnaderna
512 2437 11 29 i
546 2437 53 30 sin
620 2437 120 30 helhet
763 2438 79 30 från
865 2438 167 40 anslaget.
1055 2439 68 30 För
1143 2439 59 30 det
1222 2439 59 30 vid
1303 2439 181 40 Hägernäs
1509 2440 232 30 stationerade

250 2488 194 40 flygplanet
467 2490 98 30 skola
587 2490 108 40 enligt
718 2492 339 30 överenskommelse
1080 2492 325 31 driftkostnaderna
1428 2493 172 30 bestridas
1624 2503 42 20 av
1687 2503 55 20 ve-

251 2541 216 32 derbörande
487 2542 176 41 landsting
681 2544 84 30 eller
783 2554 42 21 av
843 2545 161 30 enskilda
1022 2546 11 29 i
1053 2545 92 30 form
1165 2555 42 21 av
1225 2546 147 39 avgifter
1392 2546 55 30 för
1466 2547 136 39 planets
1620 2547 121 39 begag-
