1864 2790
533 174 286 29 Statsutskottets
842 172 179 29 utlåtande
1043 181 41 19 nr
1109 172 50 28 11.
1573 168 19 29 3

99 256 41 28 Ce
156 254 52 30 23.
229 255 124 29 Vidare
377 254 171 34 förordas,
568 256 51 27 att
640 253 188 39 styrelsens
849 251 346 40 socialpsykiatriska
1215 250 131 30 nämnd
1366 250 127 29 utökas
1513 248 78 30 med

98 309 57 29 två
176 309 190 29 ledamöter
388 309 165 28 ävensom
576 310 50 27 att
649 307 189 39 styrelsens
859 305 261 40 vetenskapliga
1142 304 63 29 råd
1227 303 194 30 förstärkes
1443 303 78 29 med
1540 304 53 37 yt-

99 362 161 39 terligare
283 372 42 19 en
344 362 216 29 företrädare
581 361 54 30 för
655 360 385 40 vetenskapsgrenarna
1060 357 208 39 arvsbiologi
1288 357 65 29 och
1374 356 218 39 arvshygien,

99 417 118 28 vilken
244 416 160 29 förordas
431 415 97 30 skola
554 415 132 29 erhålla
712 416 49 28 ett
787 414 70 29 fast
882 413 127 30 arvode
1035 422 41 20 av
1103 411 96 30 2400
1227 411 141 29 kronor.

144 469 126 39 Kungl.
293 469 106 39 Maj:t
420 469 64 29 har
507 469 171 29 förklarat
701 468 124 29 hinder
848 467 76 30 icke
946 468 95 28 möta
1063 466 54 30 för
1141 465 171 39 styrelsen
1334 466 50 28 att
1406 464 185 39 disponera

98 524 103 38 högst
217 523 19 29 4
251 523 62 29 344
329 524 131 28 kronor
477 523 54 29 för
547 522 223 30 bestridande
789 531 41 20 av
845 521 238 29 kostnaderna
1098 519 112 30 under
1227 518 206 40 budgetåret
1451 517 138 33 1950/51

100 577 56 30 för
177 577 135 30 biträde
334 577 58 29 vid
415 576 261 39 handläggning
699 585 41 20 av
764 575 153 30 ärenden
941 573 147 31 rörande
1111 573 54 30 till
1188 572 136 40 Sverige
1346 572 170 29 inkomna
1539 572 53 28 ut-

99 630 149 30 ländska
269 631 128 29 läkare.
418 631 110 29 Dessa
548 630 191 29 kostnader
758 647 44 2 —
821 628 201 29 avrundade
1041 627 53 30 till
1114 626 20 30 4
1149 626 62 30 300
1231 626 131 29 kronor
1382 643 45 3 —
1445 624 147 30 föreslås

99 684 55 30 för
176 685 102 29 nästa
302 684 171 39 budgetår
496 683 96 30 skola
615 683 134 29 belasta
772 681 228 31 förevarande
1024 680 131 39 anslag.

144 738 75 29 Vad
246 738 108 39 angår
380 737 294 39 löneregleringar
701 736 56 30 för
782 735 162 41 personal
972 735 63 29 hos
1062 734 171 39 styrelsen
1260 732 147 30 föreslås
1435 731 156 39 följande

99 791 258 40 förändringar.
383 791 229 40 Inspektören
636 790 55 30 för
716 789 305 31 sinnesslövården
1043 788 157 40 placeras
1223 787 12 29 i
1258 786 47 40 Cp
1333 786 49 30 10.
1408 786 53 29 En
1484 785 108 30 förste

99 845 399 40 byråsekreterartjänst
523 845 11 29 i
560 844 43 30 Ce
629 844 41 30 29
697 844 65 29 och
788 853 43 20 en
856 842 196 39 befattning
1079 841 116 30 såsom
1223 840 206 30 biträdande
1454 838 139 40 byråin-

100 899 142 39 spektör
263 899 11 29 i
295 899 42 30 Ce
359 899 41 29 23
422 898 299 29 ordinariesättas.
743 898 52 28 En
816 896 112 40 tjänst
950 896 114 29 såsom
1085 894 234 31 barnmorska
1339 894 12 29 i
1374 893 46 39 Cg
1443 893 39 29 21
1507 901 86 31 upp-

99 953 94 29 föres
218 952 115 30 såsom
355 954 98 28 extra
477 951 174 30 ordinarie
674 952 11 28 i
711 960 134 20 samma
866 949 176 40 lönegrad.
1067 949 75 29 Den
1164 947 202 30 nuvarande
1390 946 204 30 arvodesbe-

99 1006 199 39 fattningen
321 1006 54 29 för
397 1005 235 30 konsulenten
654 1004 55 30 för
732 1003 313 40 råttbekämpande
1067 1002 129 30 ändras
1219 1001 53 30 till
1296 1003 97 28 extra
1418 999 174 30 ordinarie

99 1060 112 39 tjänst
234 1060 11 29 i
268 1060 42 29 Ce
332 1060 52 29 21.

143 1114 50 29 De
214 1113 146 30 sålunda
380 1112 196 39 framlagda
595 1112 178 39 förslagen
793 1111 141 40 påkalla
952 1120 43 20 en
1016 1110 131 38 ökning
1167 1118 42 21 av
1228 1107 364 39 medelsanvisningen

99 1167 80 29 med
206 1167 39 29 10
260 1167 61 30 800
346 1167 132 28 kronor
503 1166 52 30 till
580 1175 43 20 en
648 1166 166 29 assistent
835 1165 45 39 på
905 1164 230 38 avdelningen
1158 1162 55 30 för
1237 1160 355 40 sinnessjukvårdens

99 1221 231 29 ekonomiska
360 1220 224 39 förvaltning,
615 1219 95 30 5400
741 1219 130 29 kronor
901 1218 56 30 för
987 1216 241 39 förstärkning
1258 1225 42 20 av
1330 1214 263 41 socialpsykiat-

99 1275 96 29 riska
217 1274 188 34 nämnden,
428 1273 20 30 4
462 1273 63 30 300
548 1273 131 29 kronor
702 1273 55 29 för
780 1271 215 30 arbetskraft
1015 1271 54 30 för
1093 1270 261 39 handläggning
1375 1278 43 20 av
1440 1268 152 30 ärenden

99 1328 150 30 rörande
281 1328 191 29 utländska
502 1327 117 29 läkare
652 1328 91 28 samt
776 1325 95 30 2400
901 1326 131 28 kronor
1065 1324 54 30 för
1153 1323 218 39 utökningen
1404 1331 42 21 av
1477 1323 116 28 veten-

101 1382 158 39 skapliga
292 1381 108 30 rådet.
434 1381 78 29 Med
545 1381 138 38 hänsyn
716 1380 53 29 till
802 1379 242 38 belastningen
1076 1378 20 29 å
1129 1377 223 40 delposterna
1384 1376 53 29 till
1471 1376 122 29 ersätt-

101 1436 125 38 ningar
250 1435 64 29 och
340 1434 154 30 arvoden
518 1434 34 29 åt
578 1433 240 30 ledamöterna
842 1433 12 28 i
879 1433 104 29 rätts-
1008 1431 64 30 och
1098 1429 347 41 socialpsykiatriska
1471 1430 122 28 nämn-

100 1489 108 29 derna
230 1498 45 19 m.
298 1498 45 19 m.
366 1490 92 27 samt
477 1488 52 29 till
551 1487 235 38 ersättningar
805 1486 65 29 och
891 1485 152 30 arvoden
1062 1484 36 30 åt
1118 1484 278 29 medlemmarna
1416 1492 42 20 av
1477 1484 116 27 veten-

102 1542 159 40 skapliga
278 1542 98 29 rådet
394 1541 148 30 föreslås
559 1541 102 29 dessa
680 1541 118 39 poster
816 1539 98 30 skola
931 1538 204 41 uppräknas
1152 1537 80 30 med
1254 1536 38 30 12
1305 1536 63 30 600
1387 1545 90 31 resp.
1497 1535 19 29 3
1530 1534 62 31 600

98 1596 142 29 kronor.
264 1595 125 30 Härtill
414 1595 143 29 komma
579 1593 237 30 automatiska
841 1591 321 41 utgiftsstegringar
1183 1591 80 29 med
1285 1590 11 29 i
1319 1592 83 27 runt
1425 1589 47 30 tal
1496 1590 17 29 5
1529 1588 62 30 200

99 1649 132 29 kronor
256 1649 54 30 för
334 1648 282 40 uppflyttningar
642 1648 10 28 i
677 1647 156 39 reglerad
859 1645 313 39 befordringsgång
1200 1646 90 28 samt
1319 1643 116 30 12200
1462 1643 130 29 kronor

103 1703 55 29 för
180 1702 471 40 löneklassuppflyttningar.
675 1701 178 38 Förslaget
875 1702 51 28 att
946 1699 235 30 konsulenten
1204 1698 54 29 för
1279 1697 313 39 råttbekämpande

104 1756 88 29 skall
221 1756 178 29 överföras
425 1755 52 30 till
507 1757 96 28 extra
631 1754 175 30 ordinarie
834 1755 69 28 stat
931 1753 157 29 minskar
1117 1752 279 29 medelsbehovet
1423 1751 79 29 med
1529 1750 63 30 300

99 1810 143 29 kronor.

144 1862 436 38 Personalförteckningen
602 1861 149 29 föreslås
774 1860 134 30 ändrad
928 1859 45 41 på
995 1859 57 29 det
1074 1860 79 32 sätt,
1176 1860 50 28 att
1248 1868 43 20 en
1314 1867 46 30 ny
1382 1858 112 38 tjänst
1518 1866 74 20 som

99 1916 182 39 inspektör
303 1916 54 29 för
378 1915 305 29 sinnesslövården
704 1914 11 29 i
736 1914 47 39 Cp
800 1914 48 33 10,
870 1923 43 20 en
933 1913 111 38 tjänst
1065 1921 75 20 som
1161 1911 109 30 förste
1290 1911 301 39 byråsekreterare

101 1970 9 28 i
129 1970 45 29 Ca
190 1969 41 30 29
251 1969 62 29 och
332 1978 42 20 en
392 1969 112 38 tjänst
523 1977 73 20 som
614 1967 207 30 biträdande
838 1966 268 39 byråinspektör
1124 1966 11 28 i
1154 1965 45 29 Ca
1214 1965 39 29 23
1273 1966 171 38 upptagas
1462 1964 44 39 på
1524 1964 68 29 för-

100 2023 210 38 teckningen
330 2024 90 27 samt
439 2031 42 20 en
499 2022 111 38 tjänst
630 2030 75 20 som
724 2021 180 39 inspektör
923 2020 55 29 för
998 2018 303 31 sinnesslövården
1321 2018 9 29 i
1350 2018 42 29 Cr
1409 2018 37 28 10
1467 2018 62 28 och
1549 2026 41 20 en

103 2077 111 37 tjänst
238 2086 72 19 som
333 2076 108 29 förste
463 2075 302 39 byråsekreterare
787 2075 9 28 i
819 2074 42 29 Ce
877 2074 40 28 29
941 2073 180 29 uteslutas.

145 2183 12 27 I
184 2182 169 29 samband
377 2182 78 29 med
481 2181 123 37 Kungl.
630 2181 124 38 Maj:ts
779 2180 227 29 förevarande
1032 2179 129 38 förslag
1184 2179 63 28 har
1271 2178 170 29 utskottet
1466 2178 47 28 till
1537 2178 56 28 be-

102 2236 168 36 handling
298 2235 154 29 förehaft
479 2235 56 28 två
562 2234 223 38 likalydande
814 2233 181 32 motioner,
1022 2232 123 28 väckta
1173 2232 67 28 den
1267 2241 64 19 ena
1359 2231 93 28 inom
1483 2231 109 28 första

100 2289 206 28 kammaren
325 2297 41 19 av
382 2288 82 28 herr
479 2286 273 29 Mannerskantz
774 2286 44 32 (1:
836 2285 80 33 266)
941 2287 90 27 samt
1047 2285 66 28 den
1131 2285 109 28 andra
1257 2284 95 28 inom
1370 2284 107 28 andra
1496 2284 97 28 kam-

105 2351 118 19 maren
242 2351 41 19 av
301 2342 120 28 herrar
439 2341 152 28 Dickson
610 2340 62 28 och
692 2339 162 29 Edström
880 2339 61 32 (II:
959 2339 94 32 256),
1072 2339 9 27 i
1099 2338 93 28 vilka
1211 2337 206 30 hemställts,
1438 2339 47 26 att
1508 2337 85 28 riks-

101 2395 111 37 dagen
232 2395 8 28 i
262 2394 165 28 skrivelse
447 2393 49 29 till
518 2393 128 43 Kungl.
662 2392 106 38 Maj:t
787 2392 107 29 måtte
913 2391 150 33 anhålla,
1083 2393 49 26 att
1152 2390 125 38 Kungl.
1296 2390 104 38 Maj:t
1422 2390 78 28 ville
1520 2389 72 29 dels

102 2448 179 39 uppdraga
304 2448 33 28 åt
361 2449 133 26 statens
516 2445 390 38 organisationsnämnd
930 2446 49 27 att
1002 2444 120 29 utreda
1146 2444 120 37 frågan
1292 2453 54 19 om
1372 2453 40 19 en
1437 2451 155 29 omorga-

102 2502 150 28 nisation
278 2511 41 19 av
344 2499 358 39 medicinalstyrelsen
728 2499 61 28 och
816 2498 72 29 dels
913 2499 8 28 i
947 2498 164 29 samband
1141 2498 76 28 med
1241 2497 40 28 de
1306 2497 187 36 ändringar
1518 2506 73 18 som
