2180 2628
216 555 125 22 Utskottet

212 1525 142 32 Angående

192 1560 142 25 understöd
353 1559 27 23 åt

209 1596 117 24 recisorn
345 1595 23 23 J.

209 1632 158 29 Myhrmans

246 1666 77 23 änka.

448 157 41 29 44
893 161 272 32 Bankoutskottets
1188 163 165 32 utlåtande
1376 166 52 30 Nr
1450 168 52 30 55.

404 234 157 40 stadgade
585 236 141 41 avgifter
748 236 155 32 förvärva
926 238 221 41 pensionsrätt
1169 240 52 32 för
1244 241 50 31 sin
1316 241 125 34 hustru.
1470 243 61 32 Att
1547 244 106 31 änkan
1669 244 157 43 Carlborg
1840 249 42 40 på
1897 248 105 40 grund

404 288 41 21 av
467 289 156 21 mannens
647 279 244 33 uraktlåtenhet
914 283 50 30 att
987 282 147 40 begagna
1155 283 51 41 sig
1221 284 105 32 härav
1341 286 72 32 icke
1430 286 95 32 blivit
1539 287 348 43 pensionsberättigad,
1906 303 98 30 synes

404 322 72 31 icke
508 324 117 38 utgöra
657 324 48 30 ett
738 323 195 42 tillräckligt
968 326 140 32 bärande
1131 327 73 31 stöd
1227 328 52 31 för
1302 330 186 41 anspråket,
1514 332 50 30 att
1587 333 107 30 staten
1716 332 62 31 här
1802 334 84 31 skall
1908 336 97 31 träda

404 365 173 40 hjälpande
601 366 166 33 emellan.»

537 451 281 40 Statskontoret
846 455 67 36 har
941 456 57 35 för
1027 470 96 34 egen
1138 459 59 36 del
1213 460 180 49 åberopat
1403 462 397 48 järnvägsstyrelsens
1816 466 189 47 yttrande.

534 556 84 36 Med
660 557 148 49 hänsyn
851 559 55 36 till
948 560 46 35 de
1035 561 150 36 särskilt
1228 563 198 36 ömmande
1459 565 337 48 omständigheter,
1827 580 79 23 som
1935 568 69 36 här

400 608 203 48 föreligga,
633 609 70 36 och
730 610 63 36 vid
823 610 61 37 det
912 611 235 38 förhållande
1175 618 66 42 att,
1271 614 116 36 ehuru
1418 616 123 35 änkan
1573 615 185 51 Carlborg
1779 619 224 48 visserligen

404 659 82 37 icke
530 661 352 49 reglementsenligt
923 668 41 30 är
1005 663 214 50 berättigad
1260 666 58 35 till
1350 669 130 45 någon
1508 668 169 48 pension,
1702 683 168 24 mannen
1899 670 105 37 Carl-

405 711 96 48 borg
527 712 116 36 likväl
673 712 118 37 under
819 726 45 23 en
894 714 92 49 följd
1015 729 46 22 av
1090 718 39 33 år
1157 717 123 49 erlagt
1309 718 164 48 avgifter
1514 719 56 36 till
1609 726 141 31 statens
1775 722 230 49 järnvägars

405 763 112 35 änke-
547 763 70 36 och
645 764 246 49 pupillkassa,
921 779 111 23 anser
1059 768 59 47 sig
1145 768 182 37 utskottet
1369 770 89 36 böra
1499 770 197 49 tillstyrka,
1727 778 57 31 att
1813 780 53 30 ett
1894 775 112 47 årligt

405 814 204 37 understöd
639 829 46 22 av
714 818 219 36 statsmedel
971 818 159 37 tilldelas
1167 821 126 35 änkan
1325 820 202 51 Carlborg;
1567 823 69 36 och
1660 837 112 35 synes
1798 824 207 37 detsamma

406 866 173 45 skäligen
620 866 90 37 böra
744 868 227 38 bestämmas
1000 870 55 36 till
1085 872 72 35 300
1186 872 142 36 kronor
1355 879 56 29 att
1437 877 94 45 utgå
1559 874 81 36 från
1668 875 70 36 och
1767 876 86 36 med
1883 876 71 37 den
1985 879 17 33 1

403 918 150 47 Januari
585 920 95 34 1918
711 920 69 35 och
811 921 149 36 anvisas
989 924 21 34 å
1038 923 175 49 anslaget
1241 919 58 40 till
1328 924 191 37 allmänna
1547 926 392 49 indragningsstaten.

536 969 191 38 Utskottet
756 971 226 49 hemställer,

936 1065 53 31 att
1016 1061 219 49 riksdagen,
1265 1062 12 36 i
1306 1062 206 49 anledning
1532 1077 46 22 av
1599 1065 249 37 förevarande
1863 1067 142 35 motion

807 1110 47 36 II:
885 1113 74 45 197,
1006 1115 60 33 må
1111 1113 189 49 medgiva,
1344 1119 53 31 att
1438 1115 405 50 stationsinspektoren
1880 1118 126 36 Johan

806 1162 130 37 Alfred
966 1162 205 51 Carlborgs
1200 1165 99 36 änka
1327 1165 112 36 Hilda
1469 1165 196 38 Charlotta
1697 1168 172 37 Kristina
1899 1169 105 37 Carl-

808 1213 107 49 borg,
944 1214 87 36 född
1061 1216 229 44 Pettersson,
1320 1219 60 33 må
1407 1217 121 36 under
1556 1219 57 35 sin
1651 1221 237 35 återstående
1917 1222 88 35 livs-

807 1266 67 47 tid,
904 1269 40 33 så
971 1267 113 48 länge
1114 1268 72 35 hon
1216 1268 180 36 förbliver
1423 1269 12 35 i
1464 1270 67 35 sitt
1545 1271 219 36 nuvarande
1781 1272 227 45 änkestånd,

809 1321 21 33 å
858 1318 188 36 allmänna
1074 1319 378 50 indragningsstaten
1482 1322 144 48 åtnjuta
1655 1328 53 30 ett
1736 1323 114 49 årligt
1869 1324 136 36 under-

809 1370 83 35 stöd
918 1383 45 23 av
991 1371 206 36 trehundra
1225 1372 152 48 kronor,
1406 1377 54 31 att
1488 1376 92 45 utgå
1607 1374 83 36 från
1719 1375 72 35 och
1819 1376 85 35 med
1933 1376 72 35 den

812 1423 17 34 1
856 1421 150 48 januari
1037 1424 108 34 1918.

541 1524 96 48 17:o0)
678 1525 16 35 I
736 1537 46 23 en
810 1525 101 35 inom
945 1524 117 37 andra
1090 1526 219 37 kammaren
1338 1540 46 23 av
1411 1529 88 35 herr
1527 1530 200 36 Pettersson
1755 1530 13 35 i
1798 1529 211 50 Södertälje

409 1576 111 35 väckt
547 1576 155 45 motion,
732 1589 45 22 nr
807 1578 84 45 194,
920 1576 69 36 har
1018 1577 141 36 anförts
1188 1578 188 48 följande:

542 1644 131 32 »Justus
696 1643 183 42 Myhrman,
915 1644 76 32 född
1017 1646 92 36 1822,
1133 1645 103 33 erhöll
1260 1647 36 30 år
1322 1648 94 31 1855.
1429 1639 205 56 anställning
1654 1639 58 56 som
1736 1649 192 32 bokhållare
1951 1649 55 32 vid

409 1689 125 30 statens
569 1687 357 41 järnvägsbyggnader,
965 1699 69 20 som
1074 1688 201 33 sistnämnda
1310 1691 36 31 år
1368 1691 204 41 påbörjades.
1618 1692 47 31 År
1691 1693 83 31 1873
1798 1693 208 32 befordrades

408 1731 173 40 Myhrman
604 1731 50 32 till
676 1731 126 32 revisor
825 1731 54 32 vid
901 1732 269 40 trafikstyrelsen.
1217 1733 59 31 Tio
1311 1734 36 31 år
1384 1735 144 32 därefter
1551 1736 101 32 erhöll
1673 1735 66 33 han
1763 1736 179 32 emellertid
1965 1738 44 40 på

408 1785 82 29 egen
527 1775 142 39 begäran
707 1775 123 32 avsked
865 1776 72 31 från
961 1775 201 32 sistnämnda
1184 1776 186 42 befattning
1392 1778 51 32 för
1467 1781 51 30 att
1541 1784 83 35 ägna
1647 1779 50 40 sig
1721 1781 35 30 åt
1795 1780 146 32 skötseln
1965 1791 42 21 av

408 1818 50 31 sin
480 1818 223 40 fädernegård.
751 1819 105 31 Sedan
878 1819 65 31 han
966 1819 143 32 därefter
1130 1821 87 31 måst
1241 1822 95 31 avstå
1359 1821 103 33 denna
1483 1823 103 40 jämte
1610 1822 69 32 sina
1703 1823 115 40 övriga
1830 1823 176 41 tillgångar

407 1861 51 32 till
481 1861 154 39 konkurs,
659 1862 105 31 vände
787 1862 67 31 han
876 1862 51 40 sig
949 1863 37 31 år
1007 1864 83 30 1880
1114 1864 84 40 ånyo
1221 1863 52 32 till
1295 1864 111 40 kungl.
1428 1866 321 40 järnvägsstyrelsen
1765 1866 74 32 med
1855 1867 151 32 anhållan

408 1916 52 20 om
499 1905 110 32 arbete
647 1907 86 30 samt
771 1905 104 32 erhöll
908 1905 10 32 i
941 1906 173 41 anledning
1136 1907 102 31 därav
1260 1907 188 34 hemarbete
1470 1909 75 32 med
1567 1909 344 42 godsspecifikationer
1933 1911 73 31 från

408 1948 186 32 statistiska
616 1949 153 31 kontoret
792 1951 69 30 mot
885 1960 39 21 en
946 1950 159 39 månatlig
1128 1950 154 41 avlöning
1310 1962 42 21 av
1376 1952 151 41 omkring
1553 1954 60 31 100
1636 1953 129 32 kronor.
1813 1954 113 32 Denna
1949 1965 56 21 av-

407 1992 112 40 löning
541 1992 112 41 höjdes
677 1992 185 32 sedermera
885 1992 50 32 till
961 1995 60 30 150
1046 1993 60 32 och
1129 1994 145 32 därefter
1296 1994 50 32 till
1374 1997 60 30 160
1457 1996 121 32 kronor
1601 1998 85 30 samt
1710 1997 115 40 utgick
1850 1997 72 32 från
1946 1998 61 32 och

408 2036 73 31 med
504 2037 37 30 år
567 2037 80 30 1906
670 2036 52 32 till
744 2036 191 41 Myhrmans
959 2037 62 32 död
1044 2037 61 32 den
1131 2038 39 31 13
1193 2038 170 33 december
1389 2040 82 31 1908
1495 2040 74 31 med
1592 2041 62 31 200
1677 2040 122 42 kronor
1815 2041 10 31 i
1838 2041 166 32 månaden.

408 2079 173 40 Myhrman
618 2079 234 33 efterlämnade
889 2080 55 31 vid
981 2080 50 31 sin
1065 2081 62 31 död
1150 2081 85 32 änka
1260 2082 60 32 och
1344 2093 40 21 en
1407 2083 154 41 omyndig
1584 2084 115 31 dotter.
1746 2084 119 32 Änkan
1889 2084 117 32 Emilia

410 2122 109 42 (Lilly)
544 2122 196 33 Vilhelmina
762 2123 183 41 Myhrman,
969 2124 77 32 född
1069 2124 105 38 Vifén,
1199 2129 38 27 är
1259 2125 77 32 född
1358 2127 61 31 den
1443 2128 19 30 6
1486 2127 142 32 februari
1654 2128 82 31 1863
1761 2130 86 29 samt
1862 2128 80 32 lider
1966 2139 40 20 av

408 2166 267 40 lungtuberkulos
699 2167 60 32 och
783 2167 62 32 har
867 2167 11 31 i
901 2167 79 41 följd
1004 2168 101 31 därav
1127 2168 132 32 nedsatt
1282 2170 269 41 arbetsförmåga.

540 2210 113 32 Såsom
676 2221 43 21 av
741 2211 219 32 ovanstående
984 2212 204 40 redogörelse
1211 2212 155 41 framgår,
1390 2213 84 33 hade
1508 2214 113 32 Justus
1647 2214 175 41 Myhrman
1845 2215 129 32 arbetat
1995 2215 11 31 i

410 2254 125 31 statens
556 2254 194 40 järnvägars
773 2254 104 41 tjänst
900 2255 100 32 under
1022 2255 30 41 ej
1077 2255 122 32 mindre
1223 2260 42 27 än
1288 2258 41 30 46
1353 2258 45 31 år.
1446 2257 124 33 Oaktat
1591 2257 64 33 han
1676 2258 136 32 sålunda
1829 2259 95 32 offrat
1936 2259 70 32 sina
