2251 2592
450 142 20 30 4
906 142 238 41 Lagutskottets
1175 140 170 33 Utlåtande
1370 141 64 32 N:o
1458 144 51 30 59.

407 220 212 57 lämpligen
647 220 94 37 böra
768 220 119 37 blifva
916 221 180 48 gällande
1126 220 200 48 samtidigt
1354 219 87 37 med
1469 220 295 48 ifrågavarande
1788 220 77 48 lag,
1887 219 140 38 tillater

407 285 62 35 sig
510 273 188 36 utskottet
738 271 155 48 föreslå,
916 250 77 58 att
1033 271 233 49 tidpunkten
1303 271 146 48 jänväl
1491 250 78 58 för
1592 271 111 36 dessa
1735 271 292 49 förordningars

408 323 185 38 trädande
621 325 13 35 i
663 325 248 47 tillämpning
939 329 120 31 sättes
1089 323 60 36 till
1177 323 74 36 den
1284 324 44 35 13
1358 323 206 36 november
1592 323 260 36 innevarande
1883 326 51 33 år.

539 376 294 48 Förordningen
863 376 201 48 angående
1093 374 403 49 skogsvårdsstyrelse
1525 375 102 36 inom
1648 373 207 38 Gottlands
1875 375 63 36 län
1957 375 70 36 bör

408 425 172 57 däremot
608 406 185 70 gifvetvis
821 405 118 58 redan
968 426 80 37 före
1077 426 168 36 nämnda
1274 426 77 48 dag
1382 440 88 22 vara
1497 426 181 49 gällande
1704 426 61 36 för
1785 431 55 31 att
1861 427 71 35 den
1952 440 75 35 nya

406 479 296 49 lagstiftningen
733 478 164 37 rörande
927 478 264 48 skogsvården
1218 478 105 36 inom
1362 479 101 35 länet
1492 478 96 36 skall
1616 479 12 34 i
1657 478 119 48 öfrigt
1805 478 130 36 kunna
1962 478 65 37 vid

408 531 185 48 angifven
635 530 182 49 tidpunkt
858 530 110 36 träda
997 531 11 35 i
1037 530 307 47 verkställighet.
1399 529 200 37 Utskottet
1641 530 69 35 har
1745 529 128 37 därför
1901 530 126 36 funnit

408 560 238 59 sistnämnda
676 582 230 48 förordning
933 582 209 48 lämpligen
1173 559 93 58 böra
1294 581 110 36 träda
1432 581 12 35 i
1473 581 103 36 kraft
1605 581 70 36 den
1700 584 18 32 1
1742 581 154 47 augusti
1914 582 110 35 1908.

538 634 54 36 På
619 634 128 47 grund
777 634 41 35 af
841 633 102 36 hvad
971 633 164 36 sålunda
1163 633 159 47 anförts,
1353 633 58 36 får
1439 633 188 36 utskottet
1656 610 212 69 hemställa,

950 736 34 43 1)
1019 742 56 30 att
1102 736 235 57 Riksdagen,
1368 736 85 36 med
1481 735 456 48 tillkännagifvande
1874 731 71 66 att
1966 736 63 37 det

816 790 40 34 at
880 780 144 56 Kungl.
1055 788 109 48 Maj:t
1192 788 9 36 i
1228 787 286 49 propositionen
1538 800 62 23 n:o
1623 765 73 59 158
1718 788 214 48 framlagda
1951 788 77 36 för-

816 841 86 48 slag
930 818 66 58 till
1015 841 66 46 lag
1109 839 202 49 angående
1340 839 94 37 vård
1463 840 41 35 af
1530 839 193 37 enskildes
1752 817 144 70 skogar
1923 840 104 36 inom

817 891 204 37 Gottlands
1049 870 64 57 län
1141 869 84 58 icke
1253 891 149 36 kunnat
1430 891 9 35 i
1462 890 249 37 oförändradt
1729 868 118 59 skick
1861 891 41 35 at
1917 890 111 37 Riks-

813 944 124 46 dagen
979 943 239 48 godkännas,
1262 946 116 33 måtte
1414 943 60 35 för
1516 942 58 36 sim
1604 942 59 36 del
1693 950 139 39 antaga
1859 942 169 48 följande

611 1150 127 36 (Kungl.
763 1150 106 35 Majs
893 1150 137 36 förslag.)
1468 1149 167 31 (Utskottets
1658 1148 134 36 förslag)

1180 1305 84 48 Lag

628 1408 181 47 angående
837 1408 92 35 vård
958 1408 44 46 af
1028 1409 176 35 enskildes
1231 1409 130 46 skogar
1390 1410 95 34 inom
1518 1409 189 35 Gottlands
1736 1409 71 35 län.

541 1564 88 35 Med
657 1563 277 47 upphäfvande
963 1563 42 35 af
1028 1564 116 45 lagen
1173 1564 73 34 den
1278 1565 45 32 30
1353 1575 103 22 mars
1487 1565 99 32 1894
1615 1563 200 46 angående
1846 1563 184 45 åtgärder

407 1615 63 35 till
497 1615 322 36 förekommande
850 1615 41 35 af
916 1615 308 46 skogsförödelse
1252 1615 107 34 inom
1388 1614 206 35 Gottlands
1623 1616 66 35 län
1716 1614 205 35 förordnas
1940 1614 89 35 här-

408 1667 157 46 igenom
594 1679 83 22 som
704 1666 127 46 följer:

1179 1788 10 31 1
1228 1784 29 47 8.

415 1909 4 7 .
540 1865 32 43 Å
601 1873 242 46 skogsmark,
884 1872 177 46 tillhörig
1104 1872 185 44 enskilde,
1320 1877 62 30 må
1413 1870 232 47 afverkning
1671 1870 61 35 för
1762 1873 121 32 annat
1912 1870 117 35 ända-

408 1926 79 37 mål
529 1932 50 29 än
620 1926 129 35 nedan
776 1924 14 35 i
818 1925 127 34 denna
973 1923 19 46 $
1020 1929 87 40 sägs
1150 1928 73 41 äga
1256 1935 87 23 rum
1372 1923 166 35 allenast
1564 1923 89 34 med
1681 1922 181 36 tillstånd
1891 1920 41 36 af
1956 1921 74 35 den

408 1977 409 46 skogsvårdsstyrelse,
861 1988 91 27 som.
985 1975 101 37 skall
1127 1975 123 34 finnas
1284 1975 106 35 inom
1417 1975 119 35 länet.
1592 1975 57 34 Då
1677 1974 180 37 tillstånd
1884 1972 63 36 till
1974 1972 55 36 af-

408 2029 195 46 verkning
644 2028 208 45 meddelas,
896 2033 94 41 äger
1034 2026 189 46 styrelsen
1263 2025 232 38 föreskrifva
1538 2026 44 35 de
1625 2026 196 46 åtgärder,
1860 2036 82 24 som
1968 2024 63 37 för

408 2082 252 35 återväxtens
679 2080 270 47 betryggande
968 2078 157 48 pröfvas
1144 2078 266 46 erforderliga.
1453 2077 175 64 Skogsäg
1630 2090 93 23 aren
1743 2082 45 30 är
1807 2075 224 47 berättigad

408 2134 61 33 att
512 2132 149 36 erhålla
703 2132 180 36 tillstånd
925 2131 62 39 till
1029 2129 235 47 afverkning
1304 2132 52 44 på
1397 2142 47 23 en
1481 2132 105 44 gång
1614 2130 13 34 1
1656 2132 41 32 så
1725 2131 82 32 stor
1834 2127 195 36 utsträck-

407 2183 108 46 ning,
560 2196 92 32 som,
697 2185 88 34 med
826 2184 150 45 hänsyn
1016 2185 117 44 tagen
1157 2181 148 45 jämväl
1333 2181 62 36 till
1423 2157 164 70 FE
1615 2179 186 36 framtida
1828 2178 129 36 behof.
1988 2185 43 30 är
