2254 2644
759 194 250 33 Statsutskottets
1038 195 169 32 Utlåtande
1231 196 59 31 N:o
1313 196 52 30 40.
1766 197 37 31 17

254 273 213 48 riksdagar.
515 272 149 38 Genom
695 273 204 50 förslagets
929 274 216 48 antagande
1173 274 90 36 sker
1292 273 194 50 nemligen
1516 287 46 23 en
1593 277 42 34 så
1664 280 79 31 stor
1767 288 79 23 om-

253 325 202 50 hvälfning
482 325 12 36 i
524 328 66 34 vår
618 325 292 49 statsekonomi,
940 332 54 30 att
1020 326 79 48 mig
1122 325 190 37 förefaller
1332 325 252 49 nödvändigt,
1607 332 65 42 att,
1693 327 47 36 då
1761 340 86 23 man

253 380 133 45 åtager
400 377 62 49 sig
478 391 72 35 nya
567 376 160 49 utgifter
743 378 69 36 och
829 377 205 37 afskrifver
1050 377 188 37 millioner
1249 378 81 36 från
1344 383 54 32 ett
1410 378 436 50 förmögenhetsobjekt,

253 429 125 36 beslut
398 429 198 49 samtidigt
615 429 119 37 borde
754 429 115 37 fattas
890 443 59 23 om
972 430 130 36 hvilka
1123 430 468 49 förmögenhetsskatter
1575 425 19 58 i
1611 431 129 36 stället
1758 432 89 36 böra

252 481 156 44 införas,
452 484 47 46 på
539 482 64 36 det
645 487 56 31 att
733 481 104 37 detta
865 482 32 48 ej
929 484 59 34 må
1017 482 143 36 lemnas
1190 485 37 33 åt
1256 481 203 37 framtiden
1489 483 70 35 och
1589 482 47 37 då
1665 483 181 49 möjligen

254 532 198 37 framkalla
485 532 204 49 slitningar
718 533 69 37 och
817 534 117 36 vådor
962 533 11 36 i
1003 534 255 47 ekonomiskt,
1288 533 175 49 politiskt
1491 534 69 37 och
1592 534 133 37 socialt
1755 535 93 36 hän-

254 584 141 37 seende
423 607 50 4 —
501 584 64 49 till
586 584 80 37 fara
695 584 58 37 för
781 585 224 37 samhällets
1034 585 118 49 lugna
1180 585 262 50 utveckling»;

382 687 43 36 af
448 688 133 36 herrar
610 690 44 34 A.
685 688 165 47 Persson,
882 688 42 37 G.
954 688 185 48 Eriksson,
1169 688 41 36 P.
1241 689 151 47 Ersson,
1425 687 40 40 O.
1495 690 171 48 Jonsson,
1696 690 33 37 I.
1747 691 101 47 Lytt-

253 740 94 45 kens,
382 740 42 35 P.
455 740 162 36 Pehrson
646 739 72 37 och
748 739 37 38 C.
816 740 169 37 Persson:
1013 740 150 37 >»Under
1192 740 240 50 åberopande
1461 741 40 37 af
1528 741 45 37 de
1603 742 94 47 skäl,
1727 742 37 36 vi
1792 742 54 36 uti

253 791 164 36 särskild
447 791 235 37 reservation
703 792 62 36 vid
786 792 133 48 frågan
941 805 59 22 om
1023 792 207 36 utskottets
1250 793 145 49 förslag
1416 794 198 47 angående
1634 793 214 37 ordnandet

252 843 42 36 af
317 842 298 38 landtförsvaret
643 843 137 46 anfört,
810 844 70 36 och
910 844 48 36 då
983 842 36 37 vi
1040 843 231 38 fortfarande
1297 844 95 49 hysa
1421 845 71 36 den
1512 845 259 50 uppfattning,
1789 852 56 30 att

253 894 72 37 den
354 895 102 36 inom
486 895 221 48 Riksdagen
735 895 78 37 ofta
844 895 166 37 uttalade
1031 895 167 49 mening,
1219 902 54 30 att
1301 897 322 49 skattefrågorna,
1651 897 6 36 i
1679 897 101 37 hvad
1800 898 46 36 de

253 947 80 37 afse
372 947 104 36 såväl
512 947 46 37 de
587 949 21 34 å
637 947 79 36 viss
738 947 86 49 jord
857 947 176 37 hvilande
1062 947 276 49 grundskatter
1368 962 46 23 m.
1447 962 46 23 m.
1524 962 80 23 som
1631 949 217 48 rustnings-

253 999 71 36 och
353 998 396 49 roteringsbesvären,
779 999 91 36 böra
899 998 200 49 samtidigt
1127 999 69 36 och
1224 999 206 49 likställigt
1459 1000 116 37 vinna
1604 1001 58 36 sin
1692 1001 156 49 slutliga

253 1050 165 49 lösning,
463 1050 36 37 få
541 1051 36 36 vi
611 1051 156 36 härmed
797 1051 149 36 anmäla
976 1054 66 33 vår
1070 1051 235 37 reservation
1335 1057 102 31 emot
1465 1053 209 36 utskottets
1705 1053 144 49 förslag

254 1108 54 31 att
336 1102 195 48 tillstyrka
557 1102 103 37 bifall
681 1102 57 37 till
758 1102 141 49 Kongl:
922 1103 127 49 Maj:ts
1071 1103 251 37 förevarande
1343 1103 293 50 framställning,
1657 1105 10 35 i
1689 1118 159 36 synner-

253 1154 64 37 het
346 1168 82 23 som
458 1154 223 37 densamma
709 1154 102 38 skett
839 1155 136 36 endast
1004 1155 120 36 under
1153 1154 277 51 förutsättning
1459 1156 41 36 af
1524 1157 104 36 bifall
1652 1156 55 37 till
1731 1157 117 36 andra

252 1205 41 37 af
316 1206 141 49 Kongl.
490 1206 105 49 Maj:t
622 1206 136 49 gjorda
792 1206 146 49 förslag
966 1207 199 48 angående
1195 1207 266 49 värnpligtens
1486 1209 270 49 utsträckning
1776 1209 70 36 och

252 1258 157 48 anslags
439 1257 218 50 beviljande
687 1258 57 36 för
771 1258 211 37 försvarets
1009 1258 263 49 förstärkning
1302 1272 47 24 m.
1380 1272 89 32 m.>;

382 1361 41 35 af
447 1361 130 36 herrar
606 1361 41 37 S.
676 1361 41 38 G.
750 1374 67 23 von
847 1361 148 37 Friesen
1024 1362 70 36 och
1125 1360 102 38 Ollas
1257 1364 42 34 A.
1332 1362 177 38 Ericsson.

381 1619 100 37 Herr
521 1621 40 36 P.:
604 1620 212 37 Andersson
860 1620 68 36 har
962 1621 135 48 begärt
1125 1621 36 37 få
1191 1621 245 49 antecknadt,
1467 1628 56 31 att
1552 1623 73 36 han
1655 1623 84 36 icke
1769 1624 78 37 del-

254 1672 97 47 tagit
379 1672 9 35 i
421 1671 215 38 förstående
665 1672 160 36 ärendes
854 1672 316 48 slutbehandling
1199 1672 104 37 inom
1334 1674 200 49 utskottet.

345 2295 68 32 Bih.
440 2297 46 32 till
512 2296 107 34 Riksd.
651 2297 78 31 Prot.
758 2300 94 28 1892.
899 2299 19 28 4
945 2297 96 32 Saml,
1072 2301 12 27 1
1108 2298 78 38 Afd.
1211 2301 42 28 26
1277 2299 95 38 Häft,
1787 2299 18 28 3
