1888 2774
241 137 38 33 12
582 141 285 33 Statsutskottets
891 145 178 31 utlåtande
1091 157 44 20 nr
1159 148 62 30 105
1242 149 40 30 år
1306 150 84 31 1963

777 280 148 35 Diverse
939 282 267 44 kapitalfonder

551 358 87 36 Väg-
657 360 63 29 och
740 362 432 36 vattenbyggnadsverkets
1190 366 225 32 förrådsfond

284 437 97 36 14:0)
410 440 253 38 Investeringar
686 443 56 30 för
766 445 77 35 väg-
869 446 63 30 och
957 449 433 36 vattenbyggnadsverkets
1415 453 280 33 förrådsrörelse.
1722 456 14 30 I

238 488 152 40 enlighet
410 491 80 30 med
510 491 127 41 Kungl.
660 493 124 40 Maj:ts
807 495 131 41 förslag
963 498 131 39 (punkt
1120 498 49 37 14,
1193 509 26 21 s.
1242 501 60 34 27)
1329 502 202 32 hemställer
1554 501 181 49 utskottet,

590 545 51 28 att
661 543 187 41 riksdagen
866 546 59 30 må
944 547 52 30 till
1019 548 251 40 Vägmaskiner
1289 560 47 21 m.
1357 562 45 21 m.
1424 553 21 30 å
1465 554 130 31 allmän
1617 556 119 31 bered-

543 592 181 40 skapsstat
761 594 57 31 för
853 596 204 41 budgetåret
1098 599 150 37 1963/64
1286 602 152 40 uppföra
1465 606 49 28 ett
1542 606 123 40 anslag
1693 616 42 21 av

544 641 42 32 46
600 642 63 31 800
678 643 61 31 000
757 645 53 30 kr.

278 721 202 33 Stockholm
506 725 67 30 den
602 727 39 30 10
668 728 69 40 maj
769 729 83 31 1963

718 812 48 30 På
788 815 278 32 statsutskottets
1087 818 146 39 vägnar:

795 897 109 31 EMIL
926 899 233 32 NÄSSTRÖM

275 1091 66 30 Vid
363 1092 222 39 förestående
611 1096 146 31 ärendes
782 1098 285 43 slutbehandling
1094 1102 93 30 inom
1216 1104 171 31 utskottet
1413 1106 65 30 har
1502 1108 160 30 närvarit

270 1157 82 31 från
388 1158 167 33 första
592 1162 221 32 kammaren:
842 1165 122 31 herrar
989 1167 194 36 Näsström,
1210 1169 191 38 Gillström,
1428 1173 145 36 Boman,
1602 1174 124 32 fröken

225 1198 214 37 Andersson,
459 1202 123 31 herrar
603 1204 108 31 Einar
732 1206 160 35 Persson,
913 1208 120 40 Birger
1054 1209 213 38 Andersson,
1291 1212 77 31 Ivar
1389 1210 213 46 Johansson,
1624 1218 103 40 Berg-

224 1249 94 27 man,
336 1242 86 31 Axel
439 1244 180 32 Johannes
638 1246 212 37 Andersson,
868 1249 93 31 Fritz
979 1252 162 35 Persson,
1160 1253 56 30 fru
1237 1254 260 37 Wallentheim,
1518 1258 123 31 herrar
1661 1261 65 30 Per

223 1283 204 37 Jacobsson,
447 1286 107 31 Bertil
576 1288 196 36 Petersson,
794 1290 178 32 Åkerlund
993 1294 66 30 och
1080 1295 171 31 Nils-Eric
1273 1297 225 38 Gustafsson;
1525 1303 92 28 samt

268 1341 80 31 från
389 1345 155 30 andra
584 1346 221 33 kammaren:
837 1350 121 30 herrar
987 1352 182 31 Petterson
1200 1354 12 30 i
1242 1356 197 39 Degerfors,
1471 1358 211 33 Gustafsson
1712 1361 12 30 i

225 1383 213 37 Stockholm,
467 1387 108 35 Ståhl,
604 1388 168 32 Karlsson
801 1391 12 29 i
842 1391 203 38 Olofström,
1077 1395 173 31 Svensson
1279 1398 12 29 i
1322 1398 207 41 Stenkyrka,
1559 1402 164 36 Blidfors,

222 1425 177 41 Almgren,
424 1429 186 40 Mellqvist,
637 1431 56 30 fru
720 1432 312 38 Lewén-Eliasson,
1059 1437 81 30 herr
1168 1438 173 32 Svensson
1369 1441 10 29 i
1407 1442 218 40 Ljungskile,
1654 1445 70 31 frö-

222 1467 69 30 ken
310 1468 139 37 Olsson,
470 1470 125 32 fröken
617 1473 178 36 Karlsson,
817 1476 120 30 herrar
957 1477 203 33 Andersson
1181 1481 11 29 i
1214 1481 151 36 Knäred,
1388 1484 158 32 Källstad
1568 1487 67 30 och
1655 1488 69 29 Tu-

222 1518 132 23 resson.
