2197 2667
444 186 42 32 60
913 190 249 35 Statsutskottets
1192 194 166 33 Utlåtande
1389 190 53 32 Nr
1463 192 32 31 2.

400 266 445 51 kompetensfordringar
885 269 119 37 under
1037 270 73 36 den
1139 270 277 50 motiveringen
1444 271 83 37 från
1556 271 440 50 departementschefens

401 319 92 49 sida,
540 326 77 31 »att
658 320 47 37 då
745 322 238 50 väsentligen
1025 323 229 37 förbättrade
1295 324 278 38 löneförmåner
1612 338 52 24 nu
1696 325 157 37 beredas
1882 325 114 39 dessa

399 373 251 49 tjänstemän»
678 374 91 37 böra
796 375 386 49 kompetenskrafven
1210 376 119 49 höjas.
1385 377 84 37 Den
1497 383 167 32 närmast
1691 378 182 50 liggande
1903 378 92 38 slut-

400 431 128 31 satsen
569 439 112 36 synes
715 427 109 49 eljest
857 442 101 35 vara,
989 434 64 43 att,
1083 428 47 37 då
1158 429 32 49 ej
1222 429 119 50 högre
1369 430 225 50 kompetens
1621 430 193 49 behöfves,
1844 436 47 32 än
1921 432 74 37 den

398 479 230 48 nuvarande,
671 493 88 23 man
790 480 181 50 möjligen
999 480 117 38 borde
1139 481 130 51 jämka
1296 485 119 47 något
1442 485 48 47 på
1519 483 287 50 lönebeloppen.
1862 484 134 38 Under

399 532 74 36 alla
501 531 261 39 förhållanden
791 536 76 34 står
895 547 45 24 en
969 534 192 50 obehöflig
1189 535 211 50 skärpning
1429 536 40 36 af
1494 536 46 37 de
1559 536 172 37 formella
1752 536 243 51 kompetens-

398 584 187 38 villkoren
613 585 12 37 i
652 585 69 37 rak
750 586 92 37 strid
871 591 79 32 mot
978 587 11 36 i
1017 587 219 50 Riksdagen
1265 588 78 37 ofta
1370 589 165 37 uttalade
1564 589 207 37 önskemål.

527 637 131 38 Ehuru
701 639 157 37 sålunda
899 646 53 30 ett
994 640 311 49 afslagsyrkande
1347 644 21 34 å
1408 641 142 49 Kungl.
1585 642 126 48 Maj:ts
1746 643 249 37 förevarande

399 690 278 49 framställning
717 704 113 35 synes
857 705 91 23 vara
975 693 60 35 väl
1063 693 202 47 grundadt,
1293 694 49 35 ha
1369 694 38 35 vi
1435 694 108 47 dock,
1572 695 85 36 med
1685 694 149 49 hänsyn
1863 695 57 36 till
1948 696 46 35 de

399 740 188 38 allmänna
628 742 193 38 önskemål
861 743 219 50 Riksdagen
1120 744 99 37 visat
1253 744 61 50 sig
1341 745 95 50 hysa
1465 751 53 31 att
1546 750 105 33 snart
1678 745 130 38 kunna
1836 746 159 38 slutföra

397 795 374 49 löneregleringarna
804 796 59 37 för
896 796 300 49 ämbetsverken,
1226 803 124 32 ansett
1378 811 62 24 oss
1468 798 93 37 böra
1587 799 91 36 söka
1708 800 131 36 anvisa
1866 802 128 46 någon

397 851 132 44 utväg,
571 847 248 50 hvarigenom
861 849 159 37 krafven
1061 852 48 46 på
1137 850 241 37 undvikande
1407 851 40 36 af
1472 851 350 37 öfverkvalificerad
1851 852 144 36 arbets-

398 899 102 37 kraft
542 900 70 36 och
652 900 245 50 inbesparing
938 902 42 36 af
1016 902 118 37 sådan
1175 902 11 36 i
1227 905 126 46 någon
1389 906 87 34 mån
1505 904 234 48 tillgodoses,
1769 917 86 23 men
1883 904 112 37 hvar-

398 952 155 49 igenom
586 952 113 37 också
727 967 47 23 en
801 954 153 49 lösning
983 954 103 37 detta
1114 957 40 34 år
1183 955 118 37 skulle
1328 955 118 37 blifva
1475 956 145 49 möjlig.

528 1004 18 36 I
574 1004 109 50 fråga
717 1018 60 24 om
806 1007 148 44 chefens
983 1007 182 49 ställning
1193 1020 112 37 synes
1334 1008 123 37 denna
1484 1008 178 50 rimligen
1691 1009 32 49 ej
1754 1008 93 38 böra
1875 1013 118 33 sättas

397 1056 122 50 högre
548 1061 48 32 än
623 1057 12 37 i
663 1058 294 37 öfverdirektörs
985 1059 107 49 grad,
1122 1060 69 36 och
1220 1060 147 37 ansluta
1395 1061 39 36 vi
1463 1073 61 24 oss
1552 1061 69 36 här
1648 1060 57 37 till
1730 1060 62 38 det
1810 1061 181 49 yrkande,

399 1122 83 24 som
511 1109 12 36 i
552 1110 283 37 statsutskottet
863 1111 164 37 samlade
1055 1125 47 24 en
1129 1112 192 37 minoritet
1349 1113 41 36 af
1417 1114 44 36 11
1491 1119 133 31 röster.

527 1161 17 36 I
572 1162 110 48 fråga
723 1176 61 23 om
812 1163 204 49 byråernas
1046 1165 101 35 antal
1175 1178 115 35 synas
1319 1165 109 36 dessa
1456 1165 129 36 kunna
1611 1166 225 36 inskränkas
1865 1166 57 35 till
1950 1179 45 24 en

398 1234 50 6 —
476 1218 106 32 utom
610 1214 256 50 arbetsbyrån.
915 1214 71 38 Om
1014 1215 142 50 Kungl.
1186 1216 107 50 Maj:t
1320 1216 171 38 utfärdar
1519 1216 191 38 föreskrift
1730 1218 196 48 angående
1946 1231 48 24 en

399 1266 59 36 del
486 1265 316 51 bagatellfrågors
831 1268 209 48 afgörande
1069 1268 42 37 af
1135 1268 280 38 vederbörande
1444 1269 379 49 fängelsedirektörer
1842 1270 71 37 och
1932 1284 62 23 om

398 1318 12 36 1
439 1317 118 50 öfrigt
598 1319 277 38 arbetskraften
902 1320 103 37 inom
1032 1320 396 51 fångvårdsstyrelsen
1455 1322 196 49 utnyttjas,
1682 1336 113 36 synes
1824 1323 72 37 den
1924 1336 69 23 nu-

399 1370 164 37 varande
604 1371 289 50 kameralbyrån
925 1373 128 36 kunna
1080 1379 92 30 utan
1201 1373 171 50 allvarlig
1399 1375 202 48 olägenhet
1629 1375 248 37 sammanslås
1906 1375 87 36 med

399 1422 246 51 kanslibyrån
669 1424 70 36 och
767 1424 240 50 följaktligen
1035 1437 43 25 en
1108 1426 303 46 byråchefstjänst
1440 1429 182 44 indragas.

527 1475 18 36 I
577 1475 116 50 öfrigt
734 1476 106 37 torde
874 1477 210 49 tjänsterna
1111 1477 93 38 böra
1231 1478 229 37 bestämmas
1488 1479 12 36 i
1528 1479 72 37 den
1627 1479 268 50 utsträckning
1924 1480 70 36 och

399 1527 47 36 de
473 1527 226 49 lönegrader
725 1528 142 50 Kungl.
897 1529 107 49 Maj:t
1032 1530 206 49 föreslagit.

528 1579 259 50 Följaktligen
826 1581 129 37 kunna
995 1581 38 37 vi
1074 1582 34 49 ej
1143 1582 91 49 följa
1261 1583 406 49 utskottsmajoriteten
1695 1583 13 37 i
1737 1584 84 36 dess
1849 1584 147 48 förslag

400 1637 53 30 att
481 1631 174 37 nedsätta
683 1632 45 37 de
757 1633 42 36 af
823 1633 140 49 Kungl.
993 1634 108 48 Maj:t
1130 1635 217 48 föreslagna
1374 1638 402 34 vaktmästarelönerna.

518 1683 111 37 Hvad
671 1684 180 50 slutligen
892 1685 177 38 beträffar
1097 1688 209 45 aflöningen
1328 1688 66 44 för
1420 1689 58 35 det
1506 1690 189 45 kvinnliga
1722 1689 269 44 skrifbiträdet,

398 1736 49 35 ha
474 1736 39 35 vi
541 1740 124 32 ansett
692 1750 47 23 en
763 1737 205 50 jämkning
995 1738 137 37 mellan
1159 1739 142 49 Kungl.
1331 1739 127 50 Maj:ts
1487 1739 144 51 förslag
1659 1740 70 37 och
1756 1740 89 37 herr
1872 1740 119 37 Beck-

397 1801 108 23 mans
547 1788 143 37 motion
731 1790 302 50 ändamålsenlig
1073 1791 71 37 och
1171 1791 190 49 tillstyrka
1395 1792 137 48 därför,
1562 1798 54 31 att
1643 1792 349 49 begynnelselönen

398 1839 71 37 och
510 1840 139 37 antalet
690 1841 263 50 ålderstillägg
993 1843 228 37 bestämmes
1261 1844 12 36 i
1315 1844 172 49 enlighet
1527 1844 86 37 med
1654 1844 87 37 herr
1778 1844 212 37 Beckmans

396 1891 181 49 yrkande,
619 1906 86 24 men
740 1893 332 51 ålderstilläggens
1101 1895 142 37 storlek
1269 1896 12 36 i
1309 1896 394 37 öfverensstämmelse
1732 1897 86 36 med
1846 1896 143 50 Kungl.

397 1944 126 49 Maj:ts
551 1945 293 51 framställning.

526 1997 19 36 I
587 1997 221 50 anslutning
847 1999 57 36 till
945 2000 122 36 denna
1107 2000 267 49 uppfatttning
1415 2001 49 36 ha
1490 2000 39 37 vi
1557 2006 137 43 ansett,
1725 2006 54 31 att
1806 2001 186 37 utskottet

398 2048 87 38 bort
512 2048 141 38 föreslå
680 2050 221 50 Riksdagen
929 2056 57 32 att

528 2103 74 36 dels
630 2102 33 50 a)
690 2103 204 49 godkänna
922 2103 166 50 följande
1116 2104 266 50 aflöningsstat
1409 2105 59 37 för
1496 2105 397 50 fångvårdsstyrelsen
