1894 2860
563 161 280 29 Bankoutskottets
863 160 163 30 utlåtande
1046 160 48 29 Nr
1114 164 50 26 22.
1601 158 19 31 3

155 247 109 33 Sedan
282 247 58 39 jag
358 247 11 32 i
389 246 179 39 anledning
587 259 41 21 av
648 247 61 32 den
729 247 141 33 sålunda
889 247 119 38 gjorda
1028 246 293 38 framställningen
1342 246 157 33 anmodat
1516 245 102 33 bank-

109 299 60 32 och
189 298 316 39 fondinspektionen
524 301 50 29 att
593 297 123 38 avgiva
735 297 156 38 yttrande
910 298 12 31 i
941 298 132 37 frågan,
1094 297 62 32 har
1175 297 230 38 inspektionen
1426 297 11 31 i
1459 296 161 32 skrivelse

108 348 60 33 den
192 350 41 31 28
254 360 89 21 mars
366 349 83 31 1932
472 347 114 33 anfört
607 347 165 38 följande:

151 406 78 33 Vad
249 407 54 32 till
323 418 38 21 en
381 406 116 38 början
519 406 106 38 angår
644 405 148 33 bankens
815 405 171 38 ställning,
1009 406 36 32 så
1065 409 139 34 utgöras
1225 405 146 34 bankens
1393 416 86 27 egna
1500 405 118 33 fonder

107 462 56 20 av:
180 450 194 39 grundfond
392 450 196 38 87,188,000
606 449 122 31 kronor
742 450 61 31 och
821 448 193 32 reservfond
1032 449 197 37 94,812,000
1245 448 131 39 kronor,
1393 448 117 32 vartill
1528 448 89 32 kom-

106 504 54 20 ma
174 493 106 32 andra
295 492 118 32 fonder
427 492 60 33 och
502 491 209 32 reserverade
726 491 105 32 medel
845 490 153 39 omkring
1014 491 196 38 11,000,000
1224 490 123 32 kronor
1361 494 88 29 samt
1465 491 82 31 1931
1563 491 54 32 års

105 535 196 37 behållning
320 535 195 37 11,037,000
532 533 131 33 kronor.
692 533 157 33 Bankens
866 545 84 26 egna
967 533 105 32 medel
1088 533 118 38 uppgå
1224 532 141 33 sålunda
1382 532 54 33 till
1455 544 161 21 samman-

107 577 74 38 lagt
203 577 218 38 204,037,000
442 576 133 32 kronor.
618 576 139 32 Banken
780 576 62 32 har
864 576 163 37 därjämte
1047 575 147 39 upplagt
1214 579 48 29 ett
1283 587 25 21 s.
1329 575 34 32 k.
1387 575 188 38 förlagslån
1598 576 18 31 å

108 620 219 38 100,000,000
347 619 132 38 kronor,
501 619 73 32 med
594 618 156 39 prioritet
772 619 71 31 före
865 618 154 33 aktierna
1038 630 73 20 men
1132 619 89 31 efter
1241 617 147 34 bankens
1411 618 118 38 övriga
1550 618 66 32 för-

106 662 176 32 bindelser.
324 662 157 32 Nämnda
499 661 186 38 förlagslån
707 666 38 27 är
763 664 165 35 upptaget
947 665 68 28 mot
1035 660 234 39 förlagsbevis,
1290 660 181 32 utfärdade
1494 660 60 32 den
1576 661 39 31 15

106 705 73 38 juni
205 705 83 32 1925
314 704 60 33 och
396 704 141 39 löpande
561 704 72 32 med
659 700 58 42 5'/>
742 704 21 32 4
787 703 88 39 årlig
900 707 96 29 ränta
1022 707 87 28 samt
1133 702 207 33 förfallande
1364 702 56 33 till
1443 703 173 38 betalning

108 747 60 32 den
187 749 39 31 15
243 748 72 37 juni
335 748 95 31 1940.
457 746 138 33 Banken
613 752 80 32 äger
708 746 127 38 jämväl
852 749 68 28 rätt
937 749 51 28 att
1007 746 70 31 före
1097 745 61 32 den
1177 747 39 31 15
1235 745 72 38 juni
1327 746 95 37 1940,
1438 745 87 32 dock
1541 745 75 32 tidi-

107 793 78 35 gast
203 789 61 32 den
285 791 39 31 15
343 789 73 38 juni
435 790 95 36 1935,
549 788 69 33 helt
635 788 81 32 eller
735 788 105 33 delvis
858 788 107 32 inlösa
983 788 142 38 bevisen,
1144 799 73 21 men
1235 788 13 31 i
1267 788 38 32 så
1323 788 64 31 fall
1406 787 54 33 till
1479 799 39 21 en
1535 787 81 33 kurs

107 844 42 21 av
169 833 62 32 103
251 832 32 32 24.

150 874 200 38 Inlåningen
374 873 76 32 från
473 873 224 33 allmänheten
717 872 152 39 uppgick
891 872 61 33 den
975 874 40 32 29
1040 872 150 32 februari
1215 873 83 32 1932
1322 872 54 33 till
1399 872 218 38 571,544,000

105 917 132 38 kronor,
261 916 180 33 skulderna
460 916 54 32 till
534 916 175 33 inhemska
728 916 126 32 banker
875 915 60 32 och
957 915 206 39 sparbanker
1184 919 154 29 ävensom
1359 914 53 33 till
1434 914 184 33 utländska

106 959 126 32 banker
254 959 60 33 och
336 959 157 32 bankirer
515 959 52 32 till
591 959 196 37 66,235,000
809 958 132 32 kronor.

150 1001 157 33 Bankens
331 1001 205 38 omslutning
558 1001 225 38 nyssnämnda
807 1001 66 38 dag
895 1000 151 39 uppgick
1068 1000 53 33 till
1145 1000 219 38 985,526,000
1387 999 133 40 kronor,
1543 1011 73 21 var-

106 1045 54 32 till
178 1045 131 32 kommo
329 1045 12 31 i
359 1044 202 32 riksbanken
582 1043 267 33 rediskonterade
869 1043 118 32 växlar
1008 1048 154 27 ävensom
1183 1042 360 39 garantiförbindelser
1564 1043 54 31 för

106 1086 146 33 likvider
272 1087 218 37 326,190,000
511 1086 122 32 kronor
653 1086 81 32 eller
755 1086 140 32 sålunda
916 1085 145 39 tillhopa
1083 1086 251 37 1,311,716,000
1356 1085 133 32 kronor.

152 1128 113 33 Såvitt
280 1128 231 39 inspektionen
527 1128 129 32 kunnat
671 1128 97 33 finna
784 1133 37 27 är
837 1128 55 32 det
907 1128 85 39 läge,
1009 1128 73 31 vari
1098 1127 129 33 banken
1244 1139 116 27 genom
1379 1128 37 32 de
1433 1128 45 38 på
1495 1127 120 33 sistone

105 1172 191 32 inträffade
320 1171 220 33 händelserna
566 1171 107 39 råkat,
699 1170 212 33 uteslutande
937 1174 51 28 att
1013 1170 144 32 hänföra
1182 1170 54 32 till
1262 1170 147 32 bankens
1436 1169 180 33 likviditet.

108 1213 125 33 Genom
250 1225 241 27 engagemang,
510 1225 68 20 som
596 1213 106 32 under
718 1214 38 31 år
774 1214 83 31 1931
876 1213 128 37 ingåtts
1023 1213 73 31 med
1113 1212 153 38 ingenjör
1283 1212 81 32 Ivar
1383 1213 154 37 Kreuger
1558 1212 59 32 och

107 1257 143 37 företag,
271 1255 201 33 tillhörande
493 1255 351 38 Kreugerkoncernen,
865 1255 86 32 hava
972 1255 167 37 nämligen
1161 1266 42 21 av
1224 1255 38 32 de
1283 1253 114 39 medel,
1418 1254 94 33 vilka
1534 1255 82 31 stått

106 1298 61 33 och
184 1298 113 34 ställts
313 1298 54 33 till
383 1298 147 32 bankens
549 1297 211 39 förfogande,
779 1297 135 38 mycket
932 1301 90 29 stora
1038 1297 120 38 belopp
1176 1296 100 33 blivit
1292 1297 144 32 bundna.
1478 1297 137 38 Inspek-

105 1341 112 32 tionen
239 1352 98 21 anser
358 1340 53 39 sig
432 1340 79 33 böra
535 1340 192 38 framhålla,
750 1343 52 29 att
824 1340 54 32 för
900 1352 43 19 nu
965 1339 263 39 ifrågavarande
1250 1351 231 27 engagemang
1505 1339 110 34 ställts

106 1382 160 39 hypotek,
291 1394 78 27 som,
393 1383 105 32 såvitt
521 1383 54 32 det
597 1383 54 31 för
672 1382 231 39 inspektionen
928 1387 37 27 är
987 1382 134 38 möjligt
1144 1386 52 28 att
1217 1382 148 38 bedöma,
1389 1382 106 32 måste
1520 1394 95 21 anses

105 1438 83 20 vara
222 1425 241 39 betryggande,
498 1437 72 20 men
603 1437 68 20 som
705 1425 106 32 under
844 1437 44 20 nu
911 1425 144 32 rådande
1079 1424 233 32 förhållanden
1336 1424 72 32 icke
1430 1424 66 33 kan
1521 1424 95 32 reali-

107 1481 100 20 seras.

150 1510 121 48 Enligt
286 1509 248 40 inspektionens
552 1510 213 32 förmenande
783 1514 57 28 äro
857 1509 158 38 åtgärder
1032 1521 41 20 av
1089 1509 105 32 nöden
1213 1509 54 31 för
1283 1512 51 29 att
1349 1509 120 38 bringa
1486 1508 129 32 banken

106 1552 164 48 lättnad
256 1548 21 56 i
296 1553 75 48 dess
394 1552 143 32 sålunda
559 1552 136 32 iråkade
720 1552 86 38 läge,
832 1552 60 32 och
915 1551 231 48 inspektionen
1172 1551 93 32 delar
1288 1551 148 33 bankens
1461 1551 153 38 uppfatt-

106 1595 91 38 ning,
221 1598 52 29 att
294 1595 12 31 i
328 1594 233 39 föreliggande
585 1594 159 33 situation
769 1594 62 32 den
853 1593 85 33 enda
959 1596 146 35 utvägen
1129 1594 11 31 i
1165 1593 120 33 sådant
1307 1593 186 33 hänseende
1516 1597 37 28 är
1576 1605 40 21 en

107 1638 202 38 stödaktion,
327 1638 12 31 i
357 1637 113 32 vilken
491 1640 108 29 staten
619 1636 161 38 deltager.
821 1636 237 38 Inspektionen
1077 1635 62 32 vill
1159 1635 163 38 därjämte
1343 1634 191 40 framhålla,
1556 1638 60 35 att,

105 1680 12 31 i
131 1679 114 33 vilken
261 1680 86 32 form
362 1679 108 34 stödet
484 1684 40 27 än
540 1680 138 38 lämnas,
695 1679 38 32 de
746 1679 164 37 vidtagna
925 1678 203 38 åtgärderna
1142 1678 80 32 böra
1236 1677 92 33 bliva
1344 1678 36 33 så
1396 1677 218 38 omfattande,

106 1725 52 30 att
178 1722 208 32 förtroendet
406 1721 54 33 för
479 1721 130 32 banken
628 1721 260 39 upprätthålles.

151 1788 68 33 För
241 1788 78 33 mitt
340 1792 74 35 eget
436 1788 257 33 vidkommande
715 1788 93 33 delar
828 1788 59 38 jag
909 1787 101 33 bank-
1034 1788 60 32 och
1117 1787 331 39 fondinspektionens
1472 1787 143 38 mening,

107 1842 50 29 att
175 1842 48 29 ett
239 1839 200 38 ingripande
457 1839 12 32 i
487 1838 218 33 förevarande
724 1838 65 32 fall
807 1850 99 27 synes
923 1850 83 21 vara
1025 1837 253 39 ofrånkomligt.
1320 1837 149 33 Särskilt
1485 1838 12 31 i
1515 1849 100 20 nuva-

107 1889 102 32 rande
231 1890 78 37 läge
331 1890 73 31 med
428 1889 60 33 den
513 1889 168 32 allmänna
705 1901 79 20 oron
807 1890 45 37 på
875 1889 60 32 den
958 1889 271 32 internationella
1253 1888 362 39 penningmarknaden,

109 1939 39 32 de
170 1939 149 38 alltjämt
342 1939 201 38 tilltagande
566 1939 468 38 avsättningssvårigheterna
1056 1939 11 31 i
1091 1939 154 32 utlandet
1269 1939 54 31 för
1346 1939 81 31 våra
1452 1938 163 38 exportal-

110 1993 76 35 ster,
212 1989 61 32 den
299 1989 190 38 betydande
511 1989 259 32 arbetslösheten
794 1989 88 32 inom
909 1989 111 32 landet
1046 1989 59 31 och
1132 1989 39 32 de
1197 1988 202 39 bekymmer,
1424 1989 75 31 med
1524 1988 92 32 vilka

109 2040 55 32 det
182 2039 205 39 produktiva
408 2040 128 31 arbetet
559 2039 53 32 för
631 2039 209 32 närvarande
862 2039 62 32 har
944 2043 50 28 att
1016 2039 125 38 kämpa
1163 2039 12 31 i
1197 2039 87 31 form
1305 2051 40 20 av
1370 2040 109 37 dryga
1504 2042 112 29 räntor

108 2090 60 32 och
192 2090 106 32 andra
321 2090 88 37 höga
431 2089 411 39 produktionskostnader,
867 2089 107 32 skulle
1000 2101 37 20 en
1061 2089 163 32 bankkris
1248 2101 41 20 av
1314 2090 59 31 den
1400 2090 214 37 omfattning,

106 2152 115 20 varom
240 2141 62 31 här
321 2145 37 27 är
376 2140 111 39 fråga,
507 2140 72 32 med
600 2140 103 32 därav
722 2140 197 32 föranledda
936 2139 380 39 kreditåtstramningar
1336 2140 59 31 och
1416 2140 104 31 andra
1541 2139 75 38 följ-

106 2188 59 34 'der
184 2191 115 31 kunna
318 2191 75 31 leda
411 2191 54 31 till
482 2190 193 38 vittgående
693 2190 246 32 konsekvenser
960 2190 52 32 för
1029 2191 78 30 vårt
1125 2190 197 39 näringsliv,
1344 2190 92 32 såväl
1456 2190 161 37 jordbruk

108 2253 68 20 som
198 2241 120 32 handel
340 2241 59 32 och
418 2241 156 38 industri,
595 2241 59 31 och
677 2240 135 32 därmed
834 2241 53 31 för
907 2240 75 32 hela
1002 2241 60 30 vår
1083 2240 302 37 folkhushållning.
1429 2240 67 31 Det
1518 2252 98 26 synes

107 2291 70 38 mig
197 2291 116 32 därför
332 2303 82 19 vara
433 2302 38 20 en
492 2290 242 37 angelägenhet
755 2302 41 20 av
816 2290 259 37 utomordentlig
1095 2290 83 37 vikt,
1202 2294 50 27 att
1272 2290 168 31 effektiva
1461 2291 156 36 åtgärder

109 2341 200 38 skyndsamt
334 2341 168 37 vidtagas,
530 2342 37 30 så
593 2344 50 28 att
669 2341 205 31 förtroendet
903 2340 53 31 för
982 2341 77 30 vårt
1084 2340 215 31 kreditväsen
1326 2339 71 32 icke
1425 2343 190 34 äventyras,

107 2394 81 29 utan
209 2392 54 31 det
284 2391 91 38 lugn,
396 2402 68 20 som
488 2390 222 32 allmänheten
730 2389 123 33 hittills
876 2390 71 32 med
969 2390 59 37 fog
1048 2389 98 39 visat,
1169 2390 61 31 allt
1252 2390 169 36 framgent
1441 2389 67 32 kan
1529 2390 87 31 bibe-

107 2441 121 32 hållas.
276 2441 131 32 Härvid
432 2441 88 31 lärer
545 2441 102 31 under
671 2452 45 20 nu
741 2440 145 32 rådande
911 2439 239 38 exceptionella
1178 2439 230 32 förhållanden
1435 2443 47 28 ett
1508 2439 107 32 effek-
