1896 2822
490 157 396 32 Konstitutionsutskottets
912 157 162 31 utlåtande
1099 156 51 31 Nr
1173 159 53 28 10.
1595 154 20 31 3

122 244 154 33 nisation.
326 245 116 32 Under
467 246 128 32 sådana
619 245 290 42 omständigheter
933 245 114 31 finner
1072 244 170 39 utskottet,
1261 247 48 28 att
1326 244 40 31 de
1385 243 230 41 utredningar,

121 309 55 20 om
210 299 109 32 vilkas
343 300 292 42 återupptagande
660 300 212 32 motionären
898 298 181 40 hemställt,
1106 309 152 27 numera,
1284 298 105 31 innan
1415 298 118 40 frågan
1559 307 57 21 om

122 356 64 28 rätt
222 353 49 31 till
307 353 133 32 utträde
477 364 40 21 ur
553 354 131 40 kyrkan
721 353 123 32 vunnit
880 353 51 32 sin
967 352 145 41 lösning,
1138 352 106 32 sakna
1269 351 41 32 de
1336 351 98 32 säkra
1458 352 158 39 utgångs-

122 406 154 41 punkter,
302 417 73 21 som
400 407 178 32 erfordras.

167 458 169 33 Utskottet
361 460 53 31 får
438 460 97 33 alltså
559 460 187 38 hemställa,

487 561 47 28 att
570 557 224 32 förevarande
828 556 128 32 motion
982 556 71 32 icke
1079 557 103 30 måtte
1207 555 49 31 till
1282 556 112 39 någon
1420 553 198 41 riksdagens

443 610 119 41 åtgärd
586 610 186 32 föranleda.

168 708 196 32 Stockholm
390 708 66 32 den
484 711 38 30 12
548 719 90 22 mars
666 709 93 31 1928.

541 798 47 32 På
613 798 423 33 konstitutionsutskottets
1061 802 145 36 vägnar:

703 861 41 31 K.
771 871 67 21 von
864 860 170 32 GEIJER.

167 1079 188 24 Närvarande:
377 1079 100 24 Herrar
497 1083 50 18 von
568 1075 102 33 Geijer,
693 1075 133 33 Engberg,
847 1074 125 32 Thulin,"
988 1074 32 26 G.
1043 1073 39 28 W.
1097 1074 138 31 Hansson,
1251 1072 141 33 Stendahl,
1404 1071 215 33 Reuterskiöld,”

127 1111 201 32 Vennerström,
357 1112 110 25 Martin
495 1111 141 33 Svensson,
666 1112 33 26 A.
737 1112 38 27 W.
804 1110 165 32 Johansson,
998 1106 145 37 Åkerberg,
1172 1109 65 27 Isak
1258 1109 142 31 Svensson,
1420 1108 197 33 Magnusson
1603 1102 18 46 i

121 1150 148 28 Tumhult,
299 1147 153 33 Gustafson
480 1151 8 23 i
514 1151 169 30 Kasenberg,
712 1147 169 33 Bäckström,
906 1146 112 33 Hallén,
1040 1146 132 27 Pehrsson
1191 1149 9 24 i
1221 1149 152 30 Göteborg,
1394 1145 76 32 Fast,
1490 1144 128 32 Jensen,"

124 1183 132 25 Svensson
276 1186 9 23 i
306 1187 128 24 Grönvik
454 1187 50 24 och
525 1184 172 34 Brännberg.

169 1258 12 14 +
203 1258 32 31 Ej
256 1259 173 24 närvarande
450 1258 48 24 vid
519 1257 175 27 utlåtandets
713 1258 148 30 justering.

689 1426 365 41 Reservationer:

171 1536 62 37 1:0)
257 1545 43 21 av
324 1534 79 32 herr
426 1545 60 21 von
511 1534 114 40 Geer.

169 1588 63 41 2:0)
258 1599 41 21 av
325 1588 116 32 herrar
470 1588 39 32 G.
544 1590 47 32 W.
618 1590 165 38 Hansson,
809 1589 120 33 Hallén
954 1588 63 33 och
1038 1589 90 39 Fast,
1146 1600 74 22 som
1238 1592 120 36 ansett,
1376 1593 47 29 att
1440 1588 180 34 utskottets

123 1641 156 42 yttrande
305 1642 75 32 bort
404 1642 89 32 hava
517 1643 152 42 följande
693 1643 141 42 lydelse:

169 1696 49 32 De
255 1697 222 41 utredningar
528 1692 33 51 —
582 1692 33 51 —
652 1692 416 51 ———————
1108 1715 512 7 rer
1526 1692 96 51 rn

125 1801 140 50 SAS
333 1824 436 4 Hr
860 1805 173 32 meddelas
1058 1804 224 42 kyrkomötet.

170 1859 243 42 Otvivelaktigt
449 1859 165 42 föreligga
650 1861 43 41 på
723 1858 261 43 ifrågavarande
1010 1859 161 32 områden
1197 1859 223 40 reformkrav,
1446 1859 92 32 vilka
1562 1865 59 27 äro

125 1914 105 32 värda
265 1913 188 42 synnerligt
488 1913 199 33 beaktande.
736 1913 52 32 Då
823 1913 252 32 motionärerna
1099 1913 138 42 påyrka,
1263 1917 49 28 att
1336 1913 66 32 den
1427 1913 53 32 del
1504 1924 44 22 av
1572 1917 49 28 ut-

124 1968 197 41 redningen,
348 1979 49 21 som
421 1966 130 45 "gäller
574 1967 233 41 kyrkomötets
831 1971 154 35 vetorätt,
1012 1969 104 30 måtte
1140 1970 83 29 utan
1249 1967 162 42 dröjsmål
1429 1969 191 41 återuppta-

123 2033 70 30 gas,
219 2024 52 30 stå
295 2022 41 32 de
360 2021 11 32 i
395 2021 66 42 god
487 2021 337 33 överensstämmelse
841 2021 80 32 med
938 2021 41 31 de
996 2020 199 33 uttalanden
1212 2021 11 31 i
1240 2022 132 41 frågan,
1391 2032 72 22 som
1480 2021 140 33 kommo

124 2076 50 32 till
198 2087 101 30 synes
335 2076 93 32 såväl
452 2076 11 30 i
487 2075 426 33 konstitutionsutskottets
937 2075 175 32 utlåtande
1137 2086 73 21 som
1236 2075 198 42 riksdagens
1459 2075 161 33 skrivelse

125 2132 36 30 år
198 2130 94 32 1920.
341 2129 53 32 En
429 2140 80 21 snar
543 2129 272 42 gränsreglering
838 2129 126 32 mellan
988 2128 198 42 riksdagens
1211 2129 64 32 och
1299 2129 231 42 kyrkomötets
1554 2129 67 42 lag-

124 2183 315 42 stiftningsområde
464 2189 36 26 är
524 2183 100 42 högst
648 2183 188 42 angelägen
860 2186 48 29 att
932 2183 36 31 få
992 2182 50 32 till
1067 2182 107 33 stånd.
1224 2182 75 33 Den
1324 2183 146 32 konflikt
1494 2183 127 32 mellan

125 2238 150 32 nämnda
299 2237 313 42 representationer,
638 2248 73 22 som
736 2241 112 28 senast
873 2239 37 29 år
937 2237 83 31 1925
1045 2236 154 34 förekom
1224 2237 59 31 vid
1307 2237 252 42 behandlingen
1576 2248 43 21 av

124 2292 218 42 lagförslaget
367 2303 56 21 om
448 2291 169 42 borgerlig
640 2291 222 41 begravning,
888 2291 90 32 visar
1002 2291 291 42 angelägenheten
1318 2301 42 22 av
1385 2294 47 29 att
1448 2291 174 42 lagfrågor

124 2358 42 21 av
191 2357 72 22 mer
287 2346 212 41 civilrättslig
523 2351 43 26 än
591 2345 240 42 kyrkorättslig
855 2345 158 32 karaktär
1036 2345 71 32 helt
1131 2345 241 42 undandragas
1389 2345 231 42 kyrkomötets

124 2400 277 39 beslutanderätt,
426 2399 122 33 liksom
573 2399 56 32 det
653 2399 62 32 ock
739 2410 101 31 synes
864 2409 82 21 vara
969 2402 47 28 ett
1039 2399 138 41 befogat
1201 2399 85 32 krav
1310 2403 58 35 att,
1387 2401 110 30 såsom
1514 2399 106 33 första

125 2455 198 32 kammaren
359 2457 37 29 år
434 2454 85 32 1920
554 2453 165 39 hävdade,
756 2453 132 42 kyrkan
925 2452 143 33 erhåller
1103 2463 42 23 en
1180 2453 68 33 viss
1285 2452 334 43 lagstiftningsrätt
1603 2448 20 51 i

125 2508 148 43 kyrkligt
297 2509 132 32 interna
453 2509 124 41 frågor.
