2228 2636
660 150 406 33 Konstitutionsutlskottets
1089 151 168 32 utlåtande
1281 152 52 30 Nr
1357 155 52 28 16.
1790 154 41 31 33

233 241 143 36 makter
417 240 125 37 förete.
601 241 230 35 Framställes
874 240 243 48 anmärkning
1159 243 95 33 emot
1296 242 152 35 ombuds
1489 242 214 47 behörighet
1740 243 94 36 att
1814 236 22 57 i

232 294 225 48 landstinget
484 297 86 44 taga
597 293 155 46 inträde,
783 300 68 42 äga
879 295 44 35 de
951 294 303 48 landstingsmän,
1276 294 117 37 vilkas
1414 295 209 37 fullmakter
1642 296 193 48 godkända

233 348 118 45 blivit,
396 351 63 41 att,
505 348 92 36 efter
638 348 181 36 fulländat
859 360 154 35 upprop,
1044 349 153 36 däröver
1225 349 156 46 besluta;
1412 350 67 35 och
1509 352 57 33 må
1594 355 84 31 över
1706 351 127 35 sådant

233 403 124 35 beslut
385 402 134 47 klagan
547 401 30 49 ej
610 401 107 36 föras.

985 492 23 46 8
1038 493 61 34 26.

342 581 119 35 Sedan
489 579 229 48 granskning
746 592 45 24 av
820 580 268 46 fullmakterna,
1106 583 47 45 på
1181 584 72 33 sätt
1281 583 22 46 $
1334 584 48 33 25
1403 581 232 46 föreskriver,
1661 586 61 44 ägt
1741 595 90 32 rum,

233 637 101 33 utser
374 634 224 47 landstinget
636 633 112 36 bland
780 632 136 49 tingets
945 634 182 36 ordinarie
1155 635 195 36 ledamöter
1378 648 45 23 en
1452 636 216 35 ordförande
1696 637 65 35 och
1790 649 44 22 en

235 688 79 36 vice
342 688 217 35 ordförande
588 687 56 36 för
671 686 102 36 tiden
800 686 98 37 intill
925 691 106 32 nästa
1059 687 183 36 ordinarie
1270 689 149 46 lagtima
1447 689 292 36 sammankomst.

342 741 116 46 Utgår
484 741 117 34 under
629 740 158 35 nämnda
815 740 53 36 tid
896 740 262 36 ordförandens
1177 742 87 35 eller
1283 742 78 36 vice
1389 742 261 36 ordföranden3
1669 744 165 45 uppdrag

236 796 54 34 att
317 806 88 24 vara
433 793 303 48 landstingsman,
758 794 144 46 upphör
925 793 138 49 jämväl
1092 794 258 48 befattningen
1378 798 114 33 såsom
1515 796 214 36 ordförande
1748 797 87 34 eller

235 847 79 37 vice
342 846 228 37 ordförande.

979 937 23 46 8
1036 938 61 34 27.

344 1025 83 35 Den
454 1023 301 48 landstingsman,
786 1036 76 24 som
890 1024 159 37 bevistat
1075 1026 104 36 flesta
1206 1026 234 48 landstingen
1468 1027 98 45 eller,
1588 1028 64 35 där
1670 1030 61 34 två
1750 1028 86 35 eller

237 1079 87 35 flera
365 1078 291 47 landstingsmän
691 1078 151 47 deltagit
870 1078 13 35 i
910 1078 79 35 lika
1017 1082 129 44 många
1174 1080 196 47 landsting,
1401 1082 70 34 den
1500 1093 44 24 av
1573 1082 91 44 dem,
1695 1093 72 24 som
1797 1086 40 30 är

236 1132 58 36 till
321 1132 240 36 levnadsåren
589 1124 105 52 ädst,
725 1131 96 36 förer
849 1132 113 44 ordet,
983 1131 58 37 till
1061 1133 80 35 dess
1161 1134 215 35 ordförande
1395 1134 107 36 blivit
1521 1135 94 36 vald.
1663 1135 174 36 Inträffar

236 1187 117 34 under
380 1188 112 33 mötet
520 1185 188 47 samtidigt
736 1185 121 35 förfall
884 1185 57 36 för
968 1186 92 35 både
1088 1187 216 36 ordförande
1332 1189 66 34 och
1427 1188 78 36 vice
1534 1189 224 44 ordförande,
1780 1192 54 32 ut-

238 1251 57 23 ses
323 1239 117 35 under
467 1239 191 35 enahanda
686 1238 310 47 ordförandeskap
1025 1251 45 23 en
1099 1252 45 23 av
1171 1241 241 46 landstingets
1441 1241 181 36 ordinarie
1640 1242 196 36 ledamöter

238 1296 54 32 att
319 1291 202 49 tjänstgöra
549 1293 115 34 såsom
694 1291 228 45 ordförande,
953 1292 56 36 till
1038 1293 81 35 dess
1149 1293 158 37 förfallet
1334 1295 168 46 upphört.

345 1344 75 37 Vid
461 1344 187 48 samtidigt
683 1345 120 36 förfall
830 1345 56 36 för
912 1345 94 36 både
1035 1346 216 36 ordförande
1279 1348 65 35 och
1373 1348 77 35 vice
1478 1348 215 35 ordförande
1720 1349 116 34 under

237 1398 66 45 tid,
334 1399 46 35 då
408 1398 223 48 landstinget
659 1398 31 48 ej
722 1404 39 29 är
790 1399 127 35 samlat
945 1399 56 35 till
1029 1403 105 41 möte,
1165 1400 93 35 skall
1277 1402 249 35 ovannämnde
1547 1402 115 35 äldste
1681 1402 154 35 ledamot

237 1452 202 48 tjänstgöra
467 1455 115 33 såsom
612 1452 229 44 ordförande,
871 1451 56 36 till
955 1453 83 35 dess
1067 1453 158 36 förfallet
1252 1455 152 46 upphör.

346 1506 134 36 Därest
520 1506 118 35 under
679 1505 103 36 tiden
823 1505 131 36 mellan
995 1506 241 49 landstingets
1268 1508 147 47 lagtima
1443 1509 289 35 sammanträden
1759 1510 77 35 ord-

239 1560 176 36 föranden
443 1562 110 45 avgår
581 1560 88 35 eller
696 1559 92 35 hans
816 1559 208 48 befattning
1052 1561 107 48 eljest
1186 1562 152 46 upphör,
1369 1562 94 35 skall
1492 1562 78 36 vice
1598 1563 237 35 ordföranden

238 1613 203 48 tjänstgöra
470 1615 115 34 såsom
615 1613 216 35 ordförande
859 1612 96 36 intill
983 1617 106 32 nästa
1116 1615 151 46 lagtima
1295 1616 292 35 sammankomst.

347 1666 124 35 Skulle
499 1667 118 34 under
644 1678 136 23 samma
807 1665 55 36 tid
885 1666 137 48 jämväl
1050 1667 78 36 vice
1157 1668 241 36 ordföranden
1426 1671 92 45 avgå
1547 1670 85 34 eller
1660 1670 89 34 hans
1778 1669 58 35 be-

239 1719 162 47 fattning
428 1720 176 46 upphöra,
635 1719 94 36 skall
756 1719 164 35 bemälde
948 1720 116 36 äldste
1083 1721 157 36 ledamot
1258 1721 199 49 tjänstgöra
1476 1725 115 33 såsom
1611 1722 224 36 ordförande.

346 1773 226 47 Konungens
608 1772 388 47 befallningshavande
1025 1774 117 36 kallar
1170 1775 115 36 äldste
1313 1776 158 35 ledamot
1498 1775 56 37 till
1582 1775 253 49 tjänstgöring,

240 1838 120 24 varom
392 1838 93 24 ovan
514 1831 39 30 är
581 1826 154 47 stadgat.

349 1986 132 36 Denna
509 1986 59 49 lag
595 1986 122 37 träder
745 1986 13 36 i
788 1985 99 37 kraft
916 1987 70 36 den
1018 1990 16 32 1
1063 1987 148 48 januari
1243 1991 111 33 1915.

286 2333 135 42 Bihang
436 2333 50 34 till
498 2345 114 22 senare
623 2334 191 41 riksdagens
820 2334 161 41 protokoll
994 2337 95 30 1914.
1130 2337 22 29 5
1163 2335 92 33 saml.
1292 2338 43 29 13
1347 2334 83 41 häft.
1457 2336 67 39 (Nr
1536 2338 66 36 16.)
1775 2336 20 31 5
