2192 2624
709 145 257 33 Statsutskottets
988 147 165 32 utlåtande
1176 149 53 31 Nr
1253 151 74 30 109.
1799 155 15 29 1

898 591 70 41 Nr
1008 592 114 42 109.

706 748 113 27 Ankom
839 749 42 26 till
900 750 169 34 riksdagens
1089 752 92 26 kansli
1201 753 56 26 den
1278 753 31 26 21
1331 754 165 32 september
1517 755 68 26 1914
1605 757 36 24 kl.
1661 757 51 31 3,20
1731 766 23 17 e.
1775 766 36 17 m.

541 864 196 45 Utlåtande,
768 868 14 33 i
810 867 187 47 anledning
1026 881 44 23 av
1097 870 133 46 Kungl.
1258 871 129 43 Moj:ts
1399 874 218 44 proposition
1637 876 175 43 angående

636 928 126 44 anslag
808 929 53 35 till
905 931 261 36 resekostnader
1203 933 65 42 för
1314 935 181 35 medellösa
1537 937 272 35 arbetssökande.

1561 1016 72 45 (1:a
1663 1017 93 45 avd.)

313 1138 19 34 I
361 1150 46 23 en
436 1138 55 36 till
519 1138 198 49 riksdagen
747 1142 69 35 den
849 1145 45 32 17
925 1144 205 46 september
1163 1148 99 32 1914
1292 1147 154 45 avlåten,
1467 1148 57 35 till
1543 1149 267 36 statsutskottet

206 1191 57 35 för
305 1191 267 37 förberedande
614 1193 224 50 behandling
879 1196 177 37 hänvisad
1099 1199 225 46 proposition
1368 1200 56 47 (nr
1463 1202 88 47 282)
1581 1203 65 35 har
1674 1203 135 47 Kungl.

206 1243 108 48 Maj:t
355 1246 119 35 under
513 1246 229 48 åberopande
771 1261 45 24 av
844 1250 272 46 propositionen
1145 1252 115 47 bilagt
1287 1254 132 48 utdrag
1448 1267 44 24 av
1522 1257 291 46 statsrådsproto-

206 1298 114 36 kollet
362 1304 84 31 över
490 1299 246 38 civilärenden
770 1302 55 36 för
853 1316 135 23 samma
1017 1305 70 47 dag
1115 1305 186 48 föreslagit
1329 1307 197 49 riksdagen
1555 1313 53 32 att
1636 1313 45 43 på
1709 1314 103 32 extra

205 1355 72 32 stat
306 1352 56 35 för
391 1354 39 33 år
463 1355 100 34 1915
594 1354 132 49 bevilja
756 1359 51 33 ett
836 1357 283 48 förslagsanslag
1148 1372 43 23 av
1223 1362 140 41 20,000
1394 1362 134 36 kronor
1557 1367 52 32 att
1637 1364 13 34 i
1674 1364 137 35 huvud-

206 1405 120 46 saklig
355 1408 358 36 överensstämmelse
743 1411 82 34 med
854 1411 44 34 de
926 1411 12 34 i
959 1413 395 46 statsrådsprotokollet
1374 1415 156 47 angivna
1550 1418 158 45 grunder
1726 1420 85 44 utgå

205 1460 116 33 såsom
351 1458 131 48 bidrag
510 1460 56 35 till
594 1462 280 36 resekostnader
903 1463 55 36 för
987 1465 192 36 medellösa
1208 1467 291 46 arbetssökande,
1522 1481 73 24 som
1617 1482 43 23 av
1680 1471 131 35 arbets-

205 1511 376 48 förmedlingsanstalt
623 1514 161 37 anvisats
822 1517 95 46 plats
947 1520 19 32 å
995 1530 122 23 annan
1146 1522 66 42 ort,
1245 1522 81 34 med
1355 1526 73 31 rätt
1457 1522 55 36 för
1541 1524 133 47 Kungl.
1705 1524 106 47 Maj:t

204 1568 55 32 att
302 1577 44 23 av
388 1566 227 48 tillgängliga
658 1570 116 34 medel
816 1571 112 34 redan
970 1572 116 35 under
1131 1575 39 32 år
1216 1576 99 33 1914
1345 1577 205 34 utanordna
1578 1577 233 47 erforderliga

204 1618 143 47 belopp.

312 1672 237 37 Beträffande
591 1675 246 48 utredningen
880 1677 12 35 i
934 1679 149 35 ärendet
1125 1679 56 35 får
1224 1681 176 36 utskottet
1445 1682 150 36 hänvisa
1636 1683 56 35 till
1734 1696 76 34 pro-

204 1724 217 46 positionen.

311 1833 200 45 Utskottet,
543 1846 75 24 som
648 1829 117 66 finner
797 1837 132 48 Kungl.
961 1839 126 48 Maj:ts
1117 1839 276 49 ifrågavarande
1428 1843 266 48 framställning
1727 1845 85 35 böra

203 1884 158 46 bifallas,
394 1887 221 45 hemställer,

743 2000 53 33 att
824 1997 198 49 riksdagen
1051 2003 57 32 må
1138 2004 46 43 på
1213 2005 102 32 extra
1343 2006 72 32 stat
1442 2003 56 36 för
1517 2007 39 32 år
1579 2007 98 32 1915
1698 2006 115 34 under

637 2049 107 49 sjätte
782 2051 234 37 huvudtiteln
1045 2053 133 50 bevilja
1207 2058 53 33 ett
1288 2056 280 48 förslagsanslag
1596 2070 44 24 av
1670 2061 142 41 20,000

636 2103 136 36 kronor
814 2107 52 33 att
894 2105 13 35 i
935 2106 249 49 huvudsaklig
1226 2112 355 34 överensstämmelse
1620 2113 79 34 med
1729 2113 43 34 de
1800 2112 13 35 i

637 2158 397 47 statsrådsprotokollet
1064 2165 84 31 över
1177 2161 244 38 civilärenden
1449 2165 71 34 den
1544 2168 44 31 17
1612 2166 202 46 september

641 2212 100 34 1914
785 2212 157 47 angivna
984 2215 160 45 grunder
1185 2219 87 43 utgå
1314 2219 114 34 såsom
1473 2218 130 48 bidrag
1637 2218 56 36 till
1721 2231 92 23 rese-

636 2263 197 38 kostnader
871 2266 56 36 för
955 2268 194 37 medellösa
1177 2270 296 45 arbetssökande,
1505 2284 73 24 som
1608 2285 44 23 av
1680 2273 133 35 arbets-

249 2320 135 42 Bihang
403 2322 49 32 till
469 2333 112 22 senare
597 2324 193 42 riksdagens
800 2327 161 41 protokoll
978 2331 96 30 1914.
1102 2333 20 28 6
1137 2331 91 31 saml.
1256 2333 43 31 66
1315 2331 80 39 häft.
1422 2333 71 40 (Nr
1506 2335 205 33 109—110.)
1751 2335 13 30 1
