1944 2866
537 177 109 29 Första
671 174 207 42 lagutskottets
901 172 160 31 utlåtande
1086 170 48 30 Nr
1160 169 55 30 Jb.
1581 165 36 29 19

118 269 92 31 dessa
312 268 69 31 med
414 266 194 36 anslutning
637 264 50 32 till
722 264 36 30 de
791 261 216 38 synpunkter,
1039 272 65 19 som
1138 257 211 32 beträffande
1380 254 235 38 skyddstidens

119 311 101 36 längd
261 310 172 31 framförts
475 320 39 19 av
554 306 152 37 Sveriges
735 302 317 36 författarförening
1145 304 48 28 all
1221 304 39 32 på
1292 298 82 35 skäl,
1399 310 66 18 som
1492 295 121 37 jämväl

118 365 39 19 av
173 354 74 30 herr
268 353 146 30 Hansson
434 351 124 31 berörts
575 351 10 30 i
601 350 49 31 sin
668 349 131 35 motion,
815 347 122 31 teorien
955 357 48 19 om
1023 342 278 36 auktorsskyddet
1319 342 102 30 såsom
1444 339 172 36 fördyran-

118 396 37 31 de
178 396 58 31 den
260 394 168 32 klassiska
450 393 289 31 skönlitteraturen
765 389 197 37 näppeligen
984 387 111 31 vidare
1117 385 109 31 kunde
1251 382 258 39 upprätthållas,
1534 383 84 28 samt

118 437 194 31 hemstiällde
334 436 55 31 vid
412 436 118 30 sådant
554 433 218 36 förhållande,
797 435 48 28 att
867 429 216 38 skyddstiden
1107 427 107 32 skulle
1238 427 105 30 såsom
1368 425 90 31 förut
1479 423 139 31 bestäm-

119 491 68 19 mas
205 478 53 31 till
279 479 40 30 50
339 479 36 30 år
394 478 84 30 efter
498 476 134 31 auktors
654 475 72 31 död.

163 521 14 30 I
203 521 60 30 den
284 520 53 31 till
363 520 82 29 1919
468 519 53 30 års
545 517 137 36 riksdag
706 515 135 32 avlåtlna
864 513 126 37 Kungl.
1012 511 242 39 propositionen
1278 509 71 31 med
1371 508 43 31 bl.
1439 520 29 18 a.
1492 506 128 36 förslag

120 563 52 30 till
190 563 55 36 lag
264 574 49 19 om
334 564 65 28 ritt
418 561 51 31 till
488 560 151 31 litterära
657 558 58 31 och
735 556 220 32 musikaliska
972 554 81 32 verk
1072 553 137 31 anförde
1229 550 178 32 statsrådet
1426 549 59 31 och
1505 548 115 30 ehefen

122 604 51 31 för
197 604 126 36 Kungl.
348 602 410 37 Justitiedepartementet,
785 603 47 27 att
855 599 63 30 han
943 598 53 30 för
1020 596 49 31 sin
1095 595 50 31 del
1171 595 101 30 funne
1298 593 59 31 den
1382 592 48 31 tid
1455 603 40 19 av
1520 591 40 30 50
1585 590 36 30 år

121 647 85 30 efter
234 645 134 32 auktors
397 645 71 36 död,
496 644 102 31 under
624 642 112 32 vilken
764 638 403 40 mångfaldiganderätten
1196 636 103 36 enligt
1327 635 94 36 lagen
1450 644 74 20 vore
1552 631 68 37 gäl-

121 688 105 37 lande,
246 700 81 19 vara
346 687 54 31 väl
420 687 100 37 drygt
538 685 139 32 tillmätt
697 684 58 31 och
774 682 180 32 hänvisade
972 680 54 32 till
1046 680 63 31 vad
1130 690 66 20 som
1218 678 128 31 anförts
1365 677 11 30 i
1395 673 228 33 ovannämnda

122 730 119 31 motion
264 730 56 31 vid
347 730 81 30 1907
454 729 52 31 års
531 728 146 36 riksdag,
702 738 67 20 som
794 725 63 32 han
882 725 101 30 funne
1009 721 210 38 synnerligen
1244 717 253 33 beaktansvärd.
1545 716 77 31 Han

123 772 136 32 anförde
285 772 122 37 vidare,
434 775 48 28 att
508 769 250 33 bestämmelsen
785 780 49 19 om
862 766 129 37 50-årig
1018 763 176 38 skyddstid
1220 761 174 32 historiskt
1420 759 110 32 kunde
1557 758 64 31 för-

122 815 111 31 klaras
261 815 46 36 så,
333 817 49 28 alt
408 814 60 31 den
493 812 193 33 tillkommit
714 811 53 31 för
794 814 49 27 att
870 808 162 32 förmedla
1057 806 207 37 övergången
1293 804 74 31 från
1395 803 61 31 den
1484 801 137 36 »eviga»

123 857 245 31 auktorsrätten
388 855 104 38 enligt
512 851 475 40 tryckfrihetsförordningens
1010 849 98 37 regel,
1131 851 85 28 samt
1237 845 154 37 föreslog,
1413 848 48 28 att
1484 842 138 37 skydds-

123 899 88 31 tiden
233 898 108 32 skulle
362 898 141 31 omfatta
523 897 40 31 30
584 897 36 31 år
642 895 85 32 efter
748 894 217 31 författarens
989 891 71 35 död,
1081 890 105 31 vilket
1206 900 87 19 vann
1316 886 177 37 riksdagen
1513 884 110 31 bifall.

168 939 67 32 Vid
256 951 38 20 en
318 938 208 38 granskning
547 950 41 19 av
611 937 38 32 de
672 949 83 19 ovan
776 934 185 33 refererade
980 932 141 32 motiven
1144 931 53 31 för
1220 928 236 39 skyddstidens
1479 926 143 31 nedsätt-

125 982 79 37 ning
225 981 77 31 från
321 982 40 30 50
382 980 52 32 till
455 981 40 31 30
515 980 36 31 år
571 980 85 31 efter
678 979 217 31 författarens
916 975 73 38 död,
1011 974 98 32 faller
1130 973 53 32 det
1203 973 10 30 i
1232 977 134 32 ögonen,
1386 970 153 31 hurusom
1563 967 61 31 den

126 1036 44 19 nu
195 1023 192 38 framlagda
410 1023 163 31 motionen
598 1021 114 38 bryter
738 1023 67 28 mot
831 1017 229 33 ovannämnda
1085 1014 154 40 grunder,
1266 1025 69 20 som
1361 1012 129 32 anförts
1517 1010 107 31 såsom

126 1066 72 32 skäl
216 1066 53 31 för
287 1064 237 38 skyddstidens
543 1063 234 38 begränsning.
810 1061 87 31 Herr
917 1059 171 32 Hanssons
1111 1056 129 37 förslag
1259 1068 51 19 om
1329 1057 48 29 att
1397 1054 227 31 författarrät-

126 1111 52 29 ten
197 1109 85 31 efter
301 1120 44 19 nu
366 1106 206 33 föreskriven
593 1104 196 38 skyddstids
810 1103 128 37 utgång
958 1101 87 32 skall
1065 1100 121 37 övergå
1205 1098 54 32 till
1280 1100 107 29 staten
1408 1095 147 35 innebär,
1577 1094 47 31 så-

128 1163 67 19 som
222 1151 93 31 förut
338 1152 140 35 antytts,
503 1148 11 32 i
537 1147 228 38 verkligheten
791 1158 39 19 en
855 1145 162 37 återgång
1038 1142 54 33 till
1118 1142 61 31 den
1204 1140 138 37 »eviga»
1368 1138 258 32 auktorsrätten.

127 1193 98 31 Efter
245 1192 54 32 det
318 1192 272 31 författarrälten
610 1190 86 31 först
717 1188 131 32 tillhört
869 1187 60 32 den
950 1185 148 33 enskilde
1119 1183 202 32 författaren
1341 1181 58 32 och
1417 1180 81 31 hans
1519 1178 106 32 arvin-

127 1247 70 26 gar,
220 1234 139 38 övergår
379 1234 190 31 densamma
588 1232 55 32 till
667 1234 117 29 staten.
837 1229 255 31 Auktorsrätten
1115 1225 64 32 blir
1206 1225 101 32 alltså
1330 1223 109 37 aldrig
1462 1222 75 31 fritt
1562 1220 64 32 (till-

127 1277 141 38 gänglig
290 1276 54 32 för
367 1275 219 32 allmänheten
611 1274 107 32 såsom
742 1272 133 32 tänktes
899 1271 56 31 vid
981 1268 236 39 skyddstidens
1244 1265 224 37 nedsättning.
1516 1263 112 31 Under

129 1319 218 32 författarens
367 1317 116 32 livstid
505 1322 35 26 är
562 1317 54 31 det
634 1316 76 36 han,
732 1327 68 19 som
818 1313 128 32 träffar
966 1310 197 39 uppgörelse
1182 1309 73 31 med
1277 1311 46 29 ett
1342 1307 84 31 visst
1447 1306 110 36 förlag
1577 1316 50 19 om

126 1360 220 38 ulgivningen
364 1371 41 20 av
422 1358 124 34 verket,
565 1358 86 32 efter
669 1357 219 31 författarens
908 1354 63 32 död
991 1354 117 31 dennes
1128 1352 158 36 arvingar
1304 1350 58 31 och
1382 1350 86 30 efter
1487 1347 140 37 skydds-

128 1404 108 72 tidens
271 1402 129 38 utgång
434 1401 65 32 blir
535 1400 52 32 det
612 1402 118 35 staten,
756 1410 69 20 som
848 1397 111 32 träder
983 1396 12 31 i
1019 1395 219 31 författarens
1264 1392 58 32 och
1345 1392 83 31 hans
1454 1390 174 36 arvingars

129 1446 108 31 ställe.

174 1488 75 31 Hur
268 1489 124 30 statens
410 1485 197 38 ingripande
625 1484 11 32 i
655 1495 62 21 ena
734 1483 80 32 eller
832 1481 102 33 andra
952 1479 175 33 avseendet
1144 1478 146 31 kommer
1310 1479 48 29 att
1376 1480 32 28 te
1429 1475 52 37 sig
1500 1476 11 30 i
1531 1473 97 38 prak-

128 1530 101 37 tiken,
249 1529 67 32 kan
339 1527 215 39 naturligtvis
575 1527 29 38 ej
626 1526 73 32 med
719 1526 108 37 någon
846 1522 207 33 bestämdhet
1069 1521 149 38 angivas.
1262 1518 150 33 Svenska
1431 1516 198 37 Bokförläg-

130 1571 294 40 gareföreningens
447 1570 141 38 styrelse
609 1568 127 33 tillåter
757 1568 52 37 sig
830 1566 83 32 dock
931 1564 109 33 uttala
1062 1564 60 32 den
1143 1562 184 38 meningen,
1350 1563 49 29 att
1420 1560 12 31 i
1453 1559 92 37 varje
1567 1557 64 32 fall

131 1615 108 38 någon
261 1614 107 32 fördel
388 1625 41 20 ur
447 1612 162 32 kulturell
629 1610 172 39 synpunkt
822 1609 29 38 ej
872 1608 69 32 står
962 1610 50 29 att
1031 1606 101 32 vinna
1152 1616 116 27 genom
1290 1604 60 31 den
1372 1602 192 36 föreslagna
1584 1601 46 31 åt-

130 1657 135 38 gärden,
285 1655 197 33 åtminstone
501 1654 72 32 icke
595 1654 61 32 den
680 1652 157 37 fördelen,
860 1649 113 33 vartill
997 1661 75 20 man
1093 1648 110 38 syftat
1224 1646 73 32 med
1320 1644 237 38 skyddstidens
1579 1642 52 32 be-

130 1699 194 38 gränsning.
367 1696 193 39 Självfallet
578 1696 104 31 måste
701 1694 167 37 nämligen
884 1692 123 32 bokens
1025 1691 69 38 pris
1114 1689 157 38 fördyras
1292 1688 199 37 därigenom,
1513 1689 49 28 att
1580 1697 51 20 en-

132 1742 64 37 ligt
215 1741 220 32 motionärens
457 1739 80 38 plan
557 1738 141 32 honorar
719 1736 96 32 alltid
838 1735 107 31 skulle
965 1734 81 37 utgå
1069 1733 58 31 och
1147 1731 144 38 givetvis
1312 1729 65 32 blir
1399 1728 234 36 avsättningen

133 1796 40 20 av
192 1787 46 28 ett
258 1782 111 33 arbete
390 1781 97 33 alltid
506 1781 11 31 i
536 1781 107 37 någon
665 1779 86 38 mån,
773 1782 103 28 större
897 1776 79 33 eller
995 1775 135 34 mindre,
1149 1773 160 32 beroende
1325 1772 44 38 på
1388 1771 53 32 det
1462 1770 81 38 pris,
1565 1781 68 20 som

133 1827 123 31 åsättes
279 1824 136 33 arbetet.
459 1823 68 32 Vid
547 1821 258 39 kalkyleringen
827 1832 41 19 av
889 1822 46 29 ett
956 1816 276 38 bokhandelspris
1255 1815 118 38 läggas
1394 1814 37 37 ju
1449 1812 55 32 till
1525 1811 108 38 grund

133 1865 502 40 framställningskostnaderna,
686 1863 73 32 däri
806 1861 187 39 inbegripet
1031 1860 150 36 honorar,
1224 1854 409 40 försäljningskostnader,

132 1910 229 37 bokförlagets
382 1920 84 26 egna
482 1907 148 32 kontors-
652 1906 59 32 och
731 1903 272 40 lagerkostnader
1026 1914 41 19 m.
1089 1914 42 19 m.
1156 1903 85 29 samt
1262 1897 267 38 vinstmarginal.
1573 1896 61 31 Om

134 1956 46 29 elt
203 1952 111 32 arbete
337 1951 108 32 skulle
466 1954 81 28 utan
568 1946 353 38 honorarsskyldighet
943 1946 126 31 åsättas
1090 1947 46 28 ett
1157 1941 276 37 bokhandelspris
1457 1951 41 20 av
1521 1940 18 30 3
1561 1938 73 32 kro-

135 2007 68 25 nor,
223 1995 67 31 kan
311 1994 56 31 vid
388 1996 47 29 ett
453 1993 141 31 honorar
614 2003 42 20 av
676 1988 200 39 exempelvis
898 1989 39 31 50
960 1992 53 27 öre
1034 1998 59 26 per
1113 1984 169 38 exemplar
1300 2002 44 4 —
1365 1983 99 37 något
1486 1993 67 20 som
1578 1980 58 32 bör

135 2049 94 20 anses
250 2036 142 32 normalt
411 2035 56 31 vid
486 2038 48 28 ett
550 2031 276 39 bokhandelspris
844 2043 41 19 av
903 2031 18 31 3
941 2030 130 35 kronor,
1090 2029 52 36 ity
1162 2031 49 28 alt
1232 2025 304 33 författarhonorar
1554 2025 12 31 i
1584 2035 51 25 ge-

135 2079 159 33 nomsnitt
314 2078 92 32 torde
427 2077 114 31 kunna
561 2076 122 32 räknas
706 2075 54 31 till
785 2074 40 31 16
839 2070 38 39 7/;
890 2074 29 42 2
940 2084 42 19 av
1002 2069 308 38 bokhandelspriset
1331 2087 44 3 —
1396 2067 73 32 icke
1491 2066 144 31 bokhan-

136 2121 178 39 delspriset
330 2124 119 28 stanna
465 2119 58 31 vid
542 2119 18 31 3
578 2118 121 31 kronor
718 2117 40 31 50
778 2121 64 26 öre.
883 2115 96 31 Även
996 2114 43 37 på
1057 2112 138 38 höjning
1215 2123 41 20 av
1276 2110 102 38 priset
1397 2109 104 32 måste
1521 2107 115 32 nämli-

136 2177 62 26 gen
218 2163 162 33 beräknas
399 2159 409 40 försäljningskostnader,
828 2157 94 32 vilka
941 2156 83 38 utgå
1044 2155 11 31 i
1076 2156 133 36 procent
1232 2154 18 31 å
1271 2152 74 32 hela
1365 2149 271 38 bokhandelspri-

137 2209 58 35 set,
213 2206 59 33 och
290 2206 166 31 dessutom
473 2216 39 20 en
532 2203 86 32 ökad
636 2200 238 39 riskmarginal
893 2199 52 31 för
963 2197 155 38 förlaget,
1135 2195 187 38 inbegripet
1341 2197 96 29 ränta
1453 2194 19 30 å
1491 2193 53 31 det
1563 2192 74 31 ned-

137 2250 103 38 lagda
257 2247 165 39 kapitalet
439 2246 59 33 och
517 2245 105 32 andra
641 2242 232 34 omkostnader
891 2240 104 33 under
1015 2240 59 32 den
1093 2239 61 37 tid,
1175 2237 151 39 upplaga
1344 2236 71 32 icke
1436 2235 82 32 sålts
1538 2235 12 31 i
1572 2234 65 32 till-

137 2291 130 38 räcklig
286 2290 83 38 grad
389 2290 54 31 för
462 2291 49 30 att
527 2287 101 32 täcka
644 2286 161 38 förlagets
824 2296 84 25 egna
927 2281 230 34 omkostnader
1176 2280 187 38 inbegripet
1380 2279 152 31 honorar.

183 2334 187 31 Honoraret
389 2331 109 38 spelar
517 2329 100 33 också
634 2328 101 32 redan
755 2327 57 32 vid
835 2327 121 37 dagens
976 2324 132 33 arbeten
1127 2335 39 20 en
1186 2327 68 28 stor
1275 2321 72 32 roll.
1390 2320 65 32 Det
1475 2325 36 27 är
1530 2319 108 32 sålun-

139 2376 42 32 da
198 2379 47 29 ett
263 2375 81 33 känt
363 2372 219 37 förhållande,
602 2374 51 30 att
678 2371 4 31 i
699 2371 122 36 många
838 2368 62 32 fall
918 2367 142 37 arbeten,
1080 2369 83 28 trots
1182 2365 65 38 hög
1266 2363 150 37 kvalitet,
1436 2362 72 32 icke
1527 2367 56 27 äro
1599 2374 41 20 av

139 2417 236 33 beskaffenhet
398 2418 48 30 att
468 2415 113 32 kunna
603 2414 103 31 vinna
728 2411 193 37 avsättning
941 2409 56 32 vid
1020 2412 46 29 ett
1089 2408 80 38 pris,
1196 2419 68 20 som
1287 2406 107 32 skulle
1417 2406 127 31 åsättas
1567 2404 72 32 med

139 2464 47 29 ett
205 2461 142 31 honorar
365 2459 86 32 efter
468 2457 137 37 vanliga
623 2455 155 39 grunder.
819 2453 18 32 I
853 2452 118 38 dylika
988 2450 62 33 fall
1068 2450 65 32 blir
1153 2450 55 32 det
1224 2449 37 38 ju
1280 2460 44 20 nu
1342 2448 156 37 antingen
1516 2446 123 37 förläg-

139 2514 111 29 garen,
268 2514 67 20 som
354 2504 93 35 tager
466 2499 172 37 förlusten,
655 2497 80 33 eller
752 2495 100 34 också
869 2494 210 37 författaren,
1098 2504 68 20 som
1184 2493 11 31 i
1212 2491 89 33 valet
1321 2490 119 32 mellan
1459 2489 181 38 utgivande
