2248 2630
464 185 21 33 4
940 190 236 37 Statsutskottets
1205 193 164 35 Utlåtande
1392 196 67 33 N:o
1480 200 51 30 31.

1112 600 93 42 N:o
1233 601 82 41 31.

1060 753 74 29 Ank.
1159 754 47 28 till
1231 755 101 29 Riksd.
1357 756 94 29 kansli
1475 758 55 29 den
1554 760 38 28 22
1616 760 71 29 febr.
1714 762 89 35 1895,
1827 762 39 29 kl.
1891 764 18 28 3
1934 774 23 18 e.
1982 775 38 18 m.

623 891 205 48 Utlåtande,
865 896 14 34 i
918 896 198 50 anledning
1148 898 47 47 af
1221 900 97 35 väckt
1350 902 134 35 motion
1512 915 55 23 om
1595 903 183 50 skrifvelse
1804 907 58 35 till
1887 908 130 48 Kongl.

816 962 114 49 Maj:t
967 964 15 35 i
1009 964 114 48 fråga
1165 978 56 24 om
1253 969 275 49 utarrendering
1556 972 47 48 af
1613 972 200 48 jagträtten
1841 975 25 35 å
1891 976 126 36 krono-

807 1031 136 46 parker
970 1045 45 22 m.
1046 1046 45 22 m.

1758 1087 40 50 (I.
1823 1088 60 50 A.)

546 1227 90 37 Med
677 1229 221 50 anslutning
937 1232 57 36 till
1035 1233 190 38 nästlidne
1263 1235 190 50 Riksdags
1495 1245 274 32 sammansatta
1801 1246 113 33 stats-
1944 1244 73 36 och

412 1276 231 49 lagutskotts
678 1280 227 39 hemställan
930 1282 10 36 i
969 1283 194 38 utlåtande
1191 1298 62 24 n:o
1284 1289 18 33 7
1331 1287 68 36 har
1426 1288 89 36 herr
1549 1288 36 38 C.
1626 1291 50 35 W.
1705 1290 200 48 Collander,
1929 1294 88 36 med

414 1327 157 37 hvilken
612 1330 90 36 herr
747 1331 38 38 0.
814 1333 44 35 B.
892 1332 126 39 Olsson
1048 1348 47 22 m.
1124 1335 36 36 fl.
1189 1336 166 48 instämt,
1393 1338 3 35 i
1424 1351 47 24 en
1498 1339 103 37 inom
1630 1341 131 36 Andra
1784 1342 233 39 Kammaren

413 1379 126 46 väckt,
566 1379 58 37 till
653 1382 288 38 statsutskottet
968 1385 223 37 remitterad
1220 1387 144 37 motion
1393 1385 75 50 (n:o
1500 1387 83 50 130)
1604 1390 213 50 föreslagit,
1836 1399 56 32 att
1906 1394 111 37 Riks-

414 1428 125 49 dagen
567 1435 117 33 måtte
712 1432 13 36 i
753 1432 205 39 skrifvelse
987 1435 57 36 till
1072 1436 140 49 Kongl.
1243 1438 105 49 Maj:t
1375 1440 162 47 anhålla,
1561 1447 55 31 att
1639 1442 141 49 Kongl.
1801 1444 107 49 Maj:t
1926 1446 89 36 ville

413 1479 77 37 låta
516 1482 146 47 utreda,
691 1482 96 37 huru
816 1484 87 37 vida
926 1499 141 35 genom
1088 1488 326 39 utarranderande
1437 1491 41 36 af
1487 1491 212 49 jagträtten
1718 1497 20 33 å
1754 1494 263 51 kronoparker

414 1530 72 37 och
531 1545 124 24 annan
693 1533 145 38 kronan
878 1536 185 49 tillhörig,
1105 1538 259 50 odisponerad
1411 1543 107 35 mark
1560 1543 200 38 äfvensom
1800 1548 20 34 å
1861 1546 155 38 härads-

413 1582 280 50 allmänningar
720 1584 169 38 inkomst
917 1587 127 37 kunde
1079 1588 163 38 beredas
1271 1592 232 37 statsverket
1531 1593 95 37 eller
1647 1594 209 50 delegarne
1873 1597 10 36 i
1900 1598 115 38 dessa

412 1633 292 50 allmänningar,
747 1635 97 37 dock
882 1642 92 32 utan
1016 1638 153 50 intrång
1209 1641 42 36 af
1277 1645 148 45 någons
1454 1657 49 23 nu
1531 1644 209 38 bestående
1769 1646 144 50 lagliga
1940 1654 76 32 rätt

412 1684 72 37 och
511 1684 121 37 under
660 1686 142 37 sådana
830 1688 299 48 arrendevilkor,
1159 1697 56 30 att
1237 1691 136 49 jagten
1402 1696 20 34 å
1442 1694 113 37 dessa
1574 1696 153 37 marker
1745 1697 61 36 väl
1826 1699 188 38 vårdades

412 1735 73 36 och
508 1735 214 48 jagträtten
749 1738 207 37 utöfvades
984 1745 91 31 utan
1103 1741 121 37 skada
1252 1742 58 37 för
1338 1743 168 49 skogens
1534 1746 174 47 bestånd,
1730 1754 98 30 samt
1847 1749 168 38 derefter

410 1785 60 37 för
496 1786 224 49 Riksdagen
747 1787 215 51 framlägga
990 1790 65 37 det
1081 1791 147 50 förslag
1254 1793 57 36 till
1339 1794 64 48 lag
1430 1795 12 36 i
1470 1800 140 44 ämnet,
1639 1797 153 38 hvartill
1812 1799 125 38 denna
1956 1808 58 29 ut-

409 1836 163 48 redning
599 1837 130 37 kunde
757 1839 104 48 gifva
890 1841 218 49 anledning.

544 1887 135 37 Såsom
711 1888 12 36 i
756 1890 195 37 motionen
980 1892 199 50 åberopas,
1208 1894 97 37 hade
1334 1908 143 25 samme
1506 1897 189 38 motionär
1716 1900 146 47 jemväl
1890 1902 123 37 under

412 1939 96 35 1894
548 1941 59 34 års
648 1939 157 50 riksdag
846 1942 115 36 väckt
1001 1942 144 50 förslag
1177 1944 12 36 i
1222 1945 248 38 förevarande
1511 1953 128 42 ämne;
1674 1951 72 36 och
1784 1951 98 37 hade
1924 1953 88 37 med

409 1988 208 49 anledning
658 1990 111 37 deraf
804 1999 273 31 sammansatta
1116 2000 112 32 stats-
1256 1997 72 36 och
1356 1997 254 48 lagutskottet
1637 2000 11 36 i
1676 2001 195 38 utlåtande
1899 2017 61 23 n:o
1991 2007 19 33 7

407 2039 104 47 gjort
554 2041 201 37 enahanda
796 2042 240 49 hemställan,
1082 2058 81 24 som
1210 2060 49 23 nu
1304 2047 266 50 föreliggande
1610 2050 146 50 förslag
1793 2053 216 38 innefattar.

408 2089 217 38 Utskottets
654 2091 228 38 hemställan
911 2094 83 36 blef
1017 2094 41 37 af
1080 2096 129 37 Andra
1239 2098 231 37 Kammaren
1499 2100 168 49 bifallen,
1697 2115 87 23 men
1813 2104 41 36 af
1876 2104 136 38 Första

408 2140 230 38 Kammaren
667 2142 182 48 afslagen.

539 2191 73 38 Det
652 2200 273 31 sammansatta
965 2196 188 37 utskottet
1194 2198 168 48 anförde,
1404 2200 116 37 bland
1558 2207 127 42 annat,
1728 2207 54 32 att
1822 2205 188 38 utskottet

406 2241 113 49 hyste
560 2242 73 37 den
673 2244 259 51 uppfattning,
974 2252 54 31 att
1069 2252 127 32 staten
1234 2249 117 37 borde
1392 2251 139 48 kunna,
1572 2256 49 45 på
1662 2257 76 32 sätt
1768 2255 241 38 motionären
