1888 2788
290 172 19 29 4
510 171 105 26 Andra
633 171 196 25 kammarens
850 169 130 33 första
997 168 155 34 tillfälliga
1172 168 131 27 utskotts
1322 168 157 26 utlåtande
1497 176 37 18 nr
1553 167 26 27 8.

339 261 174 29 Utskottet
542 261 65 29 har
635 259 145 31 sålunda
808 260 58 29 vid
894 259 53 30 sin
976 258 215 40 granskning
1219 269 43 19 av
1290 258 486 39 förmynderskapsperioden

294 314 78 30 icke
397 314 135 30 kunnat
557 314 101 29 finna
683 313 189 34 sannolikt,
898 316 50 26 att
973 322 41 20 en
1041 322 46 28 ny
1114 311 186 39 utredning
1326 312 111 29 skulle
1465 311 121 30 kunna
1615 311 163 39 uppdaga

294 366 201 39 någonting,
523 376 77 20 som
628 367 75 29 icke
730 366 169 38 klarlagts
927 366 65 29 och
1018 366 160 29 bedömts
1204 364 57 30 vid
1291 364 310 39 myndigheternas
1631 364 146 39 tidigare

293 420 198 38 befattning
514 420 81 29 med
618 420 151 29 ärendet.

338 473 230 30 Beträffande
589 472 423 30 affärstransaktionerna
1034 472 112 29 under
1168 471 154 29 Unmans
1344 469 349 40 myndighetsperiod
1714 480 62 19 un-

292 527 63 29 der
383 527 92 29 tiden
509 528 13 28 1
557 536 94 20 mars
686 526 148 29 1931—3
866 535 93 19 mars
994 525 82 29 1932
1109 525 67 29 den
1208 534 24 19 s.
1266 524 32 29 k.
1336 523 436 38 »vidräkningsperioden»>

357 581 39 28 är
415 580 56 29 det
490 578 95 31 svårt
606 582 49 27 att
675 579 92 29 bilda
787 579 52 38 sig
861 588 42 20 en
923 578 76 30 klar
1021 577 228 39 uppfattning
1272 587 42 19 av
1335 577 65 29 vad
1423 586 74 20 som
1519 576 177 29 förevarit.
1720 575 57 30 Så-

294 642 78 21 som
389 643 42 20 av
448 632 141 39 bilagan
609 631 153 40 framgår
781 641 62 20 var
861 632 137 29 Unman
1016 631 113 29 under
1150 631 113 29 denna
1283 630 50 30 tid
1352 630 184 30 invecklad
1558 629 9 29 i
1589 629 187 30 omfattan-

294 687 43 29 de
361 686 133 30 affärer
517 689 87 26 utan
628 689 49 26 att
701 686 44 29 ha
769 685 137 29 ordnad
930 684 199 38 bokföring.
1156 684 55 29 Att
1238 683 139 29 Unman
1402 683 187 29 förbrukat
1616 692 41 19 en
1683 683 94 37 bety-

294 740 116 29 dande
426 740 54 29 del
495 749 43 20 av
554 739 54 30 sin
626 736 244 40 förmögenhet
887 746 124 30 genom
1030 736 231 30 ekonomiska
1280 739 228 35 engagement
1527 736 9 28 i
1556 735 220 30 Stockholms

293 792 341 39 garveriaktiebolag
658 793 38 28 är
721 791 170 39 ostridigt.
916 791 138 29 Unman
1079 790 203 29 invecklade
1307 789 51 39 sig
1383 789 117 29 vidare
1526 789 112 29 under
1662 788 115 29 denna

294 846 51 30 tid
366 846 10 29 i
398 846 133 30 affärer
553 846 81 29 med
656 845 172 30 bankiren
850 844 129 39 Gregor
1002 843 243 38 Mileikowsky
1267 845 90 27 samt
1380 841 153 31 anlitade
1556 842 56 28 för
1636 841 141 29 förvalt-

294 900 131 38 ningen
448 909 41 20 av
511 899 54 30 sin
590 900 169 38 egendom
783 898 174 30 bankiren
982 898 121 38 Birger
1127 896 179 31 Varenius.
1333 897 130 29 Hittills
1488 896 213 30 verkställda
1725 899 52 26 ut-

294 953 190 39 redningar
501 954 46 29 ha
565 953 78 30 icke
662 953 134 29 kunnat
816 952 78 30 leda
913 952 10 28 i
940 951 95 30 bevis
1054 951 84 30 eller
1160 952 81 37 göra
1261 950 189 34 sannolikt,
1471 953 49 27 att
1540 950 101 29 dessa
1661 958 116 30 perso-

294 1017 63 19 ner
382 1007 90 38 gjort
497 1006 52 39 sig
575 1006 158 39 skyldiga
760 1006 52 29 till
839 1005 174 38 brottsligt
1041 1004 205 30 förfarande
1273 1006 80 36 gent
1380 1006 92 27 emot
1499 1003 150 29 Unman.
1678 1002 98 30 Vissa

293 1060 263 30 transaktioner
580 1069 104 29 synas
706 1059 90 29 dock
819 1059 45 29 ha
887 1058 88 30 varit
998 1068 41 20 av
1063 1056 341 39 anmärkningsvärd
1428 1059 112 30 natur,
1565 1055 211 38 exempelvis

293 1123 44 20 en
358 1113 181 30 utfästelse
561 1112 81 30 från
667 1112 137 30 Unman
825 1111 53 30 till
899 1110 243 38 Mileikowsky
1163 1113 49 26 att
1234 1109 57 30 vid
1313 1109 303 39 guldmyntfotens
1638 1108 138 30 avskaf-

293 1167 109 30 fande
422 1166 10 30 i
453 1166 139 39 Sverige
613 1167 137 37 erlägga
771 1165 92 29 vissa
884 1164 148 30 likvider
1055 1163 216 30 omräknade
1294 1163 9 29 i
1328 1163 211 38 guldvaluta.
1564 1161 212 30 Observeras

293 1219 60 31 må
376 1220 98 35 dock,
499 1222 51 27 att
574 1219 243 38 Mileikowsky
841 1218 112 30 under
978 1217 213 38 Lundquists
1215 1214 333 40 förmyndarperiod
1574 1213 202 31 förmåddes

293 1276 52 27 att
366 1272 98 31 avstå
485 1272 96 30 ifrån
602 1275 50 27 att
673 1271 153 39 åberopa
848 1272 114 29 denna
983 1269 393 39 betalningsutfästelse,
1400 1278 75 20 som
1496 1267 45 31 då
1563 1270 213 36 represente-

293 1327 85 30 rade
402 1329 48 27 ett
471 1326 107 30 värde
601 1335 42 20 av
664 1326 41 29 38
718 1326 63 29 000
806 1325 141 29 kronor.

338 1380 173 39 Tilläggas
536 1378 68 36 må,
629 1382 49 27 att
702 1379 56 29 det
781 1378 161 39 negativa
966 1378 181 29 resultatet
1170 1387 42 19 av
1235 1376 276 39 utredningarna
1536 1386 42 19 ur
1603 1375 174 39 brottslig-

293 1433 262 39 hetssynpunkt
577 1433 77 30 icke
676 1432 178 34 utesluter,
878 1434 50 27 att
952 1431 138 30 Unman
1115 1429 79 31 från
1217 1430 54 29 sin
1295 1429 241 38 rättskapabla
1563 1429 50 29 tid
1639 1429 68 29 kan
1731 1429 46 29 ha

292 1487 154 40 anspråk
464 1497 43 21 av
523 1487 213 38 civilrättslig
753 1489 102 27 natur
873 1488 171 37 gentemot
1062 1484 114 39 någon
1193 1485 81 29 eller
1291 1483 107 40 några
1419 1494 41 20 av
1479 1484 88 34 dem,
1588 1484 79 29 med
1685 1483 92 30 vilka

292 1542 73 29 han
383 1541 86 30 varit
487 1540 185 30 invecklad
690 1540 9 29 i
718 1539 140 30 affärer.
879 1539 177 30 Processer
1075 1539 45 29 ha
1139 1537 103 31 också
1262 1546 123 30 genom
1404 1538 67 29 alla
1492 1540 49 27 tre
1562 1537 215 29 instanserna

294 1595 90 29 förts
405 1604 42 20 av
468 1594 140 30 Unman
631 1596 79 36 gent
731 1595 93 27 emot
847 1591 243 39 Mileikowsky
1112 1594 84 27 utan
1217 1593 50 27 att
1289 1591 58 29 det
1369 1600 42 20 av
1437 1590 138 29 Unman
1600 1590 66 29 och
1688 1589 89 30 hans

293 1648 133 30 ombud
446 1647 203 38 förebragta
671 1645 196 31 materialet
888 1655 42 20 av
951 1645 241 30 domstolarna
1213 1644 137 29 kunnat
1371 1644 116 38 läggas
1511 1643 53 30 till
1588 1642 112 39 grund
1721 1642 56 29 för

293 1702 84 30 dom
397 1701 52 30 till
470 1701 159 30 Unmans
651 1699 149 31 förmån.

339 1755 176 30 Utskottet
532 1755 67 29 har
617 1753 56 30 vid
690 1753 52 30 sin
759 1752 262 39 handläggning
1039 1762 43 20 av
1100 1753 143 29 ärendet
1262 1752 77 30 icke
1358 1752 134 29 kunnat
1512 1751 178 39 bibringas
1709 1751 67 30 den

293 1808 251 39 övertygelsen,
569 1810 51 28 att
643 1806 191 40 någonting
857 1806 112 30 skulle
991 1805 53 31 stå
1067 1809 50 27 att
1140 1806 104 30 vinna
1269 1814 126 30 genom
1420 1815 42 20 en
1486 1805 153 38 förnyad
1663 1804 114 30 utred-

293 1862 86 39 ning
402 1862 79 29 med
506 1861 174 30 avseende
705 1860 19 30 å
747 1870 48 20 nu
820 1860 150 30 berörda
994 1859 133 39 period.
1164 1859 118 30 Redan
1308 1859 64 29 när
1399 1859 82 29 1938
1507 1857 56 30 års
1590 1857 187 38 utredning

293 1915 229 30 verkställdes
549 1914 120 30 visade
694 1914 57 29 det
776 1913 52 39 sig
853 1912 94 31 svårt
971 1915 50 27 att
1047 1912 90 30 efter
1163 1911 38 31 så
1227 1911 80 39 lång
1337 1911 50 30 tid
1413 1911 85 30 söka
1527 1911 250 29 rekonstruera

292 1968 362 34 affärshändelserna,
681 1968 93 29 detta
801 1967 127 29 främst
953 1974 125 31 genom
1103 1965 226 31 avsaknaden
1356 1974 43 21 av
1425 1965 136 29 ordnad
1587 1963 190 39 bokföring

292 2021 83 31 från
393 2022 156 30 Unmans
567 2021 86 30 sida.
672 2020 65 30 Om
753 2021 97 29 detta
868 2020 112 38 gällde
999 2019 93 34 1938,
1113 2017 38 31 så
1167 2017 110 31 måste
1294 2018 58 29 det
1371 2018 89 38 gälla
1480 2018 80 29 med
1579 2016 38 31 så
1638 2016 138 39 mycket

292 2077 114 29 större
424 2075 107 39 tyngd
548 2075 78 29 elva
643 2073 38 30 år
697 2073 170 39 fjärmare
883 2073 57 30 det
957 2071 247 40 ursprungliga
1222 2071 358 38 händelseförloppet.
1601 2070 176 30 Utskottet

293 2131 72 28 kan
383 2129 54 30 för
455 2128 111 39 övrigt
585 2128 136 30 ansluta
741 2127 50 39 sig
809 2127 52 30 till
881 2127 67 30 den
968 2126 149 39 mening,
1139 2134 73 21 som
1234 2125 144 29 uttalats
1402 2134 42 20 av
1464 2124 205 30 nuvarande
1690 2123 86 30 riks-

292 2182 189 39 åklagaren
503 2182 162 29 Heuman
688 2180 10 30 i
721 2181 128 29 dennes
873 2180 10 29 i
905 2180 173 38 egenskap
1103 2188 42 20 av
1168 2181 22 27 t.
1217 2178 22 29 f.
1266 2177 278 39 justitiekansler
1571 2177 81 29 1947
1678 2176 98 29 verk-

292 2236 129 30 ställda
440 2234 198 39 utredning,
661 2233 175 38 nämligen
857 2235 51 27 att
929 2241 81 21 man
1031 2234 86 28 utan
1140 2231 168 30 överdrift
1331 2231 70 29 kan
1424 2229 109 40 påstå,
1557 2233 51 27 att
1634 2228 143 40 »frågan

292 2298 60 20 om
374 2289 67 29 hur
462 2297 42 20 en
528 2296 131 30 person
681 2286 148 30 förlorat
853 2285 54 30 sin
933 2285 246 38 förmögenhet
1201 2286 123 36 ytterst
1348 2284 120 34 sällan,
1493 2283 136 30 kanske
1654 2282 121 38 aldrig,

292 2341 102 31 blivit
413 2340 38 30 så
467 2343 174 36 noggrant
654 2340 70 29 och
742 2338 178 40 grundligt
938 2338 125 30 utredd
1082 2347 43 20 av
1143 2336 185 39 offentliga
1346 2336 245 39 myndigheter
1611 2336 66 29 och
1696 2334 80 30 från

292 2394 131 31 enskilt
441 2393 71 30 håll
532 2402 78 21 som
629 2393 10 29 i
657 2393 93 29 detta
770 2392 93 30 fall.»

338 2448 14 30 I
377 2447 233 31 förevarande
635 2445 132 30 motion
792 2446 100 38 göres
919 2444 170 39 gällande,
1117 2446 49 27 att
1191 2442 258 39 behandlingen
1474 2451 43 21 av
1544 2442 140 30 Unman
1709 2440 68 30 och
