2202 2616
432 159 38 30 10
705 159 219 29 Sammansatta
947 159 83 27 stats-
1054 158 52 28 och
1129 157 246 29 bankoutskottets
1397 156 153 29 utlåtande
1572 157 44 28 Nr
1638 159 29 26 9.

387 248 137 34 rörelse
564 249 98 32 samt
694 245 265 43 huvudparten
987 256 46 22 av
1061 244 75 34 alla
1163 244 245 43 uttagningar
1434 242 86 35 från
1547 243 159 34 banken.
1760 243 151 34 Jämväl
1939 243 62 36 för

388 297 202 35 framtiden
632 296 106 34 torde
778 295 324 44 postsparbanken
1143 294 145 43 nödgas
1324 297 89 40 taga
1441 293 234 43 postverkets
1703 292 161 44 tjänster
1891 294 12 33 i
1932 305 66 23 an-

389 348 113 44 språk
540 348 13 33 i
584 347 76 33 lika
692 349 76 31 stor
795 346 230 42 omfattning
1052 356 80 23 som
1159 344 114 35 förut.
1326 344 178 34 Bankens
1536 343 238 35 verksamhet
1801 346 41 31 är
1869 343 130 35 därför

389 399 56 34 till
472 397 269 43 väsentligaste
770 396 59 34 del
856 395 185 35 beroende
1069 406 47 23 av
1143 395 216 43 postverket
1386 395 70 34 och
1485 394 84 34 dess
1596 393 242 44 tjänstemän.

523 448 80 33 Den
644 447 189 43 naturliga
861 446 221 43 anslutning
1108 446 58 33 till
1195 445 225 44 postverket,
1450 456 79 23 som
1558 444 111 34 alltså
1696 444 214 43 förefinnes,
1940 447 59 31 ut-

389 502 67 41 gör
496 497 296 44 uppenbarligen
833 500 53 31 ett
918 496 120 35 starkt
1065 496 79 34 skäl
1172 495 59 35 för
1258 495 345 44 postsparbankens
1630 494 253 35 införlivande
1912 494 87 34 med

390 549 226 44 postverket,
658 547 94 35 dock
788 547 119 34 under
934 547 272 43 förutsättning
1233 549 66 39 att,
1327 545 145 43 jämväl
1501 545 94 35 efter
1622 556 46 23 en
1697 545 103 43 dylik
1827 544 172 35 införliv-

389 600 103 43 ning,
532 598 148 35 banken
721 599 73 33 kan
830 598 157 34 beredas
1019 597 71 35 den
1118 597 102 34 fasta
1247 596 257 44 organisation
1533 596 68 33 och
1630 596 85 34 dess
1742 595 155 43 ledning
1925 595 73 34 den

390 650 277 43 självständiga
695 649 190 43 ställning,
915 660 79 23 som
1022 651 54 32 ett
1103 647 279 35 handhavande
1411 645 50 45 på
1484 645 350 35 tillfredsställande
1854 648 77 32 sätt
1951 657 49 23 av

389 701 168 33 bankens
586 700 314 42 angelägenheter
927 699 143 34 kräver.

524 749 19 33 I
569 749 105 34 detta
702 749 275 45 sammanhang
1003 748 105 34 torde
1135 748 91 33 böra
1253 747 169 42 betonas,
1452 748 57 32 att
1535 745 365 44 generaldirektören
1930 747 69 33 och

391 799 132 36 chefen
551 799 58 35 för
635 798 215 44 postverket
877 798 116 34 redan
1021 810 51 22 nu
1099 799 11 33 i
1139 799 58 33 sin
1226 797 254 43 självskrivna
1499 797 187 43 egenskap
1707 808 47 22 av
1773 796 227 34 ordförande

390 851 12 33 i
430 849 482 44 postsparbanksstyrelsen
941 851 41 31 är
1009 848 343 44 postsparbankens
1381 848 133 43 högste
1534 847 94 34 chef.
1674 847 130 43 Enligt
1823 846 177 44 gällande

391 900 282 35 bestämmelser
701 902 41 32 är
768 899 366 44 generaldirektören
1163 909 129 24 ensam
1320 897 283 35 bestämmande
1631 898 9 33 i
1663 898 75 33 alla
1757 897 45 34 de
1821 897 177 42 ärenden,

391 963 78 22 som
497 950 100 35 inför
624 950 138 34 honom
793 949 219 44 föredragas
1041 961 47 22 av
1114 948 523 45 postsparbanksdirektören,
1667 948 70 34 och
1764 948 12 33 1
1803 947 109 44 fråga
1940 959 59 23 om

391 1001 176 42 ärenden,
609 1012 80 22 som
717 999 219 44 föredragas
964 1000 12 33 i
1004 999 71 34 den
1103 999 168 34 samlade
1298 999 494 43 postsparbanksstyrelsen,
1822 1001 89 40 äger
1938 1010 62 31 ge-

390 1051 332 41 neraldirektören,
763 1050 12 33 i
813 1049 179 34 händelse
1020 1061 48 22 av
1093 1049 77 34 lika
1197 1049 165 41 röstetal,
1391 1049 236 42 utslagsröst.
1681 1048 319 43 Postsparbanks-

391 1103 210 34 direktören
641 1104 42 31 är
723 1099 109 35 alltså
871 1100 81 34 icke
992 1099 174 35 utrustad
1207 1099 85 34 med
1332 1098 71 34 den
1432 1098 231 34 vidsträckta
1690 1098 227 43 befogenhet
1945 1101 56 31 att

391 1153 100 43 själv
517 1151 114 35 träffa
658 1150 253 45 avgöranden,
941 1162 79 22 som
1048 1151 12 33 i
1088 1150 208 34 allmänhet
1323 1152 42 31 är
1391 1149 199 43 medgiven
1618 1148 127 35 chefer
1771 1148 58 35 för
1856 1151 145 31 statens

391 1204 101 43 verk,
534 1205 93 32 utan
667 1202 148 44 intager
854 1202 12 33 i
905 1201 259 43 verkligheten
1205 1199 159 44 ungefär
1400 1199 201 35 enahanda
1628 1199 181 44 ställning
1836 1210 81 23 som
1954 1209 45 23 en

391 1253 183 45 byråchef
598 1254 12 33 i
638 1252 435 45 generalpoststyrelsen.
1127 1251 132 44 Enligt
1285 1250 277 34 instruktionen
1589 1249 59 34 för
1674 1249 326 44 postsparbanken

393 1307 89 42 äger
522 1305 75 33 han
626 1303 33 43 ej
691 1306 56 32 att
782 1302 270 44 självständigt
1080 1305 141 40 avgöra
1248 1303 117 32 annat
1391 1303 49 32 än
1469 1300 164 34 ärenden
1661 1311 48 23 av
1736 1299 145 35 mindre
1908 1299 93 35 vikt.

393 1355 143 36 Chefen
563 1354 60 35 för
649 1353 271 36 förutvarande
948 1351 417 46 postsparbanksbyrån
1393 1351 100 35 hade
1525 1350 159 44 ungefär
1712 1350 200 35 enahanda
1939 1350 62 34 be-

392 1406 179 44 fogenhet
598 1416 80 23 som
718 1403 510 45 postsparbanksdirektören
1268 1414 50 22 nu
1350 1402 80 34 har.
1485 1401 174 34 Bankens
1687 1400 238 45 uppförande
1952 1399 50 44 på

394 1457 186 34 ordinarie
600 1459 75 31 stat
693 1455 192 34 medförde
906 1454 159 34 sålunda
1083 1454 13 33 i
1115 1454 105 34 detta
1239 1452 215 35 hänseende
1474 1452 111 43 ingen
1604 1452 146 43 verklig
1767 1450 234 43 förändring.

528 1507 73 34 Det
641 1506 95 34 mått
762 1517 48 22 av
837 1504 319 44 självständighet
1184 1504 69 33 och
1280 1503 265 41 rörelsefrihet,
1574 1514 78 22 som
1681 1502 58 34 för
1765 1500 238 36 närvarande

392 1558 226 35 tillkommer
649 1554 524 46 postsparbanksdirektören,
1206 1554 105 34 torde
1342 1557 94 30 utan
1465 1553 191 43 svårighet
1683 1553 69 33 och
1780 1563 59 22 om
1867 1551 42 34 så
1937 1562 66 23 an-

393 1620 58 23 ses
493 1608 178 34 önskvärt
710 1610 96 31 även
846 1607 12 33 i
898 1605 98 35 ökad
1036 1605 93 43 grad
1169 1605 129 33 kunna
1338 1603 156 34 beredas
1527 1602 130 34 chefen
1685 1602 59 35 för
1771 1602 71 34 den
1870 1601 133 43 byrå
1980 1597 25 55 i

393 1658 435 45 generalpoststyrelsen,
856 1656 128 34 vilken
1012 1655 117 43 enligt
1147 1653 556 45 postsparbankssakkunnigas
1722 1652 141 43 förslag
1882 1652 121 34 skulle

393 1710 159 33 inrättas
584 1708 58 35 för
669 1706 280 36 handhavande
977 1717 48 23 av
1050 1704 475 44 postsparbanksrörelsen.
1566 1703 55 34 De
1649 1703 236 43 sakkunniga
1905 1702 99 34 hava

392 1760 144 43 jämväl
576 1759 12 33 i
629 1759 66 33 sitt
734 1757 142 43 förslag
915 1755 125 44 utgått
1078 1755 100 34 ifrån
1220 1758 55 31 att
1314 1754 165 34 nämnde
1506 1753 182 43 byråchef
1714 1753 118 34 skulle
1860 1752 144 34 erhålla

394 1822 45 23 en
467 1810 152 34 relativt
644 1808 209 34 vidsträckt
879 1806 237 44 befogenhet.
1161 1805 48 43 Ej
1237 1805 116 34 heller
1378 1805 13 33 i
1416 1805 124 42 övrigt
1558 1815 111 32 synes
1689 1804 72 33 den
1779 1802 225 44 ifrågasatta

394 1859 397 43 sammanslagningen
818 1858 146 34 behöva
992 1859 132 41 utgöra
1152 1855 135 34 hinder
1313 1854 58 35 för
1398 1856 56 32 att
1482 1854 39 34 åt
1538 1854 146 34 banken
1705 1854 103 43 gives
1828 1864 45 23 en
1892 1852 113 44 prak-

394 1911 74 34 tisk
510 1910 69 34 och
619 1908 261 43 affärsmässig
920 1909 98 32 samt
1049 1906 85 34 med
1161 1905 178 35 liknande
1366 1905 149 43 företag
1540 1904 194 43 jämförlig
1759 1903 244 43 förvaltning.

528 1961 76 33 För
631 1971 92 32 egen
752 1959 59 34 del
838 1959 74 33 kan
939 1957 68 44 jag
1034 1957 33 43 ej
1098 1957 117 34 heller
1241 1956 114 42 finna,
1385 1955 124 34 såsom
1536 1954 83 34 från
1647 1955 103 33 vissa
1776 1954 76 34 håll
1880 1953 125 43 gjorts

395 2011 187 44 gällande,
616 2013 57 31 att
700 2008 479 45 postsparbanksrörelsens
1207 2005 261 35 beskaffenhet
1495 2006 12 32 i
1535 2005 67 34 och
1629 2004 60 35 för
1716 2005 57 43 sig
1799 2004 119 34 skulle
1946 2006 59 31 ut-

396 2065 90 40 göra
526 2061 115 43 något
681 2059 134 34 hinder
853 2058 59 35 för
952 2058 167 34 bankens
1151 2056 234 35 inordnande
1413 2056 12 33 i
1454 2055 226 44 postverket,
1710 2054 150 34 särskilt
1887 2053 117 35 sedan

395 2112 148 34 banken
571 2122 155 23 numera
754 2109 155 34 befriats
936 2108 86 35 från
1050 2108 41 34 så
1118 2110 82 41 gott
1227 2118 79 23 som
1334 2107 75 33 alla
1437 2106 46 34 de
1510 2106 146 34 banken
1685 2105 101 34 förut
1804 2103 201 45 åliggande

396 2161 204 45 uppgifter,
629 2161 102 34 vilka
758 2161 100 42 legat
884 2159 65 34 vid
978 2159 107 34 sidan
1114 2169 48 23 av
1190 2158 84 34 dess
1302 2156 190 44 egentliga
1519 2155 248 36 verksamhet.
1808 2155 198 43 Postspar-

396 2213 169 34 bankens
605 2210 377 43 centralförvaltning
1021 2220 110 33 synes
1163 2209 12 34 i
1204 2210 94 32 stort
1325 2210 72 31 sett
1425 2207 129 34 kunna
1580 2206 199 34 betecknas
1807 2205 124 35 såsom
1960 2216 46 22 en
