2152 2665
309 145 35 28 18
515 143 111 29 Andra
650 141 205 31 Kammarens
881 142 168 42 Tillfälliga
1076 141 129 31 Utskotts
1228 140 76 39 (N:o
1330 144 28 35 1)
1387 140 159 32 Utlåtande
1569 141 64 31 N:o
1656 142 52 31 36.

307 227 122 45 någon
469 223 164 36 kontroll
672 224 104 35 öfver
813 223 73 35 den
923 222 230 37 studerande
1185 222 235 48 ungdomens
1448 228 76 30 sätt
1552 228 55 30 att
1635 222 173 36 bedrifva
1835 224 81 35 sina

307 276 166 35 arbeten.
529 275 238 36 Motionären
797 275 147 44 önskar,
974 280 55 30 att
1058 275 241 47 lärjungarne
1328 273 111 36 äfven
1467 274 63 36 vid
1559 274 274 36 universiteten
1856 279 59 32 må

306 328 116 36 varda
464 327 280 36 underkastade
781 332 54 31 ett
873 332 147 43 strängt
1057 325 321 48 reglementeradt
1419 325 141 45 arbete,
1603 326 225 36 åtminstone
1858 326 57 36 för

307 380 46 35 de
392 380 243 48 preliminära
673 379 184 35 examina.
913 377 73 37 Det
1019 378 116 35 borde
1164 391 97 33 noga
1291 377 239 47 bestämmas,
1561 378 152 35 hvilken
1742 378 85 47 plan
1856 378 60 36 för

306 431 196 36 studierna
531 431 58 35 till
617 431 108 35 dessa
754 443 89 22 vore
872 436 56 29 att
955 430 101 47 följa,
1086 429 69 35 och
1184 428 157 36 framför
1370 429 67 35 allt
1466 429 117 35 borde
1617 442 194 35 noggrann
1840 430 74 35 till-

306 496 67 36 syn
414 483 118 35 hållas
566 481 189 44 deröfver,
784 488 55 29 att
868 481 246 36 studenterna
1144 480 85 36 med
1258 480 57 36 flit
1343 479 153 37 utförde
1526 480 46 36 de
1601 481 85 35 dem
1716 480 198 48 åliggande

306 535 168 35 arbeten.
529 534 84 35 Med
643 533 175 36 afseende
849 537 47 44 på
923 539 134 43 nyttan
1084 532 39 36 af
1139 532 194 46 praktiska
1352 532 260 48 studieplaner
1632 532 66 35 har
1718 531 196 37 Utskottet

305 585 105 37 förut
440 585 78 36 haft
547 585 149 36 tillfälle
726 592 55 28 att
810 585 119 35 uttala
958 585 67 47 sig,
1059 584 70 35 och
1159 583 195 36 Utskottet
1384 584 66 34 har
1478 584 117 35 redan
1623 582 190 37 framstält
1842 583 71 36 den

307 639 155 42 önskan,
492 643 55 30 att
576 637 139 36 sådana
745 636 117 36 borde
892 636 194 36 utarbetas
1115 635 71 36 och
1215 635 306 36 tillhandahållas
1550 635 73 36 den
1649 635 57 36 till
1735 635 180 36 universi-

305 693 96 30 tetet
441 688 275 34 ankommande
758 688 216 34 studenten.
1030 686 70 36 Om
1138 690 40 31 så
1215 686 125 35 blefve
1373 687 128 45 gjordt
1530 687 70 34 och
1630 700 60 21 om
1720 687 194 34 undervis-

305 739 142 47 ningen
489 738 128 36 dertill
658 750 91 23 vore
787 737 166 36 inrättad
989 736 96 37 efter
1113 736 108 36 dessa
1249 736 273 47 studieplaner,
1551 740 40 31 så
1619 736 110 35 torde
1759 736 157 35 dermed

306 791 11 34 i
355 791 106 35 detta
498 789 176 36 afseende
708 789 74 36 alla
810 788 249 48 erforderliga
1088 788 177 47 åtgärder
1293 800 89 23 vara
1410 787 189 48 vidtagna.
1656 786 158 38 Svårare
1844 788 71 35 och

307 842 225 46 ömtåligare
571 848 40 28 är
648 841 72 34 den
757 840 117 35 andra
912 839 39 35 af
984 840 236 34 motionären
1255 839 179 34 vidrörda
1462 838 143 48 frågan,
1635 839 188 46 nemligen
1854 852 61 21 om

307 893 244 46 disciplinära
580 891 256 48 anordningar
864 890 58 35 för
951 889 279 37 öfvervakande
1259 889 39 36 af
1322 890 237 46 ungdomens
1579 890 67 35 flit.
1680 888 234 49 Visserligen

307 951 41 28 är
377 944 64 34 det
470 949 55 29 att
552 950 125 35 vänta,
707 949 56 29 att
791 948 55 29 ett
874 942 125 35 bättre
1028 941 194 36 ordnande
1252 940 39 36 af
1318 941 330 47 undervisningen,
1670 941 156 35 hvarom
1847 941 68 35 här

307 993 113 38 ofvan
458 993 125 36 blifvit
619 994 132 43 taladt,
780 993 121 36 skulle
931 994 10 33 i
971 992 188 48 väsentlig
1187 995 85 32 mån
1301 991 144 36 minska
1475 991 196 36 frestelsen
1701 998 56 29 att
1785 995 47 44 på
1861 998 54 29 ett

307 1047 169 47 onyttigt
504 1052 75 29 sätt
606 1045 171 48 förspilla
813 1045 104 35 tiden
946 1044 64 36 vid
1039 1044 277 35 universitetet.
1371 1042 85 37 Men
1485 1043 104 36 detta
1617 1043 109 36 torde
1756 1043 97 35 dock
1882 1043 30 48 ej

306 1111 90 22 vara
437 1097 59 35 till
533 1096 139 49 fyllest,
712 1097 30 46 ej
774 1096 120 35 heller
923 1108 110 35 synes
1062 1108 85 22 man
1176 1095 156 35 dermed
1361 1094 92 35 böra
1481 1095 135 46 åtnöja
1635 1095 68 46 sig.
1758 1094 73 35 Det
1860 1095 55 34 lär

307 1149 82 35 icke
418 1161 87 23 vara
536 1154 55 29 ett
619 1148 154 35 enstaka
802 1147 155 35 stående
987 1146 248 43 förhållande,
1265 1151 56 30 att
1348 1145 365 48 föreläsningssalen,
1743 1158 81 23 som
1851 1146 63 34 vid

306 1200 133 46 början
468 1199 38 35 af
533 1199 186 35 terminen
749 1199 98 34 varit
875 1198 58 35 till
962 1197 166 48 trängsel
1157 1196 92 48 fyld,
1280 1195 136 36 blifver
1446 1206 78 25 mot
1552 1196 210 35 midten.af
1786 1196 129 35 termi-

307 1264 71 22 nen
408 1251 98 46 glest
533 1250 137 44 besatt,
698 1248 59 36 för
785 1255 55 29 att
868 1249 61 34 vid
960 1249 117 34 slutet
1106 1247 38 36 af
1169 1248 186 35 terminen
1384 1250 57 33 stå
1469 1247 67 36 der
1565 1255 132 27 nästan
1725 1254 90 36 tom,
1843 1247 71 35 och

307 1302 105 35 detta
442 1302 156 35 oaktadt
626 1299 325 48 föreläsningarna
979 1300 98 35 varit
1105 1299 179 35 särskildt
1313 1298 195 47 afpassade
1534 1297 96 37 efter
1649 1298 265 35 studenternas

307 1353 237 46 ståndpunkt
585 1352 70 35 och
698 1350 125 36 behof.
879 1349 141 37 Sådant
1061 1349 204 48 sjelfsvåld,
1307 1363 80 22 som
1426 1350 125 35 häruti
1580 1350 99 47 röjer
1707 1349 69 46 sig,
1806 1348 109 36 torde

308 1404 91 35 böra
429 1407 46 44 på
504 1407 119 43 något
651 1408 75 30 sätt
755 1402 165 35 beaktas.
975 1401 73 36 Det
1077 1402 54 34 lär
1161 1402 30 46 ej
1223 1401 120 35 heller
1372 1401 91 34 höra
1491 1401 59 35 till
1579 1401 256 45 undantagen,
1861 1405 56 30 att

308 1468 45 22 en
382 1454 156 36 student
565 1454 216 47 tillbringar
808 1453 90 35 flere
928 1453 181 35 terminer
1136 1452 64 35 vid
1229 1452 273 35 universiteten
1532 1457 90 30 utan
1642 1458 56 28 att
1718 1451 115 46 draga
1853 1453 63 32 nå-

306 1519 76 34 gon
410 1504 124 36 fördel
563 1505 40 35 af
627 1505 70 34 den
728 1504 196 47 verkligen
953 1504 98 47 goda
1080 1503 69 35 och
1179 1502 58 36 för
1266 1503 139 35 honom
1428 1503 182 47 passande
1633 1502 282 47 undervisning,

307 1569 81 23 som
417 1556 68 35 der
513 1559 77 32 står
620 1556 138 34 honom
787 1555 57 35 till
874 1554 107 35 buds.
1035 1554 69 35 Att
1133 1560 54 29 ett
1214 1554 134 35 sådant
1380 1554 225 35 lefnadssätt
1633 1555 10 33 i
1673 1554 70 34 och
1773 1552 58 35 för
1859 1554 57 46 sig

308 1615 41 27 är
390 1606 391 43 otillfredsställande,
822 1604 183 36 behöfver
1042 1605 31 47 ej
1109 1604 233 44 framhållas;
1372 1604 65 35 det
1466 1612 40 27 är
1534 1605 71 34 ock
1634 1604 197 47 påtagligt,
1861 1610 55 29 att

308 1658 64 35 det
400 1659 11 34 i
441 1658 92 34 allra
562 1658 107 34 flesta
697 1656 66 35 fall
792 1656 58 35 för
879 1656 85 35 med
993 1657 56 46 sig
1078 1669 142 22 ovanor
1241 1656 70 34 och
1332 1656 217 47 betänkliga
1570 1655 137 47 följder
1727 1654 58 36 för
1804 1654 111 35 fram-

308 1710 117 34 tiden.
480 1708 54 35 En
576 1708 116 35 sådan
728 1708 141 34 verkan
904 1707 69 35 bör
1008 1707 71 34 den
1108 1706 258 36 »akademiska
1394 1705 180 36 friheten»
1605 1707 31 45 ej
1667 1705 121 36 hafva.
1841 1707 74 33 Att

308 1765 56 30 ett
393 1759 221 48 ingripande
644 1760 10 34 i
683 1758 248 35 förevarande
952 1756 176 37 afseende
1147 1757 83 35 från
1251 1757 45 35 de
1318 1757 241 36 akademiska
1580 1757 335 48 myndigheternas

308 1811 80 35 sida
430 1819 41 27 är
512 1810 246 46 berättigadt,
801 1809 108 35 torde
952 1810 30 45 ej
1026 1809 185 35 bestridas
1245 1808 40 35 af
1314 1812 136 44 någon,
1480 1821 79 22 som
1590 1809 144 34 erinrar
1761 1808 70 46 sig,
1860 1812 56 30 att

309 1862 274 35 universiteten
621 1868 63 28 äro
723 1865 142 31 statens
894 1861 264 45 inrättningar,
1188 1859 127 35 hvilka
1344 1859 85 35 med
1457 1865 102 29 stora
1587 1858 206 36 kostnader
1821 1870 95 35 upp-

308 1913 211 43 rätthållas,
550 1912 69 35 och
651 1924 84 23 man
765 1915 117 31 måste
911 1910 116 36 blifva
1056 1924 79 22 mer
1164 1918 45 27 än
1238 1910 222 36 betänksam
1489 1909 106 37 öfver
1623 1915 55 30 att
1707 1916 56 29 ett
1782 1908 134 36 sådant

309 1964 224 47 ingripande
562 1964 31 46 ej
625 1964 10 34 i
664 1968 77 30 rätt
769 1963 55 35 tid
854 1974 87 36 eger
968 1975 97 31 rum,
1095 1962 47 35 då
1170 1975 84 21 man
1284 1961 188 44 besinnar,
1502 1967 54 29 att
1586 1967 90 29 utan
1705 1961 105 35 detta
1835 1960 82 35 uni-

308 2016 205 34 versiteten
554 2015 70 34 lätt
665 2013 117 36 blifva
819 2019 55 29 ett
910 2014 98 46 slags
1037 2013 283 35 auktoriserade
1349 2012 179 35 fristäder
1554 2011 60 36 för
1642 2010 275 49 dagdrifveriet

308 2066 72 35 och
422 2064 246 49 sjelfsvåldet,
711 2064 127 36 hvilka
877 2064 66 35 der
980 2064 125 35 kunna
1140 2063 245 48 undandraga
1414 2064 57 46 sig
1500 2063 71 36 alla
1599 2063 216 35 vaksamma
1845 2061 70 36 och

308 2116 206 36 straffande
543 2116 156 36 blickar.
754 2115 73 36 Det
855 2115 316 47 tillvägagående,
1201 2115 144 35 hvilket
1374 2115 236 35 motionären
1640 2113 109 36 tänkt
1777 2114 56 46 sig
1861 2116 55 31 så-

309 2180 80 23 som
431 2167 174 48 lämpligt
646 2166 58 36 för
745 2166 209 47 främjande
992 2165 40 36 af
1060 2166 57 34 flit
1145 2166 70 35 och
1244 2165 75 48 god
1348 2165 163 48 ordning
1537 2165 63 35 vid
1628 2164 286 42 universiteten,

311 2226 40 27 är
380 2219 67 34 här
476 2219 111 34 ofvan
617 2217 176 47 utförligt
828 2216 253 36 omförmäldt.
1137 2216 15 35 I
1181 2220 40 32 så
1248 2216 62 36 väl
1339 2215 190 49 professor
1559 2213 132 38 Cleves
1719 2214 197 36 skrifvelse
