2250 2642
434 161 17 27 6
745 163 218 30 Sammansatta
986 165 91 29 Stats-
1100 167 51 28 och
1174 168 253 29 Bankoutskottets
1455 170 151 29 Utlåtande
1628 172 62 28 N:o
1713 173 27 28 5.

1185 307 19 49 $
1235 315 52 32 11.

530 405 117 38 Utom
676 406 45 37 de
749 407 40 36 af
811 409 228 36 revisorerna
1065 410 196 38 faststälda
1286 412 181 38 arfvoden
1495 416 57 35 till
1579 417 249 37 sekreterarne
1855 424 95 31 samt
1980 420 61 36 ka-

428 457 139 45 meral-,
606 458 136 35 kansli-
781 459 67 35 och
885 460 327 48 vaktbetjeningen
1252 464 60 36 må
1346 465 229 37 revisorerna
1609 467 48 46 på
1683 468 357 46 riksgäldskontoret

428 508 129 35 anvisa
593 509 205 46 ersättning
835 509 59 36 för
932 511 114 49 inköp
1086 512 40 36 af
1150 526 149 35 papper,
1327 514 318 40 skrifmaterialier
1672 519 69 35 och
1769 519 116 37 andra
1912 520 127 49 dylika

426 557 163 46 utgifter,
628 558 59 36 för
726 573 184 23 annonser
951 575 61 22 om
1051 564 246 36 revisorernas
1336 568 299 37 sammanträden
1664 575 95 30 samt
1785 569 58 37 för
1870 570 46 38 de
1945 572 93 36 kost-

425 608 125 46 nader,
577 621 79 24 som
684 610 128 37 kunna
837 610 208 39 föranledas
1072 613 41 38 af
1134 616 210 36 verkstälda
1370 614 110 40 resor.

951 830 213 40 Särskilda
1190 833 320 42 bestämmelser.

845 987 29 33 1.
928 984 195 48 Angående
1150 987 154 36 revision
1331 988 46 49 af
1398 990 214 37 statsverket.

1174 1101 19 49 $
1222 1108 55 33 12.

520 1199 244 39 Revisorerna
790 1202 103 36 skola
919 1204 106 45 tillse,
1053 1210 53 30 att
1133 1205 84 36 dem
1244 1207 13 35 i
1284 1207 152 49 behörig
1464 1209 159 48 ordning
1649 1211 314 39 tillhandahållas:

523 1266 39 44 a)
591 1268 45 36 de
663 1267 60 38 för
751 1269 40 36 år
816 1269 195 47 afslutade,
1047 1271 40 37 af
1110 1272 220 47 föregående
1356 1276 181 36 revisorer
1562 1278 81 35 icke
1671 1280 205 44 granskade
1903 1281 128 36 räken-

417 1317 133 47 skaper
584 1319 114 47 jemte
738 1321 224 37 tillhörande
1002 1324 262 47 sammandrag
1303 1324 102 38 öfver
1445 1328 73 35 alla
1548 1328 131 45 medel,
1706 1342 78 23 som
1811 1331 218 37 tillkommit

416 1380 135 35 genom
578 1370 189 37 allmänna
792 1372 132 49 bidrag
952 1374 88 36 eller
1065 1374 58 36 till
1150 1380 137 32 statens
1314 1377 89 36 verk
1432 1378 68 36 och
1531 1379 249 49 inrättningar
1809 1382 218 37 annorledes

415 1418 155 46 influtit;

520 1485 34 45 b)
596 1486 45 38 de
681 1487 41 37 af
759 1490 264 37 statskontoret
1061 1498 95 30 samt
1196 1492 41 37 af
1273 1495 73 35 alla
1385 1494 120 49 öfriga
1538 1497 277 39 vederbörande
1840 1501 91 35 verk
1957 1501 69 37 och

414 1536 261 49 myndigheter
714 1540 13 35 i
761 1539 246 39 föreskrifven
1035 1543 161 49 ordning
1223 1544 138 49 afgifna
1389 1546 275 39 årsberättelser
1690 1548 104 38 öfver
1820 1551 206 37 tillståndet

414 1587 71 35 och
524 1590 179 47 styrelsen
743 1590 41 37 af
818 1592 44 36 de
889 1592 119 37 under
1034 1593 103 37 deras
1164 1595 228 48 förvaltning
1419 1597 151 38 stående
1597 1599 104 37 delar
1727 1600 41 36 af
1792 1598 231 57 statsverket;

413 1643 96 31 samt

515 1704 33 44 c)
577 1707 72 35 alla
690 1708 45 36 de
770 1710 123 46 kongl.
933 1710 90 46 bref,
1059 1713 189 47 protokoll
1275 1715 67 35 och
1371 1715 233 48 handlingar,
1632 1717 47 48 på
1707 1718 126 37 hvilka
1859 1721 163 36 nämnda

411 1756 248 49 räkenskaper
686 1760 70 35 och
783 1760 214 38 berättelser
1023 1764 145 46 grunda
1195 1765 64 47 sig.

1162 1912 18 49 $
1212 1919 53 34 13.

509 2008 127 39 Skulle
677 2024 46 23 en
764 2013 88 36 eller
890 2014 87 37 flere
1016 2015 40 36 af
1089 2016 46 37 de
1169 2018 59 35 till
1253 2020 298 38 statsrevisionen
1578 2022 167 37 hörande
1770 2023 248 51 räkenskaper

407 2059 68 35 och
515 2060 225 50 handlingar
778 2064 167 37 befinnas
980 2065 266 50 ofullständiga
1272 2071 88 35 eller
1386 2071 81 36 icke
1494 2071 110 38 hafva
1631 2073 199 48 undergått
1856 2077 159 36 revision

404 2110 13 35 i
456 2110 301 45 kammarrätten,
796 2115 90 36 böra
925 2117 229 37 revisorerna
1199 2119 62 36 det
1299 2121 155 36 oaktadt
1493 2123 225 36 underkasta
1760 2123 110 39 äfven
1911 2127 105 37 dessa

404 2161 60 85 Fp
504 2162 57 35 Ek
591 2175 61 36 per
692 2165 69 36 och
798 2165 224 48 handlingar
1057 2168 69 36 den
1154 2171 239 49 granskning,
1422 2185 79 24 som
1529 2174 363 48 omständigheterna
1918 2178 96 36 med-

403 2224 110 35 gifva.
1132 2232 4 3 |
