2215 2701
432 156 19 30 4
883 159 101 32 Stats-
993 155 171 47 Utskottets
1178 160 165 33 Utlåtande
1364 162 59 32 N:o
1445 165 50 31 21.

1085 759 89 40 N:o
1203 760 82 43 21,

948 931 74 29 Ank.
1048 933 41 28 till
1113 933 98 29 Riksd.
1236 933 101 28 Kansli
1362 934 52 28 den
1438 935 16 27 4
1478 934 75 29 Mars
1581 938 86 35 1873,
1691 935 36 29 kl.
1753 940 12 24 I
1791 947 24 18 e.
1838 948 35 17 m.

591 1057 211 52 Utlåtande,
832 1060 12 39 i
870 1060 207 55 anledning
1105 1062 51 51 af
1180 1062 135 55 Kongl.
1346 1063 128 55 Maj:ts
1493 1063 145 56 nådiga
1654 1063 240 56 Proposition
1918 1083 58 25 om

784 1136 203 56 upplåtelse
1020 1138 54 39 till
1104 1138 129 41 staden
1272 1139 205 42 Halmstad
1511 1143 52 52 af
1584 1148 139 45 tomter,
1751 1143 225 43 tillhörande

783 1212 44 40 de
854 1213 144 50 fordna
1023 1216 332 54 fästningsverken
1379 1217 201 41 derstädes.

1712 1317 36 31 (T.
1783 1316 48 32 AA)

534 1429 112 39 Enligt
676 1430 85 32 hvad
791 1431 34 32 af
851 1432 243 32 ofvanberörda
1123 1433 61 30 den
1215 1433 39 31 30
1282 1434 151 33 sistlidne
1470 1435 143 32 Januari
1642 1437 46 31 till
1718 1437 190 40 Riksdagen
1939 1438 41 31 af

379 1478 96 33 låtna
513 1480 121 40 nådiga
672 1481 206 40 Proposition
909 1483 74 42 (N:o
1012 1482 53 44 23)
1093 1484 178 41 inhemtas,
1301 1485 84 32 hade
1416 1487 116 38 Kongl.
1564 1487 109 40 Maj:ts
1703 1488 277 40 Befallningshaf-

381 1531 107 32 vande
528 1532 9 30 i
575 1532 165 32 Hallands
777 1534 53 31 län
861 1535 48 30 uti
938 1533 224 42 underdånigt
1191 1537 168 31 memorial
1389 1538 63 31 den
1481 1540 40 29 29
1550 1539 186 32 November
1766 1540 88 40 1870,
1879 1541 101 40 jemte

381 1586 72 35 eget
495 1582 172 32 utlåtande
708 1584 59 30 och
803 1586 264 31 vederbörandes
1096 1588 178 37 yttranden
1305 1588 9 30 i
1343 1592 121 34 ämnet,
1493 1589 221 34 öfverlemnat
1742 1601 38 20 en
1812 1592 35 30 af
1872 1592 107 31 stads-

380 1632 207 40 fullmäktige
615 1634 10 31 i
654 1635 177 31 Halmstad
861 1637 48 31 til
940 1636 116 41 Kongl.
1086 1637 95 40 Maj:t
1209 1639 98 31 ställd
1329 1639 105 39 skrift,
1455 1640 68 31 deri
1544 1640 317 43 stadsfullmäktige,
1880 1643 99 37 jemte

382 1683 172 40 förmälan,
583 1685 100 31 bland
714 1691 113 36 annat,
848 1691 49 27 att
924 1688 62 30 den
1015 1688 57 40 tid,
1101 1687 41 32 då
1171 1689 115 32 staden
1317 1691 85 31 varit
1430 1691 152 32 befästad
1611 1692 60 32 och
1701 1691 33 33 åt
1762 1694 217 31 landsidorna

381 1735 162 38 omgifven
586 1736 35 31 af
659 1737 106 31 vallar
801 1738 59 31 och
890 1738 142 39 grafvar,
1061 1740 171 31 derstädes
1261 1740 128 33 funnits
1420 1746 67 28 mot
1514 1743 283 32 Nissaströmmen
1827 1755 39 21 en
1896 1748 82 28 sten-

381 1796 82 29 mur,
492 1786 166 33 benämnd
688 1780 98 40 Östra
815 1790 222 32 sträckvallen
1067 1791 79 32 eller
1174 1792 243 41 sträckmuren,
1447 1794 144 40 hvilken,
1620 1795 103 32 sedan
1754 1796 118 32 staden
1900 1806 78 30 upp-

382 1838 72 31 hört
483 1841 48 28 att
559 1848 80 22 vara
668 1839 156 41 fästning,
853 1841 152 32 alltmera
1034 1841 144 40 förfallit,
1222 1843 132 32 hvadan
1392 1844 155 33 tillåtelse
1576 1846 45 31 tid
1651 1846 83 32 efter
1761 1856 113 22 annan
1904 1848 75 31 lem-

381 1891 75 28 nats
485 1890 150 31 enskilde
678 1891 300 33 stadsinnevånare
1015 1896 48 28 att
1097 1894 165 39 styckevis
1292 1896 211 40 undanrödja
1532 1898 111 31 denna
1672 1907 74 22 mur
1773 1898 72 39 och,
1874 1899 104 31 sedan

383 1944 116 28 stenen
540 1941 109 33 blifvit
684 1941 48 32 för
761 1944 147 31 kronans
938 1944 142 40 räkning
1108 1944 134 42 försåld,
1272 1948 155 31 använda
1456 1948 39 32 de
1524 1948 128 39 afröjda
1680 1949 182 40 platserna,
1892 1951 86 30 intill

384 1991 75 32 dess
488 1993 213 32 annorlunda
729 1994 112 32 kunde
869 2004 52 22 om
950 1995 72 32 dem
1053 1996 102 32 varda
1183 1996 203 43 förordnadt,
1416 2002 79 28 utan
1527 2003 48 28 att
1603 2000 63 32 den
1684 2001 208 41 disposition,
1909 2011 68 22 som

384 2044 127 31 kronan
554 2045 79 38 egde
675 2044 89 32 öfver
803 2045 208 41 vallplatsen,
1045 2047 107 33 blifvit
1179 2048 178 32 inskränkt
1386 2060 116 29 genom
1534 2051 262 41 upplåtelserna,
1826 2062 69 22 som
1926 2063 53 21 en-

381 2094 76 31 dast
497 2095 100 31 borde
639 2105 98 22 anses
774 2096 109 32 såsom
918 2098 191 40 personliga
1137 2099 60 32 och
1226 2100 72 32 icke
1327 2101 230 40 berättigande
1586 2103 46 31 till
1661 2103 190 41 godtycklig
1880 2103 100 33 öfver-

379 2144 116 34 låtelse
537 2145 71 32 från
652 2157 74 22 man
770 2148 48 32 till
848 2158 88 31 man,
966 2153 86 28 samt
1080 2154 58 36 att,
1173 2151 2 31 i
1204 2151 63 32 den
1298 2151 87 41 mån,
1414 2152 49 32 för
1491 2154 172 32 ordnande
1692 2153 35 32 af
1753 2155 138 32 stadens
1920 2155 61 32 för-

380 2196 179 33 hållanden
590 2198 59 32 och
680 2198 213 41 afhjelpande
922 2200 35 31 af
982 2201 212 41 olägenheter
1222 2203 95 31 deraf
1330 2207 50 30 att
1396 2204 283 34 Nissaströmmen
1709 2215 77 23 vore
1816 2206 72 32 från
1918 2209 62 29 sta-

386 2248 81 31 dens
496 2249 170 32 allmänna
694 2254 95 36 gator
816 2251 59 32 och
905 2252 125 39 platser
1057 2252 164 42 afstängd,
1249 2255 116 31 staden
1397 2256 138 33 behöfde
1564 2260 46 29 ett
1637 2257 80 32 eller
1745 2262 106 28 annat
1866 2259 113 39 stycke
