2236 2622
718 155 291 31 Statsutskottets
1031 154 188 32 utlåtande
1240 154 51 32 Nr
1314 154 72 30 122.
1754 153 37 30 19

238 231 210 50 betydande
468 232 243 37 ekonomiska
733 232 261 49 uppoffringar
1013 244 79 23 som
1114 232 82 35 från
1216 232 117 35 andra
1353 232 190 35 nationers
1565 231 80 36 sida
1665 235 67 44 ägt
1751 244 82 22 rum

238 285 58 35 för
337 291 53 29 att
431 287 36 33 åt
508 284 84 36 dem
628 284 219 36 säkerställa
876 283 258 49 utnyttjandet
1163 297 45 22 av
1238 283 117 36 andra
1384 282 178 37 liknande
1591 283 244 48 fyndigheter

238 338 83 46 på
314 335 270 49 Spetsbergen.
642 335 48 36 Så
719 335 79 47 har,
828 335 121 47 enligt
978 334 186 36 utskottet
1192 334 324 36 tillhandakomna
1547 335 286 48 upplysningar,

238 387 266 36 motsvarande
547 387 222 36 holländska
799 365 156 79 företag,
987 386 305 36 Nederlandsche
1321 385 246 48 Spitsbergen
1598 386 235 47 Compagnie

237 439 11 35 i
290 439 166 47 dagarne
498 438 147 37 erhållit
685 438 246 48 statsgaranti
973 437 56 36 för
1072 442 54 31 ett
1167 437 61 36 lån
1262 440 46 46 på
1342 439 98 33 5—6
1476 437 175 47 miljoner
1679 437 152 47 gulden.

237 490 112 35 Detta
392 490 234 36 förhållande
668 502 111 36 synes
820 502 90 22 vara
954 489 155 47 förtjänt
1143 502 46 21 av
1222 488 105 36 desto
1356 493 117 31 större
1501 488 334 48 uppmärksamhet

238 544 123 33 såsom
416 545 53 31 ett
510 541 106 35 bevis
658 543 48 46 på
748 541 62 35 det
852 540 171 44 intresse,
1070 552 80 22 som
1198 540 83 35 från
1328 539 198 36 holländsk
1569 539 81 35 sida
1695 539 139 47 ådaga-

239 592 100 48 lagts
383 592 56 35 för
467 592 110 36 dessa
606 591 244 48 fyndigheter
877 597 94 30 trots
1001 591 108 36 deras
1139 591 183 47 avlägsna
1350 591 85 46 läge
1463 590 70 36 och
1571 596 94 30 trots
1694 590 140 36 Neder-

236 643 198 36 ländernas
477 643 131 48 övriga
645 643 279 47 jämförelsevis
966 642 101 48 goda
1109 642 406 48 åtkomstmöjligheter
1556 644 47 46 på
1646 641 60 36 kol
1747 641 87 36 tack

237 708 85 23 vare
365 708 42 23 en
445 694 213 50 betydande
687 694 227 49 produktion
943 694 101 36 inom
1074 693 119 48 själva
1218 693 257 37 moderlandet
1503 693 70 36 och
1601 693 152 36 särskilt
1787 695 48 46 på

237 747 124 48 grund
405 760 45 22 av
491 747 183 36 närheten
715 747 55 35 till
812 746 116 36 andra
969 748 47 46 på
1060 745 293 37 kolmarknaden
1395 745 268 37 dominerande
1691 745 141 36 länder.

237 798 236 37 Beträffande
515 799 129 48 Norge
686 799 211 48 upplyses
882 792 19 59 i
929 797 298 49 propositionen,
1274 802 55 31 att
1370 797 45 36 de
1456 796 174 48 förskott,
1674 810 79 23 som
1789 810 46 22 av

237 850 138 36 norska
408 855 124 32 staten
565 850 173 46 lämnats,
771 850 55 36 till
852 850 10 35 i
882 850 71 47 juli
989 851 97 34 1922
1111 849 200 49 uppgingo
1332 849 56 36 till
1409 848 177 48 omkring
1608 849 227 46 12,800,000

237 901 140 36 norska
421 902 155 44 kronor;
619 901 68 36 och
730 914 138 35 genom
911 900 309 47 stortingsbeslut
1262 900 71 36 den
1376 902 44 33 21
1460 899 73 49 juli
1577 901 96 34 1922
1717 899 118 37 erhöll

236 953 227 48 regeringen
500 952 306 49 bemyndigande
843 957 54 31 att
934 952 94 36 efter
1061 951 242 50 beprövande
1331 952 124 35 lämna
1484 951 152 36 fortsatt
1664 951 82 36 stöd
1777 950 59 37 för

237 1004 159 36 driftens
420 1004 275 49 uppehållande
715 1009 97 31 samt
833 1004 56 36 för
908 1009 173 31 närmare
1103 1003 328 48 undersökningar
1449 1003 161 36 rörande
1631 1002 45 37 de
1695 1002 140 37 norska

236 1056 202 36 kolfältens
467 1056 266 49 utsträckning
760 1070 48 22 m.
838 1069 47 23 m.

366 1108 17 36 I
424 1108 104 36 detta
568 1108 276 48 sammanhang
884 1108 104 36 torde
1030 1107 62 37 det
1133 1107 114 36 också
1277 1107 36 36 få
1342 1120 107 23 anses
1478 1106 155 49 befogat
1660 1106 136 49 bringa
1824 1106 11 36 i

237 1160 149 36 erinran
429 1160 44 36 de
515 1160 323 49 ahsträngningar
879 1160 70 36 och
989 1159 277 49 uppoffringar,
1309 1172 81 23 som
1427 1159 145 48 jämväl
1606 1158 83 36 från
1720 1157 115 37 andra

236 1211 150 37 länders
427 1212 81 36 sida
536 1212 57 36 för
622 1212 230 36 närvarande
880 1217 114 43 göras
1024 1211 57 36 för
1110 1216 55 30 att
1194 1213 37 33 åt
1257 1210 214 52 respektive
1499 1210 88 36 land
1616 1209 219 37 säkerställa

237 1263 63 36 det
330 1263 175 37 framtida
534 1263 164 37 behovet
726 1277 46 22 av
800 1264 167 43 bränsle;
998 1263 130 36 härom
1157 1262 141 36 vittnar
1326 1262 114 37 bland
1469 1268 113 30 annat
1610 1262 73 36 den
1711 1261 123 37 starkt

237 1315 278 37 framträdande
558 1315 302 37 internationella
888 1291 288 60 konkurrensen
1205 1328 59 22 om
1294 1313 175 37 världens
1497 1314 197 47 oljekällor
1722 1318 111 31 även-

237 1378 79 24 som
345 1366 101 36 vissa
473 1366 116 37 andra
616 1367 184 36 likartade
828 1366 290 49 förtrustnings-
1150 1366 70 36 och
1248 1365 417 49 monopolsträvanden.

365 1412 109 42 Även
516 1418 84 36 med
643 1419 108 35 dessa
793 1418 340 63 utgångspunkter
1164 1418 68 35 har
1259 1417 185 36 utskottet
1473 1417 96 36 dock
1596 1416 85 37 icke
1711 1421 125 32 ansett

237 1469 61 48 sig
318 1469 129 37 kunna
468 1469 190 50 tillstyrka
677 1475 56 31 att
752 1470 61 36 lån
834 1484 48 22 nu
904 1469 172 37 lämnas
1062 1464 20 59 i
1099 1472 41 33 så
1159 1474 77 31 stor
1256 1469 267 48 utsträckning
1543 1481 80 24 som
1639 1468 11 36 i
1666 1468 168 49 proposi-

237 1521 130 37 tionen
408 1521 207 37 förutsatts.
674 1522 70 36 Det
785 1522 67 36 har
880 1522 65 36 där
974 1521 217 48 föreslagits
1220 1526 56 45 att
1302 1525 133 32 utöver
1463 1521 162 49 tidigare
1653 1520 182 36 tecknade

239 1573 245 49 aktiekapital
526 1587 46 23 av
601 1575 203 46 2,000,000
835 1573 138 37 kronor
1000 1587 50 22 nu
1081 1573 130 37 skulle
1229 1573 145 36 lämnas
1403 1578 52 31 ett
1482 1573 223 49 ytterligare
1733 1572 102 36 låne-

240 1625 203 36 understöd
472 1628 48 46 på
548 1626 205 46 4,500,000
782 1625 152 47 kronor,
964 1639 114 23 varav
1106 1625 83 36 icke
1218 1625 147 36 mindre
1394 1630 46 31 än
1472 1626 202 46 1,740,000
1696 1624 139 36 kronor

237 1677 120 36 skulle
385 1677 209 49 nedläggas
623 1680 47 47 på
699 1677 257 49 anordningar
985 1677 57 36 för
1069 1676 184 49 utvidgad
1284 1676 98 36 drift.
1438 1676 73 36 Det
1539 1681 41 31 är
1609 1681 55 31 att
1691 1675 142 47 märka,

201 1760 2 3 .
237 1729 177 36 hurusom
457 1729 45 37 de
535 1743 50 22 nu
613 1729 164 37 rådande
806 1729 134 36 osäkra
967 1728 303 37 internationella
1300 1727 294 48 förhållandena,
1623 1727 102 37 vilka
1753 1727 81 37 icke

237 1785 63 31 äro
338 1780 115 36 minst
482 1781 281 36 framträdande
792 1781 234 36 beträffande
1056 1780 310 47 kolmarknaden,
1395 1785 94 44 göra
1518 1785 54 31 ett
1601 1779 234 37 bedömande

237 1845 46 23 av
324 1831 439 50 BSpetsbergsföretagets
805 1832 333 37 framtidsutsikter
1180 1832 151 36 särskilt
1359 1831 205 48 vanskligt.
1620 1833 68 34 Att
1715 1830 120 37 under

237 1888 54 32 ett
332 1884 121 49 dylikt
493 1885 238 36 ekonomiskt
772 1884 388 37 osäkerhetstillstånd
1202 1883 146 38 biträda
1388 1888 54 32 ett
1470 1883 146 49 förslag
1644 1896 45 23 av
1717 1882 117 37 sådan

237 1935 241 50 omfattning,
520 1949 80 24 som
643 1937 62 36 det
732 1937 11 36 i
771 1937 281 49 propositionen
1095 1936 244 46 innefattade,
1380 1935 74 37 kan
1482 1935 121 49 enligt
1631 1935 203 36 utskottets

238 1988 159 49 mening
424 1988 82 37 icke
535 2002 111 23 anses
676 1988 197 49 tillrådligt
901 1989 88 36 eller
1017 1988 185 49 lämpligt.

366 2039 276 49 Ötvivelaktigt
669 2043 120 34 måste
817 2041 61 36 det
906 2040 96 37 dock
1030 2043 20 33 å
1078 2040 118 36 andra
1216 2039 109 37 sidan
1344 2052 110 24 anses
1474 2038 361 50 tillfyllestgörande

238 2091 201 49 ådagalagt
480 2097 53 31 att
575 2097 122 32 staten
733 2092 83 37 icke
854 2092 66 36 bör
952 2097 119 43 vägra
1100 2091 153 49 bolaget
1281 2091 65 36 sitt
1375 2091 174 36 fortsatta
1576 2090 218 47 understöd,
1823 2090 12 36 i

237 2142 116 37 första
382 2143 100 37 hand
512 2144 57 36 för
597 2150 54 30 att
680 2144 187 49 förhjälpa
895 2144 208 36 detsamma
1124 2157 44 22 ur
1189 2143 61 36 det
1269 2143 245 36 ekonomiska
1532 2142 200 48 trångmål,
1753 2155 81 23 som

237 2207 137 37 genom
416 2195 243 37 oförutsedda
700 2195 326 50 omständigheter
1067 2195 70 37 och
1179 2200 166 31 närmast
1373 2207 137 35 genom
1540 2194 63 36 det
1620 2194 214 36 :katastrof-

237 2247 128 37 artade
393 2246 105 38 fallet
526 2261 46 23 av
601 2248 291 50 stenkolspriset
919 2248 59 36 för
1006 2248 210 36 detsamma
1242 2246 251 50 uppkommit,
1523 2259 86 23 men
1638 2245 114 37 också
1775 2245 60 37 för
