1918 2852
343 169 17 25 2
751 165 319 27 Jordbruksutskottets
1090 162 151 28 utlåtande
1260 164 42 25 Nr
1319 164 42 25 25.

309 248 196 38 närboende,
529 258 70 21 som
624 248 84 30 hava
731 248 118 30 lättare
873 248 51 29 att
946 246 129 30 komma
1098 244 174 37 tillstädes,
1297 246 36 28 så
1356 244 133 39 mycket
1509 244 154 31 talrikare
1680 243 123 31 infinna

309 294 50 39 sig
383 294 60 30 och
468 292 132 31 därmed
624 293 118 30 lättare
767 292 109 30 kunna
899 289 210 41 genomdriva
1132 290 82 36 sina,
1240 289 123 30 kanske
1387 290 70 28 mot
1478 288 139 31 flertalet
1633 288 170 31 stridande

310 338 207 38 önskningar.
565 337 15 30 I
617 337 57 30 det
709 346 113 35 senare
859 336 91 30 fallet
974 336 78 35 åter,
1078 335 41 29 då
1143 332 319 32 kommunombuden
1485 342 40 20 av
1550 333 56 30 det
1629 333 75 30 dem
1728 334 74 29 läm-

310 383 84 30 nade
427 381 368 40 förtroendeuppdraget
819 381 102 29 måste
946 380 107 29 känna
1076 378 50 39 sig
1150 377 197 40 förpliktade
1371 379 50 29 att
1445 377 128 30 komma
1596 376 166 31 tillstädes
1786 379 17 28 å

310 430 172 33 stämman,
518 426 62 30 blir
616 425 87 40 varje
740 426 153 29 kommun
930 424 53 30 vid
1019 422 86 40 varje
1141 422 102 31 sådan
1279 421 245 41 representerad
1548 421 74 30 med
1648 421 74 30 hela
1746 420 58 31 sitt

312 471 193 40 vägfyrktal,
542 470 103 30 vilket
677 470 121 39 jämväl
833 468 10 31 i
879 469 59 30 och
975 469 48 29 för
1056 467 50 39 sig
1141 471 36 26 är
1211 469 37 28 så
1272 467 129 39 mycket
1426 476 68 20 mer
1516 465 158 40 lämpligt,
1700 464 103 32 som
1782 460 25 55 i

311 517 171 38 vägfrågor
521 515 39 30 de
600 514 86 31 olika
725 514 182 30 intressena
942 511 203 40 gemenligen
1180 511 191 31 lokaliseras
1406 511 60 30 och
1504 510 140 30 fördelas
1680 510 124 38 ganska

312 561 130 39 mycket
477 560 82 31 efter
594 559 40 30 de
670 558 87 32 olika
794 559 239 29 kommunerna.
1081 557 75 29 Men
1192 556 42 30 då
1262 557 18 29 å
1308 555 102 31 andra
1438 554 93 31 sidan
1555 556 141 37 mången
1720 556 84 37 gång

312 605 133 36 händer,
482 607 49 28 att
565 603 167 31 åsikterna
766 603 11 30 i
812 612 38 21 en
889 601 65 31 viss
991 602 152 38 vägfråga
1178 605 56 26 äro
1269 598 123 40 ganska
1428 599 115 31 delade
1567 598 87 31 inom
1680 609 40 19 en
1744 599 60 30 och

312 660 124 20 samma
470 649 164 35 kommun,
672 649 58 29 har
765 647 56 30 det
849 647 71 30 icke
944 649 126 27 ansetts
1094 645 125 39 riktigt,
1244 647 50 28 att
1317 644 319 32 kommunombudet,
1662 645 108 28 såsom
1794 642 10 30 i

313 694 91 30 detta
440 694 57 30 fall
532 694 226 38 represeniant
794 691 116 31 endast
940 691 49 30 för
1012 701 40 19 en
1078 689 163 40 majoritet
1263 699 40 20 av
1327 689 214 30 kommunens
1565 687 238 40 väghållnings-

313 738 159 40 skyldige,
509 736 225 40 ovillkorligen
769 736 85 31 skall
888 735 55 30 vid
972 738 199 35 vägstämma
1196 733 173 40 disponera
1392 738 77 25 över
1493 734 215 29 kommunens
1732 732 73 30 hela

314 783 193 39 vägfyrktal,
536 784 80 28 utan
645 782 58 30 har
727 780 10 30 i
760 780 88 39 varje
877 780 56 30 fall
958 781 34 29 åt
1016 780 38 29 de
1079 779 149 30 enskilde
1253 776 376 41 väghållningsskyldige
1654 778 151 30 bevarats

314 828 58 29 full
408 826 274 39 handlingsfrihet
716 835 117 29 genom
865 824 249 31 bestämmelsen
1139 833 52 20 om
1217 824 64 29 rätt
1305 823 49 30 för
1377 821 74 31 dem
1475 824 58 33 att,
1558 821 184 31 oberoende
1766 830 39 21 av

314 870 326 38 kommunombuden,
677 870 54 30 vid
767 873 161 27 stämman
959 871 97 28 utöva
1080 870 136 28 rösträtt
1239 867 50 30 för
1311 869 75 37 eget
1410 867 192 38 vägfyrktal,
1628 866 75 30 med
1727 868 77 28 mot-

313 916 160 30 svarande
508 915 174 31 reduktion
716 914 11 31 i
762 914 118 31 sådant
915 914 56 30 fall
1001 923 40 20 av
1064 912 56 31 det
1145 912 193 39 vägfyrktal,
1363 921 70 20 som
1457 921 39 20 av
1520 911 143 30 nämnda
1687 909 119 31 ombud

315 962 271 39 representeras.»

359 1050 114 39 Någon
501 1047 219 41 begränsning
748 1057 39 20 av
812 1047 254 40 fyrktalsägares
1090 1047 146 35 rösträtt,
1261 1044 11 30 i
1296 1044 324 31 överensstämmelse
1644 1042 75 31 med
1744 1042 63 30 den

314 1103 247 38 inskränkning,
597 1112 69 20 som
707 1102 84 29 1900
826 1099 226 40 genomfördes
1087 1099 10 30 i
1133 1100 91 38 fråga
1248 1109 51 20 om
1324 1098 206 31 kommunala
1554 1097 154 36 ärenden,
1733 1096 74 31 blev

314 1156 72 32 icke
410 1157 11 29 i
445 1156 91 30 detta
559 1154 236 39 sammanhang
818 1153 179 39 ifrågasatt.

360 1211 114 30 Såsom
506 1209 121 39 jämväl
655 1218 40 21 av
719 1208 239 30 motionärerna
982 1206 149 37 erinrats,
1157 1206 58 30 har
1239 1205 146 31 däremot
1410 1205 111 39 frågan
1545 1214 51 20 om
1620 1203 188 31 införandet

315 1274 41 20 av
379 1263 92 40 dylik
495 1261 218 41 begränsning
736 1261 185 30 sedermera
944 1259 55 31 vid
1022 1261 77 30 flera
1123 1259 153 31 tillfällen
1301 1258 83 31 varit
1401 1258 130 31 föremål
1551 1258 49 30 för
1615 1256 193 40 riksdagens

315 1317 210 38 behandling.

362 1370 61 31 Vid
451 1371 83 30 1909
559 1372 52 28 års
636 1368 133 40 riksdag
792 1368 134 30 väcktes
950 1367 136 30 sålunda
1109 1367 10 30 i
1145 1367 91 30 detta
1261 1371 93 26 ämne
1379 1368 55 28 två
1458 1364 168 36 motioner,
1644 1363 69 30 vari
1732 1364 76 29 före-

316 1424 97 39 slogs,
449 1426 50 28 att
533 1425 19 29 å
587 1415 202 47 vägstämma
817 1423 135 29 rösträtt
975 1420 71 31 icke
1070 1420 100 30 borde
1195 1421 32 29 få
1250 1422 115 28 utövas
1389 1429 76 20 vare
1488 1418 50 39 sig
1561 1418 48 30 för
1633 1417 11 30 i
1669 1417 139 38 väghåll-

317 1477 231 39 ningsdistrikt
571 1476 160 39 ingående
756 1476 153 29 kommun
934 1475 79 29 eller
1036 1484 39 20 av
1099 1475 106 37 någon
1231 1473 51 30 till
1306 1473 196 30 kommunen
1518 1471 144 30 hörande
1680 1469 127 31 enskild

317 1529 359 41 väghållningsskyldig
712 1530 48 29 för
795 1539 68 20 mer
900 1532 39 26 än
977 1537 39 21 en
1045 1526 167 31 tiondedel
1237 1536 39 20 av
1300 1524 413 40 väghållningsdistriktets
1737 1527 72 34 väg-

318 1584 130 40 fyrktal.
496 1584 16 30 I
536 1583 176 39 anledning
736 1592 40 20 av
800 1582 141 30 nämnda
965 1580 158 31 motioner
1139 1580 112 30 anhöll
1268 1579 173 38 riksdagen
1457 1579 11 29 i
1484 1578 157 30 skrivelse
1658 1578 52 36 (nr
1725 1577 83 36 153),

318 1640 50 29 att
391 1638 117 39 Kungl.
534 1636 93 40 Maj:t
651 1636 75 30 ville
750 1636 68 30 låta
842 1634 123 38 utreda,
991 1633 157 31 huruvida
1172 1634 72 30 icke
1269 1643 40 20 en
1334 1631 215 40 begränsning
1572 1630 101 31 borde
1695 1630 58 30 ske
1771 1639 39 21 av

319 1690 375 41 väghållningsskyldigs
718 1691 135 29 rösträtt
878 1690 18 28 å
912 1690 222 37 vägstämma;
1160 1687 61 30 och
1238 1686 133 31 anförde
1390 1685 173 38 riksdagen
1580 1683 115 31 därvid
1712 1683 96 31 bland

319 1747 101 29 annat
445 1744 150 40 följande.

368 1826 83 29 »Det
474 1825 84 30 lärer
580 1823 72 31 icke
677 1824 110 29 kunna
811 1822 171 37 bestridas,
1007 1823 49 28 att
1079 1830 40 21 en
1144 1820 67 30 viss
1235 1818 218 39 begränsning
1476 1818 50 30 till
1550 1818 126 30 förmån
1701 1817 49 29 för
1771 1816 39 30 de

320 1869 125 30 mindre
481 1869 112 30 starka
627 1866 384 39 beskattningsobjekten
1046 1866 58 30 och
1130 1865 232 29 kommunerna
1386 1864 10 29 i
1420 1863 57 30 det
1503 1861 208 31 förevarande
1736 1861 74 29 hän-

320 1914 137 30 seendet
492 1914 85 30 visat
610 1912 51 39 sig
688 1922 78 20 vara
789 1922 40 20 av
854 1912 138 30 behovet
1015 1909 161 41 påkallad.
1224 1908 119 30 Härför
1366 1908 67 30 tala
1457 1907 153 30 liknande
1635 1906 82 37 skäl,
1743 1915 68 20 som

321 1958 155 31 föranlett
505 1968 40 20 en
570 1957 215 39 begränsning
811 1966 39 20 av
875 1956 62 30 den
963 1954 206 31 kommunala
1193 1955 186 28 rösträtten.
1428 1952 153 30 Däremot
1605 1951 105 30 håller
1734 1950 77 30 riks-

321 2003 105 39 dagen
462 2003 77 36 före,
569 2005 49 27 att
646 2012 41 20 en
711 2000 91 40 dylik
825 1999 217 40 begränsning
1067 1998 117 31 endast
1208 1998 57 29 bör
1288 1997 57 30 ske
1370 2006 116 29 genom
1509 1996 175 30 reduktion
1708 2005 40 20 av
1772 1994 39 30 de

321 2047 150 31 enskilda
494 2045 499 41 vägunderhållningsskyldigas
1018 2043 129 39 fyrktal,
1170 2041 184 40 varigenom
1372 2041 146 40 tydligen
1535 2045 82 25 även
1634 2041 178 29 rösträtten

322 2092 49 30 för
400 2092 64 30 den
489 2092 162 36 kommun,
678 2090 40 31 de
742 2090 140 35 tillhöra,
909 2090 182 37 begränsas.
1142 2088 58 29 Att
1224 2087 173 29 härutöver
1421 2086 152 29 reducera
1597 2085 215 29 kommunens

322 2137 130 39 fyrktal,
478 2140 58 26 när
559 2137 197 29 kommunen
780 2136 107 29 såsom
912 2136 48 28 ett
983 2133 87 38 slags
1093 2133 227 38 representant
1345 2131 47 29 för
1415 2130 72 30 sina
1511 2129 210 30 medlemmar
1735 2127 76 39 jäm-

322 2181 62 30 likt
408 2182 41 29 52
474 2179 20 40 $
519 2190 115 29 genom
659 2180 61 30 den
747 2179 138 30 utsedda
911 2176 309 32 kommunombudet
1243 2178 114 27 utövar
1373 2175 63 30 den
1454 2174 94 30 dessa
1565 2172 247 31 tillkommande

323 2228 144 35 rösträtt,
503 2235 97 30 synes
629 2224 174 38 riksdagen
828 2224 71 29 icke
924 2222 74 31 med
1022 2222 71 30 skäl
1117 2222 110 29 kunna
1251 2220 216 38 ifrågasättas.
1517 2217 116 31 Därtill
1657 2218 154 35 kommer,

323 2272 49 28 att
407 2280 41 20 en
483 2270 91 39 dylik
608 2269 229 30 bestämmelse
873 2267 27 40 ej
937 2267 105 31 skulle
1071 2267 30 29 få
1125 2275 108 21 annan
1258 2263 146 41 praktisk
1429 2263 178 39 betydelse,
1633 2266 42 27 än
1699 2264 50 28 att
1773 2261 39 30 de

323 2314 150 31 enskilda
511 2312 378 41 väghållningsskyldiga
928 2310 205 42 personligen
1169 2310 79 30 eller
1283 2319 114 28 genom
1433 2308 119 31 ombud
1586 2306 142 31 utövade
1763 2304 50 32 sin

324 2361 163 28 rösträtt.»

368 2439 126 31 Jämväl
531 2439 52 30 vid
622 2439 84 30 1913
742 2439 52 29 års
829 2437 132 39 riksdag
994 2436 132 30 väcktes
1151 2445 41 21 en
1216 2433 123 31 motion
1363 2444 51 20 om
1439 2433 156 30 skrivelse
1620 2432 50 29 till
1695 2430 117 39 Kungl.

324 2493 92 39 Maj:t
440 2493 73 30 med
538 2493 141 38 begäran
704 2502 52 20 om
780 2491 183 39 utredning,
988 2491 10 29 i
1023 2489 60 31 vad
1108 2490 75 29 mån
1208 2498 41 21 en
1272 2487 218 40 begränsning
1507 2496 40 20 av
1563 2486 39 30 de
1619 2485 84 39 höga
1717 2486 97 28 röste-
