2186 2644
394 229 39 29 14
884 219 252 43 Lagutskottets
1159 215 185 35 utlåtande
1367 214 52 32 Nr
1443 215 51 30 14.

390 319 136 35 såsom
554 313 160 49 påföljd
743 313 40 36 af
812 312 109 36 vissa”
935 310 133 44 brott,
1086 306 143 38 hvilka
1244 302 251 49 stadganden
1510 300 125 47 enligt
1650 298 219 37 utskottets
1889 308 100 36 upp-

390 369 178 47 fattning
595 368 87 37 lära
709 366 44 37 få
781 376 117 26 anses
926 364 14 36 i
969 362 76 38 och
1072 362 66 36 för
1167 359 62 47 sig
1256 369 99 26 vara
1373 357 14 36 i
1405 356 114 47 långt
1537 352 159 39 mindre
1715 350 100 50 grad
1833 350 14 36 i
1866 349 125 38 behof

392 424 42 36 af
477 435 50 25 en
568 420 289 46 omarbetning.
915 417 61 37 De
1021 414 114 39 torde
1165 413 123 37 äfven
1317 409 110 38 hvila
1455 411 53 45 på
1536 418 156 27 samma
1721 402 271 48 hufvudprin-

393 477 119 48 ciper,
543 487 87 26 som
658 474 14 37 i
701 472 222 38 allmänhet
950 471 14 36 i
994 469 109 37 detta
1131 464 191 40 afseende
1350 462 173 39 kommit
1551 460 62 38 till
1640 458 166 49 uttryck
1834 457 14 37 i
1871 457 122 36 främ-

394 530 146 38 mande
568 527 163 38 länders
758 524 266 49 lagstiftning.

502 632 328 42 Vidkommande
871 629 202 51 yrkandet
1105 630 53 45 på
1187 638 51 26 en
1266 623 267 47 reformering
1562 621 42 37 af
1633 615 362 52 åklagarväsendet

394 692 14 36 i
437 692 92 36 vårt
555 688 108 45 land,
694 688 66 36 för
788 689 43 34 så
858 684 90 38 vidt
976 683 224 38 detsamma
1228 680 109 37 afser
1365 689 50 25 en
1443 687 86 26 mer
1557 672 197 51 ingående
1783 670 137 46 sådan,
1943 672 52 34 än

396 757 89 25 som
505 743 81 37 kan
606 738 319 48 sammanhänga
945 736 93 39 med
1056 731 483 52 fögderiförvaltningens
1559 728 97 38 eller
1674 722 322 52 polisväsendets

395 801 55 45 på
490 794 282 50 landsbygden
814 789 344 50 omorganisation
1201 787 77 37 och
1310 783 144 39 därvid
1482 782 130 38 blifva
1639 778 174 39 föremål
1840 778 67 37 för
1934 777 62 37 be-

398 850 207 48 handling,
649 859 122 38 synes
808 845 93 38 med
928 846 144 46 frågan
1101 842 142 37 därom
1271 840 98 37 böra
1396 839 117 36 anstå
1540 835 63 38 till
1631 833 92 38 dess
1751 832 243 47 rättegångs-

399 903 213 40 väsendets
640 901 267 46 reformering
935 900 197 45 upptages
1160 894 64 37 till
1252 892 192 49 pröfning
1473 890 76 37 och
1578 886 233 50 afgörande.

506 975 60 37 På
593 972 133 50 grund
755 972 42 37 af
824 969 110 39 hvad
963 967 171 39 sålunda
1162 965 171 44 anförts,
1362 963 65 36 får
1454 961 199 37 utskottet
1681 955 226 46 hemställa,

934 1078 60 35 att
1021 1073 247 47 Riksdagen,
1299 1069 91 39 med
1419 1067 219 47 anledning
1667 1066 42 37 af
1732 1060 269 42 förevarande

828 1131 210 44 motioner,
1082 1129 125 35 måtte
1253 1125 14 37 i
1314 1121 214 40 skrifvelse
1573 1120 63 37 till
1683 1117 151 48 Kungl.
1883 1115 120 48 Maj:t

830 1183 174 45 anhålla,
1046 1184 60 35 att
1147 1178 153 48 Kungl.
1345 1176 118 47 Maj:t
1503 1174 168 45 täcktes,
1706 1184 67 25 om
1801 1168 202 50 möjligt
1982 1164 26 68 i

830 1235 197 41 samband
1055 1234 93 38 med
1173 1233 68 37 det
1259 1230 209 50 pågående
1487 1229 154 37 arbetet
1660 1228 53 46 på
1733 1223 268 48 omorganisa-

829 1292 140 37 tionen
1011 1289 42 37 af
1094 1284 463 52 fögderiförvaltningen
1600 1280 76 38 och
1703 1275 301 51 polisväsendet

830 1348 53 46 på
923 1341 293 49 landsbygden,
1260 1339 83 37 låta
1378 1335 240 45 undersöka,
1650 1332 141 38 hvilka
1819 1328 187 49 åtgärder

832 1411 89 25 som
963 1399 67 35 må
1071 1396 141 36 kunna
1253 1391 183 48 vidtagas
1477 1390 66 36 för
1570 1385 207 40 vinnande
1806 1384 43 37 af
1878 1385 127 35 större

831 1451 192 49 trygghet
1064 1448 70 37 vid
1176 1446 261 47 tillämpning
1464 1446 116 34 utom
1615 1437 177 41 domstol
1820 1437 43 37 af
1890 1436 115 37 häkt-

832 1503 334 50 ningsinstitutet,
1198 1502 106 35 samt
1331 1499 66 36 för
1424 1495 235 47 Riksdagen
1687 1491 225 47 framlägga
1941 1488 66 38 det

833 1559 165 46 förslag,
1029 1554 168 39 hvartill
1226 1565 50 25 en
1305 1550 113 50 dylik
1445 1548 219 46 utredning
1682 1547 83 36 kan
1783 1538 222 59 föranleda.

516 1668 239 40 Stockholm
784 1667 76 38 den
889 1666 50 36 28
969 1662 179 39 februari
1179 1660 115 38 1911.

923 1772 61 37 På
1011 1769 285 49 lagutskottets
1324 1768 168 45 vägnar:

947 1876 179 40 ERNST
1155 1863 324 48 HÅKANSON.

1068 2124 289 44 Reservation:

520 2241 107 37 Herr
655 2238 226 44 Håkanson,
912 2235 93 38 med
1033 2233 170 38 hvilken
1232 2232 140 36 herrar
1408 2227 142 46 Gustaf
1583 2224 231 44 Andersson,
1837 2221 47 45 af
1898 2220 117 37 Eken-

413 2298 109 42 stam,
567 2293 160 38 Lorentz
767 2291 210 43 Petersson,
1026 2287 129 38 Trana
1198 2285 78 37 och
1304 2280 237 50 Bergendahl
1568 2279 180 44 instämt,
1779 2276 74 37 har
1881 2273 138 38 anfört

413 2343 195 58 följande:
1981 2337 3 4 i
