<?xml version="1.0" encoding="UTF-8"?>
<alto xmlns="http://www.loc.gov/standards/alto/ns-v3#" xmlns:xlink="http://www.w3.org/1999/xlink" xmlns:xsi="http://www.w3.org/2001/XMLSchema-instance" xsi:schemaLocation="http://www.loc.gov/standards/alto/ns-v3# http://www.loc.gov/alto/v3/alto-3-0.xsd">
	<Description>
		<MeasurementUnit>pixel</MeasurementUnit>
		<sourceImageInformation>
			<fileName>/tmp/tess_qoyyqfcy_input.PNG</fileName>
		</sourceImageInformation>
		<OCRProcessing ID="OCR_0">
			<ocrProcessingStep>
				<processingSoftware>
					<softwareName>tesseract 5.3.0</softwareName>
				</processingSoftware>
			</ocrProcessingStep>
		</OCRProcessing>
	</Description>
	<Layout>
		<Page WIDTH="1820" HEIGHT="2782" PHYSICAL_IMG_NR="0" ID="page_0">
			<PrintSpace HPOS="0" VPOS="0" WIDTH="1820" HEIGHT="2782">
				<ComposedBlock ID="cblock_0" HPOS="230" VPOS="163" WIDTH="1119" HEIGHT="42">
					<TextBlock ID="block_0" HPOS="230" VPOS="163" WIDTH="1119" HEIGHT="42">
						<TextLine ID="line_0" HPOS="230" VPOS="163" WIDTH="1119" HEIGHT="42">
							<String ID="string_0" HPOS="230" VPOS="163" WIDTH="38" HEIGHT="30" WC="0.96" CONTENT="10"/><SP WIDTH="341" VPOS="163" HPOS="268"/>
							<String ID="string_1" HPOS="609" VPOS="165" WIDTH="123" HEIGHT="30" WC="0.92" CONTENT="Första"/><SP WIDTH="27" VPOS="165" HPOS="732"/>
							<String ID="string_2" HPOS="759" VPOS="166" WIDTH="245" HEIGHT="39" WC="0.91" CONTENT="lagutskottets"/><SP WIDTH="26" VPOS="166" HPOS="1004"/>
							<String ID="string_3" HPOS="1030" VPOS="168" WIDTH="177" HEIGHT="29" WC="0.96" CONTENT="utlåtande"/><SP WIDTH="25" VPOS="168" HPOS="1207"/>
							<String ID="string_4" HPOS="1232" VPOS="178" WIDTH="44" HEIGHT="20" WC="0.96" CONTENT="nr"/><SP WIDTH="25" VPOS="178" HPOS="1276"/>
							<String ID="string_5" HPOS="1301" VPOS="170" WIDTH="48" HEIGHT="29" WC="0.96" CONTENT="19."/>
						</TextLine>
					</TextBlock>
				</ComposedBlock>
				<ComposedBlock ID="cblock_1" HPOS="227" VPOS="247" WIDTH="1503" HEIGHT="752">
					<TextBlock ID="block_1" HPOS="230" VPOS="247" WIDTH="1500" HEIGHT="341">
						<TextLine ID="line_1" HPOS="276" VPOS="247" WIDTH="1454" HEIGHT="47">
							<String ID="string_6" HPOS="276" VPOS="247" WIDTH="165" HEIGHT="31" WC="0.96" CONTENT="Förutom"/><SP WIDTH="23" VPOS="247" HPOS="441"/>
							<String ID="string_7" HPOS="464" VPOS="249" WIDTH="225" HEIGHT="31" WC="0.96" CONTENT="önskemålen"/><SP WIDTH="22" VPOS="249" HPOS="689"/>
							<String ID="string_8" HPOS="711" VPOS="260" WIDTH="57" HEIGHT="20" WC="0.96" CONTENT="om"/><SP WIDTH="23" VPOS="260" HPOS="768"/>
							<String ID="string_9" HPOS="791" VPOS="250" WIDTH="240" HEIGHT="41" WC="0.96" CONTENT="förenklingar"/><SP WIDTH="21" VPOS="250" HPOS="1031"/>
							<String ID="string_10" HPOS="1052" VPOS="253" WIDTH="10" HEIGHT="29" WC="0.93" CONTENT="i"/><SP WIDTH="22" VPOS="253" HPOS="1062"/>
							<String ID="string_11" HPOS="1084" VPOS="253" WIDTH="260" HEIGHT="41" WC="0.91" CONTENT="konkurslagen"/><SP WIDTH="22" VPOS="253" HPOS="1344"/>
							<String ID="string_12" HPOS="1366" VPOS="255" WIDTH="173" HEIGHT="30" WC="0.93" CONTENT="framföra"/><SP WIDTH="21" VPOS="255" HPOS="1539"/>
							<String ID="string_13" HPOS="1560" VPOS="256" WIDTH="170" HEIGHT="30" WC="0.87" CONTENT="motionä-"/>
						</TextLine>
						<TextLine ID="line_2" HPOS="230" VPOS="297" WIDTH="1500" HEIGHT="46">
							<String ID="string_14" HPOS="230" VPOS="305" WIDTH="102" HEIGHT="22" WC="0.96" CONTENT="rerna"/><SP WIDTH="24" VPOS="305" HPOS="332"/>
							<String ID="string_15" HPOS="356" VPOS="297" WIDTH="177" HEIGHT="40" WC="0.96" CONTENT="förslaget,"/><SP WIDTH="26" VPOS="297" HPOS="533"/>
							<String ID="string_16" HPOS="559" VPOS="301" WIDTH="49" HEIGHT="27" WC="0.93" CONTENT="att"/><SP WIDTH="22" VPOS="301" HPOS="608"/>
							<String ID="string_17" HPOS="630" VPOS="299" WIDTH="350" HEIGHT="31" WC="0.91" CONTENT="konkursförvaltare"/><SP WIDTH="25" VPOS="299" HPOS="980"/>
							<String ID="string_18" HPOS="1005" VPOS="300" WIDTH="135" HEIGHT="40" WC="0.92" CONTENT="ålägges"/><SP WIDTH="27" VPOS="300" HPOS="1140"/>
							<String ID="string_19" HPOS="1167" VPOS="302" WIDTH="197" HEIGHT="40" WC="0.96" CONTENT="skyldighet"/><SP WIDTH="24" VPOS="302" HPOS="1364"/>
							<String ID="string_20" HPOS="1388" VPOS="305" WIDTH="51" HEIGHT="27" WC="0.96" CONTENT="att"/><SP WIDTH="25" VPOS="305" HPOS="1439"/>
							<String ID="string_21" HPOS="1464" VPOS="306" WIDTH="79" HEIGHT="37" WC="0.96" CONTENT="taga"/><SP WIDTH="25" VPOS="306" HPOS="1543"/>
							<String ID="string_22" HPOS="1568" VPOS="304" WIDTH="65" HEIGHT="30" WC="0.93" CONTENT="och"/><SP WIDTH="24" VPOS="304" HPOS="1633"/>
							<String ID="string_23" HPOS="1657" VPOS="305" WIDTH="73" HEIGHT="30" WC="0.92" CONTENT="vid-"/>
						</TextLine>
						<TextLine ID="line_3" HPOS="232" VPOS="347" WIDTH="1496" HEIGHT="43">
							<String ID="string_24" HPOS="232" VPOS="347" WIDTH="192" HEIGHT="31" WC="0.92" CONTENT="makthålla"/><SP WIDTH="27" VPOS="347" HPOS="424"/>
							<String ID="string_25" HPOS="451" VPOS="348" WIDTH="199" HEIGHT="42" WC="0.96" CONTENT="försäkring"/><SP WIDTH="27" VPOS="348" HPOS="650"/>
							<String ID="string_26" HPOS="677" VPOS="350" WIDTH="56" HEIGHT="31" WC="0.91" CONTENT="för"/><SP WIDTH="26" VPOS="350" HPOS="733"/>
							<String ID="string_27" HPOS="759" VPOS="351" WIDTH="309" HEIGHT="32" WC="0.91" CONTENT="omhänderhavda"/><SP WIDTH="25" VPOS="351" HPOS="1068"/>
							<String ID="string_28" HPOS="1093" VPOS="354" WIDTH="120" HEIGHT="29" WC="0.94" CONTENT="medel."/><SP WIDTH="29" VPOS="354" HPOS="1213"/>
							<String ID="string_29" HPOS="1242" VPOS="353" WIDTH="66" HEIGHT="30" WC="0.96" CONTENT="Om"/><SP WIDTH="26" VPOS="353" HPOS="1308"/>
							<String ID="string_30" HPOS="1334" VPOS="355" WIDTH="120" HEIGHT="31" WC="0.96" CONTENT="värdet"/><SP WIDTH="27" VPOS="355" HPOS="1454"/>
							<String ID="string_31" HPOS="1481" VPOS="365" WIDTH="42" HEIGHT="20" WC="0.96" CONTENT="av"/><SP WIDTH="27" VPOS="365" HPOS="1523"/>
							<String ID="string_32" HPOS="1550" VPOS="366" WIDTH="41" HEIGHT="20" WC="0.96" CONTENT="en"/><SP WIDTH="28" VPOS="366" HPOS="1591"/>
							<String ID="string_33" HPOS="1619" VPOS="357" WIDTH="109" HEIGHT="30" WC="0.96" CONTENT="sådan"/>
						</TextLine>
						<TextLine ID="line_4" HPOS="231" VPOS="397" WIDTH="1498" HEIGHT="50">
							<String ID="string_34" HPOS="231" VPOS="397" WIDTH="226" HEIGHT="40" WC="0.93" CONTENT="obligatorisk"/><SP WIDTH="25" VPOS="397" HPOS="457"/>
							<String ID="string_35" HPOS="482" VPOS="399" WIDTH="338" HEIGHT="42" WC="0.91" CONTENT="garantiförsäkring"/><SP WIDTH="23" VPOS="399" HPOS="820"/>
							<String ID="string_36" HPOS="843" VPOS="402" WIDTH="64" HEIGHT="30" WC="0.96" CONTENT="har"/><SP WIDTH="24" VPOS="402" HPOS="907"/>
							<String ID="string_37" HPOS="931" VPOS="402" WIDTH="11" HEIGHT="29" WC="0.93" CONTENT="i"/><SP WIDTH="23" VPOS="402" HPOS="942"/>
							<String ID="string_38" HPOS="965" VPOS="403" WIDTH="232" HEIGHT="31" WC="0.92" CONTENT="remissvaren"/><SP WIDTH="25" VPOS="403" HPOS="1197"/>
							<String ID="string_39" HPOS="1222" VPOS="405" WIDTH="143" HEIGHT="30" WC="0.96" CONTENT="uttalats"/><SP WIDTH="25" VPOS="405" HPOS="1365"/>
							<String ID="string_40" HPOS="1390" VPOS="406" WIDTH="121" HEIGHT="31" WC="0.96" CONTENT="delade"/><SP WIDTH="25" VPOS="406" HPOS="1511"/>
							<String ID="string_41" HPOS="1536" VPOS="406" WIDTH="193" HEIGHT="41" WC="0.96" CONTENT="meningar."/>
						</TextLine>
						<TextLine ID="line_5" HPOS="231" VPOS="448" WIDTH="1497" HEIGHT="49">
							<String ID="string_42" HPOS="231" VPOS="448" WIDTH="65" HEIGHT="30" WC="0.96" CONTENT="Det"/><SP WIDTH="20" VPOS="448" HPOS="296"/>
							<String ID="string_43" HPOS="316" VPOS="457" WIDTH="101" HEIGHT="31" WC="0.96" CONTENT="synes"/><SP WIDTH="19" VPOS="457" HPOS="417"/>
							<String ID="string_44" HPOS="436" VPOS="450" WIDTH="87" HEIGHT="30" WC="0.96" CONTENT="även"/><SP WIDTH="19" VPOS="450" HPOS="523"/>
							<String ID="string_45" HPOS="542" VPOS="451" WIDTH="169" HEIGHT="30" WC="0.95" CONTENT="utskottet"/><SP WIDTH="19" VPOS="451" HPOS="711"/>
							<String ID="string_46" HPOS="730" VPOS="452" WIDTH="174" HEIGHT="30" WC="0.96" CONTENT="tveksamt"/><SP WIDTH="18" VPOS="452" HPOS="904"/>
							<String ID="string_47" HPOS="922" VPOS="452" WIDTH="11" HEIGHT="30" WC="0.96" CONTENT="i"/><SP WIDTH="19" VPOS="452" HPOS="933"/>
							<String ID="string_48" HPOS="952" VPOS="452" WIDTH="117" HEIGHT="31" WC="0.95" CONTENT="vilken"/><SP WIDTH="19" VPOS="452" HPOS="1069"/>
							<String ID="string_49" HPOS="1088" VPOS="453" WIDTH="81" HEIGHT="30" WC="0.95" CONTENT="mån"/><SP WIDTH="18" VPOS="453" HPOS="1169"/>
							<String ID="string_50" HPOS="1187" VPOS="454" WIDTH="111" HEIGHT="31" WC="0.96" CONTENT="behov"/><SP WIDTH="19" VPOS="454" HPOS="1298"/>
							<String ID="string_51" HPOS="1317" VPOS="465" WIDTH="42" HEIGHT="20" WC="0.96" CONTENT="av"/><SP WIDTH="19" VPOS="465" HPOS="1359"/>
							<String ID="string_52" HPOS="1378" VPOS="455" WIDTH="110" HEIGHT="31" WC="0.96" CONTENT="sådan"/><SP WIDTH="20" VPOS="455" HPOS="1488"/>
							<String ID="string_53" HPOS="1508" VPOS="457" WIDTH="220" HEIGHT="40" WC="0.96" CONTENT="lagstiftning"/>
						</TextLine>
						<TextLine ID="line_6" HPOS="232" VPOS="498" WIDTH="1496" HEIGHT="47">
							<String ID="string_54" HPOS="232" VPOS="498" WIDTH="71" HEIGHT="30" WC="0.95" CONTENT="kan"/><SP WIDTH="25" VPOS="498" HPOS="303"/>
							<String ID="string_55" HPOS="328" VPOS="508" WIDTH="102" HEIGHT="22" WC="0.95" CONTENT="anses"/><SP WIDTH="29" VPOS="508" HPOS="430"/>
							<String ID="string_56" HPOS="459" VPOS="499" WIDTH="177" HEIGHT="41" WC="0.96" CONTENT="föreligga."/><SP WIDTH="28" VPOS="499" HPOS="636"/>
							<String ID="string_57" HPOS="664" VPOS="500" WIDTH="76" HEIGHT="31" WC="0.96" CONTENT="Den"/><SP WIDTH="27" VPOS="500" HPOS="740"/>
							<String ID="string_58" HPOS="767" VPOS="502" WIDTH="124" HEIGHT="30" WC="0.96" CONTENT="väckta"/><SP WIDTH="29" VPOS="502" HPOS="891"/>
							<String ID="string_59" HPOS="920" VPOS="503" WIDTH="125" HEIGHT="40" WC="0.96" CONTENT="frågan"/><SP WIDTH="28" VPOS="503" HPOS="1045"/>
							<String ID="string_60" HPOS="1073" VPOS="513" WIDTH="100" HEIGHT="30" WC="0.96" CONTENT="synes"/><SP WIDTH="30" VPOS="513" HPOS="1173"/>
							<String ID="string_61" HPOS="1203" VPOS="505" WIDTH="89" HEIGHT="30" WC="0.96" CONTENT="dock"/><SP WIDTH="28" VPOS="505" HPOS="1292"/>
							<String ID="string_62" HPOS="1320" VPOS="506" WIDTH="149" HEIGHT="39" WC="0.96" CONTENT="förtjänt"/><SP WIDTH="28" VPOS="506" HPOS="1469"/>
							<String ID="string_63" HPOS="1497" VPOS="516" WIDTH="42" HEIGHT="20" WC="0.96" CONTENT="av"/><SP WIDTH="28" VPOS="516" HPOS="1539"/>
							<String ID="string_64" HPOS="1567" VPOS="508" WIDTH="161" HEIGHT="30" WC="0.96" CONTENT="närmare"/>
						</TextLine>
						<TextLine ID="line_7" HPOS="230" VPOS="548" WIDTH="248" HEIGHT="40">
							<String ID="string_65" HPOS="230" VPOS="548" WIDTH="248" HEIGHT="40" WC="0.95" CONTENT="övervägande."/>
						</TextLine>
					</TextBlock>
					<TextBlock ID="block_2" HPOS="227" VPOS="599" WIDTH="1500" HEIGHT="400">
						<TextLine ID="line_8" HPOS="275" VPOS="599" WIDTH="1452" HEIGHT="49">
							<String ID="string_66" HPOS="275" VPOS="599" WIDTH="51" HEIGHT="30" WC="0.96" CONTENT="Av"/><SP WIDTH="24" VPOS="599" HPOS="326"/>
							<String ID="string_67" HPOS="350" VPOS="600" WIDTH="66" HEIGHT="31" WC="0.96" CONTENT="den"/><SP WIDTH="26" VPOS="600" HPOS="416"/>
							<String ID="string_68" HPOS="442" VPOS="599" WIDTH="162" HEIGHT="32" WC="0.96" CONTENT="lämnade"/><SP WIDTH="24" VPOS="599" HPOS="604"/>
							<String ID="string_69" HPOS="628" VPOS="601" WIDTH="242" HEIGHT="41" WC="0.96" CONTENT="redogörelsen"/><SP WIDTH="26" VPOS="601" HPOS="870"/>
							<String ID="string_70" HPOS="896" VPOS="603" WIDTH="55" HEIGHT="30" WC="0.96" CONTENT="för"/><SP WIDTH="26" VPOS="603" HPOS="951"/>
							<String ID="string_71" HPOS="977" VPOS="603" WIDTH="57" HEIGHT="30" WC="0.96" CONTENT="det"/><SP WIDTH="24" VPOS="603" HPOS="1034"/>
							<String ID="string_72" HPOS="1058" VPOS="604" WIDTH="166" HEIGHT="31" WC="0.96" CONTENT="nordiska"/><SP WIDTH="27" VPOS="604" HPOS="1224"/>
							<String ID="string_73" HPOS="1251" VPOS="606" WIDTH="209" HEIGHT="32" WC="0.96" CONTENT="samarbetet"/><SP WIDTH="26" VPOS="606" HPOS="1460"/>
							<String ID="string_74" HPOS="1486" VPOS="608" WIDTH="163" HEIGHT="40" WC="0.96" CONTENT="framgår,"/><SP WIDTH="28" VPOS="608" HPOS="1649"/>
							<String ID="string_75" HPOS="1677" VPOS="610" WIDTH="50" HEIGHT="29" WC="0.97" CONTENT="att"/>
						</TextLine>
						<TextLine ID="line_9" HPOS="230" VPOS="648" WIDTH="1497" HEIGHT="46">
							<String ID="string_76" HPOS="230" VPOS="648" WIDTH="125" HEIGHT="41" WC="0.96" CONTENT="Kungl."/><SP WIDTH="19" VPOS="648" HPOS="355"/>
							<String ID="string_77" HPOS="374" VPOS="649" WIDTH="105" HEIGHT="40" WC="0.96" CONTENT="Maj:t"/><SP WIDTH="18" VPOS="649" HPOS="479"/>
							<String ID="string_78" HPOS="497" VPOS="651" WIDTH="63" HEIGHT="30" WC="0.96" CONTENT="har"/><SP WIDTH="18" VPOS="651" HPOS="560"/>
							<String ID="string_79" HPOS="578" VPOS="650" WIDTH="53" HEIGHT="31" WC="0.96" CONTENT="sin"/><SP WIDTH="17" VPOS="650" HPOS="631"/>
							<String ID="string_80" HPOS="648" VPOS="652" WIDTH="315" HEIGHT="39" WC="0.96" CONTENT="uppmärksamhet"/><SP WIDTH="17" VPOS="652" HPOS="963"/>
							<String ID="string_81" HPOS="980" VPOS="653" WIDTH="70" HEIGHT="31" WC="0.96" CONTENT="fäst"/><SP WIDTH="17" VPOS="653" HPOS="1050"/>
							<String ID="string_82" HPOS="1067" VPOS="654" WIDTH="43" HEIGHT="40" WC="0.93" CONTENT="på"/><SP WIDTH="17" VPOS="654" HPOS="1110"/>
							<String ID="string_83" HPOS="1127" VPOS="655" WIDTH="281" HEIGHT="31" WC="0.92" CONTENT="önskvärdheten"/><SP WIDTH="18" VPOS="655" HPOS="1408"/>
							<String ID="string_84" HPOS="1426" VPOS="667" WIDTH="43" HEIGHT="20" WC="0.97" CONTENT="av"/><SP WIDTH="17" VPOS="667" HPOS="1469"/>
							<String ID="string_85" HPOS="1486" VPOS="659" WIDTH="51" HEIGHT="28" WC="0.92" CONTENT="att"/><SP WIDTH="17" VPOS="659" HPOS="1537"/>
							<String ID="string_86" HPOS="1554" VPOS="659" WIDTH="173" HEIGHT="30" WC="0.92" CONTENT="konkurs-"/>
						</TextLine>
						<TextLine ID="line_10" HPOS="229" VPOS="698" WIDTH="1495" HEIGHT="55">
							<String ID="string_87" HPOS="229" VPOS="698" WIDTH="265" HEIGHT="41" WC="0.95" CONTENT="lagstiftningen"/><SP WIDTH="18" VPOS="698" HPOS="494"/>
							<String ID="string_88" HPOS="512" VPOS="700" WIDTH="65" HEIGHT="31" WC="0.96" CONTENT="blir"/><SP WIDTH="17" VPOS="700" HPOS="577"/>
							<String ID="string_89" HPOS="594" VPOS="701" WIDTH="146" HEIGHT="31" WC="0.96" CONTENT="föremål"/><SP WIDTH="19" VPOS="701" HPOS="740"/>
							<String ID="string_90" HPOS="759" VPOS="702" WIDTH="54" HEIGHT="31" WC="0.96" CONTENT="för"/><SP WIDTH="18" VPOS="702" HPOS="813"/>
							<String ID="string_91" HPOS="831" VPOS="713" WIDTH="40" HEIGHT="20" WC="0.96" CONTENT="en"/><SP WIDTH="19" VPOS="713" HPOS="871"/>
							<String ID="string_92" HPOS="890" VPOS="704" WIDTH="158" HEIGHT="38" WC="0.96" CONTENT="översyn."/><SP WIDTH="18" VPOS="704" HPOS="1048"/>
							<String ID="string_93" HPOS="1066" VPOS="704" WIDTH="64" HEIGHT="30" WC="0.95" CONTENT="Det"/><SP WIDTH="18" VPOS="704" HPOS="1130"/>
							<String ID="string_94" HPOS="1148" VPOS="705" WIDTH="54" HEIGHT="30" WC="0.96" CONTENT="får"/><SP WIDTH="19" VPOS="705" HPOS="1202"/>
							<String ID="string_95" HPOS="1221" VPOS="706" WIDTH="119" HEIGHT="30" WC="0.93" CONTENT="därför"/><SP WIDTH="17" VPOS="706" HPOS="1340"/>
							<String ID="string_96" HPOS="1357" VPOS="708" WIDTH="155" HEIGHT="39" WC="0.91" CONTENT="antagas,"/><SP WIDTH="19" VPOS="708" HPOS="1512"/>
							<String ID="string_97" HPOS="1531" VPOS="710" WIDTH="50" HEIGHT="28" WC="0.96" CONTENT="att"/><SP WIDTH="17" VPOS="710" HPOS="1581"/>
							<String ID="string_98" HPOS="1598" VPOS="705" WIDTH="126" HEIGHT="48" WC="0.96" CONTENT="Kungl."/>
						</TextLine>
						<TextLine ID="line_11" HPOS="228" VPOS="748" WIDTH="1496" HEIGHT="51">
							<String ID="string_99" HPOS="228" VPOS="748" WIDTH="115" HEIGHT="40" WC="0.96" CONTENT="Maj:t,"/><SP WIDTH="23" VPOS="748" HPOS="343"/>
							<String ID="string_100" HPOS="366" VPOS="750" WIDTH="43" HEIGHT="30" WC="0.96" CONTENT="då"/><SP WIDTH="22" VPOS="750" HPOS="409"/>
							<String ID="string_101" HPOS="431" VPOS="750" WIDTH="38" HEIGHT="30" WC="0.93" CONTENT="så"/><SP WIDTH="22" VPOS="750" HPOS="469"/>
							<String ID="string_102" HPOS="491" VPOS="750" WIDTH="157" HEIGHT="32" WC="0.91" CONTENT="befinnes"/><SP WIDTH="23" VPOS="750" HPOS="648"/>
							<String ID="string_103" HPOS="671" VPOS="751" WIDTH="169" HEIGHT="41" WC="0.96" CONTENT="lämpligt,"/><SP WIDTH="22" VPOS="751" HPOS="840"/>
							<String ID="string_104" HPOS="862" VPOS="753" WIDTH="159" HEIGHT="31" WC="0.96" CONTENT="kommer"/><SP WIDTH="23" VPOS="753" HPOS="1021"/>
							<String ID="string_105" HPOS="1044" VPOS="756" WIDTH="49" HEIGHT="29" WC="0.96" CONTENT="att"/><SP WIDTH="21" VPOS="756" HPOS="1093"/>
							<String ID="string_106" HPOS="1114" VPOS="756" WIDTH="78" HEIGHT="38" WC="0.96" CONTENT="taga"/><SP WIDTH="22" VPOS="756" HPOS="1192"/>
							<String ID="string_107" HPOS="1214" VPOS="755" WIDTH="150" HEIGHT="32" WC="0.96" CONTENT="initiativ"/><SP WIDTH="21" VPOS="755" HPOS="1364"/>
							<String ID="string_108" HPOS="1385" VPOS="758" WIDTH="118" HEIGHT="30" WC="0.96" CONTENT="därtill"/><SP WIDTH="23" VPOS="758" HPOS="1503"/>
							<String ID="string_109" HPOS="1526" VPOS="759" WIDTH="165" HEIGHT="40" WC="0.96" CONTENT="antingen"/><SP WIDTH="23" VPOS="759" HPOS="1691"/>
							<String ID="string_110" HPOS="1714" VPOS="760" WIDTH="10" HEIGHT="29" WC="0.95" CONTENT="i"/>
						</TextLine>
						<TextLine ID="line_12" HPOS="230" VPOS="800" WIDTH="1496" HEIGHT="49">
							<String ID="string_111" HPOS="230" VPOS="800" WIDTH="256" HEIGHT="40" WC="0.96" CONTENT="sammanhang"/><SP WIDTH="28" VPOS="800" HPOS="486"/>
							<String ID="string_112" HPOS="514" VPOS="802" WIDTH="78" HEIGHT="30" WC="0.93" CONTENT="med"/><SP WIDTH="27" VPOS="802" HPOS="592"/>
							<String ID="string_113" HPOS="619" VPOS="801" WIDTH="253" HEIGHT="31" WC="0.91" CONTENT="internordiskt"/><SP WIDTH="28" VPOS="801" HPOS="872"/>
							<String ID="string_114" HPOS="900" VPOS="803" WIDTH="358" HEIGHT="42" WC="0.91" CONTENT="lagstiftningsarbete"/><SP WIDTH="29" VPOS="803" HPOS="1258"/>
							<String ID="string_115" HPOS="1287" VPOS="807" WIDTH="81" HEIGHT="30" WC="0.96" CONTENT="eller"/><SP WIDTH="27" VPOS="807" HPOS="1368"/>
							<String ID="string_116" HPOS="1395" VPOS="808" WIDTH="112" HEIGHT="39" WC="0.96" CONTENT="eljest."/><SP WIDTH="30" VPOS="808" HPOS="1507"/>
							<String ID="string_117" HPOS="1537" VPOS="809" WIDTH="48" HEIGHT="30" WC="0.96" CONTENT="På"/><SP WIDTH="28" VPOS="809" HPOS="1585"/>
							<String ID="string_118" HPOS="1613" VPOS="811" WIDTH="113" HEIGHT="38" WC="0.96" CONTENT="grund"/>
						</TextLine>
						<TextLine ID="line_13" HPOS="227" VPOS="849" WIDTH="1499" HEIGHT="46">
							<String ID="string_119" HPOS="227" VPOS="849" WIDTH="109" HEIGHT="30" WC="0.96" CONTENT="härav"/><SP WIDTH="20" VPOS="849" HPOS="336"/>
							<String ID="string_120" HPOS="356" VPOS="851" WIDTH="64" HEIGHT="29" WC="0.96" CONTENT="och"/><SP WIDTH="21" VPOS="851" HPOS="420"/>
							<String ID="string_121" HPOS="441" VPOS="851" WIDTH="45" HEIGHT="30" WC="0.96" CONTENT="då"/><SP WIDTH="20" VPOS="851" HPOS="486"/>
							<String ID="string_122" HPOS="506" VPOS="851" WIDTH="105" HEIGHT="42" WC="0.96" CONTENT="enligt"/><SP WIDTH="20" VPOS="851" HPOS="611"/>
							<String ID="string_123" HPOS="631" VPOS="852" WIDTH="190" HEIGHT="32" WC="0.96" CONTENT="utskottets"/><SP WIDTH="20" VPOS="852" HPOS="821"/>
							<String ID="string_124" HPOS="841" VPOS="854" WIDTH="141" HEIGHT="40" WC="0.96" CONTENT="mening"/><SP WIDTH="22" VPOS="854" HPOS="982"/>
							<String ID="string_125" HPOS="1004" VPOS="855" WIDTH="157" HEIGHT="39" WC="0.96" CONTENT="gällande"/><SP WIDTH="20" VPOS="855" HPOS="1161"/>
							<String ID="string_126" HPOS="1181" VPOS="857" WIDTH="111" HEIGHT="38" WC="0.96" CONTENT="regler"/><SP WIDTH="21" VPOS="857" HPOS="1292"/>
							<String ID="string_127" HPOS="1313" VPOS="867" WIDTH="55" HEIGHT="20" WC="0.93" CONTENT="om"/><SP WIDTH="21" VPOS="867" HPOS="1368"/>
							<String ID="string_128" HPOS="1389" VPOS="859" WIDTH="337" HEIGHT="32" WC="0.91" CONTENT="konkursförfaran-"/>
						</TextLine>
						<TextLine ID="line_14" HPOS="228" VPOS="899" WIDTH="1498" HEIGHT="49">
							<String ID="string_129" HPOS="228" VPOS="899" WIDTH="58" HEIGHT="30" WC="0.96" CONTENT="det"/><SP WIDTH="20" VPOS="899" HPOS="286"/>
							<String ID="string_130" HPOS="306" VPOS="900" WIDTH="11" HEIGHT="29" WC="0.96" CONTENT="i"/><SP WIDTH="22" VPOS="900" HPOS="317"/>
							<String ID="string_131" HPOS="339" VPOS="901" WIDTH="86" HEIGHT="29" WC="0.96" CONTENT="stort"/><SP WIDTH="22" VPOS="901" HPOS="425"/>
							<String ID="string_132" HPOS="447" VPOS="902" WIDTH="68" HEIGHT="28" WC="0.96" CONTENT="sett"/><SP WIDTH="21" VPOS="902" HPOS="515"/>
							<String ID="string_133" HPOS="536" VPOS="901" WIDTH="145" HEIGHT="40" WC="0.93" CONTENT="fungera"/><SP WIDTH="21" VPOS="901" HPOS="681"/>
							<String ID="string_134" HPOS="702" VPOS="901" WIDTH="336" HEIGHT="38" WC="0.91" CONTENT="tillfredsställande,"/><SP WIDTH="22" VPOS="901" HPOS="1038"/>
							<String ID="string_135" HPOS="1060" VPOS="904" WIDTH="114" HEIGHT="32" WC="0.96" CONTENT="finner"/><SP WIDTH="23" VPOS="904" HPOS="1174"/>
							<String ID="string_136" HPOS="1197" VPOS="907" WIDTH="169" HEIGHT="31" WC="0.96" CONTENT="utskottet"/><SP WIDTH="22" VPOS="907" HPOS="1366"/>
							<String ID="string_137" HPOS="1388" VPOS="908" WIDTH="51" HEIGHT="40" WC="0.96" CONTENT="sig"/><SP WIDTH="22" VPOS="908" HPOS="1439"/>
							<String ID="string_138" HPOS="1461" VPOS="907" WIDTH="30" HEIGHT="39" WC="0.96" CONTENT="ej"/><SP WIDTH="26" VPOS="907" HPOS="1491"/>
							<String ID="string_139" HPOS="1517" VPOS="909" WIDTH="119" HEIGHT="31" WC="0.92" CONTENT="kunna"/><SP WIDTH="22" VPOS="909" HPOS="1636"/>
							<String ID="string_140" HPOS="1658" VPOS="911" WIDTH="68" HEIGHT="30" WC="0.91" CONTENT="till-"/>
						</TextLine>
						<TextLine ID="line_15" HPOS="228" VPOS="950" WIDTH="1262" HEIGHT="49">
							<String ID="string_141" HPOS="228" VPOS="950" WIDTH="130" HEIGHT="38" WC="0.96" CONTENT="styrka,"/><SP WIDTH="23" VPOS="950" HPOS="358"/>
							<String ID="string_142" HPOS="381" VPOS="952" WIDTH="50" HEIGHT="29" WC="0.96" CONTENT="att"/><SP WIDTH="21" VPOS="952" HPOS="431"/>
							<String ID="string_143" HPOS="452" VPOS="950" WIDTH="187" HEIGHT="41" WC="0.96" CONTENT="riksdagen"/><SP WIDTH="21" VPOS="950" HPOS="639"/>
							<String ID="string_144" HPOS="660" VPOS="952" WIDTH="105" HEIGHT="41" WC="0.96" CONTENT="begär"/><SP WIDTH="23" VPOS="952" HPOS="765"/>
							<String ID="string_145" HPOS="788" VPOS="962" WIDTH="42" HEIGHT="20" WC="0.96" CONTENT="en"/><SP WIDTH="20" VPOS="962" HPOS="830"/>
							<String ID="string_146" HPOS="850" VPOS="954" WIDTH="148" HEIGHT="40" WC="0.96" CONTENT="översyn"/><SP WIDTH="23" VPOS="954" HPOS="998"/>
							<String ID="string_147" HPOS="1021" VPOS="964" WIDTH="42" HEIGHT="21" WC="0.96" CONTENT="av"/><SP WIDTH="21" VPOS="964" HPOS="1063"/>
							<String ID="string_148" HPOS="1084" VPOS="956" WIDTH="158" HEIGHT="39" WC="0.93" CONTENT="gällande"/><SP WIDTH="22" VPOS="956" HPOS="1242"/>
							<String ID="string_149" HPOS="1264" VPOS="957" WIDTH="226" HEIGHT="42" WC="0.91" CONTENT="konkurslag."/>
						</TextLine>
					</TextBlock>
				</ComposedBlock>
				<ComposedBlock ID="cblock_2" HPOS="269" VPOS="1048" WIDTH="1455" HEIGHT="148">
					<TextBlock ID="block_3" HPOS="269" VPOS="1048" WIDTH="1455" HEIGHT="148">
						<TextLine ID="line_16" HPOS="269" VPOS="1048" WIDTH="1138" HEIGHT="43">
							<String ID="string_150" HPOS="269" VPOS="1048" WIDTH="116" HEIGHT="31" WC="0.96" CONTENT="Under"/><SP WIDTH="19" VPOS="1048" HPOS="385"/>
							<String ID="string_151" HPOS="404" VPOS="1049" WIDTH="219" HEIGHT="41" WC="0.96" CONTENT="åberopande"/><SP WIDTH="18" VPOS="1049" HPOS="623"/>
							<String ID="string_152" HPOS="641" VPOS="1060" WIDTH="43" HEIGHT="21" WC="0.96" CONTENT="av"/><SP WIDTH="19" VPOS="1060" HPOS="684"/>
							<String ID="string_153" HPOS="703" VPOS="1052" WIDTH="58" HEIGHT="29" WC="0.96" CONTENT="det"/><SP WIDTH="20" VPOS="1052" HPOS="761"/>
							<String ID="string_154" HPOS="781" VPOS="1052" WIDTH="147" HEIGHT="30" WC="0.96" CONTENT="anförda"/><SP WIDTH="21" VPOS="1052" HPOS="928"/>
							<String ID="string_155" HPOS="949" VPOS="1053" WIDTH="55" HEIGHT="30" WC="0.96" CONTENT="får"/><SP WIDTH="20" VPOS="1053" HPOS="1004"/>
							<String ID="string_156" HPOS="1024" VPOS="1054" WIDTH="168" HEIGHT="30" WC="0.93" CONTENT="utskottet"/><SP WIDTH="21" VPOS="1054" HPOS="1192"/>
							<String ID="string_157" HPOS="1213" VPOS="1056" WIDTH="194" HEIGHT="35" WC="0.91" CONTENT="hemställa,"/>
						</TextLine>
						<TextLine ID="line_17" HPOS="578" VPOS="1101" WIDTH="1146" HEIGHT="40">
							<String ID="string_158" HPOS="578" VPOS="1102" WIDTH="49" HEIGHT="28" WC="0.96" CONTENT="att"/><SP WIDTH="20" VPOS="1102" HPOS="627"/>
							<String ID="string_159" HPOS="647" VPOS="1101" WIDTH="229" HEIGHT="31" WC="0.96" CONTENT="förevarande"/><SP WIDTH="20" VPOS="1101" HPOS="876"/>
							<String ID="string_160" HPOS="896" VPOS="1103" WIDTH="183" HEIGHT="35" WC="0.95" CONTENT="motioner,"/><SP WIDTH="21" VPOS="1103" HPOS="1079"/>
							<String ID="string_161" HPOS="1100" VPOS="1104" WIDTH="28" HEIGHT="30" WC="0.66" CONTENT="I:"/><SP WIDTH="14" VPOS="1104" HPOS="1128"/>
							<String ID="string_162" HPOS="1142" VPOS="1104" WIDTH="41" HEIGHT="31" WC="0.66" CONTENT="33"/><SP WIDTH="23" VPOS="1104" HPOS="1183"/>
							<String ID="string_163" HPOS="1206" VPOS="1106" WIDTH="65" HEIGHT="29" WC="0.96" CONTENT="och"/><SP WIDTH="22" VPOS="1106" HPOS="1271"/>
							<String ID="string_164" HPOS="1293" VPOS="1107" WIDTH="44" HEIGHT="29" WC="0.92" CONTENT="II:"/><SP WIDTH="15" VPOS="1107" HPOS="1337"/>
							<String ID="string_165" HPOS="1352" VPOS="1107" WIDTH="52" HEIGHT="34" WC="0.96" CONTENT="48,"/><SP WIDTH="23" VPOS="1107" HPOS="1404"/>
							<String ID="string_166" HPOS="1427" VPOS="1108" WIDTH="77" HEIGHT="30" WC="0.96" CONTENT="icke"/><SP WIDTH="22" VPOS="1108" HPOS="1504"/>
							<String ID="string_167" HPOS="1526" VPOS="1109" WIDTH="106" HEIGHT="30" WC="0.93" CONTENT="måtte"/><SP WIDTH="22" VPOS="1109" HPOS="1632"/>
							<String ID="string_168" HPOS="1654" VPOS="1110" WIDTH="70" HEIGHT="30" WC="0.93" CONTENT="för-"/>
						</TextLine>
						<TextLine ID="line_18" HPOS="537" VPOS="1152" WIDTH="631" HEIGHT="44">
							<String ID="string_169" HPOS="537" VPOS="1152" WIDTH="120" HEIGHT="31" WC="0.92" CONTENT="anleda"/><SP WIDTH="20" VPOS="1152" HPOS="657"/>
							<String ID="string_170" HPOS="677" VPOS="1153" WIDTH="116" HEIGHT="40" WC="0.96" CONTENT="någon"/><SP WIDTH="19" VPOS="1153" HPOS="793"/>
							<String ID="string_171" HPOS="812" VPOS="1153" WIDTH="206" HEIGHT="42" WC="0.96" CONTENT="riksdagens"/><SP WIDTH="20" VPOS="1153" HPOS="1018"/>
							<String ID="string_172" HPOS="1038" VPOS="1155" WIDTH="130" HEIGHT="41" WC="0.96" CONTENT="åtgärd."/>
						</TextLine>
					</TextBlock>
				</ComposedBlock>
				<ComposedBlock ID="cblock_3" HPOS="271" VPOS="1233" WIDTH="551" HEIGHT="42">
					<TextBlock ID="block_4" HPOS="271" VPOS="1233" WIDTH="551" HEIGHT="42">
						<TextLine ID="line_19" HPOS="271" VPOS="1233" WIDTH="551" HEIGHT="42">
							<String ID="string_173" HPOS="271" VPOS="1233" WIDTH="201" HEIGHT="31" WC="0.96" CONTENT="Stockholm"/><SP WIDTH="21" VPOS="1233" HPOS="472"/>
							<String ID="string_174" HPOS="493" VPOS="1234" WIDTH="66" HEIGHT="31" WC="0.95" CONTENT="den"/><SP WIDTH="19" VPOS="1234" HPOS="559"/>
							<String ID="string_175" HPOS="578" VPOS="1235" WIDTH="19" HEIGHT="30" WC="0.95" CONTENT="8"/><SP WIDTH="20" VPOS="1235" HPOS="597"/>
							<String ID="string_176" HPOS="617" VPOS="1236" WIDTH="88" HEIGHT="39" WC="0.96" CONTENT="april"/><SP WIDTH="23" VPOS="1236" HPOS="705"/>
							<String ID="string_177" HPOS="728" VPOS="1236" WIDTH="94" HEIGHT="30" WC="0.96" CONTENT="1954."/>
						</TextLine>
					</TextBlock>
				</ComposedBlock>
				<ComposedBlock ID="cblock_4" HPOS="668" VPOS="1327" WIDTH="606" HEIGHT="101">
					<TextBlock ID="block_5" HPOS="668" VPOS="1327" WIDTH="606" HEIGHT="101">
						<TextLine ID="line_20" HPOS="668" VPOS="1327" WIDTH="606" HEIGHT="44">
							<String ID="string_178" HPOS="668" VPOS="1327" WIDTH="49" HEIGHT="31" WC="0.96" CONTENT="På"/><SP WIDTH="19" VPOS="1327" HPOS="717"/>
							<String ID="string_179" HPOS="736" VPOS="1329" WIDTH="110" HEIGHT="30" WC="0.93" CONTENT="första"/><SP WIDTH="18" VPOS="1329" HPOS="846"/>
							<String ID="string_180" HPOS="864" VPOS="1328" WIDTH="245" HEIGHT="41" WC="0.90" CONTENT="lagutskottets"/><SP WIDTH="19" VPOS="1328" HPOS="1109"/>
							<String ID="string_181" HPOS="1128" VPOS="1333" WIDTH="146" HEIGHT="38" WC="0.96" CONTENT="vägnar:"/>
						</TextLine>
						<TextLine ID="line_21" HPOS="791" VPOS="1395" WIDTH="363" HEIGHT="33">
							<String ID="string_182" HPOS="791" VPOS="1395" WIDTH="107" HEIGHT="29" WC="0.95" CONTENT="EMIL"/><SP WIDTH="24" VPOS="1395" HPOS="898"/>
							<String ID="string_183" HPOS="922" VPOS="1395" WIDTH="232" HEIGHT="33" WC="0.96" CONTENT="AHLKVIST."/>
						</TextLine>
					</TextBlock>
				</ComposedBlock>
				<ComposedBlock ID="cblock_5" HPOS="564" VPOS="1560" WIDTH="814" HEIGHT="44">
					<TextBlock ID="block_6" HPOS="564" VPOS="1560" WIDTH="814" HEIGHT="44">
						<TextLine ID="line_22" HPOS="564" VPOS="1560" WIDTH="814" HEIGHT="44">
							<String ID="string_184" HPOS="564" VPOS="1560" WIDTH="64" HEIGHT="32" WC="0.96" CONTENT="Vid"/><SP WIDTH="19" VPOS="1560" HPOS="628"/>
							<String ID="string_185" HPOS="647" VPOS="1561" WIDTH="95" HEIGHT="31" WC="0.93" CONTENT="detta"/><SP WIDTH="20" VPOS="1561" HPOS="742"/>
							<String ID="string_186" HPOS="762" VPOS="1562" WIDTH="145" HEIGHT="31" WC="0.92" CONTENT="ärendes"/><SP WIDTH="22" VPOS="1562" HPOS="907"/>
							<String ID="string_187" HPOS="929" VPOS="1563" WIDTH="211" HEIGHT="41" WC="0.96" CONTENT="behandling"/><SP WIDTH="18" VPOS="1563" HPOS="1140"/>
							<String ID="string_188" HPOS="1158" VPOS="1566" WIDTH="45" HEIGHT="30" WC="0.93" CONTENT="ha"/><SP WIDTH="21" VPOS="1566" HPOS="1203"/>
							<String ID="string_189" HPOS="1224" VPOS="1567" WIDTH="154" HEIGHT="30" WC="0.91" CONTENT="närvarit"/>
						</TextLine>
					</TextBlock>
				</ComposedBlock>
				<ComposedBlock ID="cblock_6" HPOS="219" VPOS="1618" WIDTH="1502" HEIGHT="119">
					<TextBlock ID="block_7" HPOS="219" VPOS="1618" WIDTH="1502" HEIGHT="119">
						<TextLine ID="line_23" HPOS="266" VPOS="1618" WIDTH="1455" HEIGHT="48">
							<String ID="string_190" HPOS="266" VPOS="1618" WIDTH="78" HEIGHT="31" WC="0.96" CONTENT="från"/><SP WIDTH="38" VPOS="1618" HPOS="344"/>
							<String ID="string_191" HPOS="382" VPOS="1619" WIDTH="166" HEIGHT="30" WC="0.96" CONTENT="första"/><SP WIDTH="37" VPOS="1619" HPOS="548"/>
							<String ID="string_192" HPOS="585" VPOS="1620" WIDTH="221" HEIGHT="31" WC="0.95" CONTENT="kammaren:"/><SP WIDTH="28" VPOS="1620" HPOS="806"/>
							<String ID="string_193" HPOS="834" VPOS="1621" WIDTH="121" HEIGHT="31" WC="0.96" CONTENT="herrar"/><SP WIDTH="26" VPOS="1621" HPOS="955"/>
							<String ID="string_194" HPOS="981" VPOS="1622" WIDTH="170" HEIGHT="37" WC="0.95" CONTENT="Ahlkvist,"/><SP WIDTH="26" VPOS="1622" HPOS="1151"/>
							<String ID="string_195" HPOS="1177" VPOS="1624" WIDTH="178" HEIGHT="42" WC="0.96" CONTENT="Branting,"/><SP WIDTH="27" VPOS="1624" HPOS="1355"/>
							<String ID="string_196" HPOS="1382" VPOS="1627" WIDTH="196" HEIGHT="38" WC="0.93" CONTENT="Lindblom,"/><SP WIDTH="28" VPOS="1627" HPOS="1578"/>
							<String ID="string_197" HPOS="1606" VPOS="1630" WIDTH="115" HEIGHT="30" WC="0.92" CONTENT="Olofs-"/>
						</TextLine>
						<TextLine ID="line_24" HPOS="219" VPOS="1660" WIDTH="1501" HEIGHT="45">
							<String ID="string_198" HPOS="219" VPOS="1660" WIDTH="96" HEIGHT="34" WC="0.88" CONTENT="son”,"/><SP WIDTH="20" VPOS="1660" HPOS="315"/>
							<String ID="string_199" HPOS="335" VPOS="1660" WIDTH="185" HEIGHT="34" WC="0.96" CONTENT="Lodenius,"/><SP WIDTH="18" VPOS="1660" HPOS="520"/>
							<String ID="string_200" HPOS="538" VPOS="1661" WIDTH="56" HEIGHT="29" WC="0.93" CONTENT="fru"/><SP WIDTH="18" VPOS="1661" HPOS="594"/>
							<String ID="string_201" HPOS="612" VPOS="1661" WIDTH="387" HEIGHT="39" WC="0.92" CONTENT="Sjöström-Bengtsson,"/><SP WIDTH="18" VPOS="1661" HPOS="999"/>
							<String ID="string_202" HPOS="1017" VPOS="1664" WIDTH="79" HEIGHT="30" WC="0.92" CONTENT="herr"/><SP WIDTH="16" VPOS="1664" HPOS="1096"/>
							<String ID="string_203" HPOS="1112" VPOS="1665" WIDTH="191" HEIGHT="40" WC="0.92" CONTENT="Björnberg"/><SP WIDTH="17" VPOS="1665" HPOS="1303"/>
							<String ID="string_204" HPOS="1320" VPOS="1668" WIDTH="64" HEIGHT="29" WC="0.96" CONTENT="och"/><SP WIDTH="19" VPOS="1668" HPOS="1384"/>
							<String ID="string_205" HPOS="1403" VPOS="1668" WIDTH="57" HEIGHT="30" WC="0.96" CONTENT="fru"/><SP WIDTH="18" VPOS="1668" HPOS="1460"/>
							<String ID="string_206" HPOS="1478" VPOS="1669" WIDTH="109" HEIGHT="31" WC="0.93" CONTENT="Gärde"/><SP WIDTH="17" VPOS="1669" HPOS="1587"/>
							<String ID="string_207" HPOS="1604" VPOS="1671" WIDTH="116" HEIGHT="30" WC="0.90" CONTENT="Wide-"/>
						</TextLine>
						<TextLine ID="line_25" HPOS="219" VPOS="1712" WIDTH="92" HEIGHT="25">
							<String ID="string_208" HPOS="219" VPOS="1712" WIDTH="92" HEIGHT="25" WC="0.96" CONTENT="mar;"/>
						</TextLine>
					</TextBlock>
				</ComposedBlock>
				<ComposedBlock ID="cblock_7" HPOS="218" VPOS="1761" WIDTH="1498" HEIGHT="126">
					<TextBlock ID="block_8" HPOS="218" VPOS="1761" WIDTH="1498" HEIGHT="126">
						<TextLine ID="line_26" HPOS="264" VPOS="1761" WIDTH="1452" HEIGHT="52">
							<String ID="string_209" HPOS="264" VPOS="1761" WIDTH="78" HEIGHT="31" WC="0.96" CONTENT="från"/><SP WIDTH="66" VPOS="1761" HPOS="342"/>
							<String ID="string_210" HPOS="408" VPOS="1763" WIDTH="122" HEIGHT="29" WC="0.95" CONTENT="andra"/><SP WIDTH="32" VPOS="1763" HPOS="530"/>
							<String ID="string_211" HPOS="562" VPOS="1763" WIDTH="221" HEIGHT="31" WC="0.96" CONTENT="kammaren:"/><SP WIDTH="22" VPOS="1763" HPOS="783"/>
							<String ID="string_212" HPOS="805" VPOS="1765" WIDTH="121" HEIGHT="30" WC="0.96" CONTENT="herrar"/><SP WIDTH="22" VPOS="1765" HPOS="926"/>
							<String ID="string_213" HPOS="948" VPOS="1765" WIDTH="164" HEIGHT="36" WC="0.96" CONTENT="Gezelius,"/><SP WIDTH="22" VPOS="1765" HPOS="1112"/>
							<String ID="string_214" HPOS="1134" VPOS="1767" WIDTH="207" HEIGHT="32" WC="0.95" CONTENT="Gustafsson"/><SP WIDTH="23" VPOS="1767" HPOS="1341"/>
							<String ID="string_215" HPOS="1364" VPOS="1770" WIDTH="10" HEIGHT="29" WC="0.96" CONTENT="i"/><SP WIDTH="22" VPOS="1770" HPOS="1374"/>
							<String ID="string_216" HPOS="1396" VPOS="1771" WIDTH="119" HEIGHT="35" WC="0.96" CONTENT="Borås,"/><SP WIDTH="23" VPOS="1771" HPOS="1515"/>
							<String ID="string_217" HPOS="1538" VPOS="1772" WIDTH="178" HEIGHT="41" WC="0.96" CONTENT="Hedqvist,"/>
						</TextLine>
						<TextLine ID="line_27" HPOS="219" VPOS="1803" WIDTH="1497" HEIGHT="45">
							<String ID="string_218" HPOS="219" VPOS="1803" WIDTH="126" HEIGHT="31" WC="0.96" CONTENT="fröken"/><SP WIDTH="28" VPOS="1803" HPOS="345"/>
							<String ID="string_219" HPOS="373" VPOS="1804" WIDTH="185" HEIGHT="40" WC="0.96" CONTENT="Liljedahl,"/><SP WIDTH="30" VPOS="1804" HPOS="558"/>
							<String ID="string_220" HPOS="588" VPOS="1805" WIDTH="55" HEIGHT="30" WC="0.96" CONTENT="fru"/><SP WIDTH="30" VPOS="1805" HPOS="643"/>
							<String ID="string_221" HPOS="673" VPOS="1805" WIDTH="199" HEIGHT="32" WC="0.96" CONTENT="Johansson"/><SP WIDTH="30" VPOS="1805" HPOS="872"/>
							<String ID="string_222" HPOS="902" VPOS="1807" WIDTH="11" HEIGHT="29" WC="0.96" CONTENT="i"/><SP WIDTH="31" VPOS="1807" HPOS="913"/>
							<String ID="string_223" HPOS="944" VPOS="1808" WIDTH="145" HEIGHT="35" WC="0.96" CONTENT="Skövde,"/><SP WIDTH="29" VPOS="1808" HPOS="1089"/>
							<String ID="string_224" HPOS="1118" VPOS="1810" WIDTH="121" HEIGHT="31" WC="0.96" CONTENT="herrar"/><SP WIDTH="31" VPOS="1810" HPOS="1239"/>
							<String ID="string_225" HPOS="1270" VPOS="1811" WIDTH="173" HEIGHT="37" WC="0.96" CONTENT="Ekström,"/><SP WIDTH="32" VPOS="1811" HPOS="1443"/>
							<String ID="string_226" HPOS="1475" VPOS="1814" WIDTH="200" HEIGHT="32" WC="0.96" CONTENT="Andersson"/><SP WIDTH="31" VPOS="1814" HPOS="1675"/>
							<String ID="string_227" HPOS="1706" VPOS="1816" WIDTH="10" HEIGHT="29" WC="0.96" CONTENT="i"/>
						</TextLine>
						<TextLine ID="line_28" HPOS="218" VPOS="1845" WIDTH="513" HEIGHT="42">
							<String ID="string_228" HPOS="218" VPOS="1845" WIDTH="197" HEIGHT="40" WC="0.91" CONTENT="Björkäng&quot;"/><SP WIDTH="25" VPOS="1845" HPOS="415"/>
							<String ID="string_229" HPOS="440" VPOS="1847" WIDTH="66" HEIGHT="29" WC="0.96" CONTENT="och"/><SP WIDTH="21" VPOS="1847" HPOS="506"/>
							<String ID="string_230" HPOS="527" VPOS="1847" WIDTH="204" HEIGHT="40" WC="0.96" CONTENT="Lundqvist."/>
						</TextLine>
					</TextBlock>
				</ComposedBlock>
				<ComposedBlock ID="cblock_8" HPOS="264" VPOS="1920" WIDTH="710" HEIGHT="34">
					<TextBlock ID="block_9" HPOS="264" VPOS="1920" WIDTH="710" HEIGHT="34">
						<TextLine ID="line_29" HPOS="264" VPOS="1920" WIDTH="710" HEIGHT="34">
							<String ID="string_231" HPOS="264" VPOS="1920" WIDTH="10" HEIGHT="9" WC="0.45" CONTENT="&quot;"/><SP WIDTH="24" VPOS="1920" HPOS="274"/>
							<String ID="string_232" HPOS="298" VPOS="1920" WIDTH="33" HEIGHT="31" WC="0.96" CONTENT="Ej"/><SP WIDTH="21" VPOS="1920" HPOS="331"/>
							<String ID="string_233" HPOS="352" VPOS="1921" WIDTH="182" HEIGHT="24" WC="0.95" CONTENT="närvarande"/><SP WIDTH="20" VPOS="1921" HPOS="534"/>
							<String ID="string_234" HPOS="554" VPOS="1921" WIDTH="47" HEIGHT="24" WC="0.93" CONTENT="vid"/><SP WIDTH="21" VPOS="1921" HPOS="601"/>
							<String ID="string_235" HPOS="622" VPOS="1922" WIDTH="180" HEIGHT="25" WC="0.92" CONTENT="utlåtandets"/><SP WIDTH="20" VPOS="1922" HPOS="802"/>
							<String ID="string_236" HPOS="822" VPOS="1923" WIDTH="152" HEIGHT="31" WC="0.90" CONTENT="justcring."/>
						</TextLine>
					</TextBlock>
				</ComposedBlock>
				<ComposedBlock ID="cblock_9" HPOS="417" VPOS="2472" WIDTH="1083" HEIGHT="80">
					<TextBlock ID="block_10" HPOS="417" VPOS="2472" WIDTH="1083" HEIGHT="80">
						<TextLine ID="line_30" HPOS="417" VPOS="2472" WIDTH="1083" HEIGHT="39">
							<String ID="string_237" HPOS="417" VPOS="2472" WIDTH="185" HEIGHT="29" WC="0.96" CONTENT="Stockholm"/><SP WIDTH="15" VPOS="2472" HPOS="602"/>
							<String ID="string_238" HPOS="617" VPOS="2474" WIDTH="85" HEIGHT="28" WC="0.64" CONTENT="19354."/><SP WIDTH="27" VPOS="2474" HPOS="702"/>
							<String ID="string_239" HPOS="729" VPOS="2473" WIDTH="112" HEIGHT="37" WC="0.93" CONTENT="Kungl."/><SP WIDTH="12" VPOS="2473" HPOS="841"/>
							<String ID="string_240" HPOS="853" VPOS="2474" WIDTH="243" HEIGHT="37" WC="0.90" CONTENT="Boktryckeriet"/><SP WIDTH="13" VPOS="2474" HPOS="1096"/>
							<String ID="string_241" HPOS="1109" VPOS="2476" WIDTH="32" HEIGHT="28" WC="0.89" CONTENT="P."/><SP WIDTH="13" VPOS="2476" HPOS="1141"/>
							<String ID="string_242" HPOS="1154" VPOS="2478" WIDTH="33" HEIGHT="27" WC="0.89" CONTENT="A."/><SP WIDTH="13" VPOS="2478" HPOS="1187"/>
							<String ID="string_243" HPOS="1200" VPOS="2477" WIDTH="150" HEIGHT="30" WC="0.93" CONTENT="Norstedt"/><SP WIDTH="12" VPOS="2477" HPOS="1350"/>
							<String ID="string_244" HPOS="1362" VPOS="2480" WIDTH="24" HEIGHT="28" WC="0.93" CONTENT="&amp;"/><SP WIDTH="13" VPOS="2480" HPOS="1386"/>
							<String ID="string_245" HPOS="1399" VPOS="2481" WIDTH="101" HEIGHT="28" WC="0.96" CONTENT="Söner"/>
						</TextLine>
						<TextLine ID="line_31" HPOS="912" VPOS="2531" WIDTH="99" HEIGHT="21">
							<String ID="string_246" HPOS="912" VPOS="2531" WIDTH="99" HEIGHT="21" WC="0.47" CONTENT="541106"/>
						</TextLine>
					</TextBlock>
				</ComposedBlock>
			</PrintSpace>
		</Page>
	</Layout>
</alto>
