1924 2844
498 179 387 33 Jordbruksutskottets
908 176 184 32 memorial
1117 175 51 31 Nr
1191 175 50 30 32.
1560 173 17 28 5

121 261 225 36 1925-1926,
379 262 118 30 utöver
532 258 65 32 vad
627 259 11 30 i
667 257 39 32 13
735 258 18 37 $
781 257 18 30 3
824 266 100 21 mom.
950 255 11 31 i
986 253 225 33 förenämnda
1234 251 389 36 avlöningsreglemente

120 315 144 34 stadgas,
290 313 102 31 lända
415 313 55 30 till
494 310 220 33 efterrättelse
738 307 208 32 beträffande
970 306 168 32 ordinarie
1162 304 282 32 statskonsulent:

163 366 178 32 Ordinarie
365 363 267 34 statskonsulent
655 361 98 36 skall,
776 360 75 32 med
867 358 238 33 bibehållande
1121 368 44 20 av
1181 357 63 31 den
1262 355 169 36 lönegrad,
1449 355 67 31 han
1533 355 92 30 inne-

121 419 73 35 har,
229 428 83 21 vara
346 417 124 38 pliktig
504 417 60 34 att,
601 417 63 29 när
696 413 86 31 helst
809 413 38 30 så
870 422 44 20 av
938 410 132 36 Kungl.
1095 409 99 36 Maj:t
1216 410 123 34 prövas
1363 407 169 35 lämpligt,
1555 407 71 31 låta

124 471 51 36 sig
199 471 171 36 förflyttas
393 469 54 31 till
471 477 113 22 annan
607 465 194 35 befattning
825 464 93 30 inom
942 461 343 34 statsförvaltningen
1309 458 73 33 med
1401 458 161 32 liknande
1578 468 50 20 ar-

121 522 259 36 betsuppgifter;

166 575 74 30 dels
274 573 156 34 beslutat,
465 572 60 34 att,
554 570 61 30 där
638 568 170 31 ordinarie
831 565 262 32 statskonsulent
1116 564 109 35 enligt
1248 562 123 31 hittills
1394 561 159 36 gällande
1576 561 51 30 be-

123 626 208 31 stämmelser
367 625 58 34 ägt
457 622 151 37 uppbära
631 621 112 35 någon
766 619 53 31 del
843 628 43 20 av
910 617 210 35 avlöningen
1145 633 39 4 —
1209 614 96 31 såväl
1328 614 12 30 i
1365 614 67 30 stat
1456 613 171 35 upptagen

123 678 164 34 avlöning
323 686 71 21 som
427 674 156 34 tillfällig
617 670 284 35 löneförbättring
926 686 40 4 —
991 669 12 29 i
1036 668 154 34 förskott,
1215 665 59 31 vid
1298 666 173 35 ingången
1493 674 45 21 av
1561 663 67 36 juli

124 729 123 31 månad
283 729 82 30 1925
390 728 54 31 till
468 727 124 30 honom
616 724 88 31 skall
727 724 42 35 på
792 721 219 32 statsverkets
1035 718 183 33 bekostnad
1242 717 165 31 utbetalas
1430 718 48 30 ett
1501 716 127 35 belopp,

125 780 236 32 motsvarande
395 779 68 31 vad
492 776 363 36 befattningshavaren
879 773 110 31 skulle
1013 772 88 30 hava
1125 771 12 30 i
1160 770 66 32 den
1249 769 204 36 befattning,
1478 768 68 30 han
1570 766 58 32 vid

125 834 175 35 utgången
334 842 45 21 av
413 831 76 36 juni
513 828 125 32 månad
662 827 83 31 1925
770 825 155 36 innehar,
950 825 11 30 i
986 824 145 31 förskott
1153 821 164 38 uppburit
1340 821 52 30 för
1414 820 68 36 juli
1505 818 124 32 månad

126 886 94 35 1925,
253 895 55 20 om
335 884 40 30 de
409 879 273 35 dittillsvarande
715 876 480 37 avlöningsbestämmelserna
1227 873 44 32 då
1305 871 210 32 fortfarande
1540 871 91 31 varit

127 936 172 37 gällande;

170 989 75 31 dels
277 987 176 37 medgivit,
488 987 50 29 att
570 982 224 33 kostnaderna
828 981 52 31 för
914 979 141 32 berörda
1089 975 385 38 övergångsanordning
1503 975 55 30 må
1581 974 50 30 be-

128 1041 124 31 stridas
286 1051 44 20 av
365 1039 64 31 den
452 1039 13 30 i
488 1038 110 31 staten
628 1036 51 30 för
702 1033 302 32 statskonsulenter
1027 1032 174 35 upptagna
1223 1028 253 36 anslagsposten
1500 1026 53 31 för
1576 1036 56 21 av-

129 1094 159 35 löningar
311 1092 56 31 till
390 1090 171 32 ordinarie
584 1088 220 37 tjänstemän;

173 1146 75 31 dels
271 1144 177 35 förklarat,
471 1144 51 29 att
544 1141 120 35 övriga
687 1149 42 21 av
754 1137 180 36 riksdagen
958 1135 76 32 med
1058 1133 161 33 avseende
1235 1134 21 30 å
1271 1132 64 32 den
1351 1131 178 32 definitiva
1545 1130 87 31 löne-

130 1198 213 36 regleringen
357 1193 74 33 "för
462 1192 336 37 befattningshavare
822 1189 57 31 vid
904 1187 314 37 statsdepartement
1241 1195 45 21 m.
1311 1185 33 30 fl.
1370 1184 81 31 verk
1476 1182 156 32 lämnade

131 1249 247 38 medgivanden
411 1248 58 31 må
492 1247 12 30 i
527 1245 209 36 tillämpliga
769 1242 93 32 delar
890 1241 92 36 gälla
1004 1242 87 29 även
1115 1237 207 33 beträffande
1346 1235 171 32 ordinarie
1540 1235 94 31 stats-

131 1303 232 33 konsulenter;

175 1355 75 32 dels
277 1354 66 31 ock
370 1351 75 32 med
467 1348 214 34 uteslutande
703 1357 42 21 ur
768 1346 184 31 riksstaten
975 1354 45 21 av
1043 1343 57 31 det
1123 1342 108 31 under
1254 1340 124 32 nionde
1401 1338 231 35 huvudtiteln,

131 1406 232 35 avdelningen
397 1404 29 30 B
449 1399 360 37 Lantbruksstyrelsen
844 1408 45 20 m.
923 1406 57 26 m.,
1015 1394 296 35 underavdelning
1335 1390 301 33 statskonsulenter

133 1459 60 31 och
228 1458 97 32 deras
358 1455 144 36 biträde,
537 1454 174 36 upptagna
743 1450 172 32 ordinarie
947 1448 152 35 anslaget
1125 1446 56 31 till
1205 1444 303 32 statskonsulenter
1531 1441 107 32 under

134 1521 130 22 samma
287 1507 297 35 underavdelning
608 1505 138 37 uppfört
768 1502 108 32 under
899 1500 165 32 rubriken
1087 1497 319 33 statskonsulenter:
1426 1495 212 34 »avlönings-

134 1566 85 29 stat»
245 1564 48 30 ett
316 1561 167 32 ordinarie
507 1556 262 37 förslagsanslag
793 1565 44 20 av
862 1553 117 36 34,800
1004 1552 155 31 kronor.»

858 1676 61 30 2:0.

179 1770 120 33 Under
331 1768 114 38 punkt
479 1767 62 31 161
566 1766 12 31 i
601 1764 127 32 nionde
763 1761 229 33 huvudtiteln
1026 1769 44 21 av
1106 1759 93 30 årets
1231 1753 410 38 statsverksproposition

138 1823 87 32 hade
260 1821 135 36 Kungl.
419 1819 104 36 Maj:t
558 1816 180 35 föreslagit
762 1813 189 36 riksdagen
975 1813 52 30 att
1050 1811 54 30 för
1128 1810 138 31 diverse
1289 1808 111 31 behov
1426 1806 60 31 vid
1511 1806 130 30 statens

138 1868 548 42 meteorologisk-hydrografiska
721 1866 132 31 anstalt
885 1864 125 32 anvisa
1043 1863 55 30 för
1122 1861 207 35 budgetåret
1353 1858 213 32 1925—1926
1591 1857 50 30 ett

139 1929 100 30 extra
263 1921 360 36 reservationsanslag
646 1930 45 21 av
715 1919 116 35 87,200
855 1918 140 30 kronor.

181 1979 18 30 I
234 1978 63 31 sitt
331 1974 182 34 utlåtande
546 1983 41 21 nr
612 1973 17 30 1
655 1971 113 37 punkt
792 1970 61 30 162
878 1968 87 32 hade
989 1964 363 40 jordbruksutskottet
1376 1961 191 35 hemställt,
1590 1960 53 30 att

140 2030 189 36 riksdagen
353 2028 108 31 måtte
485 2026 54 31 för
563 2025 136 31 diverse
722 2022 112 31 behov
858 2020 61 32 vid
943 2021 132 30 statens
1092 2008 551 48 meteorologisk-hydrografiska

140 2082 133 32 anstalt
307 2080 125 31 anvisa
466 2078 54 31 för
555 2075 203 37 budgetåret
781 2072 212 32 1925—1926
1018 2072 49 29 ett
1091 2070 100 30 extra
1214 2065 361 35 reservationsanslag
1598 2073 46 21 av

142 2135 117 35 76,000
282 2133 140 30 kronor.

185 2186 17 31 I
226 2195 41 21 en
291 2184 61 31 vid
375 2182 188 32 utskottets
587 2177 182 34 utlåtande
792 2176 106 36 fogad
922 2173 214 33 reservation
1157 2171 87 32 hade
1261 2170 208 35 hemställts,
1486 2169 53 30 att
1555 2167 87 31 riks”

143 2238 113 37 dagen
291 2237 107 30 måtte
432 2234 55 31 för
521 2233 135 31 diverse
689 2230 111 31 behov
836 2227 61 32 vid
931 2228 132 30 statens
1095 2219 551 40 meteorologisk-hydrografiska

143 2289 132 33 anstalt
309 2288 125 31 anvisa
466 2286 55 31 för
554 2283 206 37 budgetåret
783 2279 213 33 1925—1926
1020 2279 50 30 ett
1093 2278 99 30 extra
1216 2272 361 35 reservationsanslag
1600 2281 45 20 av

145 2342 116 36 93,800
286 2340 139 31 kronor.

188 2445 124 31 Första
345 2444 205 31 kammaren
585 2440 63 31 har
672 2438 134 32 bifallit
828 2436 190 32 utskottets
1041 2432 146 34 berörda
1211 2430 220 36 hemställan,
1456 2428 112 32 under
1591 2426 57 32 det

146 2499 52 29 att
222 2496 110 31 andra
355 2496 206 30 kammaren
584 2491 133 33 bifallit
740 2490 67 31 den
828 2488 63 31 vid
914 2487 160 37 punkten
1097 2484 125 37 fogade
1246 2482 272 33 reservationen.

149 2560 108 30 Rihang
273 2559 40 24 till
329 2557 166 30 riksdagens
511 2555 143 32 protokoll
670 2553 75 25 1925.
785 2553 32 23 10
836 2552 79 24 saml.
956 2550 32 24 12
1008 2549 68 31 häft.
1113 2547 47 30 (Ni
1184 2546 53 27 32)
1598 2539 16 24 2
