2184 2632
704 173 229 29 Statsulskoltets
963 174 151 29 Utlåtande
1138 175 58 29 N:o
1220 175 48 28 97.
1774 177 16 28 7

183 247 191 47 knapphet
401 253 110 41 utgör
538 262 44 23 en
610 250 214 47 ytterligare
851 252 154 46 maning
1033 256 53 31 att
1114 257 143 31 snarast
1283 252 146 47 möjligt
1452 252 174 36 undsätta
1645 253 147 46 expedi-

182 298 137 35 tionen.

289 363 12 16 »
309 349 67 36 Att
394 363 45 22 en
459 350 474 49 undsättningsexpedition
953 352 119 37 under
1090 353 105 37 dessa
1213 352 258 38 förhållanden
1488 361 40 28 är
1543 367 45 23 en
1603 354 188 48 bjudande

181 399 287 47 nödvändighet,
496 401 107 37 torde
629 404 187 45 nämligen
844 403 41 36 af
908 404 62 36 det
997 403 112 37 ofvan
1138 404 156 36 anförda
1317 418 90 23 vara
1425 405 218 46 tillräckligt
1661 405 130 46 ådaga-

182 450 113 46 lagdt,
323 451 67 36 och
419 451 71 37 den
518 453 74 35 kan
614 454 43 45 ju
685 453 108 37 äfven
820 462 105 40 sägas
953 455 112 36 hafva
1092 455 123 37 blifvit
1241 456 138 48 begärd
1407 455 41 36 af
1472 455 45 37 de
1542 455 248 38 frånvarande

182 501 139 45 själfva.
373 501 80 37 Den
494 503 166 48 påkallas
700 505 76 36 lika
814 507 60 35 väl
915 505 41 36 af
986 506 71 36 den
1085 506 183 36 uteblifna
1295 506 280 48 expeditionens
1603 508 187 35 sannolikt

182 565 269 35 ogynnsamma
492 555 88 35 eller
618 554 135 49 farliga
791 556 220 47 belägenhet
1050 569 79 24 som
1167 556 40 37 af
1244 556 198 37 månheten
1483 570 60 23 om
1575 557 82 37 vårt
1683 558 107 36 lands

181 603 120 36 heder.
346 603 71 38 Det
445 605 67 36 bör
539 607 235 46 naturligtvis
802 607 120 46 aldrig
950 608 129 35 kunna
1105 615 113 40 sägas,
1247 613 54 31 att
1327 607 151 48 Sverige
1504 609 11 35 i
1544 613 51 31 ett
1620 608 68 36 fall
1708 622 80 23 som

182 653 101 37 detta
323 656 111 35 svikit
473 657 57 35 sin
556 657 97 46 plikt
680 658 69 35 och
777 664 54 29 att
857 659 79 35 icke
964 659 68 36 allt
1059 658 122 37 blifvit
1208 659 133 47 gjordt,
1368 671 80 24 som
1474 666 109 39 göras
1610 660 85 45 kan,
1722 667 67 29 när

181 705 242 47 undsättning
463 708 189 47 verkligen
686 707 155 38 kräfves.
894 709 72 36 Det
993 717 40 28 är
1059 710 155 47 möjligt,
1242 715 54 31 att
1323 710 70 45 det,
1424 718 67 28 när
1513 710 277 47 undsättnings-

181 756 261 48 expeditionen
483 758 190 45 anländer,
702 760 98 35 visar
827 761 64 46 sig,
920 765 54 30 att
1000 760 222 46 farhågorna
1249 761 98 36 varit
1373 760 237 47 öfverdrifna,
1637 767 55 31 att
1719 761 70 37 den

180 807 182 36 uteblifna
398 809 262 46 expeditionen
687 811 143 47 lyckats
857 810 222 37 öfvervinna
1105 811 335 48 öfvervintringens
1466 812 227 47 svårigheter
1720 813 69 36 och

180 858 144 36 kunnat
363 859 89 36 reda
491 861 55 45 sig
584 860 49 47 på
672 874 90 33 egen
799 862 110 44 hand,
938 862 61 36 det
1026 870 40 28 är
1093 862 20 36 å
1140 862 116 36 andra
1282 863 105 36 sidan
1414 863 111 36 också
1552 864 154 46 möjligt,
1735 869 54 31 att

180 909 262 46 expeditionen
470 912 111 34 totalt
608 911 121 36 förlist
755 913 67 35 och
851 912 126 36 därför
995 914 79 36 icke
1094 912 41 37 af
1151 914 428 47 undsättningsfartyget
1596 913 192 48 påträffas;

180 973 84 23 men
300 961 12 34 i
338 960 182 37 intetdera
548 961 104 37 fallet
679 963 73 35 kan
781 963 100 37 detta
909 971 104 40 sägas
1040 963 111 38 hafva
1177 964 170 37 utsändts
1374 964 196 49 förgäfves,
1597 971 41 42 ty
1665 965 123 37 blefve

180 1010 108 37 också
325 1011 70 36 den
423 1013 113 35 reella
563 1013 262 47 behållningen
853 1016 120 45 ingen,
1001 1014 39 36 så
1067 1015 169 36 kvarstår
1262 1015 95 36 dock
1385 1016 106 35 alltid
1519 1016 269 37 vittnesbördet

178 1061 99 37 inför
316 1062 134 36 samtid
491 1064 69 35 och
600 1064 198 37 eftervärld
838 1065 139 45 därom,
1014 1071 55 31 att
1095 1065 149 49 Sverige
1271 1067 98 46 gjort
1396 1067 56 35 sin
1479 1067 212 48 skyldighet
1719 1068 69 35 och

177 1113 81 36 icke
285 1114 141 35 lämnat
453 1119 52 31 ett
530 1114 83 37 från
641 1116 203 36 detsamma
870 1117 180 48 utgånget
1076 1116 144 48 företag
1247 1117 37 36 åt
1311 1118 59 35 sitt
1401 1117 78 37 öde.

284 1163 91 37 »Det
402 1172 41 28 är
469 1165 120 37 under
615 1166 106 37 dessa
743 1166 268 46 förhållanden,
1031 1181 78 23 som
1124 1169 66 47 jag
1207 1169 12 35 i
1238 1168 298 47 underdånighet
1554 1168 138 38 tillåter
1710 1170 76 46 mig

179 1214 202 46 hemställa,
408 1221 56 30 att
489 1216 114 36 Eders
630 1217 137 46 Kungl.
794 1218 105 46 Maj:t
923 1219 190 45 behagade
1131 1220 57 35 till
1207 1219 71 36 den
1297 1232 51 22 nu
1367 1219 190 47 pågående
1575 1219 211 49 Riksdagen

179 1264 109 36 aflåta
316 1279 44 22 en
387 1266 115 48 nådig
530 1269 228 45 proposition
787 1282 60 22 om
874 1269 210 36 beredande
1111 1269 41 36 af
1176 1269 241 48 erforderliga
1443 1270 121 36 medel
1591 1269 58 37 för
1668 1276 55 30 att
1741 1284 44 23 en

179 1316 477 49 undsättningsexpedition
688 1318 61 36 må
776 1319 126 36 kunna
931 1326 144 30 snarast
1101 1321 146 45 möjligt
1273 1320 212 36 förberedas
1514 1321 68 36 och
1608 1321 177 36 utsändas

177 1367 58 35 till
276 1366 402 45 Syd-Shetlandsöarna
718 1370 68 35 och
819 1370 236 46 omgifvande
1082 1370 195 37 farvatten.
1329 1371 133 36 Denna
1489 1371 212 47 expedition
1729 1373 57 35 be-

178 1417 130 36 höfver
346 1419 214 46 visserligen
600 1420 79 36 icke
706 1420 83 47 afgå
816 1420 78 37 förr
922 1429 46 28 än
996 1427 79 30 mot
1101 1422 111 36 slutet
1240 1421 40 36 af
1302 1422 310 36 nästkommande
1639 1425 147 44 augusti

178 1469 90 35 eller
294 1469 12 35 i
333 1469 129 46 början
490 1469 41 37 af
554 1472 215 45 september,
796 1477 40 43 ty
863 1472 121 36 under
1011 1472 69 37 den
1109 1486 50 22 nu
1179 1472 189 49 pågående
1388 1474 231 35 antarktiska
1637 1475 148 36 vintern

179 1520 73 35 kan
283 1520 193 47 ingenting
503 1526 167 32 uträttas.
715 1521 84 37 Men
826 1521 316 39 förberedelserna
1168 1524 91 36 böra
1286 1524 62 36 det
1375 1524 154 36 oaktadt
1557 1525 229 36 omedelbart

179 1570 179 48 vidtagas,
384 1577 42 42 ty
454 1572 523 49 undsättningsexpeditionen
1006 1575 67 35 bör
1099 1574 170 46 gifvetvis
1288 1588 90 23 vara
1397 1575 40 36 så
1456 1575 257 48 omsorgsfullt
1733 1583 52 29 ut-

177 1621 138 45 rustad,
343 1628 55 29 att
425 1622 71 36 den
524 1622 61 36 må
611 1624 128 35 kunna
766 1624 88 36 reda
881 1626 56 44 sig
965 1625 47 47 på
1039 1638 90 34 egen
1158 1626 108 44 hand,
1294 1625 108 37 äfven
1431 1640 61 22 om
1520 1626 71 36 den
1618 1632 78 30 mot
1714 1626 70 37 för-

177 1671 137 36 modan
354 1673 118 35 skulle
499 1672 104 49 frysa
629 1674 87 36 inne
744 1675 69 35 och
839 1680 134 30 stanna
1000 1683 99 28 ännu
1128 1681 50 30 ett
1206 1676 41 35 år
1274 1676 66 36 där
1366 1689 96 24 nere.
1514 1676 72 37 Det
1613 1685 40 28 är
1680 1677 109 36 häraf

176 1722 149 47 tydligt,
366 1727 54 30 att
459 1723 250 37 kostnaderna
748 1724 116 37 blifva
896 1726 149 35 relativt
1071 1732 99 29 stora
1197 1727 69 35 och
1294 1732 53 30 att
1374 1740 87 23 man
1490 1726 124 37 därför
1641 1728 63 35 vid
1732 1733 53 31 ut-

176 1773 218 45 rustningen
438 1773 68 36 bör
546 1775 108 35 ställa
694 1775 62 35 det
794 1775 48 45 så,
879 1780 55 31 att
960 1776 89 45 inga
1076 1776 160 47 onödiga
1263 1776 256 48 utgiftsposter
1545 1777 239 37 förekomma.

178 1822 70 37 Det
275 1836 106 35 synes
409 1825 76 44 mig
513 1824 157 36 sålunda
696 1826 78 35 icke
802 1826 129 36 kunna
958 1826 241 49 ifrågasättas,
1220 1832 55 31 att
1294 1827 121 37 denna
1434 1828 212 46 expedition
1666 1829 120 36 skulle

177 1879 161 30 utrustas
375 1874 119 36 såsom
522 1888 45 23 cn
594 1877 254 45 vetenskaplig
875 1878 332 47 polarexpedition,
1234 1883 41 44 ty
1303 1878 101 36 detta
1430 1879 119 36 skulle
1576 1879 118 37 blifva
1721 1881 65 35 all-

176 1924 97 37 deles
317 1924 57 36 för
414 1926 96 47 dyrt.
565 1926 104 36 Dock
697 1940 86 23 vore
810 1927 62 36 det
899 1929 171 46 önskligt,
1098 1934 54 30 att
1177 1942 86 22 man
1292 1929 124 36 kunde
1444 1929 135 37 bereda
1605 1931 96 45 plats
1728 1930 58 36 för

178 1988 44 22 en
261 1976 138 45 zoolog,
440 1976 176 36 förutsatt
655 1978 144 35 likvisst
834 1983 54 30 att
924 1979 118 36 denne
1078 1992 88 24 vore
1202 1980 105 45 villig
1334 1985 54 30 att
1414 1981 126 34 lämna
1567 1980 133 46 bidrag
1726 1982 58 35 till

177 2025 259 48 expeditionen
466 2027 68 35 och
561 2028 78 35 icke
667 2027 238 37 förorsakade
933 2029 215 36 densamma
1175 2030 116 47 några
1309 2030 182 36 särskilda
1509 2030 163 47 utgifter.
1712 2032 73 46 Jag

177 2076 67 35 har
271 2076 126 36 därför
424 2077 107 35 tänkt
557 2078 87 45 mig,
671 2083 54 30 att
753 2078 199 48 ledningen
981 2079 114 36 borde
1123 2079 183 36 anförtros
1335 2080 38 36 åt
1399 2094 44 22 en
1472 2080 192 48 sjöofficer,
1693 2094 90 34 som,

176 2140 60 21 om
278 2126 65 35 och
388 2134 66 28 när
491 2127 149 36 tillfälle
675 2128 57 35 till
769 2130 318 46 meteorologiska,
1125 2131 227 44 magnetiska
1389 2131 68 35 och
1494 2130 117 36 andra
1647 2132 139 47 fysiska

177 2177 235 44 iakttagelser
448 2178 127 34 kunna
611 2185 116 40 göras,
766 2179 77 35 icke
879 2179 116 36 borde
1031 2180 203 36 försumma
1270 2180 145 36 sådana.
1470 2180 126 37 Skulle
1624 2182 162 36 undsätt-

175 2227 369 46 ningsexpeditionen
586 2235 78 29 mot
704 2228 195 37 förmodan
936 2229 101 50 frysa
1066 2232 93 43 inne,
1187 2231 114 36 borde
1330 2231 44 36 de
1402 2230 41 36 af
1468 2232 138 35 honom
1635 2231 152 37 utförda
