2077 2652
380 144 119 32 Andra
522 145 217 34 Kammarens
764 148 186 42 Tillfälliga
979 150 144 35 Utskotts
1147 154 76 41 (N:o
1246 159 37 35 2)
1315 158 173 34 Uilåtande
1511 162 62 31 N:o
1595 165 48 29 36.
1753 170 17 27 5

341 230 181 36 Motionen
564 234 93 33 afser
697 232 145 37 sålunda
880 240 52 31 att
965 239 112 35 lemna
1106 244 111 41 öppen
1244 245 172 44 rättighet
1443 247 53 34 till
1524 248 209 49 försäljning
1760 253 55 35 för

208 281 176 45 förtäring
424 281 44 45 på
509 285 117 34 stället
667 286 39 33 af
744 287 222 45 svagdricka,
1008 294 86 32 utan
1127 296 54 31 att
1209 294 153 45 säljaren
1390 298 115 35 dertill
1532 300 202 38 förvärfvat
1761 305 54 45 sig

209 330 126 36 sådant
375 333 169 38 tillstånd,
586 346 70 24 som
695 337 246 45 förordningen
969 351 46 24 nu
1043 343 247 47 föreskrifver;
1321 348 62 34 och
1411 349 201 37 hemställer
1639 355 174 37 utskottet

208 381 45 46 på
281 385 40 33 de
352 385 6 33 i
389 386 171 34 motionen
587 388 146 34 anförda
761 390 88 42 skäl,

1176 516 64 33 2:0.

658 594 53 31 att
739 591 203 46 Riksdagen
970 595 108 36 måtte
1106 599 135 35 besluta
1269 604 54 31 att
1349 602 11 34 i
1387 603 184 37 skrifvelse
1599 607 53 35 till
1679 608 129 46 Kongl.

607 640 107 45 Maj:t
755 642 152 43 anhålla,
950 649 51 31 att
1044 651 51 31 ett
1135 649 125 46 tillägg
1300 652 54 35 till
1395 653 21 46 S
1458 657 11 32 1
1512 656 11 34 i
1551 657 258 38 ofvannämnda

607 692 116 45 kongl.
766 695 203 45 förordning
1003 699 38 33 af
1066 700 64 34 den
1160 703 47 32 24
1235 703 145 35 oktober
1411 707 93 34 1885
1532 706 109 38 måtte
1668 711 139 44 intagas

604 743 40 34 af
666 744 155 44 följande
848 747 145 42 lydelse:

653 794 83 35 Med
763 797 238 44 maltdrycker
1029 801 110 44 enligt
1165 803 113 34 denna
1306 804 203 47 förordning
1527 808 127 36 förstås
1674 809 130 38 sådana

598 845 247 46 maltdrycker,
875 858 70 25 som
973 849 176 37 innehålla
1177 864 73 24 mer
1268 858 44 31 än
1334 857 20 33 2
1373 858 263 44 volymprocent
1651 863 152 35 alkohol-

603 896 84 35 halt.

335 992 202 37 Stockholm
567 998 65 33 den
662 1000 19 32 9
710 999 68 45 maj
813 1002 103 33 1889.

778 1100 51 35 På
856 1104 193 34 utskottets
1076 1110 149 40 vägnar:

814 1202 197 38 GUSTAF
1039 1206 145 36 BERG.

818 1403 368 45 Reservationer:

330 1504 58 33 vid
432 1506 155 41 punkten
632 1509 67 32 1:o:
743 1509 39 33 af
818 1510 123 34 herrar
981 1512 205 36 Sundström
1227 1515 62 34 och
1330 1516 90 35 Erik
1453 1518 120 35 Petter
1599 1519 158 46 Jonsson,
1786 1523 11 34 i

198 1552 92 33 hvad
320 1555 188 34 utskottets
539 1557 218 36 betänkande
785 1561 93 33 afser
904 1559 254 53 maltdrycker,;

217 1694 8 3 |
323 1655 58 34 vid
431 1658 155 42 punkten
634 1661 69 33 2:0o:
747 1661 38 33 af
828 1662 121 34 herrar
998 1664 135 43 Gustaf
1168 1665 107 45 Berg,
1320 1668 82 34 Carl
1449 1669 88 45 Aug.
1581 1672 211 44 Andersson,

193 1700 191 40 Åkerlund.

326 1908 96 36 Herr
461 1912 36 32 J.
540 1912 147 35 Ericson
720 1915 65 34 har
812 1916 123 44 begärt
962 1921 54 31 att
1044 1917 34 36 få
1106 1922 226 44 antecknadt,
1362 1926 54 31 att
1443 1924 69 34 han
1540 1925 77 34 icke
1645 1927 147 44 deltagit

189 1958 52 33 uti
271 1960 190 35 utskottets
490 1963 212 46 behandling
730 1966 39 33 af
792 1967 232 36 förevarande
1052 1972 138 33 ärende.

272 2267 76 34 Bih,
375 2270 52 31 till
449 2271 113 32 Biksd.
588 2273 87 32 Prot.
706 2277 86 30 1889.
838 2281 20 25 8
882 2279 97 31 Saml.
1025 2282 21 27 2
1070 2282 79 39 Afd.
1194 2285 23 29 2
1237 2284 105 31 Band.
1386 2287 41 29 29
1450 2285 98 42 Häft.
1689 2293 16 25 2
