2082 2653
300 191 19 30 4
425 185 119 34 Andra
568 185 218 32 Kammarens
811 180 187 42 Tillfälliga
1028 177 144 35 Utskotts
1197 177 79 40 (N:o
1299 176 38 39 2)
1370 174 176 33 Utlåtande
1570 174 60 31 N.o
1654 174 49 30 36.

393 272 52 37 På
471 274 114 45 grund
614 272 38 35 af
677 271 57 34 det
762 280 46 24 nu
837 268 146 36 anförda
1011 265 201 36 hemställer
1239 264 185 41 utskottet,

1241 386 63 33 1:0.

713 479 54 32 att
794 476 81 34 herr
903 473 214 35 Truedssons
1145 471 128 35 motion
1303 469 30 45 ej
1363 466 55 37 må
1442 468 52 35 till
1514 466 114 46 någon
1648 465 221 44 Riksdagens

665 526 126 47 åtgärd
818 526 191 35 föranleda.

403 683 120 36 Såsom
552 685 76 32 stöd
656 683 54 33 för
738 682 52 33 sin
818 682 129 33 motion
975 681 65 32 har
1068 679 81 33 herr
1178 677 170 34 Svensson
1376 673 116 35 anfört
1520 671 167 44 följande:

406 733 147 37 »Denna
590 732 204 44 förordning
822 752 45 2 —
897 741 69 24 som
1008 728 157 45 tydligen
1194 725 199 35 tillkommit
1421 724 10 32 i
1459 722 90 44 syfte
1579 723 53 32 att
1659 720 212 34 förekomma

269 789 210 42 oordningar
506 784 44 46 på
578 787 40 33 de
647 783 363 45 försäljningsställen,
1039 781 144 34 hvarest
1211 778 58 34 vin
1298 777 63 34 och
1389 775 40 34 de
1458 774 9 34 i
1489 772 190 36 allmänhet
1698 771 80 34 fullt
1797 770 72 34 lika

269 840 141 44 mycket
450 837 193 35 berusande
683 835 286 42 maltdryckerna
1010 831 210 35 förekomma
1264 829 51 33 till
1356 825 209 44 försäljning
1593 843 44 3 —
1667 831 102 35 synes
1798 821 74 34 full-

269 891 147 43 komligt
456 899 87 25 vara
584 886 212 44 berättigad,
839 882 42 37 då
918 884 104 44 ingen
1051 881 136 35 skilnad
1215 882 101 42 göres
1343 876 42 44 på
1415 877 40 33 de
1483 874 193 35 berusande
1706 873 61 34 och
1796 872 76 34 icke

270 941 195 36 berusande
493 938 295 44 maltdryckerna.

405 990 205 36 Emellertid
638 989 230 35 förekommer
896 987 89 33 inom
1015 984 119 35 landet
1162 985 50 31 ett
1241 983 88 32 stort
1357 979 97 34 antal
1478 976 38 36 så
1535 977 138 34 kallade
1693 975 181 42 hembryg-

272 1045 126 44 gerier,
427 1044 145 33 hvarest
599 1040 238 43 maltdrycker
865 1038 39 34 af
929 1035 37 36 så
993 1036 100 43 ringa
1124 1033 216 35 alkoholhalt
1368 1030 195 42 tillverkas,
1585 1030 53 32 att
1658 1027 97 33 dessa
1777 1025 97 43 dryc-

271 1098 63 33 ker
375 1095 77 34 icke
494 1094 119 34 kunna
653 1091 166 35 hänföras
860 1089 53 34 till
942 1089 86 41 dem,
1058 1096 70 24 som
1159 1094 100 25 anses
1286 1082 206 41 berusande,
1520 1079 145 34 hvarför
1693 1078 56 33 det
1777 1076 98 34 torde

272 1158 87 24 vara
400 1146 77 34 skäl
518 1148 53 30 att
607 1143 51 34 uti
686 1141 235 44 nyssnämnda
950 1137 204 43 förordning
1181 1139 86 40 göra
1295 1131 114 46 någon
1438 1131 137 35 skilnad
1605 1129 144 35 emellan
1778 1127 97 34 malt-

274 1197 109 44 dryck
412 1197 63 33 och
503 1193 208 44 maltdryck.

406 1246 113 35 Dessa
557 1246 58 34 vid
644 1242 256 37 ofvannämnda
928 1238 286 44 hembryggerier
1242 1234 210 36 tillverkade
1480 1231 237 44 maltdrycker
1745 1226 93 37 hålla
1867 1228 8 34 i

273 1299 191 35 allmänhet
504 1297 78 34 icke
623 1295 98 35 öfver
764 1296 18 32 2
825 1292 261 44 volymprocent
1127 1288 138 35 alkohol
1304 1284 69 47 (det
1402 1283 38 36 så
1467 1283 138 35 kallade
1634 1280 244 44 svagdrickats

276 1349 217 36 alkoholhalt
520 1345 135 46 uppgår
684 1346 29 43 ej
745 1356 60 23 ens
833 1344 52 33 till
917 1345 12 32 1
963 1337 287 48 volymprocent),
1279 1348 76 23 men
1384 1340 60 30 äro
1473 1336 154 33 deremot
1645 1332 135 44 ganska
1800 1331 77 33 rika

273 1399 44 46 på
344 1398 310 37 maltextrakthalt
682 1397 62 34 och
773 1394 133 35 således
934 1392 165 42 närande,
1128 1390 139 35 hvadan
1298 1389 40 33 de
1367 1387 73 34 ofta
1469 1385 180 35 användas
1678 1382 38 35 af
1741 1383 64 33 den
1826 1391 51 24 ar-

275 1451 150 36 betande
461 1448 260 44 befolkningen,
751 1447 72 33 dels
852 1445 140 34 emedan
1022 1443 99 33 dessa
1149 1439 239 44 maltdrycker
1416 1441 59 30 äro
1504 1436 135 44 ganska
1667 1433 121 43 billiga
1816 1432 62 34 och

277 1504 83 41 dels,
402 1502 10 33 i
454 1500 191 44 synnerhet
681 1499 11 33 i
719 1498 176 40 städerna,
924 1499 60 30 äro
1012 1495 68 33 lätt
1107 1490 203 44 åtkomliga,
1339 1499 77 24 men
1444 1485 36 36 få
1508 1487 87 34 dock
1623 1485 76 34 icke
1728 1483 151 35 förtäras

278 1552 44 45 på
361 1550 380 44 tillverkningsstället,
784 1545 37 36 så
848 1547 107 33 framt
982 1545 77 34 icke
1088 1543 240 39 tillverkaren,
1358 1538 43 45 på
1429 1542 71 30 sätt
1528 1535 256 36 ofvannämnda
1816 1533 63 34 för-

279 1604 156 42 fattning
475 1603 219 38 bestämmer,
724 1597 186 36 förskaffat
937 1596 53 43 sig
1017 1593 172 45 rättighet
1216 1595 53 31 att
1296 1589 143 45 försälja
1469 1587 238 43 maltdrycker
1734 1585 53 34 till
1815 1584 65 34 för-

277 1655 117 43 täring
422 1651 44 46 på
494 1653 128 40 stället,
650 1653 85 32 utan
763 1646 110 37 måste
901 1648 98 33 dessa
1029 1644 237 43 maltdrycker
1293 1642 11 33 i
1333 1640 189 35 allmänhet
1550 1638 119 44 njutas
1688 1636 110 34 under
1816 1636 65 33 bar

278 1705 151 42 himmel,
471 1706 51 31 ett
563 1699 217 37 förhållande
821 1709 69 24 som
933 1697 39 35 af
996 1696 182 35 städernas
1206 1692 191 36 arbetande
1424 1689 204 43 befolkning
1657 1688 144 34 allmänt
1827 1687 54 32 be-

278 1757 135 43 klagas.

414 1805 86 35 Man
528 1805 71 33 kan
628 1805 88 32 emot
746 1802 95 33 detta
872 1802 116 32 senast
1016 1797 186 35 anmärkta
1230 1792 234 37 förhållandet
1488 1791 205 42 visserligen
1717 1788 163 40 invända,

280 1861 53 31 att
360 1857 124 35 hinder
513 1855 29 44 ej
573 1856 110 32 möter
710 1853 54 34 för
793 1862 41 24 en
862 1850 206 35 tillverkare
1097 1848 37 34 af
1160 1845 130 36 sådana
1319 1845 132 34 mindre
1480 1840 276 43 alkoholhaltiga
1784 1839 97 34 malt-

282 1909 150 43 drycker
461 1909 64 40 att,
554 1906 11 34 i
593 1902 358 37 öfverensstämmelse
980 1900 76 34 med
1084 1898 116 44 kongl.
1231 1896 247 43 förordningen
1508 1893 38 34 af
1571 1893 64 33 den
1665 1893 46 32 24
1740 1890 144 34 oktober

285 1962 105 41 1885,
432 1956 168 36 förskaffa
642 1955 53 44 sig
734 1956 73 32 rätt
849 1953 51 34 till
940 1947 428 46 maltdrycksförsäljning
1401 1946 54 33 till
1482 1944 174 42 förtäring
1682 1940 45 45 på
1754 1941 128 42 stället,

282 2021 78 24 men
388 2008 245 36 erfarenheten
660 2006 65 33 har
753 2005 103 42 visat,
886 2005 54 32 att
968 2002 60 34 der
1054 2001 12 33 i
1093 1998 107 46 något
1227 1999 62 34 fall
1317 1996 124 36 sådant
1470 1998 58 41 egt
1555 2005 87 31 rum,
1672 1993 64 34 har
1754 1991 130 44 följden

282 2061 118 35 blifvit
437 2060 76 41 den,
547 2060 54 32 att
629 2057 41 34 de
698 2056 132 34 mindre
859 2051 276 44 alkoholhaltiga
1163 2049 285 43 maltdryckerna
1476 2044 172 36 förblifvit
1677 2041 117 37 osålda
1822 2041 64 35 och

284 2113 40 33 de
352 2121 96 25 mera
477 2107 287 44 alkoholhaltiga,
794 2104 166 36 särskildt
988 2103 57 34 det
1073 2100 37 36 så
1138 2101 139 35 kallade
1306 2099 171 43 bayerska
1506 2097 79 41 ölet,
1606 2094 116 35 blifvit
1741 2094 52 42 de,
1815 2103 71 23 som

284 2165 88 32 mest
411 2161 255 40 konsumerats,
710 2157 39 35 af
782 2157 77 33 skäl
887 2158 53 31 att
967 2154 72 33 dels
1067 2151 208 45 försäljarne
1304 2150 37 34 af
1366 2150 99 33 dessa
1494 2146 214 35 sistnämnda
1737 2143 150 44 drycker

286 2213 127 35 skörda
453 2215 112 31 större
605 2210 94 34 vinst
739 2208 63 34 och
843 2207 72 34 dels
942 2207 54 32 att
1024 2203 234 35 allmänheten
1286 2202 65 33 har
1379 2202 111 32 större
1517 2196 221 45 benägenhet
1765 2194 53 35 för
1846 2194 40 33 de

285 2263 194 36 berusande
507 2259 285 44 maltdryckerna
820 2256 147 36 oaktadt
994 2255 117 35 dessas
1139 2253 157 44 dyrhet.»
