1937 2819
530 180 118 31 Andra
668 181 244 40 lagutskottets
933 181 177 31 utlåtande
1128 192 43 20 nr
1189 183 41 30 40
1248 182 39 31 år
1306 182 83 32 1970
1683 184 16 30 7

220 262 111 29 uttala
349 264 50 27 att
417 262 168 30 framtida
601 263 170 29 reformer
790 263 44 40 på
852 263 325 40 familjepolitikens
1195 264 142 30 område
1354 265 72 29 inte
1445 265 61 30 bör
1526 273 57 32 ges
1602 273 99 32 gene-

219 316 64 29 rell
298 316 167 30 karaktär
481 318 86 28 utan
585 316 92 41 syfta
693 317 51 29 till
761 317 160 40 åtgärder
938 327 75 20 som
1029 318 86 30 sätts
1131 318 37 29 in
1184 318 62 30 där
1262 318 41 30 de
1319 319 78 30 bäst
1412 319 138 35 behövs,
1568 320 11 29 i
1596 320 105 39 enlig-

219 369 59 31 het
295 370 79 30 med
391 370 41 30 de
449 371 175 40 principer
642 380 74 21 som
734 381 60 20 var
811 372 212 39 vägledande
1040 372 57 30 vid
1118 372 81 30 1968
1218 373 56 30 års
1291 373 114 30 beslut
1423 374 177 39 angående
1618 374 83 30 ökat

220 424 222 30 ekonomiskt
459 425 78 30 stöd
551 425 53 29 till
619 425 276 40 barnfamiljer».

263 504 36 34 8)
329 505 13 29 I
366 505 178 30 motionen
569 506 48 29 II:
635 506 82 30 1206
741 506 191 35 hemställs,
961 509 71 28 »att
1056 507 188 40 riksdagen
1268 509 12 28 i
1306 508 164 30 skrivelse
1495 509 52 29 till
1574 509 125 38 Kungl.

218 559 106 39 Maj:t
343 560 108 29 måtte
471 560 140 30 anhålla
630 570 57 20 om
706 560 130 41 förslag
858 561 49 29 till
930 561 80 30 1971
1032 562 56 30 års
1106 562 143 40 riksdag
1268 571 57 21 om
1344 562 186 30 förbättrat
1551 563 76 30 stöd
1647 563 52 30 till

219 613 154 39 familjer
390 622 74 21 som
478 613 64 30 har
557 614 260 30 omvårdnaden
831 624 58 20 om
902 615 270 40 handikappade
1186 616 120 29 barn>.

262 693 36 34 9)
329 693 13 30 I
360 693 178 30 motionen
556 694 47 29 II:
621 695 82 29 1208
721 695 191 35 hemställs,
934 697 71 28 >att
1022 696 197 39 riksdagen,
1239 696 79 30 med
1336 696 99 30 bifall
1452 697 53 29 till
1524 696 175 40 förslagen

217 747 11 29 i
246 748 220 30 motionerna
484 748 29 30 I:
528 748 63 30 409
610 749 65 29 och
693 749 45 29 II:
754 749 62 30 450
835 750 38 29 år
894 749 82 31 1970
994 750 149 30 rörande
1161 751 223 39 uppräkning
1403 761 42 20 av
1463 751 40 30 de
1522 751 177 30 allmänna

217 801 257 40 barnbidragen
491 803 53 29 till
566 802 92 30 1300
676 803 129 29 kronor
824 812 60 31 per
901 803 328 40 bidragsberättigat
1246 805 96 34 barn,
1363 805 107 30 måtte
1488 805 136 30 besluta
1642 814 56 21 om

217 857 51 28 alt
290 856 116 30 införa
429 856 274 41 indexreglering
727 866 42 21 av
791 857 42 30 de
856 857 177 31 allmänna
1055 858 291 40 barnbidragen;»
1374 861 90 28 samt
1489 861 71 28 »>att
1582 859 117 30 veder-

217 909 154 31 börande
387 910 136 30 utskott
539 911 178 30 utarbetar
734 911 131 40 förslag
881 912 52 29 till
950 912 204 40 erforderlig
1171 913 160 39 lagtext».

265 990 55 34 10)
350 990 13 29 I
385 991 178 29 motionen
584 992 48 28 II:
649 992 83 29 1209
753 992 191 36 hemställs,
969 995 71 27 >att
1060 993 187 40 riksdagen
1269 994 12 29 i
1303 994 187 40 anledning
1512 1004 42 19 av
1575 1003 123 30 propo-

219 1044 104 30 sition
341 1054 42 20 nr
403 1045 39 30 65
463 1045 11 29 i
494 1046 165 30 skrivelse
678 1046 52 30 till
751 1046 124 40 Kungl.
896 1047 106 40 Maj:t
1021 1047 107 30 måtte
1146 1047 186 31 hemställa
1351 1057 56 21 om
1428 1048 186 41 utredning
1633 1048 65 31 och

218 1098 130 40 förslag
367 1099 52 29 till
437 1099 251 41 värdesäkring
707 1109 42 21 av
767 1100 57 30 det
843 1101 178 30 allmänna
1040 1101 245 40 barnbidraget
1303 1103 12 28 i
1335 1102 150 40 enlighet
1504 1103 79 29 med
1602 1103 66 29 vad
1687 1102 11 30 i

217 1153 178 30 motionen
412 1153 172 30 anföres>.

875 1322 169 32 Utskottet

260 1394 14 29 I
297 1395 262 39 propositionen
586 1395 155 30 1970:70
766 1396 146 30 föreslås
937 1405 43 21 en
1003 1396 230 41 reformering
1258 1406 42 21 av
1323 1398 296 29 inkomstskatten
1644 1398 55 30 för

217 1447 136 40 fysiska
369 1457 176 30 personer.
564 1448 269 40 Huvudsyftena
851 1450 78 29 med
947 1450 177 30 reformen
1143 1451 37 29 är
1199 1452 50 28 att
1267 1450 245 31 åstadkomma
1529 1451 85 40 höjd
1632 1452 67 30 lev-

215 1501 259 31 nadsstandard
498 1502 56 30 för
578 1502 331 40 låginkomsttagare
934 1503 65 31 och
1024 1504 203 39 genomföra
1251 1514 43 20 en
1317 1504 206 30 individuell
1547 1505 152 30 beskatt-

216 1555 84 39 ning
321 1564 42 21 av
384 1556 282 30 arbetsinkomst.
689 1556 58 30 Ett
769 1559 107 27 annat
897 1557 193 30 huvudmål
1111 1558 55 29 för
1188 1558 291 30 skattereformen
1501 1559 37 29 är
1561 1561 50 28 att
1632 1559 67 30 den

217 1609 89 29 skall
325 1609 78 30 leda
421 1610 53 29 till
493 1619 44 20 en
554 1610 200 40 ytterligare
773 1610 241 41 förstärkning
1034 1621 42 20 av
1095 1612 358 30 levnadsstandarden
1473 1613 54 29 för
1548 1613 150 30 flertalet

215 1662 246 40 barnfamiljer
480 1663 65 30 och
562 1663 56 30 för
636 1664 266 31 ensamstående
921 1665 79 30 med
1017 1665 294 31 hemmavarande
1330 1666 97 30 barn.

213 1761 218 39 Barnbidrag

260 1824 74 30 Den
354 1824 301 40 kompletterande
676 1825 424 41 standardförbättringen
1121 1836 97 21 avses
1238 1828 12 29 i
1270 1827 112 30 första
1402 1828 94 29 hand
1519 1828 98 30 skola
1638 1829 60 29 ske

216 1884 124 32 genom
360 1887 43 21 en
423 1877 148 41 höjning
592 1888 42 20 av
654 1879 57 30 det
732 1879 178 30 allmänna
930 1880 246 40 barnbidraget
1196 1881 81 30 från
1297 1881 63 30 900
1381 1881 52 30 kr.
1455 1882 52 29 till
1531 1882 93 30 1200
1646 1882 52 30 kr.

216 1940 62 30 per
293 1931 88 30 barn
397 1932 65 29 och
478 1932 48 30 år.
543 1933 67 29 Till
627 1942 42 20 en
686 1933 55 29 del
756 1933 102 39 utgör
874 1933 176 40 ökningen
1066 1943 44 20 en
1126 1934 268 40 kompensation
1410 1935 55 30 för
1482 1936 42 29 de
1542 1936 157 39 stigande

214 1984 345 36 levnadskostnader,
584 1995 75 20 som
683 1986 67 30 den
773 1986 198 40 föreslagna
994 1987 191 40 höjningen
1210 1997 42 20 av
1274 1988 322 30 mervärdeskatten
1619 1989 80 29 från

218 2038 40 30 10
275 2039 54 29 till
349 2039 37 29 15
405 2041 144 37 procent
566 2040 159 29 kommer
743 2042 50 27 att
811 2040 193 31 förorsaka.
1023 2041 53 29 En
1093 2041 71 30 viss
1182 2041 268 40 kompensation
1469 2043 106 39 ligger
1594 2042 106 30 också

216 2092 11 29 i
247 2092 194 40 höjningen
460 2093 55 30 för
535 2093 41 30 de
595 2093 268 40 prisstegringar
884 2103 74 21 som
979 2095 93 29 skett
1091 2095 107 30 sedan
1218 2095 67 30 den
1307 2095 13 30 1
1343 2095 67 40 juli
1432 2096 81 30 1965
1535 2096 44 30 då
1598 2097 101 29 barn-

217 2145 158 40 bidraget
392 2148 116 28 senast
524 2147 135 39 höjdes.
678 2147 89 30 Sedd
783 2149 73 28 mot
871 2148 230 39 bakgrunden
1118 2158 41 20 av
1176 2149 118 39 övriga
1311 2149 159 39 åtgärder
1487 2149 46 40 på
1548 2149 151 40 familje-

217 2200 132 30 stödets
375 2200 142 30 område
543 2210 75 20 som
642 2201 164 39 vidtagits
831 2202 112 29 under
968 2211 121 20 senare
1113 2202 39 30 år
1175 2220 45 4 —
1242 2203 45 29 bl.
1302 2212 29 20 a.
1357 2203 275 39 reformeringen
1658 2213 42 20 av

216 2253 431 41 moderskapspenningen
666 2254 82 31 1967
768 2255 65 30 och
849 2255 308 40 bostadstilläggen
1175 2256 53 30 till
1244 2256 293 40 barnfamiljerna
1557 2257 81 30 1969
1656 2275 45 3 —

215 2308 102 38 utgör
346 2307 193 40 höjningen
569 2308 106 40 enligt
703 2308 252 40 föredragande
985 2309 384 40 departementschefen
1396 2311 12 29 i
1437 2311 263 39 propositionen

218 2360 99 31 1970:
335 2361 40 30 70
402 2362 53 30 till
483 2362 128 29 största
638 2362 101 30 delen
765 2372 42 20 en
835 2363 114 29 direkt
974 2363 408 41 inkomstförstärkning,
1411 2374 75 20 som
1513 2373 58 31 ger
1597 2365 103 30 barn-

216 2414 203 40 familjerna
439 2415 221 40 möjligheter
681 2416 52 29 till
755 2425 42 20 en
820 2417 317 39 standardhöjning
1156 2418 11 29 i
1190 2417 65 30 och
1276 2418 79 29 med
1377 2419 49 28 att
1448 2419 176 29 reformen
1646 2426 53 32 ge-

214 2469 168 29 nomförs.

260 2522 177 30 Utskottet
456 2523 71 29 kan
547 2524 139 29 ansluta
706 2523 51 40 sig
776 2524 53 29 till
849 2524 41 30 de
909 2524 251 40 bedömningar
1180 2534 75 21 som
1276 2525 110 39 gjorts
1406 2526 11 29 i
1437 2526 262 39 propositionen
