2201 2673
750 159 278 32 Bankoutskottets
1051 159 172 33 Memorial
1246 159 53 32 Nr
1321 161 29 31 2.
1763 162 38 30 13

371 240 57 34 Då
466 240 66 35 det
572 241 143 46 utdrag
758 240 41 36 af
835 240 398 47 riksgäldskontorets
1274 242 273 46 räkenskaper,
1578 242 151 36 hvilket
1756 242 87 36 full-

248 291 176 48 mäktige
449 294 121 34 såsom
595 293 152 47 vanligt
766 292 89 48 foga
874 293 64 35 vid
963 293 125 36 denna
1105 294 219 46 berättelse,
1346 293 60 37 för
1424 293 132 48 hvarje
1576 295 162 35 särskild
1757 298 88 44 post

246 344 149 36 utvisar
430 344 277 48 förändringen
741 346 88 35 med
862 346 107 35 dessa
997 345 222 48 fordringar
1248 347 71 35 och
1348 347 222 47 tillgångar,
1598 347 38 36 få
1663 347 180 37 fullmäk-

246 397 80 46 tige
355 397 239 36 beträffande
623 397 215 47 detaljerna
865 398 115 36 häraf
1003 398 161 36 hänvisa
1192 399 62 35 till
1281 412 144 23 samma
1448 400 394 48 räkenskapsutdrag.

374 598 89 36 Med
503 598 109 36 bifall
636 599 61 35 till
723 600 140 47 Kungl.
892 599 128 47 Maj:ts
1049 599 134 35 därom
1211 599 137 47 gjorda
1375 599 285 48 framställning
1686 601 161 47 medgaf

248 653 96 33 1908
366 653 60 33 års
445 651 182 47 Riksdag,
654 654 59 33 att
733 652 46 35 de
799 652 166 45 skulder,
986 652 112 35 hvari
1117 651 352 48 byggnadskassorna
1489 653 15 34 i
1531 651 168 49 Uppsala,
1722 652 119 37 Skara

244 702 62 36 och
346 703 159 35 Kalmar
544 703 80 46 stift
659 704 73 35 den
763 706 16 32 1
811 704 75 46 maj
920 707 96 32 1909
1045 703 158 36 häftade
1231 704 62 35 till
1320 704 388 47 riksgäldskontoret,
1738 705 101 47 finge

244 754 203 36 afskrifvas
475 755 13 35 i
517 756 72 35 den
629 759 90 32 mån
757 757 45 34 de
830 757 86 35 icke
944 756 152 36 täcktes
1124 755 41 36 af
1188 755 108 36 dessa
1323 756 152 36 kassors
1502 757 213 47 tillgångar
1743 757 97 37 efter

244 807 66 36 det
339 807 204 36 kassornas
572 807 124 48 öfriga
725 808 156 36 skulder
908 808 130 36 blifvit
1066 808 154 46 guldna.

373 859 122 36 Sedan
532 860 219 48 Riksdagen
792 859 119 37 fattat
950 860 168 35 nämnda
1158 860 138 46 beslut,
1339 860 115 35 hafva
1481 860 86 35 från
1596 860 119 36 Skara
1742 861 99 47 stifts

243 910 289 48 byggnadskassa
577 912 168 47 följande
785 913 141 47 belopp
967 913 250 35 inlevererats
1257 913 63 35 till
1359 913 377 46 riksgäldskontoret
1778 914 61 35 för

243 963 243 47 afbetalning
527 967 22 32 å
577 965 46 34 de
651 965 76 45 lån,
757 977 81 23 som
865 966 88 34 med
980 965 283 46 sammanlagdt
1290 965 141 46 belopp
1461 964 40 36 af
1525 968 138 43 40,000
1693 966 147 35 kronor

242 1015 123 36 under
405 1018 91 33 åren
542 1019 96 33 1868
683 1017 72 35 och
792 1019 96 34 1869
918 1017 212 36 utlämnats
1158 1016 86 36 från
1270 1017 378 47 riksgäldskontoret
1675 1017 60 36 för
1762 1017 76 36 för-

243 1068 164 47 ändring
437 1069 72 35 och
536 1069 246 47 tillbyggnad
811 1069 41 36 af
877 1069 523 36 elementarläroverkshuset
1428 1069 13 35 i
1469 1069 135 36 Skara:

243 1120 73 35 den
345 1123 44 32 21
422 1121 156 46 augusti
609 1124 96 33 1908
1054 1152 36 2 oe
1435 1122 146 35 kronor
1638 1125 189 43 1,500:
1795 1118 35 55 —

242 1172 73 35 den
345 1174 46 34 23
416 1172 157 47 januari
604 1176 96 33 1909
1506 1203 19 16 >
1636 1177 121 43 1,000:
1777 1196 46 3 —

242 1224 73 36 den
346 1228 17 32 1
394 1225 75 46 maj
503 1228 96 33 1909
672 1258 2 2 .
1502 1255 25 17 -
1636 1228 190 45 9,500:
1794 1223 34 54 —

242 1276 73 35 den
347 1279 44 33 18
416 1277 87 47 juni
535 1280 95 34 1909
672 1310 48 2 ..
1405 1310 2 2 |
1636 1281 122 43 6,561:
1781 1290 39 25 77

293 1338 93 35 eller
413 1339 254 36 tillsammans
1434 1308 145 67 kronor
1610 1342 148 44 18,561:
1781 1351 56 27 77.

370 1391 244 36 Sistnämnda
654 1393 401 46 inbetalningsbelopp
1085 1395 22 32 å
1138 1394 108 43 6,561
1290 1392 145 36 kronor
1473 1395 44 32 77
1549 1397 65 31 öre
1643 1366 192 79 utgjorde,

240 1442 124 48 enligt
396 1443 103 36 hvad
527 1443 119 36 Skara
674 1444 240 48 domkapitel
942 1445 65 35 vid
1034 1445 200 46 beloppets
1262 1444 236 36 insändande
1526 1445 310 47 tillkännagifvit

241 1495 73 35 och
347 1496 87 35 med
465 1496 144 47 utdrag
636 1496 42 36 af
700 1497 359 47 byggnadskassans
1086 1496 264 47 räkenskaper
1378 1497 138 46 styrkt,
1547 1498 222 35 återstoden
1798 1497 42 36 af

239 1546 158 36 kassans
426 1548 76 35 alla
529 1548 221 47 tillgångar.
805 1550 17 33 I
849 1549 97 46 följd
967 1549 116 35 häraf
1102 1549 71 34 har
1196 1549 75 35 den
1290 1549 99 35 efter
1407 1550 165 34 berörda
1590 1550 244 46 inbetalning

240 1600 243 35 återstående
526 1600 162 36 skulden
730 1600 59 36 för
830 1600 252 36 omförmälda
1120 1601 76 44 lån,
1226 1601 214 46 utgörande
1472 1603 110 43 7,368
1610 1601 146 36 kronor
1786 1604 46 33 10

240 1655 76 41 öre,
346 1651 129 36 blifvit
504 1651 220 37 afskrifven.

368 1703 244 37 Beträffande
654 1705 385 47 byggnadskassorna
1075 1705 14 35 i
1117 1704 168 47 Uppsala
1327 1703 72 36 och
1439 1703 156 36 Kalmar
1636 1703 84 36 stift
1762 1704 72 35 har

239 1755 134 47 slutlig
412 1757 247 47 redovisning
700 1757 86 35 icke
818 1758 176 44 lämnats,
1025 1757 72 35 och
1124 1757 72 34 har
1222 1756 14 34 i
1264 1755 95 47 följd
1388 1755 111 35 däraf
1523 1758 128 44 någon
1681 1756 152 35 afskrif-

238 1807 95 47 ning
361 1810 22 33 å
411 1808 107 36 dessa
545 1809 152 36 kassors
726 1810 157 35 skulder
910 1810 62 35 till
998 1809 380 47 riksgäldskontoret
1406 1813 103 30 ännu
1529 1808 30 45 ej
1582 1808 151 35 kunnat
1752 1808 78 36 ske.

238 1859 297 48 Ifrågavarande
577 1861 169 46 skulder,
789 1862 120 35 hvarå
949 1862 85 36 icke
1071 1861 210 36 beräknats
1308 1863 113 33 ränta
1449 1860 60 35 för
1535 1860 134 47 längre
1698 1861 58 35 tid
1784 1866 49 30 än

238 1912 62 35 till
329 1912 73 36 och
429 1914 86 34 med
544 1914 74 35 den
649 1916 16 32 1
697 1914 75 47 maj
806 1916 110 43 1909,
945 1916 131 45 uppgå
1103 1914 63 35 till
1194 1912 167 47 följande
1389 1911 158 48 belopp:

238 1964 169 48 Uppsala
435 1965 102 36 stifts
564 1966 313 47 byggnadskassa
1434 1964 146 36 kronor
1606 1967 147 44 14,321:
1775 1974 41 26 39

237 2016 158 36 Kalmar
476 2047 20 16 =,
715 2048 20 16 >
1405 2046 116 17 oo»
1568 2012 19 57 -
1604 2020 149 42 21,116:
1774 2026 58 27 02.

368 2172 181 49 Svartälfs
577 2174 387 48 järnvägsaktiebolag,
998 2175 112 35 hvars
1143 2174 185 47 ställning
1356 2174 123 35 under
1506 2174 46 35 de
1581 2186 131 23 senare
1741 2176 91 34 åren

235 2237 82 24 mer
346 2226 72 35 och
446 2238 81 24 mer
553 2226 235 46 försämrats,
817 2227 72 35 har
916 2228 74 35 den
1020 2229 46 34 28
1097 2226 215 48 september
1343 2228 96 34 1909
1469 2228 51 45 på
1548 2238 94 34 egen
1661 2226 170 47 begäran

234 2277 131 36 blifvit
405 2277 140 37 försatt
572 2278 13 35 i
612 2278 185 37 konkurs.
853 2279 407 47 Riksgäldskontorets
1300 2278 157 36 fordran
1498 2278 69 36 hos
1594 2278 158 47 bolaget
1780 2281 50 44 på
