2253 2661
420 200 18 29 4
879 197 289 33 PBankoutskottets
1190 197 172 33 utlåtande
1384 198 53 32 Nr
1458 200 29 30 4.

377 274 134 34 Samling.
546 273 167 35 Avdelning.

408 328 56 30 IX.
712 327 293 39 Protokollsutdrag
1026 327 72 30 från
1122 328 179 30 kamrarna.

423 372 40 29 X.
602 371 26 30 1.
707 371 16 29 1
750 370 125 31 bandet.
921 370 197 39 Riksdagens
1141 370 221 40 underdåniga
1385 370 167 32 skrivelser
1574 370 50 31 till
1646 371 119 39 Kungl.
1789 371 101 40 Maj:t.

711 414 18 29 2
753 413 127 30 bandet.
925 413 307 39 Riksdagsbeslutet,
1255 414 181 36 riksstaten,
1460 414 431 39 bevillningsförordningen,
1914 415 73 30 ban-

710 457 80 30 kens
813 457 59 29 och
894 456 322 39 riksgäldskontorets
1239 457 226 38 reglementen.

605 500 27 30 2.
673 495 18 48 —
710 499 315 40 Riksdagskansliets
1049 500 177 37 memorial,
1250 500 188 31 utlåtanden
1464 500 59 30 och
1547 499 234 32 betänkanden.

713 542 147 31 Allmänt
882 543 138 38 register.

507 619 223 31 Ovanstående
753 619 167 38 indelning
942 620 10 28 i
976 619 174 39 samlingar
1173 620 57 29 har
1253 620 11 29 i
1286 620 57 30 allt
1366 620 232 39 huvudsakligt
1621 620 177 39 tillämpats
1814 620 89 39 långt
1918 620 67 30 före

372 664 34 29 år
432 661 88 31 1867.
566 662 49 30 Fr.
640 672 27 20 o.
693 672 41 20 m.
760 662 209 31 1817--1813
992 664 90 29 årens
1106 663 129 38 riksdag
1256 665 22 28 t.
1302 673 27 20 o.
1354 673 42 20 m.
1415 663 61 30 den
1493 664 77 30 sista
1585 663 281 38 ståndsriksdagen
1882 664 103 30 finner

373 714 75 20 man
472 704 162 38 nämligen
657 704 39 30 de
719 704 110 38 kungl.
854 705 275 38 propositionerna
1152 706 10 28 i
1186 706 78 28 1:sta
1287 705 188 37 samlingen,
1499 705 40 30 de
1560 706 66 28 fem
1643 705 146 38 ständiga
1804 706 181 29 utskottens

372 746 190 31 utlåtanden
591 747 11 29 i
631 745 83 31 3—7
749 746 216 39 samlingarna
998 747 57 30 och
1090 747 199 39 Riksdagens
1323 747 168 31 skrivelser
1513 748 11 29 i
1548 747 91 31 10:de
1672 747 189 39 samlingen,
1895 748 90 30 allt
1966 741 23 49 i

372 789 318 32 överensstämmelse
724 789 74 31 med
831 789 62 30 den
921 790 34 29 år
979 789 79 31 1867
1083 790 165 31 bestämda
1270 790 217 39 indelningen.
1533 790 90 31 Efter
1646 791 201 30 sistnämnda
1869 792 33 29 år
1925 791 58 30 och

371 833 86 29 intill
491 834 124 28 senaste
648 832 128 38 riksdag
799 833 57 28 har
879 832 187 30 densamma
1089 833 196 30 fortfarande
1309 833 81 30 varit
1412 833 157 39 gällande,
1593 833 113 31 endast
1728 834 75 29 med
1826 833 61 31 den
1910 834 74 30 änd-

370 876 81 38 ring,
486 885 68 20 som
589 874 185 39 betingades
808 884 39 21 av
879 874 347 40 jordbruksutskottets
1254 875 156 31 tillkomst
1432 877 35 29 år
1490 875 90 31 1910.
1625 876 96 31 Detta
1743 877 140 30 utskotts
1906 877 78 30 utlå-

370 918 119 31 tanden
523 917 121 31 erhöllo
677 917 162 39 nämligen
873 917 50 30 sin
957 917 83 40 plats
1064 919 10 29 i
1098 918 70 31 8:de
1201 918 187 40 samlingen,
1415 918 102 31 under
1540 918 53 31 det
1616 922 46 28 att
1685 919 38 30 de
1746 919 155 30 särskilda
1924 920 59 30 och

370 961 163 38 tillfälliga
562 961 180 30 utskottens
765 960 190 30 utlåtanden
977 960 149 40 flyttades
1148 961 50 30 till
1221 961 70 30 9:de
1313 961 189 39 samlingen,
1526 961 117 31 medan
1665 962 197 38 Riksdagens
1885 963 97 30 skriv-

370 1004 78 31 elser
482 1003 161 31 bibehöllo
676 1004 49 30 sin
758 1002 226 31 förutvarande
1018 1004 83 39 plats
1136 1014 68 21 som
1240 1004 90 31 10:de
1363 1004 180 39 samlingen
1567 1005 60 30 och
1650 1004 332 40 protokollsutdragen

369 1047 164 40 inrymdes
556 1047 11 29 i
589 1056 40 20 en
652 1056 52 29 ny,
731 1047 81 29 11:te
835 1046 146 38 samling.

504 1089 202 30 Beträffande
740 1089 91 30 dessa
864 1088 201 31 sistnämnda
1098 1089 145 38 åtgärder
1265 1090 78 39 vilja
1366 1090 208 30 Revisorerna
1597 1090 152 30 särskildt
1772 1091 125 38 påpeka
1921 1091 61 29 den

369 1142 127 29 omsorg
519 1132 59 30 och
601 1132 191 36 varsamhet,
816 1131 131 31 varmed
970 1131 61 30 den
1055 1132 33 29 år
1113 1132 80 29 1910
1210 1131 234 41 oundgängliga
1460 1133 289 39 omgrupperingen
1765 1133 217 31 verkställdes.

368 1170 92 35 Även
494 1175 79 29 efter
607 1175 188 29 densamma
818 1174 171 29 återfinnas
1012 1174 162 38 nämligen
1198 1174 38 30 de
1259 1175 155 38 viktigare
1437 1175 129 30 delarna
1589 1185 39 19 av
1649 1176 272 38 riksdagstrycket
1944 1194 40 3 —

368 1217 109 39 kungl.
513 1216 240 40 propositioner,
788 1216 38 30 de
860 1215 146 39 ständiga
1034 1216 180 31 utskottens
1236 1216 190 32 utlåtanden
1449 1218 59 30 och
1531 1217 198 39 Riksdagens
1752 1218 168 31 skrivelser
1942 1236 41 3 —

367 1260 103 30 under
493 1269 125 20 samma
640 1259 352 38 nummerbeteckning,
1017 1268 68 20 som
1108 1276 42 3 —
1172 1260 105 29 såsom
1299 1260 87 30 förut
1408 1261 97 30 visats
1528 1278 41 2 —
1591 1261 11 29 i
1624 1263 76 27 nära
1717 1263 45 27 ett
1778 1261 204 30 århundrade

369 1305 51 36 ägt
454 1302 144 30 bestånd.
643 1302 46 30 De
716 1302 164 39 praktiska
902 1301 181 30 fördelarna
1106 1312 38 20 av
1168 1312 39 19 en
1230 1312 115 27 genom
1368 1306 45 27 ett
1436 1304 34 29 så
1492 1303 88 38 långt
1603 1302 97 31 skede
1723 1314 38 20 av
1784 1303 198 39 Riksdagens

369 1346 133 29 historia
535 1343 202 40 fortlöpande
771 1343 148 31 ensartad
952 1344 186 38 numrering
1161 1354 39 21 av
1221 1345 285 40 riksdagstryckets
1529 1345 173 44 samlingar
1724 1346 98 38 ligger
1844 1347 11 29 i
1878 1349 105 36 öppen

369 1388 61 38 dag
463 1388 48 30 för
544 1397 105 26 envar,
684 1396 69 21 som
787 1389 34 27 är
847 1386 156 31 hänvisad
1027 1389 47 27 att
1096 1387 67 30 ofta
1185 1387 99 30 anlita
1306 1388 277 40 riksdagstrycket.
1629 1390 43 28 Åt
1695 1388 38 30 de
1755 1389 131 38 register
1908 1392 74 28 över

368 1430 199 39 Riksdagens
601 1430 158 38 protokoll
781 1429 75 30 med
879 1430 119 37 bihang
1019 1429 49 30 för
1090 1429 89 31 tiden
1202 1430 72 30 från
1298 1431 58 30 och
1381 1431 73 30 med
1478 1431 79 30 1809
1580 1430 50 30 till
1652 1431 60 30 och
1734 1431 75 30 med
1832 1432 34 29 år
1890 1431 90 37 1899,

369 1483 70 20 som
473 1472 183 39 Riksdagen
689 1472 71 30 låtit
783 1474 159 37 upprätta,
965 1472 58 29 har
1046 1472 59 29 ock
1127 1472 61 30 den
1212 1473 57 29 här
1291 1473 167 40 påpekade
1480 1474 319 38 samstämmigheten
1822 1474 11 29 i
1856 1483 124 21 numre-

367 1516 112 38 ringen
513 1525 39 20 av
585 1515 39 30 de
646 1516 11 29 i
681 1515 151 38 bihanget
865 1514 159 38 ingående
1059 1515 217 38 samlingarna
1298 1517 78 37 givit
1399 1526 39 20 en
1461 1516 148 30 enkelhet
1632 1517 58 29 och
1714 1516 267 39 överskådlighet,

368 1568 70 20 som
461 1559 84 38 gjort
567 1558 152 37 registren
743 1558 11 28 1
777 1557 138 30 särskild
937 1556 77 39 grad
1036 1556 187 32 värdefulla.

502 1599 107 31 Under
641 1599 217 32 innevarande
891 1600 34 29 år
959 1600 55 29 har
1046 1599 178 31 emellertid
1258 1610 39 20 en
1330 1600 270 40 genomgripande
1632 1600 187 39 förändring
1854 1611 39 21 av
1916 1601 62 31 den

367 1643 198 31 hävdvunna
598 1643 175 37 ordningen
807 1642 48 31 för
889 1642 277 39 bihangstryckets
1199 1643 199 39 uppdelning
1420 1643 176 39 försiggått.
1640 1643 200 39 Riksdagens
1864 1644 116 30 kansli-

368 1685 195 40 deputerade
586 1686 82 30 hava
692 1685 173 39 nämligen,
890 1685 98 38 enligt
1010 1684 61 31 vad
1094 1685 89 30 deras
1206 1686 161 38 protokoll
1389 1687 48 29 för
1461 1686 61 30 den
1547 1686 37 29 19
1607 1687 128 38 januari
1753 1686 79 30 1912
1848 1687 131 36 utvisar,

367 1730 39 37 på
441 1728 237 39 framställning
711 1738 38 20 av
782 1728 241 30 föreståndaren
1055 1728 49 29 för
1138 1728 353 39 tryckeriavdelningen
1516 1728 146 36 beslutat,
1687 1732 46 27 att
1756 1729 153 39 bihanget
1931 1729 50 30 till

365 1771 271 39 riksdagstrycket
671 1771 93 30 »med
797 1771 125 38 hänsyn
956 1770 50 30 till
1039 1770 70 30 dess
1144 1770 57 30 allt
1221 1774 98 27 större
1341 1771 195 38 omfattning
1558 1771 105 30 skulle
1685 1772 49 30 för
1756 1772 162 30 vinnande
1942 1782 38 21 av

366 1815 102 28 bättre
502 1812 257 39 överskådlighet
791 1815 73 28 över
897 1812 196 30 detsamma»
1130 1813 155 39 uppdelas
1319 1815 41 37 på
1395 1814 37 30 16
1456 1814 172 38 samlingar
1651 1814 10 29 i
1684 1814 106 30 stället
1811 1815 50 30 för
1883 1815 96 30 förut-

365 1856 139 30 varande
528 1856 48 35 11,
600 1856 42 38 på
664 1855 145 40 följande
832 1858 62 27 sätt
917 1855 174 38 nämligen:

388 1900 16 28 1
430 1898 191 38 samlingen:
667 1898 119 39 Kungl.
811 1898 240 39 propositioner.

388 1941 17 29 2
429 1941 193 38 samlingen:
669 1941 299 30 Statsrevisorernas
1006 1940 194 37 berättelser,
1242 1941 428 39 justitieombudsmannens
1709 1941 169 30 berättelse
1916 1941 60 30 och

673 1983 410 31 kommittébetänkanden.

429 2025 191 38 samlingen:
667 2026 112 30 Första
801 2026 204 29 kammarens
1029 2026 164 29 motioner.

428 2068 196 38 samlingen:
670 2068 109 30 Andra
801 2068 204 30 kammarens
1029 2068 166 30 motioner.

428 2111 194 38 samlingen:
668 2111 405 30 Konstitutionsutskottet.

428 2153 180 38 samlingen
638 2155 15 28 1
677 2154 79 29 afd.:
803 2154 251 30 Statsutskottet.

427 2196 179 39 samlingen
631 2197 17 29 2
673 2196 78 31 afd.:
798 2196 74 30 Med
895 2195 236 31 statsutskottet
1154 2196 233 29 sammansatta
1410 2194 133 30 utskott.

426 2238 196 40 savalingen:
669 2239 364 38 Bevillningsutskottet.

426 2281 196 39 samlingen:
668 2282 278 30 Bankoutskottet.

385 2196 18 114 OP
386 2072 19 102 RAR
381 2022 32 26 VW
