<?xml version="1.0" encoding="UTF-8"?>
<alto xmlns="http://www.loc.gov/standards/alto/ns-v3#" xmlns:xlink="http://www.w3.org/1999/xlink" xmlns:xsi="http://www.w3.org/2001/XMLSchema-instance" xsi:schemaLocation="http://www.loc.gov/standards/alto/ns-v3# http://www.loc.gov/alto/v3/alto-3-0.xsd">
	<Description>
		<MeasurementUnit>pixel</MeasurementUnit>
		<sourceImageInformation>
			<fileName>/tmp/tess_e20ze059_input.PNG</fileName>
		</sourceImageInformation>
		<OCRProcessing ID="OCR_0">
			<ocrProcessingStep>
				<processingSoftware>
					<softwareName>tesseract 5.3.0</softwareName>
				</processingSoftware>
			</ocrProcessingStep>
		</OCRProcessing>
	</Description>
	<Layout>
		<Page WIDTH="1888" HEIGHT="2840" PHYSICAL_IMG_NR="0" ID="page_0">
			<PrintSpace HPOS="0" VPOS="0" WIDTH="1888" HEIGHT="2840">
				<ComposedBlock ID="cblock_0" HPOS="217" VPOS="413" WIDTH="1243" HEIGHT="42">
					<TextBlock ID="block_0" HPOS="217" VPOS="413" WIDTH="1243" HEIGHT="42">
						<TextLine ID="line_0" HPOS="217" VPOS="413" WIDTH="1243" HEIGHT="42">
							<String ID="string_0" HPOS="217" VPOS="416" WIDTH="99" HEIGHT="31" WC="0.96" CONTENT="Till"/><SP WIDTH="35" VPOS="416" HPOS="316"/>
							<String ID="string_1" HPOS="351" VPOS="417" WIDTH="181" HEIGHT="30" WC="0.93" CONTENT="Herrar"/><SP WIDTH="46" VPOS="417" HPOS="532"/>
							<String ID="string_2" HPOS="578" VPOS="416" WIDTH="299" HEIGHT="39" WC="0.92" CONTENT="Delegerade"/><SP WIDTH="33" VPOS="416" HPOS="877"/>
							<String ID="string_3" HPOS="910" VPOS="414" WIDTH="72" HEIGHT="31" WC="0.96" CONTENT="för"/><SP WIDTH="32" VPOS="414" HPOS="982"/>
							<String ID="string_4" HPOS="1014" VPOS="414" WIDTH="295" HEIGHT="39" WC="0.95" CONTENT="Riksdagens"/><SP WIDTH="34" VPOS="414" HPOS="1309"/>
							<String ID="string_5" HPOS="1343" VPOS="413" WIDTH="117" HEIGHT="30" WC="0.95" CONTENT="verk."/>
						</TextLine>
					</TextBlock>
				</ComposedBlock>
				<ComposedBlock ID="cblock_1" HPOS="99" VPOS="565" WIDTH="1492" HEIGHT="539">
					<TextBlock ID="block_1" HPOS="99" VPOS="565" WIDTH="1492" HEIGHT="360">
						<TextLine ID="line_1" HPOS="145" VPOS="565" WIDTH="1444" HEIGHT="41">
							<String ID="string_6" HPOS="145" VPOS="570" WIDTH="129" HEIGHT="29" WC="0.96" CONTENT="Genom"/><SP WIDTH="25" VPOS="570" HPOS="274"/>
							<String ID="string_7" HPOS="299" VPOS="569" WIDTH="112" HEIGHT="30" WC="0.94" CONTENT="beslut"/><SP WIDTH="25" VPOS="569" HPOS="411"/>
							<String ID="string_8" HPOS="436" VPOS="569" WIDTH="65" HEIGHT="30" WC="0.96" CONTENT="den"/><SP WIDTH="28" VPOS="569" HPOS="501"/>
							<String ID="string_9" HPOS="529" VPOS="570" WIDTH="16" HEIGHT="28" WC="0.95" CONTENT="7"/><SP WIDTH="27" VPOS="570" HPOS="545"/>
							<String ID="string_10" HPOS="572" VPOS="578" WIDTH="93" HEIGHT="20" WC="0.96" CONTENT="mars"/><SP WIDTH="28" VPOS="578" HPOS="665"/>
							<String ID="string_11" HPOS="693" VPOS="569" WIDTH="83" HEIGHT="29" WC="0.96" CONTENT="1939"/><SP WIDTH="26" VPOS="569" HPOS="776"/>
							<String ID="string_12" HPOS="802" VPOS="568" WIDTH="90" HEIGHT="30" WC="0.96" CONTENT="hava"/><SP WIDTH="26" VPOS="568" HPOS="892"/>
							<String ID="string_13" HPOS="918" VPOS="567" WIDTH="200" HEIGHT="39" WC="0.96" CONTENT="delegerade"/><SP WIDTH="25" VPOS="567" HPOS="1118"/>
							<String ID="string_14" HPOS="1143" VPOS="566" WIDTH="185" HEIGHT="39" WC="0.96" CONTENT="uppdragit"/><SP WIDTH="25" VPOS="566" HPOS="1328"/>
							<String ID="string_15" HPOS="1353" VPOS="565" WIDTH="35" HEIGHT="31" WC="0.93" CONTENT="åt"/><SP WIDTH="24" VPOS="565" HPOS="1388"/>
							<String ID="string_16" HPOS="1412" VPOS="566" WIDTH="177" HEIGHT="29" WC="0.91" CONTENT="lönekom-"/>
						</TextLine>
						<TextLine ID="line_2" HPOS="99" VPOS="610" WIDTH="1490" HEIGHT="43">
							<String ID="string_17" HPOS="99" VPOS="614" WIDTH="119" HEIGHT="30" WC="0.91" CONTENT="mittén"/><SP WIDTH="22" VPOS="614" HPOS="218"/>
							<String ID="string_18" HPOS="240" VPOS="614" WIDTH="54" HEIGHT="30" WC="0.96" CONTENT="för"/><SP WIDTH="21" VPOS="614" HPOS="294"/>
							<String ID="string_19" HPOS="315" VPOS="614" WIDTH="202" HEIGHT="39" WC="0.96" CONTENT="riksdagens"/><SP WIDTH="22" VPOS="614" HPOS="517"/>
							<String ID="string_20" HPOS="539" VPOS="615" WIDTH="82" HEIGHT="29" WC="0.96" CONTENT="verk"/><SP WIDTH="22" VPOS="615" HPOS="621"/>
							<String ID="string_21" HPOS="643" VPOS="616" WIDTH="49" HEIGHT="27" WC="0.96" CONTENT="att"/><SP WIDTH="20" VPOS="616" HPOS="692"/>
							<String ID="string_22" HPOS="712" VPOS="614" WIDTH="158" HEIGHT="30" WC="0.96" CONTENT="utarbeta"/><SP WIDTH="21" VPOS="614" HPOS="870"/>
							<String ID="string_23" HPOS="891" VPOS="613" WIDTH="65" HEIGHT="30" WC="0.96" CONTENT="och"/><SP WIDTH="22" VPOS="613" HPOS="956"/>
							<String ID="string_24" HPOS="978" VPOS="612" WIDTH="51" HEIGHT="30" WC="0.96" CONTENT="till"/><SP WIDTH="21" VPOS="612" HPOS="1029"/>
							<String ID="string_25" HPOS="1050" VPOS="612" WIDTH="200" HEIGHT="39" WC="0.96" CONTENT="delegerade"/><SP WIDTH="21" VPOS="612" HPOS="1250"/>
							<String ID="string_26" HPOS="1271" VPOS="611" WIDTH="189" HEIGHT="35" WC="0.96" CONTENT="inkomma,"/><SP WIDTH="22" VPOS="611" HPOS="1460"/>
							<String ID="string_27" HPOS="1482" VPOS="610" WIDTH="107" HEIGHT="30" WC="0.96" CONTENT="bland"/>
						</TextLine>
						<TextLine ID="line_3" HPOS="99" VPOS="655" WIDTH="1490" HEIGHT="44">
							<String ID="string_28" HPOS="99" VPOS="663" WIDTH="115" HEIGHT="31" WC="0.96" CONTENT="annat,"/><SP WIDTH="23" VPOS="663" HPOS="214"/>
							<String ID="string_29" HPOS="237" VPOS="660" WIDTH="80" HEIGHT="30" WC="0.95" CONTENT="med"/><SP WIDTH="22" VPOS="660" HPOS="317"/>
							<String ID="string_30" HPOS="339" VPOS="659" WIDTH="127" HEIGHT="40" WC="0.94" CONTENT="förslag"/><SP WIDTH="22" VPOS="659" HPOS="466"/>
							<String ID="string_31" HPOS="488" VPOS="659" WIDTH="51" HEIGHT="30" WC="0.96" CONTENT="till"/><SP WIDTH="21" VPOS="659" HPOS="539"/>
							<String ID="string_32" HPOS="560" VPOS="659" WIDTH="43" HEIGHT="30" WC="0.96" CONTENT="de"/><SP WIDTH="22" VPOS="659" HPOS="603"/>
							<String ID="string_33" HPOS="625" VPOS="658" WIDTH="186" HEIGHT="39" WC="0.96" CONTENT="ändringar"/><SP WIDTH="22" VPOS="658" HPOS="811"/>
							<String ID="string_34" HPOS="833" VPOS="658" WIDTH="9" HEIGHT="30" WC="0.91" CONTENT="i"/><SP WIDTH="23" VPOS="658" HPOS="842"/>
							<String ID="string_35" HPOS="865" VPOS="657" WIDTH="303" HEIGHT="40" WC="0.91" CONTENT="tjänstepensions-"/><SP WIDTH="23" VPOS="657" HPOS="1168"/>
							<String ID="string_36" HPOS="1191" VPOS="658" WIDTH="65" HEIGHT="29" WC="0.93" CONTENT="och"/><SP WIDTH="23" VPOS="658" HPOS="1256"/>
							<String ID="string_37" HPOS="1279" VPOS="655" WIDTH="310" HEIGHT="40" WC="0.89" CONTENT="familjepensions-"/>
						</TextLine>
						<TextLine ID="line_4" HPOS="99" VPOS="701" WIDTH="1491" HEIGHT="42">
							<String ID="string_38" HPOS="99" VPOS="705" WIDTH="252" HEIGHT="38" WC="0.91" CONTENT="reglementena"/><SP WIDTH="25" VPOS="705" HPOS="351"/>
							<String ID="string_39" HPOS="376" VPOS="704" WIDTH="52" HEIGHT="31" WC="0.96" CONTENT="för"/><SP WIDTH="24" VPOS="704" HPOS="428"/>
							<String ID="string_40" HPOS="452" VPOS="704" WIDTH="203" HEIGHT="39" WC="0.96" CONTENT="riksdagens"/><SP WIDTH="24" VPOS="704" HPOS="655"/>
							<String ID="string_41" HPOS="679" VPOS="705" WIDTH="92" HEIGHT="34" WC="0.96" CONTENT="verk,"/><SP WIDTH="26" VPOS="705" HPOS="771"/>
							<String ID="string_42" HPOS="797" VPOS="713" WIDTH="75" HEIGHT="21" WC="0.92" CONTENT="som"/><SP WIDTH="23" VPOS="713" HPOS="872"/>
							<String ID="string_43" HPOS="895" VPOS="702" WIDTH="201" HEIGHT="40" WC="0.92" CONTENT="påkallades"/><SP WIDTH="25" VPOS="702" HPOS="1096"/>
							<String ID="string_44" HPOS="1121" VPOS="712" WIDTH="42" HEIGHT="20" WC="0.96" CONTENT="av"/><SP WIDTH="24" VPOS="712" HPOS="1163"/>
							<String ID="string_45" HPOS="1187" VPOS="703" WIDTH="66" HEIGHT="29" WC="0.96" CONTENT="den"/><SP WIDTH="25" VPOS="703" HPOS="1253"/>
							<String ID="string_46" HPOS="1278" VPOS="702" WIDTH="195" HEIGHT="38" WC="0.93" CONTENT="föreslagna"/><SP WIDTH="24" VPOS="702" HPOS="1473"/>
							<String ID="string_47" HPOS="1497" VPOS="701" WIDTH="93" HEIGHT="30" WC="0.91" CONTENT="löne-"/>
						</TextLine>
						<TextLine ID="line_5" HPOS="100" VPOS="746" WIDTH="1491" HEIGHT="42">
							<String ID="string_48" HPOS="100" VPOS="750" WIDTH="212" HEIGHT="38" WC="0.96" CONTENT="regleringen"/><SP WIDTH="24" VPOS="750" HPOS="312"/>
							<String ID="string_49" HPOS="336" VPOS="750" WIDTH="53" HEIGHT="30" WC="0.96" CONTENT="för"/><SP WIDTH="24" VPOS="750" HPOS="389"/>
							<String ID="string_50" HPOS="413" VPOS="759" WIDTH="133" HEIGHT="21" WC="0.96" CONTENT="samma"/><SP WIDTH="24" VPOS="759" HPOS="546"/>
							<String ID="string_51" HPOS="570" VPOS="750" WIDTH="92" HEIGHT="29" WC="0.95" CONTENT="verk."/><SP WIDTH="26" VPOS="750" HPOS="662"/>
							<String ID="string_52" HPOS="688" VPOS="749" WIDTH="183" HEIGHT="39" WC="0.96" CONTENT="Samtidigt"/><SP WIDTH="23" VPOS="749" HPOS="871"/>
							<String ID="string_53" HPOS="894" VPOS="749" WIDTH="90" HEIGHT="29" WC="0.96" CONTENT="hava"/><SP WIDTH="24" VPOS="749" HPOS="984"/>
							<String ID="string_54" HPOS="1008" VPOS="748" WIDTH="200" HEIGHT="38" WC="0.96" CONTENT="delegerade"/><SP WIDTH="25" VPOS="748" HPOS="1208"/>
							<String ID="string_55" HPOS="1233" VPOS="747" WIDTH="50" HEIGHT="30" WC="0.67" CONTENT="till"/><SP WIDTH="24" VPOS="747" HPOS="1283"/>
							<String ID="string_56" HPOS="1307" VPOS="746" WIDTH="205" HEIGHT="31" WC="0.95" CONTENT="kommittén"/><SP WIDTH="24" VPOS="746" HPOS="1512"/>
							<String ID="string_57" HPOS="1536" VPOS="746" WIDTH="55" HEIGHT="29" WC="0.96" CONTENT="för"/>
						</TextLine>
						<TextLine ID="line_6" HPOS="100" VPOS="791" WIDTH="1490" HEIGHT="43">
							<String ID="string_58" HPOS="100" VPOS="798" WIDTH="49" HEIGHT="27" WC="0.96" CONTENT="att"/><SP WIDTH="25" VPOS="798" HPOS="149"/>
							<String ID="string_59" HPOS="174" VPOS="796" WIDTH="143" HEIGHT="29" WC="0.96" CONTENT="beaktas"/><SP WIDTH="25" VPOS="796" HPOS="317"/>
							<String ID="string_60" HPOS="342" VPOS="795" WIDTH="57" HEIGHT="30" WC="0.96" CONTENT="vid"/><SP WIDTH="25" VPOS="795" HPOS="399"/>
							<String ID="string_61" HPOS="424" VPOS="794" WIDTH="219" HEIGHT="40" WC="0.96" CONTENT="fullgörande"/><SP WIDTH="25" VPOS="794" HPOS="643"/>
							<String ID="string_62" HPOS="668" VPOS="804" WIDTH="42" HEIGHT="20" WC="0.96" CONTENT="av"/><SP WIDTH="26" VPOS="804" HPOS="710"/>
							<String ID="string_63" HPOS="736" VPOS="794" WIDTH="154" HEIGHT="30" WC="0.96" CONTENT="nämnda"/><SP WIDTH="25" VPOS="794" HPOS="890"/>
							<String ID="string_64" HPOS="915" VPOS="794" WIDTH="159" HEIGHT="39" WC="0.96" CONTENT="uppdrag"/><SP WIDTH="25" VPOS="794" HPOS="1074"/>
							<String ID="string_65" HPOS="1099" VPOS="793" WIDTH="214" HEIGHT="30" WC="0.96" CONTENT="överlämnat"/><SP WIDTH="26" VPOS="793" HPOS="1313"/>
							<String ID="string_66" HPOS="1339" VPOS="791" WIDTH="183" HEIGHT="31" WC="0.96" CONTENT="avskrifter"/><SP WIDTH="26" VPOS="791" HPOS="1522"/>
							<String ID="string_67" HPOS="1548" VPOS="801" WIDTH="42" HEIGHT="19" WC="0.95" CONTENT="av"/>
						</TextLine>
						<TextLine ID="line_7" HPOS="101" VPOS="837" WIDTH="1490" HEIGHT="42">
							<String ID="string_68" HPOS="101" VPOS="840" WIDTH="169" HEIGHT="31" WC="0.95" CONTENT="särskilda"/><SP WIDTH="28" VPOS="840" HPOS="270"/>
							<String ID="string_69" HPOS="298" VPOS="840" WIDTH="179" HEIGHT="31" WC="0.96" CONTENT="skrivelser"/><SP WIDTH="27" VPOS="840" HPOS="477"/>
							<String ID="string_70" HPOS="504" VPOS="839" WIDTH="79" HEIGHT="31" WC="0.96" CONTENT="från"/><SP WIDTH="27" VPOS="839" HPOS="583"/>
							<String ID="string_71" HPOS="610" VPOS="839" WIDTH="217" HEIGHT="40" WC="0.96" CONTENT="fullmäktige"/><SP WIDTH="27" VPOS="839" HPOS="827"/>
							<String ID="string_72" HPOS="854" VPOS="839" WIDTH="10" HEIGHT="30" WC="0.96" CONTENT="i"/><SP WIDTH="27" VPOS="839" HPOS="864"/>
							<String ID="string_73" HPOS="891" VPOS="839" WIDTH="212" HEIGHT="30" WC="0.96" CONTENT="riksbanken"/><SP WIDTH="27" VPOS="839" HPOS="1103"/>
							<String ID="string_74" HPOS="1130" VPOS="838" WIDTH="65" HEIGHT="31" WC="0.96" CONTENT="och"/><SP WIDTH="27" VPOS="838" HPOS="1195"/>
							<String ID="string_75" HPOS="1222" VPOS="838" WIDTH="10" HEIGHT="30" WC="0.93" CONTENT="i"/><SP WIDTH="27" VPOS="838" HPOS="1232"/>
							<String ID="string_76" HPOS="1259" VPOS="837" WIDTH="332" HEIGHT="40" WC="0.92" CONTENT="riksgäldskontoret"/>
						</TextLine>
						<TextLine ID="line_8" HPOS="101" VPOS="882" WIDTH="1181" HEIGHT="43">
							<String ID="string_77" HPOS="101" VPOS="884" WIDTH="178" HEIGHT="41" WC="0.95" CONTENT="angående"/><SP WIDTH="18" VPOS="884" HPOS="279"/>
							<String ID="string_78" HPOS="297" VPOS="885" WIDTH="123" HEIGHT="40" WC="0.96" CONTENT="frågan"/><SP WIDTH="18" VPOS="885" HPOS="420"/>
							<String ID="string_79" HPOS="438" VPOS="895" WIDTH="57" HEIGHT="21" WC="0.96" CONTENT="om"/><SP WIDTH="19" VPOS="895" HPOS="495"/>
							<String ID="string_80" HPOS="514" VPOS="885" WIDTH="138" HEIGHT="30" WC="0.93" CONTENT="fortsatt"/><SP WIDTH="18" VPOS="885" HPOS="652"/>
							<String ID="string_81" HPOS="670" VPOS="884" WIDTH="184" HEIGHT="40" WC="0.91" CONTENT="fondering"/><SP WIDTH="18" VPOS="884" HPOS="854"/>
							<String ID="string_82" HPOS="872" VPOS="884" WIDTH="53" HEIGHT="31" WC="0.93" CONTENT="för"/><SP WIDTH="18" VPOS="884" HPOS="925"/>
							<String ID="string_83" HPOS="943" VPOS="882" WIDTH="339" HEIGHT="42" WC="0.89" CONTENT="pensionsändamål."/>
						</TextLine>
					</TextBlock>
					<TextBlock ID="block_2" HPOS="100" VPOS="928" WIDTH="1491" HEIGHT="176">
						<TextLine ID="line_9" HPOS="146" VPOS="928" WIDTH="1445" HEIGHT="41">
							<String ID="string_84" HPOS="146" VPOS="931" WIDTH="76" HEIGHT="30" WC="0.96" CONTENT="Med"/><SP WIDTH="19" VPOS="931" HPOS="222"/>
							<String ID="string_85" HPOS="241" VPOS="931" WIDTH="269" HEIGHT="30" WC="0.96" CONTENT="överlämnande"/><SP WIDTH="19" VPOS="931" HPOS="510"/>
							<String ID="string_86" HPOS="529" VPOS="940" WIDTH="43" HEIGHT="21" WC="0.93" CONTENT="av"/><SP WIDTH="19" VPOS="940" HPOS="572"/>
							<String ID="string_87" HPOS="591" VPOS="929" WIDTH="138" HEIGHT="40" WC="0.92" CONTENT="bilagda"/><SP WIDTH="20" VPOS="929" HPOS="729"/>
							<String ID="string_88" HPOS="749" VPOS="930" WIDTH="129" HEIGHT="39" WC="0.94" CONTENT="förslag"/><SP WIDTH="20" VPOS="930" HPOS="878"/>
							<String ID="string_89" HPOS="898" VPOS="929" WIDTH="51" HEIGHT="31" WC="0.95" CONTENT="till"/><SP WIDTH="18" VPOS="929" HPOS="949"/>
							<String ID="string_90" HPOS="967" VPOS="929" WIDTH="148" HEIGHT="39" WC="0.96" CONTENT="ändring"/><SP WIDTH="21" VPOS="929" HPOS="1115"/>
							<String ID="string_91" HPOS="1136" VPOS="929" WIDTH="10" HEIGHT="30" WC="0.96" CONTENT="i"/><SP WIDTH="19" VPOS="929" HPOS="1146"/>
							<String ID="string_92" HPOS="1165" VPOS="929" WIDTH="91" HEIGHT="30" WC="0.95" CONTENT="vissa"/><SP WIDTH="19" VPOS="929" HPOS="1256"/>
							<String ID="string_93" HPOS="1275" VPOS="928" WIDTH="95" HEIGHT="30" WC="0.96" CONTENT="delar"/><SP WIDTH="19" VPOS="928" HPOS="1370"/>
							<String ID="string_94" HPOS="1389" VPOS="937" WIDTH="40" HEIGHT="21" WC="0.93" CONTENT="av"/><SP WIDTH="21" VPOS="937" HPOS="1429"/>
							<String ID="string_95" HPOS="1450" VPOS="928" WIDTH="141" HEIGHT="38" WC="0.88" CONTENT="tjänste-"/>
						</TextLine>
						<TextLine ID="line_10" HPOS="100" VPOS="972" WIDTH="1491" HEIGHT="42">
							<String ID="string_96" HPOS="100" VPOS="975" WIDTH="384" HEIGHT="39" WC="0.92" CONTENT="pensionsreglementet"/><SP WIDTH="21" VPOS="975" HPOS="484"/>
							<String ID="string_97" HPOS="505" VPOS="976" WIDTH="56" HEIGHT="37" WC="0.96" CONTENT="för"/><SP WIDTH="21" VPOS="976" HPOS="561"/>
							<String ID="string_98" HPOS="582" VPOS="975" WIDTH="202" HEIGHT="39" WC="0.96" CONTENT="riksdagens"/><SP WIDTH="23" VPOS="975" HPOS="784"/>
							<String ID="string_99" HPOS="807" VPOS="975" WIDTH="83" HEIGHT="30" WC="0.95" CONTENT="verk"/><SP WIDTH="27" VPOS="975" HPOS="890"/>
							<String ID="string_100" HPOS="917" VPOS="973" WIDTH="125" HEIGHT="40" WC="0.95" CONTENT="(bilaga"/><SP WIDTH="25" VPOS="973" HPOS="1042"/>
							<String ID="string_101" HPOS="1067" VPOS="973" WIDTH="29" HEIGHT="40" WC="0.96" CONTENT="1)"/><SP WIDTH="29" VPOS="973" HPOS="1096"/>
							<String ID="string_102" HPOS="1125" VPOS="977" WIDTH="89" HEIGHT="27" WC="0.96" CONTENT="samt"/><SP WIDTH="22" VPOS="977" HPOS="1214"/>
							<String ID="string_103" HPOS="1236" VPOS="974" WIDTH="51" HEIGHT="29" WC="0.96" CONTENT="till"/><SP WIDTH="21" VPOS="974" HPOS="1287"/>
							<String ID="string_104" HPOS="1308" VPOS="973" WIDTH="133" HEIGHT="30" WC="0.96" CONTENT="ändrad"/><SP WIDTH="22" VPOS="973" HPOS="1441"/>
							<String ID="string_105" HPOS="1463" VPOS="972" WIDTH="128" HEIGHT="40" WC="0.95" CONTENT="lydelse"/>
						</TextLine>
						<TextLine ID="line_11" HPOS="102" VPOS="1016" WIDTH="1483" HEIGHT="45">
							<String ID="string_106" HPOS="102" VPOS="1031" WIDTH="40" HEIGHT="20" WC="0.96" CONTENT="av"/><SP WIDTH="27" VPOS="1031" HPOS="142"/>
							<String ID="string_107" HPOS="169" VPOS="1023" WIDTH="19" HEIGHT="28" WC="0.91" CONTENT="9"/><SP WIDTH="25" VPOS="1023" HPOS="188"/>
							<String ID="string_108" HPOS="213" VPOS="1021" WIDTH="21" HEIGHT="40" WC="0.91" CONTENT="$"/><SP WIDTH="29" VPOS="1021" HPOS="234"/>
							<String ID="string_109" HPOS="263" VPOS="1023" WIDTH="15" HEIGHT="28" WC="0.95" CONTENT="1"/><SP WIDTH="29" VPOS="1023" HPOS="278"/>
							<String ID="string_110" HPOS="307" VPOS="1032" WIDTH="103" HEIGHT="20" WC="0.93" CONTENT="mom."/><SP WIDTH="26" VPOS="1032" HPOS="410"/>
							<String ID="string_111" HPOS="436" VPOS="1020" WIDTH="520" HEIGHT="39" WC="0.90" CONTENT="familjepensionsreglementet"/><SP WIDTH="25" VPOS="1020" HPOS="956"/>
							<String ID="string_112" HPOS="981" VPOS="1019" WIDTH="54" HEIGHT="38" WC="0.96" CONTENT="för"/><SP WIDTH="25" VPOS="1019" HPOS="1035"/>
							<String ID="string_113" HPOS="1060" VPOS="1019" WIDTH="203" HEIGHT="39" WC="0.96" CONTENT="riksdagens"/><SP WIDTH="27" VPOS="1019" HPOS="1263"/>
							<String ID="string_114" HPOS="1290" VPOS="1019" WIDTH="81" HEIGHT="30" WC="0.96" CONTENT="verk"/><SP WIDTH="32" VPOS="1019" HPOS="1371"/>
							<String ID="string_115" HPOS="1403" VPOS="1017" WIDTH="125" HEIGHT="40" WC="0.96" CONTENT="(bilaga"/><SP WIDTH="27" VPOS="1017" HPOS="1528"/>
							<String ID="string_116" HPOS="1555" VPOS="1016" WIDTH="30" HEIGHT="37" WC="0.95" CONTENT="2)"/>
						</TextLine>
						<TextLine ID="line_12" HPOS="102" VPOS="1064" WIDTH="1256" HEIGHT="40">
							<String ID="string_117" HPOS="102" VPOS="1066" WIDTH="54" HEIGHT="30" WC="0.92" CONTENT="får"/><SP WIDTH="19" VPOS="1066" HPOS="156"/>
							<String ID="string_118" HPOS="175" VPOS="1066" WIDTH="284" HEIGHT="30" WC="0.91" CONTENT="lönekommittén"/><SP WIDTH="21" VPOS="1066" HPOS="459"/>
							<String ID="string_119" HPOS="480" VPOS="1066" WIDTH="149" HEIGHT="30" WC="0.93" CONTENT="rörande"/><SP WIDTH="21" VPOS="1066" HPOS="629"/>
							<String ID="string_120" HPOS="650" VPOS="1066" WIDTH="190" HEIGHT="38" WC="0.92" CONTENT="förslagens"/><SP WIDTH="21" VPOS="1066" HPOS="840"/>
							<String ID="string_121" HPOS="861" VPOS="1065" WIDTH="168" HEIGHT="30" WC="0.96" CONTENT="innebörd"/><SP WIDTH="22" VPOS="1065" HPOS="1029"/>
							<String ID="string_122" HPOS="1051" VPOS="1064" WIDTH="122" HEIGHT="31" WC="0.96" CONTENT="anföra"/><SP WIDTH="22" VPOS="1064" HPOS="1173"/>
							<String ID="string_123" HPOS="1195" VPOS="1064" WIDTH="163" HEIGHT="39" WC="0.96" CONTENT="följande."/>
						</TextLine>
					</TextBlock>
				</ComposedBlock>
				<ComposedBlock ID="cblock_2" HPOS="103" VPOS="1135" WIDTH="1492" HEIGHT="1385">
					<TextBlock ID="block_3" HPOS="105" VPOS="1135" WIDTH="1488" HEIGHT="534">
						<TextLine ID="line_13" HPOS="148" VPOS="1135" WIDTH="1444" HEIGHT="42">
							<String ID="string_124" HPOS="148" VPOS="1139" WIDTH="61" HEIGHT="29" WC="0.96" CONTENT="Det"/><SP WIDTH="20" VPOS="1139" HPOS="209"/>
							<String ID="string_125" HPOS="229" VPOS="1148" WIDTH="69" HEIGHT="29" WC="0.95" CONTENT="nya"/><SP WIDTH="22" VPOS="1148" HPOS="298"/>
							<String ID="string_126" HPOS="320" VPOS="1138" WIDTH="98" HEIGHT="30" WC="0.93" CONTENT="civila"/><SP WIDTH="21" VPOS="1138" HPOS="418"/>
							<String ID="string_127" HPOS="439" VPOS="1138" WIDTH="404" HEIGHT="39" WC="0.90" CONTENT="avlöningsreglementet"/><SP WIDTH="20" VPOS="1138" HPOS="843"/>
							<String ID="string_128" HPOS="863" VPOS="1137" WIDTH="200" HEIGHT="30" WC="0.96" CONTENT="förutsätter"/><SP WIDTH="20" VPOS="1137" HPOS="1063"/>
							<String ID="string_129" HPOS="1083" VPOS="1136" WIDTH="90" HEIGHT="30" WC="0.96" CONTENT="vissa"/><SP WIDTH="22" VPOS="1136" HPOS="1173"/>
							<String ID="string_130" HPOS="1195" VPOS="1135" WIDTH="186" HEIGHT="39" WC="0.96" CONTENT="ändringar"/><SP WIDTH="20" VPOS="1135" HPOS="1381"/>
							<String ID="string_131" HPOS="1401" VPOS="1135" WIDTH="10" HEIGHT="30" WC="0.96" CONTENT="i"/><SP WIDTH="22" VPOS="1135" HPOS="1411"/>
							<String ID="string_132" HPOS="1433" VPOS="1135" WIDTH="159" HEIGHT="39" WC="0.96" CONTENT="gällande"/>
						</TextLine>
						<TextLine ID="line_14" HPOS="105" VPOS="1179" WIDTH="1485" HEIGHT="44">
							<String ID="string_133" HPOS="105" VPOS="1184" WIDTH="395" HEIGHT="39" WC="0.91" CONTENT="pensionsreglementen"/><SP WIDTH="22" VPOS="1184" HPOS="500"/>
							<String ID="string_134" HPOS="522" VPOS="1184" WIDTH="55" HEIGHT="30" WC="0.96" CONTENT="för"/><SP WIDTH="22" VPOS="1184" HPOS="577"/>
							<String ID="string_135" HPOS="599" VPOS="1185" WIDTH="66" HEIGHT="29" WC="0.95" CONTENT="den"/><SP WIDTH="21" VPOS="1185" HPOS="665"/>
							<String ID="string_136" HPOS="686" VPOS="1183" WIDTH="100" HEIGHT="30" WC="0.93" CONTENT="civila"/><SP WIDTH="24" VPOS="1183" HPOS="786"/>
							<String ID="string_137" HPOS="810" VPOS="1183" WIDTH="352" HEIGHT="38" WC="0.90" CONTENT="statsförvaltningen."/><SP WIDTH="37" VPOS="1183" HPOS="1162"/>
							<String ID="string_138" HPOS="1199" VPOS="1182" WIDTH="74" HEIGHT="29" WC="0.96" CONTENT="Den"/><SP WIDTH="22" VPOS="1182" HPOS="1273"/>
							<String ID="string_139" HPOS="1295" VPOS="1182" WIDTH="160" HEIGHT="29" WC="0.90" CONTENT="närmare"/><SP WIDTH="21" VPOS="1182" HPOS="1455"/>
							<String ID="string_140" HPOS="1476" VPOS="1179" WIDTH="114" HEIGHT="30" WC="0.90" CONTENT="utred-"/>
						</TextLine>
						<TextLine ID="line_15" HPOS="105" VPOS="1225" WIDTH="1487" HEIGHT="43">
							<String ID="string_141" HPOS="105" VPOS="1229" WIDTH="126" HEIGHT="39" WC="0.96" CONTENT="ningen"/><SP WIDTH="22" VPOS="1229" HPOS="231"/>
							<String ID="string_142" HPOS="253" VPOS="1239" WIDTH="58" HEIGHT="20" WC="0.96" CONTENT="om"/><SP WIDTH="25" VPOS="1239" HPOS="311"/>
							<String ID="string_143" HPOS="336" VPOS="1230" WIDTH="98" HEIGHT="29" WC="0.96" CONTENT="dessa"/><SP WIDTH="24" VPOS="1230" HPOS="434"/>
							<String ID="string_144" HPOS="458" VPOS="1229" WIDTH="189" HEIGHT="38" WC="0.96" CONTENT="ändringar"/><SP WIDTH="24" VPOS="1229" HPOS="647"/>
							<String ID="string_145" HPOS="671" VPOS="1229" WIDTH="72" HEIGHT="34" WC="0.96" CONTENT="har,"/><SP WIDTH="26" VPOS="1229" HPOS="743"/>
							<String ID="string_146" HPOS="769" VPOS="1227" WIDTH="137" HEIGHT="39" WC="0.96" CONTENT="jämlikt"/><SP WIDTH="25" VPOS="1227" HPOS="906"/>
							<String ID="string_147" HPOS="931" VPOS="1227" WIDTH="123" HEIGHT="39" WC="0.94" CONTENT="Kungl."/><SP WIDTH="27" VPOS="1227" HPOS="1054"/>
							<String ID="string_148" HPOS="1081" VPOS="1227" WIDTH="117" HEIGHT="38" WC="0.96" CONTENT="Maj:ts"/><SP WIDTH="24" VPOS="1227" HPOS="1198"/>
							<String ID="string_149" HPOS="1222" VPOS="1225" WIDTH="278" HEIGHT="39" WC="0.96" CONTENT="bemyndigande"/><SP WIDTH="24" VPOS="1225" HPOS="1500"/>
							<String ID="string_150" HPOS="1524" VPOS="1225" WIDTH="68" HEIGHT="30" WC="0.96" CONTENT="den"/>
						</TextLine>
						<TextLine ID="line_16" HPOS="107" VPOS="1270" WIDTH="1485" HEIGHT="42">
							<String ID="string_151" HPOS="107" VPOS="1275" WIDTH="37" HEIGHT="28" WC="0.96" CONTENT="17"/><SP WIDTH="25" VPOS="1275" HPOS="144"/>
							<String ID="string_152" HPOS="169" VPOS="1273" WIDTH="74" HEIGHT="39" WC="0.96" CONTENT="juni"/><SP WIDTH="27" VPOS="1273" HPOS="243"/>
							<String ID="string_153" HPOS="270" VPOS="1274" WIDTH="94" HEIGHT="35" WC="0.96" CONTENT="1938,"/><SP WIDTH="26" VPOS="1274" HPOS="364"/>
							<String ID="string_154" HPOS="390" VPOS="1273" WIDTH="203" HEIGHT="31" WC="0.95" CONTENT="anförtrotts"/><SP WIDTH="24" VPOS="1273" HPOS="593"/>
							<String ID="string_155" HPOS="617" VPOS="1272" WIDTH="35" HEIGHT="31" WC="0.96" CONTENT="åt"/><SP WIDTH="24" VPOS="1272" HPOS="652"/>
							<String ID="string_156" HPOS="676" VPOS="1273" WIDTH="170" HEIGHT="30" WC="0.96" CONTENT="särskilda"/><SP WIDTH="23" VPOS="1273" HPOS="846"/>
							<String ID="string_157" HPOS="869" VPOS="1273" WIDTH="95" HEIGHT="29" WC="0.92" CONTENT="inom"/><SP WIDTH="23" VPOS="1273" HPOS="964"/>
							<String ID="string_158" HPOS="987" VPOS="1272" WIDTH="391" HEIGHT="37" WC="0.91" CONTENT="finansdepartementet"/><SP WIDTH="24" VPOS="1272" HPOS="1378"/>
							<String ID="string_159" HPOS="1402" VPOS="1270" WIDTH="190" HEIGHT="29" WC="0.95" CONTENT="tillkallade"/>
						</TextLine>
						<TextLine ID="line_17" HPOS="105" VPOS="1313" WIDTH="1487" HEIGHT="44">
							<String ID="string_160" HPOS="105" VPOS="1318" WIDTH="228" HEIGHT="39" WC="0.96" CONTENT="sakkunniga,"/><SP WIDTH="26" VPOS="1318" HPOS="333"/>
							<String ID="string_161" HPOS="359" VPOS="1319" WIDTH="41" HEIGHT="29" WC="0.93" CONTENT="de"/><SP WIDTH="24" VPOS="1319" HPOS="400"/>
							<String ID="string_162" HPOS="424" VPOS="1328" WIDTH="24" HEIGHT="21" WC="0.90" CONTENT="s."/><SP WIDTH="26" VPOS="1328" HPOS="448"/>
							<String ID="string_163" HPOS="474" VPOS="1319" WIDTH="32" HEIGHT="29" WC="0.93" CONTENT="k."/><SP WIDTH="29" VPOS="1319" HPOS="506"/>
							<String ID="string_164" HPOS="535" VPOS="1319" WIDTH="84" HEIGHT="29" WC="0.96" CONTENT="1938"/><SP WIDTH="24" VPOS="1319" HPOS="619"/>
							<String ID="string_165" HPOS="643" VPOS="1317" WIDTH="55" HEIGHT="31" WC="0.93" CONTENT="års"/><SP WIDTH="25" VPOS="1317" HPOS="698"/>
							<String ID="string_166" HPOS="723" VPOS="1316" WIDTH="395" HEIGHT="40" WC="0.91" CONTENT="pensionssakkunniga."/><SP WIDTH="39" VPOS="1316" HPOS="1118"/>
							<String ID="string_167" HPOS="1157" VPOS="1317" WIDTH="12" HEIGHT="28" WC="0.93" CONTENT="I"/><SP WIDTH="26" VPOS="1317" HPOS="1169"/>
							<String ID="string_168" HPOS="1195" VPOS="1313" WIDTH="397" HEIGHT="40" WC="0.91" CONTENT="utredningsdirektiven"/>
						</TextLine>
						<TextLine ID="line_18" HPOS="106" VPOS="1359" WIDTH="1484" HEIGHT="41">
							<String ID="string_169" HPOS="106" VPOS="1364" WIDTH="182" HEIGHT="29" WC="0.95" CONTENT="framhölls"/><SP WIDTH="17" VPOS="1364" HPOS="288"/>
							<String ID="string_170" HPOS="305" VPOS="1364" WIDTH="107" HEIGHT="29" WC="0.95" CONTENT="bland"/><SP WIDTH="16" VPOS="1364" HPOS="412"/>
							<String ID="string_171" HPOS="428" VPOS="1366" WIDTH="116" HEIGHT="32" WC="0.95" CONTENT="annat,"/><SP WIDTH="19" VPOS="1366" HPOS="544"/>
							<String ID="string_172" HPOS="563" VPOS="1366" WIDTH="50" HEIGHT="26" WC="0.96" CONTENT="att"/><SP WIDTH="17" VPOS="1366" HPOS="613"/>
							<String ID="string_173" HPOS="630" VPOS="1363" WIDTH="55" HEIGHT="29" WC="0.96" CONTENT="det"/><SP WIDTH="17" VPOS="1363" HPOS="685"/>
							<String ID="string_174" HPOS="702" VPOS="1363" WIDTH="79" HEIGHT="29" WC="0.96" CONTENT="med"/><SP WIDTH="18" VPOS="1363" HPOS="781"/>
							<String ID="string_175" HPOS="799" VPOS="1363" WIDTH="136" HEIGHT="37" WC="0.96" CONTENT="hänsyn"/><SP WIDTH="17" VPOS="1363" HPOS="935"/>
							<String ID="string_176" HPOS="952" VPOS="1361" WIDTH="51" HEIGHT="30" WC="0.95" CONTENT="till"/><SP WIDTH="17" VPOS="1361" HPOS="1003"/>
							<String ID="string_177" HPOS="1020" VPOS="1361" WIDTH="248" HEIGHT="38" WC="0.96" CONTENT="utredningens"/><SP WIDTH="17" VPOS="1361" HPOS="1268"/>
							<String ID="string_178" HPOS="1285" VPOS="1359" WIDTH="211" HEIGHT="39" WC="0.93" CONTENT="omfattning"/><SP WIDTH="17" VPOS="1359" HPOS="1496"/>
							<String ID="string_179" HPOS="1513" VPOS="1367" WIDTH="77" HEIGHT="29" WC="0.93" CONTENT="syn-"/>
						</TextLine>
						<TextLine ID="line_19" HPOS="106" VPOS="1404" WIDTH="1487" HEIGHT="39">
							<String ID="string_180" HPOS="106" VPOS="1411" WIDTH="49" HEIGHT="27" WC="0.96" CONTENT="tes"/><SP WIDTH="26" VPOS="1411" HPOS="155"/>
							<String ID="string_181" HPOS="181" VPOS="1418" WIDTH="82" HEIGHT="20" WC="0.96" CONTENT="vara"/><SP WIDTH="27" VPOS="1418" HPOS="263"/>
							<String ID="string_182" HPOS="290" VPOS="1408" WIDTH="170" HEIGHT="35" WC="0.96" CONTENT="uteslutet,"/><SP WIDTH="28" VPOS="1408" HPOS="460"/>
							<String ID="string_183" HPOS="488" VPOS="1410" WIDTH="49" HEIGHT="27" WC="0.96" CONTENT="att"/><SP WIDTH="26" VPOS="1410" HPOS="537"/>
							<String ID="string_184" HPOS="563" VPOS="1408" WIDTH="202" HEIGHT="29" WC="0.95" CONTENT="densamma"/><SP WIDTH="28" VPOS="1408" HPOS="765"/>
							<String ID="string_185" HPOS="793" VPOS="1407" WIDTH="116" HEIGHT="29" WC="0.96" CONTENT="kunde"/><SP WIDTH="25" VPOS="1407" HPOS="909"/>
							<String ID="string_186" HPOS="934" VPOS="1406" WIDTH="165" HEIGHT="30" WC="0.96" CONTENT="slutföras"/><SP WIDTH="25" VPOS="1406" HPOS="1099"/>
							<String ID="string_187" HPOS="1124" VPOS="1406" WIDTH="95" HEIGHT="29" WC="0.96" CONTENT="inom"/><SP WIDTH="28" VPOS="1406" HPOS="1219"/>
							<String ID="string_188" HPOS="1247" VPOS="1404" WIDTH="109" HEIGHT="31" WC="0.95" CONTENT="sådan"/><SP WIDTH="25" VPOS="1404" HPOS="1356"/>
							<String ID="string_189" HPOS="1381" VPOS="1404" WIDTH="59" HEIGHT="35" WC="0.95" CONTENT="tid,"/><SP WIDTH="29" VPOS="1404" HPOS="1440"/>
							<String ID="string_190" HPOS="1469" VPOS="1406" WIDTH="50" HEIGHT="28" WC="0.96" CONTENT="att"/><SP WIDTH="27" VPOS="1406" HPOS="1519"/>
							<String ID="string_191" HPOS="1546" VPOS="1405" WIDTH="47" HEIGHT="27" WC="0.96" CONTENT="ett"/>
						</TextLine>
						<TextLine ID="line_20" HPOS="107" VPOS="1446" WIDTH="1484" HEIGHT="45">
							<String ID="string_192" HPOS="107" VPOS="1452" WIDTH="217" HEIGHT="39" WC="0.94" CONTENT="fullständigt"/><SP WIDTH="22" VPOS="1452" HPOS="324"/>
							<String ID="string_193" HPOS="346" VPOS="1452" WIDTH="128" HEIGHT="38" WC="0.95" CONTENT="förslag"/><SP WIDTH="21" VPOS="1452" HPOS="474"/>
							<String ID="string_194" HPOS="495" VPOS="1452" WIDTH="9" HEIGHT="29" WC="0.96" CONTENT="i"/><SP WIDTH="23" VPOS="1452" HPOS="504"/>
							<String ID="string_195" HPOS="527" VPOS="1452" WIDTH="118" HEIGHT="29" WC="0.96" CONTENT="ämnet"/><SP WIDTH="20" VPOS="1452" HPOS="645"/>
							<String ID="string_196" HPOS="665" VPOS="1452" WIDTH="117" HEIGHT="29" WC="0.93" CONTENT="kunde"/><SP WIDTH="22" VPOS="1452" HPOS="782"/>
							<String ID="string_197" HPOS="804" VPOS="1451" WIDTH="191" HEIGHT="38" WC="0.91" CONTENT="föreläggas"/><SP WIDTH="25" VPOS="1451" HPOS="995"/>
							<String ID="string_198" HPOS="1020" VPOS="1451" WIDTH="84" HEIGHT="29" WC="0.96" CONTENT="1939"/><SP WIDTH="21" VPOS="1451" HPOS="1104"/>
							<String ID="string_199" HPOS="1125" VPOS="1449" WIDTH="55" HEIGHT="31" WC="0.96" CONTENT="års"/><SP WIDTH="22" VPOS="1449" HPOS="1180"/>
							<String ID="string_200" HPOS="1202" VPOS="1449" WIDTH="149" HEIGHT="38" WC="0.90" CONTENT="riksdag."/><SP WIDTH="34" VPOS="1449" HPOS="1351"/>
							<String ID="string_201" HPOS="1385" VPOS="1447" WIDTH="126" HEIGHT="31" WC="0.89" CONTENT="Tillika"/><SP WIDTH="21" VPOS="1447" HPOS="1511"/>
							<String ID="string_202" HPOS="1532" VPOS="1446" WIDTH="59" HEIGHT="40" WC="0.91" CONTENT="på-"/>
						</TextLine>
						<TextLine ID="line_21" HPOS="106" VPOS="1492" WIDTH="1484" HEIGHT="43">
							<String ID="string_203" HPOS="106" VPOS="1498" WIDTH="149" HEIGHT="37" WC="0.96" CONTENT="pekades"/><SP WIDTH="31" VPOS="1498" HPOS="255"/>
							<String ID="string_204" HPOS="286" VPOS="1497" WIDTH="198" HEIGHT="34" WC="0.95" CONTENT="emellertid,"/><SP WIDTH="32" VPOS="1497" HPOS="484"/>
							<String ID="string_205" HPOS="516" VPOS="1499" WIDTH="50" HEIGHT="27" WC="0.96" CONTENT="att"/><SP WIDTH="30" VPOS="1499" HPOS="566"/>
							<String ID="string_206" HPOS="596" VPOS="1496" WIDTH="89" HEIGHT="30" WC="0.96" CONTENT="vissa"/><SP WIDTH="32" VPOS="1496" HPOS="685"/>
							<String ID="string_207" HPOS="717" VPOS="1496" WIDTH="159" HEIGHT="29" WC="0.96" CONTENT="formella"/><SP WIDTH="30" VPOS="1496" HPOS="876"/>
							<String ID="string_208" HPOS="906" VPOS="1495" WIDTH="189" HEIGHT="38" WC="0.96" CONTENT="ändringar"/><SP WIDTH="29" VPOS="1495" HPOS="1095"/>
							<String ID="string_209" HPOS="1124" VPOS="1495" WIDTH="10" HEIGHT="28" WC="0.93" CONTENT="i"/><SP WIDTH="32" VPOS="1495" HPOS="1134"/>
							<String ID="string_210" HPOS="1166" VPOS="1492" WIDTH="424" HEIGHT="40" WC="0.91" CONTENT="pensionslagstiftningen"/>
						</TextLine>
						<TextLine ID="line_22" HPOS="106" VPOS="1536" WIDTH="1485" HEIGHT="43">
							<String ID="string_211" HPOS="106" VPOS="1551" WIDTH="80" HEIGHT="20" WC="0.96" CONTENT="vore"/><SP WIDTH="27" VPOS="1551" HPOS="186"/>
							<String ID="string_212" HPOS="213" VPOS="1540" WIDTH="220" HEIGHT="39" WC="0.96" CONTENT="nödvändiga"/><SP WIDTH="27" VPOS="1540" HPOS="433"/>
							<String ID="string_213" HPOS="460" VPOS="1543" WIDTH="49" HEIGHT="28" WC="0.96" CONTENT="att"/><SP WIDTH="28" VPOS="1543" HPOS="509"/>
							<String ID="string_214" HPOS="537" VPOS="1540" WIDTH="202" HEIGHT="38" WC="0.96" CONTENT="genomföra"/><SP WIDTH="30" VPOS="1540" HPOS="739"/>
							<String ID="string_215" HPOS="769" VPOS="1539" WIDTH="175" HEIGHT="39" WC="0.96" CONTENT="samtidigt"/><SP WIDTH="26" VPOS="1539" HPOS="944"/>
							<String ID="string_216" HPOS="970" VPOS="1540" WIDTH="79" HEIGHT="29" WC="0.93" CONTENT="med"/><SP WIDTH="29" VPOS="1540" HPOS="1049"/>
							<String ID="string_217" HPOS="1078" VPOS="1538" WIDTH="310" HEIGHT="38" WC="0.91" CONTENT="löneregleringens"/><SP WIDTH="27" VPOS="1538" HPOS="1388"/>
							<String ID="string_218" HPOS="1415" VPOS="1536" WIDTH="176" HEIGHT="30" WC="0.92" CONTENT="ikraftträ-"/>
						</TextLine>
						<TextLine ID="line_23" HPOS="106" VPOS="1581" WIDTH="1485" HEIGHT="43">
							<String ID="string_219" HPOS="106" VPOS="1587" WIDTH="113" HEIGHT="29" WC="0.96" CONTENT="dande"/><SP WIDTH="18" VPOS="1587" HPOS="219"/>
							<String ID="string_220" HPOS="237" VPOS="1586" WIDTH="65" HEIGHT="30" WC="0.96" CONTENT="och"/><SP WIDTH="22" VPOS="1586" HPOS="302"/>
							<String ID="string_221" HPOS="324" VPOS="1588" WIDTH="48" HEIGHT="28" WC="0.96" CONTENT="att"/><SP WIDTH="19" VPOS="1588" HPOS="372"/>
							<String ID="string_222" HPOS="391" VPOS="1585" WIDTH="129" HEIGHT="39" WC="0.96" CONTENT="förslag"/><SP WIDTH="20" VPOS="1585" HPOS="520"/>
							<String ID="string_223" HPOS="540" VPOS="1585" WIDTH="116" HEIGHT="29" WC="0.96" CONTENT="härtill"/><SP WIDTH="21" VPOS="1585" HPOS="656"/>
							<String ID="string_224" HPOS="677" VPOS="1585" WIDTH="107" HEIGHT="29" WC="0.95" CONTENT="borde"/><SP WIDTH="20" VPOS="1585" HPOS="784"/>
							<String ID="string_225" HPOS="804" VPOS="1585" WIDTH="175" HEIGHT="29" WC="0.96" CONTENT="utarbetas"/><SP WIDTH="21" VPOS="1585" HPOS="979"/>
							<String ID="string_226" HPOS="1000" VPOS="1583" WIDTH="114" HEIGHT="30" WC="0.96" CONTENT="såsom"/><SP WIDTH="20" VPOS="1583" HPOS="1114"/>
							<String ID="string_227" HPOS="1134" VPOS="1593" WIDTH="42" HEIGHT="20" WC="0.96" CONTENT="en"/><SP WIDTH="21" VPOS="1593" HPOS="1176"/>
							<String ID="string_228" HPOS="1197" VPOS="1583" WIDTH="108" HEIGHT="30" WC="0.95" CONTENT="första"/><SP WIDTH="21" VPOS="1583" HPOS="1305"/>
							<String ID="string_229" HPOS="1326" VPOS="1585" WIDTH="100" HEIGHT="35" WC="0.96" CONTENT="etapp"/><SP WIDTH="21" VPOS="1585" HPOS="1426"/>
							<String ID="string_230" HPOS="1447" VPOS="1582" WIDTH="10" HEIGHT="29" WC="0.93" CONTENT="i"/><SP WIDTH="21" VPOS="1582" HPOS="1457"/>
							<String ID="string_231" HPOS="1478" VPOS="1581" WIDTH="113" HEIGHT="30" WC="0.91" CONTENT="utred-"/>
						</TextLine>
						<TextLine ID="line_24" HPOS="106" VPOS="1631" WIDTH="241" HEIGHT="38">
							<String ID="string_232" HPOS="106" VPOS="1631" WIDTH="241" HEIGHT="38" WC="0.91" CONTENT="ningsarbetet."/>
						</TextLine>
					</TextBlock>
					<TextBlock ID="block_4" HPOS="103" VPOS="1670" WIDTH="1491" HEIGHT="312">
						<TextLine ID="line_25" HPOS="150" VPOS="1670" WIDTH="1442" HEIGHT="42">
							<String ID="string_233" HPOS="150" VPOS="1675" WIDTH="74" HEIGHT="29" WC="0.96" CONTENT="Med"/><SP WIDTH="20" VPOS="1675" HPOS="224"/>
							<String ID="string_234" HPOS="244" VPOS="1674" WIDTH="163" HEIGHT="30" WC="0.96" CONTENT="skrivelse"/><SP WIDTH="18" VPOS="1674" HPOS="407"/>
							<String ID="string_235" HPOS="425" VPOS="1675" WIDTH="66" HEIGHT="29" WC="0.96" CONTENT="den"/><SP WIDTH="19" VPOS="1675" HPOS="491"/>
							<String ID="string_236" HPOS="510" VPOS="1675" WIDTH="19" HEIGHT="29" WC="0.96" CONTENT="3"/><SP WIDTH="19" VPOS="1675" HPOS="529"/>
							<String ID="string_237" HPOS="548" VPOS="1673" WIDTH="136" HEIGHT="39" WC="0.95" CONTENT="januari"/><SP WIDTH="23" VPOS="1673" HPOS="684"/>
							<String ID="string_238" HPOS="707" VPOS="1674" WIDTH="82" HEIGHT="29" WC="0.95" CONTENT="1939"/><SP WIDTH="19" VPOS="1674" HPOS="789"/>
							<String ID="string_239" HPOS="808" VPOS="1673" WIDTH="89" HEIGHT="29" WC="0.95" CONTENT="hava"/><SP WIDTH="23" VPOS="1673" HPOS="897"/>
							<String ID="string_240" HPOS="920" VPOS="1672" WIDTH="82" HEIGHT="30" WC="0.96" CONTENT="1938"/><SP WIDTH="20" VPOS="1672" HPOS="1002"/>
							<String ID="string_241" HPOS="1022" VPOS="1671" WIDTH="55" HEIGHT="31" WC="0.92" CONTENT="års"/><SP WIDTH="19" VPOS="1671" HPOS="1077"/>
							<String ID="string_242" HPOS="1096" VPOS="1670" WIDTH="383" HEIGHT="40" WC="0.91" CONTENT="pensionssakkunniga"/><SP WIDTH="20" VPOS="1670" HPOS="1479"/>
							<String ID="string_243" HPOS="1499" VPOS="1672" WIDTH="93" HEIGHT="28" WC="0.91" CONTENT="över-"/>
						</TextLine>
						<TextLine ID="line_26" HPOS="106" VPOS="1715" WIDTH="1487" HEIGHT="42">
							<String ID="string_244" HPOS="106" VPOS="1721" WIDTH="130" HEIGHT="28" WC="0.94" CONTENT="lämnat"/><SP WIDTH="27" VPOS="1721" HPOS="236"/>
							<String ID="string_245" HPOS="263" VPOS="1719" WIDTH="219" HEIGHT="30" WC="0.96" CONTENT="betänkande"/><SP WIDTH="27" VPOS="1719" HPOS="482"/>
							<String ID="string_246" HPOS="509" VPOS="1719" WIDTH="80" HEIGHT="30" WC="0.95" CONTENT="med"/><SP WIDTH="28" VPOS="1719" HPOS="589"/>
							<String ID="string_247" HPOS="617" VPOS="1718" WIDTH="128" HEIGHT="39" WC="0.96" CONTENT="förslag"/><SP WIDTH="28" VPOS="1718" HPOS="745"/>
							<String ID="string_248" HPOS="773" VPOS="1718" WIDTH="51" HEIGHT="30" WC="0.96" CONTENT="till"/><SP WIDTH="27" VPOS="1718" HPOS="824"/>
							<String ID="string_249" HPOS="851" VPOS="1717" WIDTH="90" HEIGHT="30" WC="0.96" CONTENT="vissa"/><SP WIDTH="28" VPOS="1717" HPOS="941"/>
							<String ID="string_250" HPOS="969" VPOS="1717" WIDTH="188" HEIGHT="38" WC="0.96" CONTENT="ändringar"/><SP WIDTH="27" VPOS="1717" HPOS="1157"/>
							<String ID="string_251" HPOS="1184" VPOS="1716" WIDTH="10" HEIGHT="30" WC="0.96" CONTENT="i"/><SP WIDTH="28" VPOS="1716" HPOS="1194"/>
							<String ID="string_252" HPOS="1222" VPOS="1716" WIDTH="101" HEIGHT="30" WC="0.96" CONTENT="civila"/><SP WIDTH="28" VPOS="1716" HPOS="1323"/>
							<String ID="string_253" HPOS="1351" VPOS="1716" WIDTH="65" HEIGHT="30" WC="0.94" CONTENT="och"/><SP WIDTH="27" VPOS="1716" HPOS="1416"/>
							<String ID="string_254" HPOS="1443" VPOS="1715" WIDTH="150" HEIGHT="30" WC="0.94" CONTENT="militära"/>
						</TextLine>
						<TextLine ID="line_27" HPOS="103" VPOS="1760" WIDTH="1491" HEIGHT="43">
							<String ID="string_255" HPOS="103" VPOS="1763" WIDTH="544" HEIGHT="40" WC="0.92" CONTENT="tjänstepensionsreglementena"/><SP WIDTH="21" VPOS="1763" HPOS="647"/>
							<String ID="string_256" HPOS="668" VPOS="1767" WIDTH="88" HEIGHT="26" WC="0.96" CONTENT="samt"/><SP WIDTH="21" VPOS="1767" HPOS="756"/>
							<String ID="string_257" HPOS="777" VPOS="1763" WIDTH="177" HEIGHT="30" WC="0.93" CONTENT="allmänna"/><SP WIDTH="21" VPOS="1763" HPOS="954"/>
							<String ID="string_258" HPOS="975" VPOS="1761" WIDTH="520" HEIGHT="40" WC="0.91" CONTENT="familjepensionsreglementet"/><SP WIDTH="20" VPOS="1761" HPOS="1495"/>
							<String ID="string_259" HPOS="1515" VPOS="1760" WIDTH="79" HEIGHT="30" WC="0.96" CONTENT="med"/>
						</TextLine>
						<TextLine ID="line_28" HPOS="106" VPOS="1806" WIDTH="1487" HEIGHT="42">
							<String ID="string_260" HPOS="106" VPOS="1811" WIDTH="83" HEIGHT="29" WC="0.96" CONTENT="flera"/><SP WIDTH="20" VPOS="1811" HPOS="189"/>
							<String ID="string_261" HPOS="209" VPOS="1809" WIDTH="255" HEIGHT="39" WC="0.96" CONTENT="författningar."/><SP WIDTH="31" VPOS="1809" HPOS="464"/>
							<String ID="string_262" HPOS="495" VPOS="1808" WIDTH="49" HEIGHT="31" WC="0.96" CONTENT="På"/><SP WIDTH="19" VPOS="1808" HPOS="544"/>
							<String ID="string_263" HPOS="563" VPOS="1809" WIDTH="169" HEIGHT="37" WC="0.96" CONTENT="grundval"/><SP WIDTH="18" VPOS="1809" HPOS="732"/>
							<String ID="string_264" HPOS="750" VPOS="1818" WIDTH="42" HEIGHT="20" WC="0.96" CONTENT="av"/><SP WIDTH="20" VPOS="1818" HPOS="792"/>
							<String ID="string_265" HPOS="812" VPOS="1809" WIDTH="92" HEIGHT="29" WC="0.96" CONTENT="detta"/><SP WIDTH="19" VPOS="1809" HPOS="904"/>
							<String ID="string_266" HPOS="923" VPOS="1807" WIDTH="139" HEIGHT="39" WC="0.95" CONTENT="förslag,"/><SP WIDTH="20" VPOS="1807" HPOS="1062"/>
							<String ID="string_267" HPOS="1082" VPOS="1807" WIDTH="9" HEIGHT="29" WC="0.95" CONTENT="i"/><SP WIDTH="20" VPOS="1807" HPOS="1091"/>
							<String ID="string_268" HPOS="1111" VPOS="1807" WIDTH="66" HEIGHT="30" WC="0.96" CONTENT="vad"/><SP WIDTH="19" VPOS="1807" HPOS="1177"/>
							<String ID="string_269" HPOS="1196" VPOS="1807" WIDTH="55" HEIGHT="29" WC="0.96" CONTENT="det"/><SP WIDTH="20" VPOS="1807" HPOS="1251"/>
							<String ID="string_270" HPOS="1271" VPOS="1816" WIDTH="97" HEIGHT="20" WC="0.96" CONTENT="avser"/><SP WIDTH="19" VPOS="1816" HPOS="1368"/>
							<String ID="string_271" HPOS="1387" VPOS="1806" WIDTH="99" HEIGHT="30" WC="0.93" CONTENT="civila"/><SP WIDTH="19" VPOS="1806" HPOS="1486"/>
							<String ID="string_272" HPOS="1505" VPOS="1806" WIDTH="88" HEIGHT="37" WC="0.92" CONTENT="tjän-"/>
						</TextLine>
						<TextLine ID="line_29" HPOS="105" VPOS="1850" WIDTH="1489" HEIGHT="43">
							<String ID="string_273" HPOS="105" VPOS="1855" WIDTH="444" HEIGHT="38" WC="0.88" CONTENT="stepensionsreglementet,"/><SP WIDTH="21" VPOS="1855" HPOS="549"/>
							<String ID="string_274" HPOS="570" VPOS="1854" WIDTH="64" HEIGHT="29" WC="0.95" CONTENT="har"/><SP WIDTH="19" VPOS="1854" HPOS="634"/>
							<String ID="string_275" HPOS="653" VPOS="1854" WIDTH="123" HEIGHT="37" WC="0.96" CONTENT="Kungl."/><SP WIDTH="22" VPOS="1854" HPOS="776"/>
							<String ID="string_276" HPOS="798" VPOS="1853" WIDTH="99" HEIGHT="38" WC="0.96" CONTENT="Maj:t"/><SP WIDTH="20" VPOS="1853" HPOS="897"/>
							<String ID="string_277" HPOS="917" VPOS="1852" WIDTH="192" HEIGHT="30" WC="0.96" CONTENT="sedermera"/><SP WIDTH="20" VPOS="1852" HPOS="1109"/>
							<String ID="string_278" HPOS="1129" VPOS="1852" WIDTH="163" HEIGHT="38" WC="0.95" CONTENT="framlagt"/><SP WIDTH="19" VPOS="1852" HPOS="1292"/>
							<String ID="string_279" HPOS="1311" VPOS="1850" WIDTH="213" HEIGHT="40" WC="0.95" CONTENT="proposition"/><SP WIDTH="20" VPOS="1850" HPOS="1524"/>
							<String ID="string_280" HPOS="1544" VPOS="1850" WIDTH="50" HEIGHT="30" WC="0.95" CONTENT="till"/>
						</TextLine>
						<TextLine ID="line_30" HPOS="105" VPOS="1895" WIDTH="1488" HEIGHT="42">
							<String ID="string_281" HPOS="105" VPOS="1900" WIDTH="183" HEIGHT="37" WC="0.96" CONTENT="riksdagen"/><SP WIDTH="26" VPOS="1900" HPOS="288"/>
							<String ID="string_282" HPOS="314" VPOS="1900" WIDTH="78" HEIGHT="29" WC="0.96" CONTENT="med"/><SP WIDTH="25" VPOS="1900" HPOS="392"/>
							<String ID="string_283" HPOS="417" VPOS="1899" WIDTH="129" HEIGHT="38" WC="0.96" CONTENT="förslag"/><SP WIDTH="25" VPOS="1899" HPOS="546"/>
							<String ID="string_284" HPOS="571" VPOS="1908" WIDTH="58" HEIGHT="20" WC="0.96" CONTENT="om"/><SP WIDTH="25" VPOS="1908" HPOS="629"/>
							<String ID="string_285" HPOS="654" VPOS="1899" WIDTH="146" HEIGHT="37" WC="0.96" CONTENT="ändring"/><SP WIDTH="26" VPOS="1899" HPOS="800"/>
							<String ID="string_286" HPOS="826" VPOS="1898" WIDTH="9" HEIGHT="29" WC="0.96" CONTENT="i"/><SP WIDTH="26" VPOS="1898" HPOS="835"/>
							<String ID="string_287" HPOS="861" VPOS="1897" WIDTH="90" HEIGHT="30" WC="0.96" CONTENT="vissa"/><SP WIDTH="26" VPOS="1897" HPOS="951"/>
							<String ID="string_288" HPOS="977" VPOS="1898" WIDTH="95" HEIGHT="29" WC="0.96" CONTENT="delar"/><SP WIDTH="24" VPOS="1898" HPOS="1072"/>
							<String ID="string_289" HPOS="1096" VPOS="1907" WIDTH="42" HEIGHT="19" WC="0.96" CONTENT="av"/><SP WIDTH="26" VPOS="1907" HPOS="1138"/>
							<String ID="string_290" HPOS="1164" VPOS="1897" WIDTH="101" HEIGHT="29" WC="0.93" CONTENT="civila"/><SP WIDTH="26" VPOS="1897" HPOS="1265"/>
							<String ID="string_291" HPOS="1291" VPOS="1895" WIDTH="302" HEIGHT="40" WC="0.91" CONTENT="tjänstepensions-"/>
						</TextLine>
						<TextLine ID="line_31" HPOS="105" VPOS="1942" WIDTH="709" HEIGHT="40">
							<String ID="string_292" HPOS="105" VPOS="1944" WIDTH="219" HEIGHT="37" WC="0.95" CONTENT="reglementet"/><SP WIDTH="29" VPOS="1944" HPOS="324"/>
							<String ID="string_293" HPOS="353" VPOS="1942" WIDTH="224" HEIGHT="40" WC="0.96" CONTENT="(proposition"/><SP WIDTH="26" VPOS="1942" HPOS="577"/>
							<String ID="string_294" HPOS="603" VPOS="1943" WIDTH="95" HEIGHT="29" WC="0.96" CONTENT="1939:"/><SP WIDTH="25" VPOS="1943" HPOS="698"/>
							<String ID="string_295" HPOS="723" VPOS="1942" WIDTH="91" HEIGHT="38" WC="0.96" CONTENT="277)."/>
						</TextLine>
					</TextBlock>
					<TextBlock ID="block_5" HPOS="105" VPOS="1985" WIDTH="1490" HEIGHT="535">
						<TextLine ID="line_32" HPOS="151" VPOS="1985" WIDTH="1443" HEIGHT="42">
							<String ID="string_296" HPOS="151" VPOS="1990" WIDTH="65" HEIGHT="29" WC="0.96" CONTENT="För"/><SP WIDTH="26" VPOS="1990" HPOS="216"/>
							<String ID="string_297" HPOS="242" VPOS="1989" WIDTH="202" HEIGHT="38" WC="0.96" CONTENT="riksdagens"/><SP WIDTH="27" VPOS="1989" HPOS="444"/>
							<String ID="string_298" HPOS="471" VPOS="1989" WIDTH="82" HEIGHT="29" WC="0.96" CONTENT="verk"/><SP WIDTH="29" VPOS="1989" HPOS="553"/>
							<String ID="string_299" HPOS="582" VPOS="1989" WIDTH="88" HEIGHT="36" WC="0.96" CONTENT="gälla"/><SP WIDTH="26" VPOS="1989" HPOS="670"/>
							<String ID="string_300" HPOS="696" VPOS="1988" WIDTH="54" HEIGHT="29" WC="0.96" CONTENT="för"/><SP WIDTH="27" VPOS="1988" HPOS="750"/>
							<String ID="string_301" HPOS="777" VPOS="1987" WIDTH="216" HEIGHT="30" WC="0.96" CONTENT="närvarande"/><SP WIDTH="28" VPOS="1987" HPOS="993"/>
							<String ID="string_302" HPOS="1021" VPOS="1987" WIDTH="56" HEIGHT="29" WC="0.96" CONTENT="det"/><SP WIDTH="27" VPOS="1987" HPOS="1077"/>
							<String ID="string_303" HPOS="1104" VPOS="1996" WIDTH="41" HEIGHT="20" WC="0.96" CONTENT="av"/><SP WIDTH="31" VPOS="1996" HPOS="1145"/>
							<String ID="string_304" HPOS="1176" VPOS="1987" WIDTH="82" HEIGHT="29" WC="0.96" CONTENT="1935"/><SP WIDTH="28" VPOS="1987" HPOS="1258"/>
							<String ID="string_305" HPOS="1286" VPOS="1985" WIDTH="55" HEIGHT="30" WC="0.95" CONTENT="års"/><SP WIDTH="27" VPOS="1985" HPOS="1341"/>
							<String ID="string_306" HPOS="1368" VPOS="1985" WIDTH="139" HEIGHT="38" WC="0.93" CONTENT="riksdag"/><SP WIDTH="28" VPOS="1985" HPOS="1507"/>
							<String ID="string_307" HPOS="1535" VPOS="1994" WIDTH="59" HEIGHT="20" WC="0.91" CONTENT="an-"/>
						</TextLine>
						<TextLine ID="line_33" HPOS="106" VPOS="2029" WIDTH="1489" HEIGHT="42">
							<String ID="string_308" HPOS="106" VPOS="2036" WIDTH="101" HEIGHT="35" WC="0.92" CONTENT="tagna"/><SP WIDTH="25" VPOS="2036" HPOS="207"/>
							<String ID="string_309" HPOS="232" VPOS="2033" WIDTH="510" HEIGHT="38" WC="0.90" CONTENT="tjänstepensionsreglementet"/><SP WIDTH="24" VPOS="2033" HPOS="742"/>
							<String ID="string_310" HPOS="766" VPOS="2033" WIDTH="54" HEIGHT="36" WC="0.96" CONTENT="för"/><SP WIDTH="23" VPOS="2033" HPOS="820"/>
							<String ID="string_311" HPOS="843" VPOS="2031" WIDTH="203" HEIGHT="39" WC="0.96" CONTENT="riksdagens"/><SP WIDTH="23" VPOS="2031" HPOS="1046"/>
							<String ID="string_312" HPOS="1069" VPOS="2032" WIDTH="81" HEIGHT="29" WC="0.96" CONTENT="verk"/><SP WIDTH="25" VPOS="2032" HPOS="1150"/>
							<String ID="string_313" HPOS="1175" VPOS="2034" WIDTH="88" HEIGHT="26" WC="0.96" CONTENT="samt"/><SP WIDTH="23" VPOS="2034" HPOS="1263"/>
							<String ID="string_314" HPOS="1286" VPOS="2031" WIDTH="56" HEIGHT="29" WC="0.96" CONTENT="det"/><SP WIDTH="24" VPOS="2031" HPOS="1342"/>
							<String ID="string_315" HPOS="1366" VPOS="2040" WIDTH="40" HEIGHT="20" WC="0.96" CONTENT="av"/><SP WIDTH="27" VPOS="2040" HPOS="1406"/>
							<String ID="string_316" HPOS="1433" VPOS="2031" WIDTH="80" HEIGHT="29" WC="0.95" CONTENT="1937"/><SP WIDTH="27" VPOS="2031" HPOS="1513"/>
							<String ID="string_317" HPOS="1540" VPOS="2029" WIDTH="55" HEIGHT="30" WC="0.96" CONTENT="års"/>
						</TextLine>
						<TextLine ID="line_34" HPOS="106" VPOS="2075" WIDTH="1489" HEIGHT="42">
							<String ID="string_318" HPOS="106" VPOS="2079" WIDTH="137" HEIGHT="38" WC="0.96" CONTENT="riksdag"/><SP WIDTH="21" VPOS="2079" HPOS="243"/>
							<String ID="string_319" HPOS="264" VPOS="2082" WIDTH="150" HEIGHT="34" WC="0.91" CONTENT="antagna"/><SP WIDTH="20" VPOS="2082" HPOS="414"/>
							<String ID="string_320" HPOS="434" VPOS="2078" WIDTH="519" HEIGHT="38" WC="0.91" CONTENT="familjepensionsreglementet"/><SP WIDTH="20" VPOS="2078" HPOS="953"/>
							<String ID="string_321" HPOS="973" VPOS="2077" WIDTH="55" HEIGHT="37" WC="0.96" CONTENT="för"/><SP WIDTH="20" VPOS="2077" HPOS="1028"/>
							<String ID="string_322" HPOS="1048" VPOS="2076" WIDTH="202" HEIGHT="38" WC="0.96" CONTENT="riksdagens"/><SP WIDTH="21" VPOS="2076" HPOS="1250"/>
							<String ID="string_323" HPOS="1271" VPOS="2076" WIDTH="91" HEIGHT="30" WC="0.96" CONTENT="verk."/><SP WIDTH="34" VPOS="2076" HPOS="1362"/>
							<String ID="string_324" HPOS="1396" VPOS="2075" WIDTH="106" HEIGHT="30" WC="0.92" CONTENT="Dessa"/><SP WIDTH="21" VPOS="2075" HPOS="1502"/>
							<String ID="string_325" HPOS="1523" VPOS="2083" WIDTH="72" HEIGHT="28" WC="0.92" CONTENT="reg-"/>
						</TextLine>
						<TextLine ID="line_35" HPOS="106" VPOS="2120" WIDTH="1489" HEIGHT="38">
							<String ID="string_326" HPOS="106" VPOS="2125" WIDTH="179" HEIGHT="33" WC="0.91" CONTENT="lementen,"/><SP WIDTH="18" VPOS="2125" HPOS="285"/>
							<String ID="string_327" HPOS="303" VPOS="2124" WIDTH="92" HEIGHT="29" WC="0.96" CONTENT="vilka"/><SP WIDTH="19" VPOS="2124" HPOS="395"/>
							<String ID="string_328" HPOS="414" VPOS="2124" WIDTH="84" HEIGHT="29" WC="0.96" CONTENT="efter"/><SP WIDTH="18" VPOS="2124" HPOS="498"/>
							<String ID="string_329" HPOS="516" VPOS="2123" WIDTH="222" HEIGHT="30" WC="0.96" CONTENT="utfärdandet"/><SP WIDTH="19" VPOS="2123" HPOS="738"/>
							<String ID="string_330" HPOS="757" VPOS="2123" WIDTH="75" HEIGHT="29" WC="0.96" CONTENT="icke"/><SP WIDTH="18" VPOS="2123" HPOS="832"/>
							<String ID="string_331" HPOS="850" VPOS="2122" WIDTH="87" HEIGHT="29" WC="0.96" CONTENT="varit"/><SP WIDTH="17" VPOS="2122" HPOS="937"/>
							<String ID="string_332" HPOS="954" VPOS="2122" WIDTH="254" HEIGHT="29" WC="0.96" CONTENT="underkastade"/><SP WIDTH="18" VPOS="2122" HPOS="1208"/>
							<String ID="string_333" HPOS="1226" VPOS="2120" WIDTH="115" HEIGHT="37" WC="0.96" CONTENT="någon"/><SP WIDTH="19" VPOS="2120" HPOS="1341"/>
							<String ID="string_334" HPOS="1360" VPOS="2120" WIDTH="155" HEIGHT="38" WC="0.96" CONTENT="ändring,"/><SP WIDTH="20" VPOS="2120" HPOS="1515"/>
							<String ID="string_335" HPOS="1535" VPOS="2121" WIDTH="60" HEIGHT="28" WC="0.96" CONTENT="äro"/>
						</TextLine>
						<TextLine ID="line_36" HPOS="105" VPOS="2166" WIDTH="1489" HEIGHT="40">
							<String ID="string_336" HPOS="105" VPOS="2169" WIDTH="191" HEIGHT="37" WC="0.96" CONTENT="uppgjorda"/><SP WIDTH="25" VPOS="2169" HPOS="296"/>
							<String ID="string_337" HPOS="321" VPOS="2169" WIDTH="8" HEIGHT="29" WC="0.96" CONTENT="i"/><SP WIDTH="24" VPOS="2169" HPOS="329"/>
							<String ID="string_338" HPOS="353" VPOS="2169" WIDTH="82" HEIGHT="29" WC="0.96" CONTENT="nära"/><SP WIDTH="24" VPOS="2169" HPOS="435"/>
							<String ID="string_339" HPOS="459" VPOS="2168" WIDTH="209" HEIGHT="38" WC="0.96" CONTENT="anslutning,"/><SP WIDTH="25" VPOS="2168" HPOS="668"/>
							<String ID="string_340" HPOS="693" VPOS="2168" WIDTH="55" HEIGHT="29" WC="0.96" CONTENT="det"/><SP WIDTH="24" VPOS="2168" HPOS="748"/>
							<String ID="string_341" HPOS="772" VPOS="2167" WIDTH="92" HEIGHT="30" WC="0.96" CONTENT="förra"/><SP WIDTH="23" VPOS="2167" HPOS="864"/>
							<String ID="string_342" HPOS="887" VPOS="2167" WIDTH="50" HEIGHT="29" WC="0.95" CONTENT="till"/><SP WIDTH="22" VPOS="2167" HPOS="937"/>
							<String ID="string_343" HPOS="959" VPOS="2166" WIDTH="100" HEIGHT="30" WC="0.93" CONTENT="civila"/><SP WIDTH="25" VPOS="2166" HPOS="1059"/>
							<String ID="string_344" HPOS="1084" VPOS="2166" WIDTH="510" HEIGHT="38" WC="0.88" CONTENT="tjänstepensionsreglementet"/>
						</TextLine>
						<TextLine ID="line_37" HPOS="105" VPOS="2210" WIDTH="1488" HEIGHT="40">
							<String ID="string_345" HPOS="105" VPOS="2215" WIDTH="63" HEIGHT="28" WC="0.96" CONTENT="och"/><SP WIDTH="19" VPOS="2215" HPOS="168"/>
							<String ID="string_346" HPOS="187" VPOS="2215" WIDTH="54" HEIGHT="28" WC="0.96" CONTENT="det"/><SP WIDTH="19" VPOS="2215" HPOS="241"/>
							<String ID="string_347" HPOS="260" VPOS="2223" WIDTH="119" HEIGHT="20" WC="0.96" CONTENT="senare"/><SP WIDTH="17" VPOS="2223" HPOS="379"/>
							<String ID="string_348" HPOS="396" VPOS="2214" WIDTH="49" HEIGHT="29" WC="0.95" CONTENT="till"/><SP WIDTH="18" VPOS="2214" HPOS="445"/>
							<String ID="string_349" HPOS="463" VPOS="2214" WIDTH="176" HEIGHT="28" WC="0.93" CONTENT="allmänna"/><SP WIDTH="21" VPOS="2214" HPOS="639"/>
							<String ID="string_350" HPOS="660" VPOS="2211" WIDTH="527" HEIGHT="39" WC="0.91" CONTENT="familjepensionsreglementet."/><SP WIDTH="32" VPOS="2211" HPOS="1187"/>
							<String ID="string_351" HPOS="1219" VPOS="2211" WIDTH="63" HEIGHT="29" WC="0.96" CONTENT="Det"/><SP WIDTH="17" VPOS="2211" HPOS="1282"/>
							<String ID="string_352" HPOS="1299" VPOS="2211" WIDTH="63" HEIGHT="29" WC="0.93" CONTENT="har"/><SP WIDTH="18" VPOS="2211" HPOS="1362"/>
							<String ID="string_353" HPOS="1380" VPOS="2210" WIDTH="213" HEIGHT="30" WC="0.91" CONTENT="fördenskull"/>
						</TextLine>
						<TextLine ID="line_38" HPOS="105" VPOS="2255" WIDTH="1489" HEIGHT="39">
							<String ID="string_354" HPOS="105" VPOS="2259" WIDTH="83" HEIGHT="28" WC="0.96" CONTENT="varit"/><SP WIDTH="26" VPOS="2259" HPOS="188"/>
							<String ID="string_355" HPOS="214" VPOS="2259" WIDTH="52" HEIGHT="28" WC="0.96" CONTENT="för"/><SP WIDTH="22" VPOS="2259" HPOS="266"/>
							<String ID="string_356" HPOS="288" VPOS="2258" WIDTH="203" HEIGHT="29" WC="0.95" CONTENT="kommittén"/><SP WIDTH="23" VPOS="2258" HPOS="491"/>
							<String ID="string_357" HPOS="514" VPOS="2257" WIDTH="163" HEIGHT="37" WC="0.95" CONTENT="naturligt"/><SP WIDTH="23" VPOS="2257" HPOS="677"/>
							<String ID="string_358" HPOS="700" VPOS="2261" WIDTH="47" HEIGHT="25" WC="0.96" CONTENT="att"/><SP WIDTH="23" VPOS="2261" HPOS="747"/>
							<String ID="string_359" HPOS="770" VPOS="2257" WIDTH="57" HEIGHT="29" WC="0.96" CONTENT="vid"/><SP WIDTH="23" VPOS="2257" HPOS="827"/>
							<String ID="string_360" HPOS="850" VPOS="2257" WIDTH="64" HEIGHT="29" WC="0.96" CONTENT="den"/><SP WIDTH="23" VPOS="2257" HPOS="914"/>
							<String ID="string_361" HPOS="937" VPOS="2256" WIDTH="147" HEIGHT="29" WC="0.96" CONTENT="revision"/><SP WIDTH="23" VPOS="2256" HPOS="1084"/>
							<String ID="string_362" HPOS="1107" VPOS="2265" WIDTH="40" HEIGHT="20" WC="0.93" CONTENT="av"/><SP WIDTH="23" VPOS="2265" HPOS="1147"/>
							<String ID="string_363" HPOS="1170" VPOS="2255" WIDTH="424" HEIGHT="38" WC="0.90" CONTENT="pensionslagstiftningen"/>
						</TextLine>
						<TextLine ID="line_39" HPOS="107" VPOS="2300" WIDTH="1487" HEIGHT="39">
							<String ID="string_364" HPOS="107" VPOS="2304" WIDTH="52" HEIGHT="27" WC="0.96" CONTENT="för"/><SP WIDTH="25" VPOS="2304" HPOS="159"/>
							<String ID="string_365" HPOS="184" VPOS="2302" WIDTH="202" HEIGHT="37" WC="0.96" CONTENT="riksdagens"/><SP WIDTH="24" VPOS="2302" HPOS="386"/>
							<String ID="string_366" HPOS="410" VPOS="2303" WIDTH="92" HEIGHT="31" WC="0.95" CONTENT="verk,"/><SP WIDTH="27" VPOS="2303" HPOS="502"/>
							<String ID="string_367" HPOS="529" VPOS="2311" WIDTH="75" HEIGHT="20" WC="0.95" CONTENT="som"/><SP WIDTH="26" VPOS="2311" HPOS="604"/>
							<String ID="string_368" HPOS="630" VPOS="2301" WIDTH="203" HEIGHT="29" WC="0.96" CONTENT="kommittén"/><SP WIDTH="27" VPOS="2301" HPOS="833"/>
							<String ID="string_369" HPOS="860" VPOS="2301" WIDTH="104" HEIGHT="35" WC="0.95" CONTENT="enligt"/><SP WIDTH="26" VPOS="2301" HPOS="964"/>
							<String ID="string_370" HPOS="990" VPOS="2301" WIDTH="56" HEIGHT="29" WC="0.96" CONTENT="sitt"/><SP WIDTH="26" VPOS="2301" HPOS="1046"/>
							<String ID="string_371" HPOS="1072" VPOS="2300" WIDTH="156" HEIGHT="38" WC="0.96" CONTENT="uppdrag"/><SP WIDTH="26" VPOS="2300" HPOS="1228"/>
							<String ID="string_372" HPOS="1254" VPOS="2300" WIDTH="75" HEIGHT="28" WC="0.96" CONTENT="haft"/><SP WIDTH="26" VPOS="2300" HPOS="1329"/>
							<String ID="string_373" HPOS="1355" VPOS="2303" WIDTH="48" HEIGHT="25" WC="0.93" CONTENT="att"/><SP WIDTH="26" VPOS="2303" HPOS="1403"/>
							<String ID="string_374" HPOS="1429" VPOS="2300" WIDTH="165" HEIGHT="35" WC="0.92" CONTENT="företaga,"/>
						</TextLine>
						<TextLine ID="line_40" HPOS="106" VPOS="2345" WIDTH="1488" HEIGHT="39">
							<String ID="string_375" HPOS="106" VPOS="2347" WIDTH="65" HEIGHT="29" WC="0.96" CONTENT="låta"/><SP WIDTH="28" VPOS="2347" HPOS="171"/>
							<String ID="string_376" HPOS="199" VPOS="2348" WIDTH="82" HEIGHT="28" WC="0.96" CONTENT="1938"/><SP WIDTH="22" VPOS="2348" HPOS="281"/>
							<String ID="string_377" HPOS="303" VPOS="2346" WIDTH="55" HEIGHT="30" WC="0.93" CONTENT="års"/><SP WIDTH="22" VPOS="2346" HPOS="358"/>
							<String ID="string_378" HPOS="380" VPOS="2346" WIDTH="401" HEIGHT="38" WC="0.91" CONTENT="pensionssakkunnigas"/><SP WIDTH="24" VPOS="2346" HPOS="781"/>
							<String ID="string_379" HPOS="805" VPOS="2345" WIDTH="91" HEIGHT="29" WC="0.96" CONTENT="förut"/><SP WIDTH="21" VPOS="2345" HPOS="896"/>
							<String ID="string_380" HPOS="917" VPOS="2345" WIDTH="152" HEIGHT="29" WC="0.96" CONTENT="nämnda"/><SP WIDTH="24" VPOS="2345" HPOS="1069"/>
							<String ID="string_381" HPOS="1093" VPOS="2345" WIDTH="219" HEIGHT="28" WC="0.96" CONTENT="betänkande"/><SP WIDTH="22" VPOS="2345" HPOS="1312"/>
							<String ID="string_382" HPOS="1334" VPOS="2345" WIDTH="162" HEIGHT="28" WC="0.93" CONTENT="ävensom"/><SP WIDTH="23" VPOS="2345" HPOS="1496"/>
							<String ID="string_383" HPOS="1519" VPOS="2352" WIDTH="75" HEIGHT="29" WC="0.87" CONTENT="pro-"/>
						</TextLine>
						<TextLine ID="line_41" HPOS="106" VPOS="2388" WIDTH="1488" HEIGHT="41">
							<String ID="string_384" HPOS="106" VPOS="2391" WIDTH="192" HEIGHT="38" WC="0.92" CONTENT="positionen"/><SP WIDTH="30" VPOS="2391" HPOS="298"/>
							<String ID="string_385" HPOS="328" VPOS="2392" WIDTH="171" HEIGHT="28" WC="0.88" CONTENT="1939:277"/><SP WIDTH="29" VPOS="2392" HPOS="499"/>
							<String ID="string_386" HPOS="528" VPOS="2391" WIDTH="96" HEIGHT="37" WC="0.95" CONTENT="tjäna"/><SP WIDTH="26" VPOS="2391" HPOS="624"/>
							<String ID="string_387" HPOS="650" VPOS="2400" WIDTH="73" HEIGHT="19" WC="0.96" CONTENT="som"/><SP WIDTH="27" VPOS="2400" HPOS="723"/>
							<String ID="string_388" HPOS="750" VPOS="2389" WIDTH="205" HEIGHT="38" WC="0.96" CONTENT="vägledning"/><SP WIDTH="27" VPOS="2389" HPOS="955"/>
							<String ID="string_389" HPOS="982" VPOS="2390" WIDTH="65" HEIGHT="28" WC="0.96" CONTENT="och"/><SP WIDTH="26" VPOS="2390" HPOS="1047"/>
							<String ID="string_390" HPOS="1073" VPOS="2389" WIDTH="156" HEIGHT="29" WC="0.93" CONTENT="förebild."/><SP WIDTH="39" VPOS="2389" HPOS="1229"/>
							<String ID="string_391" HPOS="1268" VPOS="2389" WIDTH="135" HEIGHT="28" WC="0.92" CONTENT="Jämväl"/><SP WIDTH="27" VPOS="2389" HPOS="1403"/>
							<String ID="string_392" HPOS="1430" VPOS="2388" WIDTH="54" HEIGHT="30" WC="0.90" CONTENT="för"/><SP WIDTH="26" VPOS="2388" HPOS="1484"/>
							<String ID="string_393" HPOS="1510" VPOS="2388" WIDTH="84" HEIGHT="29" WC="0.90" CONTENT="riks-"/>
						</TextLine>
						<TextLine ID="line_42" HPOS="107" VPOS="2432" WIDTH="1488" HEIGHT="41">
							<String ID="string_394" HPOS="107" VPOS="2437" WIDTH="127" HEIGHT="35" WC="0.95" CONTENT="dagens"/><SP WIDTH="22" VPOS="2437" HPOS="234"/>
							<String ID="string_395" HPOS="256" VPOS="2437" WIDTH="82" HEIGHT="29" WC="0.95" CONTENT="verk"/><SP WIDTH="22" VPOS="2437" HPOS="338"/>
							<String ID="string_396" HPOS="360" VPOS="2436" WIDTH="103" HEIGHT="37" WC="0.96" CONTENT="gäller"/><SP WIDTH="22" VPOS="2436" HPOS="463"/>
							<String ID="string_397" HPOS="485" VPOS="2435" WIDTH="157" HEIGHT="34" WC="0.96" CONTENT="sålunda,"/><SP WIDTH="23" VPOS="2435" HPOS="642"/>
							<String ID="string_398" HPOS="665" VPOS="2438" WIDTH="47" HEIGHT="26" WC="0.96" CONTENT="att"/><SP WIDTH="22" VPOS="2438" HPOS="712"/>
							<String ID="string_399" HPOS="734" VPOS="2435" WIDTH="42" HEIGHT="29" WC="0.96" CONTENT="de"/><SP WIDTH="20" VPOS="2435" HPOS="776"/>
							<String ID="string_400" HPOS="796" VPOS="2444" WIDTH="47" HEIGHT="20" WC="0.96" CONTENT="nu"/><SP WIDTH="23" VPOS="2444" HPOS="843"/>
							<String ID="string_401" HPOS="866" VPOS="2434" WIDTH="193" HEIGHT="36" WC="0.96" CONTENT="föreslagna"/><SP WIDTH="23" VPOS="2434" HPOS="1059"/>
							<String ID="string_402" HPOS="1082" VPOS="2433" WIDTH="233" HEIGHT="36" WC="0.96" CONTENT="ändringarna"/><SP WIDTH="23" VPOS="2433" HPOS="1315"/>
							<String ID="string_403" HPOS="1338" VPOS="2433" WIDTH="8" HEIGHT="29" WC="0.93" CONTENT="i"/><SP WIDTH="24" VPOS="2433" HPOS="1346"/>
							<String ID="string_404" HPOS="1370" VPOS="2432" WIDTH="137" HEIGHT="38" WC="0.90" CONTENT="tjänste-"/><SP WIDTH="23" VPOS="2432" HPOS="1507"/>
							<String ID="string_405" HPOS="1530" VPOS="2434" WIDTH="65" HEIGHT="27" WC="0.96" CONTENT="och"/>
						</TextLine>
						<TextLine ID="line_43" HPOS="110" VPOS="2476" WIDTH="1483" HEIGHT="44">
							<String ID="string_406" HPOS="110" VPOS="2481" WIDTH="549" HEIGHT="39" WC="0.91" CONTENT="familjepensionsreglementena"/><SP WIDTH="31" VPOS="2481" HPOS="659"/>
							<String ID="string_407" HPOS="690" VPOS="2480" WIDTH="211" HEIGHT="37" WC="0.92" CONTENT="väsentligen"/><SP WIDTH="31" VPOS="2480" HPOS="901"/>
							<String ID="string_408" HPOS="932" VPOS="2480" WIDTH="199" HEIGHT="28" WC="0.92" CONTENT="inskränkts"/><SP WIDTH="31" VPOS="2480" HPOS="1131"/>
							<String ID="string_409" HPOS="1162" VPOS="2479" WIDTH="47" HEIGHT="28" WC="0.95" CONTENT="till"/><SP WIDTH="30" VPOS="2479" HPOS="1209"/>
							<String ID="string_410" HPOS="1239" VPOS="2482" WIDTH="45" HEIGHT="26" WC="0.96" CONTENT="att"/><SP WIDTH="32" VPOS="2482" HPOS="1284"/>
							<String ID="string_411" HPOS="1316" VPOS="2487" WIDTH="79" HEIGHT="20" WC="0.96" CONTENT="avse"/><SP WIDTH="30" VPOS="2487" HPOS="1395"/>
							<String ID="string_412" HPOS="1425" VPOS="2476" WIDTH="168" HEIGHT="39" WC="0.96" CONTENT="spörsmål"/>
						</TextLine>
					</TextBlock>
				</ComposedBlock>
			</PrintSpace>
		</Page>
	</Layout>
</alto>
