<?xml version="1.0" encoding="UTF-8"?>
<alto xmlns="http://www.loc.gov/standards/alto/ns-v3#" xmlns:xlink="http://www.w3.org/1999/xlink" xmlns:xsi="http://www.w3.org/2001/XMLSchema-instance" xsi:schemaLocation="http://www.loc.gov/standards/alto/ns-v3# http://www.loc.gov/alto/v3/alto-3-0.xsd">
	<Description>
		<MeasurementUnit>pixel</MeasurementUnit>
		<sourceImageInformation>
			<fileName>/tmp/tess_zc17g93s_input.PNG</fileName>
		</sourceImageInformation>
		<OCRProcessing ID="OCR_0">
			<ocrProcessingStep>
				<processingSoftware>
					<softwareName>tesseract 5.3.0</softwareName>
				</processingSoftware>
			</ocrProcessingStep>
		</OCRProcessing>
	</Description>
	<Layout>
		<Page WIDTH="1850" HEIGHT="2790" PHYSICAL_IMG_NR="0" ID="page_0">
			<PrintSpace HPOS="0" VPOS="0" WIDTH="1850" HEIGHT="2790">
				<ComposedBlock ID="cblock_0" HPOS="274" VPOS="150" WIDTH="1109" HEIGHT="41">
					<TextBlock ID="block_0" HPOS="274" VPOS="150" WIDTH="1109" HEIGHT="41">
						<TextLine ID="line_0" HPOS="274" VPOS="150" WIDTH="1109" HEIGHT="41">
							<String ID="string_0" HPOS="274" VPOS="150" WIDTH="40" HEIGHT="29" WC="0.96" CONTENT="40"/><SP WIDTH="351" VPOS="150" HPOS="314"/>
							<String ID="string_1" HPOS="665" VPOS="152" WIDTH="121" HEIGHT="39" WC="0.93" CONTENT="Tredje"/><SP WIDTH="26" VPOS="152" HPOS="786"/>
							<String ID="string_2" HPOS="812" VPOS="153" WIDTH="245" HEIGHT="38" WC="0.90" CONTENT="lagutskottets"/><SP WIDTH="26" VPOS="153" HPOS="1057"/>
							<String ID="string_3" HPOS="1083" VPOS="154" WIDTH="179" HEIGHT="30" WC="0.96" CONTENT="utlåtande"/><SP WIDTH="25" VPOS="154" HPOS="1262"/>
							<String ID="string_4" HPOS="1287" VPOS="165" WIDTH="42" HEIGHT="19" WC="0.96" CONTENT="nr"/><SP WIDTH="25" VPOS="165" HPOS="1329"/>
							<String ID="string_5" HPOS="1354" VPOS="156" WIDTH="29" HEIGHT="28" WC="0.96" CONTENT="2."/>
						</TextLine>
					</TextBlock>
				</ComposedBlock>
				<ComposedBlock ID="cblock_1" HPOS="265" VPOS="233" WIDTH="1506" HEIGHT="1094">
					<TextBlock ID="block_1" HPOS="265" VPOS="233" WIDTH="1506" HEIGHT="1094">
						<TextLine ID="line_1" HPOS="272" VPOS="233" WIDTH="1498" HEIGHT="45">
							<String ID="string_6" HPOS="272" VPOS="233" WIDTH="96" HEIGHT="31" WC="0.96" CONTENT="finns"/><SP WIDTH="21" VPOS="233" HPOS="368"/>
							<String ID="string_7" HPOS="389" VPOS="234" WIDTH="104" HEIGHT="40" WC="0.96" CONTENT="något"/><SP WIDTH="19" VPOS="234" HPOS="493"/>
							<String ID="string_8" HPOS="512" VPOS="235" WIDTH="182" HEIGHT="30" WC="0.96" CONTENT="uttalande"/><SP WIDTH="20" VPOS="235" HPOS="694"/>
							<String ID="string_9" HPOS="714" VPOS="236" WIDTH="120" HEIGHT="29" WC="0.96" CONTENT="därom"/><SP WIDTH="20" VPOS="236" HPOS="834"/>
							<String ID="string_10" HPOS="854" VPOS="236" WIDTH="11" HEIGHT="29" WC="0.96" CONTENT="i"/><SP WIDTH="21" VPOS="236" HPOS="865"/>
							<String ID="string_11" HPOS="886" VPOS="237" WIDTH="162" HEIGHT="30" WC="0.96" CONTENT="motiven."/><SP WIDTH="21" VPOS="237" HPOS="1048"/>
							<String ID="string_12" HPOS="1069" VPOS="237" WIDTH="246" HEIGHT="41" WC="0.96" CONTENT="Övervägande"/><SP WIDTH="21" VPOS="237" HPOS="1315"/>
							<String ID="string_13" HPOS="1336" VPOS="239" WIDTH="77" HEIGHT="30" WC="0.96" CONTENT="skäl"/><SP WIDTH="20" VPOS="239" HPOS="1413"/>
							<String ID="string_14" HPOS="1433" VPOS="240" WIDTH="68" HEIGHT="29" WC="0.96" CONTENT="tala"/><SP WIDTH="21" VPOS="240" HPOS="1501"/>
							<String ID="string_15" HPOS="1522" VPOS="241" WIDTH="55" HEIGHT="29" WC="0.96" CONTENT="för"/><SP WIDTH="22" VPOS="241" HPOS="1577"/>
							<String ID="string_16" HPOS="1599" VPOS="240" WIDTH="58" HEIGHT="30" WC="0.96" CONTENT="det"/><SP WIDTH="20" VPOS="240" HPOS="1657"/>
							<String ID="string_17" HPOS="1677" VPOS="241" WIDTH="93" HEIGHT="29" WC="0.96" CONTENT="förra"/>
						</TextLine>
						<TextLine ID="line_2" HPOS="273" VPOS="284" WIDTH="1498" HEIGHT="41">
							<String ID="string_18" HPOS="273" VPOS="284" WIDTH="230" HEIGHT="30" WC="0.96" CONTENT="alternativet."/><SP WIDTH="29" VPOS="284" HPOS="503"/>
							<String ID="string_19" HPOS="532" VPOS="285" WIDTH="67" HEIGHT="30" WC="0.95" CONTENT="Om"/><SP WIDTH="29" VPOS="285" HPOS="599"/>
							<String ID="string_20" HPOS="628" VPOS="285" WIDTH="166" HEIGHT="40" WC="0.95" CONTENT="förslaget"/><SP WIDTH="27" VPOS="285" HPOS="794"/>
							<String ID="string_21" HPOS="821" VPOS="286" WIDTH="146" HEIGHT="31" WC="0.96" CONTENT="innebär"/><SP WIDTH="28" VPOS="286" HPOS="967"/>
							<String ID="string_22" HPOS="995" VPOS="289" WIDTH="50" HEIGHT="28" WC="0.93" CONTENT="att"/><SP WIDTH="28" VPOS="289" HPOS="1045"/>
							<String ID="string_23" HPOS="1073" VPOS="289" WIDTH="292" HEIGHT="30" WC="0.91" CONTENT="arrendatorerna"/><SP WIDTH="28" VPOS="289" HPOS="1365"/>
							<String ID="string_24" HPOS="1393" VPOS="292" WIDTH="96" HEIGHT="27" WC="0.96" CONTENT="utom"/><SP WIDTH="29" VPOS="292" HPOS="1489"/>
							<String ID="string_25" HPOS="1518" VPOS="289" WIDTH="10" HEIGHT="30" WC="0.96" CONTENT="i"/><SP WIDTH="30" VPOS="289" HPOS="1528"/>
							<String ID="string_26" HPOS="1558" VPOS="291" WIDTH="41" HEIGHT="29" WC="0.95" CONTENT="de"/><SP WIDTH="30" VPOS="291" HPOS="1599"/>
							<String ID="string_27" HPOS="1629" VPOS="290" WIDTH="142" HEIGHT="30" WC="0.95" CONTENT="särskilt"/>
						</TextLine>
						<TextLine ID="line_3" HPOS="272" VPOS="334" WIDTH="1499" HEIGHT="40">
							<String ID="string_28" HPOS="272" VPOS="334" WIDTH="151" HEIGHT="39" WC="0.93" CONTENT="angivna"/><SP WIDTH="25" VPOS="334" HPOS="423"/>
							<String ID="string_29" HPOS="448" VPOS="335" WIDTH="308" HEIGHT="39" WC="0.91" CONTENT="undantagsfallen"/><SP WIDTH="26" VPOS="335" HPOS="756"/>
							<String ID="string_30" HPOS="782" VPOS="336" WIDTH="99" HEIGHT="31" WC="0.96" CONTENT="skola"/><SP WIDTH="24" VPOS="336" HPOS="881"/>
							<String ID="string_31" HPOS="905" VPOS="345" WIDTH="83" HEIGHT="23" WC="0.96" CONTENT="vara"/><SP WIDTH="24" VPOS="345" HPOS="988"/>
							<String ID="string_32" HPOS="1012" VPOS="338" WIDTH="72" HEIGHT="29" WC="0.96" CONTENT="helt"/><SP WIDTH="26" VPOS="338" HPOS="1084"/>
							<String ID="string_33" HPOS="1110" VPOS="338" WIDTH="66" HEIGHT="30" WC="0.96" CONTENT="och"/><SP WIDTH="24" VPOS="338" HPOS="1176"/>
							<String ID="string_34" HPOS="1200" VPOS="339" WIDTH="80" HEIGHT="30" WC="0.93" CONTENT="fullt"/><SP WIDTH="24" VPOS="339" HPOS="1280"/>
							<String ID="string_35" HPOS="1304" VPOS="339" WIDTH="199" HEIGHT="31" WC="0.91" CONTENT="bibehållna"/><SP WIDTH="24" VPOS="339" HPOS="1503"/>
							<String ID="string_36" HPOS="1527" VPOS="340" WIDTH="58" HEIGHT="31" WC="0.96" CONTENT="vid"/><SP WIDTH="25" VPOS="340" HPOS="1585"/>
							<String ID="string_37" HPOS="1610" VPOS="341" WIDTH="67" HEIGHT="30" WC="0.90" CONTENT="den"/><SP WIDTH="26" VPOS="341" HPOS="1677"/>
							<String ID="string_38" HPOS="1703" VPOS="341" WIDTH="68" HEIGHT="30" WC="0.90" CONTENT="för-"/>
						</TextLine>
						<TextLine ID="line_4" HPOS="272" VPOS="384" WIDTH="1496" HEIGHT="47">
							<String ID="string_39" HPOS="272" VPOS="384" WIDTH="171" HEIGHT="40" WC="0.92" CONTENT="köpsrätt,"/><SP WIDTH="28" VPOS="384" HPOS="443"/>
							<String ID="string_40" HPOS="471" VPOS="394" WIDTH="73" HEIGHT="20" WC="0.93" CONTENT="som"/><SP WIDTH="29" VPOS="394" HPOS="544"/>
							<String ID="string_41" HPOS="573" VPOS="385" WIDTH="251" HEIGHT="31" WC="0.91" CONTENT="tillförsäkrats"/><SP WIDTH="28" VPOS="385" HPOS="824"/>
							<String ID="string_42" HPOS="852" VPOS="387" WIDTH="79" HEIGHT="30" WC="0.96" CONTENT="dem"/><SP WIDTH="27" VPOS="387" HPOS="931"/>
							<String ID="string_43" HPOS="958" VPOS="395" WIDTH="123" HEIGHT="32" WC="0.96" CONTENT="genom"/><SP WIDTH="30" VPOS="395" HPOS="1081"/>
							<String ID="string_44" HPOS="1111" VPOS="388" WIDTH="83" HEIGHT="30" WC="0.96" CONTENT="1943"/><SP WIDTH="28" VPOS="388" HPOS="1194"/>
							<String ID="string_45" HPOS="1222" VPOS="388" WIDTH="55" HEIGHT="32" WC="0.96" CONTENT="års"/><SP WIDTH="29" VPOS="388" HPOS="1277"/>
							<String ID="string_46" HPOS="1306" VPOS="390" WIDTH="229" HEIGHT="39" WC="0.96" CONTENT="lagstiftning,"/><SP WIDTH="28" VPOS="390" HPOS="1535"/>
							<String ID="string_47" HPOS="1563" VPOS="391" WIDTH="99" HEIGHT="30" WC="0.93" CONTENT="torde"/><SP WIDTH="26" VPOS="391" HPOS="1662"/>
							<String ID="string_48" HPOS="1688" VPOS="392" WIDTH="80" HEIGHT="39" WC="0.93" CONTENT="näp-"/>
						</TextLine>
						<TextLine ID="line_5" HPOS="272" VPOS="434" WIDTH="1498" HEIGHT="41">
							<String ID="string_49" HPOS="272" VPOS="434" WIDTH="137" HEIGHT="40" WC="0.92" CONTENT="peligen"/><SP WIDTH="26" VPOS="434" HPOS="409"/>
							<String ID="string_50" HPOS="435" VPOS="435" WIDTH="121" HEIGHT="30" WC="0.93" CONTENT="kunna"/><SP WIDTH="27" VPOS="435" HPOS="556"/>
							<String ID="string_51" HPOS="583" VPOS="435" WIDTH="257" HEIGHT="40" WC="0.90" CONTENT="ifrågakomma"/><SP WIDTH="28" VPOS="435" HPOS="840"/>
							<String ID="string_52" HPOS="868" VPOS="439" WIDTH="51" HEIGHT="28" WC="0.96" CONTENT="att"/><SP WIDTH="26" VPOS="439" HPOS="919"/>
							<String ID="string_53" HPOS="945" VPOS="437" WIDTH="58" HEIGHT="31" WC="0.96" CONTENT="vid"/><SP WIDTH="27" VPOS="437" HPOS="1003"/>
							<String ID="string_54" HPOS="1030" VPOS="438" WIDTH="222" HEIGHT="31" WC="0.96" CONTENT="konkurrens"/><SP WIDTH="27" VPOS="438" HPOS="1252"/>
							<String ID="string_55" HPOS="1279" VPOS="440" WIDTH="130" HEIGHT="30" WC="0.95" CONTENT="mellan"/><SP WIDTH="27" VPOS="440" HPOS="1409"/>
							<String ID="string_56" HPOS="1436" VPOS="441" WIDTH="77" HEIGHT="29" WC="0.96" CONTENT="dem"/><SP WIDTH="29" VPOS="441" HPOS="1513"/>
							<String ID="string_57" HPOS="1542" VPOS="441" WIDTH="64" HEIGHT="29" WC="0.96" CONTENT="och"/><SP WIDTH="29" VPOS="441" HPOS="1606"/>
							<String ID="string_58" HPOS="1635" VPOS="441" WIDTH="135" HEIGHT="30" WC="0.96" CONTENT="kronan"/>
						</TextLine>
						<TextLine ID="line_6" HPOS="272" VPOS="484" WIDTH="1498" HEIGHT="47">
							<String ID="string_59" HPOS="272" VPOS="484" WIDTH="70" HEIGHT="31" WC="0.96" CONTENT="låta"/><SP WIDTH="26" VPOS="484" HPOS="342"/>
							<String ID="string_60" HPOS="368" VPOS="485" WIDTH="42" HEIGHT="30" WC="0.96" CONTENT="de"/><SP WIDTH="27" VPOS="485" HPOS="410"/>
							<String ID="string_61" HPOS="437" VPOS="493" WIDTH="116" HEIGHT="31" WC="0.96" CONTENT="organ,"/><SP WIDTH="30" VPOS="493" HPOS="553"/>
							<String ID="string_62" HPOS="583" VPOS="494" WIDTH="76" HEIGHT="22" WC="0.96" CONTENT="som"/><SP WIDTH="26" VPOS="494" HPOS="659"/>
							<String ID="string_63" HPOS="685" VPOS="486" WIDTH="140" HEIGHT="31" WC="0.96" CONTENT="handha"/><SP WIDTH="27" VPOS="486" HPOS="825"/>
							<String ID="string_64" HPOS="852" VPOS="488" WIDTH="191" HEIGHT="30" WC="0.96" CONTENT="utövandet"/><SP WIDTH="26" VPOS="488" HPOS="1043"/>
							<String ID="string_65" HPOS="1069" VPOS="498" WIDTH="43" HEIGHT="21" WC="0.96" CONTENT="av"/><SP WIDTH="26" VPOS="498" HPOS="1112"/>
							<String ID="string_66" HPOS="1138" VPOS="489" WIDTH="154" HEIGHT="30" WC="0.92" CONTENT="kronans"/><SP WIDTH="28" VPOS="489" HPOS="1292"/>
							<String ID="string_67" HPOS="1320" VPOS="490" WIDTH="226" HEIGHT="40" WC="0.90" CONTENT="förköpsrätt,"/><SP WIDTH="29" VPOS="490" HPOS="1546"/>
							<String ID="string_68" HPOS="1575" VPOS="491" WIDTH="113" HEIGHT="40" WC="0.93" CONTENT="själva"/><SP WIDTH="26" VPOS="491" HPOS="1688"/>
							<String ID="string_69" HPOS="1714" VPOS="501" WIDTH="56" HEIGHT="21" WC="0.92" CONTENT="av-"/>
						</TextLine>
						<TextLine ID="line_7" HPOS="272" VPOS="535" WIDTH="1498" HEIGHT="43">
							<String ID="string_70" HPOS="272" VPOS="535" WIDTH="91" HEIGHT="38" WC="0.96" CONTENT="göra,"/><SP WIDTH="31" VPOS="535" HPOS="363"/>
							<String ID="string_71" HPOS="394" VPOS="544" WIDTH="58" HEIGHT="20" WC="0.95" CONTENT="om"/><SP WIDTH="29" VPOS="544" HPOS="452"/>
							<String ID="string_72" HPOS="481" VPOS="535" WIDTH="112" HEIGHT="40" WC="0.95" CONTENT="dylikt"/><SP WIDTH="29" VPOS="535" HPOS="593"/>
							<String ID="string_73" HPOS="622" VPOS="536" WIDTH="262" HEIGHT="40" WC="0.95" CONTENT="undantagsfall"/><SP WIDTH="30" VPOS="536" HPOS="884"/>
							<String ID="string_74" HPOS="914" VPOS="537" WIDTH="194" HEIGHT="41" WC="0.96" CONTENT="föreligger."/><SP WIDTH="31" VPOS="537" HPOS="1108"/>
							<String ID="string_75" HPOS="1139" VPOS="538" WIDTH="125" HEIGHT="31" WC="0.96" CONTENT="Vidare"/><SP WIDTH="29" VPOS="538" HPOS="1264"/>
							<String ID="string_76" HPOS="1293" VPOS="540" WIDTH="59" HEIGHT="30" WC="0.96" CONTENT="må"/><SP WIDTH="29" VPOS="540" HPOS="1352"/>
							<String ID="string_77" HPOS="1381" VPOS="541" WIDTH="216" HEIGHT="34" WC="0.57" CONTENT="framhållas,"/><SP WIDTH="31" VPOS="541" HPOS="1597"/>
							<String ID="string_78" HPOS="1628" VPOS="543" WIDTH="51" HEIGHT="29" WC="0.96" CONTENT="att"/><SP WIDTH="27" VPOS="543" HPOS="1679"/>
							<String ID="string_79" HPOS="1706" VPOS="542" WIDTH="64" HEIGHT="30" WC="0.96" CONTENT="här"/>
						</TextLine>
						<TextLine ID="line_8" HPOS="269" VPOS="584" WIDTH="1501" HEIGHT="47">
							<String ID="string_80" HPOS="269" VPOS="584" WIDTH="86" HEIGHT="35" WC="0.96" CONTENT="icke,"/><SP WIDTH="29" VPOS="584" HPOS="355"/>
							<String ID="string_81" HPOS="384" VPOS="585" WIDTH="116" HEIGHT="30" WC="0.96" CONTENT="såsom"/><SP WIDTH="25" VPOS="585" HPOS="500"/>
							<String ID="string_82" HPOS="525" VPOS="587" WIDTH="65" HEIGHT="29" WC="0.96" CONTENT="när"/><SP WIDTH="25" VPOS="587" HPOS="590"/>
							<String ID="string_83" HPOS="615" VPOS="587" WIDTH="58" HEIGHT="29" WC="0.96" CONTENT="det"/><SP WIDTH="25" VPOS="587" HPOS="673"/>
							<String ID="string_84" HPOS="698" VPOS="587" WIDTH="105" HEIGHT="39" WC="0.96" CONTENT="gäller"/><SP WIDTH="25" VPOS="587" HPOS="803"/>
							<String ID="string_85" HPOS="828" VPOS="587" WIDTH="184" HEIGHT="40" WC="0.93" CONTENT="fastighets"/><SP WIDTH="25" VPOS="587" HPOS="1012"/>
							<String ID="string_86" HPOS="1037" VPOS="589" WIDTH="220" HEIGHT="40" WC="0.92" CONTENT="behövlighet"/><SP WIDTH="25" VPOS="589" HPOS="1257"/>
							<String ID="string_87" HPOS="1282" VPOS="591" WIDTH="55" HEIGHT="29" WC="0.93" CONTENT="för"/><SP WIDTH="25" VPOS="591" HPOS="1337"/>
							<String ID="string_88" HPOS="1362" VPOS="590" WIDTH="408" HEIGHT="41" WC="0.92" CONTENT="rationaliseringsända-"/>
						</TextLine>
						<TextLine ID="line_9" HPOS="269" VPOS="634" WIDTH="1501" HEIGHT="46">
							<String ID="string_89" HPOS="269" VPOS="634" WIDTH="80" HEIGHT="35" WC="0.96" CONTENT="mål,"/><SP WIDTH="26" VPOS="634" HPOS="349"/>
							<String ID="string_90" HPOS="375" VPOS="635" WIDTH="72" HEIGHT="30" WC="0.96" CONTENT="kan"/><SP WIDTH="23" VPOS="635" HPOS="447"/>
							<String ID="string_91" HPOS="470" VPOS="636" WIDTH="47" HEIGHT="29" WC="0.95" CONTENT="bli"/><SP WIDTH="23" VPOS="636" HPOS="517"/>
							<String ID="string_92" HPOS="540" VPOS="636" WIDTH="101" HEIGHT="39" WC="0.96" CONTENT="fråga"/><SP WIDTH="25" VPOS="636" HPOS="641"/>
							<String ID="string_93" HPOS="666" VPOS="645" WIDTH="56" HEIGHT="21" WC="0.92" CONTENT="om"/><SP WIDTH="25" VPOS="645" HPOS="722"/>
							<String ID="string_94" HPOS="747" VPOS="637" WIDTH="398" HEIGHT="41" WC="0.90" CONTENT="avvägningsspörsmål,"/><SP WIDTH="26" VPOS="637" HPOS="1145"/>
							<String ID="string_95" HPOS="1171" VPOS="649" WIDTH="74" HEIGHT="21" WC="0.96" CONTENT="som"/><SP WIDTH="25" VPOS="649" HPOS="1245"/>
							<String ID="string_96" HPOS="1270" VPOS="640" WIDTH="173" HEIGHT="40" WC="0.96" CONTENT="svårligen"/><SP WIDTH="23" VPOS="640" HPOS="1443"/>
							<String ID="string_97" HPOS="1466" VPOS="641" WIDTH="121" HEIGHT="31" WC="0.96" CONTENT="kunna"/><SP WIDTH="25" VPOS="641" HPOS="1587"/>
							<String ID="string_98" HPOS="1612" VPOS="643" WIDTH="91" HEIGHT="30" WC="0.96" CONTENT="lösas"/><SP WIDTH="25" VPOS="643" HPOS="1703"/>
							<String ID="string_99" HPOS="1728" VPOS="652" WIDTH="42" HEIGHT="21" WC="0.96" CONTENT="av"/>
						</TextLine>
						<TextLine ID="line_10" HPOS="270" VPOS="686" WIDTH="1498" HEIGHT="45">
							<String ID="string_100" HPOS="270" VPOS="686" WIDTH="110" HEIGHT="29" WC="0.96" CONTENT="andra"/><SP WIDTH="27" VPOS="686" HPOS="380"/>
							<String ID="string_101" HPOS="407" VPOS="687" WIDTH="45" HEIGHT="28" WC="0.96" CONTENT="än"/><SP WIDTH="26" VPOS="687" HPOS="452"/>
							<String ID="string_102" HPOS="478" VPOS="687" WIDTH="40" HEIGHT="29" WC="0.96" CONTENT="de"/><SP WIDTH="27" VPOS="687" HPOS="518"/>
							<String ID="string_103" HPOS="545" VPOS="694" WIDTH="119" HEIGHT="32" WC="0.95" CONTENT="organ,"/><SP WIDTH="28" VPOS="694" HPOS="664"/>
							<String ID="string_104" HPOS="692" VPOS="696" WIDTH="74" HEIGHT="21" WC="0.96" CONTENT="som"/><SP WIDTH="26" VPOS="696" HPOS="766"/>
							<String ID="string_105" HPOS="792" VPOS="687" WIDTH="46" HEIGHT="30" WC="0.95" CONTENT="ha"/><SP WIDTH="27" VPOS="687" HPOS="838"/>
							<String ID="string_106" HPOS="865" VPOS="690" WIDTH="51" HEIGHT="28" WC="0.95" CONTENT="att"/><SP WIDTH="26" VPOS="690" HPOS="916"/>
							<String ID="string_107" HPOS="942" VPOS="688" WIDTH="135" HEIGHT="31" WC="0.95" CONTENT="besluta"/><SP WIDTH="28" VPOS="688" HPOS="1077"/>
							<String ID="string_108" HPOS="1105" VPOS="698" WIDTH="57" HEIGHT="21" WC="0.87" CONTENT="om"/><SP WIDTH="27" VPOS="698" HPOS="1162"/>
							<String ID="string_109" HPOS="1189" VPOS="690" WIDTH="579" HEIGHT="41" WC="0.87" CONTENT="rationaliseringsverksamheten."/>
						</TextLine>
						<TextLine ID="line_11" HPOS="269" VPOS="734" WIDTH="1500" HEIGHT="41">
							<String ID="string_110" HPOS="269" VPOS="734" WIDTH="63" HEIGHT="31" WC="0.95" CONTENT="Det"/><SP WIDTH="24" VPOS="734" HPOS="332"/>
							<String ID="string_111" HPOS="356" VPOS="736" WIDTH="108" HEIGHT="39" WC="0.95" CONTENT="gäller"/><SP WIDTH="23" VPOS="736" HPOS="464"/>
							<String ID="string_112" HPOS="487" VPOS="738" WIDTH="50" HEIGHT="28" WC="0.97" CONTENT="att"/><SP WIDTH="23" VPOS="738" HPOS="537"/>
							<String ID="string_113" HPOS="560" VPOS="736" WIDTH="203" HEIGHT="31" WC="0.96" CONTENT="konstatera"/><SP WIDTH="23" VPOS="736" HPOS="763"/>
							<String ID="string_114" HPOS="786" VPOS="737" WIDTH="175" HEIGHT="31" WC="0.95" CONTENT="huruvida"/><SP WIDTH="23" VPOS="737" HPOS="961"/>
							<String ID="string_115" HPOS="984" VPOS="739" WIDTH="91" HEIGHT="30" WC="0.95" CONTENT="vissa"/><SP WIDTH="24" VPOS="739" HPOS="1075"/>
							<String ID="string_116" HPOS="1099" VPOS="739" WIDTH="246" HEIGHT="32" WC="0.96" CONTENT="förhållanden"/><SP WIDTH="23" VPOS="739" HPOS="1345"/>
							<String ID="string_117" HPOS="1368" VPOS="751" WIDTH="42" HEIGHT="20" WC="0.96" CONTENT="av"/><SP WIDTH="23" VPOS="751" HPOS="1410"/>
							<String ID="string_118" HPOS="1433" VPOS="742" WIDTH="134" HEIGHT="30" WC="0.96" CONTENT="faktisk"/><SP WIDTH="23" VPOS="742" HPOS="1567"/>
							<String ID="string_119" HPOS="1590" VPOS="744" WIDTH="106" HEIGHT="29" WC="0.92" CONTENT="natur"/><SP WIDTH="23" VPOS="744" HPOS="1696"/>
							<String ID="string_120" HPOS="1719" VPOS="743" WIDTH="50" HEIGHT="30" WC="0.92" CONTENT="fö-"/>
						</TextLine>
						<TextLine ID="line_12" HPOS="270" VPOS="785" WIDTH="1498" HEIGHT="48">
							<String ID="string_121" HPOS="270" VPOS="785" WIDTH="130" HEIGHT="40" WC="0.91" CONTENT="religga"/><SP WIDTH="31" VPOS="785" HPOS="400"/>
							<String ID="string_122" HPOS="431" VPOS="786" WIDTH="81" HEIGHT="30" WC="0.96" CONTENT="eller"/><SP WIDTH="28" VPOS="786" HPOS="512"/>
							<String ID="string_123" HPOS="540" VPOS="787" WIDTH="44" HEIGHT="39" WC="0.95" CONTENT="ej."/><SP WIDTH="30" VPOS="787" HPOS="584"/>
							<String ID="string_124" HPOS="614" VPOS="787" WIDTH="111" HEIGHT="31" WC="0.96" CONTENT="Dessa"/><SP WIDTH="28" VPOS="787" HPOS="725"/>
							<String ID="string_125" HPOS="753" VPOS="787" WIDTH="245" HEIGHT="32" WC="0.96" CONTENT="förhållanden"/><SP WIDTH="28" VPOS="787" HPOS="998"/>
							<String ID="string_126" HPOS="1026" VPOS="790" WIDTH="61" HEIGHT="29" WC="0.96" CONTENT="äro"/><SP WIDTH="29" VPOS="790" HPOS="1087"/>
							<String ID="string_127" HPOS="1116" VPOS="799" WIDTH="43" HEIGHT="21" WC="0.96" CONTENT="av"/><SP WIDTH="29" VPOS="799" HPOS="1159"/>
							<String ID="string_128" HPOS="1188" VPOS="791" WIDTH="65" HEIGHT="30" WC="0.96" CONTENT="den"/><SP WIDTH="30" VPOS="791" HPOS="1253"/>
							<String ID="string_129" HPOS="1283" VPOS="793" WIDTH="63" HEIGHT="33" WC="0.96" CONTENT="art,"/><SP WIDTH="30" VPOS="793" HPOS="1346"/>
							<String ID="string_130" HPOS="1376" VPOS="793" WIDTH="51" HEIGHT="29" WC="0.96" CONTENT="att"/><SP WIDTH="29" VPOS="793" HPOS="1427"/>
							<String ID="string_131" HPOS="1456" VPOS="792" WIDTH="166" HEIGHT="31" WC="0.95" CONTENT="liknande"/><SP WIDTH="29" VPOS="792" HPOS="1622"/>
							<String ID="string_132" HPOS="1651" VPOS="793" WIDTH="117" HEIGHT="40" WC="0.96" CONTENT="frågor"/>
						</TextLine>
						<TextLine ID="line_13" HPOS="269" VPOS="835" WIDTH="1499" HEIGHT="48">
							<String ID="string_133" HPOS="269" VPOS="835" WIDTH="121" HEIGHT="31" WC="0.96" CONTENT="kunna"/><SP WIDTH="29" VPOS="835" HPOS="390"/>
							<String ID="string_134" HPOS="419" VPOS="837" WIDTH="95" HEIGHT="30" WC="0.96" CONTENT="möta"/><SP WIDTH="28" VPOS="837" HPOS="514"/>
							<String ID="string_135" HPOS="542" VPOS="836" WIDTH="59" HEIGHT="31" WC="0.96" CONTENT="vid"/><SP WIDTH="30" VPOS="836" HPOS="601"/>
							<String ID="string_136" HPOS="631" VPOS="837" WIDTH="170" HEIGHT="40" WC="0.96" CONTENT="prövning"/><SP WIDTH="28" VPOS="837" HPOS="801"/>
							<String ID="string_137" HPOS="829" VPOS="838" WIDTH="176" HEIGHT="31" WC="0.96" CONTENT="huruvida"/><SP WIDTH="28" VPOS="838" HPOS="1005"/>
							<String ID="string_138" HPOS="1033" VPOS="840" WIDTH="67" HEIGHT="30" WC="0.96" CONTENT="den"/><SP WIDTH="30" VPOS="840" HPOS="1100"/>
							<String ID="string_139" HPOS="1130" VPOS="840" WIDTH="128" HEIGHT="31" WC="0.93" CONTENT="sociala"/><SP WIDTH="28" VPOS="840" HPOS="1258"/>
							<String ID="string_140" HPOS="1286" VPOS="842" WIDTH="416" HEIGHT="41" WC="0.91" CONTENT="arrendelagstiftningen"/><SP WIDTH="28" VPOS="842" HPOS="1702"/>
							<String ID="string_141" HPOS="1730" VPOS="845" WIDTH="38" HEIGHT="29" WC="0.95" CONTENT="är"/>
						</TextLine>
						<TextLine ID="line_14" HPOS="268" VPOS="885" WIDTH="1501" HEIGHT="47">
							<String ID="string_142" HPOS="268" VPOS="885" WIDTH="195" HEIGHT="41" WC="0.95" CONTENT="tillämplig."/><SP WIDTH="25" VPOS="885" HPOS="463"/>
							<String ID="string_143" HPOS="488" VPOS="887" WIDTH="221" HEIGHT="40" WC="0.96" CONTENT="Prövningen"/><SP WIDTH="23" VPOS="887" HPOS="709"/>
							<String ID="string_144" HPOS="732" VPOS="888" WIDTH="69" HEIGHT="30" WC="0.96" CONTENT="kan"/><SP WIDTH="24" VPOS="888" HPOS="801"/>
							<String ID="string_145" HPOS="825" VPOS="888" WIDTH="121" HEIGHT="31" WC="0.96" CONTENT="därför"/><SP WIDTH="21" VPOS="888" HPOS="946"/>
							<String ID="string_146" HPOS="967" VPOS="889" WIDTH="199" HEIGHT="40" WC="0.95" CONTENT="jämställas"/><SP WIDTH="23" VPOS="889" HPOS="1166"/>
							<String ID="string_147" HPOS="1189" VPOS="892" WIDTH="79" HEIGHT="29" WC="0.96" CONTENT="med"/><SP WIDTH="23" VPOS="892" HPOS="1268"/>
							<String ID="string_148" HPOS="1291" VPOS="892" WIDTH="67" HEIGHT="30" WC="0.96" CONTENT="den"/><SP WIDTH="24" VPOS="892" HPOS="1358"/>
							<String ID="string_149" HPOS="1382" VPOS="892" WIDTH="44" HEIGHT="40" WC="0.96" CONTENT="på"/><SP WIDTH="24" VPOS="892" HPOS="1426"/>
							<String ID="string_150" HPOS="1450" VPOS="894" WIDTH="150" HEIGHT="30" WC="0.93" CONTENT="domstol"/><SP WIDTH="24" VPOS="894" HPOS="1600"/>
							<String ID="string_151" HPOS="1624" VPOS="894" WIDTH="145" HEIGHT="30" WC="0.91" CONTENT="ankom-"/>
						</TextLine>
						<TextLine ID="line_15" HPOS="267" VPOS="936" WIDTH="1501" HEIGHT="47">
							<String ID="string_152" HPOS="267" VPOS="936" WIDTH="128" HEIGHT="30" WC="0.96" CONTENT="mande"/><SP WIDTH="27" VPOS="936" HPOS="395"/>
							<String ID="string_153" HPOS="422" VPOS="936" WIDTH="258" HEIGHT="42" WC="0.96" CONTENT="bedömningen"/><SP WIDTH="25" VPOS="936" HPOS="680"/>
							<String ID="string_154" HPOS="705" VPOS="937" WIDTH="174" HEIGHT="32" WC="0.96" CONTENT="huruvida"/><SP WIDTH="27" VPOS="937" HPOS="879"/>
							<String ID="string_155" HPOS="906" VPOS="938" WIDTH="125" HEIGHT="32" WC="0.96" CONTENT="hinder"/><SP WIDTH="26" VPOS="938" HPOS="1031"/>
							<String ID="string_156" HPOS="1057" VPOS="940" WIDTH="57" HEIGHT="30" WC="0.96" CONTENT="för"/><SP WIDTH="27" VPOS="940" HPOS="1114"/>
							<String ID="string_157" HPOS="1141" VPOS="942" WIDTH="173" HEIGHT="30" WC="0.96" CONTENT="utövande"/><SP WIDTH="28" VPOS="942" HPOS="1314"/>
							<String ID="string_158" HPOS="1342" VPOS="951" WIDTH="42" HEIGHT="22" WC="0.93" CONTENT="av"/><SP WIDTH="28" VPOS="951" HPOS="1384"/>
							<String ID="string_159" HPOS="1412" VPOS="942" WIDTH="218" HEIGHT="41" WC="0.92" CONTENT="förköpsrätt"/><SP WIDTH="27" VPOS="942" HPOS="1630"/>
							<String ID="string_160" HPOS="1657" VPOS="945" WIDTH="111" HEIGHT="29" WC="0.96" CONTENT="möter"/>
						</TextLine>
						<TextLine ID="line_16" HPOS="267" VPOS="986" WIDTH="1497" HEIGHT="45">
							<String ID="string_161" HPOS="267" VPOS="986" WIDTH="78" HEIGHT="29" WC="0.96" CONTENT="med"/><SP WIDTH="19" VPOS="986" HPOS="345"/>
							<String ID="string_162" HPOS="364" VPOS="986" WIDTH="138" HEIGHT="39" WC="0.96" CONTENT="hänsyn"/><SP WIDTH="18" VPOS="986" HPOS="502"/>
							<String ID="string_163" HPOS="520" VPOS="986" WIDTH="53" HEIGHT="30" WC="0.96" CONTENT="till"/><SP WIDTH="19" VPOS="986" HPOS="573"/>
							<String ID="string_164" HPOS="592" VPOS="987" WIDTH="174" HEIGHT="40" WC="0.96" CONTENT="köparens"/><SP WIDTH="18" VPOS="987" HPOS="766"/>
							<String ID="string_165" HPOS="784" VPOS="997" WIDTH="128" HEIGHT="31" WC="0.96" CONTENT="person"/><SP WIDTH="19" VPOS="997" HPOS="912"/>
							<String ID="string_166" HPOS="931" VPOS="989" WIDTH="83" HEIGHT="30" WC="0.92" CONTENT="eller"/><SP WIDTH="19" VPOS="989" HPOS="1014"/>
							<String ID="string_167" HPOS="1033" VPOS="989" WIDTH="139" HEIGHT="40" WC="0.92" CONTENT="fångets"/><SP WIDTH="21" VPOS="989" HPOS="1172"/>
							<String ID="string_168" HPOS="1193" VPOS="991" WIDTH="255" HEIGHT="31" WC="0.96" CONTENT="beskaffenhet."/><SP WIDTH="32" VPOS="991" HPOS="1448"/>
							<String ID="string_169" HPOS="1480" VPOS="993" WIDTH="13" HEIGHT="29" WC="0.96" CONTENT="I"/><SP WIDTH="21" VPOS="993" HPOS="1493"/>
							<String ID="string_170" HPOS="1514" VPOS="993" WIDTH="112" HEIGHT="38" WC="0.96" CONTENT="själva"/><SP WIDTH="20" VPOS="993" HPOS="1626"/>
							<String ID="string_171" HPOS="1646" VPOS="994" WIDTH="118" HEIGHT="29" WC="0.95" CONTENT="verket"/>
						</TextLine>
						<TextLine ID="line_17" HPOS="268" VPOS="1036" WIDTH="1496" HEIGHT="44">
							<String ID="string_172" HPOS="268" VPOS="1036" WIDTH="59" HEIGHT="29" WC="0.96" CONTENT="äro"/><SP WIDTH="22" VPOS="1036" HPOS="327"/>
							<String ID="string_173" HPOS="349" VPOS="1036" WIDTH="122" HEIGHT="30" WC="0.96" CONTENT="skälen"/><SP WIDTH="18" VPOS="1036" HPOS="471"/>
							<String ID="string_174" HPOS="489" VPOS="1037" WIDTH="55" HEIGHT="30" WC="0.96" CONTENT="för"/><SP WIDTH="21" VPOS="1037" HPOS="544"/>
							<String ID="string_175" HPOS="565" VPOS="1039" WIDTH="51" HEIGHT="28" WC="0.96" CONTENT="att"/><SP WIDTH="19" VPOS="1039" HPOS="616"/>
							<String ID="string_176" HPOS="635" VPOS="1038" WIDTH="228" HEIGHT="31" WC="0.96" CONTENT="förevarande"/><SP WIDTH="19" VPOS="1038" HPOS="863"/>
							<String ID="string_177" HPOS="882" VPOS="1039" WIDTH="118" HEIGHT="39" WC="0.96" CONTENT="frågor"/><SP WIDTH="18" VPOS="1039" HPOS="1000"/>
							<String ID="string_178" HPOS="1018" VPOS="1040" WIDTH="86" HEIGHT="30" WC="0.96" CONTENT="böra"/><SP WIDTH="23" VPOS="1040" HPOS="1104"/>
							<String ID="string_179" HPOS="1127" VPOS="1042" WIDTH="125" HEIGHT="38" WC="0.96" CONTENT="prövas"/><SP WIDTH="20" VPOS="1042" HPOS="1252"/>
							<String ID="string_180" HPOS="1272" VPOS="1051" WIDTH="43" HEIGHT="21" WC="0.96" CONTENT="av"/><SP WIDTH="20" VPOS="1051" HPOS="1315"/>
							<String ID="string_181" HPOS="1335" VPOS="1043" WIDTH="150" HEIGHT="29" WC="0.96" CONTENT="domstol"/><SP WIDTH="21" VPOS="1043" HPOS="1485"/>
							<String ID="string_182" HPOS="1506" VPOS="1043" WIDTH="38" HEIGHT="30" WC="0.96" CONTENT="så"/><SP WIDTH="21" VPOS="1043" HPOS="1544"/>
							<String ID="string_183" HPOS="1565" VPOS="1044" WIDTH="129" HEIGHT="34" WC="0.96" CONTENT="starka,"/><SP WIDTH="21" VPOS="1044" HPOS="1694"/>
							<String ID="string_184" HPOS="1715" VPOS="1046" WIDTH="49" HEIGHT="28" WC="0.96" CONTENT="att"/>
						</TextLine>
						<TextLine ID="line_18" HPOS="268" VPOS="1087" WIDTH="1496" HEIGHT="45">
							<String ID="string_185" HPOS="268" VPOS="1088" WIDTH="107" HEIGHT="28" WC="0.96" CONTENT="annat"/><SP WIDTH="29" VPOS="1088" HPOS="375"/>
							<String ID="string_186" HPOS="404" VPOS="1087" WIDTH="175" HEIGHT="40" WC="0.96" CONTENT="knappast"/><SP WIDTH="32" VPOS="1087" HPOS="579"/>
							<String ID="string_187" HPOS="611" VPOS="1096" WIDTH="102" HEIGHT="31" WC="0.96" CONTENT="synes"/><SP WIDTH="27" VPOS="1096" HPOS="713"/>
							<String ID="string_188" HPOS="740" VPOS="1089" WIDTH="122" HEIGHT="30" WC="0.96" CONTENT="kunna"/><SP WIDTH="27" VPOS="1089" HPOS="862"/>
							<String ID="string_189" HPOS="889" VPOS="1089" WIDTH="235" HEIGHT="40" WC="0.94" CONTENT="ifrågasättas."/><SP WIDTH="42" VPOS="1089" HPOS="1124"/>
							<String ID="string_190" HPOS="1166" VPOS="1091" WIDTH="65" HEIGHT="30" WC="0.95" CONTENT="Om"/><SP WIDTH="27" VPOS="1091" HPOS="1231"/>
							<String ID="string_191" HPOS="1258" VPOS="1092" WIDTH="11" HEIGHT="29" WC="0.96" CONTENT="i"/><SP WIDTH="27" VPOS="1092" HPOS="1269"/>
							<String ID="string_192" HPOS="1296" VPOS="1092" WIDTH="111" HEIGHT="40" WC="0.95" CONTENT="lagen,"/><SP WIDTH="30" VPOS="1092" HPOS="1407"/>
							<String ID="string_193" HPOS="1437" VPOS="1093" WIDTH="114" HEIGHT="30" WC="0.96" CONTENT="såsom"/><SP WIDTH="27" VPOS="1093" HPOS="1551"/>
							<String ID="string_194" HPOS="1578" VPOS="1103" WIDTH="90" HEIGHT="21" WC="0.93" CONTENT="ovan"/><SP WIDTH="28" VPOS="1103" HPOS="1668"/>
							<String ID="string_195" HPOS="1696" VPOS="1094" WIDTH="68" HEIGHT="30" WC="0.93" CONTENT="för-"/>
						</TextLine>
						<TextLine ID="line_19" HPOS="266" VPOS="1136" WIDTH="1499" HEIGHT="48">
							<String ID="string_196" HPOS="266" VPOS="1136" WIDTH="129" HEIGHT="35" WC="0.90" CONTENT="ordats,"/><SP WIDTH="22" VPOS="1136" HPOS="395"/>
							<String ID="string_197" HPOS="417" VPOS="1137" WIDTH="133" HEIGHT="39" WC="0.92" CONTENT="intages"/><SP WIDTH="20" VPOS="1137" HPOS="550"/>
							<String ID="string_198" HPOS="570" VPOS="1147" WIDTH="42" HEIGHT="20" WC="0.96" CONTENT="en"/><SP WIDTH="21" VPOS="1147" HPOS="612"/>
							<String ID="string_199" HPOS="633" VPOS="1138" WIDTH="252" HEIGHT="36" WC="0.96" CONTENT="bestämmelse,"/><SP WIDTH="25" VPOS="1138" HPOS="885"/>
							<String ID="string_200" HPOS="910" VPOS="1149" WIDTH="73" HEIGHT="21" WC="0.96" CONTENT="som"/><SP WIDTH="22" VPOS="1149" HPOS="983"/>
							<String ID="string_201" HPOS="1005" VPOS="1140" WIDTH="80" HEIGHT="31" WC="0.96" CONTENT="från"/><SP WIDTH="20" VPOS="1140" HPOS="1085"/>
							<String ID="string_202" HPOS="1105" VPOS="1142" WIDTH="170" HEIGHT="30" WC="0.96" CONTENT="domstols"/><SP WIDTH="19" VPOS="1142" HPOS="1275"/>
							<String ID="string_203" HPOS="1294" VPOS="1142" WIDTH="215" HEIGHT="31" WC="0.96" CONTENT="bedömande"/><SP WIDTH="21" VPOS="1142" HPOS="1509"/>
							<String ID="string_204" HPOS="1530" VPOS="1144" WIDTH="235" HEIGHT="40" WC="0.96" CONTENT="uttryckligen"/>
						</TextLine>
						<TextLine ID="line_20" HPOS="266" VPOS="1187" WIDTH="1501" HEIGHT="48">
							<String ID="string_205" HPOS="266" VPOS="1187" WIDTH="218" HEIGHT="40" WC="0.92" CONTENT="undantager"/><SP WIDTH="20" VPOS="1187" HPOS="484"/>
							<String ID="string_206" HPOS="504" VPOS="1188" WIDTH="70" HEIGHT="31" WC="0.96" CONTENT="viss"/><SP WIDTH="23" VPOS="1188" HPOS="574"/>
							<String ID="string_207" HPOS="597" VPOS="1198" WIDTH="119" HEIGHT="21" WC="0.96" CONTENT="annan"/><SP WIDTH="20" VPOS="1198" HPOS="716"/>
							<String ID="string_208" HPOS="736" VPOS="1189" WIDTH="109" HEIGHT="41" WC="0.95" CONTENT="fråga,"/><SP WIDTH="22" VPOS="1189" HPOS="845"/>
							<String ID="string_209" HPOS="867" VPOS="1190" WIDTH="92" HEIGHT="31" WC="0.96" CONTENT="lärer"/><SP WIDTH="21" VPOS="1190" HPOS="959"/>
							<String ID="string_210" HPOS="980" VPOS="1200" WIDTH="42" HEIGHT="22" WC="0.96" CONTENT="av"/><SP WIDTH="20" VPOS="1200" HPOS="1022"/>
							<String ID="string_211" HPOS="1042" VPOS="1192" WIDTH="117" HEIGHT="31" WC="0.96" CONTENT="denna"/><SP WIDTH="21" VPOS="1192" HPOS="1159"/>
							<String ID="string_212" HPOS="1180" VPOS="1193" WIDTH="182" HEIGHT="31" WC="0.96" CONTENT="föreskrift"/><SP WIDTH="21" VPOS="1193" HPOS="1362"/>
							<String ID="string_213" HPOS="1383" VPOS="1195" WIDTH="79" HEIGHT="30" WC="0.96" CONTENT="med"/><SP WIDTH="21" VPOS="1195" HPOS="1462"/>
							<String ID="string_214" HPOS="1483" VPOS="1195" WIDTH="189" HEIGHT="40" WC="0.93" CONTENT="tillräcklig"/><SP WIDTH="21" VPOS="1195" HPOS="1672"/>
							<String ID="string_215" HPOS="1693" VPOS="1196" WIDTH="74" HEIGHT="39" WC="0.93" CONTENT="tyd-"/>
						</TextLine>
						<TextLine ID="line_21" HPOS="265" VPOS="1236" WIDTH="1501" HEIGHT="47">
							<String ID="string_216" HPOS="265" VPOS="1236" WIDTH="106" HEIGHT="40" WC="0.96" CONTENT="lighet"/><SP WIDTH="21" VPOS="1236" HPOS="371"/>
							<String ID="string_217" HPOS="392" VPOS="1237" WIDTH="142" HEIGHT="30" WC="0.96" CONTENT="komma"/><SP WIDTH="23" VPOS="1237" HPOS="534"/>
							<String ID="string_218" HPOS="557" VPOS="1239" WIDTH="52" HEIGHT="28" WC="0.96" CONTENT="att"/><SP WIDTH="23" VPOS="1239" HPOS="609"/>
							<String ID="string_219" HPOS="632" VPOS="1239" WIDTH="146" HEIGHT="39" WC="0.95" CONTENT="framgå,"/><SP WIDTH="24" VPOS="1239" HPOS="778"/>
							<String ID="string_220" HPOS="802" VPOS="1241" WIDTH="51" HEIGHT="28" WC="0.96" CONTENT="att"/><SP WIDTH="23" VPOS="1241" HPOS="853"/>
							<String ID="string_221" HPOS="876" VPOS="1249" WIDTH="48" HEIGHT="21" WC="0.96" CONTENT="nu"/><SP WIDTH="22" VPOS="1249" HPOS="924"/>
							<String ID="string_222" HPOS="946" VPOS="1240" WIDTH="229" HEIGHT="31" WC="0.96" CONTENT="förevarande"/><SP WIDTH="22" VPOS="1240" HPOS="1175"/>
							<String ID="string_223" HPOS="1197" VPOS="1243" WIDTH="171" HEIGHT="40" WC="0.96" CONTENT="prövning"/><SP WIDTH="20" VPOS="1243" HPOS="1368"/>
							<String ID="string_224" HPOS="1388" VPOS="1243" WIDTH="76" HEIGHT="30" WC="0.96" CONTENT="icke"/><SP WIDTH="23" VPOS="1243" HPOS="1464"/>
							<String ID="string_225" HPOS="1487" VPOS="1244" WIDTH="90" HEIGHT="30" WC="0.96" CONTENT="skall"/><SP WIDTH="21" VPOS="1244" HPOS="1577"/>
							<String ID="string_226" HPOS="1598" VPOS="1254" WIDTH="84" HEIGHT="21" WC="0.93" CONTENT="vara"/><SP WIDTH="22" VPOS="1254" HPOS="1682"/>
							<String ID="string_227" HPOS="1704" VPOS="1254" WIDTH="62" HEIGHT="21" WC="0.93" CONTENT="un-"/>
						</TextLine>
						<TextLine ID="line_22" HPOS="267" VPOS="1287" WIDTH="489" HEIGHT="40">
							<String ID="string_228" HPOS="267" VPOS="1287" WIDTH="203" HEIGHT="40" WC="0.91" CONTENT="dandragen"/><SP WIDTH="17" VPOS="1287" HPOS="470"/>
							<String ID="string_229" HPOS="487" VPOS="1289" WIDTH="269" HEIGHT="31" WC="0.92" CONTENT="domstolarna.»"/>
						</TextLine>
					</TextBlock>
				</ComposedBlock>
				<ComposedBlock ID="cblock_2" HPOS="255" VPOS="1388" WIDTH="1507" HEIGHT="1101">
					<TextBlock ID="block_2" HPOS="308" VPOS="1388" WIDTH="855" HEIGHT="45">
						<TextLine ID="line_23" HPOS="308" VPOS="1388" WIDTH="855" HEIGHT="45">
							<String ID="string_230" HPOS="308" VPOS="1388" WIDTH="13" HEIGHT="29" WC="0.96" CONTENT="I"/><SP WIDTH="24" VPOS="1388" HPOS="321"/>
							<String ID="string_231" HPOS="345" VPOS="1389" WIDTH="264" HEIGHT="39" WC="0.96" CONTENT="propositionen"/><SP WIDTH="24" VPOS="1389" HPOS="609"/>
							<String ID="string_232" HPOS="633" VPOS="1390" WIDTH="104" HEIGHT="31" WC="0.93" CONTENT="anför"/><SP WIDTH="24" VPOS="1390" HPOS="737"/>
							<String ID="string_233" HPOS="761" VPOS="1392" WIDTH="402" HEIGHT="41" WC="0.91" CONTENT="departementschefen:"/>
						</TextLine>
					</TextBlock>
					<TextBlock ID="block_3" HPOS="263" VPOS="1439" WIDTH="1499" HEIGHT="396">
						<TextLine ID="line_24" HPOS="310" VPOS="1439" WIDTH="1452" HEIGHT="44">
							<String ID="string_234" HPOS="310" VPOS="1439" WIDTH="95" HEIGHT="29" WC="0.88" CONTENT="&gt;Den"/><SP WIDTH="24" VPOS="1439" HPOS="405"/>
							<String ID="string_235" HPOS="429" VPOS="1440" WIDTH="312" HEIGHT="39" WC="0.96" CONTENT="omständigheten,"/><SP WIDTH="22" VPOS="1440" HPOS="741"/>
							<String ID="string_236" HPOS="763" VPOS="1442" WIDTH="50" HEIGHT="28" WC="0.96" CONTENT="att"/><SP WIDTH="22" VPOS="1442" HPOS="813"/>
							<String ID="string_237" HPOS="835" VPOS="1443" WIDTH="229" HEIGHT="29" WC="0.96" CONTENT="arrendatorn"/><SP WIDTH="22" VPOS="1443" HPOS="1064"/>
							<String ID="string_238" HPOS="1086" VPOS="1452" WIDTH="81" HEIGHT="23" WC="0.96" CONTENT="vore"/><SP WIDTH="23" VPOS="1452" HPOS="1167"/>
							<String ID="string_239" HPOS="1190" VPOS="1445" WIDTH="100" HEIGHT="38" WC="0.95" CONTENT="ägare"/><SP WIDTH="22" VPOS="1445" HPOS="1290"/>
							<String ID="string_240" HPOS="1312" VPOS="1445" WIDTH="52" HEIGHT="30" WC="0.95" CONTENT="till"/><SP WIDTH="24" VPOS="1445" HPOS="1364"/>
							<String ID="string_241" HPOS="1388" VPOS="1455" WIDTH="42" HEIGHT="21" WC="0.96" CONTENT="en"/><SP WIDTH="23" VPOS="1455" HPOS="1430"/>
							<String ID="string_242" HPOS="1453" VPOS="1455" WIDTH="127" HEIGHT="25" WC="0.93" CONTENT="annan,"/><SP WIDTH="23" VPOS="1455" HPOS="1580"/>
							<String ID="string_243" HPOS="1603" VPOS="1447" WIDTH="159" HEIGHT="30" WC="0.92" CONTENT="bärkraf-"/>
						</TextLine>
						<TextLine ID="line_25" HPOS="264" VPOS="1488" WIDTH="1496" HEIGHT="48">
							<String ID="string_244" HPOS="264" VPOS="1488" WIDTH="47" HEIGHT="40" WC="0.93" CONTENT="tig"/><SP WIDTH="18" VPOS="1488" HPOS="311"/>
							<String ID="string_245" HPOS="329" VPOS="1489" WIDTH="253" HEIGHT="40" WC="0.89" CONTENT="brukningsdel"/><SP WIDTH="21" VPOS="1489" HPOS="582"/>
							<String ID="string_246" HPOS="603" VPOS="1491" WIDTH="83" HEIGHT="30" WC="0.95" CONTENT="eller"/><SP WIDTH="19" VPOS="1491" HPOS="686"/>
							<String ID="string_247" HPOS="705" VPOS="1494" WIDTH="49" HEIGHT="28" WC="0.96" CONTENT="att"/><SP WIDTH="18" VPOS="1494" HPOS="754"/>
							<String ID="string_248" HPOS="772" VPOS="1491" WIDTH="70" HEIGHT="30" WC="0.95" CONTENT="han"/><SP WIDTH="20" VPOS="1491" HPOS="842"/>
							<String ID="string_249" HPOS="862" VPOS="1492" WIDTH="94" HEIGHT="39" WC="0.96" CONTENT="finge"/><SP WIDTH="19" VPOS="1492" HPOS="956"/>
							<String ID="string_250" HPOS="975" VPOS="1492" WIDTH="53" HEIGHT="31" WC="0.96" CONTENT="sin"/><SP WIDTH="19" VPOS="1492" HPOS="1028"/>
							<String ID="string_251" HPOS="1047" VPOS="1494" WIDTH="258" HEIGHT="40" WC="0.96" CONTENT="huvudsakliga"/><SP WIDTH="19" VPOS="1494" HPOS="1305"/>
							<String ID="string_252" HPOS="1324" VPOS="1496" WIDTH="157" HEIGHT="30" WC="0.96" CONTENT="utkomst"/><SP WIDTH="19" VPOS="1496" HPOS="1481"/>
							<String ID="string_253" HPOS="1500" VPOS="1496" WIDTH="45" HEIGHT="40" WC="0.96" CONTENT="på"/><SP WIDTH="20" VPOS="1496" HPOS="1545"/>
							<String ID="string_254" HPOS="1565" VPOS="1499" WIDTH="108" HEIGHT="28" WC="0.96" CONTENT="annat"/><SP WIDTH="20" VPOS="1499" HPOS="1673"/>
							<String ID="string_255" HPOS="1693" VPOS="1499" WIDTH="67" HEIGHT="28" WC="0.96" CONTENT="sätt"/>
						</TextLine>
						<TextLine ID="line_26" HPOS="264" VPOS="1539" WIDTH="1496" HEIGHT="47">
							<String ID="string_256" HPOS="264" VPOS="1539" WIDTH="43" HEIGHT="29" WC="0.96" CONTENT="än"/><SP WIDTH="19" VPOS="1539" HPOS="307"/>
							<String ID="string_257" HPOS="326" VPOS="1539" WIDTH="82" HEIGHT="30" WC="0.96" CONTENT="från"/><SP WIDTH="17" VPOS="1539" HPOS="408"/>
							<String ID="string_258" HPOS="425" VPOS="1540" WIDTH="208" HEIGHT="39" WC="0.96" CONTENT="jordbruket"/><SP WIDTH="19" VPOS="1540" HPOS="633"/>
							<String ID="string_259" HPOS="652" VPOS="1541" WIDTH="45" HEIGHT="39" WC="0.97" CONTENT="på"/><SP WIDTH="18" VPOS="1541" HPOS="697"/>
							<String ID="string_260" HPOS="715" VPOS="1542" WIDTH="66" HEIGHT="29" WC="0.96" CONTENT="den"/><SP WIDTH="18" VPOS="1542" HPOS="781"/>
							<String ID="string_261" HPOS="799" VPOS="1543" WIDTH="231" HEIGHT="30" WC="0.96" CONTENT="arrenderade"/><SP WIDTH="19" VPOS="1543" HPOS="1030"/>
							<String ID="string_262" HPOS="1049" VPOS="1543" WIDTH="221" HEIGHT="40" WC="0.96" CONTENT="fastigheten,"/><SP WIDTH="20" VPOS="1543" HPOS="1270"/>
							<String ID="string_263" HPOS="1290" VPOS="1545" WIDTH="171" HEIGHT="31" WC="0.96" CONTENT="hindrade"/><SP WIDTH="19" VPOS="1545" HPOS="1461"/>
							<String ID="string_264" HPOS="1480" VPOS="1546" WIDTH="107" HEIGHT="40" WC="0.96" CONTENT="enligt"/><SP WIDTH="19" VPOS="1546" HPOS="1587"/>
							<String ID="string_265" HPOS="1606" VPOS="1547" WIDTH="154" HEIGHT="39" WC="0.96" CONTENT="lagrådet"/>
						</TextLine>
						<TextLine ID="line_27" HPOS="263" VPOS="1588" WIDTH="1499" HEIGHT="48">
							<String ID="string_266" HPOS="263" VPOS="1588" WIDTH="75" HEIGHT="31" WC="0.96" CONTENT="icke"/><SP WIDTH="18" VPOS="1588" HPOS="338"/>
							<String ID="string_267" HPOS="356" VPOS="1591" WIDTH="52" HEIGHT="29" WC="0.96" CONTENT="att"/><SP WIDTH="16" VPOS="1591" HPOS="408"/>
							<String ID="string_268" HPOS="424" VPOS="1590" WIDTH="70" HEIGHT="30" WC="0.96" CONTENT="han"/><SP WIDTH="17" VPOS="1590" HPOS="494"/>
							<String ID="string_269" HPOS="511" VPOS="1590" WIDTH="90" HEIGHT="31" WC="0.96" CONTENT="hade"/><SP WIDTH="17" VPOS="1590" HPOS="601"/>
							<String ID="string_270" HPOS="618" VPOS="1591" WIDTH="111" HEIGHT="30" WC="0.96" CONTENT="behov"/><SP WIDTH="16" VPOS="1591" HPOS="729"/>
							<String ID="string_271" HPOS="745" VPOS="1601" WIDTH="42" HEIGHT="20" WC="0.96" CONTENT="av"/><SP WIDTH="17" VPOS="1601" HPOS="787"/>
							<String ID="string_272" HPOS="804" VPOS="1592" WIDTH="218" HEIGHT="31" WC="0.96" CONTENT="sistnämnda"/><SP WIDTH="17" VPOS="1592" HPOS="1022"/>
							<String ID="string_273" HPOS="1039" VPOS="1593" WIDTH="167" HEIGHT="40" WC="0.93" CONTENT="fastighet"/><SP WIDTH="17" VPOS="1593" HPOS="1206"/>
							<String ID="string_274" HPOS="1223" VPOS="1595" WIDTH="54" HEIGHT="30" WC="0.96" CONTENT="för"/><SP WIDTH="18" VPOS="1595" HPOS="1277"/>
							<String ID="string_275" HPOS="1295" VPOS="1595" WIDTH="55" HEIGHT="30" WC="0.96" CONTENT="sin"/><SP WIDTH="17" VPOS="1595" HPOS="1350"/>
							<String ID="string_276" HPOS="1367" VPOS="1596" WIDTH="217" HEIGHT="40" WC="0.96" CONTENT="försörjning"/><SP WIDTH="18" VPOS="1596" HPOS="1584"/>
							<String ID="string_277" HPOS="1602" VPOS="1598" WIDTH="65" HEIGHT="29" WC="0.93" CONTENT="och"/><SP WIDTH="18" VPOS="1598" HPOS="1667"/>
							<String ID="string_278" HPOS="1685" VPOS="1598" WIDTH="77" HEIGHT="30" WC="0.93" CONTENT="där-"/>
						</TextLine>
						<TextLine ID="line_28" HPOS="264" VPOS="1639" WIDTH="1496" HEIGHT="47">
							<String ID="string_279" HPOS="264" VPOS="1639" WIDTH="54" HEIGHT="30" WC="0.96" CONTENT="för"/><SP WIDTH="15" VPOS="1639" HPOS="318"/>
							<String ID="string_280" HPOS="333" VPOS="1640" WIDTH="118" HEIGHT="34" WC="0.96" CONTENT="borde,"/><SP WIDTH="19" VPOS="1640" HPOS="451"/>
							<String ID="string_281" HPOS="470" VPOS="1640" WIDTH="151" HEIGHT="31" WC="0.96" CONTENT="framför"/><SP WIDTH="15" VPOS="1640" HPOS="621"/>
							<String ID="string_282" HPOS="636" VPOS="1641" WIDTH="146" HEIGHT="35" WC="0.95" CONTENT="kronan,"/><SP WIDTH="17" VPOS="1641" HPOS="782"/>
							<String ID="string_283" HPOS="799" VPOS="1643" WIDTH="64" HEIGHT="39" WC="0.96" CONTENT="äga"/><SP WIDTH="16" VPOS="1643" HPOS="863"/>
							<String ID="string_284" HPOS="879" VPOS="1644" WIDTH="70" HEIGHT="29" WC="0.96" CONTENT="rätt"/><SP WIDTH="17" VPOS="1644" HPOS="949"/>
							<String ID="string_285" HPOS="966" VPOS="1645" WIDTH="49" HEIGHT="28" WC="0.96" CONTENT="att"/><SP WIDTH="18" VPOS="1645" HPOS="1015"/>
							<String ID="string_286" HPOS="1033" VPOS="1644" WIDTH="74" HEIGHT="30" WC="0.95" CONTENT="lösa"/><SP WIDTH="17" VPOS="1644" HPOS="1107"/>
							<String ID="string_287" HPOS="1124" VPOS="1644" WIDTH="52" HEIGHT="29" WC="0.96" CONTENT="till"/><SP WIDTH="18" VPOS="1644" HPOS="1176"/>
							<String ID="string_288" HPOS="1194" VPOS="1645" WIDTH="50" HEIGHT="39" WC="0.96" CONTENT="sig"/><SP WIDTH="17" VPOS="1645" HPOS="1244"/>
							<String ID="string_289" HPOS="1261" VPOS="1646" WIDTH="76" HEIGHT="29" WC="0.95" CONTENT="den."/><SP WIDTH="19" VPOS="1646" HPOS="1337"/>
							<String ID="string_290" HPOS="1356" VPOS="1647" WIDTH="74" HEIGHT="29" WC="0.96" CONTENT="Vad"/><SP WIDTH="17" VPOS="1647" HPOS="1430"/>
							<String ID="string_291" HPOS="1447" VPOS="1646" WIDTH="155" HEIGHT="40" WC="0.96" CONTENT="lagrådet"/><SP WIDTH="17" VPOS="1646" HPOS="1602"/>
							<String ID="string_292" HPOS="1619" VPOS="1647" WIDTH="11" HEIGHT="29" WC="0.96" CONTENT="i"/><SP WIDTH="17" VPOS="1647" HPOS="1630"/>
							<String ID="string_293" HPOS="1647" VPOS="1648" WIDTH="113" HEIGHT="30" WC="0.96" CONTENT="denna"/>
						</TextLine>
						<TextLine ID="line_29" HPOS="263" VPOS="1690" WIDTH="1497" HEIGHT="47">
							<String ID="string_294" HPOS="263" VPOS="1690" WIDTH="54" HEIGHT="29" WC="0.96" CONTENT="del"/><SP WIDTH="17" VPOS="1690" HPOS="317"/>
							<String ID="string_295" HPOS="334" VPOS="1692" WIDTH="110" HEIGHT="37" WC="0.96" CONTENT="yttrat"/><SP WIDTH="17" VPOS="1692" HPOS="444"/>
							<String ID="string_296" HPOS="461" VPOS="1691" WIDTH="64" HEIGHT="29" WC="0.96" CONTENT="har"/><SP WIDTH="17" VPOS="1691" HPOS="525"/>
							<String ID="string_297" HPOS="542" VPOS="1691" WIDTH="91" HEIGHT="30" WC="0.96" CONTENT="dock"/><SP WIDTH="17" VPOS="1691" HPOS="633"/>
							<String ID="string_298" HPOS="650" VPOS="1691" WIDTH="76" HEIGHT="30" WC="0.96" CONTENT="icke"/><SP WIDTH="19" VPOS="1691" HPOS="726"/>
							<String ID="string_299" HPOS="745" VPOS="1692" WIDTH="82" HEIGHT="39" WC="0.96" CONTENT="givit"/><SP WIDTH="17" VPOS="1692" HPOS="827"/>
							<String ID="string_300" HPOS="844" VPOS="1692" WIDTH="72" HEIGHT="40" WC="0.96" CONTENT="mig"/><SP WIDTH="18" VPOS="1692" HPOS="916"/>
							<String ID="string_301" HPOS="934" VPOS="1693" WIDTH="189" HEIGHT="40" WC="0.96" CONTENT="anledning"/><SP WIDTH="17" VPOS="1693" HPOS="1123"/>
							<String ID="string_302" HPOS="1140" VPOS="1696" WIDTH="51" HEIGHT="28" WC="0.95" CONTENT="att"/><SP WIDTH="16" VPOS="1696" HPOS="1191"/>
							<String ID="string_303" HPOS="1207" VPOS="1695" WIDTH="139" HEIGHT="39" WC="0.95" CONTENT="vidtaga"/><SP WIDTH="19" VPOS="1695" HPOS="1346"/>
							<String ID="string_304" HPOS="1365" VPOS="1696" WIDTH="114" HEIGHT="39" WC="0.96" CONTENT="någon"/><SP WIDTH="18" VPOS="1696" HPOS="1479"/>
							<String ID="string_305" HPOS="1497" VPOS="1697" WIDTH="150" HEIGHT="40" WC="0.96" CONTENT="ändring"/><SP WIDTH="17" VPOS="1697" HPOS="1647"/>
							<String ID="string_306" HPOS="1664" VPOS="1700" WIDTH="12" HEIGHT="29" WC="0.96" CONTENT="i"/><SP WIDTH="18" VPOS="1700" HPOS="1676"/>
							<String ID="string_307" HPOS="1694" VPOS="1699" WIDTH="66" HEIGHT="29" WC="0.96" CONTENT="den"/>
						</TextLine>
						<TextLine ID="line_30" HPOS="263" VPOS="1740" WIDTH="1498" HEIGHT="48">
							<String ID="string_308" HPOS="263" VPOS="1740" WIDTH="199" HEIGHT="39" WC="0.96" CONTENT="föreslagna"/><SP WIDTH="25" VPOS="1740" HPOS="462"/>
							<String ID="string_309" HPOS="487" VPOS="1740" WIDTH="185" HEIGHT="40" WC="0.95" CONTENT="lagtexten."/><SP WIDTH="27" VPOS="1740" HPOS="672"/>
							<String ID="string_310" HPOS="699" VPOS="1742" WIDTH="63" HEIGHT="39" WC="0.96" CONTENT="Jag"/><SP WIDTH="26" VPOS="1742" HPOS="762"/>
							<String ID="string_311" HPOS="788" VPOS="1742" WIDTH="206" HEIGHT="31" WC="0.96" CONTENT="förutsätter"/><SP WIDTH="23" VPOS="1742" HPOS="994"/>
							<String ID="string_312" HPOS="1017" VPOS="1745" WIDTH="52" HEIGHT="29" WC="0.93" CONTENT="att"/><SP WIDTH="26" VPOS="1745" HPOS="1069"/>
							<String ID="string_313" HPOS="1095" VPOS="1744" WIDTH="405" HEIGHT="33" WC="0.92" CONTENT="lantbruksnämnderna"/><SP WIDTH="25" VPOS="1744" HPOS="1500"/>
							<String ID="string_314" HPOS="1525" VPOS="1747" WIDTH="59" HEIGHT="30" WC="0.92" CONTENT="vid"/><SP WIDTH="26" VPOS="1747" HPOS="1584"/>
							<String ID="string_315" HPOS="1610" VPOS="1748" WIDTH="151" HEIGHT="40" WC="0.92" CONTENT="tillämp-"/>
						</TextLine>
						<TextLine ID="line_31" HPOS="264" VPOS="1791" WIDTH="1492" HEIGHT="44">
							<String ID="string_316" HPOS="264" VPOS="1791" WIDTH="128" HEIGHT="38" WC="0.95" CONTENT="ningen"/><SP WIDTH="15" VPOS="1791" HPOS="392"/>
							<String ID="string_317" HPOS="407" VPOS="1792" WIDTH="98" HEIGHT="29" WC="0.96" CONTENT="skola"/><SP WIDTH="14" VPOS="1792" HPOS="505"/>
							<String ID="string_318" HPOS="519" VPOS="1794" WIDTH="78" HEIGHT="35" WC="0.96" CONTENT="taga"/><SP WIDTH="14" VPOS="1794" HPOS="597"/>
							<String ID="string_319" HPOS="611" VPOS="1792" WIDTH="166" HEIGHT="38" WC="0.96" CONTENT="tillbörlig"/><SP WIDTH="15" VPOS="1792" HPOS="777"/>
							<String ID="string_320" HPOS="792" VPOS="1792" WIDTH="137" HEIGHT="38" WC="0.96" CONTENT="hänsyn"/><SP WIDTH="16" VPOS="1792" HPOS="929"/>
							<String ID="string_321" HPOS="945" VPOS="1794" WIDTH="52" HEIGHT="29" WC="0.93" CONTENT="till"/><SP WIDTH="16" VPOS="1794" HPOS="997"/>
							<String ID="string_322" HPOS="1013" VPOS="1795" WIDTH="303" HEIGHT="30" WC="0.90" CONTENT="arrendatorernas"/><SP WIDTH="16" VPOS="1795" HPOS="1316"/>
							<String ID="string_323" HPOS="1332" VPOS="1796" WIDTH="209" HEIGHT="39" WC="0.96" CONTENT="berättigade"/><SP WIDTH="17" VPOS="1796" HPOS="1541"/>
							<String ID="string_324" HPOS="1558" VPOS="1798" WIDTH="198" HEIGHT="30" WC="0.63" CONTENT="intressen.»"/>
						</TextLine>
					</TextBlock>
					<TextBlock ID="block_4" HPOS="264" VPOS="1841" WIDTH="1493" HEIGHT="93">
						<TextLine ID="line_32" HPOS="309" VPOS="1841" WIDTH="1448" HEIGHT="46">
							<String ID="string_325" HPOS="309" VPOS="1841" WIDTH="12" HEIGHT="29" WC="0.96" CONTENT="I"/><SP WIDTH="25" VPOS="1841" HPOS="321"/>
							<String ID="string_326" HPOS="346" VPOS="1841" WIDTH="189" HEIGHT="39" WC="0.96" CONTENT="anledning"/><SP WIDTH="25" VPOS="1841" HPOS="535"/>
							<String ID="string_327" HPOS="560" VPOS="1851" WIDTH="44" HEIGHT="20" WC="0.96" CONTENT="av"/><SP WIDTH="23" VPOS="1851" HPOS="604"/>
							<String ID="string_328" HPOS="627" VPOS="1842" WIDTH="67" HEIGHT="29" WC="0.96" CONTENT="vad"/><SP WIDTH="24" VPOS="1842" HPOS="694"/>
							<String ID="string_329" HPOS="718" VPOS="1842" WIDTH="154" HEIGHT="38" WC="0.96" CONTENT="lagrådet"/><SP WIDTH="24" VPOS="1842" HPOS="872"/>
							<String ID="string_330" HPOS="896" VPOS="1844" WIDTH="125" HEIGHT="29" WC="0.96" CONTENT="uttalat"/><SP WIDTH="25" VPOS="1844" HPOS="1021"/>
							<String ID="string_331" HPOS="1046" VPOS="1843" WIDTH="12" HEIGHT="30" WC="0.96" CONTENT="i"/><SP WIDTH="23" VPOS="1843" HPOS="1058"/>
							<String ID="string_332" HPOS="1081" VPOS="1844" WIDTH="102" HEIGHT="39" WC="0.96" CONTENT="fråga"/><SP WIDTH="24" VPOS="1844" HPOS="1183"/>
							<String ID="string_333" HPOS="1207" VPOS="1854" WIDTH="56" HEIGHT="20" WC="0.96" CONTENT="om"/><SP WIDTH="25" VPOS="1854" HPOS="1263"/>
							<String ID="string_334" HPOS="1288" VPOS="1846" WIDTH="67" HEIGHT="29" WC="0.96" CONTENT="den"/><SP WIDTH="25" VPOS="1846" HPOS="1355"/>
							<String ID="string_335" HPOS="1380" VPOS="1846" WIDTH="198" HEIGHT="40" WC="0.96" CONTENT="föreslagna"/><SP WIDTH="25" VPOS="1846" HPOS="1578"/>
							<String ID="string_336" HPOS="1603" VPOS="1848" WIDTH="154" HEIGHT="39" WC="0.96" CONTENT="lydelsen"/>
						</TextLine>
						<TextLine ID="line_33" HPOS="264" VPOS="1890" WIDTH="1302" HEIGHT="44">
							<String ID="string_337" HPOS="264" VPOS="1900" WIDTH="42" HEIGHT="21" WC="0.96" CONTENT="av"/><SP WIDTH="22" VPOS="1900" HPOS="306"/>
							<String ID="string_338" HPOS="328" VPOS="1890" WIDTH="40" HEIGHT="30" WC="0.91" CONTENT="14"/><SP WIDTH="23" VPOS="1890" HPOS="368"/>
							<String ID="string_339" HPOS="391" VPOS="1891" WIDTH="16" HEIGHT="37" WC="0.89" CONTENT="$"/><SP WIDTH="22" VPOS="1891" HPOS="407"/>
							<String ID="string_340" HPOS="429" VPOS="1892" WIDTH="99" HEIGHT="38" WC="0.96" CONTENT="lagen"/><SP WIDTH="22" VPOS="1892" HPOS="528"/>
							<String ID="string_341" HPOS="550" VPOS="1901" WIDTH="58" HEIGHT="20" WC="0.96" CONTENT="om"/><SP WIDTH="20" VPOS="1901" HPOS="608"/>
							<String ID="string_342" HPOS="628" VPOS="1892" WIDTH="155" HEIGHT="30" WC="0.93" CONTENT="kronans"/><SP WIDTH="21" VPOS="1892" HPOS="783"/>
							<String ID="string_343" HPOS="804" VPOS="1892" WIDTH="217" HEIGHT="40" WC="0.92" CONTENT="förköpsrätt"/><SP WIDTH="21" VPOS="1892" HPOS="1021"/>
							<String ID="string_344" HPOS="1042" VPOS="1894" WIDTH="103" HEIGHT="30" WC="0.93" CONTENT="anför"/><SP WIDTH="21" VPOS="1894" HPOS="1145"/>
							<String ID="string_345" HPOS="1166" VPOS="1895" WIDTH="400" HEIGHT="39" WC="0.85" CONTENT="departementschefen:"/>
						</TextLine>
					</TextBlock>
					<TextBlock ID="block_5" HPOS="255" VPOS="1941" WIDTH="1504" HEIGHT="548">
						<TextLine ID="line_34" HPOS="309" VPOS="1941" WIDTH="1449" HEIGHT="41">
							<String ID="string_346" HPOS="309" VPOS="1941" WIDTH="88" HEIGHT="30" WC="0.36" CONTENT="&gt;För"/><SP WIDTH="20" VPOS="1941" HPOS="397"/>
							<String ID="string_347" HPOS="417" VPOS="1941" WIDTH="74" HEIGHT="30" WC="0.96" CONTENT="min"/><SP WIDTH="21" VPOS="1941" HPOS="491"/>
							<String ID="string_348" HPOS="512" VPOS="1942" WIDTH="54" HEIGHT="29" WC="0.95" CONTENT="del"/><SP WIDTH="21" VPOS="1942" HPOS="566"/>
							<String ID="string_349" HPOS="587" VPOS="1951" WIDTH="104" HEIGHT="20" WC="0.96" CONTENT="anser"/><SP WIDTH="18" VPOS="1951" HPOS="691"/>
							<String ID="string_350" HPOS="709" VPOS="1942" WIDTH="59" HEIGHT="39" WC="0.96" CONTENT="jag"/><SP WIDTH="19" VPOS="1942" HPOS="768"/>
							<String ID="string_351" HPOS="787" VPOS="1942" WIDTH="57" HEIGHT="30" WC="0.96" CONTENT="det"/><SP WIDTH="20" VPOS="1942" HPOS="844"/>
							<String ID="string_352" HPOS="864" VPOS="1943" WIDTH="195" HEIGHT="39" WC="0.96" CONTENT="uppenbart"/><SP WIDTH="21" VPOS="1943" HPOS="1059"/>
							<String ID="string_353" HPOS="1080" VPOS="1946" WIDTH="51" HEIGHT="28" WC="0.96" CONTENT="att"/><SP WIDTH="21" VPOS="1946" HPOS="1131"/>
							<String ID="string_354" HPOS="1152" VPOS="1945" WIDTH="57" HEIGHT="29" WC="0.96" CONTENT="det"/><SP WIDTH="21" VPOS="1945" HPOS="1209"/>
							<String ID="string_355" HPOS="1230" VPOS="1945" WIDTH="88" HEIGHT="30" WC="0.96" CONTENT="skall"/><SP WIDTH="20" VPOS="1945" HPOS="1318"/>
							<String ID="string_356" HPOS="1338" VPOS="1946" WIDTH="142" HEIGHT="31" WC="0.96" CONTENT="tillhöra"/><SP WIDTH="20" VPOS="1946" HPOS="1480"/>
							<String ID="string_357" HPOS="1500" VPOS="1948" WIDTH="258" HEIGHT="30" WC="0.96" CONTENT="domstolarnas"/>
						</TextLine>
						<TextLine ID="line_35" HPOS="259" VPOS="1990" WIDTH="1500" HEIGHT="45">
							<String ID="string_358" HPOS="259" VPOS="1990" WIDTH="208" HEIGHT="40" WC="0.96" CONTENT="befogenhet"/><SP WIDTH="25" VPOS="1990" HPOS="467"/>
							<String ID="string_359" HPOS="492" VPOS="1992" WIDTH="51" HEIGHT="31" WC="0.96" CONTENT="att"/><SP WIDTH="26" VPOS="1992" HPOS="543"/>
							<String ID="string_360" HPOS="569" VPOS="1992" WIDTH="120" HEIGHT="40" WC="0.96" CONTENT="pröva,"/><SP WIDTH="27" VPOS="1992" HPOS="689"/>
							<String ID="string_361" HPOS="716" VPOS="1992" WIDTH="174" HEIGHT="31" WC="0.96" CONTENT="huruvida"/><SP WIDTH="27" VPOS="1992" HPOS="890"/>
							<String ID="string_362" HPOS="917" VPOS="1993" WIDTH="77" HEIGHT="40" WC="0.96" CONTENT="laga"/><SP WIDTH="27" VPOS="1993" HPOS="994"/>
							<String ID="string_363" HPOS="1021" VPOS="1994" WIDTH="296" HEIGHT="41" WC="0.96" CONTENT="förutsättningar"/><SP WIDTH="26" VPOS="1994" HPOS="1317"/>
							<String ID="string_364" HPOS="1343" VPOS="1997" WIDTH="57" HEIGHT="30" WC="0.96" CONTENT="för"/><SP WIDTH="27" VPOS="1997" HPOS="1400"/>
							<String ID="string_365" HPOS="1427" VPOS="1999" WIDTH="50" HEIGHT="29" WC="0.96" CONTENT="att"/><SP WIDTH="27" VPOS="1999" HPOS="1477"/>
							<String ID="string_366" HPOS="1504" VPOS="1998" WIDTH="157" HEIGHT="31" WC="0.93" CONTENT="kronans"/><SP WIDTH="28" VPOS="1998" HPOS="1661"/>
							<String ID="string_367" HPOS="1689" VPOS="1999" WIDTH="70" HEIGHT="30" WC="0.92" CONTENT="för-"/>
						</TextLine>
						<TextLine ID="line_36" HPOS="258" VPOS="2041" WIDTH="1499" HEIGHT="46">
							<String ID="string_368" HPOS="258" VPOS="2041" WIDTH="161" HEIGHT="39" WC="0.92" CONTENT="köpsrätt"/><SP WIDTH="26" VPOS="2041" HPOS="419"/>
							<String ID="string_369" HPOS="445" VPOS="2042" WIDTH="87" HEIGHT="30" WC="0.96" CONTENT="skall"/><SP WIDTH="25" VPOS="2042" HPOS="532"/>
							<String ID="string_370" HPOS="557" VPOS="2043" WIDTH="66" HEIGHT="38" WC="0.96" CONTENT="äga"/><SP WIDTH="25" VPOS="2043" HPOS="623"/>
							<String ID="string_371" HPOS="648" VPOS="2042" WIDTH="174" HEIGHT="31" WC="0.96" CONTENT="företräde"/><SP WIDTH="25" VPOS="2042" HPOS="822"/>
							<String ID="string_372" HPOS="847" VPOS="2043" WIDTH="150" HEIGHT="31" WC="0.93" CONTENT="framför"/><SP WIDTH="26" VPOS="2043" HPOS="997"/>
							<String ID="string_373" HPOS="1023" VPOS="2045" WIDTH="223" HEIGHT="31" WC="0.92" CONTENT="arrendators"/><SP WIDTH="25" VPOS="2045" HPOS="1246"/>
							<String ID="string_374" HPOS="1271" VPOS="2046" WIDTH="169" HEIGHT="41" WC="0.96" CONTENT="föreligga"/><SP WIDTH="24" VPOS="2046" HPOS="1440"/>
							<String ID="string_375" HPOS="1464" VPOS="2048" WIDTH="11" HEIGHT="29" WC="0.96" CONTENT="i"/><SP WIDTH="27" VPOS="2048" HPOS="1475"/>
							<String ID="string_376" HPOS="1502" VPOS="2049" WIDTH="56" HEIGHT="30" WC="0.96" CONTENT="det"/><SP WIDTH="27" VPOS="2049" HPOS="1558"/>
							<String ID="string_377" HPOS="1585" VPOS="2050" WIDTH="172" HEIGHT="30" WC="0.96" CONTENT="särskilda"/>
						</TextLine>
						<TextLine ID="line_37" HPOS="258" VPOS="2091" WIDTH="1499" HEIGHT="48">
							<String ID="string_378" HPOS="258" VPOS="2091" WIDTH="108" HEIGHT="30" WC="0.95" CONTENT="fallet."/><SP WIDTH="24" VPOS="2091" HPOS="366"/>
							<String ID="string_379" HPOS="390" VPOS="2091" WIDTH="94" HEIGHT="31" WC="0.96" CONTENT="Från"/><SP WIDTH="22" VPOS="2091" HPOS="484"/>
							<String ID="string_380" HPOS="506" VPOS="2092" WIDTH="117" HEIGHT="31" WC="0.96" CONTENT="denna"/><SP WIDTH="25" VPOS="2092" HPOS="623"/>
							<String ID="string_381" HPOS="648" VPOS="2094" WIDTH="178" HEIGHT="39" WC="0.96" CONTENT="synpunkt"/><SP WIDTH="25" VPOS="2094" HPOS="826"/>
							<String ID="string_382" HPOS="851" VPOS="2103" WIDTH="104" HEIGHT="30" WC="0.96" CONTENT="synes"/><SP WIDTH="22" VPOS="2103" HPOS="955"/>
							<String ID="string_383" HPOS="977" VPOS="2095" WIDTH="56" HEIGHT="30" WC="0.96" CONTENT="det"/><SP WIDTH="24" VPOS="2095" HPOS="1033"/>
							<String ID="string_384" HPOS="1057" VPOS="2095" WIDTH="73" HEIGHT="40" WC="0.96" CONTENT="mig"/><SP WIDTH="23" VPOS="2095" HPOS="1130"/>
							<String ID="string_385" HPOS="1153" VPOS="2096" WIDTH="120" HEIGHT="30" WC="0.96" CONTENT="därför"/><SP WIDTH="23" VPOS="2096" HPOS="1273"/>
							<String ID="string_386" HPOS="1296" VPOS="2097" WIDTH="77" HEIGHT="30" WC="0.96" CONTENT="icke"/><SP WIDTH="24" VPOS="2097" HPOS="1373"/>
							<String ID="string_387" HPOS="1397" VPOS="2098" WIDTH="155" HEIGHT="40" WC="0.96" CONTENT="påkallat"/><SP WIDTH="25" VPOS="2098" HPOS="1552"/>
							<String ID="string_388" HPOS="1577" VPOS="2102" WIDTH="52" HEIGHT="28" WC="0.96" CONTENT="att"/><SP WIDTH="24" VPOS="2102" HPOS="1629"/>
							<String ID="string_389" HPOS="1653" VPOS="2100" WIDTH="104" HEIGHT="39" WC="0.96" CONTENT="något"/>
						</TextLine>
						<TextLine ID="line_38" HPOS="258" VPOS="2141" WIDTH="1500" HEIGHT="46">
							<String ID="string_390" HPOS="258" VPOS="2141" WIDTH="144" HEIGHT="31" WC="0.96" CONTENT="särskilt"/><SP WIDTH="25" VPOS="2141" HPOS="402"/>
							<String ID="string_391" HPOS="427" VPOS="2142" WIDTH="191" HEIGHT="39" WC="0.96" CONTENT="stadgande"/><SP WIDTH="25" VPOS="2142" HPOS="618"/>
							<String ID="string_392" HPOS="643" VPOS="2143" WIDTH="177" HEIGHT="31" WC="0.96" CONTENT="meddelas"/><SP WIDTH="25" VPOS="2143" HPOS="820"/>
							<String ID="string_393" HPOS="845" VPOS="2144" WIDTH="177" HEIGHT="40" WC="0.96" CONTENT="angående"/><SP WIDTH="26" VPOS="2144" HPOS="1022"/>
							<String ID="string_394" HPOS="1048" VPOS="2146" WIDTH="323" HEIGHT="41" WC="0.96" CONTENT="gränsdragningen"/><SP WIDTH="26" VPOS="2146" HPOS="1371"/>
							<String ID="string_395" HPOS="1397" VPOS="2149" WIDTH="128" HEIGHT="30" WC="0.93" CONTENT="mellan"/><SP WIDTH="26" VPOS="2149" HPOS="1525"/>
							<String ID="string_396" HPOS="1551" VPOS="2149" WIDTH="207" HEIGHT="32" WC="0.92" CONTENT="domstolar-"/>
						</TextLine>
						<TextLine ID="line_39" HPOS="257" VPOS="2192" WIDTH="1500" HEIGHT="47">
							<String ID="string_397" HPOS="257" VPOS="2200" WIDTH="62" HEIGHT="23" WC="0.90" CONTENT="nas"/><SP WIDTH="18" VPOS="2200" HPOS="319"/>
							<String ID="string_398" HPOS="337" VPOS="2193" WIDTH="67" HEIGHT="29" WC="0.97" CONTENT="och"/><SP WIDTH="17" VPOS="2193" HPOS="404"/>
							<String ID="string_399" HPOS="421" VPOS="2192" WIDTH="42" HEIGHT="31" WC="0.97" CONTENT="de"/><SP WIDTH="17" VPOS="2192" HPOS="463"/>
							<String ID="string_400" HPOS="480" VPOS="2193" WIDTH="284" HEIGHT="32" WC="0.96" CONTENT="administrativa"/><SP WIDTH="16" VPOS="2193" HPOS="764"/>
							<String ID="string_401" HPOS="780" VPOS="2194" WIDTH="309" HEIGHT="40" WC="0.96" CONTENT="myndigheternas"/><SP WIDTH="18" VPOS="2194" HPOS="1089"/>
							<String ID="string_402" HPOS="1107" VPOS="2197" WIDTH="206" HEIGHT="40" WC="0.96" CONTENT="kompetens"/><SP WIDTH="18" VPOS="2197" HPOS="1313"/>
							<String ID="string_403" HPOS="1331" VPOS="2198" WIDTH="11" HEIGHT="29" WC="0.93" CONTENT="i"/><SP WIDTH="19" VPOS="2198" HPOS="1342"/>
							<String ID="string_404" HPOS="1361" VPOS="2199" WIDTH="312" HEIGHT="40" WC="0.91" CONTENT="förköpsärenden."/><SP WIDTH="20" VPOS="2199" HPOS="1673"/>
							<String ID="string_405" HPOS="1693" VPOS="2201" WIDTH="64" HEIGHT="30" WC="0.96" CONTENT="Det"/>
						</TextLine>
						<TextLine ID="line_40" HPOS="256" VPOS="2243" WIDTH="1500" HEIGHT="47">
							<String ID="string_406" HPOS="256" VPOS="2243" WIDTH="97" HEIGHT="30" WC="0.95" CONTENT="torde"/><SP WIDTH="20" VPOS="2243" HPOS="353"/>
							<String ID="string_407" HPOS="373" VPOS="2243" WIDTH="31" HEIGHT="40" WC="0.95" CONTENT="ej"/><SP WIDTH="21" VPOS="2243" HPOS="404"/>
							<String ID="string_408" HPOS="425" VPOS="2243" WIDTH="109" HEIGHT="31" WC="0.96" CONTENT="heller"/><SP WIDTH="17" VPOS="2243" HPOS="534"/>
							<String ID="string_409" HPOS="551" VPOS="2253" WIDTH="44" HEIGHT="22" WC="0.96" CONTENT="av"/><SP WIDTH="18" VPOS="2253" HPOS="595"/>
							<String ID="string_410" HPOS="613" VPOS="2245" WIDTH="112" HEIGHT="30" WC="0.96" CONTENT="andra"/><SP WIDTH="18" VPOS="2245" HPOS="725"/>
							<String ID="string_411" HPOS="743" VPOS="2245" WIDTH="74" HEIGHT="30" WC="0.96" CONTENT="skäl"/><SP WIDTH="20" VPOS="2245" HPOS="817"/>
							<String ID="string_412" HPOS="837" VPOS="2255" WIDTH="84" HEIGHT="21" WC="0.96" CONTENT="vara"/><SP WIDTH="18" VPOS="2255" HPOS="921"/>
							<String ID="string_413" HPOS="939" VPOS="2246" WIDTH="174" HEIGHT="40" WC="0.96" CONTENT="behövligt"/><SP WIDTH="20" VPOS="2246" HPOS="1113"/>
							<String ID="string_414" HPOS="1133" VPOS="2249" WIDTH="50" HEIGHT="29" WC="0.96" CONTENT="att"/><SP WIDTH="19" VPOS="2249" HPOS="1183"/>
							<String ID="string_415" HPOS="1202" VPOS="2248" WIDTH="116" HEIGHT="31" WC="0.96" CONTENT="införa"/><SP WIDTH="18" VPOS="2248" HPOS="1318"/>
							<String ID="string_416" HPOS="1336" VPOS="2258" WIDTH="44" HEIGHT="20" WC="0.95" CONTENT="en"/><SP WIDTH="19" VPOS="2258" HPOS="1380"/>
							<String ID="string_417" HPOS="1399" VPOS="2250" WIDTH="190" HEIGHT="40" WC="0.93" CONTENT="uttrycklig"/><SP WIDTH="18" VPOS="2250" HPOS="1589"/>
							<String ID="string_418" HPOS="1607" VPOS="2251" WIDTH="149" HEIGHT="31" WC="0.92" CONTENT="bestäm-"/>
						</TextLine>
						<TextLine ID="line_41" HPOS="255" VPOS="2293" WIDTH="1501" HEIGHT="48">
							<String ID="string_419" HPOS="255" VPOS="2293" WIDTH="106" HEIGHT="31" WC="0.91" CONTENT="melse"/><SP WIDTH="19" VPOS="2293" HPOS="361"/>
							<String ID="string_420" HPOS="380" VPOS="2302" WIDTH="58" HEIGHT="21" WC="0.96" CONTENT="om"/><SP WIDTH="19" VPOS="2302" HPOS="438"/>
							<String ID="string_421" HPOS="457" VPOS="2295" WIDTH="50" HEIGHT="29" WC="0.96" CONTENT="att"/><SP WIDTH="18" VPOS="2295" HPOS="507"/>
							<String ID="string_422" HPOS="525" VPOS="2294" WIDTH="152" HEIGHT="31" WC="0.94" CONTENT="domstol"/><SP WIDTH="19" VPOS="2294" HPOS="677"/>
							<String ID="string_423" HPOS="696" VPOS="2295" WIDTH="30" HEIGHT="40" WC="0.96" CONTENT="ej"/><SP WIDTH="22" VPOS="2295" HPOS="726"/>
							<String ID="string_424" HPOS="748" VPOS="2297" WIDTH="81" HEIGHT="38" WC="0.96" CONTENT="äger"/><SP WIDTH="17" VPOS="2297" HPOS="829"/>
							<String ID="string_425" HPOS="846" VPOS="2295" WIDTH="83" HEIGHT="40" WC="0.96" CONTENT="ingå"/><SP WIDTH="17" VPOS="2295" HPOS="929"/>
							<String ID="string_426" HPOS="946" VPOS="2297" WIDTH="45" HEIGHT="39" WC="0.96" CONTENT="på"/><SP WIDTH="18" VPOS="2297" HPOS="991"/>
							<String ID="string_427" HPOS="1009" VPOS="2297" WIDTH="136" HEIGHT="40" WC="0.96" CONTENT="frågan,"/><SP WIDTH="20" VPOS="2297" HPOS="1145"/>
							<String ID="string_428" HPOS="1165" VPOS="2298" WIDTH="173" HEIGHT="31" WC="0.95" CONTENT="huruvida"/><SP WIDTH="19" VPOS="2298" HPOS="1338"/>
							<String ID="string_429" HPOS="1357" VPOS="2300" WIDTH="261" HEIGHT="31" WC="0.93" CONTENT="vederbörande"/><SP WIDTH="18" VPOS="2300" HPOS="1618"/>
							<String ID="string_430" HPOS="1636" VPOS="2301" WIDTH="120" HEIGHT="40" WC="0.92" CONTENT="fastig-"/>
						</TextLine>
						<TextLine ID="line_42" HPOS="255" VPOS="2343" WIDTH="1499" HEIGHT="48">
							<String ID="string_431" HPOS="255" VPOS="2343" WIDTH="58" HEIGHT="30" WC="0.96" CONTENT="het"/><SP WIDTH="21" VPOS="2343" HPOS="313"/>
							<String ID="string_432" HPOS="334" VPOS="2344" WIDTH="39" HEIGHT="29" WC="0.96" CONTENT="är"/><SP WIDTH="21" VPOS="2344" HPOS="373"/>
							<String ID="string_433" HPOS="394" VPOS="2343" WIDTH="160" HEIGHT="41" WC="0.95" CONTENT="behövlig"/><SP WIDTH="20" VPOS="2343" HPOS="554"/>
							<String ID="string_434" HPOS="574" VPOS="2344" WIDTH="58" HEIGHT="31" WC="0.93" CONTENT="för"/><SP WIDTH="19" VPOS="2344" HPOS="632"/>
							<String ID="string_435" HPOS="651" VPOS="2345" WIDTH="477" HEIGHT="41" WC="0.91" CONTENT="rationaliseringsändamål."/><SP WIDTH="23" VPOS="2345" HPOS="1128"/>
							<String ID="string_436" HPOS="1151" VPOS="2348" WIDTH="122" HEIGHT="31" WC="0.96" CONTENT="Denna"/><SP WIDTH="23" VPOS="2348" HPOS="1273"/>
							<String ID="string_437" HPOS="1296" VPOS="2350" WIDTH="187" HEIGHT="38" WC="0.96" CONTENT="grundsats"/><SP WIDTH="22" VPOS="2350" HPOS="1483"/>
							<String ID="string_438" HPOS="1505" VPOS="2351" WIDTH="52" HEIGHT="30" WC="0.96" CONTENT="lär"/><SP WIDTH="22" VPOS="2351" HPOS="1557"/>
							<String ID="string_439" HPOS="1579" VPOS="2352" WIDTH="175" HEIGHT="39" WC="0.96" CONTENT="nämligen"/>
						</TextLine>
						<TextLine ID="line_43" HPOS="255" VPOS="2394" WIDTH="1500" HEIGHT="47">
							<String ID="string_440" HPOS="255" VPOS="2394" WIDTH="122" HEIGHT="31" WC="0.96" CONTENT="kunna"/><SP WIDTH="28" VPOS="2394" HPOS="377"/>
							<String ID="string_441" HPOS="405" VPOS="2403" WIDTH="102" HEIGHT="22" WC="0.96" CONTENT="anses"/><SP WIDTH="27" VPOS="2403" HPOS="507"/>
							<String ID="string_442" HPOS="534" VPOS="2404" WIDTH="85" HEIGHT="22" WC="0.95" CONTENT="vara"/><SP WIDTH="29" VPOS="2404" HPOS="619"/>
							<String ID="string_443" HPOS="648" VPOS="2395" WIDTH="145" HEIGHT="32" WC="0.96" CONTENT="allmänt"/><SP WIDTH="29" VPOS="2395" HPOS="793"/>
							<String ID="string_444" HPOS="822" VPOS="2396" WIDTH="144" HEIGHT="31" WC="0.93" CONTENT="erkänd."/><SP WIDTH="29" VPOS="2396" HPOS="966"/>
							<String ID="string_445" HPOS="995" VPOS="2397" WIDTH="191" HEIGHT="40" WC="0.92" CONTENT="Lagrådets"/><SP WIDTH="28" VPOS="2397" HPOS="1186"/>
							<String ID="string_446" HPOS="1214" VPOS="2399" WIDTH="210" HEIGHT="31" WC="0.96" CONTENT="hemställan"/><SP WIDTH="29" VPOS="2399" HPOS="1424"/>
							<String ID="string_447" HPOS="1453" VPOS="2401" WIDTH="44" HEIGHT="40" WC="0.96" CONTENT="på"/><SP WIDTH="28" VPOS="2401" HPOS="1497"/>
							<String ID="string_448" HPOS="1525" VPOS="2401" WIDTH="230" HEIGHT="31" WC="0.94" CONTENT="förevarande"/>
						</TextLine>
						<TextLine ID="line_44" HPOS="255" VPOS="2444" WIDTH="1160" HEIGHT="45">
							<String ID="string_449" HPOS="255" VPOS="2444" WIDTH="113" HEIGHT="39" WC="0.95" CONTENT="punkt"/><SP WIDTH="21" VPOS="2444" HPOS="368"/>
							<String ID="string_450" HPOS="389" VPOS="2445" WIDTH="65" HEIGHT="30" WC="0.95" CONTENT="har"/><SP WIDTH="20" VPOS="2445" HPOS="454"/>
							<String ID="string_451" HPOS="474" VPOS="2445" WIDTH="120" HEIGHT="31" WC="0.96" CONTENT="därför"/><SP WIDTH="19" VPOS="2445" HPOS="594"/>
							<String ID="string_452" HPOS="613" VPOS="2447" WIDTH="31" HEIGHT="39" WC="0.96" CONTENT="ej"/><SP WIDTH="24" VPOS="2447" HPOS="644"/>
							<String ID="string_453" HPOS="668" VPOS="2446" WIDTH="165" HEIGHT="31" WC="0.96" CONTENT="föranlett"/><SP WIDTH="20" VPOS="2446" HPOS="833"/>
							<String ID="string_454" HPOS="853" VPOS="2447" WIDTH="114" HEIGHT="40" WC="0.96" CONTENT="någon"/><SP WIDTH="21" VPOS="2447" HPOS="967"/>
							<String ID="string_455" HPOS="988" VPOS="2448" WIDTH="149" HEIGHT="40" WC="0.95" CONTENT="ändring"/><SP WIDTH="20" VPOS="2448" HPOS="1137"/>
							<String ID="string_456" HPOS="1157" VPOS="2458" WIDTH="42" HEIGHT="21" WC="0.95" CONTENT="av"/><SP WIDTH="20" VPOS="2458" HPOS="1199"/>
							<String ID="string_457" HPOS="1219" VPOS="2449" WIDTH="196" HEIGHT="40" WC="0.93" CONTENT="förslaget.»"/>
						</TextLine>
					</TextBlock>
				</ComposedBlock>
			</PrintSpace>
		</Page>
	</Layout>
</alto>
