1852 2796
477 149 123 40 Tredje
626 148 247 40 lagutskottets
899 147 178 31 utlåtande
1103 157 44 20 nr
1170 146 30 30 2.
1545 143 39 30 27

124 235 14 29 I
154 234 189 39 anledning
360 243 43 20 av
419 233 42 30 de
477 233 63 29 här
557 231 179 40 återgivna
751 231 212 39 yttrandena
980 230 81 30 från
1078 230 174 39 lagrådets
1270 229 190 29 ledamöter
1477 227 104 30 anför

82 283 403 41 departementschefen:

127 337 142 30 »Såsom
287 336 60 39 jag
366 334 165 31 framhöll
549 333 58 30 vid
626 332 171 32 remissen
814 331 54 30 till
887 331 156 40 lagrådet
1063 331 86 39 gåvo
1169 330 285 30 erfarenheterna
1473 329 109 30 redan

82 387 45 31 då
145 387 59 30 vid
223 386 150 34 handen,
394 386 51 28 att
464 383 359 40 tillvägagångssättet
843 383 80 29 med
944 381 232 40 arrangerade
1197 380 186 30 exekutiva
1403 378 184 31 auktioner

82 438 69 29 fått
171 436 257 41 jämförelsevis
452 437 72 28 stor
545 434 221 39 utbredning.
790 433 114 31 Sedan
927 433 78 30 dess
1029 432 46 31 ha
1096 431 200 40 ytterligare
1320 430 64 31 fall
1406 440 42 21 av
1468 429 120 40 dylika

83 488 187 30 auktioner
292 486 151 31 kommit
465 486 53 29 till
540 485 75 30 min
639 484 210 35 kännedom,
874 484 65 30 och
961 483 88 30 intet
1072 482 147 40 antyder
1242 483 51 29 att
1318 481 116 40 någon
1455 480 134 31 minsk-

83 539 87 39 ning
189 548 42 21 av
251 539 102 29 deras
372 538 95 30 antal
489 537 111 30 skulle
621 545 61 21 var
703 538 51 28 att
773 537 109 29 vänta
900 536 55 29 för
976 535 202 30 framtiden.

128 590 80 30 Med
229 589 190 39 anledning
440 597 42 21 av
502 588 68 29 den
591 587 111 30 kritik
723 596 75 21 som
819 586 82 30 från
923 586 175 39 lagrådets
1121 585 76 30 sida
1216 584 128 31 riktats
1366 586 73 28 mot
1461 582 125 31 försla-

85 642 56 37 get
163 640 11 29 i
195 640 68 30 vad
284 641 58 29 det
364 647 100 22 avser
485 638 142 30 förvärv
650 637 45 40 på
717 636 164 30 exekutiv
903 636 147 30 auktion
1071 634 61 31 vill
1153 635 61 39 jag
1235 633 200 37 framhålla,
1457 633 52 30 att
1531 633 59 30 det

84 691 93 30 ända
198 690 80 31 från
298 689 128 40 början
446 688 89 31 varit
557 688 168 31 förutsatt
745 689 51 28 att
817 687 127 39 frågan
963 696 57 20 om
1040 685 258 39 behandlingen
1319 694 43 21 av
1382 683 118 40 dylika
1519 683 71 30 för-

84 742 85 30 värv
187 741 112 30 skulle
317 741 172 40 upptagas
507 739 54 30 till
578 739 144 39 förnyat
738 737 249 39 övervägande,
1006 746 57 22 om
1082 737 59 30 det
1158 735 118 31 visade
1297 736 52 38 sig
1367 736 51 29 att
1436 734 67 30 den
1520 733 71 31 fria

83 793 239 39 inropsrätten
344 790 203 31 föranledde
569 788 347 31 missförhållanden.
940 787 281 31 Statsmakterna
1241 786 47 30 ha
1311 785 149 31 sålunda
1481 785 111 30 redan

84 843 127 39 intagit
231 843 67 29 den
320 841 264 40 ståndpunkten
605 842 51 29 att
679 840 104 39 något
806 838 196 40 avgörande
1023 837 127 31 hinder
1171 838 73 29 mot
1264 838 52 29 att
1337 837 83 39 göra
1438 835 153 40 jordför-

84 894 207 38 värvslagen
312 892 186 39 tillämplig
517 891 45 41 på
583 890 185 31 exekutiva
788 890 142 30 förvärv
949 889 76 30 icke
1046 888 186 40 föreligger
1251 888 45 41 på
1317 888 68 29 den
1407 887 111 39 grund
1539 886 51 30 att

85 945 120 38 lagens
229 942 229 41 giltighetstid
481 943 37 29 är
540 941 205 40 begränsad.
769 941 67 29 För
859 940 112 39 övrigt
993 939 98 31 torde
1114 938 214 40 farhågorna
1350 939 52 28 att
1425 937 167 39 förslaget

87 995 114 30 skulle
224 995 144 29 komma
393 994 52 29 att
469 993 77 30 leda
569 992 54 30 till
648 1001 44 20 en
715 991 131 30 allmän
870 990 176 39 sänkning
1069 999 44 21 av
1135 989 160 41 priserna
1317 988 47 41 på
1385 987 207 41 jordbruks-

85 1045 207 39 fastigheter
311 1045 176 39 knappast
506 1052 84 21 vara
610 1041 178 40 befogade.
809 1040 170 40 Prisläget
1000 1041 46 40 på
1067 1038 407 41 fastighetsmarknaden
1492 1037 100 30 torde

86 1097 78 29 icke
181 1096 11 29 i
210 1096 114 39 någon
340 1095 107 39 högre
466 1094 83 40 grad
566 1093 171 40 påverkas
756 1102 43 20 av
816 1092 42 30 de
876 1091 391 40 försäljningssummor
1285 1098 76 22 som
1378 1088 137 41 uppnås
1533 1087 59 31 vid

87 1147 186 29 exekutiva
295 1145 195 31 auktioner.
513 1144 95 30 även
632 1144 67 29 vad
722 1142 152 38 lagrådet
899 1142 117 30 anfört
1040 1151 58 21 om
1122 1141 160 30 riskerna
1304 1140 57 30 för
1385 1139 106 40 lojala
1515 1139 78 29 kre-

87 1197 169 39 ditgivare
275 1206 45 20 m.
340 1196 39 30 fl.
400 1204 102 31 synes
520 1195 72 39 mig
613 1194 204 31 överdrivet.
839 1193 121 30 Redan
978 1193 55 30 för
1052 1191 219 31 närvarande
1289 1191 113 30 måste
1419 1190 41 40 ju
1479 1198 44 21 en
1541 1189 53 30 in-

87 1248 326 39 teckningshavare,
437 1255 76 21 som
534 1245 145 40 inropar
702 1254 43 21 en
769 1244 169 39 fastighet
961 1244 46 40 på
1030 1242 163 31 exekutiv
1217 1241 147 31 auktion
1389 1241 65 30 och
1480 1240 114 30 seder-

86 1307 98 22 mera
204 1298 61 30 vill
286 1298 138 40 avyttra
445 1297 76 34 den,
544 1297 113 29 räkna
677 1296 79 30 med
778 1297 51 28 att
850 1294 212 40 försäljning
1083 1294 72 29 kan
1176 1293 60 30 ske
1260 1293 124 30 endast
1405 1291 52 30 till
1478 1291 116 39 någon

89 1358 76 21 som
191 1350 71 29 kan
289 1349 203 39 godkännas
520 1347 108 39 enligt
652 1346 355 40 jordförvärvslagen.
1036 1344 182 30 Praktiskt
1246 1344 94 39 taget
1367 1342 69 30 alla
1461 1341 133 31 sådana

88 1409 168 31 personer
273 1400 99 30 skola
391 1399 106 40 enligt
515 1398 167 39 förslaget
699 1398 122 29 kunna
839 1396 174 40 uppträda
1032 1404 77 21 som
1126 1396 129 39 köpare
1274 1396 88 28 även
1380 1394 57 30 vid
1455 1393 139 39 tvångs-

88 1450 223 39 försäljning,
333 1450 65 30 och
418 1449 270 29 konkurrensen
708 1447 63 30 bör
791 1446 121 31 därför
932 1446 12 29 i
967 1445 193 31 allmänhet
1180 1445 121 29 kunna
1322 1443 49 30 bli
1392 1442 203 39 tillräckligt

89 1502 74 30 stor
185 1501 55 30 för
263 1502 51 28 att
335 1501 50 28 ett
405 1499 128 39 skäligt
552 1498 73 41 pris
647 1498 90 30 skall
758 1497 149 40 uppnås.
929 1496 76 30 Den
1026 1495 175 31 särskilda
1222 1493 300 39 säkerhetsregeln
1543 1492 52 30 att

89 1551 214 39 försäljning
319 1551 30 39 ej
370 1550 60 30 må
446 1550 61 29 ske
526 1549 53 30 till
597 1549 94 39 lägre
709 1548 72 40 pris
801 1549 45 29 än
865 1547 59 30 det
941 1555 74 21 som
1034 1546 111 30 åsatts
1163 1545 211 39 fastigheten
1392 1543 57 31 vid
1466 1544 129 29 utmät-

89 1602 278 39 ningsmannens
390 1599 185 42 värdering
597 1599 99 31 torde
719 1597 224 40 följaktligen
966 1597 30 40 ej
1023 1596 135 30 behöva
1179 1595 178 40 tillämpas
1383 1595 107 29 annat
1515 1595 46 29 än
1584 1592 12 30 i

89 1651 276 41 undantagsfall.
387 1651 131 30 Värdet
540 1659 44 22 av
607 1650 115 30 denna
744 1649 92 39 regel
858 1648 72 30 kan
952 1647 223 39 naturligtvis
1198 1646 165 31 bedömas
1389 1644 102 35 olika,
1514 1653 82 21 men

90 1704 58 29 för
171 1703 76 30 min
271 1702 55 30 del
352 1711 104 21 anser
480 1701 61 40 jag
565 1701 68 30 den
657 1709 84 21 vara
766 1701 114 38 ägnad
906 1700 50 29 att
980 1698 128 30 bereda
1132 1698 49 29 ett
1207 1697 39 30 så
1270 1695 325 31 tillfredsställande

91 1754 114 39 skydd
223 1762 76 21 som
316 1752 162 39 rimligen
495 1752 71 30 kan
584 1752 156 38 begäras.
758 1751 66 39 Jag
843 1750 206 30 förutsätter
1068 1748 124 30 därvid
1210 1749 51 29 att
1278 1746 319 39 utmätningsman-

91 1796 70 38 nen
181 1804 57 30 vid
263 1804 54 30 sin
340 1802 256 41 uppskattning
618 1801 90 30 skall
730 1801 86 29 söka
839 1799 175 31 fastställa
1034 1799 124 30 värdet
1179 1798 47 35 så,
1250 1799 51 29 att
1322 1798 58 29 det
1402 1798 195 28 motsvarar

91 1855 67 30 vad
177 1864 76 21 som
272 1855 72 29 kan
363 1853 172 30 beräknas
555 1852 128 39 inflyta
700 1852 58 30 vid
776 1850 146 40 frivillig
940 1850 222 39 försäljning.
1181 1848 65 30 Vid
1267 1847 171 31 remissen
1455 1846 53 30 till
1527 1847 71 38 lag-

91 1905 100 30 rådet
212 1905 65 29 har
296 1905 61 39 jag
377 1904 118 29 anfört
516 1904 51 29 att
588 1902 376 38 utmätningsmannen
969 1892 21 56 i
1017 1900 64 30 fall
1101 1908 121 21 varom
1244 1907 48 21 nu
1315 1899 39 29 är
1375 1898 100 38 fråga
1498 1896 99 30 alltid

92 1957 119 37 syntes
232 1955 84 30 böra
335 1954 162 30 samråda
515 1954 80 29 med
615 1951 365 31 lantbruksnämnden
1001 1950 65 30 och
1085 1951 52 28 att
1156 1948 221 31 föreskrifter
1397 1957 56 21 om
1472 1947 126 30 sådant

93 2006 141 29 samråd
254 2005 106 31 borde
382 2004 177 30 meddelas
581 2003 11 29 i
613 2002 261 32 administrativ
896 2000 158 40 ordning.
1075 2000 54 30 En
1151 2009 42 21 av
1213 1999 174 39 lagrådets
1408 1998 190 29 ledamöter

92 2057 65 29 har
177 2057 109 38 yttrat
307 2057 51 28 att
379 2056 58 28 det
456 2055 79 29 med
556 2054 138 38 hänsyn
715 2053 54 29 till
790 2051 384 31 lantbruksnämndens
1196 2049 166 40 ställning
1383 2048 75 30 icke
1479 2048 119 30 kunde

93 2116 85 20 vara
202 2106 158 40 lämpligt
386 2107 51 28 att
461 2106 66 28 den
551 2104 95 39 finge
671 2104 105 29 utöva
802 2103 104 39 något
930 2101 195 40 inflytande
1150 2100 45 38 på
1217 2099 237 37 värderingen.
1478 2098 120 30 Denna

94 2157 91 29 åsikt
210 2157 69 29 kan
301 2157 58 36 jag
384 2156 75 29 icke
484 2155 85 29 dela.
593 2152 414 31 Lantbruksnämnderna
1030 2152 37 29 få
1091 2159 123 29 genom
1238 2151 53 28 sin
1314 2148 219 31 verksamhet
1556 2157 43 20 en

95 2208 65 38 god
176 2207 175 30 överblick
367 2207 80 29 över
463 2204 406 39 fastighetsmarknaden
885 2203 11 28 i
912 2204 97 28 orten
1026 2202 64 30 och
1107 2202 84 29 böra
1207 2201 120 29 därför
1342 2201 122 28 kunna
1481 2200 118 28 lämna

94 2257 375 38 utmätningsmannen
491 2264 42 20 en
555 2254 174 31 värdefull
752 2253 109 39 hjälp.
887 2253 120 38 Någon
1030 2252 78 30 fara
1131 2252 55 28 för
1209 2252 50 28 att
1281 2250 218 30 nämnderna
1522 2249 78 29 där-

94 2308 58 29 vid
170 2307 112 29 skulle
300 2307 71 29 låta
390 2306 52 38 sig
459 2305 170 39 påverkas
648 2313 42 20 av
708 2303 187 37 obehöriga
914 2303 137 37 hänsyn
1068 2301 98 29 torde
1184 2301 75 29 icke
1276 2309 84 21 vara
1377 2299 55 30 för
1448 2299 151 29 handen.

142 2358 121 30 Såsom
290 2357 216 30 sistnämnde
532 2356 152 29 ledamot
711 2354 195 29 framhållit
932 2353 69 29 kan
1027 2354 73 27 mot
1128 2352 56 29 det
1211 2351 197 37 föreslagna
1435 2350 165 38 systemet

95 2408 80 29 med
202 2405 395 41 avyttringsskyldighet
623 2404 180 33 invändas,
830 2404 51 28 att
906 2403 57 28 det
989 2402 74 29 icke
1091 2401 203 30 förhindrar
1320 2401 51 28 att
1395 2399 206 39 jordbruks-

96 2458 205 39 fastigheter
319 2457 212 30 åtminstone
547 2455 112 30 under
678 2455 139 28 kortare
837 2453 90 30 tider
943 2453 121 29 kunna
1083 2452 143 29 komma
1244 2452 50 28 att
1313 2451 81 39 ägas
1412 2459 41 20 av
1470 2449 131 39 olämp-
