1852 2794
481 154 123 39 Tredje
630 153 246 40 lagutskottets
903 153 179 30 utlåtande
1106 162 43 19 nr
1173 152 30 29 2.
1551 149 39 30 25

86 237 104 30 fande
211 237 125 39 frågan
356 246 57 21 om
433 236 79 30 hela
533 237 114 29 denna
667 235 239 40 lagstiftnings
927 234 167 31 framtida
1116 234 158 30 bestånd.
1296 234 75 29 Den
1391 232 198 39 utredning,

87 297 74 21 som
184 288 114 29 skulle
319 287 177 30 erfordras
517 287 55 30 för
593 288 47 28 ett
663 286 113 40 dylikt
799 286 248 39 övervägande,
1067 285 65 30 har
1154 285 78 30 icke
1253 284 195 39 förebragts
1469 284 11 29 i
1502 284 89 29 före-

86 339 152 29 varande
256 338 137 30 ärende.
411 338 67 29 Om
496 347 83 20 man
596 337 120 30 därför
733 337 163 30 bedömer
913 336 167 39 förslaget
1096 335 82 30 från
1195 335 68 30 den
1281 334 310 40 utgångspunkten

87 391 50 28 att
156 390 68 29 den
243 389 182 30 definitiva
446 388 183 39 slutdagen
648 389 55 29 för
723 387 284 40 lagstiftningens
1029 386 156 40 giltighet
1205 386 71 29 kan
1295 385 48 30 bli
1363 386 67 29 den
1453 385 40 30 30
1512 384 78 40 juni

89 440 93 34 1953,
206 440 168 30 framstår
397 439 58 30 det
476 439 116 30 såsom
613 439 137 29 mindre
773 438 178 39 antagligt,
976 439 51 28 att
1049 438 41 29 de
1112 446 69 30 nya
1201 436 312 30 bestämmelserna
1535 444 56 20 om

88 490 184 31 exekutiva
291 491 141 29 förvärv
450 491 122 29 kunna
593 490 143 30 komma
756 490 51 29 att
827 489 111 29 under
957 489 67 29 den
1045 487 258 41 jämförelsevis
1323 487 103 29 korta
1445 486 51 30 tid
1517 495 75 20 som

88 541 149 30 återstår
256 541 161 30 effektivt
435 540 88 40 fylla
541 540 60 30 sitt
620 540 101 39 syfte.
741 540 110 29 Dessa
868 539 262 31 bestämmelser
1150 547 105 30 synas
1275 537 178 39 nämligen
1471 537 122 29 kunna

88 593 101 29 träda
203 592 12 29 i
231 591 97 31 kraft
342 591 143 39 tidigast
500 591 110 30 under
625 591 97 30 förra
738 590 136 30 hälften
891 599 42 21 av
948 590 38 30 år
1004 590 93 34 1951,
1113 589 225 29 alldenstund
1355 589 58 29 det
1426 605 46 3 —
1486 587 107 30 sedan

88 643 57 29 det
161 642 223 30 remitterade
403 642 168 39 förslaget
587 641 150 30 kommit
754 641 155 39 lagrådet
927 640 171 30 tillhanda
1116 640 90 29 först
1224 639 39 30 så
1280 640 76 28 sent
1374 640 51 28 att
1443 638 57 30 det
1517 637 76 30 icke

88 693 137 30 kunnat
246 693 169 39 granskas
436 692 76 30 före
533 694 66 29 den
620 692 176 30 ordinarie
817 690 351 41 propositionstidens
1190 690 132 38 utgång
1342 707 45 3 —
1406 688 188 30 tillkänna-

90 744 111 39 givits,
227 745 52 29 att
305 744 115 39 någon
445 742 219 41 proposition
687 742 11 29 i
724 744 119 28 ämnet
867 742 77 29 icke
971 742 159 29 kommer
1157 742 51 28 att
1233 740 195 39 föreläggas
1453 739 141 30 inneva-

89 795 107 29 rande
216 795 57 30 års
294 794 152 39 riksdag.
466 793 52 30 Då
536 793 106 37 enligt
659 793 166 37 förslaget
842 792 107 30 minst
966 791 58 31 två
1042 791 37 31 år
1100 791 99 30 skola
1217 790 146 37 förflyta
1380 790 129 30 mellan
1529 789 66 30 den

89 845 185 30 exekutiva
297 844 192 30 auktionen
511 845 65 29 och
597 853 43 21 en
662 844 111 40 därpå
793 843 157 40 följande
972 841 283 41 tvångsauktion,
1278 850 102 31 synes
1404 841 58 30 det
1485 841 110 39 knap-

89 897 78 38 past
183 895 188 34 sannolikt,
387 896 51 28 att
452 895 105 39 något
574 895 110 29 större
701 894 97 30 antal
813 903 43 23 av
869 894 190 40 inroparna
1074 893 44 40 på
1132 892 164 30 exekutiv
1312 891 147 31 auktion
1473 892 122 29 kunna

90 946 143 30 komma
258 947 51 29 att
333 946 101 30 hotas
460 955 43 21 av
528 945 248 40 efterföljande
801 944 337 40 tvångsförsäljning
1164 944 76 29 före
1267 943 67 30 den
1363 943 15 29 1
1405 942 68 40 juli
1500 941 94 30 1953.

90 997 64 30 Det
172 998 72 29 kan
264 997 20 30 å
303 997 110 29 andra
431 996 102 30 sidan
554 997 75 29 icke
648 996 173 35 förordas,
843 997 50 28 att
911 995 116 39 någon
1045 993 438 40 övergångsbestämmelse
1502 992 94 30 med-

90 1048 95 29 delas
201 1057 42 21 av
259 1047 169 30 innebörd
445 1048 52 29 att
511 1046 312 40 tvångsauktioner
838 1046 112 30 skulle
965 1046 122 29 kunna
1101 1045 113 29 hållas
1230 1044 88 30 efter
1334 1045 68 30 den
1418 1043 176 40 tidpunkt,

90 1098 45 30 då
153 1098 101 39 lagen
274 1098 100 39 eljest
394 1098 154 39 upphört
568 1099 50 28 att
638 1097 105 39 gälla;
766 1098 57 29 det
843 1098 38 29 är
900 1095 177 40 nämligen
1096 1095 231 40 upppenbart,
1350 1096 51 28 att
1421 1103 43 20 en
1487 1093 109 30 sådan

91 1148 197 40 anordning
312 1148 112 30 skulle
449 1148 150 30 framstå
624 1148 117 30 såsom
765 1147 224 39 meningslös,
1017 1146 108 30 sedan
1150 1146 42 29 de
1218 1144 284 41 grundläggande
1526 1144 70 30 för-

90 1199 251 39 budsreglerna
359 1200 86 28 trätt
463 1208 44 20 ur
524 1198 106 30 kraft.

134 1250 66 30 Det
220 1250 63 30 bör
303 1249 56 31 för
378 1249 113 39 övrigt
511 1249 218 36 framhållas,
751 1250 51 29 att
823 1247 255 31 effektiviteten
1100 1256 43 21 av
1164 1247 43 30 de
1227 1246 200 40 föreslagna
1448 1245 149 30 bestäm-

90 1300 175 30 melserna
286 1309 57 22 om
363 1300 186 30 exekutiva
569 1300 141 30 förvärv
729 1300 72 29 kan
821 1299 11 29 i
852 1299 94 31 vissa
966 1298 224 30 hänseenden
1213 1298 109 29 sättas
1343 1297 11 29 i
1378 1297 110 38 fråga,
1511 1297 86 29 även

92 1351 55 30 för
165 1352 68 29 den
252 1351 166 30 händelse
437 1352 51 28 att
505 1350 266 40 lagstiftningen
789 1349 12 30 i
820 1350 77 30 dess
915 1349 118 30 helhet
1053 1348 112 31 skulle
1185 1348 156 30 förlänas
1360 1356 97 21 mera
1474 1347 123 30 varak-

92 1401 48 40 tig
163 1401 168 39 giltighet.
354 1401 81 29 Man
456 1401 98 29 torde
577 1401 148 29 sålunda
746 1400 131 39 nödgas
898 1400 113 29 räkna
1031 1400 78 29 med
1132 1399 67 29 den
1218 1398 236 37 möjligheten,
1475 1399 58 32 att,
1555 1396 43 30 då

92 1452 164 30 exekutiv
275 1451 146 30 auktion
441 1451 120 30 hållits
582 1452 64 29 och
666 1450 286 40 tvåårsperioden
972 1450 124 29 nalkas
1118 1449 60 30 sitt
1201 1449 80 34 slut,
1305 1457 42 21 en
1368 1457 47 30 ny
1436 1447 162 30 exekutiv

95 1503 147 30 auktion
259 1520 46 4 —
323 1512 75 20 som
417 1502 141 39 mycket
576 1502 55 30 väl
650 1502 72 29 kan
741 1510 84 22 vara
844 1501 212 39 arrangerad
1074 1500 75 39 just
1168 1500 12 29 i
1201 1499 91 39 syfte
1312 1500 50 29 att
1382 1498 148 39 kringgå
1549 1497 47 30 la-

94 1562 64 31 gen
177 1572 46 3 —
243 1554 159 29 kommer
423 1553 53 30 till
499 1553 102 30 stånd
623 1553 65 30 och
710 1553 82 30 drar
813 1553 79 30 med
913 1552 52 39 sig
986 1561 42 20 en
1050 1560 46 30 ny
1117 1550 241 41 tvåårsperiod
1379 1559 30 21 o.
1434 1558 26 21 s.
1482 1559 30 20 v.
1534 1549 65 29 Det

92 1604 91 30 lärer
202 1604 77 29 icke
300 1604 108 29 heller
428 1604 123 29 kunna
571 1604 182 34 uteslutas,
775 1604 50 28 att
846 1604 165 38 systemet
1031 1602 79 29 med
1129 1600 324 40 tvångsauktioner,
1475 1599 124 30 sådant

93 1655 57 30 det
171 1655 244 29 konstruerats
436 1653 12 30 i
470 1654 176 39 förslaget,
668 1654 72 29 kan
761 1654 143 29 komma
926 1654 51 28 att
997 1652 74 30 visa
1093 1651 52 40 sig
1168 1651 97 40 långt
1285 1650 94 30 ifrån
1401 1650 99 30 alltid
1522 1650 77 29 leda

93 1704 92 31 fram
208 1704 54 30 till
287 1704 222 39 försäljning,
534 1713 42 21 av
600 1704 66 30 den
691 1703 234 40 anledningen
949 1702 176 40 nämligen
1149 1704 51 28 att
1224 1711 83 21 man
1332 1701 30 39 ej
1389 1700 138 41 uppnår
1552 1701 47 29 ett

92 1755 73 40 pris
185 1764 75 20 som
278 1756 196 28 motsvarar
493 1754 68 29 den
580 1753 122 39 gjorda
720 1753 261 38 värderingen.»

135 1805 290 39 Regeringsrådet
446 1804 152 37 Quensel
615 1804 138 38 yttrade
772 1803 12 29 i
804 1812 134 20 samma
959 1802 186 40 spörsmål:

138 1856 106 28 »Hela
263 1856 164 37 systemet
443 1855 80 28 med
543 1853 394 39 avyttringsskyldighet
953 1853 12 28 i
982 1853 114 29 stället
1114 1852 55 29 för
1186 1851 125 30 hinder
1328 1853 73 27 mot
1419 1851 174 29 förvärvet

94 1905 86 30 lider
196 1914 44 21 av
254 1904 200 39 betänkliga
469 1904 136 33 brister,
622 1913 74 20 som
712 1903 11 29 i
740 1903 229 30 förevarande
985 1902 63 29 fall
1063 1902 177 39 knappast
1257 1902 122 29 kunna
1395 1910 102 20 anses
1514 1909 85 31 upp-

94 1956 104 37 vägas
219 1965 43 20 av
279 1955 163 29 fördelar.
463 1955 13 28 I
495 1955 94 28 detta
607 1954 199 29 hänseende
825 1953 139 29 märkes
983 1952 45 29 bl.
1047 1961 29 21 a.
1096 1952 168 39 följande.

137 2005 263 39 Tvångsåtgärd
421 2005 56 29 för
498 2005 218 29 utkrävande
737 2014 43 20 av
799 2013 42 20 en
863 2002 395 40 avyttringsskyldighet
1277 2001 66 30 blir
1363 2002 75 29 ofta
1458 2003 47 28 ett
1526 2001 74 29 svå-

94 2065 76 20 rare
190 2056 147 39 ingrepp
358 2057 44 27 än
424 2057 48 27 ett
493 2055 45 39 på
558 2055 152 30 förhand
734 2055 70 38 lagt
827 2054 124 29 hinder
974 2055 73 28 mot
1067 2053 186 33 förvärvet,
1276 2052 65 30 och
1362 2053 56 29 för
1439 2052 160 38 mången,

96 2115 73 21 som
186 2106 31 39 ej
237 2106 78 30 haft
332 2115 41 20 en
390 2106 106 29 tanke
515 2106 44 39 på
575 2107 50 28 att
641 2106 86 29 söka
744 2104 146 39 kringgå
907 2104 100 38 lagen
1026 2104 54 29 för
1097 2105 50 27 att
1164 2104 180 29 åtkomma
1363 2112 42 19 en
1423 2102 176 38 fastighet,

95 2157 112 28 skulle
226 2157 184 29 frestelsen
428 2157 51 28 att
500 2156 84 29 söka
604 2156 144 29 komma
766 2155 94 29 ifrån
879 2153 439 40 avyttringsskyldigheten
1340 2153 83 29 eller
1442 2152 158 38 fördröja

95 2207 77 29 dess
193 2207 218 29 utkrävande
432 2206 177 38 lätteligen
628 2206 47 29 bli
697 2205 227 37 övermäktig,
945 2214 56 20 om
1022 2205 57 28 det
1100 2204 111 38 gällde
1232 2205 49 27 att
1302 2203 135 38 skydda
1458 2202 51 38 sig
1528 2203 72 28 mot

95 2257 138 29 förlust.
253 2257 120 34 Tiden,
392 2256 96 29 inom
508 2255 116 30 vilken
642 2255 220 39 avyttringen
881 2255 89 29 skall
989 2255 70 33 ske,
1078 2254 117 29 kunde
1213 2254 210 37 obehörigen
1442 2252 158 38 uttänjas

97 2314 122 31 genom
241 2308 51 28 att
314 2306 162 30 exekutiv
499 2306 145 28 auktion
667 2305 250 38 arrangerades
939 2304 112 29 under
1071 2304 114 29 denna
1208 2303 60 34 tid,
1291 2303 64 29 och
1377 2303 95 29 detta
1494 2302 107 29 förfa-

97 2357 107 29 rande
230 2357 118 29 kunde
373 2365 176 30 upprepas
575 2356 87 29 flera
689 2355 138 38 gånger,
853 2355 38 29 så
915 2356 51 28 att
991 2363 47 30 ny
1064 2354 107 39 respit
1197 2353 148 30 erhölles
1371 2353 39 29 så
1436 2354 97 27 snart
1559 2361 41 20 en

96 2407 251 30 förutvarande
366 2406 110 30 sådan
497 2406 167 29 nalkades
687 2405 60 30 sitt
769 2405 79 29 slut.

141 2458 69 35 Att,
231 2466 56 20 om
307 2466 81 20 man
408 2456 59 30 vill
488 2456 124 29 hindra
633 2456 92 30 vissa
747 2455 193 38 kategorier
962 2456 50 28 att
1032 2454 161 30 förvärva
1212 2453 90 39 jord,
1322 2454 89 29 dock
1434 2453 69 29 låta
1523 2453 77 29 dem
