1882 2806
529 138 120 31 Första
670 138 231 38 lagutskottets
919 138 174 31 utlåtande
1114 147 41 21 nr
1174 140 27 28 9.
1595 140 18 30 5

123 237 206 31 stämmelsen
352 236 183 32 avvikande
557 236 122 38 praxis,
702 240 50 27 att
776 236 65 38 gift
863 236 124 31 kvinna
1011 235 169 32 använder
1202 236 58 31 sitt
1283 235 108 39 gamla
1413 235 197 31 släktnamn.

124 283 50 31 Då
198 282 270 32 erfarenheterna
490 282 142 31 rörande
655 281 200 39 verkningar
878 292 41 20 av
942 282 18 30 5
983 281 75 38 kap.
1083 282 39 30 15
1146 280 16 39 $
1187 280 304 39 giftermålsbalken
1513 290 99 28 synas

124 328 75 38 giva
222 328 56 31 vid
302 327 141 37 handen,
470 331 49 27 att
545 326 40 32 de
609 326 210 39 principiella
844 326 193 31 fördelarna
1061 337 42 20 ur
1128 326 418 38 identifieringssynpunkt
1571 335 41 21 av

123 373 339 38 namngemenskapen
480 372 53 31 för
551 372 113 31 makar
680 372 70 31 icke
767 373 157 37 uppväga
940 382 78 27 nyss
1034 371 140 31 berörda
1190 370 177 32 nackdelar
1384 370 113 38 därav,
1517 380 96 21 anser

122 418 169 35 utskottet,
313 422 49 27 att
382 417 63 32 den
465 418 10 30 i
497 417 205 31 motionerna
722 416 187 32 framförda
929 417 120 37 frågan
1070 427 51 21 om
1142 426 39 21 en
1200 416 250 39 uppmjukning
1471 426 41 21 av
1531 415 80 31 ifrå-

123 464 187 36 gavarande
329 463 278 38 lagbestämmelse
625 463 59 30 bör
703 464 95 35 göras
817 462 52 31 till
889 462 139 31 föremål
1047 462 54 31 för
1120 471 39 22 en
1178 461 190 37 utredning.
1389 460 223 32 Beträffande

121 508 64 31 den
202 510 152 29 närmare
371 508 204 31 innebörden
592 518 41 20 av
651 517 39 21 en
708 507 200 39 lagändring
926 507 61 31 har
1006 507 87 30 inom
1113 506 158 32 utskottet
1289 506 203 38 ifrågasatts,
1511 505 101 31 huru-

122 553 78 32 vida
226 553 212 39 möjligheten
466 553 54 31 för
546 553 120 31 hustru
692 557 50 27 att
769 552 154 31 använda
949 552 222 32 dubbelnamn
1197 552 60 31 bör
1282 550 190 38 bibehållas,
1500 550 112 31 därest

123 598 119 31 hustru
266 598 164 39 medgives
453 599 69 30 rätt
546 601 50 27 att
619 598 81 30 bära
723 597 59 31 sitt
807 601 72 34 eget
903 597 11 30 i
938 597 110 31 stället
1073 597 53 30 för
1150 606 158 21 mannens
1331 595 197 32 släktnamn.
1553 595 59 31 Ut-

123 644 120 31 skottet
260 643 61 31 har
339 643 181 32 emellertid
540 643 69 31 icke
628 642 114 32 funnit
760 642 70 31 skäl
848 645 50 28 att
915 643 153 30 närmare
1087 642 77 38 ingå
1182 642 43 38 på
1244 641 91 31 detta
1354 640 169 39 spörsmål,
1543 649 68 22 som

122 689 56 31 vid
198 689 64 31 den
282 688 175 31 förordade
476 687 224 39 utredningen
719 687 95 32 torde
833 687 128 31 komma
982 691 50 28 att
1052 691 93 34 tagas
1164 686 107 32 under
1292 685 237 39 övervägande.

163 760 48 31 På
234 760 108 38 grund
366 770 40 21 av
430 759 65 31 vad
518 759 139 31 sålunda
681 759 130 31 anförts
835 758 193 31 hemställde
1052 758 170 37 utskottet,
1247 760 49 28 att
1320 756 177 39 riksdagen
1521 756 10 31 i
1556 766 55 20 an-

123 814 135 38 ledning
276 825 40 20 av
334 813 218 32 förevarande
570 813 160 31 motioner
747 813 101 31 måtte
866 812 11 31 i
895 812 155 31 skrivelse
1067 812 53 31 till
1137 811 122 39 Kungl.
1278 811 104 38 Maj:t
1400 810 142 38 anhålla,
1562 812 50 29 att

124 868 122 38 Kungl.
268 868 104 38 Maj:t
392 867 78 32 ville
491 867 68 31 låta
580 866 177 31 verkställa
778 866 181 39 utredning
981 876 41 21 av
1044 866 120 38 frågan
1184 875 52 21 om
1256 866 69 30 rätt
1348 865 52 31 för
1420 864 121 31 hustru
1562 867 49 28 att

123 922 78 31 bära
218 921 58 31 sitt
293 926 71 34 eget
381 921 11 30 i
408 921 111 31 stället
537 921 53 30 för
607 930 158 21 mannens
782 920 188 31 släktnamn
987 924 84 27 samt
1088 920 53 30 för
1158 919 176 38 riksdagen
1352 918 186 39 framlägga
1556 917 56 31 det

125 975 132 39 förslag,
280 985 67 21 som
368 975 103 31 därav
491 975 112 31 kunde
624 974 198 31 föranledas.

165 1029 182 31 Utskottets
368 1028 197 32 hemställan
587 1028 136 38 avslogs,
747 1028 11 30 i
781 1027 104 32 första
906 1027 191 31 kammaren
1118 1027 73 31 med
1214 1027 39 30 52
1275 1027 105 30 röster
1402 1029 67 28 mot
1490 1026 40 30 45
1552 1024 60 32 och

123 1083 11 30 i
155 1082 104 32 andra
278 1083 189 30 kammaren
487 1081 74 32 med
582 1082 39 30 82
641 1083 106 30 röster
766 1085 67 27 mot
854 1081 47 31 64.

165 1191 16 29 I
201 1200 39 21 en
260 1190 54 31 vid
336 1189 223 32 innevarande
580 1190 54 30 års
653 1188 135 39 riksdag
807 1188 89 31 inom
916 1188 105 31 första
1040 1188 190 30 kammaren
1248 1187 98 31 väckt
1366 1186 133 39 motion,
1519 1196 42 21 nr
1583 1186 28 37 6,

123 1244 61 31 har
203 1243 77 31 herr
299 1243 142 32 Fredrik
463 1243 111 31 Ström
596 1243 177 36 hemställt,
795 1246 49 27 att
867 1241 176 39 riksdagen
1064 1242 102 31 måtte
1186 1240 128 32 besluta
1336 1244 50 28 att
1406 1240 59 31 hos
1486 1240 124 38 Kungl.

123 1298 102 38 Maj:t
247 1297 119 39 begära
388 1297 208 31 tillsättande
618 1306 40 21 av
680 1307 40 20 en
741 1296 132 39 allsidig
895 1295 179 38 kommitté,
1097 1295 52 32 till
1171 1294 67 32 lika
1260 1294 92 32 delar
1372 1293 176 33 bestående
1571 1303 41 21 av

122 1351 140 31 kvinnor
281 1351 58 31 och
358 1352 84 36 män,
462 1350 74 31 med
554 1350 156 39 uppdrag
728 1354 50 27 att
796 1349 119 32 utreda
933 1349 59 32 och
1012 1349 186 38 framlägga
1217 1348 125 39 förslag
1360 1348 53 31 till
1432 1347 69 32 dels
1519 1347 92 31 kvin-

121 1415 83 21 nans
222 1405 85 31 fulla
325 1404 214 39 likställighet
558 1404 73 31 med
648 1413 143 21 mannen
808 1403 11 30 i
838 1403 96 39 fråga
951 1413 53 21 om
1021 1404 69 30 rätt
1108 1403 52 31 till
1177 1402 196 39 kunskaper,
1392 1402 90 38 yrke,
1502 1401 109 39 yrkes-

121 1459 200 38 utbildning,
341 1459 64 36 lön,
426 1457 190 38 befordran,
637 1457 147 38 pension,
805 1460 163 34 semester,
991 1456 262 39 representation
1273 1460 70 32 etc.,
1365 1456 68 31 dels
1453 1455 159 31 hemmets

120 1514 173 29 renässans
310 1522 115 28 genom
441 1522 40 20 en
498 1511 121 31 rättvis
636 1510 257 39 skattelindring
911 1511 53 30 för
981 1511 106 30 större
1105 1509 155 38 familjer,
1279 1519 115 29 genom
1412 1519 41 21 en
1469 1508 142 32 effektiv

121 1565 251 39 bostadspolitik
394 1565 12 30 i
429 1565 56 31 det
509 1575 83 28 egna
616 1564 156 32 hemmets
796 1564 60 31 och
878 1563 351 40 trädgårdsstädernas
1253 1563 123 38 tecken,
1401 1562 69 32 dels
1495 1572 116 29 genom

119 1630 41 21 en
176 1619 196 31 effektivare
387 1618 199 37 barnavård,
603 1622 47 28 ett
665 1618 109 31 bättre
789 1618 190 31 barnavärn
995 1617 59 32 och
1071 1628 39 20 en
1127 1617 192 31 modernare
1334 1616 90 32 skola
1441 1616 73 32 med
1531 1615 78 32 fost-

121 1683 61 21 ran
202 1673 59 31 och
279 1672 192 39 utbildning
491 1673 83 30 även
594 1682 40 21 av
652 1672 208 31 karaktären.

162 1727 167 31 Motionen
347 1727 61 30 har
426 1737 41 20 av
484 1726 190 31 kammaren
691 1726 170 31 hänvisats
880 1726 52 30 till
950 1725 202 38 behandling
1171 1736 39 21 av
1229 1724 165 39 tillfälligt
1413 1724 135 31 utskott.

163 1834 72 31 Den
256 1844 115 28 genom
393 1833 219 31 förevarande
633 1833 124 31 motion
780 1832 187 39 framlagda
989 1833 121 38 frågan
1132 1842 51 21 om
1204 1831 177 32 införande
1403 1842 41 20 av
1465 1832 70 31 rätt
1556 1831 55 31 för
1651 1832 149 26 Utskottet.

119 1887 120 31 hustru
259 1890 49 28 att
326 1886 80 32 bära
424 1887 59 31 sitt
502 1890 73 35 eget
595 1887 10 30 i
625 1887 109 31 stället
754 1886 54 31 för
827 1896 158 21 mannens
1005 1885 186 32 släktnamn
1210 1886 70 36 har,
1300 1886 104 31 såsom
1425 1895 41 21 av
1484 1884 125 32 utskot-

120 1944 64 27 tets
200 1940 202 38 redogörelse
420 1940 159 38 framgår,
596 1940 35 31 så
648 1944 72 27 sent
736 1950 68 21 som
822 1940 37 30 år
878 1940 79 30 1942
974 1939 88 31 varit
1080 1939 137 31 föremål
1234 1939 54 31 för
1305 1938 192 39 riksdagens
1513 1939 95 38 pröv-

119 1994 91 38 ning,
230 1993 116 31 varvid
365 1994 177 30 utskottets
560 1993 195 31 hemställan
775 2003 52 21 om
846 1993 155 31 skrivelse
1019 1993 53 30 till
1092 1992 122 39 Kungl.
1235 1992 105 38 Maj:t
1359 1991 73 32 med
1453 1992 156 31 anhållan

120 2058 52 20 om
191 2047 178 39 utredning
387 2047 11 30 i
417 2048 109 30 ämnet
546 2057 41 21 av
605 2046 85 32 båda
708 2047 177 31 kamrarna
906 2047 136 38 avslogs.
1062 2046 112 39 Några
1192 2056 66 28 nya
1277 2046 71 31 skäl
1367 2046 55 31 för
1439 2045 97 32 bifall
1556 2045 53 31 till

120 2101 56 31 det
199 2101 11 30 i
233 2101 164 31 motionen
421 2100 188 32 framförda
632 2100 363 39 utredningsyrkandet
1018 2101 117 30 utöver
1160 2099 81 38 dem,
1267 2110 66 21 som
1357 2099 143 39 tidigare
1524 2109 84 28 upp-

120 2154 256 37 märksammats,
398 2164 99 28 synas
519 2153 69 32 icke
609 2153 84 32 hava
715 2154 130 31 anförts
865 2153 9 31 i
898 2153 174 32 motionen.

161 2207 65 31 Vid
249 2218 46 20 nu
316 2207 143 38 angivna
481 2206 233 32 förhållanden
735 2207 59 31 och
816 2207 43 31 då
880 2207 176 38 riksdagen
1078 2206 11 31 i
1112 2210 111 33 annat,
1246 2207 104 30 större
1371 2205 237 38 sammanhang

120 2260 93 31 torde
231 2260 35 31 få
284 2260 133 31 tillfälle
435 2263 49 28 att
503 2264 78 33 taga
598 2260 120 37 frågan
737 2271 51 20 om
807 2260 65 38 gift
890 2260 140 31 kvinnas
1049 2260 68 31 rätt
1135 2259 52 32 till
1206 2263 71 35 eget
1296 2259 186 31 släktnamn
1500 2259 108 31 under

121 2313 142 38 förnyad
284 2313 227 39 omprövning,
533 2313 55 31 får
607 2313 160 31 utskottet
787 2312 181 38 hemställa,
