2218 2616
396 191 125 47 Första
544 208 217 30 kammarens
785 207 128 33 första
938 209 173 40 tillfälliga
1134 211 140 30 utskotts
1298 211 175 32 utlåtande
1496 213 52 30 Nr
1572 214 52 29 19.
1768 214 37 30 11

313 285 16 32 I
353 285 186 43 anledning
562 286 106 33 härav
691 287 54 31 får
768 287 203 42 föreningen
995 288 140 33 härmed
1161 294 81 28 äran
1270 290 121 33 anföra
1415 290 166 43 följande:

312 330 78 33 Vad
424 331 86 32 först
544 332 106 41 angår
685 332 152 42 punkten
866 332 16 32 I
906 332 30 43 a)
961 333 10 31 i
996 333 66 32 den
1086 334 169 40 anhållan,
1282 335 213 33 motionären
1519 336 172 33 hemställt
1714 337 94 33 skola

205 378 108 37 göras,
352 376 69 32 kan
456 376 200 42 föreningen
693 377 54 32 för
782 377 51 31 sin
859 377 53 32 del
935 378 75 32 icke
1033 378 92 33 finna
1151 381 103 40 något
1278 379 138 43 oriktigt
1440 380 82 40 däri,
1547 385 57 35 att,
1630 382 111 32 därest
1765 393 42 22 en

204 419 146 43 järnväg
385 422 146 41 uppgått
565 421 50 32 uti
639 421 63 32 och
727 422 257 32 sammansmält
1008 422 50 32 till
1082 427 46 29 ett
1151 424 77 32 med
1253 435 115 21 annan
1392 425 155 43 järnväg,
1573 426 56 32 det
1651 427 74 32 icke
1749 427 59 32 allt

204 464 212 33 fortfarande
455 466 89 31 föres
580 465 164 33 särskilda
780 466 229 44 räkenskaper
1043 469 53 30 för
1131 468 140 33 vardera
1306 469 207 43 järnvägens
1537 471 91 39 drift,
1654 475 82 29 utan
1759 472 48 32 in-

203 508 150 33 komster
377 510 63 31 och
464 510 141 41 utgifter
628 510 159 33 bokföras
812 515 213 38 gemensamt
1047 513 54 31 för
1124 513 89 32 båda
1235 514 240 41 järnvägarna.

311 554 66 32 Om
413 559 43 27 än
486 565 41 22 en
552 555 106 32 sådan
682 555 158 41 förening
864 556 80 32 eller
968 557 314 43 sammanslagning
1306 569 43 22 av
1373 559 194 42 järnvägar,
1593 571 73 21 som
1690 561 115 32 motio-

203 603 105 27 nären
344 600 139 41 åsyftar,
508 599 67 32 kan
610 600 176 32 föranleda
820 600 121 40 därtill,
978 605 48 28 att
1050 601 41 33 de
1115 602 276 43 sammanslagna
1414 604 230 42 järnvägarna
1668 605 137 33 komma

203 645 57 37 att,
296 643 197 33 betraktade
522 646 111 30 såsom
658 655 43 21 en
725 645 110 39 enhet,
861 646 111 32 utvisa
996 646 91 42 lägre
1112 647 204 42 avkastning
1341 653 42 27 än
1409 648 66 32 den
1499 660 43 21 av
1565 650 237 42 järnvägarna,

203 698 73 21 som
301 689 92 31 förut
416 688 76 33 haft
516 689 65 32 den
606 689 121 42 högsta
750 690 259 42 avkastningen,
1035 694 87 29 samt
1146 695 48 29 att
1217 692 56 32 det
1295 692 66 32 blir
1384 693 213 41 nödvändigt
1612 697 48 29 att
1672 696 54 31 för
1738 695 66 32 den

202 743 68 31 nya
292 733 309 42 järnvägsenheten
625 734 166 32 fastställa
816 746 41 21 en
882 738 88 35 taxa,
995 747 73 21 som
1092 741 37 27 är
1153 737 103 41 högre
1280 742 44 27 än
1349 737 76 39 den,
1451 749 73 21 som
1548 738 108 33 skulle
1680 739 124 32 erford-

202 781 67 28 rats
304 778 54 31 för
393 778 211 32 sistnämnda
639 779 154 42 järnväg,
830 779 112 32 därest
972 781 314 42 sammanslagning
1310 782 74 32 icke
1408 786 57 38 ägt
1489 794 85 28 rum,
1600 784 94 32 torde
1718 784 86 32 dock

202 832 41 21 en
279 822 94 42 dylik
409 823 325 42 sammanslagning,
771 823 50 32 till
856 824 87 42 följd
977 836 44 21 av
1049 825 66 32 den
1139 826 179 42 möjlighet
1341 827 49 31 till
1415 838 93 21 mera
1532 828 154 32 rationell
1709 829 92 39 drift,

201 877 73 21 som
310 867 199 42 därigenom
532 867 149 40 beredes,
707 869 70 31 ofta
802 869 163 39 medföra,
991 872 48 29 att
1062 870 41 31 de
1127 871 276 42 sammanslagna
1427 872 238 42 järnvägarna,
1691 875 112 30 såsom

203 911 102 32 enhet
328 912 206 39 betraktade,
559 912 116 32 lämna
699 924 42 20 en
765 913 214 43 avkastning,
1005 925 72 21 som
1103 920 37 26 är
1162 914 69 33 lika
1255 920 69 28 stor
1347 927 71 21 som
1445 916 80 33 eller
1548 917 104 42 högre
1677 923 43 27 än
1736 918 66 34 den

201 956 214 42 avkastning,
440 959 113 40 någon
578 968 43 21 av
644 958 229 41 järnvägarna
896 959 73 31 före
993 960 357 43 sammanslagningen
1375 962 136 33 utvisat.

307 1001 116 32 Skulle
449 1003 37 30 så
509 1001 74 32 icke
609 1001 90 33 bliva
722 1002 185 33 händelsen
932 1003 87 33 lärer
1042 1004 86 32 dock
1152 1005 248 43 avkastningen
1425 1009 20 30 å
1468 1007 41 32 de
1527 1009 274 42 sammanslagha

199 1045 231 43 järnvägarna
466 1048 135 30 komma
637 1050 48 28 att
720 1046 91 33 bliva
846 1051 104 29 större
975 1053 43 27 än
1043 1049 248 43 avkastningen
1316 1053 20 30 å
1359 1051 66 32 den
1449 1052 155 43 järnväg,
1630 1065 73 21 som
1727 1056 75 31 före

200 1090 359 42 sammanslagningen
584 1091 129 32 lämnat
737 1091 65 32 den
827 1093 124 32 minsta
976 1094 262 42 avkastningen;
1264 1095 64 32 och
1352 1096 94 32 torde
1464 1099 109 30 såsom
1591 1098 86 42 följd
1694 1100 106 33 härav

200 1145 41 21 en
278 1135 97 42 eljest
409 1135 198 42 nödvändig
642 1136 279 43 taxeförhöjning
956 1139 54 31 för
1044 1138 212 34 sistnämnda
1289 1140 146 43 järnväg
1471 1142 30 42 ej
1539 1142 107 33 sällan
1682 1144 116 33 kunna

199 1179 179 33 undvikas.

305 1224 51 32 De
380 1224 277 42 sammanslagna
680 1226 246 42 järnvägarnas
951 1227 210 42 behandling
1186 1231 110 30 såsom
1321 1241 42 21 en
1387 1231 102 31 enhet
1513 1231 133 33 medför
1670 1233 129 33 således

198 1278 42 22 en
264 1269 196 42 utjämning
485 1280 43 21 av
552 1269 337 42 järnvägsfrakterna
913 1272 54 32 för
991 1272 40 32 de
1055 1273 136 38 trakter,
1216 1284 72 22 som
1312 1278 120 38 utgöra
1456 1275 41 32 de
1522 1277 276 42 sammanslagna

197 1313 246 42 järnvägarnas
468 1313 247 33 trafikområde.

304 1358 71 31 Mot
410 1369 43 21 en
489 1358 104 32 sådan
629 1359 195 43 utjämning
860 1371 100 31 synes
995 1362 203 42 föreningen
1235 1363 73 32 icke
1342 1364 210 43 rättvisligen
1577 1366 116 33 kunna
1717 1371 81 37 göra

196 1403 238 40 anmärkning.

303 1447 217 32 Beträffande
555 1448 152 41 punkten
732 1448 17 32 I
772 1448 34 40 b)
833 1449 11 32 i
869 1449 205 40 förberörda,
1100 1462 43 22 av
1168 1452 211 33 motionären
1403 1454 197 42 ifrågasatta
1625 1455 170 40 anhållan,

196 1491 106 32 håller
325 1492 204 41 föreningen
556 1494 79 37 före,
660 1496 48 29 att
732 1493 65 32 den
822 1495 108 38 trafik,
956 1506 73 21 som
1054 1496 61 31 här
1138 1507 108 27 avses,
1272 1499 68 30 står
1363 1499 11 31 i
1399 1498 121 33 sådant
1537 1499 164 33 samband
1718 1501 78 32 med

195 1537 142 31 trafiken
362 1539 44 39 på
430 1536 150 41 bolagets
605 1548 84 31 egen
713 1539 154 41 järnväg,
893 1543 48 28 att
965 1539 55 33 det
1044 1540 73 33 icke
1142 1542 66 31 kan
1232 1542 166 42 föreligga
1415 1543 185 42 anledning
1612 1548 49 28 att
1677 1545 118 42 stadga

196 1581 192 42 skyldighet
423 1582 54 31 för
513 1581 132 43 bolaget
680 1586 48 28 att
761 1583 134 32 särskilt
930 1585 54 31 för
1019 1585 51 42 sig
1103 1585 142 33 bokföra
1280 1587 188 33 inkomster
1492 1590 62 30 och
1578 1590 141 41 utgifter
1742 1591 54 31 för

194 1626 260 41 ifrågavarande
479 1626 132 32 rörelse.

301 1670 77 32 Med
408 1671 168 31 avseende
600 1673 20 29 å
645 1672 152 40 punkten
821 1672 16 31 I
861 1675 29 37 c)
915 1678 36 26 är
975 1676 48 29 att
1046 1675 128 38 märka,
1199 1678 48 28 att
1269 1676 373 42 järnvägsaktiebolags
1667 1678 128 42 bolags-

194 1714 145 41 ordning
364 1714 84 32 skall
473 1715 181 32 stadfästas
678 1727 42 20 av
745 1716 125 42 Kungl.
895 1717 105 42 Maj:t.
1050 1718 64 32 Det
1132 1723 36 27 är
1184 1720 143 40 givetvis
1341 1725 48 27 att
1401 1722 189 38 förutsätta,
1604 1726 49 27 att
1665 1723 127 41 Kungl.

194 1759 94 39 Maj:t
316 1759 73 32 icke
416 1759 170 32 meddelar
610 1759 210 33 stadfästelse
845 1764 19 29 å
888 1772 42 21 en
957 1762 272 43 bolagsordning,
1254 1775 73 21 som
1352 1766 53 30 för
1429 1765 134 42 bolaget
1586 1767 140 40 angiver
1751 1778 41 21 en

194 1803 225 39 verksamhet,
446 1814 71 21 som
542 1804 74 32 icke
640 1804 123 32 hänför
787 1806 51 41 sig
862 1806 50 31 till
935 1807 246 41 järnvägsdrift
1198 1808 61 32 och
1277 1809 64 32 vad
1361 1809 138 32 därmed
1513 1813 65 29 står
1591 1811 11 31 i
1616 1811 174 33 samband.

301 1848 66 32 Vid
392 1849 121 31 sådant
537 1848 211 33 förhållande
773 1853 61 29 och
860 1851 43 31 då
928 1855 45 27 ett
996 1851 354 43 järnvägsaktiebolag
1373 1854 74 32 icke
1472 1857 55 30 må
1552 1859 101 28 utöva
1677 1867 115 21 annan

193 1893 216 32 verksamhet
444 1898 43 26 än
512 1904 72 21 som
609 1898 305 29 överensstämmer
938 1896 78 31 med
1040 1896 75 32 dess
1140 1897 274 43 bolagsordning,
1440 1910 99 30 synes
1564 1900 56 31 det
1643 1901 148 31 förenin-

191 1947 66 31 gen
292 1938 73 31 icke
399 1937 82 32 böra
504 1938 250 42 ifrågakomma
778 1943 48 28 att
850 1939 155 33 meddela
1028 1942 173 31 föreskrift
1224 1943 11 31 i
1259 1943 56 32 det
1338 1954 43 22 av
1407 1944 210 32 motionären
1642 1945 148 41 angivna

191 1981 217 32 hänseendet.

298 2026 77 32 Vad
411 2026 157 42 slutligen
593 2029 106 40 angår
723 2028 152 41 punkten
901 2029 33 31 II
958 2033 36 27 är
1018 2029 199 41 föreningen
1242 2042 42 20 av
1309 2031 65 32 den
1399 2032 142 39 åsikten,
1567 2036 48 28 att
1639 2033 55 32 det
1717 2033 73 32 icke

190 2070 67 31 kan
293 2071 197 31 förutsättas
526 2075 105 28 annat
659 2077 43 26 än
726 2076 48 27 att
799 2072 126 41 Kungl.
952 2073 96 41 Maj:t
1072 2074 58 31 vid
1155 2075 168 40 prövning
1348 2086 42 21 av
1415 2077 193 40 ansökning
1632 2088 54 20 om
1711 2079 78 30 fast-

191 2113 143 33 ställelse
359 2125 42 21 av
425 2118 80 28 taxa
528 2116 53 31 för
606 2126 40 21 en
671 2116 144 41 järnväg
840 2120 93 37 tager
958 2117 132 41 hänsyn
1116 2118 49 31 till
1189 2118 63 32 alla
1278 2121 44 39 på
1346 2120 121 40 frågan
1492 2120 209 33 inverkande
1722 2132 67 21 om-

191 2158 229 41 ständigheter
455 2159 63 32 och
553 2160 90 41 förty
671 2160 83 39 icke,
780 2160 111 32 därest
914 2164 47 28 ett
984 2162 354 42 järnvägsaktiebolag
1363 2164 107 31 skulle
1495 2165 49 31 till
1569 2165 85 42 följd
1679 2176 42 22 av
1745 2168 44 29 åt-

190 2203 92 41 gärd,
313 2214 72 21 som
411 2203 159 41 vidtagits
595 2204 10 31 i
631 2205 81 31 strid
737 2208 71 28 mot
831 2205 326 42 bolagsordningens
1183 2207 234 33 bestämmelse
1443 2220 54 20 om
1523 2209 149 42 bolagets
1697 2210 92 32 verk-

190 2248 132 32 samhet
345 2248 91 32 visar
460 2248 132 32 mindre
616 2249 66 40 god
707 2249 169 42 ställning,
902 2249 133 33 lämnar
1058 2250 89 33 detta
1173 2251 165 33 obeaktat.
