2218 2618
392 200 124 31 Första
539 200 217 30 kammarens
781 198 127 33 första
933 199 174 40 tillfälliga
1130 198 139 31 utskotts
1292 198 177 31 utlåtande
1492 198 52 30 Nr
1568 199 52 29 19.
1788 197 20 30 3

205 292 46 24 ur
282 280 308 49 trafiksynpunkt
618 292 88 24 vore
734 283 91 33 utan
853 280 193 48 betydelse
1065 279 56 36 för
1139 278 271 48 befolkningen
1426 278 101 36 inom
1548 278 261 37 ovannämnda

206 334 160 36 område.

314 388 126 36 Såsom
469 387 13 36 i
511 393 101 30 ännu
641 388 114 46 högre
784 388 93 46 grad
906 387 171 36 stötande
1105 387 171 35 framstår
1303 385 57 37 för
1388 386 232 36 motionären
1650 386 63 35 det
1740 384 68 37 för-

207 441 203 45 hållandet,
443 444 54 33 att
524 440 350 49 taxeförhöjningar
902 441 119 47 enligt
1049 440 248 36 motionärens
1326 440 244 47 uppfattning
1594 445 95 30 även
1712 439 96 35 hava

205 494 146 37 kunnat
374 494 167 49 beviljas,
569 499 92 31 utan
690 499 65 39 att,
785 497 47 44 på
861 495 122 46 grund
1013 506 46 24 av
1086 493 265 47 bokföringens
1375 493 271 44 beskaffenhet,
1668 492 141 48 möjlig-

206 549 65 35 het
308 548 216 36 förefunnes
567 548 58 35 till
666 548 163 36 kontroll
872 548 167 43 däröver,
1083 550 54 33 att
1165 546 279 37 vederbörande
1479 546 220 36 trafikanter
1726 545 83 36 icke

206 602 147 35 komme
396 605 55 33 att
494 602 157 35 drabbas
687 614 45 24 av
762 601 119 36 ökade
913 601 318 36 trafikkostnader
1258 600 58 36 till
1340 600 92 49 följd
1462 612 45 24 av
1537 604 54 31 att
1614 600 194 48 järnvägs-

205 655 278 48 förvaltningen
523 655 185 47 övertagit
749 655 90 35 eller
882 654 221 37 intresserar
1144 654 57 47 sig
1234 654 13 36 i
1274 654 343 47 förlustbringande
1652 653 153 47 företag,

207 721 76 24 som
314 709 84 36 icke
426 709 97 36 varit
552 712 54 33 att
633 709 58 36 till
715 708 271 49 järnvägsdrift
1014 708 165 36 hänföra.

311 763 53 35 På
392 763 235 47 grundvalen
656 775 46 24 av
731 775 96 23 ovan
858 762 163 46 angivna
1049 761 243 48 uppfattning
1321 761 141 48 åsyftar
1490 760 243 44 motionären,
1756 762 52 34 så-

206 828 77 24 som
328 816 130 47 kungl.
498 816 365 48 järnvägsstyrelsen
896 815 170 49 uttryckt
1094 816 67 46 sig,
1192 827 47 24 en
1267 814 204 47 utredning
1500 827 47 23 av
1575 814 160 36 behovet
1763 826 45 24 av

207 874 55 32 att
303 871 45 34 de
392 870 172 36 enskilda
601 869 253 49 järnvägarna
894 869 152 47 åläggas
1090 872 53 33 att
1171 868 78 36 föra
1278 868 82 36 sina
1388 868 256 46 räkenskaper
1673 870 51 38 så,
1755 870 55 33 att

206 924 205 35 resultaten
455 935 46 24 av
541 923 179 47 bolagens
759 922 319 49 järnvägsrörelse
1106 922 143 47 framgå
1279 922 79 35 dels
1387 922 57 36 för
1472 921 100 36 olika
1601 921 208 36 koncessio-

206 978 149 43 nerade,
387 977 145 47 ägande
562 977 90 35 eller
680 977 132 36 endast
840 976 225 36 trafikerade
1094 975 291 50 järnvägslinjer
1419 975 79 36 dels
1528 987 47 24 av
1603 987 125 23 annan
1755 979 53 31 rö-

206 1031 96 36 relse
331 1036 47 31 än
402 1030 282 49 järnvägsdrift.

314 1085 90 35 Men
445 1083 182 49 härjämte
669 1084 162 47 påyrkar
873 1083 231 36 motionären
1140 1085 53 33 ett
1224 1082 223 47 påpekande
1477 1081 82 36 från
1586 1081 222 46 riksdagens

206 1137 83 37 sida
330 1139 57 35 för
426 1138 140 47 Kungl.
598 1137 119 49 Maj:t,
748 1140 55 33 att
831 1137 63 36 vid
927 1136 186 48 prövning
1142 1148 46 24 av
1217 1135 254 47 ansökningar
1500 1148 57 23 om
1587 1134 223 48 taxeförhöj-

208 1191 135 47 ningar
370 1192 149 47 hänsyn
543 1191 82 36 icke
657 1194 113 32 måtte
797 1191 38 35 få
864 1194 106 42 tagas
999 1190 59 35 till
1086 1190 116 35 sådan
1230 1189 206 36 försämrad
1465 1188 222 36 ekonomisk
1710 1188 98 35 ställ-

208 1245 92 47 ning
341 1246 67 35 hos
452 1244 204 44 sökanden,
700 1257 76 23 som
820 1244 194 35 föranletts
1055 1255 46 24 av
1134 1242 392 48 spekulationsaffärer
1559 1242 91 35 eller
1677 1242 132 34 under-

210 1299 112 47 målig
351 1298 141 36 skötsel
521 1311 45 23 av
591 1298 329 48 järnvägsdriften.

315 1352 114 36 Detta
468 1351 251 36 motionärens
754 1350 271 36 framhållande
1055 1361 46 24 av
1129 1348 393 48 spekulationsaffärer
1551 1360 76 23 som
1658 1359 47 24 en
1734 1346 75 37 ofta

209 1405 304 37 förekommande
542 1405 204 46 anledning
774 1404 57 36 till
860 1404 92 36 krav
982 1405 20 33 å
1031 1401 346 49 taxeförhöjningar
1406 1405 73 32 sett
1505 1402 13 35 i
1546 1401 199 48 belysning
1766 1413 45 24 av

208 1460 14 35 i
266 1460 208 35 motionens
515 1458 224 47 motivering
780 1457 304 37 förekommande
1126 1456 221 36 uttalanden
1377 1467 111 36 synes
1517 1455 87 47 giva
1632 1454 64 36 vid
1724 1455 88 34 han-

210 1514 85 43 den,
339 1517 53 32 att
421 1512 231 36 motionären
684 1512 84 35 icke
796 1511 86 36 fullt
909 1510 184 49 objektivt
1125 1510 150 35 bedömt
1303 1509 230 48 spörsmålen
1565 1508 158 36 rörande
1752 1520 60 23 en-

210 1567 122 35 skilda
375 1566 221 49 järnvägars
645 1566 322 35 sammanförande
1013 1564 120 35 under
1179 1575 213 35 gemensam
1433 1562 240 46 förvaltning.
1748 1562 64 35 Ut-

211 1620 139 36 skottet
391 1621 68 34 har
487 1619 83 36 icke
600 1619 146 35 kunnat
781 1619 124 46 undgå
935 1619 73 34 den
1036 1617 301 47 uppfattningen,
1370 1619 53 33 att
1452 1616 231 36 motionären
1713 1619 99 32 över-

210 1674 144 35 skattar
383 1674 63 35 det
475 1673 101 35 antal
604 1673 76 43 fall,
712 1673 66 34 där
813 1672 105 47 dylik
947 1670 343 46 sammanslagning
1326 1670 121 35 skulle
1477 1670 96 34 hava
1598 1672 64 43 ägt
1691 1681 78 22 rum
1799 1668 14 35 i

211 1726 355 48 spekulationssyfte
606 1726 69 35 och
718 1738 76 22 som
838 1724 92 48 följd
959 1725 115 34 härav
1108 1723 130 36 drivits
1268 1722 57 36 till
1354 1723 72 34 den
1455 1722 233 47 principiella
1718 1721 94 35 åsik-

210 1784 75 40 ten,
331 1783 54 32 att
428 1779 129 48 dylika
597 1778 380 45 sammanslutningar
1019 1789 87 24 vore
1148 1789 46 23 av
1234 1776 261 35 beskaffenhet
1528 1779 54 32 att
1609 1775 91 35 böra
1729 1775 84 35 med

212 1834 147 47 hänsyn
387 1833 58 35 till
474 1833 287 35 trafikanternas
791 1831 177 46 behöriga
997 1831 184 35 intressen
1211 1829 234 36 motarbetas.

319 1887 18 35 I
374 1888 73 34 den
477 1889 84 33 mån
591 1898 47 23 en
668 1885 105 48 dylik
802 1885 211 46 åskådning
1042 1884 120 47 ligger
1193 1883 57 36 till
1279 1883 123 47 grund
1433 1882 54 36 för
1515 1882 201 44 motionen,
1746 1881 67 35 har

213 1940 183 36 utskottet
423 1940 84 35 icke
536 1940 147 35 kunnat
710 1938 242 48 understödja
982 1939 224 34 densamma.

320 1993 130 46 Enligt
478 1993 201 35 utskottets
710 1992 151 46 mening
889 1992 106 35 torde
1025 1991 59 35 väl
1113 1991 128 34 kunna
1270 1992 167 43 antagas,
1469 1991 54 33 att
1551 1993 95 31 även
1667 2000 56 23 om
1749 1987 65 35 fall

213 2046 247 43 förekommit,
493 2047 45 33 då
562 2046 62 35 vid
654 2045 100 35 olika
792 2043 310 49 järnvägslinjers
1142 2042 322 35 sammanförande
1506 2042 120 34 under
1668 2052 145 34 gemen-

215 2111 76 23 sam
321 2098 228 46 förvaltning
578 2097 434 47 spekulationsintresset
1032 2095 163 46 skadligt
1215 2095 229 43 medverkat,
1466 2095 12 34 i
1499 2095 204 34 allmänhet
1719 2093 95 35 dock

214 2153 78 34 helt
326 2153 115 34 andra
471 2151 236 48 synpunkter
735 2151 68 35 och
832 2150 186 35 intressen
1048 2149 95 36 varit
1172 2149 44 34 de
1246 2149 56 34 för
1331 2147 395 46 sammanslagningen
1755 2158 58 24 av-

214 2206 175 46 görande.

321 2258 193 36 Utskottet
541 2258 112 47 hyser
687 2263 95 30 även
811 2257 73 35 den
913 2255 303 48 uppfattningen,
1248 2257 54 33 att
1331 2266 46 23 en
1407 2253 219 46 utveckling
1656 2265 45 24 av
1730 2254 82 34 vårt
