1884 2822
30 1901 197 29 Departements-

83 1935 92 24 chefen.

237 173 18 31 8
711 172 230 29 Statsutskottets
963 173 146 27 utlåtande
1132 173 49 27 Nr
1204 170 49 31 82.

290 250 61 30 Att
374 250 50 30 ett
447 248 139 32 särskilt
608 248 236 41 centralorgan
867 247 170 32 erfordras
1060 247 52 31 för
1127 247 185 40 ledningen
1330 246 63 31 och
1411 245 330 32 sammanhållandet

237 303 40 19 av
301 291 65 31 den
390 290 213 42 mångsidiga
626 290 225 38 verksamhet,
876 290 58 31 det
957 290 60 31 här
1039 290 114 40 gäller,
1178 289 98 31 torde
1299 288 33 31 få
1355 299 101 20 anses
1480 299 78 20 vara
1582 288 51 31 till
1654 287 85 31 fullo

238 329 187 50 ådagalagt.
471 302 65 72 Jag
569 333 110 31 finner
702 333 70 41 mig
794 333 100 30 alltså
916 332 85 31 böra
1023 332 181 41 tillstyrka,
1229 333 49 29 att
1301 341 41 20 en
1366 330 299 31 rikskommission
1688 330 53 30 för

238 376 202 31 ekonomisk
473 375 343 41 försvarsberedskap
849 374 153 32 inrättas.
1051 375 52 30 De
1138 373 213 41 sakkunniga
1385 384 103 30 synas
1521 372 69 41 mig
1624 372 117 31 vidare

237 418 86 31 hava
354 418 173 41 förebragt
550 417 191 42 avgörande
766 417 71 31 skäl
860 417 52 31 för
935 418 49 29 att
1007 416 121 32 endast
1150 419 46 28 ett
1216 416 53 31 för
1290 414 389 41 beredskapsuppgifter
1702 425 40 20 av

237 460 206 32 hithörande
467 460 72 41 slag
562 460 158 40 speciellt
742 461 110 29 avsett
875 470 105 29 organ
1002 459 62 31 bör
1087 459 194 31 förefinnas.
1327 457 18 31 I
1369 457 165 31 samband
1558 457 78 30 med
1659 457 82 30 riks-

238 502 290 32 kommissionens
565 502 195 31 inrättande
793 501 63 32 bör
890 501 113 32 därför
1037 501 64 31 den
1136 500 196 32 nuvarande
1366 499 375 40 industriberedskaps-

238 544 271 32 kommissionen
533 545 175 40 upplösas.

291 587 74 31 Vad
400 589 103 39 angår
530 586 196 32 utförandet
749 597 40 20 av
812 586 106 41 själva
941 586 130 31 arbetet
1094 585 78 31 med
1195 584 395 41 beredskapsplanernas
1613 585 128 39 uppgö-

238 629 106 32 rande
378 629 65 31 och
477 629 202 41 revidering,
714 629 86 30 hava
834 629 41 30 de
899 628 211 41 sakkunniga
1132 627 99 31 tänkt
1255 627 52 41 sig
1330 638 41 20 en
1395 626 213 41 uppdelning
1631 636 40 20 av
1695 636 46 20 ar-

239 671 299 42 betsuppgifterna
571 671 125 31 mellan
730 670 341 32 rikskommissionen
1098 672 89 29 samt
1209 669 93 31 vissa
1324 669 104 31 redan
1452 668 186 32 bestående
1664 669 77 30 stat-

239 714 68 41 liga
339 714 239 41 myndigheter
611 713 64 35 och
709 713 244 38 institutioner,
989 713 91 30 såväl
1114 712 149 31 militära
1296 722 73 21 som
1404 711 108 31 civila.
1558 710 113 32 Bland
1700 710 42 30 de

240 756 215 32 sistnämnda
477 756 244 41 ifrågakomma
743 756 12 30 i
778 756 140 31 främsta
939 757 146 29 rummet
1107 753 369 41 kommerskoliegium,
1493 752 249 41 lantbrukssty-

239 799 113 31 relsen
376 799 64 30 och
464 798 278 41 socialstyrelsen
766 800 87 29 samt
875 797 207 32 riksbanken
1106 797 64 31 och
1193 796 340 40 riksgäldskontoret.

293 841 68 31 Det
385 851 103 31 synes
512 840 68 40 mig
601 841 74 31 icke
699 840 83 31 böra
804 840 82 31 råda
908 842 112 39 någon
1043 839 122 31 tvekan
1190 839 127 37 därom,
1341 840 50 29 att
1414 849 41 20 en
1472 836 271 41 ändamålsenlig

241 883 232 41 organisation
497 894 39 19 av
560 883 66 30 den
651 883 221 31 ekonomiska
894 881 387 41 försvarsberedskapen
1298 881 110 30 under
1423 880 66 31 alla
1505 879 237 32 förhållanden

240 925 120 32 kräver
393 925 204 31 medverkan
631 925 12 30 i
675 925 72 31 viss
781 925 236 40 utsträckning
1049 924 73 31 från
1151 923 42 31 de
1218 923 89 31 olika
1330 922 302 42 myndigheternas
1657 921 84 31 sida.

242 968 77 31 Hur
353 967 207 32 samarbetet
592 967 125 31 mellan
747 967 341 31 rikskommissionen
1112 966 65 31 och
1201 963 282 43 myndigheterna
1507 967 87 29 samt
1616 964 126 31 mellan

242 1010 42 31 de
318 1010 215 31 sistnämnda
565 1009 165 32 inbördes
763 1009 11 31 1
808 1009 101 41 detalj
944 1009 64 31 bör
1041 1008 134 37 ordnas,
1212 1010 35 29 är
1281 1008 154 30 däremot
1469 1019 41 19 en
1540 1007 101 40 fråga.
1667 1017 75 20 som

242 1052 188 32 tillsvidare
465 1052 185 41 lämpligen
685 1051 98 32 torde
816 1052 84 31 böra
932 1052 131 31 lämnas
1087 1052 114 40 öppen
1226 1050 63 31 och
1312 1050 32 31 få
1366 1050 84 31 bero
1474 1061 40 19 av
1538 1048 205 41 omständig-

241 1095 143 31 heterna
416 1094 12 31 i
462 1095 42 30 de
532 1094 168 31 särskilda
722 1094 111 31 fallen.
880 1094 205 41 Uppenbart
1108 1095 44 35 är,
1178 1094 50 29 att
1251 1092 257 31 ämbetsverken
1532 1091 73 31 icke
1628 1091 116 30 kunna

242 1137 150 32 belastas
426 1137 78 30 med
538 1136 222 41 utredningar
794 1136 64 31 och
892 1135 402 42 planläggningsarbeten
1328 1146 40 19 av
1401 1135 61 30 här
1488 1133 256 41 ifrågavarande

243 1180 73 41 slag
339 1179 11 31 i
374 1179 106 31 sådan
504 1179 214 41 omfattning,
743 1180 49 29 att
815 1179 75 30 dem
916 1178 98 41 eljest
1037 1177 179 42 åliggande
1240 1176 290 41 arbetsuppgifter
1546 1176 198 41 därigenom

243 1222 217 31 åsidosättas.
508 1221 121 31 Såsom
652 1221 11 30 i
687 1221 229 31 betänkandet
940 1221 143 30 rörande
1108 1219 261 41 överarbetning
1392 1230 40 19 av
1456 1218 42 31 de
1515 1218 230 40 sakkunnigas

243 1264 128 41 förslag
394 1265 154 29 närmare
571 1263 199 38 utvecklats,
795 1265 36 29 är
855 1263 57 31 det
935 1262 352 38 rikskommissionen,
1312 1272 73 21 som
1402 1261 63 31 bör
1481 1261 85 31 hava
1582 1262 50 29 att
1648 1271 98 20 svara

243 1307 52 31 för
328 1306 231 41 fullgörandet
583 1324 37 3 —
646 1308 43 39 på
720 1306 58 30 det
801 1316 63 20 ena
887 1306 82 30 eller
992 1305 104 31 andra
1120 1306 104 30 sättet
1247 1323 39 3 —
1310 1315 38 20 av
1373 1303 128 31 sådana
1523 1302 222 41 beredskaps-

244 1349 150 37 arbeten,
430 1359 74 21 som
538 1348 73 31 icke
645 1359 40 20 av
720 1348 259 31 ämbetsverken
1012 1348 114 30 kunna
1159 1347 132 30 utföras
1325 1346 77 31 med
1433 1345 172 31 anlitande
1630 1356 40 19 av
1694 1344 52 31 fill

244 1391 99 31 deras
377 1390 199 41 förfogande
611 1390 142 31 stående
787 1390 123 38 medel;
946 1390 65 31 den
1045 1389 170 42 personal,
1242 1400 70 20 som
1338 1388 139 32 särskilt
1500 1387 171 31 erfordras
1695 1387 52 30 för

244 1433 251 32 verkställande
530 1444 39 20 av
591 1432 148 31 berörda
761 1432 148 38 arbeten,
934 1432 62 31 bör
1018 1443 78 20 vara
1119 1431 149 31 anställd
1292 1431 62 31 hos
1377 1430 280 38 kommissionen,
1683 1429 63 31 och

245 1476 42 31 de
321 1475 120 38 medel,
477 1486 73 21 som
584 1475 136 31 anvisas
754 1475 52 31 för
839 1474 229 41 utredningar,
1102 1473 90 32 vilka
1227 1473 110 31 direkt
1370 1484 98 20 avses
1492 1474 50 29 att
1564 1472 93 41 tjäna
1680 1471 66 31 den

246 1517 222 32 ekonomiska
501 1517 406 41 försvarsberedskapens
935 1517 121 41 syften,
1080 1517 84 31 böra
1188 1517 114 30 såsom
1325 1515 91 41 regel
1441 1515 116 31 ställas
1581 1514 52 31 till
1657 1514 90 31 kom-

245 1560 209 32 missionens
478 1559 217 42 disposition.

298 1602 75 31 Vad
408 1602 139 31 särskilt
580 1602 161 31 beträffar
776 1601 205 32 samarbetet
1004 1601 123 31 mellan
1151 1600 345 31 rikskommissionen
1520 1601 18 29 å
1561 1609 63 21 ena
1648 1598 100 31 sidan

247 1647 88 29 samt
368 1644 193 32 riksbanks-
595 1644 63 31 och
692 1643 382 42 riksgäldsfullmäktige
1098 1645 19 29 å
1140 1642 107 31 andra
1270 1642 107 38 sidan,
1402 1642 63 31 bör
1488 1642 93 31 detta
1604 1640 144 41 givetvis

246 1687 171 31 anordnas
443 1689 45 36 så,
513 1689 49 29 att
585 1689 112 39 någon
721 1686 226 41 inblandning
969 1686 73 31 från
1065 1685 291 31 kommissionens
1381 1684 74 31 sida
1478 1684 11 31 i
1512 1683 147 32 nämnda
1676 1682 72 32 full-

247 1730 166 40 mäktiges
437 1729 300 41 grundlagsenliga
760 1728 245 41 befogenheter
1027 1728 72 31 icke
1124 1732 53 26 må
1200 1727 268 41 ifrågakomma.»

467 1823 368 32 Rikskommissionen
858 1822 57 32 för
939 1822 207 32 ekonomisk
1171 1820 374 40 försvarsberedskap.

300 1891 113 32 Sedan
435 1891 376 42 departementschefen
828 1890 173 42 redogjort
1016 1890 51 31 för
1083 1890 41 31 de
1142 1889 230 40 sakkunnigas
1389 1888 197 31 uttalanden
1605 1887 146 31 rörande

247 1942 276 41 organisationen
558 1954 39 19 av
621 1942 67 31 den
711 1942 192 41 föreslagna
925 1940 344 32 rikskommissionen
1292 1939 52 31 för
1367 1938 201 32 ekonomisk
1590 1938 161 31 försvurs-

246 1993 193 41 beredskap
472 1993 63 31 och
566 1992 301 42 myndigheternas
890 1992 143 31 häröver
1055 1991 142 41 avgivna
1219 1990 181 42 yttranden
1425 1992 160 29 ävensom
1609 1989 53 30 för
1685 1989 65 30 den

247 2044 207 31 verkställda
482 2043 332 41 överarbetningen
806 2035 17 53 i
838 2042 63 31 vad
925 2044 121 39 avsåge
1069 2041 220 32 förevarande
1313 2040 178 42 spörsmål,
1516 2040 61 30 har
1600 2039 152 41 departe-

248 2094 234 32 mentschefen
505 2095 52 30 för
580 2105 83 29 egen
687 2094 55 30 del
766 2094 110 30 anfört
900 2092 162 42 följande:

304 2146 71 30 »Då
409 2145 58 31 det
500 2145 104 41 gäller
627 2146 50 29 att
699 2144 189 31 bestämma
910 2143 361 32 rikskommissionens
1296 2141 315 40 sammansättning,
1636 2142 36 29 är
1696 2140 58 31 det

249 2191 18 29 å
301 2199 63 20 ena
398 2187 98 32 sidan
531 2187 143 42 givetvis
709 2198 40 20 av
781 2186 71 31 vikt
886 2188 48 29 att
969 2186 99 37 tillse,
1092 2187 49 29 att
1176 2186 42 30 de
1241 2184 245 32 verksamhets-
1510 2183 62 31 och
1595 2183 159 31 intresse-

249 2230 172 38 områden,
447 2240 73 21 som
555 2231 60 39 äga
645 2231 154 29 närmare
824 2228 164 32 samband
1012 2228 76 31 med
1112 2227 58 32 det
1192 2226 339 41 beredskapsarbete,
1555 2236 115 20 varom
1694 2225 61 30 här

249 2275 36 29 är
318 2273 101 41 fråga,
445 2272 103 31 såvitt
580 2271 134 41 möjligt
737 2271 91 31 bliva
850 2273 43 39 på
917 2271 57 31 det
998 2281 62 20 ena
1083 2270 82 31 eller
1188 2270 106 30 andra
1317 2271 103 29 sättet
1443 2268 195 31 företrädda
1660 2267 94 31 inom

250 2314 284 38 kommissionen;
549 2316 28 29 .å
600 2313 106 32 andra
731 2313 97 31 sidan
851 2314 62 30 bör
937 2324 77 20 man
1038 2324 38 20 av
1099 2313 63 30 lätt
1185 2311 144 32 insedda
1346 2311 72 31 skäl
1435 2311 84 31 söka
1534 2310 220 36 förekomma,

250 2359 49 29 att
322 2357 128 31 antalet
481 2357 3 30 i
507 2356 289 31 kommissionens
813 2355 395 42 plenarsammanträden
1226 2353 201 41 deltagande
1443 2353 188 31 ledamöter
1646 2352 111 31 bliver

250 2400 113 31 alltför
397 2401 96 29 stort.
539 2398 68 32 För
640 2398 171 31 vinnande
845 2409 39 19 av
918 2398 102 31 dessa
1041 2397 108 41 bägge
1174 2397 112 41 syften
1311 2406 101 31 synes
1436 2395 58 31 det
1516 2394 157 41 lämpligt
1696 2396 58 31 att.

251 2444 114 30 såsom
399 2453 40 19 av
473 2446 39 26 de
547 2441 212 41 sakkunniga
789 2440 203 41 föreslagits,
1017 2440 148 41 uppdela
1188 2439 233 31 ledamöterna
1443 2438 11 30 i
1478 2439 55 29 två
1557 2436 199 42 kategorier,

251 2484 170 32 ordinarie
446 2484 64 32 och
533 2485 94 30 extra
650 2483 197 37 ledamöter,
873 2484 87 30 samt
984 2484 48 30 att
1054 2482 169 41 begränsa
1246 2483 93 29 extra
1360 2480 170 31 ledamots
1554 2478 203 42 deltagande
