1884 2778
256 165 18 29 2
645 165 119 30 Andra
791 165 249 39 lagutskottets
1066 165 181 30 utlåtande
1272 174 44 20 nr
1341 165 52 31 42.

260 260 105 20 mans
385 251 80 29 med
485 259 168 31 personer
674 250 83 30 eller
777 250 147 39 företag,
944 250 95 30 vilka
1059 250 84 30 idka
1163 250 130 30 handel
1314 251 80 29 med
1416 250 82 37 fisk,
1520 250 112 31 bildat
1653 251 130 29 ekono-

260 293 95 30 misk
376 293 163 39 förening
560 293 57 29 för
638 293 347 39 omhändertagande
1007 293 65 29 och
1094 292 215 40 försäljning
1330 302 43 21 av
1394 292 73 30 fisk
1489 302 75 21 som
1586 293 194 30 ilandföres

259 335 99 29 inom
380 335 87 30 visst
488 335 154 34 område,
665 335 58 29 må
744 334 218 40 föreningen,
987 335 117 29 därest
1126 335 67 29 den
1216 335 118 30 finnes
1358 336 65 39 äga
1445 335 257 39 förutsättning
1724 335 56 30 för

260 376 100 39 dylik
398 377 225 30 verksamhet
662 377 65 29 och
765 376 151 30 omfatta
953 376 206 40 tillräckligt
1198 377 97 30 antal
1323 377 144 35 fiskare,
1495 378 123 30 kunna
1647 378 133 30 erhålla

261 418 129 40 Kungl.
413 418 125 39 Maj:ts
561 418 161 30 tillstånd
745 420 50 28 att
819 419 117 29 såsom
960 419 245 30 auktoriserad
1228 419 363 40 producentförening
1614 420 82 30 från
1720 419 62 30 fis-

259 462 86 29 kare
366 461 56 30 för
441 461 215 39 försäljning
674 463 155 36 mottaga
848 461 83 34 fisk,
949 470 78 21 som
1046 461 194 30 ilandföres
1261 461 97 29 inom
1379 462 170 29 området.
1570 462 210 30 Tillståndet

261 504 59 29 må
343 504 190 38 begränsas
554 504 52 29 att
628 503 91 39 gälla
740 503 148 30 allenast
909 503 87 30 visst
1018 503 83 30 eller
1122 503 94 30 vissa
1238 503 74 39 slag
1334 513 43 21 av
1398 504 83 29 fisk.
1504 504 84 30 Fisk
1612 513 75 21 som
1709 513 73 21 om-

257 543 110 31 fattas
391 554 43 21 av
456 544 125 31 sådant
604 544 160 31 tillstånd
786 544 192 30 benämnes
1001 544 11 30 i
1036 545 56 29 det
1116 544 158 39 följande
1297 545 312 40 handelsreglerad
1630 546 83 39 fisk.

306 588 254 30 Auktoriserad
581 587 362 40 producentförening
962 589 38 28 är
1019 587 127 40 pliktig
1164 590 51 27 att
1235 588 109 39 enligt
1364 598 136 21 samma
1520 589 164 39 grunder,
1706 598 74 20 som

262 630 91 39 gälla
377 631 12 29 i
413 630 100 39 fråga
537 640 58 20 om
619 631 170 30 medlems
814 630 130 39 fångst,
970 630 55 30 för
1050 630 214 40 försäljning
1289 632 157 38 mottaga
1471 631 310 40 handelsreglerad

260 673 84 33 fisk,
368 682 76 20 som
465 672 96 30 inom
584 672 226 39 föreningens
833 672 144 30 område
998 672 194 31 ilandföres
1215 682 42 21 av
1279 682 120 20 annan
1422 673 144 30 fiskare.

306 714 47 30 Är
375 714 189 30 tillförseln
586 724 43 20 av
649 714 105 39 något
776 714 74 40 slag
871 724 43 20 av
935 714 308 40 handelsreglerad
1265 715 72 30 fisk
1360 716 39 29 så
1420 715 115 39 riklig,
1558 717 51 29 att
1631 716 57 29 det
1709 716 73 30 kan

261 758 149 37 antagas
433 758 50 28 att
504 766 42 20 en
568 757 173 38 väsentlig
763 756 54 30 del
840 757 109 30 därav
970 757 30 39 ej
1026 757 71 29 kan
1120 758 155 29 avsättas
1298 758 56 29 för
1376 758 232 29 konsumtion
1631 760 12 29 i
1665 759 115 29 färskt

259 798 173 33 tillstånd,
465 798 58 29 må
553 797 364 40 producentförening
947 797 88 30 efter
1067 798 231 39 medgivande
1331 808 43 21 av
1407 800 133 28 statens
1572 799 209 39 jordbruks-

260 840 136 30 nämnd
421 840 118 29 lämna
563 839 144 34 fiskare,
733 848 75 21 som
830 848 99 22 mera
952 840 228 39 regelbundet
1205 841 174 29 levererar
1404 841 53 30 till
1483 841 208 39 föreningen
1716 841 65 30 och

260 883 58 30 för
333 882 121 31 vilken
471 882 91 29 fiske
580 882 104 39 utgör
701 882 238 39 huvudsaklig
956 882 83 29 eller
1056 882 173 40 väsentlig
1246 883 266 34 inkomstkälla,
1532 884 178 30 företräde
1728 884 53 29 till

261 926 172 29 leverans.

307 968 13 29 I
339 968 114 39 övrigt
471 968 89 30 skall
579 968 245 31 auktoriserad
843 968 361 40 producentförening
1221 968 58 30 vid
1298 968 230 31 bedrivandet
1547 979 43 20 av
1610 969 54 30 sin
1682 970 100 29 verk-

264 1010 139 30 samhet
430 1010 100 30 ställa
557 1010 52 39 sig
635 1010 54 30 till
716 1010 233 30 efterrättelse
975 1011 41 29 de
1042 1010 202 40 ytterligare
1271 1010 139 35 villkor,
1439 1020 75 21 som
1542 1012 124 30 kunna
1692 1012 91 30 hava

262 1052 194 40 uppställts
486 1052 57 30 vid
575 1052 215 30 tillståndets
821 1052 212 39 beviljande,
1066 1053 166 30 ävensom
1264 1053 42 29 de
1339 1053 175 30 särskilda
1546 1054 235 34 föreskrifter,

263 1103 77 21 som
360 1094 377 39 jordbruksnämnden
758 1095 71 29 kan
850 1095 145 29 komma
1017 1096 50 28 att
1089 1095 170 29 meddela.

307 1135 186 37 Tillstånd,
512 1145 123 21 varom
653 1136 12 29 i
682 1136 113 30 första
814 1137 137 39 stycket
970 1137 178 36 förmäles,
1167 1137 59 30 må
1244 1147 44 20 av
1305 1137 128 39 Kungl.
1453 1137 107 39 Maj:t
1580 1137 94 35 eller,
1694 1138 93 30 efter

258 1176 129 39 Kungl.
408 1177 124 39 Maj:ts
552 1178 291 38 bemyndigande,
864 1187 42 21 av
924 1178 376 39 jordbruksnämnden
1320 1179 201 35 återkallas,
1542 1180 45 30 då
1607 1180 77 30 skäl
1704 1181 83 29 där-

258 1218 55 30 till
332 1220 72 30 äro.

984 1271 18 30 3
1032 1270 27 37 8.

305 1329 78 30 Den
403 1339 75 20 som
498 1329 96 30 inom
615 1330 246 30 auktoriserad
880 1331 379 40 producentförenings
1280 1331 144 31 område
1444 1332 156 30 ilandför
1619 1333 164 30 handels-

262 1371 160 38 reglerad
449 1372 71 30 fisk
545 1372 60 30 må
631 1375 73 27 mot
728 1372 163 40 vederlag
916 1373 156 30 överlåta
1097 1374 125 33 denna,
1251 1373 157 31 förutom
1434 1375 54 29 till
1514 1375 269 39 producentför-

262 1413 163 39 eningen,
444 1414 148 31 allenast
610 1415 54 30 till
682 1414 374 39 jordbruksnämnden
1076 1416 83 29 eller
1176 1416 103 39 eljest
1303 1417 5 29 i
1328 1417 68 29 den
1416 1417 151 39 ordning
1586 1418 65 29 och
1671 1419 114 29 under

261 1456 42 29 de
323 1456 129 30 villkor
472 1457 179 30 nämnden
670 1456 224 31 bestämmer.

307 1498 14 29 I
344 1499 113 30 andra
480 1499 61 30 fall
566 1500 45 30 än
635 1500 11 29 i
669 1498 112 32 första
805 1500 139 38 stycket
966 1508 98 22 avses
1088 1500 58 30 må
1169 1500 310 40 handelsreglerad
1503 1501 73 30 fisk
1599 1502 148 30 allenast
1771 1502 11 29 i

262 1540 69 31 den
351 1541 150 39 ordning
520 1542 65 29 och
605 1542 113 30 under
738 1543 41 29 de
796 1542 129 30 villkor
943 1541 376 39 jordbruksnämnden
1338 1543 215 30 bestämmer
1572 1545 74 28 mot
1663 1545 120 29 veder-

261 1582 57 41 lag
337 1583 173 31 överlåtas
529 1583 54 30 till
602 1582 265 40 återförsäljare
886 1585 11 29 i
916 1585 66 29 och
1001 1585 55 30 för
1076 1585 130 30 dennes
1226 1586 131 29 rörelse
1377 1586 82 29 eller
1478 1585 54 30 till
1550 1595 129 30 person
1698 1586 85 30 eller

261 1625 148 39 företag,
434 1635 74 20 som
531 1626 181 30 använder
734 1626 72 30 fisk
828 1626 56 30 för
906 1626 240 40 yrkesmässig
1167 1627 229 40 tillverkning
1418 1628 84 30 eller
1523 1628 194 40 beredning
1739 1637 44 21 av

262 1676 106 21 varor
383 1667 56 30 till
459 1668 131 30 avsalu.

983 1710 21 30 4
1032 1709 28 37 8.

306 1769 69 31 Vid
399 1768 128 31 handel
551 1770 81 30 med
655 1769 74 30 fisk
752 1770 89 30 skall
865 1770 120 40 priset,
1009 1770 64 30 där
1097 1770 31 39 ej
1154 1769 376 40 jordbruksnämnden
1555 1773 108 28 annat
1687 1772 96 30 med-

263 1810 105 40 giver,
388 1811 143 39 angivas
549 1821 63 30 per
630 1810 192 31 viktenhet.

750 1919 34 29 C.
819 1919 66 29 Om
911 1919 385 36 prisregleringsavgift.

809 1996 28 29 1.
863 1995 271 41 Svenskfångad
1156 1995 85 41 fisk.

984 2072 19 30 5
1032 2070 28 38 8.

307 2130 69 31 För
401 2130 72 31 fisk
496 2139 75 21 som
595 2129 193 32 ilandföres
813 2130 66 30 här
901 2131 13 30 i
937 2131 92 30 riket
1051 2131 103 34 skall,
1180 2132 63 30 där
1266 2131 102 40 fråga
1391 2131 79 30 icke
1494 2133 39 30 är
1558 2141 57 20 om
1639 2132 142 40 import,

261 2172 383 39 prisregleringsavgift
668 2174 172 38 upptagas
865 2174 12 29 i
902 2173 68 30 den
994 2173 248 40 utsträckning
1266 2174 65 30 och
1356 2174 81 30 med
1462 2174 58 30 det
1543 2174 136 40 belopp,
1705 2183 76 21 som

262 2215 128 39 Kungl.
418 2215 105 40 Maj:t
548 2216 95 36 eller,
670 2216 88 29 efter
784 2214 127 40 Kungl.
938 2215 125 40 Maj:ts
1087 2215 293 41 bemyndigande,
1405 2216 377 39 jordbruksnämnden

261 2257 226 32 bestämmer.

307 2299 167 39 Avgiften
491 2301 89 29 skall
599 2300 157 39 erläggas
773 2300 11 29 i
802 2300 173 30 samband
992 2301 79 30 med
1089 2300 111 31 första
1218 2300 261 39 försäljningen
1497 2310 43 21 av
1555 2301 118 30 fisken
1690 2302 94 29 samt

262 2341 122 39 gäldas
411 2352 43 21 av
479 2341 167 40 köparen.
673 2342 68 31 För
765 2342 82 37 fisk,
874 2351 78 21 som
976 2343 208 30 annorledes
1210 2344 45 28 än
1280 2343 20 29 å
1324 2343 209 30 kommunal
1558 2343 223 30 fiskauktion

261 2383 168 40 försäljes
453 2385 54 30 för
532 2384 237 40 förbrukning
791 2385 12 29 i
827 2384 177 39 köparens
1027 2384 142 31 hushåll
1194 2386 83 29 eller
1302 2394 76 20 som
1403 2384 193 32 ilandföres
1622 2386 65 29 och
1712 2385 72 29 för-

263 2426 109 40 säljes
395 2436 43 20 av
459 2436 128 30 person
610 2427 84 30 eller
717 2426 144 40 företag,
886 2435 76 21 som
984 2427 255 40 yrkesmässigt
1262 2426 160 31 bedriver
1444 2427 129 30 handel
1596 2428 80 29 med
1699 2427 84 34 fisk,

262 2469 92 30 skall
372 2469 156 39 avgiften
546 2469 93 29 dock
656 2468 133 30 betalas
809 2478 43 21 av
870 2468 167 39 säljaren.
