1870 2802
264 139 36 29 12
581 123 9 6 |
664 141 115 31 Andra
800 140 239 37 lagutskottets
1060 140 176 31 utlåtande
1256 150 42 21 nr
1320 140 51 31 27.

402 224 139 36 (Kungl.
566 225 119 38 Maj:ts
711 223 160 38 förslag:)

1204 223 206 37 (Utskottets
1433 224 160 37 förslag:)

903 322 36 46 2
989 320 131 49 Lag

319 390 186 39 angående
528 389 160 33 fortsatt
712 389 176 41 giltighet
911 398 43 23 av
976 389 107 39 lagen
1107 389 71 32 den
1204 389 39 32 19
1262 387 86 43 juni
1370 388 82 33 1942
1475 386 61 41 (nr
1557 387 79 41 430)
1660 398 58 23 om

379 440 165 32 kontroll
568 449 43 23 av
634 440 209 41 upplåtelse
867 439 69 33 och
959 439 219 33 överlåtelse
1202 449 41 23 av
1265 439 232 33 bostadsrätt
1518 449 49 23 m.
1589 449 49 23 m.

310 534 210 37 Härigenom
536 535 195 35 förordnas,
749 538 47 27 att
814 536 101 35 lagen
930 535 67 29 den

269 586 38 29 19
326 585 78 37 juni
424 586 81 30 1942
525 594 58 21 om
601 586 151 29 kontroll
768 595 42 22 av
828 584 167 37 upplåtel-

267 645 35 21 se
326 636 67 30 och
419 634 199 32 överlåtelse
645 645 43 21 av
716 636 209 30 bostadsrätt
951 644 44 21 m.

266 683 69 38 m.',
369 686 116 31 vilken
515 686 105 37 enligt
650 687 57 36 lag
736 687 68 31 den
831 687 43 29 26
904 695 92 21 mars

269 737 82 29 1943
378 735 54 39 (nr
453 735 71 40 113)
549 737 108 35 gäller
677 736 51 31 till
747 737 64 30 och
831 737 81 30 med
931 737 66 30 den

266 787 41 29 30
329 787 194 36 september
548 788 94 38 1944,
667 787 86 31 skall
774 788 64 35 äga
859 787 139 30 fortsatt

265 836 156 38 giltighet
440 837 50 30 till
512 838 64 29 och
600 838 79 30 med
700 838 66 29 den
788 838 41 30 30
852 840 144 34 septem-

266 888 59 29 ber
354 888 93 30 1946.

1082 534 210 36 Härigenom
1308 534 194 36 förordnas,
1520 537 49 28 att
1584 535 102 36 lagen
1703 535 65 30 den

1040 585 39 30 19
1096 581 78 40 juni
1196 586 81 29 1942
1296 594 58 21 om
1371 585 151 30 kontroll
1540 593 42 23 av
1600 584 166 37 upplåtel-

1037 644 36 21 se
1099 635 66 30 och
1192 634 198 32 överlåtelse
1419 645 41 21 av
1486 635 211 31 bostadsrätt
1723 646 43 20 m.

1037 683 70 38 m.',
1141 686 115 32 vilken
1286 686 106 37 enligt
1421 687 56 36 lag
1507 686 67 32 den
1603 686 44 30 26
1676 695 92 22 mars

1040 737 84 29 1943
1150 735 52 40 (nr
1226 736 71 39 113)
1313 737 116 36 gäller
1447 737 51 30 till
1516 737 66 30 och
1602 738 79 29 med
1703 737 65 30 den

1038 787 43 29 30
1104 787 191 36 september
1319 787 94 37 1944,
1437 788 87 29 skall
1545 788 65 35 äga
1632 787 136 30 fortsatt

1038 837 155 37 giltighet
1213 838 49 30 till
1283 840 65 29 och
1370 838 79 30 med
1473 838 66 29 den
1560 838 42 30 30
1625 840 142 34 septem-

1037 888 62 30 ber
1124 888 93 30 1945.

620 1022 36 30 B.
679 1026 49 27 att
746 1022 217 31 motionerna
983 1022 27 30 I:
1025 1022 74 36 276,
1120 1022 29 30 1:
1164 1023 73 36 277,
1261 1022 44 30 II:
1320 1022 74 36 445,
1417 1022 44 30 II:
1476 1023 64 30 446
1560 1023 66 30 och
1648 1022 43 30 II:
1707 1023 62 30 450

575 1072 76 32 icke
675 1072 104 31 måtte
801 1072 182 32 föranleda
1006 1073 49 30 till
1079 1072 116 37 någon
1217 1073 201 36 riksdagens
1442 1071 129 38 åtgärd.

314 1173 200 30 Stockholm
536 1174 67 29 den
629 1174 39 29 16
689 1183 91 20 mars
805 1174 93 29 1944.

720 1323 47 31 På
786 1324 110 30 andra
917 1324 238 35 lagutskottets
1176 1323 140 36 vägnar:

838 1407 139 30 DAVID
1003 1406 198 32 NORMAN.

305 1622 53 24 Vid
378 1622 131 26 ärendets
529 1621 175 33 behandling
725 1622 72 24 hava
817 1622 128 25 närvarit

303 1680 65 26 från
402 1680 135 26 första
567 1681 180 25 kammaren:
771 1681 99 24 herrar
894 1681 135 30 Norman,
1057 1680 169 32 Wistrand”,
1251 1681 151 31 Forslund,
1427 1681 187 30 Löfvander",
1640 1682 129 24 Manner-

269 1723 108 31 skantz,
397 1724 84 30 Roos,
499 1724 79 31 Hage
598 1724 54 24 och
670 1723 176 30 Söderkvist;

303 1782 66 25 från
400 1784 127 24 andra
557 1783 179 24 kammaren:
760 1782 103 25 fröken
887 1782 176 31 Hesselgren,
1088 1783 66 24 herr
1178 1782 124 26 Olovson
1325 1784 8 24 i
1357 1782 141 31 Västerås,
1521 1783 105 25 fröken
1650 1783 117 24 Anders-

269 1832 60 25 son,
356 1826 101 24 herrar
480 1825 164 25 Pettersson
672 1826 7 24 i
706 1825 202 29 Hällbacken",
936 1825 135 32 Ryberg",
1099 1824 94 31 Cruse,
1220 1825 146 25 Johnsson
1392 1826 8 24 i
1427 1824 261 33 Kastanjegården?"
1713 1826 55 24 och

269 1868 126 26 Jansson
417 1868 9 25 i
447 1867 152 28 Hällefors,

304 1945 12 14 +
338 1944 36 32 Ej
392 1945 177 24 närvarande
586 1944 49 24 vid
653 1943 171 25 utlåtandets
843 1944 146 32 justering.

305 2444 8 14 1
333 2445 111 25 Senaste
462 2446 107 31 lydelse,
589 2453 26 16 se
635 2446 58 24 SFS
714 2444 71 25 1943:
806 2444 55 25 113.
