2241 2665
416 187 229 30 Sammansatta
670 187 100 30 Stats-
795 186 70 40 (och
889 187 306 36 Banko-Jutskottets
1219 188 62 35 (Nr
1302 188 37 35 2)
1368 189 163 30 Utlåtande
1552 190 47 30 Nr
1612 191 27 28 6.
1815 189 15 30 1

970 635 61 40 Nr
1054 635 42 42 6.

875 797 109 24 Ankom
1003 797 46 24 till
1067 797 172 31 Riksdagens
1259 798 92 24 kansli
1370 798 53 24 den
1442 796 16 26 3
1477 798 62 30 juni
1558 797 70 27 1910
1647 799 37 24 kl.
1705 797 34 27 10
1758 801 19 23 f.
1797 807 35 18 m.

448 938 201 45 Memorial,
697 940 13 34 i
757 939 188 45 anledning
992 940 47 43 af
1074 941 212 35 kamrarnas
1321 941 200 45 skiljaktiga
1554 942 108 36 beslut
1684 944 150 35 rörande

662 1014 254 32 sammansatta
958 1015 100 32 stats-
1100 1012 60 36 och
1197 1012 287 37 bankoutskottets
1525 1026 45 23 nr
1606 1016 26 33 2
1655 1015 180 36 utlåtande

667 1094 44 23 nr
731 1084 35 42 2,
791 1083 13 34 i
824 1083 188 44 anledning
1032 1083 48 44 af
1092 1085 101 34 väckt
1210 1085 126 34 motion
1356 1095 53 25 om
1428 1085 183 43 skrifvelse
1631 1087 53 35 till
1700 1087 132 45 Kungl.

666 1152 111 43 Maj:t
809 1154 77 35 med
914 1154 168 36 anhållan
1111 1166 53 24 om
1191 1156 186 45 utredning
1407 1157 60 35 och
1487 1157 142 46 förslag
1658 1159 178 44 angående

666 1225 201 35 inrättande
896 1226 48 43 af
965 1237 43 24 en
1036 1226 134 36 allmän
1200 1226 183 37 lånekassa
1405 1228 65 44 för
1498 1229 159 45 Sveriges
1685 1231 149 35 kommu-

666 1307 63 24 ner
751 1300 92 32 samt
871 1309 53 23 om
948 1299 124 43 anslag
1093 1298 64 43 för
1185 1300 248 44 utredningens
1461 1301 264 36 verkställande.

342 1455 19 35 I
401 1456 64 35 sitt
505 1455 195 37 utlåtande
744 1470 44 23 nr
822 1460 21 33 2
874 1458 97 36 hade
1001 1462 267 33 sammansatta
1297 1463 105 33 stats-
1432 1461 69 35 och
1529 1461 309 37 bankoutskottet

236 1522 44 23 nr
324 1511 34 42 2,
402 1509 14 35 i
456 1509 204 48 anledning
703 1511 40 35 af
773 1512 143 36 motion
945 1525 44 23 ur
1020 1515 46 33 59
1098 1513 13 35 i
1141 1513 130 36 Andra
1299 1514 217 36 kammaren
1546 1516 39 35 af
1609 1517 86 34 herr
1722 1517 113 44 Rune,

237 1563 200 44 hemställt,

336 1616 39 48 a)
406 1620 54 32 att
498 1616 219 48 Riksdagen
760 1621 112 33 måtte
915 1619 13 35 i
970 1620 197 37 skrifvelse
1201 1621 56 35 till
1286 1622 140 47 Kungl.
1457 1622 109 48 Maj:t
1595 1624 158 44 anhålla,
1786 1628 54 32 att

237 1671 141 46 Kungl.
423 1670 109 49 Maj:t
573 1671 87 36 ville
702 1673 74 35 låta
820 1674 83 34 med
939 1674 176 36 särskildt
1144 1674 216 37 beaktande
1391 1676 39 34 af
1454 1676 12 35 i
1494 1677 210 36 utlåtandet
1732 1678 107 35 fram-

237 1724 126 36 hållna
393 1724 235 49 synpunkter
655 1727 144 44 utreda,
830 1727 186 36 huruvida
1045 1729 68 35 och
1143 1731 49 44 på
1223 1730 145 36 hvilket
1398 1732 73 34 sätt
1500 1743 46 23 en
1576 1731 136 36 allmän
1741 1732 97 36 låne-

237 1778 111 35 kassa
391 1779 57 35 för
491 1779 171 46 Sveriges
697 1780 221 36 kommuner
946 1781 115 36 borde
1090 1782 173 46 inrättas,
1295 1787 105 42 samt,
1432 1784 129 36 såvida
1589 1785 252 48 utredningen

240 1831 124 36 därtill
407 1832 108 46 gåfve
557 1833 213 47 anledning,
814 1835 56 34 för
913 1834 218 49 Riksdagen
1177 1837 206 47 framlägga
1412 1838 138 47 förslag
1578 1839 13 34 i
1621 1842 138 43 ämnet;
1792 1840 48 35 äf-

240 1897 152 25 vensom

349 1938 36 49 b)
416 1942 53 33 att
510 1939 222 48 Riksdagen
775 1941 56 35 för
865 1941 274 37 ofvannämnda
1170 1944 220 47 utrednings
1421 1945 277 36 verkställande
1728 1949 113 34 måtte

241 1992 56 36 för
339 1995 40 33 år
424 1995 99 34 1911
559 1996 48 44 på
637 1997 106 33 extra
774 1997 73 34 stat
874 1996 120 35 under
1023 1996 133 49 sjunde
1186 1998 255 36 hufvudtiteln
1471 1999 128 37 anvisa
1629 2002 52 33 ett
1712 2001 130 47 anslag

242 2046 39 35 af
306 2046 187 36 femtusen
522 2047 148 36 kronor.

350 2101 130 46 Enligt
507 2102 184 35 utskottet
718 2102 82 36 från
829 2103 198 36 kamrarna
1054 2104 324 37 tillhandakomna
1406 2107 341 47 protokollsutdrag
1775 2109 68 34 har

245 2155 122 34 denna
396 2155 223 35 hemställan
649 2156 40 34 af
714 2155 131 37 Andra
873 2157 217 36 kammaren
1119 2158 165 46 bifallits,
1315 2160 193 36 hvaremot
1531 2161 129 36 Första
1681 2162 161 36 kamma-

242 2220 66 23 ren
354 2209 143 46 antagit
541 2210 63 35 det
636 2209 149 49 förslag,
817 2223 78 24 som
923 2211 203 37 innefattas
1155 2213 13 35 i
1198 2214 72 35 den
1299 2214 62 36 vid
1390 2214 210 36 utlåtandet
1627 2216 134 46 fogade
1789 2229 53 23 re-

244 2262 187 36 servation
461 2264 83 35 med
573 2264 223 36 hemställan
826 2278 57 23 om
915 2266 118 47 afslag
1062 2269 20 33 å
1113 2267 86 35 herr
1228 2268 127 35 Runes
1384 2268 284 47 ifrågavarande
1690 2270 150 36 motion.

281 2322 113 35 Bihang
413 2323 44 27 till
476 2323 173 35 Riksdagens
668 2324 140 28 Protokoll
827 2327 80 26 1910.
945 2328 18 25 4
982 2326 85 28 Saml.
1105 2329 18 24 2
1142 2327 69 34 Afd.
1249 2329 17 25 5
1285 2327 84 35 Häft.
1408 2328 56 32 (Nr
1484 2330 93 33 6—7)
