1922 2842
294 189 20 31 2
758 192 230 29 Statsutskottets
1010 195 152 28 utlåtande
1183 196 49 27 Nr
1253 195 71 31 1205.

337 266 62 29 114
430 265 554 44 kompaniofficersbeställningar,
1009 269 102 31 därav
1134 270 42 30 24
1198 281 40 20 av
1260 270 131 42 högsta,
1415 273 41 30 42
1479 284 40 20 av
1542 273 176 33 mellersta
1731 277 64 31 och

291 314 41 32 48
356 326 41 20 av
418 316 111 41 lägsta
550 316 183 39 löneklass,
762 319 87 29 samt

346 366 61 30 120
429 365 502 44 underofficersbeställningar,
955 368 101 32 därav
1076 370 42 31 55
1134 381 40 20 av
1190 371 103 41 högre
1310 372 64 31 och
1390 373 40 31 65
1446 384 39 20 av
1500 373 92 42 lägre
1608 375 184 34 löneklass.

344 415 188 32 Dessutom
566 417 110 31 finnas
710 428 42 20 en
785 420 185 30 reservstat
1001 419 53 32 för
1086 421 261 32 fältläkarkåren
1382 423 63 31 och
1469 434 41 20 en
1533 427 186 30 reservstat
1741 427 53 31 för

290 466 346 39 fältveterinärkåren,
661 468 209 32 omfattande
893 469 149 41 följande
1065 470 247 43 beställningar
1334 473 187 42 nämligen:

344 519 229 29 reservstaten
596 518 53 30 för
671 517 275 33 fältläkarkåren:

364 567 19 30 2
406 567 411 42 fältläkarbeställningar,

344 617 38 30 12
405 618 536 43 regementsläkarbeställningar
964 621 63 31 och

362 667 20 30 6
404 667 528 44 bataljonsläkarbeställningar;
956 673 87 29 samt

340 720 229 29 reservstaten
591 719 53 31 för
666 719 348 34 fältveterinärkåren:

363 769 15 29 1
403 768 451 43 fältveterinärbeställning,

360 819 21 29 4
402 819 611 43 regementsveterinärbeställningar
1035 823 65 31 och

360 869 19 30 2
402 868 598 45 bataljonsveterinärbeställningar.

338 918 243 32 Reservstaten
615 920 53 31 för
701 921 171 31 officerare
904 922 63 31 och
989 923 284 33 underofficerare
1297 927 160 30 ävensom
1480 930 232 30 reservstaten
1735 930 52 31 för

284 968 261 32 fältläkarkåren
568 972 58 29 äro
649 970 89 32 båda
759 971 79 31 fullt
852 974 170 39 uppsatta.
1061 973 166 33 Däremot
1241 975 62 31 har
1318 977 269 42 uppsättningen
1605 990 41 20 av
1661 990 125 21 reserv-

285 1021 113 29 staten
421 1020 53 31 för
495 1020 336 33 fältveterinärkåren
854 1024 92 30 ännu
968 1024 73 31 icke
1064 1025 187 41 påbörjats.

336 1069 70 31 För
428 1071 168 41 övergång
618 1071 54 31 till
694 1074 184 30 reserystat
900 1073 141 39 fordras,
1065 1075 151 32 förutom
1238 1076 62 32 full
1323 1077 319 43 tjänsteduglighet:

336 1120 53 31 för
410 1120 285 33 underofficerare
719 1123 18 31 8
760 1123 165 40 tjänsteår
947 1126 112 30 såsom
1083 1126 92 31 aktiv
1198 1127 226 32 underofficer
1447 1128 62 31 och
1533 1129 40 31 32
1590 1130 190 39 levnadsår,

335 1170 54 31 för
410 1171 338 41 kompaniofficerare
773 1174 39 30 10
834 1174 164 40 tjänsteår
1021 1177 114 30 såsom
1159 1177 91 31 aktiv
1272 1178 116 31 officer
1411 1179 64 31 och
1498 1181 40 30 32
1560 1180 191 39 levnadsår,

334 1221 58 35 för,
420 1221 287 42 bataljonsläkare
735 1223 64 32 och
831 1224 382 42 bataljonsveterinärer
1248 1229 37 30 10
1319 1229 165 41 tjänsteår
1507 1232 114 30 såsom
1646 1232 137 31 militär-

280 1271 114 31 läkare
417 1272 193 41 respektive
634 1273 296 33 militärveterinär
952 1276 63 31 och
1038 1277 40 30 43
1101 1277 189 39 levnadsår,

333 1322 53 31 för
408 1324 306 40 regementsläkare
749 1325 63 31 och
834 1328 402 38 regementsveterinärer
1259 1330 39 30 15
1321 1329 164 42 tjänsteår
1508 1333 113 30 såsom
1646 1333 136 31 militär-

280 1373 115 31 läkare
418 1374 192 40 respektive
633 1375 297 33 militärveterinär
952 1377 63 31 och
1037 1378 41 31 48
1101 1378 181 32 levnadsår
1305 1382 88 29 samt

331 1423 54 31 för
407 1425 161 38 överstar,
592 1426 322 41 överstelöjtnanter
929 1428 64 30 och
1008 1428 166 41 kaptener
1188 1430 58 30 vid
1262 1432 170 40 övergång
1447 1432 53 31 till
1512 1434 152 30 närmast
1677 1434 104 41 högre

279 1473 212 41 tjänstegrad
514 1476 19 29 å
555 1478 184 29 reservstat
761 1476 201 42 lämplighet
983 1478 53 32 för
1058 1479 67 31 den
1147 1479 106 42 högre
1275 1481 261 42 beställningen.

331 1514 31 41 Å
393 1527 185 29 reserystat
610 1528 80 39 äger
723 1527 182 32 befordran
927 1528 74 32 icke
1023 1540 75 20 rum
1121 1530 12 30 i
1156 1530 115 32 vidare
1294 1533 88 36 mån,
1406 1534 42 29 än
1472 1534 49 29 att
1543 1533 150 41 löjtnant
1716 1535 64 31 kan

280 1574 106 42 enligt
419 1575 93 32 vissa
544 1576 149 41 grunder
725 1577 177 32 befordras
936 1578 52 32 till
1020 1579 127 41 kapten
1181 1580 238 43 (ryttmästare)
1452 1582 64 32 och
1548 1587 157 38 sergeant
1727 1585 53 31 till

278 1624 200 41 fanjunkare
501 1625 260 43 (styckjunkare,
788 1627 200 42 förvaltare).

331 1674 165 33 Personal
530 1678 19 29 å
582 1679 185 30 reservstat
799 1679 37 30 är
858 1678 385 44 tjänstgöringsskyldig
1265 1681 12 31 i
1298 1681 75 42 krig
1397 1682 64 31 och
1484 1682 43 32 då
1549 1685 230 41 värnpliktiga

278 1725 100 40 eljest
400 1725 145 32 inkallas
568 1727 53 31 till
637 1727 106 32 rikets
759 1728 131 31 försvar
905 1730 159 31 ävensom
1080 1730 59 31 vid
1155 1731 106 31 sådan
1277 1732 135 42 övning,
1430 1743 74 21 som
1520 1733 52 32 till
1586 1736 192 31 utrönande

276 1786 41 20 av
339 1775 125 32 härens
487 1776 287 44 krigsberedskap
796 1778 66 32 kan
888 1779 92 32 bliva
1001 1780 182 39 anbefalld,
1209 1784 87 29 samt
1319 1783 177 32 dessutom
1518 1784 12 31 i
1552 1784 90 31 fred:

329 1827 255 41 generalmajor,
619 1829 135 30 överste
787 1829 65 31 och
888 1830 107 41 major
1028 1831 11 30 i
1072 1831 104 41 högst
1208 1832 41 31 45
1282 1832 103 42 dagar
1408 1834 108 31 under
1537 1835 94 40 varje
1655 1837 122 31 tvåårs-

274 1876 123 40 period
419 1888 40 19 av
482 1877 236 41 tjänstetiden;

328 1926 279 41 kompaniofficer
638 1928 85 32 efter
755 1930 106 41 fyllda
883 1931 41 31 43
947 1931 63 31 och
1033 1931 228 33 underofficer
1283 1934 85 31 efter
1389 1934 107 41 fyllda
1517 1936 41 31 42
1581 1938 37 29 år
1640 1936 12 31 i
1675 1936 102 42 högst

275 1976 41 32 50
339 1976 104 42 dagar
464 1978 110 31 under
596 1979 120 41 loppet
738 1991 41 20 av
801 1981 91 41 varje
915 1982 231 41 treårsperiod
1168 1993 41 21 av
1231 1983 238 41 tjänstetiden;

326 2027 282 42 kompaniofficer
641 2030 85 31 efter
757 2031 107 41 fyllda
896 2032 40 31 37
970 2032 64 31 och
1055 2032 92 32 intill
1176 2034 106 40 fyllda
1303 2035 41 30 43
1368 2036 45 37 år,
1437 2036 226 32 underofficer
1686 2038 90 31 intill

273 2078 41 30 42
337 2080 37 29 år
397 2081 88 29 samt
507 2079 113 32 läkare
644 2080 64 31 och
731 2082 168 31 veterinär
922 2082 85 32 efter
1029 2083 188 41 uppnådda
1238 2085 40 31 48
1294 2086 37 30 år
1345 2085 12 31 i
1373 2085 103 42 högst
1491 2087 40 31 50
1547 2087 104 41 dagar
1666 2088 109 32 under

273 2128 120 41 loppet
416 2140 40 20 av
477 2130 92 41 varje
592 2132 236 40 tvåårsperiod
850 2144 40 19 av
913 2133 236 40 tjänstetiden;
1175 2137 88 29 samt

325 2179 282 41 kompaniofficer
639 2181 91 32 intill
762 2182 107 41 fyllda
901 2184 40 30 37
970 2185 36 30 år
1029 2187 88 29 samt
1139 2185 114 31 läkare
1276 2186 64 31 och
1363 2187 169 31 veterinär
1554 2188 91 32 intill
1669 2189 106 42 fyllda

272 2229 41 30 48
336 2231 36 28 år
395 2229 11 30 i
429 2230 102 41 högst
567 2232 59 30 100
649 2231 103 42 dagar
774 2233 109 31 under
905 2234 119 41 loppet
1046 2246 40 19 av
1108 2235 92 41 varje
1224 2237 230 41 treårsperiod
1476 2249 40 20 av
1538 2239 234 41 tjänstetiden.

325 2279 165 32 Personal
514 2282 19 29 å
555 2284 186 29 reservstat
763 2284 37 29 är
822 2283 136 42 skyldig
979 2286 49 29 att
1050 2287 85 39 avgå
1156 2286 75 31 från
1253 2289 185 30 reservstat
1461 2288 73 31 dels
1550 2291 44 38 på
1609 2289 112 41 grund
1733 2301 40 19 av

273 2329 253 40 otjänstbarhet
549 2331 85 31 efter
658 2343 128 20 samma
808 2334 150 40 grunder
980 2345 72 21 som
1076 2336 162 40 personal
1260 2338 43 39 på
1326 2337 92 31 aktiv
1435 2340 67 29 stat
1519 2339 62 31 och
1598 2339 76 31 dels
1688 2339 85 31 efter

271 2381 206 39 uppnående
501 2392 40 19 av
564 2381 66 31 den
655 2382 103 39 ålder,
784 2394 73 20 som
881 2384 184 42 berättigar
1091 2388 239 31 motsvarande
1353 2389 161 40 personal
1536 2391 43 39 på
1595 2389 94 31 aktiv
1705 2392 67 29 stat

272 2429 50 31 till
357 2433 130 39 avgång
520 2432 78 31 med
631 2432 307 42 fyllnadspension.
983 2435 97 32 Efter
1113 2438 213 40 övergången
1360 2438 53 31 till
1446 2439 237 41 pensionsstat
1713 2442 58 29 äro

271 2480 255 32 vederbörande
551 2482 155 42 skyldiga
729 2485 49 29 att
800 2484 135 32 kvarstå
958 2485 11 31 i
992 2489 133 28 arméns
1143 2498 152 21 reserver
1311 2488 108 32 under
1436 2500 127 21 samma
1579 2489 99 39 tider,
1697 2501 74 21 som
