2229 2679
426 205 17 27 6
937 200 258 32 Buankoutskottets
1219 199 160 32 Memorial
1403 198 64 32 N:o
1490 199 30 30 2.

528 281 138 37 Vidare
695 282 69 36 och
794 280 235 37 beträffande
1058 280 72 36 den
1159 280 181 46 teckning
1368 279 39 37 af
1425 282 18 34 2
1466 279 189 36 millioner
1683 279 184 36 riksmark
1888 279 9 35 i
1921 279 106 48 tyska

426 335 198 35 statslånet
665 332 40 38 af
734 336 40 33 år
805 335 106 45 1890,
940 345 80 23 som
1048 331 60 37 för
1135 331 250 37 riksbankens
1413 331 161 49 räkning
1603 331 8 36 i
1642 331 131 48 början
1802 330 39 37 af
1866 330 161 36 oktober

426 385 234 37 verkstäldes
696 386 56 35 till
786 399 42 22 en
864 384 171 37 bestämd
1071 384 90 35 kurs
1190 383 40 36 af
1255 386 43 34 87
1316 381 40 47 7),
1386 382 110 37 utföll
1525 383 217 36 densamma
1771 386 50 38 så,
1852 388 55 30 att
1934 382 94 36 riks-

427 438 147 35 banken
616 437 135 36 bekom
793 437 247 35 tillsammans
1076 438 159 42 750,000
1265 435 115 35 mark.
1436 434 115 36 Dessa
1581 433 125 36 blefvo
1737 434 111 43 dock,
1878 436 46 45 på
1953 439 76 30 sätt

427 488 111 38 ofvan
581 496 40 28 är
662 488 145 48 antydt,
849 496 103 28 snart
994 486 177 45 derefter,
1213 487 10 35 i
1264 486 188 37 anseende
1488 486 59 36 till
1575 485 247 36 riksbankens
1851 485 117 36 behof
1994 484 39 37 af

426 541 365 43 riksmarks-valuta,
817 540 104 36 sålda
949 539 58 37 till
1037 540 88 47 pris,
1154 551 80 24 som
1263 541 116 45 något
1406 537 206 48 understeg
1640 537 75 44 det,
1745 536 153 36 hvarför
1926 536 103 36 teck-

426 593 139 48 ningen
607 592 113 43 skett,
762 592 92 35 eller
896 590 55 37 till
996 593 79 43 86,5
1097 597 34 29 4.
1186 590 79 36 Den
1301 589 131 36 härvid
1463 589 218 63 uppkomna
1709 587 199 45 förlusten,
1937 588 92 36 riks-

426 645 104 35 mark
573 646 121 43 4,181:
726 646 57 42 69,
825 650 195 41 uppväges
1061 642 97 36 dock
1186 642 58 36 till
1272 640 94 37 fullo
1395 639 39 38 af
1459 641 196 36 vinsten
1637 635 23 60 å
1684 640 64 36 det
1776 639 138 48 belopp
1944 639 39 37 af
2012 642 11 33 1

427 696 144 35 million
613 695 198 43 riksmark,
853 695 58 35 för
952 694 146 36 hvilket
1131 693 227 36 riksbanken
1387 692 105 36 förut
1520 696 47 43 på
1596 664 334 79 konsortialvilkor
1958 690 72 36 fått

428 745 148 36 tillfälle
618 746 135 35 teckna
795 724 57 68 sig
894 745 9 34 i
945 744 162 35 nämnda
1136 744 77 43 lån;
1255 742 212 49 utgörande
1495 742 163 35 nämnda
1686 742 112 42 vinst,
1826 754 80 23 som
1934 741 97 34 först

427 797 165 48 nyligen,
626 796 96 37 efter
749 795 302 48 slutförsäljning
1080 794 39 37 af
1143 794 286 49 ifrågavarande
1459 793 264 49 obligationer,
1752 770 159 59 kommit
1938 792 92 36 riks-

426 849 149 35 banken
603 848 57 36 till
689 848 113 48 godo,
832 847 184 36 riksmark
1045 849 121 42 4,852:
1197 849 57 34 56.

527 916 72 36 Till
640 915 91 49 följd
774 915 40 37 af
851 916 65 36 sitt
948 914 228 49 deltagande
1206 914 83 36 med
1318 912 286 39 vederbörande
1633 912 236 37 konsortium
1899 912 9 35 i
1938 911 93 36 riks-

426 968 309 48 säldskontorets
764 967 350 48 konverteringslån
1144 965 39 37 af
1209 968 95 35 1890
1333 966 71 35 fick
1433 964 228 37 riksbanken
1687 963 95 37 efter
1803 964 228 36 konsortiets

426 999 216 56 afslutande
671 1018 196 49 öfvertaga
896 999 255 67 obligationer
1179 1016 59 37 för
1267 1017 184 36 nominelt
1481 1018 196 43 1,831,000
1706 1015 198 43 riksmark,
1926 1014 106 36 hvar-

429 1071 56 36 för
526 1071 153 48 belöpte
722 1084 43 22 en
807 1050 157 56 kostnad
1008 1069 40 36 af
1072 1069 105 36 mark
1208 1070 207 43 1,801,963:
1445 1070 46 35 45
1521 1044 91 59 eller
1640 1067 8 36 i
1680 1067 151 42 kronor,
1861 1043 96 58 efter
1986 1079 43 22 en

428 1123 89 35 kurs
546 1121 39 37 af
611 1125 56 34 88:
699 1125 46 33 50
775 1135 43 35 pr
848 1124 70 34 100
947 1121 185 36 Tiksmark
1147 1150 462 6 ossssmumsvs
1420 1116 85 58 sis
1526 1116 87 58 sms
1648 1119 43 34 kr.
1772 1120 170 42 1,594,737:
1973 1119 57 41 65,

428 1174 152 35 hvartill
609 1173 150 36 komma
787 1172 58 36 för
874 1173 64 35 det
966 1171 40 37 af
1025 1172 227 35 riksbanken
1273 1172 11 34 i
1305 1170 152 47 augusti
1478 1170 134 36 månad

427 1223 180 37 särskildt
634 1223 184 37 tecknade
847 1223 139 48 belopp
1015 1253 205 6 ..............e.ehehw
1226 1253 6 8 Oas
1356 1252 32 6 VEN
1395 1251 216 7 Emse
1555 1217 59 58 sg
1659 1234 13 14 »
1713 1215 29 58 -
1771 1221 171 42 880,575:
1972 1237 47 4 —

1640 1289 54 35 kr.
1734 1289 210 44 2,475,312:
1975 1289 58 35 65.

528 1342 88 37 Som
657 1342 369 48 riksgäldskontoret
1066 1342 10 35 i
1118 1341 105 47 fråga
1264 1354 59 22 om
1362 1340 162 36 berörda
1552 1340 60 35 lån

429 1394 225 48 berättigats
694 1393 166 47 fullgöra
889 1394 233 47 amortering
1150 1392 39 36 af
1219 1392 207 36 detsamma
1455 1390 159 36 medelst

429 1445 154 58 uppköp
634 1445 84 44 och,
768 1445 127 35 derest
948 1445 160 47 tillgång
1161 1444 58 36 till
1273 1443 252 47 obligationer
1580 1441 32 49 ej

428 1498 101 34 inom
572 1496 128 36 landet
741 1495 142 36 funnits
923 1501 56 30 att
1019 1496 120 46 tillgå,
1181 1497 96 33 måst
1304 1493 205 37 verkställa
1534 1493 79 36 det-

428 1560 140 23 samma
611 1547 227 44 utomlands,
881 1546 144 36 hvilket
1066 1546 58 36 för
1165 1544 167 37 tillfället
1372 1545 159 35 kommit
1560 1550 55 30 att

429 1605 115 40 tynga
585 1601 46 45 på
672 1597 248 37 riksbankens
960 1610 113 35 svaga
1114 1597 262 48 behållningar
1405 1595 208 44 derstädes,

429 1650 145 35 beslöto
616 1648 238 49 fullmägtige
895 1648 10 35 i
939 1628 117 56 slutet
1084 1647 39 36 af
1148 1627 183 57 oktober
1337 1647 59 35 till
1424 1646 190 37 öfverens-

429 1700 169 36 kommet
638 1701 78 47 pris
753 1679 44 56 af
809 1678 70 58 96
899 1696 84 49 7.2
1023 1698 141 50 afyttra
1193 1700 159 43 310,000
1390 1697 182 36 riksmark
1593 1698 23 73 i

429 1751 128 48 dylika
585 1750 253 49 obligationer
865 1749 58 36 för
944 1781 262 6 ...................
1245 1727 54 58 kr.
1368 1751 170 42 266,600:

428 1802 145 36 Värdet
622 1805 21 33 å
683 1802 46 35 de
770 1801 286 49 ifrågavarande
1102 1800 99 49 slags

504 1853 264 48 obligationer,
827 1865 81 23 som
969 1852 228 36 riksbanken

505 1904 158 36 sålunda
692 1904 118 36 erhöll
851 1907 47 45 på
933 1904 54 35 sin
1017 1903 73 42 del,
1120 1902 81 36 blef

504 1955 64 36 vid
589 1958 99 33 årets
708 1956 76 35 slut
803 1954 211 36 beräknadt
1029 1955 59 35 till
1108 1956 44 34 95
1169 1951 29 47 4,

505 2006 92 35 eller
637 2037 58 5 oss
712 2036 486 6 orsseresssrsererrssrrereresersrr
1079 2002 43 52 enn
1128 2002 17 52 nn
1147 2002 21 52 en
1173 2002 27 52 nr
1228 2004 54 36 kr.
1313 2005 207 42 2,128,844:
1551 2005 45 33 45
1668 2022 13 18 »
1737 2012 207 41 2,395,444:
1975 2013 58 39 45,

431 2074 146 36 hvadan
629 2074 59 36 till
734 2073 91 48 följd
868 2073 109 36 häraf
1020 2073 69 36 och
1132 2072 121 36 under
1293 2072 226 46 antagande,
1560 2077 56 30 att

506 2125 303 48 obligationerna
854 2125 30 47 ej
934 2137 67 35 ega
1037 2124 115 47 högre
1184 2123 115 36 värde
1329 2130 44 28 än
1404 2123 74 43 det,
1509 2123 106 35 hvar-

506 2175 95 36 efter
630 2176 46 34 de
717 2189 50 22 nu
809 2183 64 27 äro
915 2174 198 44 bokförda,
1154 2173 186 36 förlusten
1369 2177 47 44 på
1447 2173 169 36 riksban-

505 2227 91 35 kens
632 2226 225 47 deltagande
903 2227 11 35 i
949 2226 387 47 riksgäldskontorets
1364 2223 249 37 omförmälda

507 2278 354 48 konverteringslån
890 2277 121 36 skulle
1041 2279 127 46 uppgå
1196 2276 58 36 till
1276 2306 328 6 snsnssseessssva
1648 2274 55 36 kr.
1800 2275 145 43 —-79,868:
1977 2275 57 35 20.
