<?xml version="1.0" encoding="UTF-8"?>
<alto xmlns="http://www.loc.gov/standards/alto/ns-v3#" xmlns:xlink="http://www.w3.org/1999/xlink" xmlns:xsi="http://www.w3.org/2001/XMLSchema-instance" xsi:schemaLocation="http://www.loc.gov/standards/alto/ns-v3# http://www.loc.gov/alto/v3/alto-3-0.xsd">
	<Description>
		<MeasurementUnit>pixel</MeasurementUnit>
		<sourceImageInformation>
			<fileName>/tmp/tess_xml9zpmq_input.PNG</fileName>
		</sourceImageInformation>
		<OCRProcessing ID="OCR_0">
			<ocrProcessingStep>
				<processingSoftware>
					<softwareName>tesseract 5.3.0</softwareName>
				</processingSoftware>
			</ocrProcessingStep>
		</OCRProcessing>
	</Description>
	<Layout>
		<Page WIDTH="2226" HEIGHT="2618" PHYSICAL_IMG_NR="0" ID="page_0">
			<PrintSpace HPOS="0" VPOS="0" WIDTH="2226" HEIGHT="2618">
				<ComposedBlock ID="cblock_0" HPOS="706" VPOS="166" WIDTH="1106" HEIGHT="44">
					<TextBlock ID="block_0" HPOS="706" VPOS="166" WIDTH="1106" HEIGHT="44">
						<TextLine ID="line_0" HPOS="706" VPOS="166" WIDTH="1106" HEIGHT="44">
							<String ID="string_0" HPOS="706" VPOS="178" WIDTH="255" HEIGHT="32" WC="0.90" CONTENT="Statsutskottets"/><SP WIDTH="21" VPOS="178" HPOS="961"/>
							<String ID="string_1" HPOS="982" VPOS="174" WIDTH="166" HEIGHT="33" WC="0.96" CONTENT="utlåtande"/><SP WIDTH="23" VPOS="174" HPOS="1148"/>
							<String ID="string_2" HPOS="1171" VPOS="173" WIDTH="52" HEIGHT="30" WC="0.94" CONTENT="Nr"/><SP WIDTH="22" VPOS="173" HPOS="1223"/>
							<String ID="string_3" HPOS="1245" VPOS="175" WIDTH="77" HEIGHT="29" WC="0.90" CONTENT="203."/><SP WIDTH="454" VPOS="175" HPOS="1322"/>
							<String ID="string_4" HPOS="1776" VPOS="166" WIDTH="36" HEIGHT="30" WC="0.96" CONTENT="13"/>
						</TextLine>
					</TextBlock>
				</ComposedBlock>
				<ComposedBlock ID="cblock_1" HPOS="217" VPOS="250" WIDTH="1614" HEIGHT="1243">
					<TextBlock ID="block_1" HPOS="217" VPOS="250" WIDTH="1601" HEIGHT="479">
						<TextLine ID="line_1" HPOS="217" VPOS="250" WIDTH="1598" HEIGHT="67">
							<String ID="string_5" HPOS="217" VPOS="268" WIDTH="306" HEIGHT="49" WC="0.91" CONTENT="organisationen"/><SP WIDTH="41" VPOS="268" HPOS="523"/>
							<String ID="string_6" HPOS="564" VPOS="264" WIDTH="239" HEIGHT="50" WC="0.91" CONTENT="genomföres"/><SP WIDTH="40" VPOS="264" HPOS="803"/>
							<String ID="string_7" HPOS="843" VPOS="265" WIDTH="47" HEIGHT="46" WC="0.96" CONTENT="på"/><SP WIDTH="41" VPOS="265" HPOS="890"/>
							<String ID="string_8" HPOS="931" VPOS="265" WIDTH="75" HEIGHT="32" WC="0.94" CONTENT="sätt"/><SP WIDTH="40" VPOS="265" HPOS="1006"/>
							<String ID="string_9" HPOS="1046" VPOS="272" WIDTH="81" HEIGHT="24" WC="0.95" CONTENT="som"/><SP WIDTH="43" VPOS="272" HPOS="1127"/>
							<String ID="string_10" HPOS="1170" VPOS="257" WIDTH="139" HEIGHT="47" WC="0.88" CONTENT="Kungl."/><SP WIDTH="39" VPOS="257" HPOS="1309"/>
							<String ID="string_11" HPOS="1348" VPOS="255" WIDTH="105" HEIGHT="48" WC="0.95" CONTENT="Maj:t"/><SP WIDTH="28" VPOS="255" HPOS="1453"/>
							<String ID="string_12" HPOS="1481" VPOS="251" WIDTH="206" HEIGHT="48" WC="0.96" CONTENT="föreslagit."/><SP WIDTH="56" VPOS="251" HPOS="1687"/>
							<String ID="string_13" HPOS="1743" VPOS="250" WIDTH="72" HEIGHT="36" WC="0.96" CONTENT="Det"/>
						</TextLine>
						<TextLine ID="line_2" HPOS="217" VPOS="301" WIDTH="1597" HEIGHT="66">
							<String ID="string_14" HPOS="217" VPOS="321" WIDTH="108" HEIGHT="36" WC="0.96" CONTENT="torde"/><SP WIDTH="28" VPOS="321" HPOS="325"/>
							<String ID="string_15" HPOS="353" VPOS="319" WIDTH="191" HEIGHT="48" WC="0.96" CONTENT="nämligen"/><SP WIDTH="29" VPOS="319" HPOS="544"/>
							<String ID="string_16" HPOS="573" VPOS="318" WIDTH="88" HEIGHT="36" WC="0.96" CONTENT="böra"/><SP WIDTH="27" VPOS="318" HPOS="661"/>
							<String ID="string_17" HPOS="688" VPOS="321" WIDTH="110" HEIGHT="42" WC="0.96" CONTENT="tagas"/><SP WIDTH="27" VPOS="321" HPOS="798"/>
							<String ID="string_18" HPOS="825" VPOS="313" WIDTH="119" HEIGHT="36" WC="0.96" CONTENT="under"/><SP WIDTH="23" VPOS="313" HPOS="944"/>
							<String ID="string_19" HPOS="967" VPOS="309" WIDTH="275" HEIGHT="50" WC="0.96" CONTENT="övervägande,"/><SP WIDTH="21" VPOS="309" HPOS="1242"/>
							<String ID="string_20" HPOS="1263" VPOS="306" WIDTH="183" HEIGHT="38" WC="0.96" CONTENT="huruvida"/><SP WIDTH="19" VPOS="306" HPOS="1446"/>
							<String ID="string_21" HPOS="1465" VPOS="305" WIDTH="81" HEIGHT="36" WC="0.93" CONTENT="icke"/><SP WIDTH="20" VPOS="305" HPOS="1546"/>
							<String ID="string_22" HPOS="1566" VPOS="301" WIDTH="248" HEIGHT="50" WC="0.89" CONTENT="utrangerade"/>
						</TextLine>
						<TextLine ID="line_3" HPOS="218" VPOS="353" WIDTH="1598" HEIGHT="59">
							<String ID="string_23" HPOS="218" VPOS="373" WIDTH="127" HEIGHT="36" WC="0.96" CONTENT="hästar"/><SP WIDTH="32" VPOS="373" HPOS="345"/>
							<String ID="string_24" HPOS="377" VPOS="372" WIDTH="82" HEIGHT="35" WC="0.92" CONTENT="från"/><SP WIDTH="29" VPOS="372" HPOS="459"/>
							<String ID="string_25" HPOS="488" VPOS="367" WIDTH="260" HEIGHT="38" WC="0.91" CONTENT="fältartilleriet"/><SP WIDTH="27" VPOS="367" HPOS="748"/>
							<String ID="string_26" HPOS="775" VPOS="365" WIDTH="137" HEIGHT="47" WC="0.96" CONTENT="kunde,"/><SP WIDTH="30" VPOS="365" HPOS="912"/>
							<String ID="string_27" HPOS="942" VPOS="363" WIDTH="226" HEIGHT="36" WC="0.96" CONTENT="åtminstone"/><SP WIDTH="28" VPOS="363" HPOS="1168"/>
							<String ID="string_28" HPOS="1196" VPOS="360" WIDTH="57" HEIGHT="36" WC="0.95" CONTENT="till"/><SP WIDTH="28" VPOS="360" HPOS="1253"/>
							<String ID="string_29" HPOS="1281" VPOS="362" WIDTH="126" HEIGHT="45" WC="0.96" CONTENT="någon"/><SP WIDTH="29" VPOS="362" HPOS="1407"/>
							<String ID="string_30" HPOS="1436" VPOS="357" WIDTH="69" HEIGHT="47" WC="0.96" CONTENT="del,"/><SP WIDTH="31" VPOS="357" HPOS="1505"/>
							<String ID="string_31" HPOS="1536" VPOS="355" WIDTH="194" HEIGHT="37" WC="0.95" CONTENT="användas"/><SP WIDTH="29" VPOS="355" HPOS="1730"/>
							<String ID="string_32" HPOS="1759" VPOS="353" WIDTH="57" HEIGHT="36" WC="0.95" CONTENT="för"/>
						</TextLine>
						<TextLine ID="line_4" HPOS="218" VPOS="405" WIDTH="1599" HEIGHT="55">
							<String ID="string_33" HPOS="218" VPOS="438" WIDTH="51" HEIGHT="22" WC="0.94" CONTENT="nu"/><SP WIDTH="42" VPOS="438" HPOS="269"/>
							<String ID="string_34" HPOS="311" VPOS="422" WIDTH="163" HEIGHT="37" WC="0.47" CONTENT="avsedda"/><SP WIDTH="41" VPOS="422" HPOS="474"/>
							<String ID="string_35" HPOS="515" VPOS="419" WIDTH="183" HEIGHT="38" WC="0.95" CONTENT="ändamål."/><SP WIDTH="71" VPOS="419" HPOS="698"/>
							<String ID="string_36" HPOS="769" VPOS="416" WIDTH="128" HEIGHT="37" WC="0.78" CONTENT="Skulle"/><SP WIDTH="42" VPOS="416" HPOS="897"/>
							<String ID="string_37" HPOS="939" VPOS="416" WIDTH="100" HEIGHT="35" WC="0.96" CONTENT="detta"/><SP WIDTH="40" VPOS="416" HPOS="1039"/>
							<String ID="string_38" HPOS="1079" VPOS="414" WIDTH="83" HEIGHT="35" WC="0.96" CONTENT="icke"/><SP WIDTH="32" VPOS="414" HPOS="1162"/>
							<String ID="string_39" HPOS="1194" VPOS="413" WIDTH="77" HEIGHT="34" WC="0.96" CONTENT="låta"/><SP WIDTH="28" VPOS="413" HPOS="1271"/>
							<String ID="string_40" HPOS="1299" VPOS="411" WIDTH="60" HEIGHT="47" WC="0.96" CONTENT="sig"/><SP WIDTH="27" VPOS="411" HPOS="1359"/>
							<String ID="string_41" HPOS="1386" VPOS="414" WIDTH="104" HEIGHT="43" WC="0.95" CONTENT="göra,"/><SP WIDTH="29" VPOS="414" HPOS="1490"/>
							<String ID="string_42" HPOS="1519" VPOS="407" WIDTH="116" HEIGHT="47" WC="0.96" CONTENT="torde,"/><SP WIDTH="30" VPOS="407" HPOS="1635"/>
							<String ID="string_43" HPOS="1665" VPOS="405" WIDTH="152" HEIGHT="36" WC="0.96" CONTENT="särskilt"/>
						</TextLine>
						<TextLine ID="line_5" HPOS="220" VPOS="462" WIDTH="1597" HEIGHT="59">
							<String ID="string_44" HPOS="220" VPOS="475" WIDTH="83" HEIGHT="36" WC="0.95" CONTENT="med"/><SP WIDTH="28" VPOS="475" HPOS="303"/>
							<String ID="string_45" HPOS="331" VPOS="475" WIDTH="148" HEIGHT="46" WC="0.96" CONTENT="hänsyn"/><SP WIDTH="27" VPOS="475" HPOS="479"/>
							<String ID="string_46" HPOS="506" VPOS="472" WIDTH="56" HEIGHT="35" WC="0.96" CONTENT="till"/><SP WIDTH="29" VPOS="472" HPOS="562"/>
							<String ID="string_47" HPOS="591" VPOS="470" WIDTH="284" HEIGHT="48" WC="0.96" CONTENT="svårigheterna"/><SP WIDTH="29" VPOS="470" HPOS="875"/>
							<String ID="string_48" HPOS="904" VPOS="472" WIDTH="54" HEIGHT="30" WC="0.96" CONTENT="att"/><SP WIDTH="28" VPOS="472" HPOS="958"/>
							<String ID="string_49" HPOS="986" VPOS="467" WIDTH="57" HEIGHT="35" WC="0.96" CONTENT="för"/><SP WIDTH="23" VPOS="467" HPOS="1043"/>
							<String ID="string_50" HPOS="1066" VPOS="462" WIDTH="232" HEIGHT="39" WC="0.96" CONTENT="närvarande"/><SP WIDTH="28" VPOS="462" HPOS="1298"/>
							<String ID="string_51" HPOS="1326" VPOS="462" WIDTH="166" HEIGHT="35" WC="0.92" CONTENT="dressera"/><SP WIDTH="22" VPOS="462" HPOS="1492"/>
							<String ID="string_52" HPOS="1514" VPOS="462" WIDTH="189" HEIGHT="33" WC="0.79" CONTENT="remonter"/><SP WIDTH="19" VPOS="462" HPOS="1703"/>
							<String ID="string_53" HPOS="1722" VPOS="462" WIDTH="95" HEIGHT="29" WC="0.96" CONTENT="även"/>
						</TextLine>
						<TextLine ID="line_6" HPOS="221" VPOS="509" WIDTH="1596" HEIGHT="58">
							<String ID="string_54" HPOS="221" VPOS="527" WIDTH="57" HEIGHT="35" WC="0.96" CONTENT="för"/><SP WIDTH="35" VPOS="527" HPOS="278"/>
							<String ID="string_55" HPOS="313" VPOS="523" WIDTH="299" HEIGHT="38" WC="0.96" CONTENT="kustartilleriets"/><SP WIDTH="32" VPOS="523" HPOS="612"/>
							<String ID="string_56" HPOS="644" VPOS="521" WIDTH="176" HEIGHT="46" WC="0.96" CONTENT="räkning,"/><SP WIDTH="29" VPOS="521" HPOS="820"/>
							<String ID="string_57" HPOS="849" VPOS="518" WIDTH="115" HEIGHT="36" WC="0.93" CONTENT="redan"/><SP WIDTH="27" VPOS="518" HPOS="964"/>
							<String ID="string_58" HPOS="991" VPOS="516" WIDTH="160" HEIGHT="37" WC="0.91" CONTENT="inkörda"/><SP WIDTH="28" VPOS="516" HPOS="1151"/>
							<String ID="string_59" HPOS="1179" VPOS="514" WIDTH="221" HEIGHT="48" WC="0.92" CONTENT="draghästar"/><SP WIDTH="27" VPOS="514" HPOS="1400"/>
							<String ID="string_60" HPOS="1427" VPOS="512" WIDTH="129" HEIGHT="35" WC="0.92" CONTENT="kunna"/><SP WIDTH="27" VPOS="512" HPOS="1556"/>
							<String ID="string_61" HPOS="1583" VPOS="509" WIDTH="160" HEIGHT="47" WC="0.92" CONTENT="inköpas"/><SP WIDTH="29" VPOS="509" HPOS="1743"/>
							<String ID="string_62" HPOS="1772" VPOS="520" WIDTH="45" HEIGHT="22" WC="0.96" CONTENT="av"/>
						</TextLine>
						<TextLine ID="line_7" HPOS="221" VPOS="560" WIDTH="1596" HEIGHT="61">
							<String ID="string_63" HPOS="221" VPOS="579" WIDTH="58" HEIGHT="35" WC="0.96" CONTENT="för"/><SP WIDTH="39" VPOS="579" HPOS="279"/>
							<String ID="string_64" HPOS="318" VPOS="590" WIDTH="50" HEIGHT="22" WC="0.95" CONTENT="nu"/><SP WIDTH="40" VPOS="590" HPOS="368"/>
							<String ID="string_65" HPOS="408" VPOS="572" WIDTH="288" HEIGHT="49" WC="0.95" CONTENT="ifrågavarande"/><SP WIDTH="42" VPOS="572" HPOS="696"/>
							<String ID="string_66" HPOS="738" VPOS="570" WIDTH="171" HEIGHT="37" WC="0.95" CONTENT="ändamål"/><SP WIDTH="28" VPOS="570" HPOS="909"/>
							<String ID="string_67" HPOS="937" VPOS="568" WIDTH="173" HEIGHT="48" WC="0.95" CONTENT="lämpligt"/><SP WIDTH="28" VPOS="568" HPOS="1110"/>
							<String ID="string_68" HPOS="1138" VPOS="566" WIDTH="94" HEIGHT="48" WC="0.94" CONTENT="slag."/><SP WIDTH="56" VPOS="566" HPOS="1232"/>
							<String ID="string_69" HPOS="1288" VPOS="565" WIDTH="200" HEIGHT="35" WC="0.96" CONTENT="Dessutom"/><SP WIDTH="28" VPOS="565" HPOS="1488"/>
							<String ID="string_70" HPOS="1516" VPOS="561" WIDTH="69" HEIGHT="36" WC="0.96" CONTENT="bör"/><SP WIDTH="29" VPOS="561" HPOS="1585"/>
							<String ID="string_71" HPOS="1614" VPOS="560" WIDTH="118" HEIGHT="45" WC="0.90" CONTENT="enligt"/><SP WIDTH="27" VPOS="560" HPOS="1732"/>
							<String ID="string_72" HPOS="1759" VPOS="563" WIDTH="58" HEIGHT="30" WC="0.90" CONTENT="ut-"/>
						</TextLine>
						<TextLine ID="line_8" HPOS="222" VPOS="609" WIDTH="1596" HEIGHT="65">
							<String ID="string_73" HPOS="222" VPOS="630" WIDTH="159" HEIGHT="35" WC="0.93" CONTENT="skottets"/><SP WIDTH="28" VPOS="630" HPOS="381"/>
							<String ID="string_74" HPOS="409" VPOS="626" WIDTH="156" HEIGHT="48" WC="0.96" CONTENT="mening"/><SP WIDTH="26" VPOS="626" HPOS="565"/>
							<String ID="string_75" HPOS="591" VPOS="623" WIDTH="175" HEIGHT="48" WC="0.96" CONTENT="vidtagas"/><SP WIDTH="29" VPOS="623" HPOS="766"/>
							<String ID="string_76" HPOS="795" VPOS="635" WIDTH="46" HEIGHT="23" WC="0.96" CONTENT="en"/><SP WIDTH="28" VPOS="635" HPOS="841"/>
							<String ID="string_77" HPOS="869" VPOS="620" WIDTH="199" HEIGHT="37" WC="0.96" CONTENT="reduktion"/><SP WIDTH="28" VPOS="620" HPOS="1068"/>
							<String ID="string_78" HPOS="1096" VPOS="617" WIDTH="86" HEIGHT="37" WC="0.96" CONTENT="med"/><SP WIDTH="32" VPOS="617" HPOS="1182"/>
							<String ID="string_79" HPOS="1214" VPOS="619" WIDTH="18" HEIGHT="33" WC="0.93" CONTENT="7"/><SP WIDTH="22" VPOS="619" HPOS="1232"/>
							<String ID="string_80" HPOS="1254" VPOS="615" WIDTH="222" HEIGHT="37" WC="0.92" CONTENT="stamhästar"/><SP WIDTH="19" VPOS="615" HPOS="1476"/>
							<String ID="string_81" HPOS="1495" VPOS="613" WIDTH="12" HEIGHT="35" WC="0.96" CONTENT="i"/><SP WIDTH="20" VPOS="613" HPOS="1507"/>
							<String ID="string_82" HPOS="1527" VPOS="612" WIDTH="62" HEIGHT="36" WC="0.96" CONTENT="det"/><SP WIDTH="20" VPOS="612" HPOS="1589"/>
							<String ID="string_83" HPOS="1609" VPOS="624" WIDTH="47" HEIGHT="22" WC="0.96" CONTENT="av"/><SP WIDTH="20" VPOS="624" HPOS="1656"/>
							<String ID="string_84" HPOS="1676" VPOS="609" WIDTH="142" HEIGHT="48" WC="0.94" CONTENT="Kungl."/>
						</TextLine>
						<TextLine ID="line_9" HPOS="223" VPOS="676" WIDTH="477" HEIGHT="53">
							<String ID="string_85" HPOS="223" VPOS="681" WIDTH="109" HEIGHT="48" WC="0.96" CONTENT="Maj:t"/><SP WIDTH="28" VPOS="681" HPOS="332"/>
							<String ID="string_86" HPOS="360" VPOS="678" WIDTH="165" HEIGHT="48" WC="0.95" CONTENT="angivna"/><SP WIDTH="29" VPOS="678" HPOS="525"/>
							<String ID="string_87" HPOS="554" VPOS="676" WIDTH="146" HEIGHT="36" WC="0.95" CONTENT="antalet."/>
						</TextLine>
					</TextBlock>
					<TextBlock ID="block_2" HPOS="223" VPOS="712" WIDTH="1601" HEIGHT="327">
						<TextLine ID="line_10" HPOS="325" VPOS="712" WIDTH="1496" HEIGHT="66">
							<String ID="string_88" HPOS="325" VPOS="730" WIDTH="132" HEIGHT="48" WC="0.96" CONTENT="Enligt"/><SP WIDTH="27" VPOS="730" HPOS="457"/>
							<String ID="string_89" HPOS="484" VPOS="728" WIDTH="74" HEIGHT="36" WC="0.96" CONTENT="vad"/><SP WIDTH="28" VPOS="728" HPOS="558"/>
							<String ID="string_90" HPOS="586" VPOS="728" WIDTH="166" HEIGHT="47" WC="0.96" CONTENT="framgår"/><SP WIDTH="28" VPOS="728" HPOS="752"/>
							<String ID="string_91" HPOS="780" VPOS="738" WIDTH="46" HEIGHT="22" WC="0.96" CONTENT="av"/><SP WIDTH="28" VPOS="738" HPOS="826"/>
							<String ID="string_92" HPOS="854" VPOS="724" WIDTH="200" HEIGHT="36" WC="0.96" CONTENT="utskottets"/><SP WIDTH="27" VPOS="724" HPOS="1054"/>
							<String ID="string_93" HPOS="1081" VPOS="719" WIDTH="177" HEIGHT="51" WC="0.96" CONTENT="yttrande"/><SP WIDTH="27" VPOS="719" HPOS="1258"/>
							<String ID="string_94" HPOS="1285" VPOS="717" WIDTH="118" HEIGHT="37" WC="0.96" CONTENT="under"/><SP WIDTH="38" VPOS="717" HPOS="1403"/>
							<String ID="string_95" HPOS="1441" VPOS="715" WIDTH="121" HEIGHT="50" WC="0.91" CONTENT="punkt"/><SP WIDTH="37" VPOS="715" HPOS="1562"/>
							<String ID="string_96" HPOS="1599" VPOS="712" WIDTH="99" HEIGHT="49" WC="0.74" CONTENT="65:0)"/><SP WIDTH="29" VPOS="712" HPOS="1698"/>
							<String ID="string_97" HPOS="1727" VPOS="712" WIDTH="12" HEIGHT="36" WC="0.58" CONTENT="i"/><SP WIDTH="26" VPOS="712" HPOS="1739"/>
							<String ID="string_98" HPOS="1765" VPOS="717" WIDTH="56" HEIGHT="30" WC="0.91" CONTENT="ut-"/>
						</TextLine>
						<TextLine ID="line_11" HPOS="223" VPOS="764" WIDTH="1598" HEIGHT="58">
							<String ID="string_99" HPOS="223" VPOS="782" WIDTH="167" HEIGHT="37" WC="0.88" CONTENT="låtandet"/><SP WIDTH="26" VPOS="782" HPOS="390"/>
							<String ID="string_100" HPOS="416" VPOS="795" WIDTH="45" HEIGHT="22" WC="0.96" CONTENT="nr"/><SP WIDTH="28" VPOS="795" HPOS="461"/>
							<String ID="string_101" HPOS="489" VPOS="782" WIDTH="21" HEIGHT="35" WC="0.95" CONTENT="5"/><SP WIDTH="29" VPOS="782" HPOS="510"/>
							<String ID="string_102" HPOS="539" VPOS="780" WIDTH="69" HEIGHT="36" WC="0.92" CONTENT="har"/><SP WIDTH="25" VPOS="780" HPOS="608"/>
							<String ID="string_103" HPOS="633" VPOS="775" WIDTH="425" HEIGHT="47" WC="0.91" CONTENT="reservationsanslaget"/><SP WIDTH="41" VPOS="775" HPOS="1058"/>
							<String ID="string_104" HPOS="1099" VPOS="773" WIDTH="55" HEIGHT="35" WC="0.96" CONTENT="till"/><SP WIDTH="31" VPOS="773" HPOS="1154"/>
							<String ID="string_105" HPOS="1185" VPOS="769" WIDTH="293" HEIGHT="38" WC="0.92" CONTENT="kustartilleriets"/><SP WIDTH="29" VPOS="769" HPOS="1478"/>
							<String ID="string_106" HPOS="1507" VPOS="764" WIDTH="314" HEIGHT="50" WC="0.92" CONTENT="krigsberedskap"/>
						</TextLine>
						<TextLine ID="line_12" HPOS="226" VPOS="816" WIDTH="1596" HEIGHT="65">
							<String ID="string_107" HPOS="226" VPOS="835" WIDTH="70" HEIGHT="36" WC="0.96" CONTENT="och"/><SP WIDTH="29" VPOS="835" HPOS="296"/>
							<String ID="string_108" HPOS="325" VPOS="834" WIDTH="184" HEIGHT="47" WC="0.96" CONTENT="övningar"/><SP WIDTH="27" VPOS="834" HPOS="509"/>
							<String ID="string_109" HPOS="536" VPOS="831" WIDTH="85" HEIGHT="36" WC="0.96" CONTENT="med"/><SP WIDTH="28" VPOS="831" HPOS="621"/>
							<String ID="string_110" HPOS="649" VPOS="830" WIDTH="150" HEIGHT="47" WC="0.95" CONTENT="hänsyn"/><SP WIDTH="28" VPOS="830" HPOS="799"/>
							<String ID="string_111" HPOS="827" VPOS="828" WIDTH="57" HEIGHT="35" WC="0.96" CONTENT="till"/><SP WIDTH="28" VPOS="828" HPOS="884"/>
							<String ID="string_112" HPOS="912" VPOS="827" WIDTH="45" HEIGHT="36" WC="0.96" CONTENT="de"/><SP WIDTH="28" VPOS="827" HPOS="957"/>
							<String ID="string_113" HPOS="985" VPOS="827" WIDTH="12" HEIGHT="35" WC="0.96" CONTENT="i"/><SP WIDTH="28" VPOS="827" HPOS="997"/>
							<String ID="string_114" HPOS="1025" VPOS="824" WIDTH="215" HEIGHT="50" WC="0.95" CONTENT="punkterna"/><SP WIDTH="28" VPOS="824" HPOS="1240"/>
							<String ID="string_115" HPOS="1268" VPOS="824" WIDTH="59" HEIGHT="44" WC="0.66" CONTENT="79,"/><SP WIDTH="30" VPOS="824" HPOS="1327"/>
							<String ID="string_116" HPOS="1357" VPOS="823" WIDTH="47" HEIGHT="34" WC="0.81" CONTENT="72"/><SP WIDTH="30" VPOS="823" HPOS="1404"/>
							<String ID="string_117" HPOS="1434" VPOS="819" WIDTH="69" HEIGHT="37" WC="0.96" CONTENT="och"/><SP WIDTH="33" VPOS="819" HPOS="1503"/>
							<String ID="string_118" HPOS="1536" VPOS="821" WIDTH="45" HEIGHT="33" WC="0.96" CONTENT="74"/><SP WIDTH="28" VPOS="821" HPOS="1581"/>
							<String ID="string_119" HPOS="1609" VPOS="816" WIDTH="137" HEIGHT="50" WC="0.92" CONTENT="gjorda"/><SP WIDTH="19" VPOS="816" HPOS="1746"/>
							<String ID="string_120" HPOS="1765" VPOS="821" WIDTH="57" HEIGHT="30" WC="0.92" CONTENT="äs-"/>
						</TextLine>
						<TextLine ID="line_13" HPOS="225" VPOS="867" WIDTH="1598" HEIGHT="63">
							<String ID="string_121" HPOS="225" VPOS="886" WIDTH="160" HEIGHT="44" WC="0.91" CONTENT="kanden,"/><SP WIDTH="43" VPOS="886" HPOS="385"/>
							<String ID="string_122" HPOS="428" VPOS="883" WIDTH="182" HEIGHT="37" WC="0.96" CONTENT="minskats"/><SP WIDTH="28" VPOS="883" HPOS="610"/>
							<String ID="string_123" HPOS="638" VPOS="881" WIDTH="85" HEIGHT="36" WC="0.93" CONTENT="med"/><SP WIDTH="32" VPOS="881" HPOS="723"/>
							<String ID="string_124" HPOS="755" VPOS="880" WIDTH="136" HEIGHT="47" WC="0.91" CONTENT="16,000"/><SP WIDTH="29" VPOS="880" HPOS="891"/>
							<String ID="string_125" HPOS="920" VPOS="878" WIDTH="151" HEIGHT="45" WC="0.96" CONTENT="kronor,"/><SP WIDTH="29" VPOS="878" HPOS="1071"/>
							<String ID="string_126" HPOS="1100" VPOS="873" WIDTH="264" HEIGHT="39" WC="0.96" CONTENT="motsvarande"/><SP WIDTH="27" VPOS="873" HPOS="1364"/>
							<String ID="string_127" HPOS="1391" VPOS="871" WIDTH="72" HEIGHT="36" WC="0.96" CONTENT="vad"/><SP WIDTH="28" VPOS="871" HPOS="1463"/>
							<String ID="string_128" HPOS="1491" VPOS="882" WIDTH="81" HEIGHT="24" WC="0.96" CONTENT="som"/><SP WIDTH="28" VPOS="882" HPOS="1572"/>
							<String ID="string_129" HPOS="1600" VPOS="868" WIDTH="64" HEIGHT="36" WC="0.93" CONTENT="vid"/><SP WIDTH="29" VPOS="868" HPOS="1664"/>
							<String ID="string_130" HPOS="1693" VPOS="867" WIDTH="130" HEIGHT="37" WC="0.92" CONTENT="beräk-"/>
						</TextLine>
						<TextLine ID="line_14" HPOS="226" VPOS="920" WIDTH="1598" HEIGHT="66">
							<String ID="string_131" HPOS="226" VPOS="939" WIDTH="95" HEIGHT="47" WC="0.95" CONTENT="ning"/><SP WIDTH="27" VPOS="939" HPOS="321"/>
							<String ID="string_132" HPOS="348" VPOS="950" WIDTH="47" HEIGHT="23" WC="0.96" CONTENT="av"/><SP WIDTH="29" VPOS="950" HPOS="395"/>
							<String ID="string_133" HPOS="424" VPOS="935" WIDTH="171" HEIGHT="48" WC="0.96" CONTENT="anslaget"/><SP WIDTH="28" VPOS="935" HPOS="595"/>
							<String ID="string_134" HPOS="623" VPOS="933" WIDTH="58" HEIGHT="35" WC="0.96" CONTENT="för"/><SP WIDTH="28" VPOS="933" HPOS="681"/>
							<String ID="string_135" HPOS="709" VPOS="935" WIDTH="40" HEIGHT="32" WC="0.96" CONTENT="år"/><SP WIDTH="30" VPOS="935" HPOS="749"/>
							<String ID="string_136" HPOS="779" VPOS="933" WIDTH="96" HEIGHT="33" WC="0.96" CONTENT="1917"/><SP WIDTH="30" VPOS="933" HPOS="875"/>
							<String ID="string_137" HPOS="905" VPOS="928" WIDTH="197" HEIGHT="50" WC="0.96" CONTENT="upptagits"/><SP WIDTH="30" VPOS="928" HPOS="1102"/>
							<String ID="string_138" HPOS="1132" VPOS="927" WIDTH="59" HEIGHT="36" WC="0.93" CONTENT="för"/><SP WIDTH="27" VPOS="927" HPOS="1191"/>
							<String ID="string_139" HPOS="1218" VPOS="925" WIDTH="156" HEIGHT="48" WC="0.91" CONTENT="lejning,"/><SP WIDTH="30" VPOS="925" HPOS="1374"/>
							<String ID="string_140" HPOS="1404" VPOS="921" WIDTH="220" HEIGHT="49" WC="0.91" CONTENT="furagering"/><SP WIDTH="28" VPOS="921" HPOS="1624"/>
							<String ID="string_141" HPOS="1652" VPOS="920" WIDTH="70" HEIGHT="35" WC="0.92" CONTENT="och"/><SP WIDTH="38" VPOS="920" HPOS="1722"/>
							<String ID="string_142" HPOS="1760" VPOS="923" WIDTH="64" HEIGHT="30" WC="0.25" CONTENT="Ööv-"/>
						</TextLine>
						<TextLine ID="line_15" HPOS="227" VPOS="981" WIDTH="892" HEIGHT="58">
							<String ID="string_143" HPOS="227" VPOS="990" WIDTH="83" HEIGHT="49" WC="0.96" CONTENT="riga"/><SP WIDTH="26" VPOS="990" HPOS="310"/>
							<String ID="string_144" HPOS="336" VPOS="987" WIDTH="203" HEIGHT="38" WC="0.96" CONTENT="kostnader"/><SP WIDTH="29" VPOS="987" HPOS="539"/>
							<String ID="string_145" HPOS="568" VPOS="986" WIDTH="58" HEIGHT="36" WC="0.96" CONTENT="för"/><SP WIDTH="27" VPOS="986" HPOS="626"/>
							<String ID="string_146" HPOS="653" VPOS="981" WIDTH="300" HEIGHT="39" WC="0.96" CONTENT="kustartilleriets"/><SP WIDTH="28" VPOS="981" HPOS="953"/>
							<String ID="string_147" HPOS="981" VPOS="981" WIDTH="138" HEIGHT="36" WC="0.95" CONTENT="hästar."/>
						</TextLine>
					</TextBlock>
					<TextBlock ID="block_3" HPOS="229" VPOS="1021" WIDTH="1599" HEIGHT="170">
						<TextLine ID="line_16" HPOS="333" VPOS="1021" WIDTH="1494" HEIGHT="63">
							<String ID="string_148" HPOS="333" VPOS="1041" WIDTH="55" HEIGHT="35" WC="0.95" CONTENT="Då"/><SP WIDTH="39" VPOS="1041" HPOS="388"/>
							<String ID="string_149" HPOS="427" VPOS="1039" WIDTH="182" HEIGHT="36" WC="0.94" CONTENT="utskottet"/><SP WIDTH="40" VPOS="1039" HPOS="609"/>
							<String ID="string_150" HPOS="649" VPOS="1038" WIDTH="48" HEIGHT="46" WC="0.96" CONTENT="på"/><SP WIDTH="41" VPOS="1038" HPOS="697"/>
							<String ID="string_151" HPOS="738" VPOS="1034" WIDTH="124" HEIGHT="49" WC="0.96" CONTENT="grund"/><SP WIDTH="42" VPOS="1034" HPOS="862"/>
							<String ID="string_152" HPOS="904" VPOS="1046" WIDTH="47" HEIGHT="23" WC="0.96" CONTENT="av"/><SP WIDTH="36" VPOS="1046" HPOS="951"/>
							<String ID="string_153" HPOS="987" VPOS="1031" WIDTH="73" HEIGHT="37" WC="0.96" CONTENT="vad"/><SP WIDTH="29" VPOS="1031" HPOS="1060"/>
							<String ID="string_154" HPOS="1089" VPOS="1043" WIDTH="97" HEIGHT="23" WC="0.96" CONTENT="ovan"/><SP WIDTH="28" VPOS="1043" HPOS="1186"/>
							<String ID="string_155" HPOS="1214" VPOS="1028" WIDTH="144" HEIGHT="36" WC="0.96" CONTENT="anförts"/><SP WIDTH="28" VPOS="1028" HPOS="1358"/>
							<String ID="string_156" HPOS="1386" VPOS="1026" WIDTH="81" HEIGHT="36" WC="0.96" CONTENT="icke"/><SP WIDTH="28" VPOS="1026" HPOS="1467"/>
							<String ID="string_157" HPOS="1495" VPOS="1024" WIDTH="125" HEIGHT="36" WC="0.96" CONTENT="funnit"/><SP WIDTH="28" VPOS="1024" HPOS="1620"/>
							<String ID="string_158" HPOS="1648" VPOS="1022" WIDTH="61" HEIGHT="48" WC="0.96" CONTENT="sig"/><SP WIDTH="27" VPOS="1022" HPOS="1709"/>
							<String ID="string_159" HPOS="1736" VPOS="1021" WIDTH="91" HEIGHT="36" WC="0.96" CONTENT="böra"/>
						</TextLine>
						<TextLine ID="line_17" HPOS="229" VPOS="1073" WIDTH="1598" HEIGHT="68">
							<String ID="string_160" HPOS="229" VPOS="1092" WIDTH="187" HEIGHT="49" WC="0.96" CONTENT="tillstyrka"/><SP WIDTH="27" VPOS="1092" HPOS="416"/>
							<String ID="string_161" HPOS="443" VPOS="1090" WIDTH="142" HEIGHT="48" WC="0.95" CONTENT="Kungl."/><SP WIDTH="29" VPOS="1090" HPOS="585"/>
							<String ID="string_162" HPOS="614" VPOS="1088" WIDTH="128" HEIGHT="48" WC="0.96" CONTENT="Maj:ts"/><SP WIDTH="27" VPOS="1088" HPOS="742"/>
							<String ID="string_163" HPOS="769" VPOS="1087" WIDTH="12" HEIGHT="35" WC="0.96" CONTENT="i"/><SP WIDTH="28" VPOS="1087" HPOS="781"/>
							<String ID="string_164" HPOS="809" VPOS="1085" WIDTH="123" HEIGHT="50" WC="0.96" CONTENT="punkt"/><SP WIDTH="29" VPOS="1085" HPOS="932"/>
							<String ID="string_165" HPOS="961" VPOS="1086" WIDTH="47" HEIGHT="34" WC="0.96" CONTENT="70"/><SP WIDTH="25" VPOS="1086" HPOS="1008"/>
							<String ID="string_166" HPOS="1033" VPOS="1080" WIDTH="213" HEIGHT="50" WC="0.96" CONTENT="framlagda"/><SP WIDTH="19" VPOS="1080" HPOS="1246"/>
							<String ID="string_167" HPOS="1265" VPOS="1079" WIDTH="154" HEIGHT="47" WC="0.96" CONTENT="förslag,"/><SP WIDTH="24" VPOS="1079" HPOS="1419"/>
							<String ID="string_168" HPOS="1443" VPOS="1077" WIDTH="67" HEIGHT="36" WC="0.96" CONTENT="har"/><SP WIDTH="17" VPOS="1077" HPOS="1510"/>
							<String ID="string_169" HPOS="1527" VPOS="1075" WIDTH="184" HEIGHT="37" WC="0.96" CONTENT="utskottet"/><SP WIDTH="20" VPOS="1075" HPOS="1711"/>
							<String ID="string_170" HPOS="1731" VPOS="1073" WIDTH="96" HEIGHT="36" WC="0.96" CONTENT="dock"/>
						</TextLine>
						<TextLine ID="line_18" HPOS="231" VPOS="1129" WIDTH="1597" HEIGHT="62">
							<String ID="string_171" HPOS="231" VPOS="1150" WIDTH="122" HEIGHT="31" WC="0.94" CONTENT="ansett"/><SP WIDTH="28" VPOS="1150" HPOS="353"/>
							<String ID="string_172" HPOS="381" VPOS="1144" WIDTH="60" HEIGHT="47" WC="0.96" CONTENT="sig"/><SP WIDTH="26" VPOS="1144" HPOS="441"/>
							<String ID="string_173" HPOS="467" VPOS="1142" WIDTH="93" HEIGHT="37" WC="0.96" CONTENT="böra"/><SP WIDTH="26" VPOS="1142" HPOS="560"/>
							<String ID="string_174" HPOS="586" VPOS="1140" WIDTH="150" HEIGHT="37" WC="0.96" CONTENT="förorda"/><SP WIDTH="27" VPOS="1140" HPOS="736"/>
							<String ID="string_175" HPOS="763" VPOS="1136" WIDTH="251" HEIGHT="51" WC="0.96" CONTENT="uppförandet"/><SP WIDTH="27" VPOS="1136" HPOS="1014"/>
							<String ID="string_176" HPOS="1041" VPOS="1135" WIDTH="12" HEIGHT="36" WC="0.93" CONTENT="i"/><SP WIDTH="27" VPOS="1135" HPOS="1053"/>
							<String ID="string_177" HPOS="1080" VPOS="1134" WIDTH="201" HEIGHT="36" WC="0.92" CONTENT="riksstaten"/><SP WIDTH="29" VPOS="1134" HPOS="1281"/>
							<String ID="string_178" HPOS="1310" VPOS="1131" WIDTH="58" HEIGHT="36" WC="0.96" CONTENT="för"/><SP WIDTH="28" VPOS="1131" HPOS="1368"/>
							<String ID="string_179" HPOS="1396" VPOS="1133" WIDTH="39" HEIGHT="33" WC="0.96" CONTENT="år"/><SP WIDTH="30" VPOS="1133" HPOS="1435"/>
							<String ID="string_180" HPOS="1465" VPOS="1129" WIDTH="97" HEIGHT="35" WC="0.95" CONTENT="1918"/><SP WIDTH="26" VPOS="1129" HPOS="1562"/>
							<String ID="string_181" HPOS="1588" VPOS="1140" WIDTH="46" HEIGHT="23" WC="0.96" CONTENT="av"/><SP WIDTH="19" VPOS="1140" HPOS="1634"/>
							<String ID="string_182" HPOS="1653" VPOS="1131" WIDTH="53" HEIGHT="31" WC="0.96" CONTENT="ett"/><SP WIDTH="19" VPOS="1131" HPOS="1706"/>
							<String ID="string_183" HPOS="1725" VPOS="1130" WIDTH="103" HEIGHT="31" WC="0.96" CONTENT="extra"/>
						</TextLine>
					</TextBlock>
					<TextBlock ID="block_4" HPOS="231" VPOS="1177" WIDTH="1597" HEIGHT="112">
						<TextLine ID="line_19" HPOS="254" VPOS="1177" WIDTH="1574" HEIGHT="68">
							<String ID="string_184" HPOS="254" VPOS="1197" WIDTH="112" HEIGHT="48" WC="0.90" CONTENT="nslag"/><SP WIDTH="26" VPOS="1197" HPOS="366"/>
							<String ID="string_185" HPOS="392" VPOS="1195" WIDTH="57" HEIGHT="36" WC="0.96" CONTENT="till"/><SP WIDTH="27" VPOS="1195" HPOS="449"/>
							<String ID="string_186" HPOS="476" VPOS="1194" WIDTH="96" HEIGHT="49" WC="0.93" CONTENT="lega,"/><SP WIDTH="31" VPOS="1194" HPOS="572"/>
							<String ID="string_187" HPOS="603" VPOS="1191" WIDTH="219" HEIGHT="49" WC="0.91" CONTENT="furagering"/><SP WIDTH="27" VPOS="1191" HPOS="822"/>
							<String ID="string_188" HPOS="849" VPOS="1203" WIDTH="47" HEIGHT="22" WC="0.90" CONTENT="m."/><SP WIDTH="31" VPOS="1203" HPOS="896"/>
							<String ID="string_189" HPOS="927" VPOS="1202" WIDTH="47" HEIGHT="23" WC="0.77" CONTENT="m,"/><SP WIDTH="30" VPOS="1202" HPOS="974"/>
							<String ID="string_190" HPOS="1004" VPOS="1187" WIDTH="58" HEIGHT="36" WC="0.96" CONTENT="för"/><SP WIDTH="26" VPOS="1187" HPOS="1062"/>
							<String ID="string_191" HPOS="1088" VPOS="1187" WIDTH="128" HEIGHT="35" WC="0.96" CONTENT="hästar"/><SP WIDTH="26" VPOS="1187" HPOS="1216"/>
							<String ID="string_192" HPOS="1242" VPOS="1183" WIDTH="63" HEIGHT="36" WC="0.96" CONTENT="vid"/><SP WIDTH="29" VPOS="1183" HPOS="1305"/>
							<String ID="string_193" HPOS="1334" VPOS="1179" WIDTH="280" HEIGHT="39" WC="0.96" CONTENT="kustartilleriet"/><SP WIDTH="29" VPOS="1179" HPOS="1614"/>
							<String ID="string_194" HPOS="1643" VPOS="1178" WIDTH="71" HEIGHT="36" WC="0.93" CONTENT="och"/><SP WIDTH="20" VPOS="1178" HPOS="1714"/>
							<String ID="string_195" HPOS="1734" VPOS="1177" WIDTH="94" HEIGHT="36" WC="0.92" CONTENT="före-"/>
						</TextLine>
						<TextLine ID="line_20" HPOS="231" VPOS="1236" WIDTH="1155" HEIGHT="53">
							<String ID="string_196" HPOS="231" VPOS="1249" WIDTH="73" HEIGHT="36" WC="0.93" CONTENT="slår"/><SP WIDTH="26" VPOS="1249" HPOS="304"/>
							<String ID="string_197" HPOS="330" VPOS="1248" WIDTH="13" HEIGHT="36" WC="0.96" CONTENT="i"/><SP WIDTH="28" VPOS="1248" HPOS="343"/>
							<String ID="string_198" HPOS="371" VPOS="1247" WIDTH="133" HEIGHT="36" WC="0.96" CONTENT="sådant"/><SP WIDTH="29" VPOS="1247" HPOS="504"/>
							<String ID="string_199" HPOS="533" VPOS="1243" WIDTH="186" HEIGHT="38" WC="0.96" CONTENT="avseende"/><SP WIDTH="27" VPOS="1243" HPOS="719"/>
							<String ID="string_200" HPOS="746" VPOS="1247" WIDTH="54" HEIGHT="32" WC="0.96" CONTENT="ett"/><SP WIDTH="27" VPOS="1247" HPOS="800"/>
							<String ID="string_201" HPOS="827" VPOS="1241" WIDTH="138" HEIGHT="48" WC="0.96" CONTENT="belopp"/><SP WIDTH="30" VPOS="1241" HPOS="965"/>
							<String ID="string_202" HPOS="995" VPOS="1252" WIDTH="46" HEIGHT="23" WC="0.93" CONTENT="av"/><SP WIDTH="29" VPOS="1252" HPOS="1041"/>
							<String ID="string_203" HPOS="1070" VPOS="1238" WIDTH="139" HEIGHT="47" WC="0.36" CONTENT="30,000"/><SP WIDTH="29" VPOS="1238" HPOS="1209"/>
							<String ID="string_204" HPOS="1238" VPOS="1236" WIDTH="148" HEIGHT="35" WC="0.96" CONTENT="kronor."/>
						</TextLine>
					</TextBlock>
					<TextBlock ID="block_5" HPOS="232" VPOS="1280" WIDTH="1599" HEIGHT="160">
						<TextLine ID="line_21" HPOS="334" VPOS="1280" WIDTH="1496" HEIGHT="62">
							<String ID="string_205" HPOS="334" VPOS="1299" WIDTH="138" HEIGHT="36" WC="0.91" CONTENT="Därest"/><SP WIDTH="41" VPOS="1299" HPOS="472"/>
							<String ID="string_206" HPOS="513" VPOS="1295" WIDTH="219" HEIGHT="47" WC="0.96" CONTENT="emellertid,"/><SP WIDTH="44" VPOS="1295" HPOS="732"/>
							<String ID="string_207" HPOS="776" VPOS="1294" WIDTH="102" HEIGHT="35" WC="0.96" CONTENT="detta"/><SP WIDTH="40" VPOS="1294" HPOS="878"/>
							<String ID="string_208" HPOS="918" VPOS="1292" WIDTH="139" HEIGHT="48" WC="0.96" CONTENT="belopp"/><SP WIDTH="32" VPOS="1292" HPOS="1057"/>
							<String ID="string_209" HPOS="1089" VPOS="1289" WIDTH="83" HEIGHT="37" WC="0.96" CONTENT="icke"/><SP WIDTH="27" VPOS="1289" HPOS="1172"/>
							<String ID="string_210" HPOS="1199" VPOS="1288" WIDTH="102" HEIGHT="35" WC="0.96" CONTENT="visar"/><SP WIDTH="27" VPOS="1288" HPOS="1301"/>
							<String ID="string_211" HPOS="1328" VPOS="1286" WIDTH="60" HEIGHT="48" WC="0.96" CONTENT="sig"/><SP WIDTH="26" VPOS="1286" HPOS="1388"/>
							<String ID="string_212" HPOS="1414" VPOS="1297" WIDTH="90" HEIGHT="23" WC="0.95" CONTENT="vara"/><SP WIDTH="27" VPOS="1297" HPOS="1504"/>
							<String ID="string_213" HPOS="1531" VPOS="1283" WIDTH="60" HEIGHT="36" WC="0.96" CONTENT="för"/><SP WIDTH="28" VPOS="1283" HPOS="1591"/>
							<String ID="string_214" HPOS="1619" VPOS="1280" WIDTH="211" HEIGHT="37" WC="0.95" CONTENT="ändamålet"/>
						</TextLine>
						<TextLine ID="line_22" HPOS="232" VPOS="1332" WIDTH="1599" HEIGHT="67">
							<String ID="string_215" HPOS="232" VPOS="1350" WIDTH="231" HEIGHT="49" WC="0.96" CONTENT="tillräckligt,"/><SP WIDTH="28" VPOS="1350" HPOS="463"/>
							<String ID="string_216" HPOS="491" VPOS="1348" WIDTH="106" HEIGHT="37" WC="0.96" CONTENT="torde"/><SP WIDTH="29" VPOS="1348" HPOS="597"/>
							<String ID="string_217" HPOS="626" VPOS="1346" WIDTH="170" HEIGHT="48" WC="0.95" CONTENT="anslaget"/><SP WIDTH="28" VPOS="1346" HPOS="796"/>
							<String ID="string_218" HPOS="824" VPOS="1344" WIDTH="56" HEIGHT="36" WC="0.95" CONTENT="till"/><SP WIDTH="19" VPOS="1344" HPOS="880"/>
							<String ID="string_219" HPOS="899" VPOS="1341" WIDTH="304" HEIGHT="38" WC="0.96" CONTENT="kustartilleriets"/><SP WIDTH="19" VPOS="1341" HPOS="1203"/>
							<String ID="string_220" HPOS="1222" VPOS="1336" WIDTH="315" HEIGHT="51" WC="0.92" CONTENT="krigsberedskap"/><SP WIDTH="21" VPOS="1336" HPOS="1537"/>
							<String ID="string_221" HPOS="1558" VPOS="1334" WIDTH="71" HEIGHT="36" WC="0.96" CONTENT="och"/><SP WIDTH="15" VPOS="1334" HPOS="1629"/>
							<String ID="string_222" HPOS="1644" VPOS="1332" WIDTH="187" HEIGHT="48" WC="0.95" CONTENT="övningar"/>
						</TextLine>
						<TextLine ID="line_23" HPOS="233" VPOS="1394" WIDTH="900" HEIGHT="46">
							<String ID="string_223" HPOS="233" VPOS="1404" WIDTH="127" HEIGHT="36" WC="0.96" CONTENT="kunna"/><SP WIDTH="29" VPOS="1404" HPOS="360"/>
							<String ID="string_224" HPOS="389" VPOS="1400" WIDTH="191" HEIGHT="38" WC="0.95" CONTENT="användas"/><SP WIDTH="28" VPOS="1400" HPOS="580"/>
							<String ID="string_225" HPOS="608" VPOS="1399" WIDTH="57" HEIGHT="36" WC="0.96" CONTENT="för"/><SP WIDTH="27" VPOS="1399" HPOS="665"/>
							<String ID="string_226" HPOS="692" VPOS="1395" WIDTH="185" HEIGHT="39" WC="0.96" CONTENT="täckande"/><SP WIDTH="29" VPOS="1395" HPOS="877"/>
							<String ID="string_227" HPOS="906" VPOS="1408" WIDTH="47" HEIGHT="23" WC="0.96" CONTENT="av"/><SP WIDTH="27" VPOS="1408" HPOS="953"/>
							<String ID="string_228" HPOS="980" VPOS="1394" WIDTH="153" HEIGHT="37" WC="0.95" CONTENT="bristen."/>
						</TextLine>
					</TextBlock>
					<TextBlock ID="block_6" HPOS="336" VPOS="1448" WIDTH="581" HEIGHT="45">
						<TextLine ID="line_24" HPOS="336" VPOS="1448" WIDTH="581" HEIGHT="45">
							<String ID="string_229" HPOS="336" VPOS="1454" WIDTH="192" HEIGHT="38" WC="0.96" CONTENT="Utskottet"/><SP WIDTH="28" VPOS="1454" HPOS="528"/>
							<String ID="string_230" HPOS="556" VPOS="1450" WIDTH="215" HEIGHT="38" WC="0.95" CONTENT="hemställer"/><SP WIDTH="28" VPOS="1450" HPOS="771"/>
							<String ID="string_231" HPOS="799" VPOS="1448" WIDTH="118" HEIGHT="45" WC="0.95" CONTENT="alltså,"/>
						</TextLine>
					</TextBlock>
				</ComposedBlock>
				<ComposedBlock ID="cblock_2" HPOS="601" VPOS="1539" WIDTH="1233" HEIGHT="270">
					<TextBlock ID="block_7" HPOS="601" VPOS="1539" WIDTH="1233" HEIGHT="270">
						<TextLine ID="line_25" HPOS="741" VPOS="1539" WIDTH="1092" HEIGHT="61">
							<String ID="string_232" HPOS="741" VPOS="1551" WIDTH="72" HEIGHT="49" WC="0.34" CONTENT="1:0)"/><SP WIDTH="42" VPOS="1551" HPOS="813"/>
							<String ID="string_233" HPOS="855" VPOS="1556" WIDTH="55" HEIGHT="31" WC="0.96" CONTENT="att"/><SP WIDTH="41" VPOS="1556" HPOS="910"/>
							<String ID="string_234" HPOS="951" VPOS="1549" WIDTH="141" HEIGHT="48" WC="0.94" CONTENT="Kungl."/><SP WIDTH="42" VPOS="1549" HPOS="1092"/>
							<String ID="string_235" HPOS="1134" VPOS="1546" WIDTH="126" HEIGHT="49" WC="0.96" CONTENT="Maj:ts"/><SP WIDTH="27" VPOS="1546" HPOS="1260"/>
							<String ID="string_236" HPOS="1287" VPOS="1545" WIDTH="13" HEIGHT="36" WC="0.96" CONTENT="i"/><SP WIDTH="27" VPOS="1545" HPOS="1300"/>
							<String ID="string_237" HPOS="1327" VPOS="1543" WIDTH="120" HEIGHT="50" WC="0.96" CONTENT="punkt"/><SP WIDTH="30" VPOS="1543" HPOS="1447"/>
							<String ID="string_238" HPOS="1477" VPOS="1543" WIDTH="46" HEIGHT="35" WC="0.96" CONTENT="70"/><SP WIDTH="38" VPOS="1543" HPOS="1523"/>
							<String ID="string_239" HPOS="1561" VPOS="1539" WIDTH="134" HEIGHT="50" WC="0.93" CONTENT="gjorda"/><SP WIDTH="27" VPOS="1539" HPOS="1695"/>
							<String ID="string_240" HPOS="1722" VPOS="1539" WIDTH="111" HEIGHT="35" WC="0.92" CONTENT="fram-"/>
						</TextLine>
						<TextLine ID="line_26" HPOS="636" VPOS="1595" WIDTH="869" HEIGHT="56">
							<String ID="string_241" HPOS="636" VPOS="1605" WIDTH="182" HEIGHT="46" WC="0.88" CONTENT="ställning"/><SP WIDTH="26" VPOS="1605" HPOS="818"/>
							<String ID="string_242" HPOS="844" VPOS="1603" WIDTH="82" HEIGHT="36" WC="0.96" CONTENT="icke"/><SP WIDTH="28" VPOS="1603" HPOS="926"/>
							<String ID="string_243" HPOS="954" VPOS="1604" WIDTH="60" HEIGHT="33" WC="0.96" CONTENT="må"/><SP WIDTH="29" VPOS="1604" HPOS="1014"/>
							<String ID="string_244" HPOS="1043" VPOS="1614" WIDTH="46" HEIGHT="22" WC="0.96" CONTENT="av"/><SP WIDTH="26" VPOS="1614" HPOS="1089"/>
							<String ID="string_245" HPOS="1115" VPOS="1598" WIDTH="203" HEIGHT="48" WC="0.93" CONTENT="riksdagen"/><SP WIDTH="27" VPOS="1598" HPOS="1318"/>
							<String ID="string_246" HPOS="1345" VPOS="1595" WIDTH="160" HEIGHT="46" WC="0.88" CONTENT="bifallas,"/>
						</TextLine>
						<TextLine ID="line_27" HPOS="741" VPOS="1644" WIDTH="1091" HEIGHT="60">
							<String ID="string_247" HPOS="741" VPOS="1655" WIDTH="74" HEIGHT="49" WC="0.91" CONTENT="2:0)"/><SP WIDTH="42" VPOS="1655" HPOS="815"/>
							<String ID="string_248" HPOS="857" VPOS="1660" WIDTH="53" HEIGHT="30" WC="0.96" CONTENT="att"/><SP WIDTH="39" VPOS="1660" HPOS="910"/>
							<String ID="string_249" HPOS="949" VPOS="1652" WIDTH="204" HEIGHT="48" WC="0.96" CONTENT="riksdagen"/><SP WIDTH="32" VPOS="1652" HPOS="1153"/>
							<String ID="string_250" HPOS="1185" VPOS="1653" WIDTH="60" HEIGHT="33" WC="0.96" CONTENT="må"/><SP WIDTH="27" VPOS="1653" HPOS="1245"/>
							<String ID="string_251" HPOS="1272" VPOS="1649" WIDTH="56" HEIGHT="36" WC="0.96" CONTENT="till"/><SP WIDTH="28" VPOS="1649" HPOS="1328"/>
							<String ID="string_252" HPOS="1356" VPOS="1649" WIDTH="88" HEIGHT="47" WC="0.93" CONTENT="lega,"/><SP WIDTH="23" VPOS="1649" HPOS="1444"/>
							<String ID="string_253" HPOS="1467" VPOS="1644" WIDTH="217" HEIGHT="52" WC="0.90" CONTENT="furagering"/><SP WIDTH="29" VPOS="1644" HPOS="1684"/>
							<String ID="string_254" HPOS="1713" VPOS="1656" WIDTH="44" HEIGHT="22" WC="0.90" CONTENT="m."/><SP WIDTH="31" VPOS="1656" HPOS="1757"/>
							<String ID="string_255" HPOS="1788" VPOS="1655" WIDTH="44" HEIGHT="21" WC="0.92" CONTENT="m."/>
						</TextLine>
						<TextLine ID="line_28" HPOS="601" VPOS="1694" WIDTH="1233" HEIGHT="64">
							<String ID="string_256" HPOS="601" VPOS="1711" WIDTH="95" HEIGHT="47" WC="0.74" CONTENT="för"/><SP WIDTH="40" VPOS="1711" HPOS="696"/>
							<String ID="string_257" HPOS="736" VPOS="1709" WIDTH="124" HEIGHT="35" WC="0.96" CONTENT="hästar"/><SP WIDTH="40" VPOS="1709" HPOS="860"/>
							<String ID="string_258" HPOS="900" VPOS="1706" WIDTH="61" HEIGHT="36" WC="0.81" CONTENT="vid"/><SP WIDTH="40" VPOS="1706" HPOS="961"/>
							<String ID="string_259" HPOS="1001" VPOS="1703" WIDTH="267" HEIGHT="38" WC="0.93" CONTENT="kustartilleriet"/><SP WIDTH="31" VPOS="1703" HPOS="1268"/>
							<String ID="string_260" HPOS="1299" VPOS="1703" WIDTH="20" HEIGHT="33" WC="0.70" CONTENT="å"/><SP WIDTH="28" VPOS="1703" HPOS="1319"/>
							<String ID="string_261" HPOS="1347" VPOS="1704" WIDTH="105" HEIGHT="32" WC="0.94" CONTENT="extra"/><SP WIDTH="27" VPOS="1704" HPOS="1452"/>
							<String ID="string_262" HPOS="1479" VPOS="1702" WIDTH="74" HEIGHT="32" WC="0.95" CONTENT="stat"/><SP WIDTH="27" VPOS="1702" HPOS="1553"/>
							<String ID="string_263" HPOS="1580" VPOS="1696" WIDTH="59" HEIGHT="36" WC="0.96" CONTENT="för"/><SP WIDTH="27" VPOS="1696" HPOS="1639"/>
							<String ID="string_264" HPOS="1666" VPOS="1698" WIDTH="40" HEIGHT="33" WC="0.96" CONTENT="år"/><SP WIDTH="31" VPOS="1698" HPOS="1706"/>
							<String ID="string_265" HPOS="1737" VPOS="1694" WIDTH="97" HEIGHT="36" WC="0.88" CONTENT="1918"/>
						</TextLine>
						<TextLine ID="line_29" HPOS="637" VPOS="1749" WIDTH="1047" HEIGHT="60">
							<String ID="string_266" HPOS="637" VPOS="1760" WIDTH="140" HEIGHT="49" WC="0.96" CONTENT="bevilja"/><SP WIDTH="28" VPOS="1760" HPOS="777"/>
							<String ID="string_267" HPOS="805" VPOS="1763" WIDTH="52" HEIGHT="32" WC="0.93" CONTENT="ett"/><SP WIDTH="28" VPOS="1763" HPOS="857"/>
							<String ID="string_268" HPOS="885" VPOS="1755" WIDTH="309" HEIGHT="50" WC="0.92" CONTENT="förslagsanslag,"/><SP WIDTH="30" VPOS="1755" HPOS="1194"/>
							<String ID="string_269" HPOS="1224" VPOS="1753" WIDTH="116" HEIGHT="48" WC="0.92" CONTENT="högst"/><SP WIDTH="29" VPOS="1753" HPOS="1340"/>
							<String ID="string_270" HPOS="1369" VPOS="1751" WIDTH="137" HEIGHT="47" WC="0.92" CONTENT="50,000"/><SP WIDTH="30" VPOS="1751" HPOS="1506"/>
							<String ID="string_271" HPOS="1536" VPOS="1749" WIDTH="148" HEIGHT="35" WC="0.96" CONTENT="kronor."/>
						</TextLine>
					</TextBlock>
				</ComposedBlock>
				<ComposedBlock ID="cblock_3" HPOS="243" VPOS="1900" WIDTH="1596" HEIGHT="119">
					<TextBlock ID="block_8" HPOS="243" VPOS="1900" WIDTH="1596" HEIGHT="119">
						<TextLine ID="line_30" HPOS="345" VPOS="1900" WIDTH="1494" HEIGHT="65">
							<String ID="string_272" HPOS="345" VPOS="1918" WIDTH="72" HEIGHT="47" WC="0.57" CONTENT="8:0)"/><SP WIDTH="41" VPOS="1918" HPOS="417"/>
							<String ID="string_273" HPOS="458" VPOS="1917" WIDTH="129" HEIGHT="38" WC="0.96" CONTENT="Under"/><SP WIDTH="29" VPOS="1917" HPOS="587"/>
							<String ID="string_274" HPOS="616" VPOS="1913" WIDTH="238" HEIGHT="50" WC="0.96" CONTENT="åberopande"/><SP WIDTH="27" VPOS="1913" HPOS="854"/>
							<String ID="string_275" HPOS="881" VPOS="1926" WIDTH="48" HEIGHT="24" WC="0.96" CONTENT="av"/><SP WIDTH="19" VPOS="1926" HPOS="929"/>
							<String ID="string_276" HPOS="948" VPOS="1911" WIDTH="74" HEIGHT="36" WC="0.96" CONTENT="vad"/><SP WIDTH="18" VPOS="1911" HPOS="1022"/>
							<String ID="string_277" HPOS="1040" VPOS="1909" WIDTH="188" HEIGHT="37" WC="0.96" CONTENT="utskottet"/><SP WIDTH="17" VPOS="1909" HPOS="1228"/>
							<String ID="string_278" HPOS="1245" VPOS="1906" WIDTH="120" HEIGHT="37" WC="0.96" CONTENT="under"/><SP WIDTH="18" VPOS="1906" HPOS="1365"/>
							<String ID="string_279" HPOS="1383" VPOS="1901" WIDTH="316" HEIGHT="51" WC="0.90" CONTENT="nästföregående"/><SP WIDTH="19" VPOS="1901" HPOS="1699"/>
							<String ID="string_280" HPOS="1718" VPOS="1900" WIDTH="121" HEIGHT="50" WC="0.96" CONTENT="punkt"/>
						</TextLine>
						<TextLine ID="line_31" HPOS="243" VPOS="1966" WIDTH="603" HEIGHT="53">
							<String ID="string_281" HPOS="243" VPOS="1972" WIDTH="134" HEIGHT="47" WC="0.95" CONTENT="anfört,"/><SP WIDTH="30" VPOS="1972" HPOS="377"/>
							<String ID="string_282" HPOS="407" VPOS="1968" WIDTH="215" HEIGHT="39" WC="0.96" CONTENT="hemställer"/><SP WIDTH="26" VPOS="1968" HPOS="622"/>
							<String ID="string_283" HPOS="648" VPOS="1966" WIDTH="198" HEIGHT="46" WC="0.96" CONTENT="utskottet,"/>
						</TextLine>
					</TextBlock>
				</ComposedBlock>
				<ComposedBlock ID="cblock_4" HPOS="643" VPOS="2055" WIDTH="1199" HEIGHT="155">
					<TextBlock ID="block_9" HPOS="643" VPOS="2055" WIDTH="1199" HEIGHT="155">
						<TextLine ID="line_32" HPOS="745" VPOS="2055" WIDTH="1096" HEIGHT="60">
							<String ID="string_284" HPOS="745" VPOS="2073" WIDTH="56" HEIGHT="32" WC="0.96" CONTENT="att"/><SP WIDTH="42" VPOS="2073" HPOS="801"/>
							<String ID="string_285" HPOS="843" VPOS="2067" WIDTH="143" HEIGHT="48" WC="0.95" CONTENT="Kungl."/><SP WIDTH="42" VPOS="2067" HPOS="986"/>
							<String ID="string_286" HPOS="1028" VPOS="2065" WIDTH="128" HEIGHT="49" WC="0.96" CONTENT="Maj:ts"/><SP WIDTH="41" VPOS="2065" HPOS="1156"/>
							<String ID="string_287" HPOS="1197" VPOS="2064" WIDTH="12" HEIGHT="35" WC="0.96" CONTENT="i"/><SP WIDTH="36" VPOS="2064" HPOS="1209"/>
							<String ID="string_288" HPOS="1245" VPOS="2061" WIDTH="120" HEIGHT="51" WC="0.96" CONTENT="punkt"/><SP WIDTH="29" VPOS="2061" HPOS="1365"/>
							<String ID="string_289" HPOS="1394" VPOS="2062" WIDTH="44" HEIGHT="35" WC="0.96" CONTENT="71"/><SP WIDTH="31" VPOS="2062" HPOS="1438"/>
							<String ID="string_290" HPOS="1469" VPOS="2072" WIDTH="48" HEIGHT="23" WC="0.96" CONTENT="av"/><SP WIDTH="29" VPOS="2072" HPOS="1517"/>
							<String ID="string_291" HPOS="1546" VPOS="2059" WIDTH="122" HEIGHT="36" WC="0.93" CONTENT="denna"/><SP WIDTH="27" VPOS="2059" HPOS="1668"/>
							<String ID="string_292" HPOS="1695" VPOS="2055" WIDTH="146" HEIGHT="37" WC="0.91" CONTENT="huvud-"/>
						</TextLine>
						<TextLine ID="line_33" HPOS="643" VPOS="2107" WIDTH="1199" HEIGHT="63">
							<String ID="string_293" HPOS="643" VPOS="2122" WIDTH="82" HEIGHT="36" WC="0.89" CONTENT="titel"/><SP WIDTH="41" VPOS="2122" HPOS="725"/>
							<String ID="string_294" HPOS="766" VPOS="2120" WIDTH="136" HEIGHT="50" WC="0.93" CONTENT="gjorda"/><SP WIDTH="42" VPOS="2120" HPOS="902"/>
							<String ID="string_295" HPOS="944" VPOS="2116" WIDTH="283" HEIGHT="48" WC="0.96" CONTENT="framställning"/><SP WIDTH="39" VPOS="2116" HPOS="1227"/>
							<String ID="string_296" HPOS="1266" VPOS="2114" WIDTH="83" HEIGHT="37" WC="0.96" CONTENT="icke"/><SP WIDTH="41" VPOS="2114" HPOS="1349"/>
							<String ID="string_297" HPOS="1390" VPOS="2114" WIDTH="59" HEIGHT="35" WC="0.96" CONTENT="må"/><SP WIDTH="33" VPOS="2114" HPOS="1449"/>
							<String ID="string_298" HPOS="1482" VPOS="2125" WIDTH="47" HEIGHT="23" WC="0.96" CONTENT="av"/><SP WIDTH="27" VPOS="2125" HPOS="1529"/>
							<String ID="string_299" HPOS="1556" VPOS="2109" WIDTH="203" HEIGHT="49" WC="0.96" CONTENT="riksdagen"/><SP WIDTH="27" VPOS="2109" HPOS="1759"/>
							<String ID="string_300" HPOS="1786" VPOS="2107" WIDTH="56" HEIGHT="37" WC="0.93" CONTENT="bi-"/>
						</TextLine>
						<TextLine ID="line_34" HPOS="644" VPOS="2174" WIDTH="118" HEIGHT="36">
							<String ID="string_301" HPOS="644" VPOS="2174" WIDTH="118" HEIGHT="36" WC="0.90" CONTENT="fallas."/>
						</TextLine>
					</TextBlock>
				</ComposedBlock>
				<ComposedBlock ID="cblock_5" HPOS="1858" VPOS="1910" WIDTH="206" HEIGHT="268">
					<TextBlock ID="block_10" HPOS="1858" VPOS="1910" WIDTH="206" HEIGHT="268">
						<TextLine ID="line_35" HPOS="1869" VPOS="1910" WIDTH="184" HEIGHT="29">
							<String ID="string_302" HPOS="1869" VPOS="1910" WIDTH="184" HEIGHT="29" WC="0.96" CONTENT="Förstärkning"/>
						</TextLine>
						<TextLine ID="line_36" HPOS="1881" VPOS="1952" WIDTH="162" HEIGHT="17">
							<String ID="string_303" HPOS="1881" VPOS="1954" WIDTH="31" HEIGHT="15" WC="0.93" CONTENT="av"/><SP WIDTH="19" VPOS="1954" HPOS="1912"/>
							<String ID="string_304" HPOS="1931" VPOS="1952" WIDTH="112" HEIGHT="17" WC="0.91" CONTENT="reserva-"/>
						</TextLine>
						<TextLine ID="line_37" HPOS="1867" VPOS="1983" WIDTH="187" HEIGHT="30">
							<String ID="string_305" HPOS="1867" VPOS="1983" WIDTH="187" HEIGHT="30" WC="0.91" CONTENT="tionsanslaget"/>
						</TextLine>
						<TextLine ID="line_38" HPOS="1884" VPOS="2017" WIDTH="158" HEIGHT="23">
							<String ID="string_306" HPOS="1884" VPOS="2017" WIDTH="41" HEIGHT="23" WC="0.93" CONTENT="till"/><SP WIDTH="19" VPOS="2017" HPOS="1925"/>
							<String ID="string_307" HPOS="1944" VPOS="2024" WIDTH="98" HEIGHT="16" WC="0.91" CONTENT="remon-"/>
						</TextLine>
						<TextLine ID="line_39" HPOS="1885" VPOS="2052" WIDTH="151" HEIGHT="29">
							<String ID="string_308" HPOS="1885" VPOS="2052" WIDTH="84" HEIGHT="29" WC="0.96" CONTENT="tering"/><SP WIDTH="18" VPOS="2052" HPOS="1969"/>
							<String ID="string_309" HPOS="1987" VPOS="2052" WIDTH="49" HEIGHT="22" WC="0.95" CONTENT="och"/>
						</TextLine>
						<TextLine ID="line_40" HPOS="1858" VPOS="2086" WIDTH="206" HEIGHT="29">
							<String ID="string_310" HPOS="1858" VPOS="2088" WIDTH="57" HEIGHT="27" WC="0.93" CONTENT="lega"/><SP WIDTH="18" VPOS="2088" HPOS="1915"/>
							<String ID="string_311" HPOS="1933" VPOS="2094" WIDTH="31" HEIGHT="15" WC="0.90" CONTENT="m."/><SP WIDTH="14" VPOS="2094" HPOS="1964"/>
							<String ID="string_312" HPOS="1978" VPOS="2093" WIDTH="32" HEIGHT="15" WC="0.91" CONTENT="m."/><SP WIDTH="15" VPOS="2093" HPOS="2010"/>
							<String ID="string_313" HPOS="2025" VPOS="2086" WIDTH="39" HEIGHT="22" WC="0.96" CONTENT="för"/>
						</TextLine>
						<TextLine ID="line_41" HPOS="1886" VPOS="2120" WIDTH="157" HEIGHT="24">
							<String ID="string_314" HPOS="1886" VPOS="2120" WIDTH="157" HEIGHT="24" WC="0.92" CONTENT="kustartille-"/>
						</TextLine>
						<TextLine ID="line_42" HPOS="1877" VPOS="2156" WIDTH="174" HEIGHT="22">
							<String ID="string_315" HPOS="1877" VPOS="2156" WIDTH="62" HEIGHT="22" WC="0.91" CONTENT="riets"/><SP WIDTH="18" VPOS="2156" HPOS="1939"/>
							<String ID="string_316" HPOS="1957" VPOS="2156" WIDTH="94" HEIGHT="22" WC="0.96" CONTENT="hästar."/>
						</TextLine>
					</TextBlock>
				</ComposedBlock>
				<ComposedBlock ID="cblock_6" HPOS="1913" VPOS="2197" WIDTH="94" HEIGHT="48">
					<TextBlock ID="block_11" HPOS="1913" VPOS="2197" WIDTH="94" HEIGHT="48">
						<TextLine ID="line_43" HPOS="1913" VPOS="2197" WIDTH="94" HEIGHT="48">
							<String ID="string_317" HPOS="1913" VPOS="2197" WIDTH="94" HEIGHT="48" WC="0.89" CONTENT="[71.]"/>
						</TextLine>
					</TextBlock>
				</ComposedBlock>
			</PrintSpace>
		</Page>
	</Layout>
</alto>
