2244 2674
471 182 40 30 32
670 179 111 31 Andra
806 178 192 29 kammarens
1021 175 99 42 fjärde
1143 173 165 43 tillfälliga
1332 171 129 32 utskotts
1483 170 161 31 utlåtande
1668 168 53 32 Nr
1746 169 47 30 Ill.

431 265 210 34 förhållande
664 263 57 33 till
743 262 167 33 varandra
932 261 148 32 belastas
1104 260 85 32 efter
1211 257 156 44 grunder,
1393 268 68 21 som
1485 255 73 32 med
1582 256 132 41 hänsyn
1737 253 58 32 till
1812 252 60 33 den
1889 252 147 32 kommu-

433 310 80 32 nala
535 307 282 42 beskattningens
841 307 139 40 egenart
1003 303 144 32 framstå
1170 302 108 32 såsom
1302 298 290 42 ändamålsenliga
1616 297 59 33 och
1699 297 74 31 med
1798 296 118 32 kravet
1939 296 43 41 på
1998 305 39 21 en

432 354 126 32 rättvis
582 351 57 33 och
663 350 178 41 likformig
864 347 219 42 beskattning
1105 345 58 33 väl
1185 344 178 42 förenliga.
1407 342 109 32 Innan
1541 344 47 29 ett
1611 341 119 32 sådant
1745 338 293 42 tillrättaläggan-

433 397 41 32 de
508 408 42 20 av
583 394 193 43 grunderna
804 393 52 31 för
884 392 62 31 den
971 389 217 34 kommunala
1211 387 263 41 beskattningen
1498 388 59 39 ägt
1580 395 74 21 rum
1677 383 60 33 och
1760 383 13 31 i
1797 381 243 41 sammanhang

434 438 138 34 därmed
595 436 158 44 nöjaktig
775 434 166 43 trygghet
963 433 142 31 vunnits
1127 431 54 32 för
1204 433 53 29 att
1279 429 40 32 de
1342 429 139 32 sålunda
1503 428 147 31 utfanna
1672 424 369 43 taxeringsgrunderna

433 482 100 33 också
556 481 93 32 bliva
672 480 11 30 i
707 477 194 43 möjligaste
924 477 77 31 mån
1026 477 69 30 rätt
1117 473 205 40 tillämpade,
1347 472 123 32 saknas
1494 471 55 31 det
1571 470 91 32 fasta
1684 467 174 43 underlag,
1875 469 86 30 utan
1977 466 64 33 vil-

435 527 59 31 ket
528 525 73 31 icke
623 523 67 32 kan
714 520 251 41 tillförlitligen
988 518 166 38 bedömas,
1178 518 12 30 i
1213 516 114 32 vilken
1351 514 240 41 utsträckning
1615 512 159 43 åtgärder
1796 511 52 32 för
1872 521 39 21 en
1934 509 107 42 regle-

435 570 79 40 ring
548 578 43 21 av
626 565 110 43 själva
763 563 235 32 skaottebehoret
1024 561 116 32 kunna
1163 570 83 21 vara
1293 557 164 39 påkallade,
1481 556 83 33 eller
1586 567 61 20 var
1669 554 129 33 således
1821 558 147 37 gränsen
1990 553 52 31 för

435 612 124 41 högsta
582 607 136 43 skäliga
742 606 217 43 skattetryck
982 604 183 42 rätteligen
1188 603 59 31 bör
1291 612 110 31 dragas.

569 652 80 32 Icke
672 651 103 31 minst
798 655 36 26 är
857 650 38 31 så
917 646 232 34 förhållandet
1175 657 42 20 av
1241 645 61 32 den
1325 643 193 41 anledning,
1543 644 50 30 att
1615 651 77 22 man
1715 639 86 32 först
1824 639 84 32 efter
1930 650 40 20 en
1994 639 50 31 så-

438 698 65 30 dan
538 694 222 41 omläggning
794 703 41 20 av
869 691 190 41 grunderna
1092 690 54 30 för
1169 689 63 30 den
1256 686 216 33 kommunala
1493 684 264 40 beskattningen
1783 681 64 32 blir
1870 683 12 30 i
1905 680 139 33 tillfälle

437 741 53 30 att
513 737 75 32 med
610 734 156 44 nöjaktig
789 734 83 42 grad
895 744 42 20 av
962 731 157 32 säkerhet
1142 730 147 37 bedöma,
1313 729 12 30 i
1349 728 66 31 vad
1437 728 77 30 mån
1538 727 56 30 det
1618 724 225 41 skattetryck.
1867 734 70 21 som
1953 723 90 31 utvi-

438 793 54 21 sas
516 792 41 21 av
580 778 158 33 siffrorna
761 777 52 32 för
836 774 277 43 utdebiteringen
1135 783 59 32 per
1217 770 214 34 skatteenhet
1453 789 40 3 —
1516 768 53 32 för
1591 766 210 34 närvarande
1824 765 220 41 bevillnings-

439 826 129 30 kronan
593 842 39 3 —
656 821 100 32 också
779 825 39 26 är
841 822 49 29 ett
912 818 138 39 verkligt
1065 816 57 32 och
1138 815 84 39 icke,
1239 816 13 30 i
1268 818 109 28 större
1394 813 83 32 eller
1493 812 127 31 mindre
1636 811 87 37 mån,
1741 809 119 32 endast
1875 808 171 31 nominellt

439 865 226 42 skattetryck,
689 862 160 33 beroende
872 862 121 31 främst
1016 860 111 37 därav,
1152 860 55 30 att
1230 857 129 32 antalet
1383 855 251 32 skatteenheter
1656 854 44 41 på
1716 851 110 42 grund
1842 862 43 20 av
1900 851 52 31 för
1967 850 79 42 låga

439 909 199 41 taxeringar
660 905 103 33 blivit
785 905 134 41 ringare
942 909 41 26 än
1007 903 59 31 vid
1089 912 41 21 en
1152 901 109 41 riktig
1287 899 159 42 taxering
1468 896 112 33 skulle
1597 896 102 32 blivit
1715 893 238 38 förhållandet,
1971 903 75 21 men

438 952 131 42 jämväl
592 951 112 32 därav,
728 950 53 30 att
804 949 91 30 vissa
918 943 381 43 beskattningsföremål
1321 942 75 32 icke
1419 945 12 28 i
1452 939 170 42 tillbörlig
1645 938 83 43 grad
1751 937 84 32 efter
1858 936 96 32 deras
1971 936 72 31 bär-

442 995 95 32 kraft
559 993 110 42 tagits
694 991 8 31 i
729 991 147 42 anspråk
898 990 52 31 för
973 987 227 41 beskattning.

577 1036 17 32 I
628 1034 152 42 enlighet
814 1034 74 31 med
922 1032 108 31 denna
1064 1030 232 42 uppfattning,
1330 1027 77 32 från
1440 1025 115 33 vilken
1585 1023 131 44 jämväl
1740 1022 40 32 de
1804 1019 243 45 nrsprungliga

442 1080 191 33 direktiven
667 1078 51 31 för
740 1075 274 33 kommitterades
1038 1073 139 32 arbeten
1199 1073 127 40 utgått,
1352 1070 88 32 hava
1463 1069 96 31 dessa
1582 1067 139 32 arbeten
1744 1064 129 33 hittills
1896 1065 152 31 närmast

443 1123 80 32 haft
555 1121 57 32 till
645 1120 140 32 föremål
819 1117 239 33 utarbetandet
1091 1126 44 21 av
1160 1115 129 41 förslag
1321 1113 57 31 till
1400 1110 224 44 lagstiftning
1647 1121 51 20 om
1721 1107 196 33 kommunal
1939 1107 108 31 skatt-

443 1165 203 43 skyldighet
668 1163 60 31 och
751 1162 166 40 taxering,
941 1159 121 32 därvid
1082 1158 129 43 jämväl
1233 1157 161 40 frågorna
1417 1166 51 20 om
1492 1152 206 33 inordnande
1720 1152 12 31 i
1756 1151 55 32 det
1834 1149 214 33 kommunala

444 1208 278 41 skattesystemet
755 1215 42 21 av
826 1202 147 33 särskild
996 1199 374 42 värdestegringsskatt
1393 1198 19 30 å
1432 1196 75 43 jord
1531 1196 89 31 samt
1644 1205 41 20 av
1708 1193 233 41 skogsaccisen
1964 1202 85 20 vun-

443 1251 52 32 nit
517 1249 267 41 handläggning.

580 1291 111 33 Sedan
728 1290 97 31 dessa
859 1289 137 31 arbeten
1019 1285 167 37 slutförts,
1210 1284 110 32 vilket
1342 1283 73 31 med
1438 1281 175 41 undantag
1636 1279 146 32 allenast
1803 1277 53 32 för
1878 1287 90 21 mera
1990 1276 58 31 fri-

444 1335 138 33 stående
616 1332 95 33 delar
745 1344 41 20 av
819 1330 405 41 beskattningssystemet,
1260 1327 108 31 såsom
1401 1322 203 44 exempelvis
1637 1321 167 41 förslaget
1835 1319 58 32 till
1915 1319 93 31 skatt
2031 1319 19 30 å

446 1376 264 41 värdestegring
734 1386 40 20 av
794 1374 87 43 jord,
904 1371 193 33 införandet
1119 1381 42 21 av
1183 1381 24 20 s.
1231 1369 32 31 k.
1281 1365 323 42 bettermentbidrag
1619 1377 42 19 m.
1678 1376 41 19 m.
1736 1362 184 32 beräknats
1935 1361 115 31 kunna

447 1421 58 32 ske
533 1419 106 32 under
662 1416 225 33 innevarande
910 1416 48 37 år,
982 1413 111 33 skulle
1117 1412 108 42 enligt
1248 1410 237 43 arbetsplanen
1507 1407 84 43 följa
1613 1406 229 41 beredningen
1865 1415 42 20 av
1929 1404 121 41 frågan

447 1475 52 20 om
522 1462 152 41 lindring
696 1471 43 21 av
761 1460 259 31 kommunernas
1043 1455 154 33 absoluta
1221 1452 223 43 skattetyngd
1468 1451 60 32 och
1552 1451 39 31 de
1614 1448 166 45 spörsmål
1803 1453 84 26 även
1904 1458 42 20 av
1963 1456 89 21 mera

446 1503 272 43 budgetteknisk
752 1505 65 36 art,
851 1512 69 21 som
947 1499 75 32 med
1045 1499 94 31 detta
1162 1503 95 26 ämne
1281 1494 240 34 sammanhöra.
1566 1493 54 32 Då
1642 1492 108 32 denna
1772 1490 54 32 del
1849 1501 43 20 av
1914 1488 136 32 reform-

447 1548 185 42 problemet
656 1552 88 25 ännu
766 1544 73 31 icke
863 1543 91 31 varit
977 1541 144 32 föremål
1144 1540 51 31 för
1215 1541 109 40 någon
1341 1548 89 21 mera
1446 1536 165 42 ingående
1627 1533 260 42 handläggning
1903 1543 43 20 av
1962 1531 90 31 kom-

448 1589 189 37 mitterade,
662 1588 67 31 kan
751 1590 49 29 ett
822 1584 178 33 uttalande
1023 1583 11 32 i
1057 1584 130 40 frågan,
1211 1583 44 41 på
1278 1580 97 32 vilka
1398 1578 283 43 huvudprinciper
1701 1575 163 41 förslaget
1879 1575 13 30 i
1907 1572 146 33 nämnda

448 1633 54 32 del
526 1631 109 42 enligt
657 1628 279 34 kommitterades
960 1626 137 42 mening
1121 1626 59 31 bör
1202 1623 82 39 vila,
1308 1622 186 42 lämpligen
1516 1633 45 20 nu
1585 1620 73 32 icke
1681 1622 96 39 göras
1801 1618 12 31 i
1835 1617 118 31 vidare
1975 1616 77 31 mån

450 1681 42 26 än
520 1677 53 29 att
596 1676 58 29 det
677 1678 85 26 även
784 1672 51 31 för
861 1670 259 32 kommitterade
1143 1678 100 31 synes
1267 1666 182 40 antagligt,
1473 1666 54 30 att
1549 1664 12 30 i
1584 1665 87 29 stort
1694 1663 67 30 sett
1784 1660 104 31 andra
1910 1662 145 37 utvägar

450 1717 203 43 näppeligen
686 1715 95 32 torde
813 1714 132 32 komma
974 1713 53 31 att
1050 1712 54 31 stå
1127 1709 56 33 till
1204 1709 84 32 buds
1312 1713 42 27 än
1377 1708 50 39 de,
1452 1718 69 21 som
1546 1706 134 32 anvisas
1703 1704 13 31 i
1739 1703 64 32 den
1829 1701 137 39 motion,
1990 1700 63 32 vil-

451 1761 64 32 ken
539 1761 152 30 närmast
714 1756 165 33 föranlett
903 1753 299 42 framställningen
1225 1752 12 31 i
1259 1751 107 42 fråga.

585 1801 76 31 Vad
695 1800 163 40 slutligen
893 1798 107 41 angår
1033 1795 206 43 spörsmålet,
1273 1793 171 32 huruvida
1478 1803 40 20 en
1545 1789 207 44 provisorisk
1774 1786 153 43 lindring
1949 1797 42 21 av
2014 1785 40 32 de

452 1846 86 31 mest
571 1844 133 43 ojämna
737 1840 283 33 skattebördorna
1054 1837 111 33 skulle
1187 1837 133 32 komma
1344 1837 51 29 att
1416 1834 161 42 förrycka
1599 1832 82 32 eller
1703 1832 132 31 försena
1858 1830 130 31 arbetet
2012 1828 44 42 på

452 1885 455 40 kommunalskattefrågans
942 1882 136 40 lösning
1108 1882 12 29 i
1153 1880 78 31 hela
1255 1879 74 31 dess
1352 1876 217 41 omfattning,
1592 1876 36 30 få
1649 1872 257 33 kommitterade
1930 1870 125 37 anföra,

453 1932 62 36 att,
538 1930 53 31 för
614 1929 64 30 den
702 1925 159 34 händelse
884 1925 108 32 härav
1013 1923 160 43 påkallad
1196 1920 182 42 utredning
1402 1919 94 33 bleve
1519 1919 36 31 åt
1577 1915 257 34 kommitterade
1851 1909 205 52 uppdragen,

453 1972 105 32 sådan
591 1971 148 42 givetvis
769 1970 107 30 måste
899 1967 143 38 hefaras,
1067 1977 52 20 om
1142 1965 75 31 icke
1240 1965 11 30 i
1275 1962 151 43 egentlig
1449 1961 136 41 mening
1607 1959 167 42 förrycka,
1798 1958 37 30 så
1859 1956 83 32 dock
1965 1966 91 21 avse-

453 2018 78 28 värt
564 2014 135 31 försena
734 2011 57 32 det
823 2010 173 43 pågående
1019 2007 374 43 lagstiftningsarbetet
1416 2004 60 32 och
1500 2002 136 33 därmed
1660 2007 84 26 även
1767 1998 256 34 reformarbetet
2046 1998 12 31 i

454 2057 57 32 det
533 2056 84 32 hela.
663 2052 270 34 Kommitterade
966 2052 115 31 kunna
1114 2050 53 31 för
1200 2050 61 31 sitt
1294 2046 176 33 uttalande
1504 2045 208 32 härutinnan
1745 2042 144 42 åberopa
1912 2041 145 31 erfaren-

456 2100 96 31 heten
585 2099 79 31 från
698 2097 59 31 det
790 2094 316 42 utredningsarbete
1139 2093 12 30 i
1185 2091 185 40 anledning
1404 2101 41 20 av
1472 2087 157 42 tidigare,
1652 2086 59 32 vid
1735 2087 80 30 1912
1840 2085 55 30 års
1918 2083 142 41 riksdag

456 2142 186 41 ifrågasatt
670 2137 207 45 provisorisk
905 2136 152 42 lindring
1080 2135 141 32 medelst
1244 2132 209 41 statsbidrag
1475 2132 46 34 åt.
1535 2128 144 34 särskilt
1702 2127 245 42 skattetyngda
1969 2125 89 31 kom-

457 2195 126 27 muner,
617 2182 111 32 vilket
754 2181 114 31 arbete
890 2178 261 33 kommitterade
1175 2176 85 31 hade
1283 2175 54 41 sig
1359 2174 192 32 anförtrott.
1597 2171 102 32 Givet
1722 2175 38 26 är
1783 2167 198 38 emellertid,
2005 2168 54 30 att

456 2226 44 32 då
523 2237 40 21 en
587 2224 206 44 provisorisk
817 2221 266 41 skattelindring
1106 2219 74 33 icke
1204 2219 87 31 lärer
1312 2217 115 32 kunna
1450 2214 245 34 åstadkommas
1718 2211 195 33 annorledes
1938 2215 42 27 än
1995 2220 64 21 me-
