2222 2630
713 163 250 35 Statsutskottets
989 159 166 33 Memorial
1181 157 60 32 N:o
1268 159 25 29 1.
1725 148 41 32 33

343 250 54 36 Af
422 249 101 37 detta
552 247 132 48 anslag
712 245 67 36 har
805 240 367 52 riksgäldskontoret
1199 235 158 37 utbetalt
1386 234 75 36 dels
1480 231 55 37 till
1555 229 182 50 styrelsen
1753 227 57 36 för

213 302 208 38 Trollhätte
463 300 128 37 kanal-
634 298 70 37 och
744 293 221 40 vattenverk
1006 291 120 37 under
1167 292 38 33 år
1249 287 96 36 1907
1382 284 164 47 650,000
1575 282 138 36 kronor
1741 278 69 37 och

214 354 120 37 under
374 357 40 33 år
456 353 97 37 1908
597 350 165 47 350,000
803 348 150 44 kronor,
995 345 74 36 dels
1096 343 61 36 ock
1185 340 55 37 till
1267 334 400 50 vattenfallsstyrelsen
1695 331 118 37 under

214 406 252 38 innevarande
494 408 39 33 år
561 402 213 38 återstoden
802 398 163 48 500,000
994 397 148 35 kronor.

344 458 76 37 För
448 455 195 39 enahanda
670 452 172 38 ändamål
871 451 66 36 har
968 449 96 36 1908
1095 450 57 33 års
1181 443 170 49 Riksdag
1379 442 58 36 för
1465 443 39 34 år
1534 440 98 36 1909
1661 435 152 48 beviljat

217 511 70 37 och
315 510 56 37 till
399 508 186 51 utgående
614 507 81 37 från
722 502 364 51 riksgäldskontoret
1116 497 146 37 anvisat
1292 494 201 48 1,000,000
1522 492 149 35 kronor.

356 554 12 10 o

346 565 35 34 Å
412 559 231 39 sistnämnda
673 557 131 48 anslag
832 555 66 36 har
926 556 125 45 någon
1079 548 238 48 utbetalning
1345 552 99 31 ännu
1474 544 33 48 ej
1539 543 109 36 skett.

354 823 96 36 1907
481 824 59 33 års
567 817 179 49 Riksdag,
776 828 80 25 som
886 813 176 39 anvisade
1090 810 122 38 medel
1237 807 55 37 till
1312 802 265 41 förvärfvande
1597 801 59 37 för
1675 799 142 49 Kungl.

222 875 127 49 Maj:ts
391 873 70 37 och
501 872 166 36 kronans
707 868 162 48 räkning
910 867 41 36 af
981 866 101 36 vissa
1110 859 177 40 särskildt
1316 856 154 49 angifna
1499 854 59 36 för
1586 858 141 32 statens
1756 865 63 22 an-

222 926 229 50 läggningar
488 923 63 37 vid
593 921 235 37 Trollhättan
870 917 244 48 erforderliga
1155 911 233 49 fastigheter,
1429 906 162 49 belägna
1632 906 12 35 i
1685 903 135 37 Västra

224 979 192 36 Tunhems
458 976 70 37 och
570 973 211 38 Gärdhems
822 971 160 37 socknar
1010 973 97 32 samt
1136 969 20 34 å
1183 961 262 47 Vänersborgs
1474 958 103 37 stads
1606 956 215 37 donations-

219 1031 100 49 jord,
362 1028 157 49 medgaf
556 1026 194 49 därjämte,
794 1030 53 30 att
886 1022 116 49 inköp
1032 1020 40 37 af
1098 1018 115 38 andra
1242 1012 231 50 fastigheter,
1503 1023 81 23 som
1614 1007 125 39 kunde
1767 1020 54 23 er-

225 1083 146 37 fordras
404 1081 59 37 för
494 1092 145 25 samma
672 1076 287 49 anläggningar,
988 1073 102 48 finge
1118 1070 41 37 af
1183 1067 143 48 Kungl.
1357 1063 105 49 Maj:t
1490 1062 168 37 beslutas
1686 1059 56 37 till
1771 1064 52 31 ett

226 1132 277 49 sammanlagdt
543 1131 137 49 belopp
722 1129 41 36 af
799 1128 97 36 intill
934 1125 164 47 300,000
1127 1123 155 41 kronor;
1312 1117 70 37 och
1408 1112 281 52 bemyndigade
1716 1110 108 37 Riks-

226 1188 124 48 dagen
386 1185 119 37 tillika
531 1181 366 50 riksgäldskontoret
925 1184 54 31 att
1006 1177 12 36 i
1047 1178 87 34 mån
1163 1173 41 37 af
1228 1170 118 38 behof
1370 1165 282 39 tillhandahålla
1681 1162 141 49 Kungl.

226 1239 107 48 Maj:t
362 1234 248 40 omförmälda
637 1233 148 49 belopp.

358 1290 17 36 I
416 1287 202 47 afräkning
659 1288 21 33 å
720 1285 45 36 de
801 1282 156 38 sålunda
987 1277 177 40 anvisade
1192 1275 148 37 medlen
1368 1273 66 35 har
1461 1268 363 49 riksgäldskontoret

229 1343 93 36 efter
361 1340 125 37 beslut
527 1338 41 37 af
597 1336 142 49 Kungl.
768 1335 119 49 Maj:t,
916 1332 134 38 hittills
1078 1329 56 38 till
1163 1326 184 51 styrelsen
1376 1324 57 35 för
1463 1320 207 37 Trollhätte
1699 1317 127 37 kanal-

230 1394 70 36 och
327 1391 223 39 vattenverk
576 1388 161 38 utbetalt
764 1386 167 50 följande
952 1384 160 48 belopp:

359 1445 55 37 till
455 1441 186 52 gäldande
682 1440 40 36 af
759 1436 303 53 köpeskillingen
1103 1434 59 35 för
1204 1432 71 35 168
1305 1435 44 30 st.

231 1498 118 37 aktier
383 1497 5 36 i
415 1495 183 37 Holmens
628 1488 434 53 tegelbruksaktiebolag
1076 1513 273 9 .........:e-e-----
1381 1480 137 35 kronor
1558 1471 19 58 —
1600 1475 148 47 84,000:
1766 1494 49 5 —

361 1548 55 38 till
445 1548 60 37 d:o
534 1546 41 37 af
600 1546 60 36 d:o
690 1544 58 37 för
780 1546 16 34 1
828 1541 141 38 mantal
998 1537 180 39 Slätthult
1201 1536 12 35 i
1233 1534 120 38 Gärd-
1768 1524 3 2 |

232 1603 106 36 hems
367 1600 138 38 socken
534 1598 84 37 med
647 1596 194 48 undantag
870 1594 40 36 af
933 1593 94 35 visst
1056 1588 288 38 område...
1429 1612 20 17 -
1602 1580 149 46 68,500:
1768 1598 49 4 —

364 1653 55 36 till
434 1650 196 49 betalning
645 1649 40 36 af
697 1646 252 38 kostnaderna
966 1644 58 36 för
1039 1641 95 38 båda
1150 1641 108 35 dessa
1273 1639 75 47 köp
1380 1635 22 68 —
1430 1663 21 18 »
1667 1632 84 34 807:
1774 1639 41 25 50

364 1704 56 38 till
446 1703 116 48 inköp
592 1701 41 37 af
657 1706 53 30 ett
737 1698 222 49 ingenjören
986 1694 45 36 E.
1061 1694 42 35 L.
1129 1691 132 37 Albert
1284 1690 71 35 till-

235 1758 126 48 hörigt
397 1753 252 51 jordområde,
690 1748 261 40 innehållande
986 1746 139 47 23,426
1154 1744 100 35 kvm.
1286 1741 67 35 och

235 1810 152 46 beläget
415 1805 103 38 invid
547 1800 382 53 egnahemskolonien
958 1795 241 39 Strömslund
1222 1824 131 6 ....
1438 1819 20 18 M
1633 1786 121 41 9,370:
1776 1793 42 26 40

365 1860 55 36 till
448 1857 196 48 betalning
671 1855 41 36 af
737 1851 250 39 kostnaderna
1016 1850 58 35 för
1102 1848 252 48 köpet...
1437 1871 21 18 33
1673 1839 82 34 120:
1778 1846 40 26 76

367 1911 54 37 till
458 1908 188 51 gäldande
676 1907 40 36 af
741 1920 45 22 en
816 1904 58 37 del
903 1903 41 36 af
968 1899 301 51 köpeskillingen
1302 1897 57 35 för

238 1966 60 35 det
329 1978 26 22 s.
387 1964 34 35 k.
453 1960 112 38 hotell
597 1959 172 37 Utsikten
800 1956 59 36 vid
889 1950 274 49 Trollhättan”)
1190 1981 47 5 =.
1254 1978 100 7 ee-.-.-
1439 1974 20 18 59
1584 1942 237 44 100,000:
1786 1937 37 57 —

1205 2009 152 36 Summa
1389 2008 137 34 kronor
1583 2004 173 36 262.798:
1780 2011 55 25 66.

1660 2031 7 19 3

329 2233 8 2 |
373 2248 27 39 ")
427 2230 187 46 Återstoden
645 2243 29 29 af
702 2241 247 40 köpeskillingen
981 2239 44 29 för
1053 2238 102 29 denna
1174 2233 150 38 fastighet
1347 2232 55 29 har
1425 2230 68 30 med
1521 2231 116 28 35,000
1661 2225 111 29 kronor
1796 2226 45 26 ut-

243 2296 68 36 gått
335 2292 29 29 af
387 2292 139 36 anslaget
549 2288 48 29 till
622 2287 189 38 anläggning
835 2284 29 29 af
887 2294 35 19 en
947 2281 199 31 kraftstation
1172 2278 53 30 vid
1248 2276 203 30 Trollhättan.

335 2345 69 31 Bih.
430 2344 48 30 till
529 2340 106 32 Riksd.
662 2338 87 33 Prot.
775 2337 93 32 1908.
916 2335 19 30 4
961 2334 99 31 Saml.
1111 2334 16 29 1
1153 2329 77 42 Afd.
1281 2332 13 28 1
1322 2325 90 42 Häöft.
1781 2332 17 15 5
