1874 2814
261 96 40 31 10
511 103 215 31 Sammansatt
751 108 91 28 stats-
867 110 54 27 och
947 111 243 31 bankoutskotts
1215 116 165 29 utlåtande
1403 118 44 27 Nr
1470 119 28 27 4.

260 172 229 45 begränsning
519 178 97 40 gälla.
648 179 119 43 Enligt
799 184 295 41 resereglementet
1126 189 97 40 utgår
1255 190 431 46 resekostnadsersättning
1719 198 38 29 så

261 227 94 28 snart
381 226 210 43 väglängden
619 231 187 42 överstiger
833 244 40 20 en
898 234 186 34 kilometer.
1124 238 80 32 Med
1232 240 239 34 bibehållande
1499 255 40 19 av
1567 245 53 30 för
1647 246 109 32 lands.

259 274 183 34 fiskalerna
469 289 47 20 nu
545 280 155 40 gällande
728 283 229 44 begränsning
985 287 170 43 föreslogo
1186 290 41 32 de
1258 292 218 42 sakkunniga,
1507 297 49 29 att
1586 296 93 41 dylik
1709 309 45 19 er-

259 327 152 41 sättning
427 328 72 32 icke
518 330 108 34 skulle
644 335 79 39 utgå
740 335 76 30 med
834 336 129 32 mindre
982 339 218 42 väglängden,
1221 342 170 33 beräknad
1410 347 43 38 på
1471 347 68 30 sätt
1557 346 11 31 i
1586 347 169 33 allmänna

258 378 297 41 resereglementet
583 384 86 40 sägs,
698 386 157 40 utgjorde
884 388 103 32 minst
1015 392 50 29 tre
1093 391 186 33 kilometer.
1320 394 319 36 Landsfiskalernas
1669 410 86 20 rese.

258 427 180 43 räkningar
457 431 111 32 skulle
589 435 222 33 underkastas
832 439 206 42 granskning
1059 452 39 20 av
1119 443 254 34 vederbörande
1394 446 203 43 landsfogde
1619 461 39 19 ur
1680 462 74 28 syn-

257 479 150 39 punkten
430 492 40 20 av
493 494 156 22 resornas
672 487 326 44 ändamålsenlighet
1023 492 61 31 och
1108 493 229 43 planmässiga
1360 498 227 32 anordnande.
1626 500 127 32 Tands-

259 528 286 36 fiskalsassistent
577 535 107 32 skulle
716 538 57 30 vid
806 550 74 20 resa
910 540 10 31 i
953 542 62 30 och
1049 543 52 30 för
1132 544 150 40 tjänsten
1314 548 61 40 äga
1407 549 152 40 uppbära
1590 551 164 32 resekost-

256 579 97 32 nads-
378 582 60 30 och
463 583 414 48 traktamentsersättning
901 592 107 31 under
1033 604 125 21 samma
1183 595 123 32 villkor
1331 609 71 20 som
1428 599 211 33 landsfiskal.
1677 602 76 31 Den

256 629 54 31 till
337 631 385 39 landsfiskalsassistent
749 641 166 39 utgående
942 643 457 46 traktamentsersättningen
1426 649 110 32 skulle
1563 651 85 32 dock
1675 652 78 32 fast-

257 681 118 32 ställas
400 682 52 31 till
478 695 59 21 sex
562 686 123 32 kronor
711 688 52 32 för
789 690 65 41 dag
879 692 60 31 och
966 693 73 40 fyra
1064 694 123 32 kronor
1215 697 53 31 för
1293 700 72 30 natt
1391 699 82 32 eller
1498 701 101 31 alltså
1624 702 52 31 till
1704 703 47 31 tio

254 730 124 33 kronor
405 734 53 31 för
486 735 100 42 dygn.

312 782 375 45 Departementschefen
712 792 108 37 yttrar
844 792 6 30 i
874 793 57 30 här
953 794 140 32 berörda
1119 797 94 40 fråga
1234 798 100 31 bland
1359 803 102 28 annat
1485 802 160 40 följande:

308 842 52 31 Då
378 843 56 42 jag
452 857 100 20 anser
571 848 40 31 de
632 860 38 19 av
691 850 40 31 de
752 851 209 42 sakkunniga
982 854 191 43 föreslagna
1194 858 394 44 traktamentsbeloppen
1609 863 139 41 skäliga,

253 885 114 31 finner
390 887 55 40 jag
468 889 232 42 övervägande
726 893 73 31 skäl
824 895 65 31 tala
915 897 52 30 för
992 900 49 28 att
1066 899 171 41 tillstyrka
1262 901 41 31 de
1329 902 228 42 sakkunnigas
1584 905 128 42 förslag
1738 907 11 30 i

253 927 95 41 fråga
375 941 53 19 om
456 930 220 35 landsfiskals
706 936 62 30 och
797 937 402 36 landsfiskalsassistents
1229 945 65 29 rätt
1325 945 51 30 till
1405 946 251 33 resekostnads-
1686 949 62 31 och

252 970 421 47 traktamentsersättning.
708 978 179 33 Huruvida
920 981 89 32 detta
1045 985 82 29 även
1159 985 62 31 bör
1254 987 85 39 gälla
1374 987 64 31 den
1472 989 192 42 föreslagna
1687 993 61 30 tre-

251 1012 480 48 kilometersbegränsningen,
765 1033 101 28 synes
897 1023 68 42 mig
997 1026 172 31 tveksamt.
1203 1028 52 31 De
1288 1029 207 43 sakkunniga
1531 1033 139 33 anförde
1694 1035 52 30 till

252 1056 79 31 stöd
364 1057 51 31 för
449 1058 203 40 densamma,
688 1065 49 29 att
773 1064 55 31 det
864 1066 9 30 i
908 1067 220 33 landsfiskals
1163 1070 307 43 tjänsteåliggande
1506 1074 103 32 bland
1645 1080 102 28 annat

250 1096 137 43 inginge
424 1102 48 29 att
509 1101 72 32 helt
617 1104 139 32 allmänt
794 1108 164 31 övervaka
995 1110 187 42 ordningen
1220 1113 91 31 inom
1350 1115 397 35 landsfiskalsdistriktet

251 1140 63 31 och
337 1144 49 29 att
411 1143 88 41 varje
523 1155 83 28 resa,
631 1157 72 21 som
725 1148 201 33 landsfiskal
950 1151 162 42 företoge,
1137 1157 43 37 på
1202 1155 87 32 visst
1312 1159 67 31 sätt
1401 1158 112 33 kunde
1537 1162 97 39 sägas
1657 1162 91 32 inne-

249 1182 81 32 bära
354 1196 40 19 en
419 1185 93 41 dylik
538 1188 235 43 övervakning.
810 1191 53 31 Då
887 1193 56 30 det
968 1194 72 31 icke
1065 1195 151 42 skäligen
1242 1198 113 32 kunde
1380 1201 98 40 göras
1505 1202 164 40 gällande,
1697 1206 49 29 att

249 1226 146 31 särskild
416 1230 190 40 ersättning
627 1231 104 33 borde
755 1235 80 39 utgå
856 1235 51 30 för
929 1236 93 39 dylik
1045 1238 213 42 förrättning,
1283 1252 53 19 om
1359 1242 64 31 den
1445 1243 87 32 hade
1556 1247 36 28 så
1614 1247 132 40 strängt

248 1267 91 32 lokal
360 1268 163 40 karaktär,
547 1275 49 28 att
617 1273 64 31 den
704 1285 40 19 av
766 1275 245 34 landsfiskalen
1035 1279 260 44 tillryggalagda
1317 1285 219 40 vägsträckan
1560 1287 71 32 icke
1655 1290 90 30 över-

248 1312 95 40 stege
360 1313 49 30 tre
424 1312 188 39 kilometer,
630 1315 111 33 kunde
760 1318 66 37 det,
844 1319 139 32 anförde
1002 1321 41 31 de
1061 1322 218 42 sakkunniga,
1299 1325 70 32 icke
1388 1329 103 39 gärna
1509 1329 67 31 låta
1595 1330 52 41 sig
1664 1333 79 39 göra

247 1355 50 29 att
318 1354 99 40 skilja
437 1356 124 31 mellan
583 1358 89 31 olika
692 1370 95 21 resor
809 1361 84 31 efter
914 1363 41 30 de
977 1364 163 39 ändamål,
1163 1366 54 31 för
1238 1368 90 31 vilka
1350 1369 39 31 de
1413 1370 187 42 företagits,
1624 1376 86 29 samt
1734 1375 10 30 i

247 1406 63 20 ena
334 1397 94 31 fallet
451 1398 77 41 giva
552 1400 431 46 resekostnadsersättning
1006 1418 75 19 men
1107 1408 9 30 i
1141 1409 105 31 andra
1272 1410 94 32 fallet
1391 1412 81 32 icke.
1510 1414 168 42 Beloppet
1704 1428 40 19 av

247 1438 66 31 den
333 1441 196 41 ersättning,
551 1453 72 20 som
642 1454 121 30 genom
783 1445 176 33 införande
981 1459 40 19 av
1041 1450 65 30 den
1126 1450 193 43 föreslagna
1339 1453 273 45 begränsningen
1634 1458 110 33 skulle

246 1481 224 34 undanhållas
495 1484 211 40 landsfiskal,
732 1488 214 33 förmenades
971 1490 92 33 bliva
1088 1492 248 41 jämförelsevis
1363 1497 199 43 obetydligt,
1589 1511 75 21 men
1691 1502 53 30 för

246 1523 58 31 det
323 1524 167 33 allmänna
510 1527 109 32 skulle
640 1529 151 32 däremot
811 1534 123 38 uppstå
953 1544 41 20 en
1014 1536 162 31 avsevärd
1195 1536 184 43 besparing
1398 1551 121 29 genom
1540 1544 49 29 att
1609 1544 134 40 gransk-

245 1566 127 41 ningen
402 1579 39 19 av
470 1571 49 29 ett
550 1572 86 29 stort
665 1573 91 30 antal
787 1573 189 43 säkerligen
1007 1577 71 30 ofta
1108 1578 346 36 svårkontrollerbara
1486 1585 257 42 reseräkningar

246 1607 170 34 bortfölle.
446 1610 52 32 De
517 1612 82 37 skäl,
619 1613 41 31 de
678 1615 211 41 sakkunniga
907 1618 144 32 sålunda
1068 1621 113 31 anfört
1199 1622 53 31 för
1270 1623 239 34 bibehållande
1529 1638 40 20 av
1588 1623 156 51 begräns-

245 1650 136 42 ningen,
406 1654 57 30 äro
488 1653 201 42 visserligen
713 1658 103 30 värda
841 1659 60 30 allt
924 1659 189 34 beaktande
1138 1674 75 20 men
1239 1675 102 30 synas
1366 1666 85 32 dock
1476 1668 72 32 icke
1573 1669 82 34 böra
1679 1671 65 31 till-

244 1694 108 31 mätas
377 1696 191 40 avgörande
594 1696 185 42 betydelse.
818 1700 67 31 Det
911 1704 52 29 må
990 1703 128 32 erinras
1145 1716 53 20 om
1226 1709 49 28 att
1302 1710 109 39 någon
1438 1710 304 34 trekilometersbe-

244 1737 186 41 gränsning
448 1738 72 32 icke
539 1739 106 41 gäller
663 1741 53 30 för
734 1753 95 20 resor
848 1744 52 30 för
918 1745 205 43 förrättning
1143 1748 106 42 enligt
1270 1750 243 43 förordningen
1534 1754 64 31 den
1620 1756 38 30 12
1678 1756 63 40 juli

245 1778 82 32 1878
350 1781 173 40 angående
548 1783 188 42 ersättning
760 1785 54 30 till
839 1786 300 44 förrättningsmän
1164 1791 54 31 för
1243 1793 190 42 utmätning
1458 1796 11 30 i
1495 1796 154 33 enskilda
1675 1799 63 30 mål

243 1823 88 29 samt
352 1822 52 30 till
425 1824 268 41 stämningsmän
715 1838 41 19 m.
780 1839 51 26 m.,
854 1830 111 31 varför
987 1831 220 33 landsfiskals
1231 1836 66 30 rätt
1320 1836 52 30 till
1395 1840 266 41 reseersättning
1683 1841 57 31 vid

243 1863 116 41 dylika
386 1865 245 43 förrättningar
658 1868 109 33 skulle
797 1870 158 34 beskäras
985 1884 63 27 om,
1078 1877 111 29 såsom
1218 1878 36 29 är
1283 1878 162 39 avsikten,
1476 1880 264 44 förordningens

243 1904 255 35 bestämmelser
518 1919 54 21 om
592 1913 267 41 reseersättning
879 1917 142 30 ersättas
1043 1928 40 19 av
1104 1928 39 20 en
1165 1918 205 44 hänvisning
1391 1922 53 31 till
1465 1923 170 33 allmänna
1655 1937 85 20 rese-

242 1948 238 41 reglementets
495 1950 257 35 bestämmelser
767 1956 61 30 och
844 1956 52 31 för
910 1958 284 34 landsfiskalerna
1209 1962 138 32 särskilt
1363 1964 150 32 utfärdat
1528 1966 212 43 besparings-

240 1991 214 41 reglemente.
491 1993 122 43 Någon
638 1996 185 43 anledning
847 2001 48 29 att
919 2002 42 39 på
986 2001 93 31 detta
1104 2004 67 30 sätt
1195 2005 133 31 minska
1354 2009 348 41 reseersättningarna
1728 2011 11 31 i

241 2033 351 35 exekutionsärenden
612 2049 99 28 synes
731 2040 73 32 icke
824 2041 171 43 föreligga.
1027 2043 80 33 Med
1126 2045 132 42 hänsyn
1277 2047 115 32 härtill
1412 2050 62 31 och
1496 2051 42 31 då
1557 2052 183 42 tillräcklig

240 2076 185 42 anledning
445 2078 30 41 ej
497 2080 97 31 torde
615 2081 165 42 föreligga
801 2086 48 28 att
869 2084 11 30 i
900 2085 110 41 övrigt
1030 2086 171 34 bibehålla
1222 2090 312 34 särbestämmelser
1556 2094 53 31 för
1630 2095 109 32 lands.

241 2118 192 39 fiskalerna,
458 2132 100 21 anser
580 2122 64 42 jag,
668 2126 49 29 att
741 2125 66 31 den
831 2127 10 29 i
865 2127 167 33 allmänna
1057 2131 296 41 resereglementet
1378 2134 212 33 föreskrivna
1614 2137 124 32 enkilo-

241 2162 399 44 metersbegränsningen
673 2166 62 31 bör
767 2168 89 40 gälla
886 2171 84 30 även
1003 2171 11 30 i
1047 2172 93 41 fråga
1162 2184 53 20 om
1238 2174 286 35 landsfiskalerna
1546 2179 61 31 och
1630 2179 110 32 lands-

240 2203 377 35 fiskalsassistenterna.
648 2208 18 30 I
685 2210 49 30 ett
753 2214 102 28 annat
874 2211 193 34 hänseende
1089 2214 62 32 bör
1170 2217 190 32 emellertid
1379 2221 48 29 ett
1447 2220 173 42 undantag
1639 2224 99 39 göras

239 2245 77 32 från
340 2247 169 33 allmänna
532 2251 315 41 resereglementets
872 2253 263 35 bestämmelser.
1171 2258 119 42 Enligt
1316 2261 37 30 16
1377 2260 20 41 8
1421 2261 11 31 i
1457 2263 221 40 reglementet
1702 2267 36 29 är

239 2288 312 43 förrättningsman,
576 2303 72 20 som
672 2295 36 29 är
731 2294 115 32 bosatt
870 2298 92 30 utom
986 2298 61 31 sitt
1071 2299 393 43 tjänstgöringsområde,
1491 2305 30 41 ej
1546 2305 191 43 berättigad

238 2330 55 31 till
313 2333 189 41 ersättning
520 2334 54 31 för
594 2335 73 31 färd
686 2336 124 32 mellan
830 2337 165 33 bostaden
1016 2341 62 30 och
1100 2341 419 44 tjänstgöringsområdets
1539 2350 109 39 gräns.
1669 2350 68 31 Det

239 2373 98 32 torde
359 2375 188 32 emellertid
570 2377 9 30 i
603 2389 41 19 en
665 2378 54 31 del
742 2379 61 31 fall
825 2379 156 34 befinnas
1003 2383 149 40 påkallat
1173 2386 49 30 att
1245 2386 195 40 föreskriva,
1463 2391 49 29 att
1534 2391 201 32 landsfiskal

239 2414 87 33 skall
349 2427 77 21 vara
447 2418 117 32 bosatt
585 2420 137 32 utanför
744 2422 62 31 sitt
828 2423 145 32 distrikt.
1007 2425 54 31 Då
1083 2426 99 33 dessa
1204 2428 215 34 föreskrifter
1440 2431 103 41 givits
1566 2433 11 31 i
1601 2434 56 32 det
1680 2435 57 31 all-
