2186 2626
701 156 247 30 Statsutskottets
974 157 161 30 utlåtande
1161 158 49 30 Nr
1240 159 66 30 171.
1718 162 35 28 15

325 229 21 47 i)
377 231 57 34 för
463 230 240 37 bestridande
732 246 47 21 av
795 233 543 49 skeppsmätningskostnader
1355 239 123 33 såsom
1497 238 299 46 förslagsanslag

194 285 52 30 ett
276 280 135 49 belopp
441 294 44 23 av
517 284 138 44 32,200
686 283 152 41 kronor;

323 334 73 34 dels
443 336 61 33 ock
544 334 111 35 bland
699 335 45 35 de
790 341 102 30 extra
923 337 179 48 anslagen
1130 338 55 35 till
1215 339 167 46 tillfällig
1412 340 319 49 löneförbättring
1760 345 34 33 åt

196 383 315 48 lärarpersonalen
544 385 61 35 vid
636 386 421 47 navigationsskolorna
1089 392 120 32 såsom
1246 391 303 46 förslagsanslag
1577 397 52 31 ott
1656 392 135 50 belopp

193 448 47 21 av
270 436 137 41 35.000
438 435 150 36 kronor.

325 486 134 36 Vidare
500 487 68 35 har
604 488 141 48 Kungl.
787 489 106 47 Maj:t
935 491 10 34 i
976 492 72 35 den
1078 493 119 46 sagda
1225 492 76 47 dag
1331 494 153 35 avlåtna
1512 495 279 48 propositionen

193 536 83 35 med
306 537 140 48 förslag
478 538 52 35 till
562 539 235 47 tilläggsstat
825 541 58 34 för
913 544 40 32 år
986 544 96 33 1918
1113 548 58 29 (nr
1200 543 34 47 2)
1265 544 119 35 under
1412 546 121 46 punkt
1554 549 20 32 2
1598 559 44 22 av
1659 547 134 47 sjunde

191 587 239 37 huvudtiteln
460 590 197 47 föreslagit
687 590 203 49 riksdagen
922 597 54 31 att
1019 593 54 35 till
1108 595 260 47 förstärkning
1398 609 44 22 av
1473 597 321 36 arbetskrafterna

192 638 57 35 för
294 640 189 35 utövande
530 653 46 22 av
619 641 72 35 den
725 642 121 36 lokala
876 644 178 48 tillsynen
1084 650 88 30 över
1200 646 147 48 fartygs
1377 648 262 48 sjövärdighet
1668 652 20 32 å
1717 649 73 35 till-

191 690 190 48 läggsstat
410 691 57 35 för
496 694 41 33 år
568 694 96 34 1918
695 693 163 36 beräkna
887 700 53 30 ett
969 696 312 48 förslagsanslag,
1319 698 123 47 högst,
1477 701 135 44 10,000
1643 699 147 37 kronor.

320 742 220 37 Sedermera
587 744 66 36 har
698 745 143 48 Kungl.
878 746 107 48 Maj:t
1014 747 11 36 i
1055 761 43 22 en
1129 749 56 35 till
1213 749 204 48 riksdagen
1448 751 163 47 avlåten,
1641 752 72 36 den
1743 755 46 33 26

191 792 94 49 april
316 796 96 34 1918
443 794 238 49 dagtecknad
712 798 235 47 proposition
978 799 59 47 (nr
1065 801 100 47 400),
1209 800 126 36 vilken
1371 802 194 36 hänvisats
1595 804 56 35 till
1680 808 111 32 stats-

190 844 200 37 utskottets
421 846 274 37 förberedande
726 849 243 48 behandling,
1000 851 119 36 under
1161 852 239 49 åberopande
1430 868 46 21 av
1505 855 283 48 propositionen

188 895 121 48 bilagt
337 897 138 48 utdrag
505 911 45 22 av
579 900 419 48 statsrådsprotokollet
1028 908 89 30 över
1145 904 289 36 finansärenden
1465 906 58 35 för
1544 919 142 23 samma
1702 907 85 47 dag,

187 947 96 47 givit
312 947 205 49 riksdagen
548 950 194 42 tillkänna,

316 1005 53 30 att
412 1000 72 36 den
522 1001 11 35 i
568 1003 494 48 statsverkspropositionen
1117 1005 191 36 bebådade
1356 1008 328 50 framställningen
1731 1011 56 34 till

185 1050 205 49 riksdagen
437 1053 196 47 angående
671 1055 325 47 omorganisation
1026 1069 46 22 av
1100 1057 397 50 kommerskollegium
1536 1073 46 23 m.
1613 1075 47 21 m.
1705 1062 81 36 icke

186 1101 168 49 kommer
395 1108 56 31 att
483 1104 217 49 föreläggas
746 1106 205 49 riksdagen
981 1113 96 30 samt
1106 1109 101 48 förty
1238 1131 42 3 —
1312 1110 12 35 i
1353 1111 127 36 stället
1509 1112 58 35 för
1594 1112 46 36 de
1668 1113 119 36 under

185 1155 263 36 ovannämnda
483 1156 121 48 punkt
633 1157 11 35 i
673 1158 493 49 statsverkspropositionen
1195 1160 214 38 beräknade
1440 1163 132 49 anslag
1678 1165 106 36 äskat

185 1205 120 36 medel
333 1220 46 29 av
411 1207 202 49 riksdagen
643 1208 57 36 för
728 1210 329 48 upprätthållande
1085 1212 118 36 under
1231 1215 40 33 år
1303 1215 96 35 1919
1429 1228 48 22 av
1499 1216 286 37 verksamheten

184 1257 62 35 vid
292 1258 396 50 kommerskollegium
733 1262 69 35 och
844 1261 45 36 de
932 1276 45 21 av
1019 1263 118 48 sagda
1172 1264 259 38 ämbetsverks
1461 1268 323 48 omorganisation

184 1308 157 37 berörda
384 1310 257 38 institutioner
679 1313 69 36 och
791 1313 107 36 kårer
940 1314 120 36 under
1087 1315 10 35 i
1125 1315 200 37 huvudsak
1364 1331 144 23 samma
1538 1319 137 37 former
1703 1333 79 23 som

183 1359 44 36 de
256 1360 57 36 för
341 1361 253 38 innevarande
623 1366 39 33 år
690 1364 186 48 gällande.

311 1412 57 36 Då
413 1414 185 36 utskottet
645 1428 50 22 nu
737 1418 68 46 går
838 1421 55 31 att
925 1423 101 42 yttra
1055 1418 60 47 sig
1144 1423 88 31 över
1259 1420 142 48 Kungl.
1433 1421 126 48 Maj:ts
1589 1423 192 36 framställ-

182 1463 105 48 ning,
318 1464 208 37 behandlar
553 1466 187 37 utskottet
769 1467 44 36 de
841 1468 185 36 särskilda
1069 1470 182 47 anslagen
1280 1471 11 35 i
1321 1472 71 35 den
1422 1473 176 49 ordning,
1627 1474 79 36 vari
1736 1476 44 35 de

184 1519 64 31 äro
277 1516 11 35 i
318 1517 283 48 propositionen
629 1524 208 44 upptagna.

760 1732 464 48 Kommerskollegium.

311 1843 71 49 1:0)
411 1844 16 35 I
456 1845 122 49 punkt
609 1848 17 33 1
659 1860 45 22 av
732 1848 245 37 förevarande
1006 1850 234 48 proposition
1269 1852 67 35 har
1369 1852 139 49 Kungl.
1544 1853 106 48 Maj:t
1683 1856 95 34 före-

179 1894 113 48 slagit
319 1895 207 50 riksdagen
555 1903 54 31 att
638 1898 57 36 för
723 1902 41 33 år
794 1901 96 35 1919
920 1907 171 43 upptaga
1119 1902 61 36 det
1207 1902 188 37 ordinarie
1412 1905 175 48 anslaget
1602 1905 55 36 till
1673 1906 104 36 kom-

178 1946 306 49 merskollegium
515 1949 84 36 med
629 1950 218 37 oförändrat
875 1952 149 49 belopp,
1057 1955 161 46 144,165
1248 1954 148 37 kronor.

307 2051 193 37 Utskottet
528 2053 228 47 hemställer,

707 2145 54 31 att
802 2141 207 49 riksdagen
1039 2146 60 33 må
1127 2144 58 36 för
1226 2147 39 33 år
1300 2147 96 35 1919
1426 2152 169 43 upptaga
1624 2147 63 37 det
1716 2161 57 23 or-

577 2191 142 38 dinarie
748 2194 170 49 anslaget
946 2194 56 36 till
1028 2195 397 50 kommerskollegium
1451 2198 83 36 med
1555 2199 218 38 oförändrat

576 2243 149 50 belopp,
759 2246 159 46 144,165
949 2246 147 37 kronor.

1832 1861 143 25 Kommers-

1826 1896 145 31 kollegium.

1869 1933 3 7 fa
