1874 2792
271 158 39 30 24
718 163 273 31 Statsutskottets
1011 164 174 31 utlåtande
1205 175 41 20 nr
1266 165 69 30 108.

940 444 61 40 Nr
1029 444 85 40 108.

500 542 184 31 Utlåtande
704 544 11 29 i
734 543 188 40 anledning
940 554 43 21 av
1001 544 126 40 Kungl.
1146 545 127 39 Maj:ts
1291 546 217 39 proposition
1530 547 178 39 angående
1729 548 50 37 yt-

721 594 157 39 terligare
913 595 144 39 utgifter
1085 595 19 30 å
1137 595 207 40 tilläggsstat
1374 596 33 29 II
1439 596 53 30 till
1512 597 190 29 riksstaten
1724 598 56 38 för

721 644 202 39 budgetåret
948 645 160 37 1948/49,
1133 646 11 29 i
1169 646 67 29 vad
1256 647 262 38 propositionen
1543 656 101 21 avser
1670 647 109 30 eckle-

719 695 419 39 siastikdepartementets
1163 696 393 31 verksamhetsområde.

1541 756 75 33 (2:a
1635 756 94 33 avd.)

846 905 355 52 Driftbudgeten.

797 1010 174 34 Attonde
996 1011 263 33 huvudtiteln.

322 1092 73 34 1:0)
422 1093 126 36 Bidrag
568 1094 53 29 till
645 1095 196 35 reparation
864 1104 43 20 av
931 1096 161 30 Västerås
1116 1096 204 35 domkyrka.
1344 1096 13 29 I
1382 1096 148 38 enlighet
1554 1097 78 30 med
1656 1097 123 37 Kungl.

278 1142 119 37 Maj:ts
415 1143 12 29 i
444 1144 261 37 propositionen
722 1154 42 20 nr
783 1146 56 29 125
861 1146 131 37 (bilaga
1009 1146 28 34 6,
1055 1146 111 37 punkt
1185 1147 27 34 1,
1231 1156 25 20 s.
1275 1146 38 30 33
1332 1147 65 29 och
1415 1146 40 30 34
1472 1156 42 20 av
1533 1147 106 37 bilagt
1656 1147 123 37 utdrag

276 1202 42 21 av
333 1194 382 40 statsrådsprotokollet
730 1197 80 29 över
826 1197 378 30 ecklesiastikärenden
1221 1198 56 29 för
1292 1198 66 29 den
1377 1197 40 30 18
1433 1207 95 20 mars
1546 1197 100 35 1949)
1671 1198 106 29 fram-

277 1243 97 37 lagda
396 1244 131 38 förslag
547 1245 202 30 hemställer
771 1247 180 33 utskottet,

628 1331 50 28 att
696 1330 187 39 riksdagen
901 1331 59 30 må
982 1331 113 30 såsom
1115 1331 130 40 Bidrag
1264 1331 52 30 till
1333 1332 199 40 reparation
1551 1341 42 21 av
1615 1332 162 30 Västerås

584 1379 197 39 domkyrka
798 1380 20 30 å
833 1381 210 39 tilläggsstat
1058 1381 29 29 II
1103 1381 53 30 till
1173 1381 189 30 riksstaten
1378 1383 57 29 för
1450 1382 203 39 budgetåret
1672 1382 105 35 1948/

584 1429 41 30 49
650 1430 122 30 anvisa
795 1432 47 28 ett
864 1431 357 39 reservationsanslag
1243 1441 41 20 av
1306 1431 20 30 4
1340 1432 63 30 700
1424 1433 141 29 kronor.

319 1562 74 34 2:0)
415 1563 117 30 Lunds
550 1564 216 30 universitet:
787 1565 263 30 Omkostnader.
1071 1565 12 28 I
1103 1565 151 38 enlighet
1271 1566 76 30 med
1365 1566 123 37 Kungl.
1508 1566 119 37 Maj:ts
1649 1567 130 37 förslag

282 1612 128 40 (punkt
428 1614 29 34 2,
478 1624 25 20 s.
523 1614 41 30 34
582 1615 65 29 och
667 1615 58 34 35)
751 1615 201 30 hemställer
970 1616 180 34 utskottet,

629 1701 51 28 att
708 1700 186 39 riksdagen
922 1702 59 29 må
1008 1701 168 38 medgiva,
1207 1703 50 27 att
1285 1711 41 20 av
1353 1701 387 40 departementschefen
1767 1702 9 28 i

585 1750 383 40 statsrådsprotokollet
1005 1753 80 29 över
1123 1752 380 30 ecklesiastikärenden
1539 1752 54 30 för
1631 1753 68 29 den
1739 1752 38 29 18

583 1809 95 21 mars
705 1801 83 30 1949
813 1801 147 39 angiven
984 1802 227 30 merkostnad
1236 1803 54 29 för
1312 1803 94 30 vissa
1428 1803 349 38 inredningsarbeten

582 1850 55 29 för
659 1851 68 29 den
749 1851 217 39 prekliniska
987 1852 432 39 tandläkarutbildningen
1440 1862 46 20 m.
1508 1862 45 20 m.
1576 1853 58 29 må
1655 1853 122 29 bestri-

582 1900 63 30 das
667 1900 81 30 från
771 1901 56 30 det
848 1901 55 30 för
923 1902 204 39 budgetåret
1151 1902 150 36 1948/49
1322 1903 165 30 anvisade
1510 1903 267 39 förslagsansla-

584 1952 54 37 get
671 1951 54 29 till
755 1951 119 30 Lunds
907 1952 219 30 universitet:
1154 1952 258 31 Omkostnader
1433 1953 80 29 med
1534 1953 100 39 högst
1658 1953 41 29 35
1715 1953 62 29 000

581 2001 142 30 kronor.

319 2133 74 34 3:0)
420 2134 205 36 Utrustning
650 2144 43 20 av
718 2144 43 20 en
785 2135 407 35 undertryckskammare
1217 2146 43 19 m.
1285 2146 42 20 m.
1351 2137 58 29 vid
1434 2137 223 29 akademiska
1681 2137 96 35 sjuk-

274 2184 99 29 huset
395 2180 12 34 i
429 2184 161 36 Uppsala.
613 2185 125 37 Kungl.
761 2185 102 37 Maj:t
883 2185 64 30 har
975 2186 125 37 (punkt
1124 2186 29 34 3,
1177 2196 26 20 s.
1226 2186 137 35 35—38)
1390 2187 178 37 föreslagit
1592 2187 184 37 riksdagen

273 2236 50 28 att
341 2235 52 29 till
415 2235 268 39 ifrågavarande
704 2237 162 29 ändamål
888 2237 20 30 å
927 2237 209 39 tilläggsstat
1158 2238 30 29 II
1208 2237 53 30 till
1283 2238 190 29 riksstaten
1494 2238 55 29 för
1570 2236 204 40 budgetåret

275 2284 149 37 1948/49
445 2285 121 30 anvisa
586 2287 48 28 ett
655 2287 358 40 reservationsanslag
1035 2297 41 20 av
1099 2287 41 30 80
1155 2287 64 30 500
1242 2288 139 29 kronor.

315 2384 67 30 För
414 2385 204 40 budgetåret
655 2385 149 37 1946/47
840 2387 165 30 anvisade
1038 2387 188 39 riksdagen
1259 2389 48 28 ett
1343 2388 358 39 reservationsanslag
1734 2397 42 20 av

273 2433 63 31 390
350 2435 62 30 000
434 2436 131 29 kronor
588 2436 53 29 till
662 2436 271 39 flygmedicinsk
958 2437 194 39 forskning.
1187 2438 52 30 Av
1259 2438 95 30 detta
1377 2438 123 39 anslag
1521 2438 104 39 avsåg
1647 2440 49 28 ett
1720 2438 55 29 be-
