1882 2802
431 173 118 30 Andra
573 173 247 39 lagutskottets
844 173 180 31 utlåtande
1047 183 42 20 nr
1114 174 36 29 11
1175 173 40 30 år
1239 174 84 29 1959
1612 174 18 28 5

826 258 39 30 16
893 257 29 38 8.

170 317 165 39 Erlägges
358 316 75 30 icke
456 316 357 40 krigspremiebelopp
837 316 96 30 inom
957 325 42 21 en
1022 316 129 30 månad
1175 316 81 29 från
1282 315 266 40 förfallodagen,
1574 314 57 31 må

125 359 109 39 enligt
247 359 42 29 de
303 360 162 29 närmare
479 358 264 30 bestämmelser
758 359 196 39 Konungen
969 358 177 31 meddelar
1163 358 381 39 försäkringsgivarens
1560 357 71 31 för-

127 401 179 39 pliktelser
326 401 179 29 nedsättas
524 401 112 29 under
655 400 265 40 förutsättning,

173 444 27 28 1.
219 444 49 28 att
284 443 107 29 minst
406 452 42 20 en
463 442 128 31 månad
607 443 156 30 förflutit
778 442 79 31 från
873 443 58 29 det
947 442 363 40 försäkringsgivaren
1327 442 52 30 till
1395 441 235 40 försäkrings-

127 487 143 37 tagaren
287 486 123 29 avsänt
425 485 229 29 meddelande
672 495 57 20 om
744 485 176 39 premiens
937 485 124 39 belopp
1078 485 65 30 och
1160 484 212 40 förfallodag
1390 486 91 28 samt
1498 493 56 20 om
1571 483 60 40 på-

126 527 136 39 följden
282 537 41 20 av
343 527 207 30 underlåten
569 526 190 40 betalning,
781 527 89 30 dock
891 529 51 28 att
962 527 239 34 meddelande,
1225 535 74 22 som
1321 527 141 30 avsänts
1484 526 147 39 tidigare

126 570 46 29 än
190 578 42 20 en
250 569 128 30 månad
396 569 75 30 före
489 569 267 39 förfallodagen,
775 569 31 39 ej
829 569 59 30 må
905 569 179 40 åberopas,
1104 572 92 28 samt

171 611 29 29 2.
227 612 51 28 att
303 611 364 39 försäkringsgivaren
693 612 52 29 till
772 611 365 39 försäkringstagaren
1164 611 122 30 avlåtit
1313 610 238 34 meddelande,
1580 611 51 29 att

127 653 70 29 han
214 653 44 39 på
277 654 112 38 grund
407 663 42 20 av
466 653 207 39 dröjsmålet
691 654 61 38 gör
768 654 115 28 rätten
901 653 53 29 till
972 653 226 39 nedsättning
1217 653 169 39 gällande,
1406 653 79 29 med
1505 653 127 29 under-

127 696 141 29 rättelse
285 695 113 30 tillika
417 704 56 20 om
491 695 173 30 villkoren
680 695 56 30 för
753 694 384 40 försäkringstagarens
1156 695 213 30 återinträde
1388 695 9 29 i
1416 694 76 30 sina
1511 694 120 39 rättig-

128 737 96 29 heter
243 737 106 39 enligt
367 737 138 30 avtalet.

171 779 393 39 Försäkringsgivarens
590 779 238 40 förpliktelser
852 778 59 31 må
935 787 104 22 anses
1064 779 162 31 nedsatta
1252 778 79 30 från
1357 779 111 39 dagen
1493 778 55 30 för
1573 778 58 29 det

127 821 221 30 sistnämnda
367 821 263 30 meddelandets
654 821 195 30 avlåtande.

825 914 38 30 17
892 913 28 38 8.

171 972 150 39 Oguldet
340 971 368 41 krigspremiebelopp,
731 981 75 20 som
826 972 366 39 försäkringsgivaren
1212 971 77 30 icke
1310 972 71 29 kan
1403 972 229 39 tillgodogöra

126 1014 53 39 sig
194 1014 58 30 vid
271 1014 219 39 utbetalning
506 1014 44 40 på
567 1014 115 39 grund
699 1023 42 21 av
759 1014 246 39 försäkringen
1022 1014 84 30 eller
1124 1022 124 32 genom
1267 1013 264 40 försäkringens
1550 1014 82 29 ned-

128 1055 166 40 sättning,
311 1056 57 30 må
385 1056 30 39 ej
435 1058 150 37 uttagas.

649 1190 177 31 Särskilda
846 1189 258 32 bestämmelser

829 1266 40 30 18
896 1265 28 38 8.

172 1325 195 39 Konungen
383 1326 81 38 äger
478 1325 121 29 utöver
614 1324 67 31 vad
697 1333 89 22 ovan
802 1325 79 39 sägs
896 1324 159 40 medgiva
1071 1325 175 30 avvikelse
1263 1325 79 30 från
1357 1326 67 29 vad
1439 1325 11 29 i
1466 1325 106 30 3—17
1592 1324 38 38 $$

127 1367 142 39 stadgas
286 1367 222 30 beträffande

175 1409 26 29 1.
228 1408 259 39 livförsäkring,
506 1417 73 21 som
599 1408 194 30 meddelats
811 1418 43 20 av
870 1408 141 34 anstalt,
1029 1418 79 20 vars
1126 1409 130 29 rörelse
1273 1411 11 29 i
1301 1409 187 30 huvudsak
1505 1408 127 31 omfat-

126 1453 54 27 tar
199 1450 520 39 tjänstepensionsförsäkring;

172 1493 29 29 2.
227 1492 365 39 korttidsförsäkring,
608 1492 203 39 försäkring
826 1492 79 30 med
921 1492 154 39 naturlig
1089 1492 132 39 premie
1237 1492 83 31 eller
1336 1492 200 40 försäkring
1552 1493 79 29 med

127 1534 94 39 lägre
241 1534 130 39 premie
392 1534 112 29 under
523 1534 70 30 viss
614 1534 62 35 tid,
697 1534 118 30 vilken
836 1534 58 30 vid
915 1533 313 40 krigstillståndets
1250 1534 209 30 inträdande
1480 1535 95 29 ännu
1598 1534 30 39 ej

125 1576 74 39 gått
220 1576 52 29 till
295 1577 105 34 ända;

171 1618 29 30 3.
227 1618 374 40 grupplivförsäkring,
619 1627 76 20 som
713 1618 193 30 meddelats
924 1617 107 40 enligt
1049 1618 174 30 särskilda
1242 1618 166 39 grunder;

171 1660 30 29 4.
228 1660 258 39 livförsäkring,
505 1660 224 30 beträffande
747 1660 117 30 vilken
883 1660 269 39 ansvarigheten
1171 1660 204 39 begränsats
1395 1660 44 40 på
1458 1661 112 39 grund
1588 1670 45 20 av

124 1703 51 27 att
195 1701 357 40 premiebetalningen
573 1702 173 29 avbrutits
765 1702 12 29 i
797 1701 108 30 förtid
933 1701 184 36 (fribrev);

170 1744 29 29 3.
226 1753 118 20 annan
367 1743 261 40 livförsäkring,
651 1744 118 29 vilken
793 1744 57 29 vid
875 1743 312 40 krigstillståndets
1211 1744 209 30 inträdande
1445 1744 75 30 icke
1544 1745 89 29 varit

122 1786 11 29 i
150 1786 97 30 kraft
265 1786 70 30 fem
354 1787 53 34 år;
427 1788 92 28 samt

172 1829 29 29 6.
227 1828 429 40 invaliditetsförsäkring.

830 1920 38 29 19
897 1919 15 37 8

172 1970 71 29 Har
265 1969 249 40 livförsäkring
535 1969 55 30 för
611 1970 153 29 dödsfall
786 1970 83 30 eller
891 1970 56 29 för
969 1970 129 30 livsfall
1121 1971 193 29 meddelats
1337 1971 10 29 i
1369 1971 162 39 förening
1552 1972 78 29 med

127 2011 427 39 invaliditetsförsäkring,
576 2013 80 38 äger
677 2012 195 39 Konungen
893 2012 204 34 föreskriva,
1118 2014 51 28 att
1189 2012 289 40 försäkringarna
1498 2013 57 30 vid
1576 2013 57 30 be-

128 2054 219 30 stämmande
362 2063 42 20 av
418 2053 383 39 försäkringsgivarens
816 2054 150 29 tillskott
983 2054 50 30 till
1050 2055 172 29 täckande
1237 2064 43 21 av
1293 2055 233 30 överkostnad
1542 2057 91 28 samt

128 2095 57 30 vid
201 2095 225 39 nedsättning
440 2096 107 38 enligt
565 2096 36 28 11
620 2096 84 29 eller
723 2096 37 29 16
779 2095 15 37 8
813 2096 100 29 skola
927 2097 180 29 betraktas
1124 2096 115 30 såsom
1256 2106 42 20 en
1315 2098 89 29 enda
1420 2097 212 39 försäkring.

173 2137 71 29 Har
260 2137 463 39 invaliditetsförsäkringen
739 2138 192 29 meddelats
948 2147 42 21 av
1005 2147 117 20 annan
1139 2138 338 40 försäkringsgivare
1493 2140 45 29 än
1554 2139 78 34 den,

128 2179 64 29 hos
208 2179 116 29 vilken
341 2179 294 38 livförsäkringen
655 2179 114 39 tagits,
786 2179 57 30 må
859 2187 123 32 genom
1001 2180 91 29 avtal
1109 2180 129 29 mellan
1256 2180 376 39 försäkringsgivarna,

127 2220 107 29 vilket
262 2221 202 37 godkännes
492 2230 41 20 av
559 2221 480 39 försäkringsinspektionen,
1068 2222 213 29 bestämmas
1310 2224 50 28 att
1389 2223 64 28 vad
1482 2223 10 28 i
1521 2223 110 29 första

129 2262 136 38 stycket
283 2263 37 28 är
340 2262 137 38 stadgat
496 2262 89 29 skall
605 2262 90 38 gälla
714 2262 10 29 i
744 2263 97 37 fråga
862 2272 56 20 om
938 2263 300 37 försäkringarna.

828 2354 41 29 20
897 2353 27 36 8.

173 2402 51 29 Då
245 2402 337 39 försäkringsgivare
600 2403 65 29 har
684 2404 51 28 alt
755 2404 115 29 lämna
892 2403 150 30 tillskott
1063 2404 50 29 till
1136 2404 170 29 täckande
1325 2413 43 21 av
1388 2405 244 34 överkostnad,

129 2444 109 33 skola,
262 2444 61 30 där
345 2444 29 39 cj
400 2445 194 37 Konungen
617 2445 223 29 annorlunda
863 2445 196 34 förordnar,
1083 2446 311 30 överskottsmedel
1419 2448 96 37 tagas
1539 2447 10 28 i
1574 2456 60 20 an-

129 2485 108 40 språk
253 2486 74 29 före
343 2486 200 30 fondmedel
560 2488 91 28 samt
668 2486 225 31 fondmedlen
910 2487 149 39 frigöras
1079 2487 9 29 i
1104 2488 66 28 den
1187 2487 159 39 ordning,
1364 2497 73 20 som
1456 2488 105 39 gäller
1579 2488 50 30 för

129 2528 173 30 täckande
319 2538 41 20 av
375 2528 137 30 förlust.
