2207 2669
197 860 139 24 Kammar-

224 897 91 24 rätten.

439 141 41 32 30
896 145 250 33 Statsutskottets
1176 146 166 33 Utlåtande
1365 147 61 33 N:o
1449 148 73 32 165.

394 222 219 50 utredning.
666 223 77 37 Det
783 229 131 44 syntes
956 224 128 37 därför
1124 224 228 39 kommittén
1393 228 85 37 med
1520 228 145 38 visshet
1692 228 129 39 kunna
1848 234 142 47 påstås,

395 280 55 32 att
491 276 325 38 rättssäkerheten
858 277 33 50 ej
936 277 126 37 kunde
1091 277 12 36 i
1131 280 128 47 någon
1300 283 87 33 mån
1420 281 153 37 komma
1602 287 55 32 att
1684 282 76 38 lida
1788 283 118 50 däraf,
1936 291 56 31 att

393 328 60 38 för
471 328 168 51 fullföljd
659 330 41 37 af
715 330 104 37 talan
839 335 79 33 mot
936 330 463 50 pröfningsnämndernas
1415 333 125 39 beslut
1554 335 123 37 skulle
1692 336 122 38 finnas
1830 337 97 38 blott
1942 352 49 23 en

392 381 157 38 instans.
604 382 67 37 Att
698 383 300 37 kammarrätten
1016 383 13 43 i
1048 383 59 37 sin
1128 385 193 50 egenskap
1343 386 41 37 af
1400 399 47 25 en
1466 387 59 37 för
1544 388 87 37 hela
1649 389 100 37 riket
1767 403 223 36 gemensam

392 433 273 39 öfverdomstol
706 436 85 37 med
832 436 155 37 relativt
1028 435 231 50 begränsadt
1300 438 302 40 ämbetsområde
1642 455 91 24 vore
1773 443 63 36 väl
1864 444 125 49 ägnad

393 492 55 31 att
475 487 93 49 fylla
594 489 204 49 uppgiften
827 494 56 32 att
910 503 91 23 vara
1029 489 93 37 sista
1154 490 146 37 instans
1327 491 13 37 i
1367 493 277 50 taxeringsmål
1670 494 118 38 borde
1809 496 180 50 slutligen

392 539 38 37 få
460 553 107 24 anses
596 541 96 37 visst
733 542 73 36 och
847 542 243 37 bekräftades
1119 542 186 50 därjämte
1336 544 40 37 af
1401 545 62 37 det
1490 546 246 47 förhållande,
1767 553 66 43 att,
1864 551 126 35 såsom

392 605 47 24 en
481 593 60 36 för
582 596 90 35 åren
715 596 254 36 1900—1904
1010 595 114 50 gjord
1166 597 358 51 sammanställning
1566 599 87 50 (del:
1681 600 56 37 III
1779 614 27 24 s.
1839 601 61 51 52)
1930 602 60 38 för

390 646 168 37 nämnda
598 647 166 46 tidrymd
804 648 116 49 gåfve
961 648 64 36 vid
1066 648 162 49 handen,
1273 650 165 50 ändring
1465 652 12 36 i
1504 653 317 38 kammarrättens
1863 655 125 37 beslut

391 698 142 36 skedde
569 700 281 47 jämförelsevis
879 701 130 46 sällan,
1043 701 171 35 frånsedt
1242 702 45 35 de
1315 703 78 47 fall,
1430 703 67 36 där
1524 704 59 36 för
1611 705 184 48 vidtagen
1823 706 166 49 ändring

391 748 202 52 åberopats
622 750 195 51 förebragt
845 766 52 35 ny
924 751 219 51 utredning.

519 855 130 38 Under
682 857 196 37 uttalande
908 862 54 32 att
990 857 282 38 ämbetsverket
1300 859 83 40 icke
1412 861 126 37 kunde
1566 861 246 51 understödja
1840 864 148 51 förslag

391 921 60 23 om
493 909 142 36 sådana
676 910 205 49 ändringar
908 911 12 35 i
949 910 363 51 instansordningen
1347 912 231 39 beträffande
1607 915 45 36 de
1681 915 306 40 administrativa

389 960 297 49 besvärsmålen,
716 975 80 24 som
825 963 62 36 väl
915 963 109 36 ledde
1052 963 58 36 till
1139 966 128 47 någon
1294 965 224 50 minskning
1545 967 12 36 i
1585 967 160 49 utgifter
1773 969 72 37 och
1865 975 120 33 större

390 1013 189 38 snabbhet
606 1014 12 36 i
646 1015 342 50 rättsskipningen,
1018 1029 86 24 men
1122 1019 48 47 på
1190 1030 142 24 samma
1351 1021 107 47 gång
1477 1019 246 51 äfventyrade
1744 1021 85 37 dess
1849 1027 136 45 trygg-

388 1066 76 47 het,
494 1066 129 37 ställer
652 1067 60 49 sig
739 1068 298 36 kammarrätten
1064 1069 188 36 bestämdt
1281 1071 196 37 afvisande
1505 1077 80 32 mot
1613 1073 184 49 förslaget
1815 1080 56 31 att
1889 1080 96 45 göra

387 1118 297 38 kammarrätten
714 1119 58 37 till
800 1120 91 37 sista
919 1121 147 36 instans
1094 1121 13 37 i
1134 1122 285 50 taxeringsmål.

518 1170 74 37 Sitt
627 1172 246 49 afstyrkande
910 1173 169 47 grundar
1106 1173 299 39 kammarrätten
1433 1177 267 49 förnämligast
1727 1181 49 46 på
1805 1179 59 36 sin
1892 1179 92 36 erfa-

387 1222 135 37 renhet
563 1237 61 23 om
666 1224 311 37 beskaffenheten
1019 1225 41 36 af
1097 1225 74 37 den
1212 1226 306 52 handläggning,
1561 1229 109 37 dessa
1709 1231 75 36 mål
1825 1231 13 36 i
1879 1232 107 47 regel

386 1275 171 49 undergå
604 1276 70 37 hos
715 1277 532 50 taxeringsmyndigheterna.
1315 1280 88 37 Med
1444 1281 70 37 den
1558 1282 289 38 underordnade
1889 1283 94 49 vikt,

386 1327 110 37 dessa
537 1329 271 48 myndigheter
850 1330 78 36 ofta
968 1330 97 37 fäste
1105 1331 65 36 vid
1211 1331 191 38 formerna
1433 1334 61 36 för
1522 1334 124 37 denna
1674 1335 308 49 handläggning,

385 1392 92 24 vore
519 1380 76 48 det,
638 1382 108 36 anför
778 1382 292 48 ämbetsverket,
1099 1382 209 49 ingalunda
1336 1385 173 50 sällsynt,
1539 1391 55 31 att
1622 1388 232 48 exempelvis
1882 1388 100 37 före-

386 1431 164 37 skriften
591 1446 61 23 om
694 1433 222 50 skyldighet
957 1439 56 32 att
1041 1435 12 36 i
1080 1435 101 37 vissa
1213 1436 67 37 fall
1307 1437 221 38 underrätta
1557 1439 261 50 skattskyldig
1846 1454 60 23 om
1935 1454 48 24 en

385 1484 85 36 med
500 1485 183 38 afvikelse
712 1487 86 36 från
826 1487 96 37 hans
950 1487 234 38 deklaration
1213 1491 97 35 åsatt
1337 1491 177 49 taxering
1541 1492 85 37 icke
1650 1506 128 24 vunne
1797 1493 185 37 erforder-

384 1536 73 49 ligt
498 1537 225 38 beaktande.
778 1539 234 37 FEsomoftast
1053 1540 190 38 inkomme
1272 1542 69 36 ock
1369 1543 292 48 ifrågavarande
1689 1546 75 36 mål
1792 1545 58 36 till
1877 1546 104 36 kam-

385 1594 219 43 marrätten,
635 1595 93 32 utan
761 1596 56 32 att
844 1591 282 38 vederbörande
1154 1599 128 44 parter
1310 1595 40 36 af
1375 1596 520 51 taxeringsmyndigheterna
1923 1611 57 24 er-

384 1640 109 37 hållit
533 1642 143 49 nödiga
718 1644 260 49 anvisningar,
1007 1645 12 36 i
1047 1645 144 37 hvilket
1232 1647 92 36 eller
1365 1648 129 36 hvilka
1528 1649 204 37 afseenden
1760 1651 74 36 den
1862 1651 118 36 redan

384 1693 219 50 förebragta
643 1696 258 49 utredningen
939 1702 143 32 ansetts
1109 1698 216 50 bristfällig,
1355 1700 70 36 och
1453 1700 166 38 befunne
1649 1702 60 49 sig
1736 1702 244 50 följaktligen

384 1745 234 38 fortfarande
646 1747 13 36 i
687 1753 55 31 ett
783 1761 80 24 mer
905 1748 91 38 eller
1036 1749 147 38 mindre
1221 1751 150 37 outredt
1399 1752 116 37 skick.
1571 1753 132 38 Under
1731 1755 141 37 sådana
1901 1769 79 23 om-

383 1798 265 48 ständigheter
688 1800 126 36 kunde
856 1800 318 39 kammarrättens
1216 1804 136 48 åtgärd
1380 1804 12 36 i
1421 1805 98 49 syfte
1561 1811 55 31 att
1656 1807 137 49 främja
1820 1808 159 49 frågans

382 1854 101 32 rätta
523 1850 154 50 lösning
709 1852 79 37 ofta
816 1866 79 36 nog
922 1854 34 49 ej
986 1855 149 36 sträcka
1163 1855 62 49 sig
1251 1856 135 48 längre
1414 1861 48 32 än
1492 1862 55 32 att
1574 1858 12 36 i
1615 1859 66 36 sitt
1708 1859 130 50 utslag
1866 1860 113 36 fram-

382 1901 101 37 hålla
524 1902 189 38 bristerna
740 1904 12 36 i
780 1904 73 37 den
894 1905 264 50 föreliggande
1199 1908 267 49 utredningen.
1521 1911 69 35 Att
1630 1911 13 35 i
1680 1911 110 37 dessa
1829 1913 150 48 ganska

382 1954 136 37 talrika
545 1954 68 37 fall
642 1955 180 38 behofvet
851 1957 41 37 af
915 1971 48 23 en
990 1958 146 37 instans
1165 1959 108 37 öfver
1301 1960 297 39 kammarrätten
1625 1976 92 24 vore
1744 1964 12 36 i
1784 1964 80 49 hög
1882 1965 97 49 grad

381 2005 203 50 kännbart,
613 2021 91 24 vore
733 2008 71 37 lätt
833 2014 56 32 att
916 2010 93 48 inse,
1039 2012 71 36 och
1138 2025 61 23 om
1227 2017 49 32 än
1307 2026 141 36 genom
1476 2019 54 32 ett
1557 2016 221 36 utveckladt
1806 2016 173 38 kommu-

381 2058 411 40 nikationsförfarande
820 2062 46 36 de
895 2063 40 36 af
959 2064 165 36 nämnda
1148 2065 330 38 missförhållande
1497 2067 307 50 uppkommande
1824 2069 154 49 olägen-

380 2111 158 37 heterna
567 2112 121 38 skulle
716 2113 129 37 kunna
871 2114 13 36 i
911 2118 128 46 någon
1068 2119 87 34 mån
1184 2117 181 48 minskas,
1396 2124 130 44 syntes
1555 2119 107 49 dock,
1692 2123 41 34 så
1760 2121 114 49 länge
1893 2122 85 37 icke

381 2162 46 37 de
469 2164 198 37 anmärkta
708 2166 189 37 bristerna
925 2168 12 36 i
965 2168 541 51 taxeringsmyndigheternas
1546 2173 262 48 organisation
1849 2173 129 39 blifvit

382 2215 202 50 afhjälpta,
613 2217 64 37 det
705 2218 60 37 för
792 2220 324 37 rättssäkerheten
1144 2222 170 37 medföra
1341 2223 82 37 icke
1450 2224 112 48 ringa
1589 2225 99 37 våda
1709 2231 54 31 att
1782 2227 195 49 upphäfva

380 2271 125 34 rätten
534 2273 53 33 att
615 2270 226 50 öfverklaga
869 2272 318 39 kammarrättens
1217 2274 125 38 beslut
1369 2275 13 36 i
1409 2275 356 52 beskattningsmål.
