1868 2818
443 133 437 31 Konstitutionsutskottets
903 131 175 32 utlåtande
1100 141 43 22 nr
1168 134 49 29 17.
1567 129 13 27 1

760 345 58 40 Nr
845 343 61 42 17.

497 451 125 27 Ankom
644 450 48 27 till
714 450 177 34 riksdagens
914 450 100 27 kansli
1038 450 59 26 den
1122 449 37 27 17
1183 449 63 34 maj
1273 448 78 28 1945
1375 448 41 26 kl.
1441 448 37 27 12
1501 455 42 19 m.

300 561 436 31 Konstitutionsutskottets
759 560 176 31 utlåtande
958 561 10 29 i
993 559 186 38 anledning
1203 569 42 23 av
1271 558 123 32 väckta
1416 559 171 30 motioner

520 621 57 21 om
593 611 232 38 avskaffande
841 621 41 20 av
899 610 230 39 fattiqvårds-,
1146 609 170 31 konkurs-
1334 612 65 30 och
1415 609 171 36 utskylds-

520 662 158 31 strecken
693 662 114 30 såsom
823 660 469 39 diskvalifikationsgrunder
1305 660 56 38 för
1376 661 138 29 rösträtt
1529 658 57 32 vid

521 713 228 31 kommunala
766 712 65 31 val.

126 815 56 31 Uti
202 816 43 30 de
265 815 230 37 likalydande,
517 814 52 30 till
590 813 412 31 konstitutionsutskottet
1020 811 191 32 hänvisade
1229 811 217 31 motionerna
1463 820 43 21 nr
1524 810 63 30 222

81 866 12 31 i
114 866 111 32 första
246 867 203 29 kammaren
470 875 42 21 av
534 865 121 30 herrar
677 864 162 36 Elmgren
861 864 65 30 och
948 863 96 36 Hage
1068 865 89 29 samt
1180 871 42 21 nr
1247 862 61 30 193
1329 862 10 30 i
1361 861 109 30 andra
1491 861 96 30 kam-

82 926 121 22 maren
226 926 43 21 av
290 917 81 30 herr
393 916 82 31 Hall
495 925 44 23 m.
563 915 38 38 fl.
623 915 207 35 hemställes,
853 916 50 29 att
923 914 186 36 riksdagen
1132 912 55 32 för
1210 912 55 30 sin
1288 913 55 30 del
1365 911 79 32 ville
1464 914 125 33 antaga

83 968 157 36 följande

736 1032 29 40 1)
795 1030 143 38 Förslag

810 1091 53 30 till

87 1153 70 39 Lag
182 1152 177 38 angående
384 1152 134 31 ändrad
541 1151 128 37 lydelse
695 1160 42 22 av
765 1151 38 29 11
832 1151 20 37 $
878 1149 98 38 lagen
999 1149 68 31 den
1092 1149 20 30 6
1136 1149 76 36 juni
1238 1148 85 31 1930
1344 1147 61 37 (nr
1427 1146 82 38 251)
1535 1155 56 22 om

560 1200 349 37 kommunalstyrelse
929 1200 45 38 på
993 1199 125 31 landet.

790 1277 37 30 11
852 1275 31 38 3.

130 1338 176 37 Rättighet
329 1340 50 28 att
398 1354 46 4 —
463 1354 45 4 —
525 1354 46 4 —
591 1345 44 22 en
655 1337 80 30 röst.

130 1388 116 32 Sådan
266 1388 160 37 rättighet
445 1387 57 31 må
522 1388 90 30 dock
632 1387 31 37 ej
687 1388 120 29 utövas
829 1395 42 21 av
893 1386 69 30 den
982 1395 74 21 som
1075 1386 40 30 är
1135 1383 174 38 omyndig.

131 1440 75 32 Den
228 1438 299 37 omständigheten
547 1455 47 4 —
614 1454 46 5 —
681 1454 45 4 —
749 1437 110 30 andra
883 1436 137 30 maken.

132 1489 58 32 Att
210 1490 69 30 den
300 1506 46 5 —
364 1506 46 5 —
431 1506 45 4 —
496 1488 112 31 andra
632 1487 145 37 stycket.

135 1599 123 30 Denna
277 1599 54 36 lag
352 1597 117 31 träder
487 1597 96 30 inom
605 1606 42 21 en
668 1606 62 22 var
749 1596 170 31 kommun
939 1595 12 30 i
973 1594 104 37 kraft,
1100 1593 45 32 då
1168 1594 68 31 den
1257 1592 39 32 år
1319 1593 83 31 1946
1423 1592 56 32 för
1498 1593 96 30 kom-

90 1659 131 22 munen
247 1649 208 37 upprättade
480 1647 228 32 kommunala
733 1646 223 37 röstlängden
979 1644 47 39 på
1050 1644 205 32 föreskrivet
1281 1645 66 31 sätt
1372 1642 147 32 kommit
1546 1642 49 31 till

90 1700 111 32 stånd.

742 1822 31 41 2)
804 1822 142 37 Förslag

819 1881 53 30 till

97 1944 71 37 Lag
193 1943 177 37 angående
396 1942 132 31 ändrad
553 1941 129 37 lydelse
707 1951 42 21 av
777 1942 37 28 11
841 1940 20 36 8
885 1940 98 36 lagen
1007 1939 67 30 den
1097 1939 20 30 6
1141 1939 78 37 juni
1245 1938 83 30 1930
1354 1937 60 37 (nr
1438 1937 81 36 252)
1544 1946 56 21 om

603 1990 347 37 kommunalstyrelse
975 1991 11 29 i
1008 1989 86 31 stad.

801 2066 36 30 11
863 2065 30 37 8.

142 2129 151 31 Rösträtt
314 2127 56 32 vid
391 2145 45 4 —
452 2144 45 4 —
514 2143 45 5 —
576 2135 43 22 en
637 2127 80 29 röst.

144 2179 114 31 Sådan
283 2179 140 30 rösträtt
446 2176 57 32 må
526 2177 90 30 dock
638 2175 30 37 ej
693 2177 120 29 utövas
836 2184 43 20 av
900 2175 67 30 den
989 2183 75 21 som
1086 2174 39 30 är
1146 2173 174 37 omyndig.

146 2230 75 30 Den
244 2227 297 37 omständigheten
564 2244 45 4 —
631 2243 46 4 —
698 2243 45 4 —
765 2225 109 32 andra
897 2224 137 31 maken.

148 2339 122 30 Denna
290 2338 53 36 lag
364 2336 115 31 träder
499 2335 10 30 i
532 2345 42 22 en
596 2343 62 21 var
680 2334 74 30 stad
774 2333 11 30 i
808 2332 103 35 kraft,
933 2331 44 31 då
999 2333 66 29 den
1086 2330 39 32 år
1148 2331 82 30 1946
1252 2330 54 31 för
1328 2330 120 31 staden
1468 2331 139 35 upprät-

102 2389 78 30 tade
201 2387 226 32 kommunala
448 2385 220 36 röstlängden
690 2383 45 37 på
754 2383 204 30 föreskrivet
979 2383 66 29 sätt
1065 2381 147 31 kommit
1233 2381 51 30 till
1306 2380 110 32 stånd.

148 2512 110 30 RBihang
269 2511 41 24 till
321 2510 166 30 riksdagens
498 2506 145 34 protokoll
656 2507 75 25 1945.
757 2507 15 23 5
791 2504 80 26 saml.
893 2506 16 23 2
922 2505 56 23 avd.
999 2504 39 23 Nr
1055 2504 107 24 17—18.
1568 2503 10 24 1
