2168 2572
688 183 107 32 Stuts-
807 176 179 46 Utskottets
1006 180 174 33 Utlåtande
1204 180 62 31 N:o
1291 181 40 30 11
1356 190 29 22 a.
1750 180 38 29 19

347 264 95 36 10:o.
499 263 17 35 I
546 262 182 37 afseende
758 264 21 33 å
808 260 125 50 öfriga
949 260 69 36 här
1034 260 114 36 ofvan
1169 260 31 49 ej
1224 260 233 36 omnämnda
1477 259 192 37 ordinarie
1697 258 136 48 anslag

216 316 120 36 under
378 315 126 36 denna
546 314 236 37 hufvudtitel
825 313 70 36 har
928 312 141 49 Kongl.
1106 312 108 49 Maj:t
1249 310 88 37 icke
1367 312 203 48 föreslagit
1598 314 129 46 någon
1756 310 76 36 för-

214 366 168 49 ändring
406 367 12 35 i
443 366 182 37 afseende
657 369 20 34 å
705 364 364 49 anslagsbeloppen,
1100 364 200 36 hvaremot
1326 363 141 49 Kongl.
1486 364 110 49 Maj:t
1615 362 215 50 föreslagit,

214 421 76 35 dels
324 424 56 31 att
413 419 73 36 den
521 432 158 23 numera
714 417 148 37 mindre
901 416 147 49 rigtiga
1082 416 113 36 titeln
1227 415 79 39 »för
1335 415 287 50 sjömätningar
1651 415 73 37 och
1753 415 77 48 sjö-

214 471 314 37 kartekontorets
570 470 271 37 verksamhet»
876 471 116 33 måtte
1027 470 156 47 utbytas
1218 476 78 31 mot
1325 468 127 38 titeln:
1499 468 332 48 »sjökarteverket>,

214 525 75 35 dels
319 524 62 35 ock
414 529 56 31 att
503 523 12 36 i
549 522 118 48 öfrigt
700 521 157 36 titlarne
891 520 122 37 under
1046 520 153 37 diverse
1233 523 138 47 anslag
1400 522 118 34 måtte
1553 525 193 43 upptagas
1777 521 53 44 så,

213 589 81 23 som
325 576 46 36 de
400 575 12 35 i
441 576 72 36 den
543 573 234 50 protokollet
806 572 107 37 öfver
942 572 403 49 sjöförsvarsärenden
1375 573 74 36 den
1482 574 44 34 12
1553 571 161 37 Januari
1733 572 96 35 1885

214 627 179 49 bifogade
422 627 247 48 förslagsstat
697 625 249 36 förekomma.

340 679 135 49 Enligt
503 678 103 36 hvad
636 677 74 36 den
740 676 217 49 åberopade
987 676 296 48 förslagsstaten
1312 677 86 50 (sid.
1430 678 46 35 33
1508 675 72 37 och
1609 677 64 43 34)
1702 674 130 49 gifver

214 731 62 37 vid
307 731 154 36 handen
488 730 136 47 skulle,
655 728 125 49 enligt
808 728 142 48 Kongl.
982 728 87 48 Maj:
1074 704 56 60 ts
1137 728 158 50 förslag,
1326 729 129 36 titeln:
1494 727 97 36 »Till
1616 726 214 49 stipendier

213 786 38 33 åt
280 782 279 49 sjöofficerare»
589 786 85 42 etc.,
706 781 158 47 utbytas
894 785 79 31 mot
993 780 125 36 titeln:
1135 779 244 60 »Stipendier
1395 783 38 34 åt
1449 779 279 50 sjöofficerare»
1745 783 83 43 etc.,

215 835 125 36 titeln:
380 834 96 36 »För
505 810 203 72 sjukvård»
737 832 159 48 utbytas
926 836 80 31 mot
1034 831 111 37 titeln
1173 832 233 50 »Sjukvård»
1435 837 101 32 samt
1564 830 127 37 titeln:
1734 808 95 58 »För

213 887 153 36 diverse
396 885 135 37 behof»
560 890 81 31 mot
669 884 130 36 titeln:
829 883 181 37 »Diverse
1039 883 147 38 behofs.

345 938 54 36 Då
429 938 199 37 Utskottet
656 935 237 37 beträffande
922 935 103 36 hvad
1054 935 140 50 Kongl.
1213 936 108 49 Maj:t
1341 936 161 37 sålunda
1522 934 204 49 föreslagit
1741 934 87 37 icke

213 990 128 36 funnit
370 989 83 37 skäl
481 989 57 36 till
568 992 129 45 någon
727 988 165 46 erinran,
918 987 222 36 hemställer
1169 988 212 47 Utskottet,

747 1096 56 30 att
846 1090 180 48 samtliga
1068 1091 47 36 de
1150 1091 192 36 ordinarie
1377 1092 139 48 anslag
1549 1093 122 36 under
1700 1092 127 36 denna

616 1142 247 47 hufvudtitel,
892 1142 12 35 i
934 1142 131 36 bvilka
1093 1143 227 48 förändring
1349 1143 86 37 icke
1463 1143 129 37 blifvit
1619 1144 71 36 här
1710 1144 116 36 ofvan

617 1194 216 48 ifrågasatt,
879 1196 60 33 må
972 1194 122 37 under
1128 1195 46 36 de
1209 1195 41 36 af
1279 1195 143 48 Kongl.
1458 1196 110 47 Maj:t
1601 1195 225 49 föreslagna

605 1245 277 49 .anslagstitlar
910 1245 12 36 i
946 1247 97 35 1886
1065 1249 61 33 års
1151 1246 159 36 riksstat
1330 1247 58 35 till
1410 1247 255 37 oförändrade
1684 1247 140 50 belopp

614 1303 206 43 upptagas.

844 1555 146 40 Extra
1019 1555 175 49 anslag.

341 1661 183 35 Förutom
564 1660 70 36 här
676 1660 117 36 ofvan
829 1659 171 48 begärda
1030 1664 108 31 extra
1168 1659 137 49 anslag
1333 1660 59 36 för
1421 1659 304 49 genomförande
1756 1674 67 22 un-

211 1712 69 37 der
306 1715 39 34 år
377 1713 97 35 1886
505 1712 41 36 af
571 1710 337 58 löneregleringen
935 1711 59 36 för
1021 1711 135 36 flottan
1185 1711 70 37 har
1285 1711 141 48 Kongl.
1458 1712 109 48 Maj:t
1596 1712 58 35 för
1682 1711 140 48 fyllan-

211 1764 45 36 de
293 1765 41 35 af
363 1763 194 49 tillfälliga
585 1763 154 36 behof
746 1776 89 23 inom
866 1763 253 48 sjöförsvaret
1147 1763 104 49 gjort
1280 1763 168 49 följande
1478 1763 342 48 framställningar.

860 1924 310 43 Fartygsmateriel,

345 2023 95 34 11:o.
497 2020 74 37 Till
612 2022 259 45 fullbordande
915 2024 45 48 af
995 2021 248 48 pansarbåten
1286 2020 95 37 Svea
1424 2021 70 36 har
1536 2021 143 49 Kongl.
1714 2022 109 49 Maj:t

211 2074 112 37 äskat
352 2078 56 31 ett
435 2073 140 48 belopp
606 2073 42 35 af
674 2075 204 46 1,218,000
904 2074 152 35 kronor.

341 2124 73 37 Till
452 2124 213 48 byggande
708 2125 42 36 af
786 2124 298 50 ifrågavarande
1126 2123 222 50 pansarbåt,
1392 2137 82 24 som
1511 2125 121 48 jemte
1662 2138 158 36 pansar-

210 2176 219 38 beklädnad
458 2180 147 32 ansetts
635 2176 136 36 kräfva
800 2191 44 22 en
877 2176 268 48 sammanlagd
1170 2176 167 36 kostnad
1362 2177 43 36 af
1428 2178 206 47 2,838,000
1664 2177 154 47 kronor,

209 2229 70 36 har
320 2228 64 36 vid
431 2230 95 34 1883
571 2227 71 37 och
687 2230 99 34 1884
831 2233 112 32 årens
977 2228 207 48 riksdagar
1216 2228 179 49 beviljats
1423 2228 162 49 tillhopa
1617 2230 203 47 1,650,000

210 2281 152 36 kronor.

339 2332 54 36 Af
430 2331 426 49 statsrådsprotokollet
899 2332 86 48 (sid.
1030 2333 45 34 21
1123 2331 71 37 och
1220 2330 93 50 följ.)
1344 2331 212 48 inhemtas,
1586 2336 56 32 att
1671 2330 152 38 arbetet

1868 2028 152 35 Angående

1894 2065 100 33 anslag

1852 2101 43 26 till
1912 2101 123 33 fartygs-

1874 2135 131 27 materiel.

1892 2172 95 46 [15.]
