<?xml version="1.0" encoding="UTF-8"?>
<alto xmlns="http://www.loc.gov/standards/alto/ns-v3#" xmlns:xlink="http://www.w3.org/1999/xlink" xmlns:xsi="http://www.w3.org/2001/XMLSchema-instance" xsi:schemaLocation="http://www.loc.gov/standards/alto/ns-v3# http://www.loc.gov/alto/v3/alto-3-0.xsd">
	<Description>
		<MeasurementUnit>pixel</MeasurementUnit>
		<sourceImageInformation>
			<fileName>/tmp/tess_025ee9lr_input.PNG</fileName>
		</sourceImageInformation>
		<OCRProcessing ID="OCR_0">
			<ocrProcessingStep>
				<processingSoftware>
					<softwareName>tesseract 5.3.0</softwareName>
				</processingSoftware>
			</ocrProcessingStep>
		</OCRProcessing>
	</Description>
	<Layout>
		<Page WIDTH="1884" HEIGHT="2814" PHYSICAL_IMG_NR="0" ID="page_0">
			<PrintSpace HPOS="0" VPOS="0" WIDTH="1884" HEIGHT="2814">
				<ComposedBlock ID="cblock_0" HPOS="543" VPOS="135" WIDTH="1068" HEIGHT="54">
					<TextBlock ID="block_0" HPOS="543" VPOS="135" WIDTH="1068" HEIGHT="54">
						<TextLine ID="line_0" HPOS="543" VPOS="135" WIDTH="1068" HEIGHT="54">
							<String ID="string_0" HPOS="543" VPOS="155" WIDTH="105" HEIGHT="27" WC="0.93" CONTENT="Andra"/><SP WIDTH="21" VPOS="155" HPOS="648"/>
							<String ID="string_1" HPOS="669" VPOS="154" WIDTH="215" HEIGHT="35" WC="0.92" CONTENT="lagutskottets"/><SP WIDTH="22" VPOS="154" HPOS="884"/>
							<String ID="string_2" HPOS="906" VPOS="153" WIDTH="159" HEIGHT="28" WC="0.96" CONTENT="utlåtande"/><SP WIDTH="21" VPOS="153" HPOS="1065"/>
							<String ID="string_3" HPOS="1086" VPOS="135" WIDTH="37" HEIGHT="46" WC="0.92" CONTENT="nr"/><SP WIDTH="22" VPOS="135" HPOS="1123"/>
							<String ID="string_4" HPOS="1145" VPOS="153" WIDTH="47" HEIGHT="27" WC="0.95" CONTENT="46."/><SP WIDTH="382" VPOS="153" HPOS="1192"/>
							<String ID="string_5" HPOS="1574" VPOS="150" WIDTH="37" HEIGHT="30" WC="0.96" CONTENT="17"/>
						</TextLine>
					</TextBlock>
				</ComposedBlock>
				<ComposedBlock ID="cblock_1" HPOS="119" VPOS="229" WIDTH="1495" HEIGHT="2266">
					<TextBlock ID="block_1" HPOS="126" VPOS="229" WIDTH="1488" HEIGHT="174">
						<TextLine ID="line_1" HPOS="127" VPOS="229" WIDTH="1487" HEIGHT="46">
							<String ID="string_6" HPOS="127" VPOS="239" WIDTH="116" HEIGHT="31" WC="0.96" CONTENT="takten"/><SP WIDTH="27" VPOS="239" HPOS="243"/>
							<String ID="string_7" HPOS="270" VPOS="238" WIDTH="77" HEIGHT="30" WC="0.96" CONTENT="med"/><SP WIDTH="27" VPOS="238" HPOS="347"/>
							<String ID="string_8" HPOS="374" VPOS="235" WIDTH="242" HEIGHT="40" WC="0.96" CONTENT="angränsande"/><SP WIDTH="25" VPOS="235" HPOS="616"/>
							<String ID="string_9" HPOS="641" VPOS="235" WIDTH="113" HEIGHT="30" WC="0.96" CONTENT="block."/><SP WIDTH="29" VPOS="235" HPOS="754"/>
							<String ID="string_10" HPOS="783" VPOS="234" WIDTH="115" HEIGHT="30" WC="0.96" CONTENT="Under"/><SP WIDTH="26" VPOS="234" HPOS="898"/>
							<String ID="string_11" HPOS="924" VPOS="237" WIDTH="47" HEIGHT="26" WC="0.93" CONTENT="ett"/><SP WIDTH="26" VPOS="237" HPOS="971"/>
							<String ID="string_12" HPOS="997" VPOS="230" WIDTH="379" HEIGHT="40" WC="0.91" CONTENT="verkställighetsskede"/><SP WIDTH="28" VPOS="230" HPOS="1376"/>
							<String ID="string_13" HPOS="1404" VPOS="229" WIDTH="128" HEIGHT="39" WC="0.96" CONTENT="åligger"/><SP WIDTH="26" VPOS="229" HPOS="1532"/>
							<String ID="string_14" HPOS="1558" VPOS="229" WIDTH="56" HEIGHT="29" WC="0.96" CONTENT="det"/>
						</TextLine>
						<TextLine ID="line_2" HPOS="126" VPOS="273" WIDTH="1488" HEIGHT="49">
							<String ID="string_15" HPOS="126" VPOS="284" WIDTH="106" HEIGHT="38" WC="0.96" CONTENT="enligt"/><SP WIDTH="14" VPOS="284" HPOS="232"/>
							<String ID="string_16" HPOS="246" VPOS="282" WIDTH="253" HEIGHT="30" WC="0.93" CONTENT="instruktionen"/><SP WIDTH="15" VPOS="282" HPOS="499"/>
							<String ID="string_17" HPOS="514" VPOS="280" WIDTH="220" HEIGHT="30" WC="0.92" CONTENT="blockledare"/><SP WIDTH="15" VPOS="280" HPOS="734"/>
							<String ID="string_18" HPOS="749" VPOS="282" WIDTH="57" HEIGHT="32" WC="0.96" CONTENT="att,"/><SP WIDTH="17" VPOS="282" HPOS="806"/>
							<String ID="string_19" HPOS="823" VPOS="279" WIDTH="121" HEIGHT="29" WC="0.96" CONTENT="utöver"/><SP WIDTH="15" VPOS="279" HPOS="944"/>
							<String ID="string_20" HPOS="959" VPOS="278" WIDTH="67" HEIGHT="29" WC="0.96" CONTENT="vad"/><SP WIDTH="16" VPOS="278" HPOS="1026"/>
							<String ID="string_21" HPOS="1042" VPOS="287" WIDTH="74" HEIGHT="20" WC="0.96" CONTENT="som"/><SP WIDTH="16" VPOS="287" HPOS="1116"/>
							<String ID="string_22" HPOS="1132" VPOS="286" WIDTH="82" HEIGHT="29" WC="0.95" CONTENT="nyss"/><SP WIDTH="15" VPOS="286" HPOS="1214"/>
							<String ID="string_23" HPOS="1229" VPOS="275" WIDTH="155" HEIGHT="38" WC="0.95" CONTENT="angivits,"/><SP WIDTH="18" VPOS="275" HPOS="1384"/>
							<String ID="string_24" HPOS="1402" VPOS="275" WIDTH="86" HEIGHT="30" WC="0.96" CONTENT="efter"/><SP WIDTH="14" VPOS="275" HPOS="1488"/>
							<String ID="string_25" HPOS="1502" VPOS="273" WIDTH="112" HEIGHT="31" WC="0.96" CONTENT="beslut"/>
						</TextLine>
						<TextLine ID="line_3" HPOS="126" VPOS="317" WIDTH="1486" HEIGHT="47">
							<String ID="string_26" HPOS="126" VPOS="338" WIDTH="42" HEIGHT="20" WC="0.96" CONTENT="av"/><SP WIDTH="23" VPOS="338" HPOS="168"/>
							<String ID="string_27" HPOS="191" VPOS="327" WIDTH="207" HEIGHT="31" WC="0.83" CONTENT="överordnat"/><SP WIDTH="23" VPOS="327" HPOS="398"/>
							<String ID="string_28" HPOS="421" VPOS="333" WIDTH="109" HEIGHT="31" WC="0.96" CONTENT="organ"/><SP WIDTH="23" VPOS="333" HPOS="530"/>
							<String ID="string_29" HPOS="553" VPOS="323" WIDTH="203" HEIGHT="40" WC="0.96" CONTENT="genomföra"/><SP WIDTH="23" VPOS="323" HPOS="756"/>
							<String ID="string_30" HPOS="779" VPOS="322" WIDTH="159" HEIGHT="39" WC="0.96" CONTENT="åtgärder"/><SP WIDTH="23" VPOS="322" HPOS="938"/>
							<String ID="string_31" HPOS="961" VPOS="322" WIDTH="55" HEIGHT="30" WC="0.93" CONTENT="för"/><SP WIDTH="23" VPOS="322" HPOS="1016"/>
							<String ID="string_32" HPOS="1039" VPOS="320" WIDTH="334" HEIGHT="40" WC="0.92" CONTENT="jordbruksdriftens"/><SP WIDTH="25" VPOS="320" HPOS="1373"/>
							<String ID="string_33" HPOS="1398" VPOS="317" WIDTH="214" HEIGHT="41" WC="0.91" CONTENT="upprätthål-"/>
						</TextLine>
						<TextLine ID="line_4" HPOS="127" VPOS="371" WIDTH="386" HEIGHT="32">
							<String ID="string_34" HPOS="127" VPOS="373" WIDTH="102" HEIGHT="30" WC="0.96" CONTENT="lande"/><SP WIDTH="21" VPOS="373" HPOS="229"/>
							<String ID="string_35" HPOS="250" VPOS="372" WIDTH="94" HEIGHT="30" WC="0.95" CONTENT="inom"/><SP WIDTH="22" VPOS="372" HPOS="344"/>
							<String ID="string_36" HPOS="366" VPOS="371" WIDTH="147" HEIGHT="29" WC="0.95" CONTENT="blocket."/>
						</TextLine>
					</TextBlock>
					<TextBlock ID="block_2" HPOS="171" VPOS="406" WIDTH="1378" HEIGHT="46">
						<TextLine ID="line_5" HPOS="171" VPOS="406" WIDTH="1378" HEIGHT="46">
							<String ID="string_37" HPOS="171" VPOS="417" WIDTH="68" HEIGHT="30" WC="0.93" CONTENT="För"/><SP WIDTH="19" VPOS="417" HPOS="239"/>
							<String ID="string_38" HPOS="258" VPOS="415" WIDTH="328" HEIGHT="31" WC="0.91" CONTENT="överblockledarna"/><SP WIDTH="21" VPOS="415" HPOS="586"/>
							<String ID="string_39" HPOS="607" VPOS="414" WIDTH="107" HEIGHT="38" WC="0.95" CONTENT="gäller"/><SP WIDTH="20" VPOS="414" HPOS="714"/>
							<String ID="string_40" HPOS="734" VPOS="422" WIDTH="41" HEIGHT="20" WC="0.95" CONTENT="en"/><SP WIDTH="20" VPOS="422" HPOS="775"/>
							<String ID="string_41" HPOS="795" VPOS="411" WIDTH="210" HEIGHT="31" WC="0.96" CONTENT="instruktion"/><SP WIDTH="20" VPOS="411" HPOS="1005"/>
							<String ID="string_42" HPOS="1025" VPOS="411" WIDTH="79" HEIGHT="30" WC="0.96" CONTENT="med"/><SP WIDTH="20" VPOS="411" HPOS="1104"/>
							<String ID="string_43" HPOS="1124" VPOS="409" WIDTH="242" HEIGHT="31" WC="0.96" CONTENT="motsvarande"/><SP WIDTH="21" VPOS="409" HPOS="1366"/>
							<String ID="string_44" HPOS="1387" VPOS="406" WIDTH="162" HEIGHT="32" WC="0.86" CONTENT="innehåll."/>
						</TextLine>
					</TextBlock>
					<TextBlock ID="block_3" HPOS="126" VPOS="452" WIDTH="1488" HEIGHT="448">
						<TextLine ID="line_6" HPOS="172" VPOS="452" WIDTH="1440" HEIGHT="46">
							<String ID="string_45" HPOS="172" VPOS="461" WIDTH="163" HEIGHT="30" WC="0.91" CONTENT="Hitintills"/><SP WIDTH="23" VPOS="461" HPOS="335"/>
							<String ID="string_46" HPOS="358" VPOS="478" WIDTH="45" HEIGHT="4" WC="0.92" CONTENT="—"/><SP WIDTH="22" VPOS="478" HPOS="403"/>
							<String ID="string_47" HPOS="425" VPOS="459" WIDTH="111" HEIGHT="30" WC="0.93" CONTENT="under"/><SP WIDTH="23" VPOS="459" HPOS="536"/>
							<String ID="string_48" HPOS="559" VPOS="456" WIDTH="385" HEIGHT="42" WC="0.91" CONTENT="planläggningsskedet"/><SP WIDTH="23" VPOS="456" HPOS="944"/>
							<String ID="string_49" HPOS="967" VPOS="474" WIDTH="45" HEIGHT="3" WC="0.91" CONTENT="—"/><SP WIDTH="22" VPOS="474" HPOS="1012"/>
							<String ID="string_50" HPOS="1034" VPOS="456" WIDTH="64" HEIGHT="30" WC="0.93" CONTENT="har"/><SP WIDTH="23" VPOS="456" HPOS="1098"/>
							<String ID="string_51" HPOS="1121" VPOS="454" WIDTH="264" HEIGHT="31" WC="0.91" CONTENT="blockledarnas"/><SP WIDTH="26" VPOS="454" HPOS="1385"/>
							<String ID="string_52" HPOS="1411" VPOS="453" WIDTH="116" HEIGHT="30" WC="0.93" CONTENT="arbete"/><SP WIDTH="23" VPOS="453" HPOS="1527"/>
							<String ID="string_53" HPOS="1550" VPOS="452" WIDTH="62" HEIGHT="29" WC="0.93" CONTENT="hu-"/>
						</TextLine>
						<TextLine ID="line_7" HPOS="127" VPOS="496" WIDTH="1486" HEIGHT="48">
							<String ID="string_54" HPOS="127" VPOS="506" WIDTH="225" HEIGHT="38" WC="0.91" CONTENT="vudsakligen"/><SP WIDTH="20" VPOS="506" HPOS="352"/>
							<String ID="string_55" HPOS="372" VPOS="504" WIDTH="125" HEIGHT="30" WC="0.96" CONTENT="bestått"/><SP WIDTH="20" VPOS="504" HPOS="497"/>
							<String ID="string_56" HPOS="517" VPOS="504" WIDTH="11" HEIGHT="29" WC="0.96" CONTENT="i"/><SP WIDTH="21" VPOS="504" HPOS="528"/>
							<String ID="string_57" HPOS="549" VPOS="502" WIDTH="231" HEIGHT="40" WC="0.96" CONTENT="upprättande"/><SP WIDTH="20" VPOS="502" HPOS="780"/>
							<String ID="string_58" HPOS="800" VPOS="511" WIDTH="42" HEIGHT="21" WC="0.93" CONTENT="av"/><SP WIDTH="21" VPOS="511" HPOS="842"/>
							<String ID="string_59" HPOS="863" VPOS="500" WIDTH="384" HEIGHT="38" WC="0.91" CONTENT="mobiliseringsplaner,"/><SP WIDTH="23" VPOS="500" HPOS="1247"/>
							<String ID="string_60" HPOS="1270" VPOS="498" WIDTH="103" HEIGHT="30" WC="0.96" CONTENT="vilket"/><SP WIDTH="21" VPOS="498" HPOS="1373"/>
							<String ID="string_61" HPOS="1394" VPOS="497" WIDTH="126" HEIGHT="31" WC="0.96" CONTENT="utförts"/><SP WIDTH="22" VPOS="497" HPOS="1520"/>
							<String ID="string_62" HPOS="1542" VPOS="496" WIDTH="71" HEIGHT="30" WC="0.96" CONTENT="dels"/>
						</TextLine>
						<TextLine ID="line_8" HPOS="127" VPOS="541" WIDTH="1486" HEIGHT="43">
							<String ID="string_63" HPOS="127" VPOS="551" WIDTH="8" HEIGHT="29" WC="0.96" CONTENT="i"/><SP WIDTH="24" VPOS="551" HPOS="135"/>
							<String ID="string_64" HPOS="159" VPOS="551" WIDTH="167" HEIGHT="30" WC="0.96" CONTENT="bostaden"/><SP WIDTH="23" VPOS="551" HPOS="326"/>
							<String ID="string_65" HPOS="349" VPOS="550" WIDTH="65" HEIGHT="29" WC="0.96" CONTENT="och"/><SP WIDTH="25" VPOS="550" HPOS="414"/>
							<String ID="string_66" HPOS="439" VPOS="549" WIDTH="72" HEIGHT="30" WC="0.96" CONTENT="dels"/><SP WIDTH="24" VPOS="549" HPOS="511"/>
							<String ID="string_67" HPOS="535" VPOS="548" WIDTH="57" HEIGHT="30" WC="0.96" CONTENT="vid"/><SP WIDTH="22" VPOS="548" HPOS="592"/>
							<String ID="string_68" HPOS="614" VPOS="548" WIDTH="107" HEIGHT="29" WC="0.93" CONTENT="besök"/><SP WIDTH="25" VPOS="548" HPOS="721"/>
							<String ID="string_69" HPOS="746" VPOS="546" WIDTH="20" HEIGHT="31" WC="0.91" CONTENT="å"/><SP WIDTH="23" VPOS="546" HPOS="766"/>
							<String ID="string_70" HPOS="789" VPOS="545" WIDTH="182" HEIGHT="39" WC="0.96" CONTENT="gårdarna."/><SP WIDTH="26" VPOS="545" HPOS="971"/>
							<String ID="string_71" HPOS="997" VPOS="545" WIDTH="177" HEIGHT="38" WC="0.96" CONTENT="Därjämte"/><SP WIDTH="23" VPOS="545" HPOS="1174"/>
							<String ID="string_72" HPOS="1197" VPOS="545" WIDTH="46" HEIGHT="29" WC="0.93" CONTENT="ha"/><SP WIDTH="23" VPOS="545" HPOS="1243"/>
							<String ID="string_73" HPOS="1266" VPOS="543" WIDTH="247" HEIGHT="30" WC="0.88" CONTENT="blockledarna"/><SP WIDTH="24" VPOS="543" HPOS="1513"/>
							<String ID="string_74" HPOS="1537" VPOS="541" WIDTH="76" HEIGHT="30" WC="0.96" CONTENT="haft"/>
						</TextLine>
						<TextLine ID="line_9" HPOS="126" VPOS="586" WIDTH="1488" HEIGHT="48">
							<String ID="string_75" HPOS="126" VPOS="600" WIDTH="49" HEIGHT="26" WC="0.96" CONTENT="att"/><SP WIDTH="20" VPOS="600" HPOS="175"/>
							<String ID="string_76" HPOS="195" VPOS="595" WIDTH="58" HEIGHT="30" WC="0.96" CONTENT="vid"/><SP WIDTH="18" VPOS="595" HPOS="253"/>
							<String ID="string_77" HPOS="271" VPOS="594" WIDTH="195" HEIGHT="40" WC="0.96" CONTENT="personliga"/><SP WIDTH="22" VPOS="594" HPOS="466"/>
							<String ID="string_78" HPOS="488" VPOS="591" WIDTH="361" HEIGHT="32" WC="0.96" CONTENT="sammanträffanden"/><SP WIDTH="21" VPOS="591" HPOS="849"/>
							<String ID="string_79" HPOS="870" VPOS="591" WIDTH="78" HEIGHT="29" WC="0.93" CONTENT="med"/><SP WIDTH="20" VPOS="591" HPOS="948"/>
							<String ID="string_80" HPOS="968" VPOS="589" WIDTH="376" HEIGHT="31" WC="0.89" CONTENT="blockmedlemmarna"/><SP WIDTH="22" VPOS="589" HPOS="1344"/>
							<String ID="string_81" HPOS="1366" VPOS="587" WIDTH="148" HEIGHT="38" WC="0.96" CONTENT="rådgöra"/><SP WIDTH="21" VPOS="587" HPOS="1514"/>
							<String ID="string_82" HPOS="1535" VPOS="586" WIDTH="79" HEIGHT="30" WC="0.96" CONTENT="med"/>
						</TextLine>
						<TextLine ID="line_10" HPOS="127" VPOS="631" WIDTH="1486" HEIGHT="46">
							<String ID="string_83" HPOS="127" VPOS="641" WIDTH="79" HEIGHT="29" WC="0.96" CONTENT="dem"/><SP WIDTH="16" VPOS="641" HPOS="206"/>
							<String ID="string_84" HPOS="222" VPOS="640" WIDTH="10" HEIGHT="29" WC="0.96" CONTENT="i"/><SP WIDTH="17" VPOS="640" HPOS="232"/>
							<String ID="string_85" HPOS="249" VPOS="639" WIDTH="126" HEIGHT="38" WC="0.96" CONTENT="frågor,"/><SP WIDTH="20" VPOS="639" HPOS="375"/>
							<String ID="string_86" HPOS="395" VPOS="648" WIDTH="75" HEIGHT="20" WC="0.93" CONTENT="som"/><SP WIDTH="17" VPOS="648" HPOS="470"/>
							<String ID="string_87" HPOS="487" VPOS="637" WIDTH="89" HEIGHT="39" WC="0.91" CONTENT="angå"/><SP WIDTH="17" VPOS="637" HPOS="576"/>
							<String ID="string_88" HPOS="593" VPOS="635" WIDTH="317" HEIGHT="40" WC="0.92" CONTENT="jordbruksdriften"/><SP WIDTH="17" VPOS="635" HPOS="910"/>
							<String ID="string_89" HPOS="927" VPOS="635" WIDTH="11" HEIGHT="29" WC="0.96" CONTENT="i"/><SP WIDTH="17" VPOS="635" HPOS="938"/>
							<String ID="string_90" HPOS="955" VPOS="635" WIDTH="145" HEIGHT="29" WC="0.96" CONTENT="blocket."/><SP WIDTH="21" VPOS="635" HPOS="1100"/>
							<String ID="string_91" HPOS="1121" VPOS="633" WIDTH="164" HEIGHT="38" WC="0.96" CONTENT="Slutligen"/><SP WIDTH="18" VPOS="633" HPOS="1285"/>
							<String ID="string_92" HPOS="1303" VPOS="633" WIDTH="45" HEIGHT="30" WC="0.93" CONTENT="ha"/><SP WIDTH="18" VPOS="633" HPOS="1348"/>
							<String ID="string_93" HPOS="1366" VPOS="631" WIDTH="247" HEIGHT="31" WC="0.91" CONTENT="blockledarna"/>
						</TextLine>
						<TextLine ID="line_11" HPOS="127" VPOS="676" WIDTH="1485" HEIGHT="46">
							<String ID="string_94" HPOS="127" VPOS="685" WIDTH="8" HEIGHT="29" WC="0.96" CONTENT="i"/><SP WIDTH="24" VPOS="685" HPOS="135"/>
							<String ID="string_95" HPOS="159" VPOS="688" WIDTH="47" HEIGHT="26" WC="0.96" CONTENT="ett"/><SP WIDTH="21" VPOS="688" HPOS="206"/>
							<String ID="string_96" HPOS="227" VPOS="684" WIDTH="74" HEIGHT="30" WC="0.96" CONTENT="icke"/><SP WIDTH="23" VPOS="684" HPOS="301"/>
							<String ID="string_97" HPOS="324" VPOS="682" WIDTH="189" HEIGHT="40" WC="0.96" CONTENT="obetydligt"/><SP WIDTH="23" VPOS="682" HPOS="513"/>
							<String ID="string_98" HPOS="536" VPOS="682" WIDTH="93" HEIGHT="30" WC="0.96" CONTENT="antal"/><SP WIDTH="23" VPOS="682" HPOS="629"/>
							<String ID="string_99" HPOS="652" VPOS="681" WIDTH="63" HEIGHT="29" WC="0.96" CONTENT="fall"/><SP WIDTH="22" VPOS="681" HPOS="715"/>
							<String ID="string_100" HPOS="737" VPOS="680" WIDTH="217" HEIGHT="39" WC="0.95" CONTENT="personligen"/><SP WIDTH="23" VPOS="680" HPOS="954"/>
							<String ID="string_101" HPOS="977" VPOS="678" WIDTH="65" HEIGHT="31" WC="0.96" CONTENT="fått"/><SP WIDTH="22" VPOS="678" HPOS="1042"/>
							<String ID="string_102" HPOS="1064" VPOS="678" WIDTH="135" HEIGHT="39" WC="0.96" CONTENT="ingripa"/><SP WIDTH="23" VPOS="678" HPOS="1199"/>
							<String ID="string_103" HPOS="1222" VPOS="678" WIDTH="11" HEIGHT="29" WC="0.96" CONTENT="i"/><SP WIDTH="23" VPOS="678" HPOS="1233"/>
							<String ID="string_104" HPOS="1256" VPOS="677" WIDTH="151" HEIGHT="30" WC="0.95" CONTENT="skötseln"/><SP WIDTH="24" VPOS="677" HPOS="1407"/>
							<String ID="string_105" HPOS="1431" VPOS="687" WIDTH="42" HEIGHT="19" WC="0.93" CONTENT="av"/><SP WIDTH="23" VPOS="687" HPOS="1473"/>
							<String ID="string_106" HPOS="1496" VPOS="676" WIDTH="116" HEIGHT="29" WC="0.91" CONTENT="block-"/>
						</TextLine>
						<TextLine ID="line_12" HPOS="127" VPOS="719" WIDTH="1486" HEIGHT="47">
							<String ID="string_107" HPOS="127" VPOS="729" WIDTH="148" HEIGHT="30" WC="0.95" CONTENT="medlem"/><SP WIDTH="19" VPOS="729" HPOS="275"/>
							<String ID="string_108" HPOS="294" VPOS="728" WIDTH="151" HEIGHT="38" WC="0.93" CONTENT="tillhörig"/><SP WIDTH="19" VPOS="728" HPOS="445"/>
							<String ID="string_109" HPOS="464" VPOS="725" WIDTH="249" HEIGHT="39" WC="0.92" CONTENT="brukningsdel"/><SP WIDTH="21" VPOS="725" HPOS="713"/>
							<String ID="string_110" HPOS="734" VPOS="725" WIDTH="162" HEIGHT="37" WC="0.95" CONTENT="antingen"/><SP WIDTH="20" VPOS="725" HPOS="896"/>
							<String ID="string_111" HPOS="916" VPOS="731" WIDTH="124" HEIGHT="31" WC="0.96" CONTENT="genom"/><SP WIDTH="20" VPOS="731" HPOS="1040"/>
							<String ID="string_112" HPOS="1060" VPOS="727" WIDTH="48" HEIGHT="26" WC="0.96" CONTENT="att"/><SP WIDTH="20" VPOS="727" HPOS="1108"/>
							<String ID="string_113" HPOS="1128" VPOS="723" WIDTH="88" HEIGHT="38" WC="0.96" CONTENT="själv"/><SP WIDTH="20" VPOS="723" HPOS="1216"/>
							<String ID="string_114" HPOS="1236" VPOS="723" WIDTH="116" HEIGHT="29" WC="0.96" CONTENT="lämna"/><SP WIDTH="21" VPOS="723" HPOS="1352"/>
							<String ID="string_115" HPOS="1373" VPOS="720" WIDTH="130" HEIGHT="39" WC="0.96" CONTENT="gården"/><SP WIDTH="20" VPOS="720" HPOS="1503"/>
							<String ID="string_116" HPOS="1523" VPOS="719" WIDTH="90" HEIGHT="30" WC="0.96" CONTENT="vissa"/>
						</TextLine>
						<TextLine ID="line_13" HPOS="127" VPOS="764" WIDTH="1486" HEIGHT="48">
							<String ID="string_117" HPOS="127" VPOS="774" WIDTH="144" HEIGHT="38" WC="0.96" CONTENT="tjänster"/><SP WIDTH="25" VPOS="774" HPOS="271"/>
							<String ID="string_118" HPOS="296" VPOS="773" WIDTH="80" HEIGHT="29" WC="0.96" CONTENT="eller"/><SP WIDTH="27" VPOS="773" HPOS="376"/>
							<String ID="string_119" HPOS="403" VPOS="771" WIDTH="106" HEIGHT="30" WC="0.96" CONTENT="också"/><SP WIDTH="26" VPOS="771" HPOS="509"/>
							<String ID="string_120" HPOS="535" VPOS="779" WIDTH="122" HEIGHT="30" WC="0.96" CONTENT="genom"/><SP WIDTH="27" VPOS="779" HPOS="657"/>
							<String ID="string_121" HPOS="684" VPOS="773" WIDTH="49" HEIGHT="27" WC="0.96" CONTENT="att"/><SP WIDTH="26" VPOS="773" HPOS="733"/>
							<String ID="string_122" HPOS="759" VPOS="768" WIDTH="164" HEIGHT="31" WC="0.96" CONTENT="anskaffa"/><SP WIDTH="27" VPOS="768" HPOS="923"/>
							<String ID="string_123" HPOS="950" VPOS="767" WIDTH="202" HEIGHT="39" WC="0.96" CONTENT="erforderlig"/><SP WIDTH="27" VPOS="767" HPOS="1152"/>
							<String ID="string_124" HPOS="1179" VPOS="766" WIDTH="95" HEIGHT="40" WC="0.96" CONTENT="hjälp"/><SP WIDTH="28" VPOS="766" HPOS="1274"/>
							<String ID="string_125" HPOS="1302" VPOS="766" WIDTH="49" HEIGHT="30" WC="0.96" CONTENT="till"/><SP WIDTH="28" VPOS="766" HPOS="1351"/>
							<String ID="string_126" HPOS="1379" VPOS="765" WIDTH="129" HEIGHT="39" WC="0.96" CONTENT="gården"/><SP WIDTH="26" VPOS="765" HPOS="1508"/>
							<String ID="string_127" HPOS="1534" VPOS="764" WIDTH="79" HEIGHT="30" WC="0.96" CONTENT="från"/>
						</TextLine>
						<TextLine ID="line_14" HPOS="127" VPOS="809" WIDTH="1485" HEIGHT="43">
							<String ID="string_128" HPOS="127" VPOS="821" WIDTH="107" HEIGHT="27" WC="0.96" CONTENT="annat"/><SP WIDTH="25" VPOS="821" HPOS="234"/>
							<String ID="string_129" HPOS="259" VPOS="817" WIDTH="80" HEIGHT="30" WC="0.96" CONTENT="håll."/><SP WIDTH="28" VPOS="817" HPOS="339"/>
							<String ID="string_130" HPOS="367" VPOS="816" WIDTH="117" HEIGHT="31" WC="0.96" CONTENT="Under"/><SP WIDTH="26" VPOS="816" HPOS="484"/>
							<String ID="string_131" HPOS="510" VPOS="819" WIDTH="45" HEIGHT="26" WC="0.93" CONTENT="ett"/><SP WIDTH="26" VPOS="819" HPOS="555"/>
							<String ID="string_132" HPOS="581" VPOS="812" WIDTH="381" HEIGHT="40" WC="0.91" CONTENT="verkställighetsskede"/><SP WIDTH="26" VPOS="812" HPOS="962"/>
							<String ID="string_133" HPOS="988" VPOS="812" WIDTH="155" HEIGHT="30" WC="0.96" CONTENT="däremot"/><SP WIDTH="25" VPOS="812" HPOS="1143"/>
							<String ID="string_134" HPOS="1168" VPOS="811" WIDTH="66" HEIGHT="30" WC="0.93" CONTENT="blir"/><SP WIDTH="26" VPOS="811" HPOS="1234"/>
							<String ID="string_135" HPOS="1260" VPOS="810" WIDTH="264" HEIGHT="30" WC="0.90" CONTENT="blockledarnas"/><SP WIDTH="26" VPOS="810" HPOS="1524"/>
							<String ID="string_136" HPOS="1550" VPOS="809" WIDTH="62" HEIGHT="30" WC="0.92" CONTENT="hu-"/>
						</TextLine>
						<TextLine ID="line_15" HPOS="127" VPOS="854" WIDTH="1422" HEIGHT="46">
							<String ID="string_137" HPOS="127" VPOS="862" WIDTH="203" HEIGHT="38" WC="0.90" CONTENT="vudsakliga"/><SP WIDTH="20" VPOS="862" HPOS="330"/>
							<String ID="string_138" HPOS="350" VPOS="860" WIDTH="138" HEIGHT="40" WC="0.96" CONTENT="uppgift"/><SP WIDTH="20" VPOS="860" HPOS="488"/>
							<String ID="string_139" HPOS="508" VPOS="864" WIDTH="49" HEIGHT="26" WC="0.96" CONTENT="att"/><SP WIDTH="18" VPOS="864" HPOS="557"/>
							<String ID="string_140" HPOS="575" VPOS="859" WIDTH="173" HEIGHT="39" WC="0.96" CONTENT="praktiskt"/><SP WIDTH="19" VPOS="859" HPOS="748"/>
							<String ID="string_141" HPOS="767" VPOS="858" WIDTH="135" HEIGHT="38" WC="0.95" CONTENT="ingripa"/><SP WIDTH="20" VPOS="858" HPOS="902"/>
							<String ID="string_142" HPOS="922" VPOS="858" WIDTH="10" HEIGHT="29" WC="0.93" CONTENT="i"/><SP WIDTH="20" VPOS="858" HPOS="932"/>
							<String ID="string_143" HPOS="952" VPOS="855" WIDTH="317" HEIGHT="41" WC="0.91" CONTENT="jordbruksdriften"/><SP WIDTH="20" VPOS="855" HPOS="1269"/>
							<String ID="string_144" HPOS="1289" VPOS="856" WIDTH="95" HEIGHT="30" WC="0.96" CONTENT="inom"/><SP WIDTH="20" VPOS="856" HPOS="1384"/>
							<String ID="string_145" HPOS="1404" VPOS="854" WIDTH="145" HEIGHT="31" WC="0.96" CONTENT="blocket."/>
						</TextLine>
					</TextBlock>
					<TextBlock ID="block_4" HPOS="125" VPOS="898" WIDTH="1488" HEIGHT="400">
						<TextLine ID="line_16" HPOS="171" VPOS="898" WIDTH="1442" HEIGHT="45">
							<String ID="string_146" HPOS="171" VPOS="902" WIDTH="338" HEIGHT="35" WC="0.92" CONTENT="Överblockledarna"/><SP WIDTH="24" VPOS="902" HPOS="509"/>
							<String ID="string_147" HPOS="533" VPOS="904" WIDTH="159" HEIGHT="39" WC="0.96" CONTENT="uppbära"/><SP WIDTH="23" VPOS="904" HPOS="692"/>
							<String ID="string_148" HPOS="715" VPOS="904" WIDTH="11" HEIGHT="29" WC="0.96" CONTENT="i"/><SP WIDTH="24" VPOS="904" HPOS="726"/>
							<String ID="string_149" HPOS="750" VPOS="903" WIDTH="171" HEIGHT="38" WC="0.96" CONTENT="egenskap"/><SP WIDTH="26" VPOS="903" HPOS="921"/>
							<String ID="string_150" HPOS="947" VPOS="912" WIDTH="43" HEIGHT="20" WC="0.93" CONTENT="av"/><SP WIDTH="24" VPOS="912" HPOS="990"/>
							<String ID="string_151" HPOS="1014" VPOS="901" WIDTH="159" HEIGHT="30" WC="0.92" CONTENT="biträden"/><SP WIDTH="24" VPOS="901" HPOS="1173"/>
							<String ID="string_152" HPOS="1197" VPOS="900" WIDTH="34" HEIGHT="31" WC="0.92" CONTENT="åt"/><SP WIDTH="24" VPOS="900" HPOS="1231"/>
							<String ID="string_153" HPOS="1255" VPOS="898" WIDTH="358" HEIGHT="32" WC="0.91" CONTENT="kristidsnämnderna"/>
						</TextLine>
						<TextLine ID="line_17" HPOS="126" VPOS="942" WIDTH="1486" HEIGHT="47">
							<String ID="string_154" HPOS="126" VPOS="952" WIDTH="188" HEIGHT="37" WC="0.95" CONTENT="ersättning"/><SP WIDTH="26" VPOS="952" HPOS="314"/>
							<String ID="string_155" HPOS="340" VPOS="951" WIDTH="55" HEIGHT="29" WC="0.96" CONTENT="för"/><SP WIDTH="26" VPOS="951" HPOS="395"/>
							<String ID="string_156" HPOS="421" VPOS="950" WIDTH="58" HEIGHT="30" WC="0.96" CONTENT="sitt"/><SP WIDTH="26" VPOS="950" HPOS="479"/>
							<String ID="string_157" HPOS="505" VPOS="949" WIDTH="115" HEIGHT="30" WC="0.96" CONTENT="arbete"/><SP WIDTH="26" VPOS="949" HPOS="620"/>
							<String ID="string_158" HPOS="646" VPOS="948" WIDTH="160" HEIGHT="38" WC="0.96" CONTENT="vanligen"/><SP WIDTH="25" VPOS="948" HPOS="806"/>
							<String ID="string_159" HPOS="831" VPOS="947" WIDTH="105" HEIGHT="37" WC="0.96" CONTENT="enligt"/><SP WIDTH="27" VPOS="947" HPOS="936"/>
							<String ID="string_160" HPOS="963" VPOS="946" WIDTH="90" HEIGHT="31" WC="0.96" CONTENT="vissa"/><SP WIDTH="27" VPOS="946" HPOS="1053"/>
							<String ID="string_161" HPOS="1080" VPOS="956" WIDTH="42" HEIGHT="20" WC="0.92" CONTENT="av"/><SP WIDTH="27" VPOS="956" HPOS="1122"/>
							<String ID="string_162" HPOS="1149" VPOS="945" WIDTH="348" HEIGHT="38" WC="0.90" CONTENT="kristidsstyrelserna"/><SP WIDTH="28" VPOS="945" HPOS="1497"/>
							<String ID="string_163" HPOS="1525" VPOS="942" WIDTH="87" HEIGHT="31" WC="0.90" CONTENT="före-"/>
						</TextLine>
						<TextLine ID="line_18" HPOS="126" VPOS="991" WIDTH="1487" HEIGHT="43">
							<String ID="string_164" HPOS="126" VPOS="997" WIDTH="121" HEIGHT="37" WC="0.96" CONTENT="slagna"/><SP WIDTH="22" VPOS="997" HPOS="247"/>
							<String ID="string_165" HPOS="269" VPOS="1004" WIDTH="146" HEIGHT="21" WC="0.95" CONTENT="normer."/><SP WIDTH="25" VPOS="1004" HPOS="415"/>
							<String ID="string_166" HPOS="440" VPOS="994" WIDTH="200" HEIGHT="39" WC="0.96" CONTENT="Uppdraget"/><SP WIDTH="23" VPOS="994" HPOS="640"/>
							<String ID="string_167" HPOS="663" VPOS="992" WIDTH="115" HEIGHT="31" WC="0.93" CONTENT="såsom"/><SP WIDTH="21" VPOS="992" HPOS="778"/>
							<String ID="string_168" HPOS="799" VPOS="991" WIDTH="220" HEIGHT="31" WC="0.91" CONTENT="blockledare"/><SP WIDTH="22" VPOS="991" HPOS="1019"/>
							<String ID="string_169" HPOS="1041" VPOS="991" WIDTH="64" HEIGHT="30" WC="0.96" CONTENT="har"/><SP WIDTH="24" VPOS="991" HPOS="1105"/>
							<String ID="string_170" HPOS="1129" VPOS="991" WIDTH="156" HEIGHT="29" WC="0.96" CONTENT="däremot"/><SP WIDTH="22" VPOS="991" HPOS="1285"/>
							<String ID="string_171" HPOS="1307" VPOS="992" WIDTH="128" HEIGHT="27" WC="0.96" CONTENT="ansetts"/><SP WIDTH="25" VPOS="992" HPOS="1435"/>
							<String ID="string_172" HPOS="1460" VPOS="998" WIDTH="83" HEIGHT="20" WC="0.96" CONTENT="vara"/><SP WIDTH="24" VPOS="998" HPOS="1543"/>
							<String ID="string_173" HPOS="1567" VPOS="991" WIDTH="46" HEIGHT="26" WC="0.96" CONTENT="ett"/>
						</TextLine>
						<TextLine ID="line_19" HPOS="127" VPOS="1033" WIDTH="1485" HEIGHT="45">
							<String ID="string_174" HPOS="127" VPOS="1044" WIDTH="75" HEIGHT="26" WC="0.93" CONTENT="rent"/><SP WIDTH="17" VPOS="1044" HPOS="202"/>
							<String ID="string_175" HPOS="219" VPOS="1039" WIDTH="367" HEIGHT="39" WC="0.90" CONTENT="förtroendeuppdrag,"/><SP WIDTH="18" VPOS="1039" HPOS="586"/>
							<String ID="string_176" HPOS="604" VPOS="1038" WIDTH="66" HEIGHT="29" WC="0.96" CONTENT="och"/><SP WIDTH="17" VPOS="1038" HPOS="670"/>
							<String ID="string_177" HPOS="687" VPOS="1036" WIDTH="115" HEIGHT="39" WC="0.96" CONTENT="någon"/><SP WIDTH="17" VPOS="1036" HPOS="802"/>
							<String ID="string_178" HPOS="819" VPOS="1036" WIDTH="189" HEIGHT="38" WC="0.96" CONTENT="ersättning"/><SP WIDTH="18" VPOS="1036" HPOS="1008"/>
							<String ID="string_179" HPOS="1026" VPOS="1035" WIDTH="54" HEIGHT="30" WC="0.96" CONTENT="för"/><SP WIDTH="18" VPOS="1035" HPOS="1080"/>
							<String ID="string_180" HPOS="1098" VPOS="1035" WIDTH="191" HEIGHT="29" WC="0.96" CONTENT="detsamma"/><SP WIDTH="17" VPOS="1035" HPOS="1289"/>
							<String ID="string_181" HPOS="1306" VPOS="1033" WIDTH="101" HEIGHT="39" WC="0.96" CONTENT="utgår"/><SP WIDTH="18" VPOS="1033" HPOS="1407"/>
							<String ID="string_182" HPOS="1425" VPOS="1033" WIDTH="75" HEIGHT="30" WC="0.96" CONTENT="icke"/><SP WIDTH="16" VPOS="1033" HPOS="1500"/>
							<String ID="string_183" HPOS="1516" VPOS="1035" WIDTH="96" HEIGHT="26" WC="0.96" CONTENT="utom"/>
						</TextLine>
						<TextLine ID="line_20" HPOS="125" VPOS="1076" WIDTH="1487" HEIGHT="46">
							<String ID="string_184" HPOS="125" VPOS="1085" WIDTH="9" HEIGHT="29" WC="0.96" CONTENT="i"/><SP WIDTH="22" VPOS="1085" HPOS="134"/>
							<String ID="string_185" HPOS="156" VPOS="1094" WIDTH="83" HEIGHT="21" WC="0.96" CONTENT="rena"/><SP WIDTH="21" VPOS="1094" HPOS="239"/>
							<String ID="string_186" HPOS="260" VPOS="1083" WIDTH="269" HEIGHT="39" WC="0.96" CONTENT="undantagsfall."/><SP WIDTH="23" VPOS="1083" HPOS="529"/>
							<String ID="string_187" HPOS="552" VPOS="1082" WIDTH="102" HEIGHT="30" WC="0.93" CONTENT="Såväl"/><SP WIDTH="20" VPOS="1082" HPOS="654"/>
							<String ID="string_188" HPOS="674" VPOS="1080" WIDTH="302" HEIGHT="31" WC="0.92" CONTENT="överblockledare"/><SP WIDTH="22" VPOS="1080" HPOS="976"/>
							<String ID="string_189" HPOS="998" VPOS="1090" WIDTH="74" HEIGHT="20" WC="0.93" CONTENT="som"/><SP WIDTH="20" VPOS="1090" HPOS="1072"/>
							<String ID="string_190" HPOS="1092" VPOS="1078" WIDTH="219" HEIGHT="30" WC="0.90" CONTENT="blockledare"/><SP WIDTH="21" VPOS="1078" HPOS="1311"/>
							<String ID="string_191" HPOS="1332" VPOS="1078" WIDTH="61" HEIGHT="30" WC="0.96" CONTENT="äro"/><SP WIDTH="22" VPOS="1078" HPOS="1393"/>
							<String ID="string_192" HPOS="1415" VPOS="1076" WIDTH="197" HEIGHT="38" WC="0.96" CONTENT="visserligen"/>
						</TextLine>
						<TextLine ID="line_21" HPOS="126" VPOS="1121" WIDTH="1486" HEIGHT="47">
							<String ID="string_193" HPOS="126" VPOS="1129" WIDTH="158" HEIGHT="39" WC="0.96" CONTENT="skyldiga"/><SP WIDTH="25" VPOS="1129" HPOS="284"/>
							<String ID="string_194" HPOS="309" VPOS="1132" WIDTH="48" HEIGHT="26" WC="0.93" CONTENT="att"/><SP WIDTH="25" VPOS="1132" HPOS="357"/>
							<String ID="string_195" HPOS="382" VPOS="1127" WIDTH="118" HEIGHT="40" WC="0.90" CONTENT="åtlyda"/><SP WIDTH="26" VPOS="1127" HPOS="500"/>
							<String ID="string_196" HPOS="526" VPOS="1127" WIDTH="145" HEIGHT="30" WC="0.96" CONTENT="direktiv"/><SP WIDTH="25" VPOS="1127" HPOS="671"/>
							<String ID="string_197" HPOS="696" VPOS="1125" WIDTH="80" HEIGHT="31" WC="0.93" CONTENT="från"/><SP WIDTH="24" VPOS="1125" HPOS="776"/>
							<String ID="string_198" HPOS="800" VPOS="1123" WIDTH="424" HEIGHT="39" WC="0.91" CONTENT="riksblockmyndigheten"/><SP WIDTH="25" VPOS="1123" HPOS="1224"/>
							<String ID="string_199" HPOS="1249" VPOS="1132" WIDTH="79" HEIGHT="21" WC="0.96" CONTENT="men"/><SP WIDTH="25" VPOS="1132" HPOS="1328"/>
							<String ID="string_200" HPOS="1353" VPOS="1123" WIDTH="61" HEIGHT="29" WC="0.96" CONTENT="äro"/><SP WIDTH="26" VPOS="1123" HPOS="1414"/>
							<String ID="string_201" HPOS="1440" VPOS="1122" WIDTH="136" HEIGHT="30" WC="0.95" CONTENT="ändock"/><SP WIDTH="25" VPOS="1122" HPOS="1576"/>
							<String ID="string_202" HPOS="1601" VPOS="1121" WIDTH="11" HEIGHT="30" WC="0.96" CONTENT="i"/>
						</TextLine>
						<TextLine ID="line_22" HPOS="125" VPOS="1165" WIDTH="1486" HEIGHT="47">
							<String ID="string_203" HPOS="125" VPOS="1173" WIDTH="134" HEIGHT="39" WC="0.96" CONTENT="princip"/><SP WIDTH="24" VPOS="1173" HPOS="259"/>
							<String ID="string_204" HPOS="283" VPOS="1177" WIDTH="48" HEIGHT="26" WC="0.96" CONTENT="att"/><SP WIDTH="22" VPOS="1177" HPOS="331"/>
							<String ID="string_205" HPOS="353" VPOS="1182" WIDTH="82" HEIGHT="21" WC="0.96" CONTENT="anse"/><SP WIDTH="24" VPOS="1182" HPOS="435"/>
							<String ID="string_206" HPOS="459" VPOS="1171" WIDTH="114" HEIGHT="31" WC="0.91" CONTENT="såsom"/><SP WIDTH="21" VPOS="1171" HPOS="573"/>
							<String ID="string_207" HPOS="594" VPOS="1169" WIDTH="376" HEIGHT="32" WC="0.91" CONTENT="kristidsnämndernas"/><SP WIDTH="23" VPOS="1169" HPOS="970"/>
							<String ID="string_208" HPOS="993" VPOS="1168" WIDTH="159" HEIGHT="30" WC="0.91" CONTENT="biträden"/><SP WIDTH="23" VPOS="1168" HPOS="1152"/>
							<String ID="string_209" HPOS="1175" VPOS="1168" WIDTH="65" HEIGHT="30" WC="0.96" CONTENT="och"/><SP WIDTH="23" VPOS="1168" HPOS="1240"/>
							<String ID="string_210" HPOS="1263" VPOS="1166" WIDTH="119" HEIGHT="32" WC="0.96" CONTENT="därför"/><SP WIDTH="23" VPOS="1166" HPOS="1382"/>
							<String ID="string_211" HPOS="1405" VPOS="1167" WIDTH="10" HEIGHT="29" WC="0.96" CONTENT="i"/><SP WIDTH="25" VPOS="1167" HPOS="1415"/>
							<String ID="string_212" HPOS="1440" VPOS="1165" WIDTH="171" HEIGHT="39" WC="0.95" CONTENT="egenskap"/>
						</TextLine>
						<TextLine ID="line_23" HPOS="125" VPOS="1210" WIDTH="1486" HEIGHT="41">
							<String ID="string_213" HPOS="125" VPOS="1228" WIDTH="43" HEIGHT="20" WC="0.95" CONTENT="av"/><SP WIDTH="26" VPOS="1228" HPOS="168"/>
							<String ID="string_214" HPOS="194" VPOS="1218" WIDTH="226" HEIGHT="30" WC="0.93" CONTENT="kommunala"/><SP WIDTH="27" VPOS="1218" HPOS="420"/>
							<String ID="string_215" HPOS="447" VPOS="1216" WIDTH="283" HEIGHT="30" WC="0.92" CONTENT="förtroendemän"/><SP WIDTH="27" VPOS="1216" HPOS="730"/>
							<String ID="string_216" HPOS="757" VPOS="1218" WIDTH="48" HEIGHT="27" WC="0.96" CONTENT="att"/><SP WIDTH="25" VPOS="1218" HPOS="805"/>
							<String ID="string_217" HPOS="830" VPOS="1214" WIDTH="152" HEIGHT="30" WC="0.96" CONTENT="hänföra"/><SP WIDTH="26" VPOS="1214" HPOS="982"/>
							<String ID="string_218" HPOS="1008" VPOS="1214" WIDTH="50" HEIGHT="29" WC="0.96" CONTENT="till"/><SP WIDTH="28" VPOS="1214" HPOS="1058"/>
							<String ID="string_219" HPOS="1086" VPOS="1214" WIDTH="66" HEIGHT="29" WC="0.96" CONTENT="den"/><SP WIDTH="27" VPOS="1214" HPOS="1152"/>
							<String ID="string_220" HPOS="1179" VPOS="1220" WIDTH="110" HEIGHT="31" WC="0.96" CONTENT="grupp"/><SP WIDTH="28" VPOS="1220" HPOS="1289"/>
							<String ID="string_221" HPOS="1317" VPOS="1221" WIDTH="43" HEIGHT="21" WC="0.92" CONTENT="av"/><SP WIDTH="26" VPOS="1221" HPOS="1360"/>
							<String ID="string_222" HPOS="1386" VPOS="1210" WIDTH="225" HEIGHT="39" WC="0.90" CONTENT="befattnings-"/>
						</TextLine>
						<TextLine ID="line_24" HPOS="125" VPOS="1257" WIDTH="1294" HEIGHT="41">
							<String ID="string_223" HPOS="125" VPOS="1263" WIDTH="138" HEIGHT="35" WC="0.90" CONTENT="havare,"/><SP WIDTH="22" VPOS="1263" HPOS="263"/>
							<String ID="string_224" HPOS="285" VPOS="1262" WIDTH="55" HEIGHT="30" WC="0.96" CONTENT="för"/><SP WIDTH="21" VPOS="1262" HPOS="340"/>
							<String ID="string_225" HPOS="361" VPOS="1261" WIDTH="93" HEIGHT="31" WC="0.96" CONTENT="vilka"/><SP WIDTH="21" VPOS="1261" HPOS="454"/>
							<String ID="string_226" HPOS="475" VPOS="1264" WIDTH="110" HEIGHT="27" WC="0.96" CONTENT="staten"/><SP WIDTH="20" VPOS="1264" HPOS="585"/>
							<String ID="string_227" HPOS="605" VPOS="1260" WIDTH="76" HEIGHT="30" WC="0.96" CONTENT="icke"/><SP WIDTH="20" VPOS="1260" HPOS="681"/>
							<String ID="string_228" HPOS="701" VPOS="1260" WIDTH="65" HEIGHT="30" WC="0.96" CONTENT="har"/><SP WIDTH="21" VPOS="1260" HPOS="766"/>
							<String ID="string_229" HPOS="787" VPOS="1257" WIDTH="104" HEIGHT="40" WC="0.96" CONTENT="något"/><SP WIDTH="21" VPOS="1257" HPOS="891"/>
							<String ID="string_230" HPOS="912" VPOS="1258" WIDTH="113" HEIGHT="30" WC="0.96" CONTENT="direkt"/><SP WIDTH="20" VPOS="1258" HPOS="1025"/>
							<String ID="string_231" HPOS="1045" VPOS="1257" WIDTH="218" HEIGHT="30" WC="0.96" CONTENT="ekonomiskt"/><SP WIDTH="21" VPOS="1257" HPOS="1263"/>
							<String ID="string_232" HPOS="1284" VPOS="1265" WIDTH="135" HEIGHT="21" WC="0.96" CONTENT="ansvar."/>
						</TextLine>
					</TextBlock>
					<TextBlock ID="block_5" HPOS="120" VPOS="1299" WIDTH="1492" HEIGHT="711">
						<TextLine ID="line_25" HPOS="169" VPOS="1299" WIDTH="1443" HEIGHT="39">
							<String ID="string_233" HPOS="169" VPOS="1308" WIDTH="14" HEIGHT="29" WC="0.96" CONTENT="I"/><SP WIDTH="21" VPOS="1308" HPOS="183"/>
							<String ID="string_234" HPOS="204" VPOS="1307" WIDTH="66" HEIGHT="30" WC="0.96" CONTENT="den"/><SP WIDTH="20" VPOS="1307" HPOS="270"/>
							<String ID="string_235" HPOS="290" VPOS="1306" WIDTH="217" HEIGHT="30" WC="0.96" CONTENT="remitterade"/><SP WIDTH="20" VPOS="1306" HPOS="507"/>
							<String ID="string_236" HPOS="527" VPOS="1305" WIDTH="176" HEIGHT="30" WC="0.96" CONTENT="motionen"/><SP WIDTH="20" VPOS="1305" HPOS="703"/>
							<String ID="string_237" HPOS="723" VPOS="1305" WIDTH="64" HEIGHT="29" WC="0.96" CONTENT="har"/><SP WIDTH="20" VPOS="1305" HPOS="787"/>
							<String ID="string_238" HPOS="807" VPOS="1303" WIDTH="217" HEIGHT="30" WC="0.96" CONTENT="motionären"/><SP WIDTH="20" VPOS="1303" HPOS="1024"/>
							<String ID="string_239" HPOS="1044" VPOS="1302" WIDTH="133" HEIGHT="36" WC="0.96" CONTENT="uttalat,"/><SP WIDTH="23" VPOS="1302" HPOS="1177"/>
							<String ID="string_240" HPOS="1200" VPOS="1305" WIDTH="48" HEIGHT="27" WC="0.93" CONTENT="att"/><SP WIDTH="21" VPOS="1305" HPOS="1248"/>
							<String ID="string_241" HPOS="1269" VPOS="1300" WIDTH="219" HEIGHT="31" WC="0.91" CONTENT="blockledare"/><SP WIDTH="20" VPOS="1300" HPOS="1488"/>
							<String ID="string_242" HPOS="1508" VPOS="1299" WIDTH="104" HEIGHT="39" WC="0.96" CONTENT="enligt"/>
						</TextLine>
						<TextLine ID="line_26" HPOS="124" VPOS="1344" WIDTH="1486" HEIGHT="44">
							<String ID="string_243" HPOS="124" VPOS="1352" WIDTH="304" HEIGHT="30" WC="0.96" CONTENT="bestämmelserna"/><SP WIDTH="18" VPOS="1352" HPOS="428"/>
							<String ID="string_244" HPOS="446" VPOS="1351" WIDTH="11" HEIGHT="29" WC="0.93" CONTENT="i"/><SP WIDTH="19" VPOS="1351" HPOS="457"/>
							<String ID="string_245" HPOS="476" VPOS="1348" WIDTH="521" HEIGHT="40" WC="0.91" CONTENT="olycksfallsförsäkringslagen"/><SP WIDTH="19" VPOS="1348" HPOS="997"/>
							<String ID="string_246" HPOS="1016" VPOS="1347" WIDTH="74" HEIGHT="30" WC="0.96" CONTENT="icke"/><SP WIDTH="17" VPOS="1347" HPOS="1090"/>
							<String ID="string_247" HPOS="1107" VPOS="1348" WIDTH="121" HEIGHT="29" WC="0.96" CONTENT="kunna"/><SP WIDTH="20" VPOS="1348" HPOS="1228"/>
							<String ID="string_248" HPOS="1248" VPOS="1356" WIDTH="42" HEIGHT="20" WC="0.92" CONTENT="av"/><SP WIDTH="19" VPOS="1356" HPOS="1290"/>
							<String ID="string_249" HPOS="1309" VPOS="1344" WIDTH="301" HEIGHT="39" WC="0.91" CONTENT="riksförsäkrings-"/>
						</TextLine>
						<TextLine ID="line_27" HPOS="125" VPOS="1388" WIDTH="1487" HEIGHT="44">
							<String ID="string_250" HPOS="125" VPOS="1397" WIDTH="171" HEIGHT="29" WC="0.96" CONTENT="anstalten"/><SP WIDTH="15" VPOS="1397" HPOS="296"/>
							<String ID="string_251" HPOS="311" VPOS="1394" WIDTH="131" HEIGHT="31" WC="0.95" CONTENT="erhålla"/><SP WIDTH="17" VPOS="1394" HPOS="442"/>
							<String ID="string_252" HPOS="459" VPOS="1394" WIDTH="188" HEIGHT="38" WC="0.96" CONTENT="ersättning"/><SP WIDTH="17" VPOS="1394" HPOS="647"/>
							<String ID="string_253" HPOS="664" VPOS="1393" WIDTH="55" HEIGHT="30" WC="0.96" CONTENT="för"/><SP WIDTH="17" VPOS="1393" HPOS="719"/>
							<String ID="string_254" HPOS="736" VPOS="1393" WIDTH="136" HEIGHT="35" WC="0.96" CONTENT="skador,"/><SP WIDTH="19" VPOS="1393" HPOS="872"/>
							<String ID="string_255" HPOS="891" VPOS="1402" WIDTH="75" HEIGHT="20" WC="0.96" CONTENT="som"/><SP WIDTH="16" VPOS="1402" HPOS="966"/>
							<String ID="string_256" HPOS="982" VPOS="1392" WIDTH="132" HEIGHT="30" WC="0.96" CONTENT="drabba"/><SP WIDTH="16" VPOS="1392" HPOS="1114"/>
							<String ID="string_257" HPOS="1130" VPOS="1392" WIDTH="78" HEIGHT="29" WC="0.96" CONTENT="dem"/><SP WIDTH="16" VPOS="1392" HPOS="1208"/>
							<String ID="string_258" HPOS="1224" VPOS="1391" WIDTH="110" HEIGHT="29" WC="0.96" CONTENT="under"/><SP WIDTH="16" VPOS="1391" HPOS="1334"/>
							<String ID="string_259" HPOS="1350" VPOS="1391" WIDTH="132" HEIGHT="29" WC="0.96" CONTENT="arbetet"/><SP WIDTH="15" VPOS="1391" HPOS="1482"/>
							<String ID="string_260" HPOS="1497" VPOS="1388" WIDTH="115" HEIGHT="31" WC="0.96" CONTENT="såsom"/>
						</TextLine>
						<TextLine ID="line_28" HPOS="124" VPOS="1433" WIDTH="1486" HEIGHT="42">
							<String ID="string_261" HPOS="124" VPOS="1440" WIDTH="228" HEIGHT="35" WC="0.91" CONTENT="blockledare,"/><SP WIDTH="23" VPOS="1440" HPOS="352"/>
							<String ID="string_262" HPOS="375" VPOS="1439" WIDTH="92" HEIGHT="30" WC="0.96" CONTENT="detta"/><SP WIDTH="22" VPOS="1439" HPOS="467"/>
							<String ID="string_263" HPOS="489" VPOS="1438" WIDTH="51" HEIGHT="30" WC="0.96" CONTENT="till"/><SP WIDTH="21" VPOS="1438" HPOS="540"/>
							<String ID="string_264" HPOS="561" VPOS="1438" WIDTH="151" HEIGHT="30" WC="0.96" CONTENT="skillnad"/><SP WIDTH="21" VPOS="1438" HPOS="712"/>
							<String ID="string_265" HPOS="733" VPOS="1441" WIDTH="71" HEIGHT="26" WC="0.96" CONTENT="mot"/><SP WIDTH="21" VPOS="1441" HPOS="804"/>
							<String ID="string_266" HPOS="825" VPOS="1436" WIDTH="110" HEIGHT="31" WC="0.96" CONTENT="andra"/><SP WIDTH="21" VPOS="1436" HPOS="935"/>
							<String ID="string_267" HPOS="956" VPOS="1444" WIDTH="173" HEIGHT="31" WC="0.95" CONTENT="personer,"/><SP WIDTH="23" VPOS="1444" HPOS="1129"/>
							<String ID="string_268" HPOS="1152" VPOS="1445" WIDTH="76" HEIGHT="20" WC="0.96" CONTENT="som"/><SP WIDTH="21" VPOS="1445" HPOS="1228"/>
							<String ID="string_269" HPOS="1249" VPOS="1434" WIDTH="191" HEIGHT="39" WC="0.96" CONTENT="tjänstgöra"/><SP WIDTH="21" VPOS="1434" HPOS="1440"/>
							<String ID="string_270" HPOS="1461" VPOS="1434" WIDTH="11" HEIGHT="30" WC="0.93" CONTENT="i"/><SP WIDTH="21" VPOS="1434" HPOS="1472"/>
							<String ID="string_271" HPOS="1493" VPOS="1433" WIDTH="117" HEIGHT="30" WC="0.90" CONTENT="bered-"/>
						</TextLine>
						<TextLine ID="line_29" HPOS="125" VPOS="1478" WIDTH="1486" HEIGHT="45">
							<String ID="string_272" HPOS="125" VPOS="1486" WIDTH="85" HEIGHT="37" WC="0.96" CONTENT="skap"/><SP WIDTH="21" VPOS="1486" HPOS="210"/>
							<String ID="string_273" HPOS="231" VPOS="1494" WIDTH="42" HEIGHT="20" WC="0.93" CONTENT="av"/><SP WIDTH="19" VPOS="1494" HPOS="273"/>
							<String ID="string_274" HPOS="292" VPOS="1487" WIDTH="45" HEIGHT="26" WC="0.88" CONTENT="elt"/><SP WIDTH="19" VPOS="1487" HPOS="337"/>
							<String ID="string_275" HPOS="356" VPOS="1484" WIDTH="81" HEIGHT="29" WC="0.96" CONTENT="eller"/><SP WIDTH="21" VPOS="1484" HPOS="437"/>
							<String ID="string_276" HPOS="458" VPOS="1486" WIDTH="106" HEIGHT="27" WC="0.96" CONTENT="annat"/><SP WIDTH="19" VPOS="1486" HPOS="564"/>
							<String ID="string_277" HPOS="583" VPOS="1483" WIDTH="82" HEIGHT="37" WC="0.96" CONTENT="slag."/><SP WIDTH="22" VPOS="1483" HPOS="665"/>
							<String ID="string_278" HPOS="687" VPOS="1482" WIDTH="67" HEIGHT="29" WC="0.96" CONTENT="För"/><SP WIDTH="19" VPOS="1482" HPOS="754"/>
							<String ID="string_279" HPOS="773" VPOS="1485" WIDTH="49" HEIGHT="26" WC="0.96" CONTENT="att"/><SP WIDTH="18" VPOS="1485" HPOS="822"/>
							<String ID="string_280" HPOS="840" VPOS="1481" WIDTH="118" HEIGHT="38" WC="0.96" CONTENT="belysa"/><SP WIDTH="20" VPOS="1481" HPOS="958"/>
							<String ID="string_281" HPOS="978" VPOS="1481" WIDTH="91" HEIGHT="29" WC="0.96" CONTENT="detta"/><SP WIDTH="20" VPOS="1481" HPOS="1069"/>
							<String ID="string_282" HPOS="1089" VPOS="1480" WIDTH="146" HEIGHT="37" WC="0.96" CONTENT="redogör"/><SP WIDTH="20" VPOS="1480" HPOS="1235"/>
							<String ID="string_283" HPOS="1255" VPOS="1478" WIDTH="216" HEIGHT="30" WC="0.96" CONTENT="motionären"/><SP WIDTH="20" VPOS="1478" HPOS="1471"/>
							<String ID="string_284" HPOS="1491" VPOS="1478" WIDTH="55" HEIGHT="30" WC="0.95" CONTENT="för"/><SP WIDTH="20" VPOS="1478" HPOS="1546"/>
							<String ID="string_285" HPOS="1566" VPOS="1480" WIDTH="45" HEIGHT="27" WC="0.95" CONTENT="ett"/>
						</TextLine>
						<TextLine ID="line_30" HPOS="120" VPOS="1523" WIDTH="1492" HEIGHT="43">
							<String ID="string_286" HPOS="120" VPOS="1530" WIDTH="70" HEIGHT="36" WC="0.96" CONTENT="fall,"/><SP WIDTH="27" VPOS="1530" HPOS="190"/>
							<String ID="string_287" HPOS="217" VPOS="1529" WIDTH="44" HEIGHT="30" WC="0.96" CONTENT="då"/><SP WIDTH="24" VPOS="1529" HPOS="261"/>
							<String ID="string_288" HPOS="285" VPOS="1538" WIDTH="41" HEIGHT="21" WC="0.93" CONTENT="en"/><SP WIDTH="23" VPOS="1538" HPOS="326"/>
							<String ID="string_289" HPOS="349" VPOS="1528" WIDTH="229" HEIGHT="35" WC="0.92" CONTENT="blockledare,"/><SP WIDTH="25" VPOS="1528" HPOS="578"/>
							<String ID="string_290" HPOS="603" VPOS="1536" WIDTH="75" HEIGHT="21" WC="0.96" CONTENT="som"/><SP WIDTH="21" VPOS="1536" HPOS="678"/>
							<String ID="string_291" HPOS="699" VPOS="1526" WIDTH="142" HEIGHT="30" WC="0.96" CONTENT="skadats"/><SP WIDTH="23" VPOS="1526" HPOS="841"/>
							<String ID="string_292" HPOS="864" VPOS="1526" WIDTH="111" HEIGHT="30" WC="0.96" CONTENT="under"/><SP WIDTH="25" VPOS="1526" HPOS="975"/>
							<String ID="string_293" HPOS="1000" VPOS="1525" WIDTH="115" HEIGHT="30" WC="0.96" CONTENT="arbete"/><SP WIDTH="22" VPOS="1525" HPOS="1115"/>
							<String ID="string_294" HPOS="1137" VPOS="1525" WIDTH="11" HEIGHT="29" WC="0.96" CONTENT="i"/><SP WIDTH="26" VPOS="1525" HPOS="1148"/>
							<String ID="string_295" HPOS="1174" VPOS="1523" WIDTH="107" HEIGHT="31" WC="0.96" CONTENT="sådan"/><SP WIDTH="26" VPOS="1523" HPOS="1281"/>
							<String ID="string_296" HPOS="1307" VPOS="1523" WIDTH="205" HEIGHT="39" WC="0.96" CONTENT="befattning,"/><SP WIDTH="25" VPOS="1523" HPOS="1512"/>
							<String ID="string_297" HPOS="1537" VPOS="1523" WIDTH="75" HEIGHT="29" WC="0.96" CONTENT="icke"/>
						</TextLine>
						<TextLine ID="line_31" HPOS="123" VPOS="1566" WIDTH="1486" HEIGHT="42">
							<String ID="string_298" HPOS="123" VPOS="1574" WIDTH="135" HEIGHT="29" WC="0.93" CONTENT="kunnat"/><SP WIDTH="18" VPOS="1574" HPOS="258"/>
							<String ID="string_299" HPOS="276" VPOS="1573" WIDTH="226" HEIGHT="29" WC="0.91" CONTENT="tillerkännas"/><SP WIDTH="21" VPOS="1573" HPOS="502"/>
							<String ID="string_300" HPOS="523" VPOS="1571" WIDTH="188" HEIGHT="37" WC="0.96" CONTENT="ersättning"/><SP WIDTH="22" VPOS="1571" HPOS="711"/>
							<String ID="string_301" HPOS="733" VPOS="1570" WIDTH="103" HEIGHT="38" WC="0.93" CONTENT="enligt"/><SP WIDTH="21" VPOS="1570" HPOS="836"/>
							<String ID="string_302" HPOS="857" VPOS="1567" WIDTH="529" HEIGHT="40" WC="0.91" CONTENT="olycksfallsförsäkringslagen."/><SP WIDTH="24" VPOS="1567" HPOS="1386"/>
							<String ID="string_303" HPOS="1410" VPOS="1566" WIDTH="199" HEIGHT="30" WC="0.92" CONTENT="Blockleda-"/>
						</TextLine>
						<TextLine ID="line_32" HPOS="124" VPOS="1611" WIDTH="1485" HEIGHT="44">
							<String ID="string_304" HPOS="124" VPOS="1627" WIDTH="60" HEIGHT="21" WC="0.96" CONTENT="ren"/><SP WIDTH="19" VPOS="1627" HPOS="184"/>
							<String ID="string_305" HPOS="203" VPOS="1617" WIDTH="11" HEIGHT="30" WC="0.96" CONTENT="i"/><SP WIDTH="19" VPOS="1617" HPOS="214"/>
							<String ID="string_306" HPOS="233" VPOS="1616" WIDTH="97" HEIGHT="39" WC="0.96" CONTENT="fråga"/><SP WIDTH="21" VPOS="1616" HPOS="330"/>
							<String ID="string_307" HPOS="351" VPOS="1617" WIDTH="111" HEIGHT="29" WC="0.96" CONTENT="skulle"/><SP WIDTH="19" VPOS="1617" HPOS="462"/>
							<String ID="string_308" HPOS="481" VPOS="1616" WIDTH="109" HEIGHT="29" WC="0.93" CONTENT="under"/><SP WIDTH="19" VPOS="1616" HPOS="590"/>
							<String ID="string_309" HPOS="609" VPOS="1614" WIDTH="261" HEIGHT="38" WC="0.90" CONTENT="höbärgningen"/><SP WIDTH="20" VPOS="1614" HPOS="870"/>
							<String ID="string_310" HPOS="890" VPOS="1614" WIDTH="120" HEIGHT="38" WC="0.96" CONTENT="hjälpa"/><SP WIDTH="21" VPOS="1614" HPOS="1010"/>
							<String ID="string_311" HPOS="1031" VPOS="1623" WIDTH="41" HEIGHT="20" WC="0.96" CONTENT="en"/><SP WIDTH="19" VPOS="1623" HPOS="1072"/>
							<String ID="string_312" HPOS="1091" VPOS="1613" WIDTH="156" HEIGHT="29" WC="0.96" CONTENT="inkallad"/><SP WIDTH="20" VPOS="1613" HPOS="1247"/>
							<String ID="string_313" HPOS="1267" VPOS="1620" WIDTH="129" HEIGHT="30" WC="0.95" CONTENT="granne"/><SP WIDTH="21" VPOS="1620" HPOS="1396"/>
							<String ID="string_314" HPOS="1417" VPOS="1612" WIDTH="79" HEIGHT="30" WC="0.93" CONTENT="med"/><SP WIDTH="20" VPOS="1612" HPOS="1496"/>
							<String ID="string_315" HPOS="1516" VPOS="1611" WIDTH="93" HEIGHT="30" WC="0.93" CONTENT="skör-"/>
						</TextLine>
						<TextLine ID="line_33" HPOS="123" VPOS="1655" WIDTH="1485" HEIGHT="41">
							<String ID="string_316" HPOS="123" VPOS="1663" WIDTH="66" HEIGHT="29" WC="0.96" CONTENT="den"/><SP WIDTH="22" VPOS="1663" HPOS="189"/>
							<String ID="string_317" HPOS="211" VPOS="1662" WIDTH="65" HEIGHT="30" WC="0.96" CONTENT="och"/><SP WIDTH="23" VPOS="1662" HPOS="276"/>
							<String ID="string_318" HPOS="299" VPOS="1661" WIDTH="122" HEIGHT="30" WC="0.96" CONTENT="därvid"/><SP WIDTH="22" VPOS="1661" HPOS="421"/>
							<String ID="string_319" HPOS="443" VPOS="1660" WIDTH="161" HEIGHT="31" WC="0.96" CONTENT="använda"/><SP WIDTH="23" VPOS="1660" HPOS="604"/>
							<String ID="string_320" HPOS="627" VPOS="1660" WIDTH="128" HEIGHT="29" WC="0.93" CONTENT="dennes"/><SP WIDTH="23" VPOS="1660" HPOS="755"/>
							<String ID="string_321" HPOS="778" VPOS="1659" WIDTH="214" HEIGHT="37" WC="0.90" CONTENT="arbetsvagn."/><SP WIDTH="24" VPOS="1659" HPOS="992"/>
							<String ID="string_322" HPOS="1016" VPOS="1658" WIDTH="141" HEIGHT="37" WC="0.96" CONTENT="Vagnen"/><SP WIDTH="24" VPOS="1658" HPOS="1157"/>
							<String ID="string_323" HPOS="1181" VPOS="1667" WIDTH="61" HEIGHT="20" WC="0.96" CONTENT="var"/><SP WIDTH="22" VPOS="1667" HPOS="1242"/>
							<String ID="string_324" HPOS="1264" VPOS="1656" WIDTH="188" HEIGHT="30" WC="0.96" CONTENT="emellertid"/><SP WIDTH="24" VPOS="1656" HPOS="1452"/>
							<String ID="string_325" HPOS="1476" VPOS="1655" WIDTH="132" HEIGHT="35" WC="0.96" CONTENT="sönder,"/>
						</TextLine>
						<TextLine ID="line_34" HPOS="124" VPOS="1700" WIDTH="1485" HEIGHT="43">
							<String ID="string_326" HPOS="124" VPOS="1706" WIDTH="118" HEIGHT="31" WC="0.93" CONTENT="varför"/><SP WIDTH="19" VPOS="1706" HPOS="242"/>
							<String ID="string_327" HPOS="261" VPOS="1705" WIDTH="245" HEIGHT="31" WC="0.91" CONTENT="blockledaren"/><SP WIDTH="21" VPOS="1705" HPOS="506"/>
							<String ID="string_328" HPOS="527" VPOS="1705" WIDTH="95" HEIGHT="29" WC="0.96" CONTENT="sökte"/><SP WIDTH="22" VPOS="1705" HPOS="622"/>
							<String ID="string_329" HPOS="644" VPOS="1713" WIDTH="160" HEIGHT="30" WC="0.96" CONTENT="reparera"/><SP WIDTH="22" VPOS="1713" HPOS="804"/>
							<String ID="string_330" HPOS="826" VPOS="1703" WIDTH="66" HEIGHT="30" WC="0.96" CONTENT="den"/><SP WIDTH="19" VPOS="1703" HPOS="892"/>
							<String ID="string_331" HPOS="911" VPOS="1703" WIDTH="11" HEIGHT="29" WC="0.96" CONTENT="i"/><SP WIDTH="22" VPOS="1703" HPOS="922"/>
							<String ID="string_332" HPOS="944" VPOS="1703" WIDTH="53" HEIGHT="30" WC="0.96" CONTENT="sin"/><SP WIDTH="21" VPOS="1703" HPOS="997"/>
							<String ID="string_333" HPOS="1018" VPOS="1710" WIDTH="84" HEIGHT="31" WC="0.96" CONTENT="egen"/><SP WIDTH="22" VPOS="1710" HPOS="1102"/>
							<String ID="string_334" HPOS="1124" VPOS="1701" WIDTH="141" HEIGHT="39" WC="0.94" CONTENT="smedja."/><SP WIDTH="24" VPOS="1701" HPOS="1265"/>
							<String ID="string_335" HPOS="1289" VPOS="1701" WIDTH="130" HEIGHT="30" WC="0.96" CONTENT="Därvid"/><SP WIDTH="22" VPOS="1701" HPOS="1419"/>
							<String ID="string_336" HPOS="1441" VPOS="1700" WIDTH="168" HEIGHT="30" WC="0.96" CONTENT="skadades"/>
						</TextLine>
						<TextLine ID="line_35" HPOS="122" VPOS="1745" WIDTH="1488" HEIGHT="43">
							<String ID="string_337" HPOS="122" VPOS="1751" WIDTH="261" HEIGHT="29" WC="0.92" CONTENT="blockledarens"/><SP WIDTH="19" VPOS="1751" HPOS="383"/>
							<String ID="string_338" HPOS="402" VPOS="1759" WIDTH="65" HEIGHT="21" WC="0.96" CONTENT="ena"/><SP WIDTH="17" VPOS="1759" HPOS="467"/>
							<String ID="string_339" HPOS="484" VPOS="1750" WIDTH="65" HEIGHT="38" WC="0.92" CONTENT="öga"/><SP WIDTH="17" VPOS="1750" HPOS="549"/>
							<String ID="string_340" HPOS="566" VPOS="1748" WIDTH="38" HEIGHT="31" WC="0.96" CONTENT="så"/><SP WIDTH="18" VPOS="1748" HPOS="604"/>
							<String ID="string_341" HPOS="622" VPOS="1748" WIDTH="102" HEIGHT="36" WC="0.95" CONTENT="svårt,"/><SP WIDTH="20" VPOS="1748" HPOS="724"/>
							<String ID="string_342" HPOS="744" VPOS="1752" WIDTH="48" HEIGHT="26" WC="0.96" CONTENT="att"/><SP WIDTH="17" VPOS="1752" HPOS="792"/>
							<String ID="string_343" HPOS="809" VPOS="1748" WIDTH="55" HEIGHT="29" WC="0.96" CONTENT="det"/><SP WIDTH="18" VPOS="1748" HPOS="864"/>
							<String ID="string_344" HPOS="882" VPOS="1746" WIDTH="109" HEIGHT="31" WC="0.93" CONTENT="måste"/><SP WIDTH="16" VPOS="1746" HPOS="991"/>
							<String ID="string_345" HPOS="1007" VPOS="1747" WIDTH="249" HEIGHT="38" WC="0.92" CONTENT="bortopereras."/><SP WIDTH="20" VPOS="1747" HPOS="1256"/>
							<String ID="string_346" HPOS="1276" VPOS="1745" WIDTH="216" HEIGHT="30" WC="0.96" CONTENT="Motionären"/><SP WIDTH="18" VPOS="1745" HPOS="1492"/>
							<String ID="string_347" HPOS="1510" VPOS="1754" WIDTH="100" HEIGHT="21" WC="0.96" CONTENT="anser"/>
						</TextLine>
						<TextLine ID="line_36" HPOS="124" VPOS="1789" WIDTH="1484" HEIGHT="43">
							<String ID="string_348" HPOS="124" VPOS="1796" WIDTH="55" HEIGHT="29" WC="0.96" CONTENT="det"/><SP WIDTH="21" VPOS="1796" HPOS="179"/>
							<String ID="string_349" HPOS="200" VPOS="1805" WIDTH="82" HEIGHT="20" WC="0.96" CONTENT="vara"/><SP WIDTH="21" VPOS="1805" HPOS="282"/>
							<String ID="string_350" HPOS="303" VPOS="1804" WIDTH="41" HEIGHT="20" WC="0.96" CONTENT="en"/><SP WIDTH="20" VPOS="1804" HPOS="344"/>
							<String ID="string_351" HPOS="364" VPOS="1794" WIDTH="86" HEIGHT="30" WC="0.96" CONTENT="brist"/><SP WIDTH="19" VPOS="1794" HPOS="450"/>
							<String ID="string_352" HPOS="469" VPOS="1794" WIDTH="10" HEIGHT="29" WC="0.96" CONTENT="i"/><SP WIDTH="21" VPOS="1794" HPOS="479"/>
							<String ID="string_353" HPOS="500" VPOS="1793" WIDTH="269" HEIGHT="39" WC="0.96" CONTENT="lagstiftningen,"/><SP WIDTH="22" VPOS="1793" HPOS="769"/>
							<String ID="string_354" HPOS="791" VPOS="1796" WIDTH="48" HEIGHT="26" WC="0.96" CONTENT="att"/><SP WIDTH="20" VPOS="1796" HPOS="839"/>
							<String ID="string_355" HPOS="859" VPOS="1791" WIDTH="190" HEIGHT="39" WC="0.96" CONTENT="ersättning"/><SP WIDTH="20" VPOS="1791" HPOS="1049"/>
							<String ID="string_356" HPOS="1069" VPOS="1791" WIDTH="75" HEIGHT="30" WC="0.96" CONTENT="icke"/><SP WIDTH="21" VPOS="1791" HPOS="1144"/>
							<String ID="string_357" HPOS="1165" VPOS="1792" WIDTH="133" HEIGHT="28" WC="0.96" CONTENT="kunnat"/><SP WIDTH="21" VPOS="1792" HPOS="1298"/>
							<String ID="string_358" HPOS="1319" VPOS="1790" WIDTH="82" HEIGHT="39" WC="0.96" CONTENT="utgå"/><SP WIDTH="20" VPOS="1790" HPOS="1401"/>
							<String ID="string_359" HPOS="1421" VPOS="1790" WIDTH="50" HEIGHT="30" WC="0.93" CONTENT="till"/><SP WIDTH="22" VPOS="1790" HPOS="1471"/>
							<String ID="string_360" HPOS="1493" VPOS="1789" WIDTH="115" HEIGHT="30" WC="0.92" CONTENT="block-"/>
						</TextLine>
						<TextLine ID="line_37" HPOS="122" VPOS="1833" WIDTH="1487" HEIGHT="42">
							<String ID="string_361" HPOS="122" VPOS="1840" WIDTH="140" HEIGHT="29" WC="0.96" CONTENT="ledaren"/><SP WIDTH="18" VPOS="1840" HPOS="262"/>
							<String ID="string_362" HPOS="280" VPOS="1840" WIDTH="64" HEIGHT="29" WC="0.96" CONTENT="och"/><SP WIDTH="19" VPOS="1840" HPOS="344"/>
							<String ID="string_363" HPOS="363" VPOS="1837" WIDTH="146" HEIGHT="31" WC="0.96" CONTENT="föreslår"/><SP WIDTH="18" VPOS="1837" HPOS="509"/>
							<String ID="string_364" HPOS="527" VPOS="1848" WIDTH="41" HEIGHT="20" WC="0.96" CONTENT="en"/><SP WIDTH="18" VPOS="1848" HPOS="568"/>
							<String ID="string_365" HPOS="586" VPOS="1837" WIDTH="296" HEIGHT="38" WC="0.96" CONTENT="kompletterande"/><SP WIDTH="18" VPOS="1837" HPOS="882"/>
							<String ID="string_366" HPOS="900" VPOS="1835" WIDTH="215" HEIGHT="39" WC="0.96" CONTENT="lagstiftning"/><SP WIDTH="18" VPOS="1835" HPOS="1115"/>
							<String ID="string_367" HPOS="1133" VPOS="1845" WIDTH="58" HEIGHT="20" WC="0.93" CONTENT="om"/><SP WIDTH="18" VPOS="1845" HPOS="1191"/>
							<String ID="string_368" HPOS="1209" VPOS="1833" WIDTH="400" HEIGHT="40" WC="0.90" CONTENT="olycksfallsförsäkring"/>
						</TextLine>
						<TextLine ID="line_38" HPOS="122" VPOS="1877" WIDTH="1487" HEIGHT="42">
							<String ID="string_369" HPOS="122" VPOS="1884" WIDTH="55" HEIGHT="29" WC="0.93" CONTENT="för"/><SP WIDTH="16" VPOS="1884" HPOS="177"/>
							<String ID="string_370" HPOS="193" VPOS="1884" WIDTH="219" HEIGHT="29" WC="0.90" CONTENT="blockledare"/><SP WIDTH="17" VPOS="1884" HPOS="412"/>
							<String ID="string_371" HPOS="429" VPOS="1883" WIDTH="55" HEIGHT="29" WC="0.96" CONTENT="för"/><SP WIDTH="17" VPOS="1883" HPOS="484"/>
							<String ID="string_372" HPOS="501" VPOS="1882" WIDTH="118" HEIGHT="35" WC="0.93" CONTENT="skada,"/><SP WIDTH="19" VPOS="1882" HPOS="619"/>
							<String ID="string_373" HPOS="638" VPOS="1881" WIDTH="151" HEIGHT="38" WC="0.92" CONTENT="ådragen"/><SP WIDTH="16" VPOS="1881" HPOS="789"/>
							<String ID="string_374" HPOS="805" VPOS="1881" WIDTH="110" HEIGHT="29" WC="0.96" CONTENT="under"/><SP WIDTH="18" VPOS="1881" HPOS="915"/>
							<String ID="string_375" HPOS="933" VPOS="1880" WIDTH="115" HEIGHT="30" WC="0.95" CONTENT="arbete"/><SP WIDTH="17" VPOS="1880" HPOS="1048"/>
							<String ID="string_376" HPOS="1065" VPOS="1880" WIDTH="9" HEIGHT="29" WC="0.95" CONTENT="i"/><SP WIDTH="18" VPOS="1880" HPOS="1074"/>
							<String ID="string_377" HPOS="1092" VPOS="1880" WIDTH="113" HEIGHT="29" WC="0.96" CONTENT="denna"/><SP WIDTH="16" VPOS="1880" HPOS="1205"/>
							<String ID="string_378" HPOS="1221" VPOS="1878" WIDTH="203" HEIGHT="39" WC="0.96" CONTENT="befattning,"/><SP WIDTH="20" VPOS="1878" HPOS="1424"/>
							<String ID="string_379" HPOS="1444" VPOS="1879" WIDTH="9" HEIGHT="29" WC="0.96" CONTENT="i"/><SP WIDTH="19" VPOS="1879" HPOS="1453"/>
							<String ID="string_380" HPOS="1472" VPOS="1877" WIDTH="137" HEIGHT="39" WC="0.96" CONTENT="analogi"/>
						</TextLine>
						<TextLine ID="line_39" HPOS="122" VPOS="1923" WIDTH="1486" HEIGHT="41">
							<String ID="string_381" HPOS="122" VPOS="1928" WIDTH="79" HEIGHT="29" WC="0.96" CONTENT="med"/><SP WIDTH="22" VPOS="1928" HPOS="201"/>
							<String ID="string_382" HPOS="223" VPOS="1928" WIDTH="66" HEIGHT="29" WC="0.95" CONTENT="vad"/><SP WIDTH="23" VPOS="1928" HPOS="289"/>
							<String ID="string_383" HPOS="312" VPOS="1937" WIDTH="73" HEIGHT="20" WC="0.96" CONTENT="som"/><SP WIDTH="23" VPOS="1937" HPOS="385"/>
							<String ID="string_384" HPOS="408" VPOS="1927" WIDTH="108" HEIGHT="29" WC="0.96" CONTENT="redan"/><SP WIDTH="23" VPOS="1927" HPOS="516"/>
							<String ID="string_385" HPOS="539" VPOS="1927" WIDTH="105" HEIGHT="37" WC="0.96" CONTENT="gäller"/><SP WIDTH="23" VPOS="1927" HPOS="644"/>
							<String ID="string_386" HPOS="667" VPOS="1925" WIDTH="55" HEIGHT="29" WC="0.93" CONTENT="för"/><SP WIDTH="23" VPOS="1925" HPOS="722"/>
							<String ID="string_387" HPOS="745" VPOS="1925" WIDTH="268" HEIGHT="29" WC="0.91" CONTENT="hemvärnsmän"/><SP WIDTH="24" VPOS="1925" HPOS="1013"/>
							<String ID="string_388" HPOS="1037" VPOS="1925" WIDTH="64" HEIGHT="28" WC="0.93" CONTENT="och"/><SP WIDTH="24" VPOS="1925" HPOS="1101"/>
							<String ID="string_389" HPOS="1125" VPOS="1923" WIDTH="370" HEIGHT="38" WC="0.90" CONTENT="luftskyddspersonal,"/><SP WIDTH="25" VPOS="1923" HPOS="1495"/>
							<String ID="string_390" HPOS="1520" VPOS="1925" WIDTH="88" HEIGHT="26" WC="0.96" CONTENT="samt"/>
						</TextLine>
						<TextLine ID="line_40" HPOS="122" VPOS="1966" WIDTH="1484" HEIGHT="44">
							<String ID="string_391" HPOS="122" VPOS="1976" WIDTH="49" HEIGHT="26" WC="0.94" CONTENT="att"/><SP WIDTH="16" VPOS="1976" HPOS="171"/>
							<String ID="string_392" HPOS="187" VPOS="1973" WIDTH="100" HEIGHT="37" WC="0.96" CONTENT="lagen"/><SP WIDTH="17" VPOS="1973" HPOS="287"/>
							<String ID="string_393" HPOS="304" VPOS="1970" WIDTH="54" HEIGHT="31" WC="0.96" CONTENT="får"/><SP WIDTH="17" VPOS="1970" HPOS="358"/>
							<String ID="string_394" HPOS="375" VPOS="1970" WIDTH="186" HEIGHT="30" WC="0.96" CONTENT="retroaktiv"/><SP WIDTH="18" VPOS="1970" HPOS="561"/>
							<String ID="string_395" HPOS="579" VPOS="1970" WIDTH="130" HEIGHT="29" WC="0.96" CONTENT="verkan"/><SP WIDTH="19" VPOS="1970" HPOS="709"/>
							<String ID="string_396" HPOS="728" VPOS="1969" WIDTH="78" HEIGHT="30" WC="0.96" CONTENT="från"/><SP WIDTH="18" VPOS="1969" HPOS="806"/>
							<String ID="string_397" HPOS="824" VPOS="1970" WIDTH="64" HEIGHT="29" WC="0.96" CONTENT="och"/><SP WIDTH="19" VPOS="1970" HPOS="888"/>
							<String ID="string_398" HPOS="907" VPOS="1969" WIDTH="79" HEIGHT="29" WC="0.96" CONTENT="med"/><SP WIDTH="17" VPOS="1969" HPOS="986"/>
							<String ID="string_399" HPOS="1003" VPOS="1968" WIDTH="259" HEIGHT="38" WC="0.95" CONTENT="krigsutbrottet"/><SP WIDTH="16" VPOS="1968" HPOS="1262"/>
							<String ID="string_400" HPOS="1278" VPOS="1968" WIDTH="10" HEIGHT="29" WC="0.96" CONTENT="i"/><SP WIDTH="19" VPOS="1968" HPOS="1288"/>
							<String ID="string_401" HPOS="1307" VPOS="1966" WIDTH="191" HEIGHT="39" WC="0.96" CONTENT="september"/><SP WIDTH="17" VPOS="1966" HPOS="1498"/>
							<String ID="string_402" HPOS="1515" VPOS="1967" WIDTH="91" HEIGHT="28" WC="0.96" CONTENT="1939."/>
						</TextLine>
					</TextBlock>
					<TextBlock ID="block_6" HPOS="119" VPOS="2010" WIDTH="1489" HEIGHT="485">
						<TextLine ID="line_41" HPOS="167" VPOS="2010" WIDTH="1441" HEIGHT="38">
							<String ID="string_403" HPOS="167" VPOS="2016" WIDTH="156" HEIGHT="30" WC="0.96" CONTENT="Orsaken"/><SP WIDTH="20" VPOS="2016" HPOS="323"/>
							<String ID="string_404" HPOS="343" VPOS="2016" WIDTH="47" HEIGHT="29" WC="0.96" CONTENT="till"/><SP WIDTH="22" VPOS="2016" HPOS="390"/>
							<String ID="string_405" HPOS="412" VPOS="2019" WIDTH="49" HEIGHT="26" WC="0.93" CONTENT="att"/><SP WIDTH="18" VPOS="2019" HPOS="461"/>
							<String ID="string_406" HPOS="479" VPOS="2014" WIDTH="245" HEIGHT="30" WC="0.91" CONTENT="blockledaren"/><SP WIDTH="20" VPOS="2014" HPOS="724"/>
							<String ID="string_407" HPOS="744" VPOS="2014" WIDTH="8" HEIGHT="29" WC="0.96" CONTENT="i"/><SP WIDTH="21" VPOS="2014" HPOS="752"/>
							<String ID="string_408" HPOS="773" VPOS="2014" WIDTH="55" HEIGHT="29" WC="0.96" CONTENT="det"/><SP WIDTH="19" VPOS="2014" HPOS="828"/>
							<String ID="string_409" HPOS="847" VPOS="2012" WIDTH="189" HEIGHT="30" WC="0.95" CONTENT="relaterade"/><SP WIDTH="19" VPOS="2012" HPOS="1036"/>
							<String ID="string_410" HPOS="1055" VPOS="2012" WIDTH="96" HEIGHT="30" WC="0.96" CONTENT="fallet"/><SP WIDTH="19" VPOS="2012" HPOS="1151"/>
							<String ID="string_411" HPOS="1170" VPOS="2012" WIDTH="75" HEIGHT="29" WC="0.96" CONTENT="icke"/><SP WIDTH="20" VPOS="2012" HPOS="1245"/>
							<String ID="string_412" HPOS="1265" VPOS="2011" WIDTH="135" HEIGHT="30" WC="0.96" CONTENT="erhållit"/><SP WIDTH="20" VPOS="2011" HPOS="1400"/>
							<String ID="string_413" HPOS="1420" VPOS="2010" WIDTH="188" HEIGHT="38" WC="0.96" CONTENT="ersättning"/>
						</TextLine>
						<TextLine ID="line_42" HPOS="124" VPOS="2055" WIDTH="1482" HEIGHT="43">
							<String ID="string_414" HPOS="124" VPOS="2062" WIDTH="52" HEIGHT="28" WC="0.95" CONTENT="för"/><SP WIDTH="30" VPOS="2062" HPOS="176"/>
							<String ID="string_415" HPOS="206" VPOS="2061" WIDTH="132" HEIGHT="29" WC="0.96" CONTENT="skadan"/><SP WIDTH="30" VPOS="2061" HPOS="338"/>
							<String ID="string_416" HPOS="368" VPOS="2069" WIDTH="100" HEIGHT="29" WC="0.96" CONTENT="synes"/><SP WIDTH="30" VPOS="2069" HPOS="468"/>
							<String ID="string_417" HPOS="498" VPOS="2069" WIDTH="92" HEIGHT="25" WC="0.95" CONTENT="vara,"/><SP WIDTH="31" VPOS="2069" HPOS="590"/>
							<String ID="string_418" HPOS="621" VPOS="2062" WIDTH="49" HEIGHT="26" WC="0.95" CONTENT="att"/><SP WIDTH="28" VPOS="2062" HPOS="670"/>
							<String ID="string_419" HPOS="698" VPOS="2058" WIDTH="138" HEIGHT="35" WC="0.96" CONTENT="arbetet,"/><SP WIDTH="32" VPOS="2058" HPOS="836"/>
							<String ID="string_420" HPOS="868" VPOS="2057" WIDTH="173" HEIGHT="30" WC="0.91" CONTENT="varunder"/><SP WIDTH="28" VPOS="2057" HPOS="1041"/>
							<String ID="string_421" HPOS="1069" VPOS="2057" WIDTH="309" HEIGHT="38" WC="0.91" CONTENT="olyckshändelsen"/><SP WIDTH="30" VPOS="2057" HPOS="1378"/>
							<String ID="string_422" HPOS="1408" VPOS="2055" WIDTH="198" HEIGHT="35" WC="0.96" CONTENT="inträffade,"/>
						</TextLine>
						<TextLine ID="line_43" HPOS="122" VPOS="2099" WIDTH="1484" HEIGHT="44">
							<String ID="string_423" HPOS="122" VPOS="2105" WIDTH="153" HEIGHT="30" WC="0.96" CONTENT="utfördes"/><SP WIDTH="23" VPOS="2105" HPOS="275"/>
							<String ID="string_424" HPOS="298" VPOS="2104" WIDTH="45" HEIGHT="39" WC="0.93" CONTENT="på"/><SP WIDTH="22" VPOS="2104" HPOS="343"/>
							<String ID="string_425" HPOS="365" VPOS="2104" WIDTH="262" HEIGHT="30" WC="0.91" CONTENT="blockledarens"/><SP WIDTH="25" VPOS="2104" HPOS="627"/>
							<String ID="string_426" HPOS="652" VPOS="2110" WIDTH="84" HEIGHT="30" WC="0.96" CONTENT="egen"/><SP WIDTH="24" VPOS="2110" HPOS="736"/>
							<String ID="string_427" HPOS="760" VPOS="2101" WIDTH="92" HEIGHT="39" WC="0.95" CONTENT="gård."/><SP WIDTH="26" VPOS="2101" HPOS="852"/>
							<String ID="string_428" HPOS="878" VPOS="2102" WIDTH="115" HEIGHT="37" WC="0.96" CONTENT="Enligt"/><SP WIDTH="23" VPOS="2102" HPOS="993"/>
							<String ID="string_429" HPOS="1016" VPOS="2103" WIDTH="18" HEIGHT="28" WC="0.95" CONTENT="2"/><SP WIDTH="25" VPOS="2103" HPOS="1034"/>
							<String ID="string_430" HPOS="1059" VPOS="2100" WIDTH="20" HEIGHT="39" WC="0.57" CONTENT="8"/><SP WIDTH="24" VPOS="2100" HPOS="1079"/>
							<String ID="string_431" HPOS="1103" VPOS="2101" WIDTH="110" HEIGHT="30" WC="0.96" CONTENT="andra"/><SP WIDTH="24" VPOS="2101" HPOS="1213"/>
							<String ID="string_432" HPOS="1237" VPOS="2100" WIDTH="131" HEIGHT="38" WC="0.93" CONTENT="stycket"/><SP WIDTH="24" VPOS="2100" HPOS="1368"/>
							<String ID="string_433" HPOS="1392" VPOS="2099" WIDTH="214" HEIGHT="39" WC="0.90" CONTENT="olycksfalls-"/>
						</TextLine>
						<TextLine ID="line_44" HPOS="122" VPOS="2144" WIDTH="1485" HEIGHT="42">
							<String ID="string_434" HPOS="122" VPOS="2150" WIDTH="315" HEIGHT="36" WC="0.92" CONTENT="försäkringslagen"/><SP WIDTH="40" VPOS="2150" HPOS="437"/>
							<String ID="string_435" HPOS="477" VPOS="2148" WIDTH="164" HEIGHT="29" WC="0.94" CONTENT="omfattar"/><SP WIDTH="40" VPOS="2148" HPOS="641"/>
							<String ID="string_436" HPOS="681" VPOS="2147" WIDTH="173" HEIGHT="37" WC="0.96" CONTENT="nämligen"/><SP WIDTH="39" VPOS="2147" HPOS="854"/>
							<String ID="string_437" HPOS="893" VPOS="2146" WIDTH="65" HEIGHT="29" WC="0.96" CONTENT="den"/><SP WIDTH="31" VPOS="2146" HPOS="958"/>
							<String ID="string_438" HPOS="989" VPOS="2145" WIDTH="245" HEIGHT="38" WC="0.96" CONTENT="obligatoriska"/><SP WIDTH="29" VPOS="2145" HPOS="1234"/>
							<String ID="string_439" HPOS="1263" VPOS="2145" WIDTH="241" HEIGHT="37" WC="0.95" CONTENT="försäkringen"/><SP WIDTH="29" VPOS="2145" HPOS="1504"/>
							<String ID="string_440" HPOS="1533" VPOS="2144" WIDTH="74" HEIGHT="30" WC="0.95" CONTENT="icke"/>
						</TextLine>
						<TextLine ID="line_45" HPOS="121" VPOS="2189" WIDTH="1485" HEIGHT="41">
							<String ID="string_441" HPOS="121" VPOS="2194" WIDTH="118" HEIGHT="31" WC="0.96" CONTENT="skada,"/><SP WIDTH="24" VPOS="2194" HPOS="239"/>
							<String ID="string_442" HPOS="263" VPOS="2203" WIDTH="74" HEIGHT="19" WC="0.95" CONTENT="som"/><SP WIDTH="22" VPOS="2203" HPOS="337"/>
							<String ID="string_443" HPOS="359" VPOS="2192" WIDTH="151" HEIGHT="30" WC="0.95" CONTENT="drabbar"/><SP WIDTH="21" VPOS="2192" HPOS="510"/>
							<String ID="string_444" HPOS="531" VPOS="2202" WIDTH="41" HEIGHT="19" WC="0.96" CONTENT="en"/><SP WIDTH="21" VPOS="2202" HPOS="572"/>
							<String ID="string_445" HPOS="593" VPOS="2201" WIDTH="126" HEIGHT="29" WC="0.96" CONTENT="person"/><SP WIDTH="22" VPOS="2201" HPOS="719"/>
							<String ID="string_446" HPOS="741" VPOS="2191" WIDTH="108" HEIGHT="29" WC="0.96" CONTENT="under"/><SP WIDTH="22" VPOS="2191" HPOS="849"/>
							<String ID="string_447" HPOS="871" VPOS="2191" WIDTH="116" HEIGHT="29" WC="0.95" CONTENT="arbete"/><SP WIDTH="21" VPOS="2191" HPOS="987"/>
							<String ID="string_448" HPOS="1008" VPOS="2190" WIDTH="9" HEIGHT="29" WC="0.96" CONTENT="i"/><SP WIDTH="23" VPOS="2190" HPOS="1017"/>
							<String ID="string_449" HPOS="1040" VPOS="2190" WIDTH="127" HEIGHT="29" WC="0.96" CONTENT="dennes"/><SP WIDTH="22" VPOS="2190" HPOS="1167"/>
							<String ID="string_450" HPOS="1189" VPOS="2190" WIDTH="80" HEIGHT="29" WC="0.95" CONTENT="hem"/><SP WIDTH="22" VPOS="2190" HPOS="1269"/>
							<String ID="string_451" HPOS="1291" VPOS="2190" WIDTH="81" HEIGHT="28" WC="0.95" CONTENT="eller"/><SP WIDTH="22" VPOS="2190" HPOS="1372"/>
							<String ID="string_452" HPOS="1394" VPOS="2189" WIDTH="96" HEIGHT="38" WC="0.92" CONTENT="eljest"/><SP WIDTH="23" VPOS="2189" HPOS="1490"/>
							<String ID="string_453" HPOS="1513" VPOS="2189" WIDTH="19" HEIGHT="30" WC="0.92" CONTENT="å"/><SP WIDTH="23" VPOS="2189" HPOS="1532"/>
							<String ID="string_454" HPOS="1555" VPOS="2198" WIDTH="51" HEIGHT="20" WC="0.91" CONTENT="ar-"/>
						</TextLine>
						<TextLine ID="line_46" HPOS="121" VPOS="2232" WIDTH="1485" HEIGHT="40">
							<String ID="string_455" HPOS="121" VPOS="2238" WIDTH="181" HEIGHT="34" WC="0.90" CONTENT="betsställe,"/><SP WIDTH="30" VPOS="2238" HPOS="302"/>
							<String ID="string_456" HPOS="332" VPOS="2247" WIDTH="74" HEIGHT="19" WC="0.96" CONTENT="som"/><SP WIDTH="28" VPOS="2247" HPOS="406"/>
							<String ID="string_457" HPOS="434" VPOS="2246" WIDTH="43" HEIGHT="20" WC="0.96" CONTENT="av"/><SP WIDTH="28" VPOS="2246" HPOS="477"/>
							<String ID="string_458" HPOS="505" VPOS="2236" WIDTH="130" HEIGHT="29" WC="0.96" CONTENT="honom"/><SP WIDTH="27" VPOS="2236" HPOS="635"/>
							<String ID="string_459" HPOS="662" VPOS="2236" WIDTH="215" HEIGHT="28" WC="0.96" CONTENT="bestämmes."/><SP WIDTH="33" VPOS="2236" HPOS="877"/>
							<String ID="string_460" HPOS="910" VPOS="2233" WIDTH="110" HEIGHT="37" WC="0.96" CONTENT="Något"/><SP WIDTH="28" VPOS="2233" HPOS="1020"/>
							<String ID="string_461" HPOS="1048" VPOS="2234" WIDTH="178" HEIGHT="37" WC="0.96" CONTENT="undantag"/><SP WIDTH="29" VPOS="2234" HPOS="1226"/>
							<String ID="string_462" HPOS="1255" VPOS="2233" WIDTH="78" HEIGHT="30" WC="0.96" CONTENT="från"/><SP WIDTH="29" VPOS="2233" HPOS="1333"/>
							<String ID="string_463" HPOS="1362" VPOS="2233" WIDTH="66" HEIGHT="29" WC="0.96" CONTENT="den"/><SP WIDTH="30" VPOS="2233" HPOS="1428"/>
							<String ID="string_464" HPOS="1458" VPOS="2232" WIDTH="148" HEIGHT="38" WC="0.96" CONTENT="angivna"/>
						</TextLine>
						<TextLine ID="line_47" HPOS="120" VPOS="2276" WIDTH="1485" HEIGHT="43">
							<String ID="string_465" HPOS="120" VPOS="2281" WIDTH="178" HEIGHT="38" WC="0.96" CONTENT="principen"/><SP WIDTH="25" VPOS="2281" HPOS="298"/>
							<String ID="string_466" HPOS="323" VPOS="2281" WIDTH="96" HEIGHT="29" WC="0.96" CONTENT="torde"/><SP WIDTH="25" VPOS="2281" HPOS="419"/>
							<String ID="string_467" HPOS="444" VPOS="2280" WIDTH="156" HEIGHT="29" WC="0.95" CONTENT="hitintills"/><SP WIDTH="26" VPOS="2280" HPOS="600"/>
							<String ID="string_468" HPOS="626" VPOS="2279" WIDTH="75" HEIGHT="29" WC="0.95" CONTENT="icke"/><SP WIDTH="25" VPOS="2279" HPOS="701"/>
							<String ID="string_469" HPOS="726" VPOS="2280" WIDTH="45" HEIGHT="28" WC="0.96" CONTENT="ha"/><SP WIDTH="25" VPOS="2280" HPOS="771"/>
							<String ID="string_470" HPOS="796" VPOS="2278" WIDTH="105" HEIGHT="37" WC="0.95" CONTENT="gjorts"/><SP WIDTH="27" VPOS="2278" HPOS="901"/>
							<String ID="string_471" HPOS="928" VPOS="2279" WIDTH="64" HEIGHT="28" WC="0.96" CONTENT="och"/><SP WIDTH="25" VPOS="2279" HPOS="992"/>
							<String ID="string_472" HPOS="1017" VPOS="2278" WIDTH="63" HEIGHT="29" WC="0.96" CONTENT="bör"/><SP WIDTH="26" VPOS="2278" HPOS="1080"/>
							<String ID="string_473" HPOS="1106" VPOS="2278" WIDTH="119" HEIGHT="29" WC="0.95" CONTENT="därför"/><SP WIDTH="25" VPOS="2278" HPOS="1225"/>
							<String ID="string_474" HPOS="1250" VPOS="2277" WIDTH="106" HEIGHT="29" WC="0.95" CONTENT="heller"/><SP WIDTH="24" VPOS="2277" HPOS="1356"/>
							<String ID="string_475" HPOS="1380" VPOS="2277" WIDTH="75" HEIGHT="30" WC="0.93" CONTENT="icke"/><SP WIDTH="26" VPOS="2277" HPOS="1455"/>
							<String ID="string_476" HPOS="1481" VPOS="2276" WIDTH="124" HEIGHT="38" WC="0.92" CONTENT="ifråga-"/>
						</TextLine>
						<TextLine ID="line_48" HPOS="121" VPOS="2321" WIDTH="1485" HEIGHT="39">
							<String ID="string_477" HPOS="121" VPOS="2327" WIDTH="105" HEIGHT="28" WC="0.95" CONTENT="sättas"/><SP WIDTH="27" VPOS="2327" HPOS="226"/>
							<String ID="string_478" HPOS="253" VPOS="2325" WIDTH="220" HEIGHT="29" WC="0.93" CONTENT="beträffande"/><SP WIDTH="27" VPOS="2325" HPOS="473"/>
							<String ID="string_479" HPOS="500" VPOS="2324" WIDTH="257" HEIGHT="29" WC="0.85" CONTENT="blockledarna."/><SP WIDTH="55" VPOS="2324" HPOS="757"/>
							<String ID="string_480" HPOS="812" VPOS="2323" WIDTH="47" HEIGHT="29" WC="0.95" CONTENT="Av"/><SP WIDTH="28" VPOS="2323" HPOS="859"/>
							<String ID="string_481" HPOS="887" VPOS="2322" WIDTH="153" HEIGHT="30" WC="0.94" CONTENT="nämnda"/><SP WIDTH="28" VPOS="2322" HPOS="1040"/>
							<String ID="string_482" HPOS="1068" VPOS="2321" WIDTH="134" HEIGHT="39" WC="0.96" CONTENT="princip"/><SP WIDTH="29" VPOS="2321" HPOS="1202"/>
							<String ID="string_483" HPOS="1231" VPOS="2321" WIDTH="101" HEIGHT="38" WC="0.96" CONTENT="följer"/><SP WIDTH="28" VPOS="2321" HPOS="1332"/>
							<String ID="string_484" HPOS="1360" VPOS="2321" WIDTH="100" HEIGHT="30" WC="0.95" CONTENT="alltså"/><SP WIDTH="28" VPOS="2321" HPOS="1460"/>
							<String ID="string_485" HPOS="1488" VPOS="2324" WIDTH="48" HEIGHT="26" WC="0.83" CONTENT="att"/><SP WIDTH="29" VPOS="2324" HPOS="1536"/>
							<String ID="string_486" HPOS="1565" VPOS="2330" WIDTH="41" HEIGHT="20" WC="0.96" CONTENT="en"/>
						</TextLine>
						<TextLine ID="line_49" HPOS="119" VPOS="2364" WIDTH="1487" HEIGHT="38">
							<String ID="string_487" HPOS="119" VPOS="2370" WIDTH="219" HEIGHT="29" WC="0.88" CONTENT="blockledare"/><SP WIDTH="23" VPOS="2370" HPOS="338"/>
							<String ID="string_488" HPOS="361" VPOS="2360" WIDTH="24" HEIGHT="48" WC="0.77" CONTENT="—"/><SP WIDTH="34" VPOS="2360" HPOS="385"/>
							<String ID="string_489" HPOS="419" VPOS="2369" WIDTH="69" HEIGHT="28" WC="0.95" CONTENT="lika"/><SP WIDTH="18" VPOS="2369" HPOS="488"/>
							<String ID="string_490" HPOS="506" VPOS="2368" WIDTH="68" HEIGHT="29" WC="0.96" CONTENT="litet"/><SP WIDTH="20" VPOS="2368" HPOS="574"/>
							<String ID="string_491" HPOS="594" VPOS="2377" WIDTH="75" HEIGHT="19" WC="0.96" CONTENT="som"/><SP WIDTH="18" VPOS="2377" HPOS="669"/>
							<String ID="string_492" HPOS="687" VPOS="2376" WIDTH="40" HEIGHT="20" WC="0.93" CONTENT="en"/><SP WIDTH="20" VPOS="2376" HPOS="727"/>
							<String ID="string_493" HPOS="747" VPOS="2365" WIDTH="301" HEIGHT="30" WC="0.92" CONTENT="överblockledare"/><SP WIDTH="16" VPOS="2365" HPOS="1048"/>
							<String ID="string_494" HPOS="1064" VPOS="2383" WIDTH="44" HEIGHT="3" WC="0.92" CONTENT="—"/><SP WIDTH="18" VPOS="2383" HPOS="1108"/>
							<String ID="string_495" HPOS="1126" VPOS="2366" WIDTH="69" HEIGHT="29" WC="0.96" CONTENT="kan"/><SP WIDTH="19" VPOS="2366" HPOS="1195"/>
							<String ID="string_496" HPOS="1214" VPOS="2366" WIDTH="140" HEIGHT="29" WC="0.96" CONTENT="komma"/><SP WIDTH="20" VPOS="2366" HPOS="1354"/>
							<String ID="string_497" HPOS="1374" VPOS="2366" WIDTH="9" HEIGHT="28" WC="0.96" CONTENT="i"/><SP WIDTH="20" VPOS="2366" HPOS="1383"/>
							<String ID="string_498" HPOS="1403" VPOS="2364" WIDTH="203" HEIGHT="38" WC="0.95" CONTENT="åtnjutande"/>
						</TextLine>
						<TextLine ID="line_50" HPOS="120" VPOS="2408" WIDTH="1484" HEIGHT="42">
							<String ID="string_499" HPOS="120" VPOS="2424" WIDTH="42" HEIGHT="19" WC="0.96" CONTENT="av"/><SP WIDTH="30" VPOS="2424" HPOS="162"/>
							<String ID="string_500" HPOS="192" VPOS="2413" WIDTH="221" HEIGHT="37" WC="0.93" CONTENT="obligatorisk"/><SP WIDTH="31" VPOS="2413" HPOS="413"/>
							<String ID="string_501" HPOS="444" VPOS="2411" WIDTH="400" HEIGHT="39" WC="0.90" CONTENT="olycksfallsförsäkring"/><SP WIDTH="29" VPOS="2411" HPOS="844"/>
							<String ID="string_502" HPOS="873" VPOS="2411" WIDTH="111" HEIGHT="28" WC="0.95" CONTENT="under"/><SP WIDTH="28" VPOS="2411" HPOS="984"/>
							<String ID="string_503" HPOS="1012" VPOS="2410" WIDTH="115" HEIGHT="29" WC="0.95" CONTENT="arbete"/><SP WIDTH="30" VPOS="2410" HPOS="1127"/>
							<String ID="string_504" HPOS="1157" VPOS="2410" WIDTH="77" HEIGHT="29" WC="0.96" CONTENT="med"/><SP WIDTH="29" VPOS="2410" HPOS="1234"/>
							<String ID="string_505" HPOS="1263" VPOS="2409" WIDTH="206" HEIGHT="38" WC="0.71" CONTENT="exempelvis"/><SP WIDTH="30" VPOS="2409" HPOS="1469"/>
							<String ID="string_506" HPOS="1499" VPOS="2408" WIDTH="105" HEIGHT="30" WC="0.92" CONTENT="skriv-"/>
						</TextLine>
						<TextLine ID="line_51" HPOS="120" VPOS="2455" WIDTH="660" HEIGHT="40">
							<String ID="string_507" HPOS="120" VPOS="2457" WIDTH="152" HEIGHT="38" WC="0.91" CONTENT="göromål"/><SP WIDTH="24" VPOS="2457" HPOS="272"/>
							<String ID="string_508" HPOS="296" VPOS="2467" WIDTH="28" HEIGHT="19" WC="0.85" CONTENT="o."/><SP WIDTH="24" VPOS="2467" HPOS="324"/>
							<String ID="string_509" HPOS="348" VPOS="2457" WIDTH="42" HEIGHT="35" WC="0.90" CONTENT="d.,"/><SP WIDTH="23" VPOS="2457" HPOS="390"/>
							<String ID="string_510" HPOS="413" VPOS="2456" WIDTH="139" HEIGHT="30" WC="0.96" CONTENT="utförda"/><SP WIDTH="22" VPOS="2456" HPOS="552"/>
							<String ID="string_511" HPOS="574" VPOS="2456" WIDTH="10" HEIGHT="29" WC="0.96" CONTENT="i"/><SP WIDTH="20" VPOS="2456" HPOS="584"/>
							<String ID="string_512" HPOS="604" VPOS="2455" WIDTH="176" HEIGHT="30" WC="0.95" CONTENT="bostaden."/>
						</TextLine>
					</TextBlock>
				</ComposedBlock>
				<ComposedBlock ID="cblock_2" HPOS="1288" VPOS="2517" WIDTH="7" HEIGHT="12">
					<TextBlock ID="block_7" HPOS="1288" VPOS="2517" WIDTH="7" HEIGHT="12">
						<TextLine ID="line_52" HPOS="1288" VPOS="2517" WIDTH="7" HEIGHT="12">
							<String ID="string_513" HPOS="1288" VPOS="2517" WIDTH="7" HEIGHT="12" WC="0.51" CONTENT="LÅ"/>
						</TextLine>
					</TextBlock>
				</ComposedBlock>
				<ComposedBlock ID="cblock_3" HPOS="160" VPOS="2516" WIDTH="1445" HEIGHT="38">
					<TextBlock ID="block_8" HPOS="160" VPOS="2516" WIDTH="1445" HEIGHT="38">
						<TextLine ID="line_53" HPOS="160" VPOS="2516" WIDTH="1445" HEIGHT="38">
							<String ID="string_514" HPOS="160" VPOS="2520" WIDTH="119" HEIGHT="34" WC="0.63" CONTENT="Bihany"/><SP WIDTH="18" VPOS="2520" HPOS="279"/>
							<String ID="string_515" HPOS="297" VPOS="2520" WIDTH="44" HEIGHT="26" WC="0.95" CONTENT="till"/><SP WIDTH="21" VPOS="2520" HPOS="341"/>
							<String ID="string_516" HPOS="362" VPOS="2519" WIDTH="181" HEIGHT="34" WC="0.94" CONTENT="riksdagens"/><SP WIDTH="17" VPOS="2519" HPOS="543"/>
							<String ID="string_517" HPOS="560" VPOS="2518" WIDTH="158" HEIGHT="35" WC="0.95" CONTENT="protokoll"/><SP WIDTH="21" VPOS="2518" HPOS="718"/>
							<String ID="string_518" HPOS="739" VPOS="2518" WIDTH="83" HEIGHT="27" WC="0.91" CONTENT="1944."/><SP WIDTH="29" VPOS="2518" HPOS="822"/>
							<String ID="string_519" HPOS="851" VPOS="2519" WIDTH="16" HEIGHT="25" WC="0.95" CONTENT="9"/><SP WIDTH="21" VPOS="2519" HPOS="867"/>
							<String ID="string_520" HPOS="888" VPOS="2518" WIDTH="87" HEIGHT="26" WC="0.86" CONTENT="saml."/><SP WIDTH="30" VPOS="2518" HPOS="975"/>
							<String ID="string_521" HPOS="1005" VPOS="2518" WIDTH="17" HEIGHT="26" WC="0.95" CONTENT="2"/><SP WIDTH="19" VPOS="2518" HPOS="1022"/>
							<String ID="string_522" HPOS="1041" VPOS="2516" WIDTH="67" HEIGHT="28" WC="0.96" CONTENT="avd."/><SP WIDTH="32" VPOS="2516" HPOS="1108"/>
							<String ID="string_523" HPOS="1140" VPOS="2517" WIDTH="42" HEIGHT="27" WC="0.92" CONTENT="Nr"/><SP WIDTH="20" VPOS="2517" HPOS="1182"/>
							<String ID="string_524" HPOS="1202" VPOS="2516" WIDTH="125" HEIGHT="27" WC="0.29" CONTENT="45-—416."/><SP WIDTH="261" VPOS="2516" HPOS="1327"/>
							<String ID="string_525" HPOS="1588" VPOS="2518" WIDTH="17" HEIGHT="27" WC="0.96" CONTENT="2"/>
						</TextLine>
					</TextBlock>
				</ComposedBlock>
			</PrintSpace>
		</Page>
	</Layout>
</alto>
