2222 2638
468 135 18 30 2
946 130 232 42 Lagutskottets
1201 129 162 31 utlåtande
1386 127 51 33 Nr
1460 128 52 31 19.

427 225 12 33 i
467 223 61 35 det
555 222 203 47 väsentliga
785 232 104 24 anses
918 219 94 49 fylld
1041 231 133 36 genom
1202 217 71 36 den
1301 217 230 47 motivering,
1561 228 78 23 som
1667 214 185 37 innehölls
1880 214 13 35 i
1921 213 44 36 de
1993 216 40 32 år

430 276 94 33 1914
566 273 127 35 väckta
733 273 241 41 motionerna,
1016 270 58 34 till
1108 269 121 35 hvilka
1261 268 76 35 min
1366 268 140 34 motion
1535 266 206 36 hänvisade.
1797 265 15 35 I
1840 265 100 47 varje
1967 263 65 36 fall

428 325 65 34 har
529 324 65 47 jag
627 321 207 37 emellertid
866 323 12 33 i
906 326 51 30 ett
985 322 11 33 i
1026 319 113 36 första
1166 320 212 34 kammaren
1406 317 68 36 den
1507 319 42 33 17
1581 318 93 46 april
1704 318 94 34 1915
1826 316 115 35 hållet
1968 327 64 23 an-

429 374 152 36 förande
613 377 38 32 så
682 372 171 48 utförligt
884 373 121 46 ingått
1032 374 47 44 på
1106 370 44 35 de
1177 369 325 47 omständigheter,
1532 380 77 23 som
1637 368 115 47 enligt
1781 368 76 34 min
1884 366 150 46 mening

428 427 74 33 tala
532 424 59 35 för
624 423 104 36 bifall
756 424 58 34 till
842 423 198 41 motionen,
1070 426 53 30 att
1146 421 65 47 jag
1237 421 79 34 icke
1344 432 50 22 nu
1422 419 64 35 har
1514 421 110 44 något
1650 418 200 45 väsentligt
1878 422 53 30 att
1957 417 77 34 till-

428 477 116 46 lägga,
574 480 128 30 utöver
730 474 71 35 vad
829 473 65 35 där
921 471 152 37 anförts.
1129 471 15 35 1
1164 470 241 36 betraktande
1425 483 41 22 av
1484 468 159 36 nämnda
1663 467 371 48 riksdagsprotokolls

428 528 91 34 lätta
557 525 277 48 tillgänglighet
874 525 95 33 lärer
1010 523 60 35 det
1110 522 79 35 icke
1222 523 126 34 kunna
1379 533 103 23 anses
1510 519 129 47 nödigt
1666 520 89 34 eller
1781 518 172 48 lämpligt
1980 522 55 31 att

429 578 64 34 här
533 577 174 47 avtrycka
747 576 82 34 hela
866 574 101 35 detta
998 571 199 50 vidlyftiga
1224 571 213 36 anförande.
1491 571 70 34 Det
1588 569 176 48 uppvisar
1790 568 206 36 emellertid
2023 568 13 34 i

429 627 123 46 detalj,
584 627 98 34 huru
713 624 276 49 genomgående
1022 624 62 35 det
1112 626 46 45 på
1185 622 95 36 fasta
1308 621 339 36 könsförbindelser
1674 619 174 36 baserade
1876 618 160 47 familje-

428 679 89 34 livet
557 678 65 34 allt
663 690 76 21 mer
780 676 275 47 undantränges
1097 687 44 21 av
1176 674 118 35 lösare
1326 671 245 37 förbindelser
1597 689 47 4 —
1673 670 109 35 såvitt
1810 669 128 36 sådant
1965 670 69 34 kan

430 728 201 36 deduceras
671 740 44 22 ur
755 727 228 35 statistikens
1025 723 202 49 uppgifter.
1282 723 205 36 Procenten
1529 735 42 22 av
1604 721 105 35 oäkta
1736 720 92 36 barn
1856 723 46 44 på
1928 720 109 35 barn-

430 778 201 41 föderskor,
674 791 76 22 som
792 777 81 35 från
917 778 91 34 1751
1051 777 59 33 till
1153 776 93 34 1903
1280 774 200 35 successivt
1508 772 103 48 stigit
1638 771 82 35 från
1750 773 67 41 2,46
1845 770 57 35 till
1933 772 103 41 11,81,

430 831 65 34 har
524 829 117 35 under
668 832 86 32 åren
777 828 246 35 1903—1912
1044 827 11 33 i
1075 825 252 48 regelbunden
1348 825 166 46 stigning
1533 827 163 44 passerat
1715 820 162 49 följande
1897 819 140 37 siffror:

432 883 107 40 11,81;
571 881 106 42 12,15;
709 880 108 43 12,48;
848 880 107 42 12,93;
986 878 107 42 13,23;
1125 878 107 42 13,50;
1263 877 108 42 14,13;
1402 876 107 42 14,36;
1541 875 106 41 14,94;
1679 875 102 41 15,82.
1827 871 16 35 I
1871 872 168 35 absoluta

430 930 123 37 siffror
585 930 164 48 uttryckt
781 930 66 34 har
878 929 136 35 antalet
1041 927 85 35 äkta
1152 925 112 37 födda
1292 927 90 34 barn
1411 925 137 48 sjunkit
1575 923 81 35 från
1687 923 157 43 121,146
1873 925 40 32 år
1942 922 95 34 1902

431 983 56 34 till
523 981 157 43 112,506
709 983 39 32 år
777 981 108 41 1912,
915 978 116 46 under
1059 977 62 35 det
1149 982 53 30 att
1228 977 46 34 de
1302 976 108 35 oäkta
1437 974 129 36 föddas
1594 974 100 35 antal
1722 972 190 48 samtidigt
1939 972 101 48 stigtt

431 1032 82 35 från
548 1033 132 41 16,218
713 1031 58 34 till
805 1031 145 39 20,362.
1005 1026 67 37 Ån
1104 1040 77 22 mer
1208 1026 210 48 påfallande
1446 1033 40 27 är
1512 1023 262 50 promilletalet
1803 1036 44 23 av
1877 1024 163 34 15—20-

431 1083 101 47 åriga
573 1081 116 48 ogifta
728 1079 319 42 barnaföderskor,
1080 1078 176 35 beräknat
1284 1080 45 44 på
1355 1076 170 47 samtliga
1552 1073 117 49 ogifta
1695 1074 159 35 kvinnor
1881 1074 12 34 i
1921 1073 120 35 denna

432 1133 111 35 ålder.
599 1132 69 35 Det
708 1137 125 41 utgör:
875 1129 57 36 för
975 1130 219 35 1860-talet:
1228 1130 32 41 3,
1297 1127 217 35 1870-talet:
1548 1128 33 40 4,
1614 1125 218 35 1880-talet:
1863 1126 32 42 5,
1927 1125 112 34 1890-

432 1184 104 35 talet:
568 1185 32 41 7,
631 1186 38 32 år
698 1183 112 34 1901:
841 1183 33 42 9,
904 1184 38 32 år
971 1181 112 34 1905:
1115 1180 56 42 10,
1201 1181 39 32 år
1271 1179 111 34 1906:
1415 1178 56 42 11,
1500 1180 39 32 år
1570 1177 110 34 1908:
1713 1177 56 41 12,
1799 1178 40 32 år
1861 1175 111 34 1909:
1996 1175 43 34 13

433 1240 94 29 samt
568 1237 39 32 år
645 1234 110 34 1912:
792 1234 56 33 14.
903 1230 146 36 Jämför
1076 1242 85 23 man
1187 1229 124 35 vidare
1340 1228 269 48 promilletalen
1638 1225 57 36 för
1723 1226 110 35 oäkta
1860 1225 91 35 barn
1979 1224 62 35 vid

433 1286 132 34 mitten
593 1297 44 22 av
667 1284 215 42 1700-talet,
911 1281 62 36 vid
1000 1282 114 35 slutet
1141 1293 42 22 av
1210 1280 205 34 1700-talet
1443 1284 93 29 samt
1555 1280 39 32 år
1614 1278 107 41 1911,
1743 1279 38 32 så
1800 1275 241 36 framkomma

434 1334 163 48 följande
625 1333 169 47 stigande
822 1334 125 35 serier:
979 1329 35 47 1)
1043 1331 177 35 beräknat
1249 1333 46 45 på
1323 1328 274 47 folkmängden:
1627 1329 68 41 0,9;
1727 1328 64 42 1,7;
1822 1329 67 40 3,6;
1920 1324 36 45 2)
1980 1325 62 35 be-

434 1387 131 33 räknat
599 1388 44 45 på
674 1383 322 36 barnaföderskor:
1031 1383 63 41 25;
1125 1383 61 41 50;
1220 1382 84 39 150;
1348 1377 37 46 3)
1413 1379 178 35 beräknat
1618 1381 45 43 på
1691 1376 134 48 »ogifta
1853 1377 187 35 kvinnor»:

437 1439 59 40 12;
527 1437 62 41 21;
620 1437 57 33 44.
732 1434 137 36 Härtill
897 1434 146 34 komma
1071 1432 114 35 starkt
1204 1430 169 46 stigande
1393 1428 121 36 siffror
1533 1428 58 35 för
1609 1426 433 49 äktenskapsskillnader,

434 1500 45 22 en
513 1486 183 35 notoriskt
727 1486 117 34 starkt
871 1483 92 37 ökad
992 1482 169 36 frekvens
1190 1495 41 21 av
1259 1479 388 48 fosterfördrivningar
1675 1483 93 30 samt
1797 1491 44 22 en
1868 1476 175 48 ojämför-

433 1539 67 46 ligt
529 1543 116 29 större
674 1536 226 47 utbredning
927 1548 41 22 av
996 1547 27 22 s.
1053 1534 34 34 k.
1117 1531 311 49 preventivmedel
1446 1549 49 4 —
1515 1531 65 34 allt
1607 1534 112 43 ägnat
1748 1533 52 30 att
1827 1528 216 47 ytterligare

434 1593 217 30 accentuera
690 1587 44 35 de
776 1585 153 36 anförda
957 1584 191 36 siffrornas
1175 1582 189 48 betydelse
1392 1584 118 33 såsom
1539 1585 136 30 mätare
1703 1581 46 44 på
1776 1578 265 48 proportionen

437 1639 134 34 mellan
604 1636 95 36 fasta
731 1637 68 35 och
827 1638 78 33 lösa
932 1634 256 36 förbindelser.
1246 1633 136 35 Vidare
1409 1632 67 35 bör
1502 1630 149 36 härmed
1676 1628 180 48 jämföras
1883 1628 72 36 den
1983 1641 61 22 av-

435 1689 159 47 tagande
634 1686 455 49 äktenskapsfrekvensen:
1131 1684 272 48 promilletalen
1442 1685 46 44 på
1528 1679 262 47 folkmängden
1831 1678 57 37 för
1921 1692 122 22 vuxna

436 1738 119 49 ogifta
595 1739 67 34 och
703 1737 57 36 för
800 1737 96 48 gifta
935 1736 105 36 stodo
1082 1743 98 28 ännu
1208 1734 59 36 vid
1298 1733 136 35 medlet
1461 1745 42 22 av
1534 1732 203 35 1700-talet
1765 1734 39 32 så
1831 1732 104 45 långt
1963 1729 82 36 från

437 1789 177 36 varandra
642 1802 77 22 som
749 1790 70 34 236
849 1788 67 34 och
945 1789 89 39 365;
1064 1785 171 48 utgjorde
1263 1788 40 32 år
1334 1785 94 34 1890
1458 1784 69 33 272
1557 1782 67 36 och
1653 1783 88 40 334;
1770 1781 92 35 hava
1885 1784 38 32 år
1949 1782 94 33 1911

438 1840 106 49 ryckt
576 1852 163 22 samman
772 1839 58 35 till
864 1839 70 34 295
963 1837 68 36 och
1060 1838 84 34 328.
1199 1836 147 34 Antalet
1373 1846 123 23 vuxna
1523 1831 116 49 ogifta
1667 1839 39 28 är
1733 1830 58 36 för
1819 1830 226 36 närvarande

438 1892 172 45 omkring
652 1890 208 43 1,650,000.
919 1888 15 34 I
964 1887 212 47 fullkomlig
1207 1885 360 36 överensstämmelse
1600 1883 84 35 med
1715 1882 71 35 alla
1812 1882 45 35 de
1885 1880 161 36 nämnda

437 1946 278 44 symptomerna
743 1943 56 32 stå
829 1939 43 35 de
898 1940 101 33 inom
1028 1938 98 36 vissa
1153 1936 100 36 delar
1281 1949 42 22 av
1350 1934 136 43 landet,
1516 1941 89 28 även
1633 1932 59 37 för
1719 1932 228 35 kvinnornas
1966 1930 80 36 vid-

438 1991 230 43 Kommande,
697 1991 95 46 höga
820 1988 171 37 siffrorna
1019 1988 57 36 för
1102 1986 223 49 insjuknade
1352 1987 13 34 i
1393 1984 321 47 könssjukdomar;
1744 1983 70 35 den
1834 1983 117 46 årliga
1969 1980 77 36 siff-

438 2055 65 22 ran
544 2041 57 36 för
642 2040 214 37 Stockholm
898 2047 39 27 är
976 2038 256 47 ungefärligen
1265 2037 212 35 densamma
1504 2048 76 22 som
1609 2034 231 36 födelsetalet
1866 2034 12 33 i
1906 2031 138 36 staden.

573 2092 63 36 Ett
676 2091 130 36 sådant
847 2091 169 34 sakernas
1044 2088 169 36 tillstånd
1241 2099 109 36 synes
1377 2087 12 34 i
1416 2087 73 46 hög
1515 2085 91 47 grad
1634 2085 143 47 påkalla
1804 2096 43 23 en
1878 2083 169 46 allvarlig

441 2142 288 48 undersökning,
762 2141 182 36 huruvida
975 2140 186 48 praktiska
1192 2137 169 48 åtgärder
1389 2137 125 34 kunna
1540 2136 172 42 utfinnas,
1742 2135 108 42 vilka,
1879 2146 83 23 vare
1991 2133 57 46 sig

439 2205 132 36 genom
601 2198 53 30 att
680 2192 170 47 försvaga
878 2191 44 35 de
948 2192 58 34 till
1034 2191 118 35 löshet
1181 2187 186 44 drivande,
1396 2188 88 35 eller
1511 2198 131 36 genom
1671 2190 53 30 att
1748 2185 123 35 stärka
1890 2184 44 35 de
1953 2187 94 31 åter-
