1884 2780
315 173 39 27 20
644 168 116 39 Tredje
780 169 237 38 lagutskottets
1035 170 172 31 utlåtande
1226 182 40 19 nr
1284 174 40 28 25
1342 171 37 31 år
1396 174 82 29 1963

315 249 128 36 präster
467 247 103 40 enligt
594 248 67 31 min
686 248 216 41 uppfattning
927 249 68 32 inte
1019 250 111 40 längre
1155 251 89 40 utgå,
1270 251 42 31 då
1337 252 59 31 två
1420 263 43 20 av
1488 252 95 32 dessa
1608 264 66 28 nya
1700 253 102 32 stifts-

315 299 304 40 adjunktstjänster
634 300 50 32 får
701 312 96 20 anses
814 302 95 31 träda
927 302 9 31 i
954 303 112 31 stället
1083 303 50 31 för
1150 304 40 31 de
1209 304 456 42 studentprästbefattningar
1683 305 10 32 i
1710 306 92 40 Upp-

313 352 69 32 sala
394 353 62 31 och
471 353 191 32 Stockholm
678 354 48 31 till
742 354 89 31 vilka
845 354 115 40 bidrag
974 366 44 20 nu
1033 356 106 39 utgår.
1154 357 75 31 Inte
1243 357 99 31 heller
1357 368 96 29 synes
1466 358 209 32 beträffande
1690 359 113 32 Lunds

314 405 61 32 och
398 405 186 41 Göteborgs
605 406 72 32 stift
699 407 57 31 vid
777 407 91 32 bifall
890 408 47 31 till
960 408 155 40 förslaget
1137 410 101 39 något
1260 410 107 31 behov
1390 410 156 40 föreligga
1567 423 42 20 av
1632 416 52 27 att
1707 412 94 31 ställa

314 469 40 20 en
372 458 138 32 särskild
528 459 312 40 pastoratsadjunkt
857 461 48 31 till
922 461 193 41 förfogande
1132 462 50 32 för
1198 463 408 41 studentprästuppgifter.

355 511 170 41 Förslaget
550 523 54 21 om
630 512 190 33 inrättande
845 525 42 20 av
912 515 190 40 ytterligare
1129 527 38 19 en
1194 516 446 40 kontraktsadjunktstjänst
1666 518 9 31 i
1701 518 100 32 Luleå

315 563 71 32 stift
407 564 65 32 kan
494 564 56 41 jag
571 565 66 32 inte
659 565 142 32 biträda.

704 699 319 41 Avlöningsbidrag
1039 701 54 30 till
1111 703 295 39 sjömanspräster

354 785 48 32 Ur
428 786 231 39 kyrkofonden
686 788 98 40 utgår
811 787 51 33 för
888 790 207 31 närvarande
1122 790 49 32 till
1199 791 141 32 svenska
1367 791 146 40 kyrkans
1542 792 260 39 sjömansvårds-

313 838 135 39 styrelse
466 838 134 40 jämlikt
619 843 18 28 6
657 840 15 40 $
692 841 105 32 andra
815 842 131 39 stycket
964 843 34 40 4)
1019 843 94 40 lagen
1132 854 54 20 om
1204 843 188 40 kyrkofond
1411 845 70 32 tolv
1500 845 126 41 bidrag,
1645 851 76 27 vart
1739 847 60 31 och

312 895 51 28 ett
380 891 19 32 å
419 895 39 28 18
470 895 61 29 500
551 893 57 38 kr.,
627 893 51 32 för
695 894 185 32 avlönande
899 906 42 21 av
959 898 138 37 präster,
1117 907 69 21 som
1206 899 36 29 är
1260 898 164 32 anställda
1443 898 10 31 i
1472 899 175 39 styrelsens
1667 899 105 39 tjänst
1790 900 10 31 i

311 944 163 33 utlandet.

352 997 151 33 Svenska
522 998 145 40 kyrkans
686 1000 384 41 sjömansvårdsstyrelse
1090 1002 60 32 har
1168 1003 138 32 anhållit
1325 1004 68 31 dels
1413 1015 54 21 om
1487 1005 117 40 bidrag
1623 1017 39 20 ur
1680 1006 120 39 kyrko-

311 1050 122 32 fonden
451 1051 52 32 för
520 1052 198 41 budgetåret
738 1054 142 36 1963/64
897 1054 49 32 till
964 1055 186 33 avlönande
1168 1067 43 21 av
1229 1057 191 40 ytterligare
1438 1058 59 32 två
1516 1057 284 41 sjömanspräster,

311 1104 69 31 dels
394 1115 55 20 om
463 1104 140 42 höjning
616 1117 42 20 av
673 1117 45 21 nu
734 1107 164 40 utgående
912 1107 118 42 bidrag
1043 1108 74 32 från
1134 1112 37 28 18
1184 1112 60 29 500
1260 1109 48 33 kr.
1323 1110 49 32 till
1387 1113 41 29 20
1440 1114 61 29 400
1516 1111 48 32 kr.
1580 1112 75 31 med
1670 1112 129 40 hänsyn

312 1156 49 32 till
379 1160 79 29 1962
475 1158 63 31 och
557 1161 79 29 1963
652 1159 53 32 års
720 1160 249 41 lönehöjningar
985 1166 89 27 samt
1090 1173 54 21 om
1161 1162 200 33 retroaktivt
1377 1163 114 41 tillägg
1507 1164 50 32 till
1573 1176 45 20 nu
1635 1166 165 39 utgående

311 1209 116 41 bidrag
443 1210 52 33 för
511 1211 93 32 tiden
620 1212 63 31 den
703 1216 15 27 1
736 1212 131 40 januari
885 1215 186 31 1962—den
1090 1218 38 28 30
1145 1215 71 39 juni
1236 1219 79 29 1963
1332 1217 76 31 med
1425 1220 19 28 2
1459 1220 59 29 148
1535 1218 48 31 kr.
1601 1229 58 29 per
1674 1218 125 42 bidrag.

311 1263 52 31 Av
389 1263 283 42 framställningen
699 1265 176 39 inhämtas,
902 1271 53 28 att
980 1268 160 39 styrelsen
1166 1269 105 31 under
1296 1269 198 41 budgetåret
1522 1271 142 36 1961/62
1690 1272 43 39 på
1759 1275 40 29 26

311 1317 123 38 platser
451 1318 192 32 utomlands
663 1318 9 32 i
692 1318 49 32 sin
761 1319 106 39 tjänst
885 1320 74 32 haft
978 1321 102 32 totalt
1100 1324 37 29 51
1158 1322 165 32 anställda
1341 1323 76 32 med
1437 1323 238 40 heltidstjänst,
1695 1326 104 31 därav

311 1372 39 29 20
371 1369 284 41 sjömanspräster,
677 1372 59 31 två
757 1372 196 33 biträdande
973 1377 138 36 präster,
1132 1375 74 32 åtta
1225 1375 143 41 manliga
1388 1377 62 31 och
1471 1380 39 28 21
1533 1377 168 41 kvinnliga
1720 1379 79 31 assi-

311 1427 123 27 stenter
460 1423 55 39 (20
540 1424 196 32 husmödrar
759 1426 62 31 och
846 1437 39 20 en
909 1426 340 43 församlingssyster).
1275 1429 127 32 Genom
1427 1430 289 42 avlöningsbidrag
1739 1432 60 32 har

311 1476 158 38 styrelsen
498 1477 168 32 dessutom
694 1479 196 32 medverkat
917 1480 48 31 till
993 1481 206 31 anställande
1226 1493 43 20 av
1297 1493 40 20 en
1365 1483 120 31 svensk
1513 1483 249 39 sjuksköterska
1788 1485 10 31 i

312 1529 125 32 Genua.
460 1529 168 40 Styrelsen
652 1531 123 32 erinrar
797 1543 54 20 om
874 1537 52 27 att
949 1533 164 41 ökningen
1136 1545 42 21 av
1202 1535 127 32 antalet
1351 1535 208 42 bidragsrum
1582 1537 49 32 till
1655 1538 69 31 tolv
1748 1538 51 32 för

309 1581 199 41 budgetåret
530 1584 140 36 1962/63
692 1584 71 32 icke
784 1584 135 33 innebär
938 1586 109 40 någon
1067 1587 188 41 avlastning
1274 1599 43 21 av
1338 1589 176 39 styrelsens
1535 1601 80 29 egen
1636 1591 162 38 ekonomi,

310 1638 77 29 enär
403 1636 57 31 det
477 1636 220 39 nytillkomna
713 1638 225 41 lönebidraget
953 1642 37 29 är
1006 1644 112 28 avsett
1134 1640 50 32 för
1200 1641 282 40 sjömanspastorn
1500 1642 10 32 i
1526 1643 184 41 Hamburg,
1727 1656 71 21 som

309 1688 138 40 tidigare
462 1690 154 32 avlönats
631 1702 42 21 av
689 1691 220 40 Evangeliska
924 1692 371 34 fosterlandsstiftelsen.

350 1741 120 32 Vidare
493 1742 61 32 har
578 1743 221 40 domkapitlet
821 1745 11 30 i
858 1745 154 40 Uppsala,
1037 1746 83 32 efter
1143 1747 146 32 hörande
1312 1759 42 21 av
1379 1748 417 42 sjömansvårdsstyrelsen,

308 1795 75 31 med
402 1795 179 41 anledning
599 1808 42 20 av
661 1801 50 28 ett
730 1809 43 20 av
793 1798 140 32 svenska
952 1798 232 42 församlingen
1204 1800 9 32 i
1232 1801 253 41 Johannesburg
1503 1802 155 42 framlagt
1677 1804 121 41 förslag

308 1858 53 21 om
383 1848 206 41 ombildning
608 1861 41 20 av
671 1850 232 41 församlingen
924 1851 48 32 till
994 1853 121 31 svensk
1136 1854 325 42 utlandsförsamling
1480 1855 158 39 förordat,
1660 1862 52 27 att
1734 1857 63 40 sjö-

308 1901 356 40 mansvårdsstyrelsen
686 1903 51 31 får
758 1906 157 38 övertaga
936 1910 157 27 ansvaret
1114 1906 50 32 för
1185 1907 120 31 svensk
1327 1908 129 40 kyrklig
1477 1909 212 33 verksamhet
1711 1910 10 32 i
1742 1911 54 32 Jo-

308 1954 210 41 hannesburg
538 1960 70 27 mot
628 1960 51 27 att
700 1957 159 38 styrelsen
880 1958 136 31 erhåller
1035 1958 116 41 bidrag
1170 1971 39 19 ur
1228 1960 230 39 kyrkofonden
1478 1961 51 33 för
1548 1963 186 32 avlönande
1753 1975 43 21 av

308 2018 40 20 en
366 2007 240 40 sjömanspräst
623 2009 182 32 därstädes.

349 2060 319 40 Kammarkollegiet
697 2062 69 37 har,
799 2064 75 30 med
905 2063 130 40 hänsyn
1067 2065 49 31 till
1148 2066 65 31 vad
1246 2066 407 42 sjömansvårdsstyrelsen
1685 2070 111 32 anfört

308 2113 137 32 rörande
474 2113 244 41 omfattningen
748 2127 43 20 av
821 2117 175 38 styrelsens
1025 2118 212 32 verksamhet
1266 2124 86 28 samt
1381 2121 63 31 den
1474 2126 90 27 stora
1592 2118 202 49 betydelsen,

308 2166 123 33 kanske
454 2166 120 32 främst
598 2168 122 38 socialt,
744 2180 43 20 av
811 2173 53 28 att
886 2169 136 33 framför
1044 2171 60 31 allt
1126 2172 40 31 de
1189 2183 102 29 yngre
1314 2173 194 39 sjömännen
1532 2175 89 32 inom
1644 2176 150 32 handels-

307 2219 120 32 flottan
445 2219 155 40 erbjudes
617 2225 50 27 ett
684 2221 178 32 alternativ
880 2222 48 32 till
945 2223 235 40 hamnmiljöns
1197 2225 120 40 många
1334 2226 121 41 gånger
1472 2228 207 33 destruktiva
1699 2229 95 40 infly-

307 2273 109 38 tande,
435 2272 86 32 intet
537 2278 53 26 att
606 2273 104 32 erinra
728 2279 72 27 mot
817 2279 52 28 att
885 2275 114 41 bidrag
1017 2288 38 20 ur
1072 2277 228 39 kyrkofonden
1319 2279 126 32 lämnas
1462 2280 49 32 till
1529 2282 189 40 ytterligare
1735 2283 59 31 två

307 2324 284 41 sjömanspräster.

347 2379 164 41 Kollegiet
542 2392 95 21 anser
667 2381 47 40 sig
744 2382 100 31 också
874 2382 111 32 kunna
1017 2383 175 39 tillstyrka,
1223 2389 52 27 att
1306 2385 406 42 sjömansvårdsstyrelsen
1744 2389 50 31 får

306 2435 156 38 övertaga
479 2439 156 27 ansvaret
651 2434 50 32 för
719 2435 119 31 svensk
856 2435 128 41 kyrklig
1000 2436 211 33 verksamhet
1229 2437 9 31 i
1254 2438 253 42 Johannesburg
1523 2445 70 27 mot
1610 2445 52 28 att
1679 2443 114 38 styrel-

306 2496 55 20 sen
380 2486 137 31 erhåller
535 2486 116 41 bidrag
669 2498 38 20 ur
725 2487 228 39 kyrkofonden
973 2488 50 32 för
1041 2489 185 33 avlönande
1244 2502 43 20 av
1306 2502 39 20 en
1364 2490 239 42 sjömanspräst
1622 2494 170 33 därstädes
