1882 2786
456 186 116 40 Tredje
592 187 238 39 lagutskottets
847 185 174 32 utlåtande
1040 197 39 20 nr
1097 187 40 29 25
1155 184 37 32 år
1210 186 82 30 1963
1599 192 19 27 3

797 266 146 41 Förslag

847 337 52 33 till

837 409 72 41 Lag

219 493 60 20 om
300 481 138 32 ändrad
461 481 131 42 lydelse
614 493 42 20 av
676 481 51 32 44
747 482 68 31 och
836 480 50 33 46
911 480 44 42 88
978 480 223 33 ecklesiastik
1221 481 303 40 boställsordning

556 543 70 32 den
649 543 48 32 30
717 544 142 40 augusti
882 543 95 32 1932
1006 543 64 40 (nr
1089 543 94 39 400)

169 641 205 40 Härigenom
396 640 182 38 förordnas,
603 644 54 28 att
680 643 40 29 44
743 640 63 32 och
831 642 40 29 46
897 640 36 40 $$
960 639 207 33 ecklesiastik
1190 640 278 41 boställsordning
1493 641 63 31 den
1581 644 39 28 30

128 694 133 41 augusti
280 694 94 32 1932!
393 694 92 32 skola
501 693 124 32 erhålla
641 693 127 32 ändrad
785 693 124 39 lydelse
925 693 44 40 på
986 695 69 30 sätt
1071 693 109 32 nedan
1196 693 146 40 angives.

285 782 221 40 (Nuvarande
525 782 138 40 lydelse)
1090 782 212 40 (Föreslagen
1322 782 137 40 lydelse)

830 838 40 29 44
893 835 16 41 8

170 899 65 32 För
257 899 146 31 skötseln
450 917 17 5 —
486 916 724 6 ———————————>—
1232 902 152 35 pastorat
1407 903 214 36 gemensamt.

170 951 237 41 Skogsbiträde
428 951 82 32 skall
530 970 725 5 ————————————
1277 951 125 41 skoglig
1424 951 197 42 utbildning.

170 1004 237 42 Skogsbiträde
428 1008 91 28 utses
550 1023 725 5 ————————————
1310 1004 49 32 till
1384 1004 237 41 skogsbiträde.

170 1058 78 32 Kan
274 1058 148 32 sökande
478 1076 81 5 ——
579 1076 724 5 ————————————
1339 1057 110 33 därtill
1475 1058 146 33 skickad.

170 1137 236 41 Skogsbiträde
439 1137 82 32 skall
552 1137 52 32 för
635 1137 187 41 uppdraget
971 1137 235 40 Skogsbiträde
1238 1138 83 31 skall
1353 1137 52 33 för
1436 1139 186 40 uppdraget

128 1194 62 38 äga
224 1195 54 28 att
310 1202 44 20 av
389 1190 247 32 vederbörande
670 1193 152 37 pastorat
929 1193 62 37 äga
1019 1190 151 40 uppbära
1197 1191 56 31 lön
1280 1191 78 32 eller:
1384 1192 122 31 arvode
1533 1196 90 27 samt

127 1244 153 41 uppbära
308 1244 122 39 skäligt
456 1243 134 37 arvode,
618 1255 71 20 som
718 1243 102 32 stifts-
927 1243 426 41 resekostnadsersättning,
1397 1245 225 32 traktamente

128 1298 167 32 nämnden
318 1297 211 33 bestämmer.
930 1297 62 31 och
1014 1297 183 40 ersättning
1217 1297 53 40 för
1291 1308 157 29 expenser
1467 1298 79 32 med
1568 1298 54 32 be-

929 1350 88 40 lopp,
1040 1361 69 21 som
1132 1350 258 32 stiftsnämnden
1411 1351 210 33 bestämmer.

970 1405 196 39 Skyldighet
1183 1409 54 27 att
1255 1405 130 40 erlägga
1403 1405 218 40 arbetsgivar-

929 1457 107 40 avgift
1054 1460 157 29 ävensom
1229 1463 106 26 annat
1352 1459 181 39 åliggande,
1551 1470 71 20 som

929 1510 207 40 beträffande
1177 1512 165 39 avlöning,
1383 1513 138 39 pension
1561 1512 61 31 och

929 1564 137 31 därmed
1093 1564 187 40 jämförliga
1307 1565 229 39 förhållanden
1565 1577 57 20 an-

929 1617 149 32 kommer
1093 1617 45 40 på
1154 1617 233 41 arbetsgivare,
1404 1618 83 32 skall
1503 1619 11 31 i
1528 1618 94 40 fråga

929 1682 55 19 om
1010 1670 227 40 skogsbiträde
1264 1671 157 40 fullgöras
1448 1683 42 20 av
1518 1672 104 39 stifts-

928 1724 177 31 nämnden.

831 1805 40 29 46
895 1803 15 40 8

172 1866 236 39 Hushållsplan
436 1868 178 36 upprättas
666 1884 23 4 —
723 1884 27 3 —
771 1884 475 4 —————
1092 1861 90 48 ——
1209 1861 39 48 —
1283 1877 42 19 av
1354 1865 267 32 stiftsnämnden.

172 1919 124 31 Planen
329 1918 82 31 kall
468 1936 78 5 ——
567 1936 723 5 ————————
1080 1914 93 48 rr
1203 1914 90 48 rn
1322 1918 178 32 förändrad
1533 1919 88 39 plan.

168 1998 131 31 Anlitar
315 1997 217 39 stiftsnämnd
549 1996 156 40 tillfälligt
722 1996 99 32 biträ-
970 1997 66 31 För
1061 1997 225 39 upprättande
1313 2008 43 20 av
1383 1997 238 40 hushållnings-

129 2052 40 31 de
192 2051 52 39 för
266 2050 226 40 upprättande
516 2061 43 20 av
583 2049 238 40 hushållnings-
929 2050 79 39 plan
1028 2049 56 31 må
1104 2050 216 39 stiftsnämnd
1343 2050 155 40 tillfälligt
1518 2051 103 31 anlita

128 2104 89 40 plan,
235 2103 121 39 åligger
373 2103 59 31 det
448 2107 187 35 pastoratet
651 2106 53 27 att
721 2103 101 39 enligt
931 2102 137 31 biträde.

129 2157 151 39 grunder,
304 2167 73 20 som
399 2156 190 38 Konungen
613 2155 208 36 bestämmer,

129 2212 125 28 ersätta
280 2208 231 39 kyrkofonden
534 2208 52 39 för
610 2208 103 31 härav
738 2219 82 29 upp-

130 2262 154 31 kommen
306 2260 153 32 kostnad.

173 2402 118 31 Denna
309 2401 53 40 lag
380 2400 110 32 träder
507 2400 9 31 i
534 2400 89 32 kraft
641 2401 62 31 den
723 2404 13 28 1
755 2401 130 39 januari
904 2404 89 29 1964.

163 2579 8 13 1
190 2579 106 26 Senaste
311 2577 97 33 lydelse
423 2586 33 17 av
472 2580 31 22 44
520 2577 13 31 $
549 2587 26 16 se
593 2580 71 23 1942:
675 2580 56 23 233.
