1907 2830
506 174 250 31 Statsutskottets
772 175 160 30 utlåtande
947 185 37 20 nr
998 175 44 31 96
1058 175 36 31 år
1108 175 88 31 1968
1578 182 16 27 7

159 256 67 31 dels
246 256 52 30 det
318 256 107 39 stycke
445 257 10 30 i
474 256 167 30 utskottets
660 256 144 39 yttrande
824 255 41 41 på
885 266 23 21 s.
931 257 18 30 5
972 266 69 21 som
1061 255 107 40 börjar
1187 256 73 31 med
1282 257 93 30 »Vad
1396 256 115 41 angår»
1534 257 62 31 och

115 310 96 30 slutar
226 309 73 31 med
318 310 81 30 »och
414 310 41 30 II:
475 310 103 31 1069»
597 309 72 32 bort
684 311 130 29 ersättas
830 309 74 31 med
919 314 65 26 text
1000 319 39 22 av
1054 309 140 40 följande
1209 310 128 40 lydelse:

161 364 93 30 »Vad
277 363 96 40 angår
394 363 153 40 yrkandet
569 364 10 30 i
601 364 197 30 motionerna
820 364 25 30 I:
862 364 63 31 827
949 364 61 30 och
1031 364 41 30 II:
1092 364 83 31 1069
1199 374 54 21 om
1275 364 145 41 uppdrag
1441 365 50 31 för
1512 365 83 31 läro-

114 417 327 40 medelsutredningen
461 422 43 26 att
523 417 110 31 utreda
652 418 160 30 formerna
831 418 51 30 för
900 423 44 26 ett
962 418 120 30 institut
1101 418 50 31 för
1169 418 355 41 läromedelsforskning
1542 419 53 30 vill

112 471 150 31 utskottet
283 470 177 38 framhålla,
485 475 44 27 att
549 471 436 40 branschforskningsinstitut
1007 480 39 22 av
1068 471 103 31 denna
1193 477 52 35 typ
1270 473 34 30 är
1324 472 126 40 mycket
1472 473 125 39 vanliga

114 526 87 30 inom
227 525 126 31 svenskt
378 525 178 39 näringsliv.
585 526 105 29 Staten
715 525 122 30 lämnar
862 525 21 31 f.
911 535 29 21 n.
969 525 99 31 under
1094 525 110 40 sjunde
1230 526 197 30 huvudtiteln
1453 527 71 30 stöd
1550 526 45 31 till

114 579 139 31 Svenska
270 579 390 40 träforskningsinstitutet,
681 579 140 31 Svenska
838 578 428 41 textilforskningsinstitutet,
1286 580 157 31 Institutet
1461 580 51 31 för
1530 590 65 21 me-

114 633 228 39 tallforskning,
371 633 139 30 Svenska
536 633 152 30 institutet
713 632 50 31 för
790 633 412 40 konserveringsforskning,
1231 633 156 31 Institutet
1413 634 51 31 för
1490 634 106 40 optisk

112 686 172 40 forskning,
308 686 140 31 Svenska
470 685 443 40 silikatforskningsinstitutet,
935 686 157 31 Institutet
1112 686 51 31 för
1183 687 289 31 verkstadsteknisk
1492 687 103 31 forsk-

113 740 74 40 ning
207 744 81 27 samt
307 740 353 30 Korrosionsinstitutet.
683 740 49 30 De
753 739 152 31 särskilda
927 740 148 39 anslagen
1095 740 45 31 till
1160 740 91 31 dessa
1272 740 64 31 åtta
1356 740 239 32 branschforsk-

112 794 211 39 ningsinstitut
347 793 123 40 uppgår
494 794 50 30 för
568 793 212 31 innevarande
805 793 154 40 budgetår
982 794 45 30 till
1054 793 52 37 6,9
1132 794 76 39 milj.
1236 794 45 31 kr.
1309 794 171 32 Dessutom
1505 794 91 41 utgår

114 848 108 39 anslag
238 847 71 31 från
326 847 144 31 tekniska
487 846 269 40 forskningsrådet
773 847 73 30 med
864 856 37 21 ca
920 847 17 30 3
957 846 75 40 milj.
1053 847 45 31 kr.

158 902 54 30 Ett
235 901 119 31 institut
377 901 50 30 för
450 900 354 40 läromedelsforskning
827 901 109 37 skulle,
962 910 69 21 som
1055 901 233 31 motionärerna
1311 901 151 40 påpekar,
1486 901 42 41 på
1552 906 43 27 ett

113 955 157 30 fruktbart
292 956 60 29 sätt
374 955 107 30 kunna
503 954 176 31 kanalisera
701 954 52 30 det
775 954 214 40 pedagogiska
1011 954 169 31 kunnande
1203 964 69 22 som
1294 955 226 40 myndigheter,
1544 965 51 21 or-

114 1009 210 39 ganisationer
344 1008 61 31 och
425 1008 123 40 företag
567 1008 136 30 besitter.
726 1008 118 30 Därför
864 1008 167 39 tillstyrker
1051 1008 151 31 utskottet
1222 1018 43 21 nu
1286 1008 238 40 ifrågavarande
1545 1018 50 31 yr-

114 1062 104 31 kande
234 1063 10 30 i
261 1062 199 31 motionerna
476 1062 25 31 I:
519 1062 62 30 827
600 1062 60 30 och
677 1062 42 30 II:
739 1061 114 31 1069.»

160 1116 66 31 dels
242 1116 167 30 utskottets
424 1115 188 31 hemställan
627 1115 100 31 under
742 1115 141 40 punkten
900 1115 29 31 3.
946 1115 72 31 bort
1034 1115 41 31 ha
1091 1114 140 40 följande
1246 1115 128 40 lydelse:

480 1169 50 31 »3,
549 1173 43 26 att
606 1169 167 39 riksdagen
787 1169 73 30 med
875 1169 88 30 bifall
979 1169 44 30 till
1038 1169 199 30 motionerna
1251 1169 25 30 I:
1293 1169 63 31 827
1373 1169 61 31 och
1449 1170 41 30 II:
1510 1170 83 31 1069

433 1222 91 31 såvitt
544 1232 43 20 nu
609 1224 33 29 är
661 1222 10 30 i
690 1221 89 40 fråga
799 1222 58 31 hos
878 1222 113 40 Kungl.
1014 1221 94 40 Maj:t
1128 1222 180 31 hemställer
1329 1227 43 26 att
1392 1223 203 31 läromedels-

432 1276 206 39 utredningen
657 1275 133 31 erhåller
808 1275 145 41 uppdrag
972 1279 44 27 att
1035 1275 110 31 utreda
1165 1276 160 31 formerna
1344 1276 50 31 för
1413 1280 43 27 ett
1475 1277 121 31 institut

431 1330 51 31 för
503 1329 363 39 läromedelsforskning,
891 1339 69 21 som
984 1329 124 31 arbetar
1129 1330 10 31 i
1162 1331 77 29 nära
1261 1330 132 30 kontakt
1416 1330 73 31 med
1512 1331 84 30 skol-

432 1383 237 40 överstyrelsen,
697 1382 221 31 skolväsendet
943 1383 11 31 i
980 1383 109 39 övrigt,
1118 1383 85 30 olika
1229 1383 366 40 bildningsinstitutioner

432 1436 60 31 och
521 1436 102 40 förlag
650 1436 73 30 med
751 1436 384 40 läromedelsproduktion
1163 1442 81 25 samt
1272 1437 61 30 den
1360 1438 236 40 vetenskapliga

433 1490 203 40 forskningen
652 1489 53 31 vid
722 1489 180 31 universitet
919 1489 60 31 och
996 1490 285 40 lärarhögskolor,»
