<?xml version="1.0" encoding="UTF-8"?>
<alto xmlns="http://www.loc.gov/standards/alto/ns-v3#" xmlns:xlink="http://www.w3.org/1999/xlink" xmlns:xsi="http://www.w3.org/2001/XMLSchema-instance" xsi:schemaLocation="http://www.loc.gov/standards/alto/ns-v3# http://www.loc.gov/alto/v3/alto-3-0.xsd">
	<Description>
		<MeasurementUnit>pixel</MeasurementUnit>
		<sourceImageInformation>
			<fileName>/tmp/tess_o_slh_c7_input.PNG</fileName>
		</sourceImageInformation>
		<OCRProcessing ID="OCR_0">
			<ocrProcessingStep>
				<processingSoftware>
					<softwareName>tesseract 5.3.0</softwareName>
				</processingSoftware>
			</ocrProcessingStep>
		</OCRProcessing>
	</Description>
	<Layout>
		<Page WIDTH="2158" HEIGHT="2661" PHYSICAL_IMG_NR="0" ID="page_0">
			<PrintSpace HPOS="0" VPOS="0" WIDTH="2158" HEIGHT="2661">
				<ComposedBlock ID="cblock_0" HPOS="330" VPOS="208" WIDTH="1162" HEIGHT="44">
					<TextBlock ID="block_0" HPOS="330" VPOS="208" WIDTH="1162" HEIGHT="44">
						<TextLine ID="line_0" HPOS="330" VPOS="208" WIDTH="1162" HEIGHT="44">
							<String ID="string_0" HPOS="330" VPOS="214" WIDTH="19" HEIGHT="31" WC="0.96" CONTENT="2"/><SP WIDTH="356" VPOS="214" HPOS="349"/>
							<String ID="string_1" HPOS="705" VPOS="210" WIDTH="214" HEIGHT="42" WC="0.53" CONTENT="Bevillmings-"/><SP WIDTH="11" VPOS="210" HPOS="919"/>
							<String ID="string_2" HPOS="930" VPOS="210" WIDTH="168" HEIGHT="33" WC="0.87" CONTENT="Utskottets"/><SP WIDTH="23" VPOS="210" HPOS="1098"/>
							<String ID="string_3" HPOS="1121" VPOS="208" WIDTH="210" HEIGHT="35" WC="0.96" CONTENT="Betänkande"/><SP WIDTH="22" VPOS="208" HPOS="1331"/>
							<String ID="string_4" HPOS="1353" VPOS="208" WIDTH="65" HEIGHT="33" WC="0.94" CONTENT="N:o"/><SP WIDTH="23" VPOS="208" HPOS="1418"/>
							<String ID="string_5" HPOS="1441" VPOS="210" WIDTH="51" HEIGHT="31" WC="0.84" CONTENT="14."/>
						</TextLine>
					</TextBlock>
				</ComposedBlock>
				<ComposedBlock ID="cblock_1" HPOS="285" VPOS="288" WIDTH="1607" HEIGHT="1353">
					<TextBlock ID="block_1" HPOS="285" VPOS="288" WIDTH="1603" HEIGHT="577">
						<TextLine ID="line_1" HPOS="287" VPOS="288" WIDTH="1597" HEIGHT="55">
							<String ID="string_6" HPOS="287" VPOS="298" WIDTH="60" HEIGHT="35" WC="0.95" CONTENT="års"/><SP WIDTH="34" VPOS="298" HPOS="347"/>
							<String ID="string_7" HPOS="381" VPOS="293" WIDTH="174" HEIGHT="50" WC="0.90" CONTENT="Riksdag"/><SP WIDTH="41" VPOS="293" HPOS="555"/>
							<String ID="string_8" HPOS="596" VPOS="293" WIDTH="140" HEIGHT="38" WC="0.91" CONTENT="aflåtna"/><SP WIDTH="28" VPOS="293" HPOS="736"/>
							<String ID="string_9" HPOS="764" VPOS="292" WIDTH="140" HEIGHT="50" WC="0.96" CONTENT="nådiga"/><SP WIDTH="27" VPOS="292" HPOS="904"/>
							<String ID="string_10" HPOS="931" VPOS="291" WIDTH="239" HEIGHT="51" WC="0.96" CONTENT="proposition"/><SP WIDTH="29" VPOS="291" HPOS="1170"/>
							<String ID="string_11" HPOS="1199" VPOS="289" WIDTH="199" HEIGHT="52" WC="0.93" CONTENT="angående"/><SP WIDTH="29" VPOS="289" HPOS="1398"/>
							<String ID="string_12" HPOS="1427" VPOS="289" WIDTH="255" HEIGHT="38" WC="0.91" CONTENT="statsverkets"/><SP WIDTH="28" VPOS="289" HPOS="1682"/>
							<String ID="string_13" HPOS="1710" VPOS="288" WIDTH="174" HEIGHT="39" WC="0.96" CONTENT="tillstånd"/>
						</TextLine>
						<TextLine ID="line_2" HPOS="287" VPOS="342" WIDTH="1596" HEIGHT="54">
							<String ID="string_14" HPOS="287" VPOS="348" WIDTH="72" HEIGHT="38" WC="0.92" CONTENT="och"/><SP WIDTH="28" VPOS="348" HPOS="359"/>
							<String ID="string_15" HPOS="387" VPOS="347" WIDTH="121" HEIGHT="38" WC="0.92" CONTENT="behof"/><SP WIDTH="23" VPOS="347" HPOS="508"/>
							<String ID="string_16" HPOS="531" VPOS="346" WIDTH="156" HEIGHT="50" WC="0.92" CONTENT="bilagda"/><SP WIDTH="24" VPOS="346" HPOS="687"/>
							<String ID="string_17" HPOS="711" VPOS="346" WIDTH="141" HEIGHT="49" WC="0.96" CONTENT="utdrag"/><SP WIDTH="28" VPOS="346" HPOS="852"/>
							<String ID="string_18" HPOS="880" VPOS="344" WIDTH="42" HEIGHT="38" WC="0.96" CONTENT="af"/><SP WIDTH="14" VPOS="344" HPOS="922"/>
							<String ID="string_19" HPOS="936" VPOS="344" WIDTH="231" HEIGHT="51" WC="0.96" CONTENT="protokollet"/><SP WIDTH="14" VPOS="344" HPOS="1167"/>
							<String ID="string_20" HPOS="1181" VPOS="344" WIDTH="59" HEIGHT="37" WC="0.93" CONTENT="för"/><SP WIDTH="14" VPOS="344" HPOS="1240"/>
							<String ID="string_21" HPOS="1254" VPOS="343" WIDTH="298" HEIGHT="37" WC="0.90" CONTENT="finansärenden"/><SP WIDTH="16" VPOS="343" HPOS="1552"/>
							<String ID="string_22" HPOS="1568" VPOS="343" WIDTH="73" HEIGHT="37" WC="0.96" CONTENT="den"/><SP WIDTH="21" VPOS="343" HPOS="1641"/>
							<String ID="string_23" HPOS="1662" VPOS="343" WIDTH="45" HEIGHT="37" WC="0.96" CONTENT="10"/><SP WIDTH="17" VPOS="343" HPOS="1707"/>
							<String ID="string_24" HPOS="1724" VPOS="342" WIDTH="159" HEIGHT="38" WC="0.96" CONTENT="Januari"/>
						</TextLine>
						<TextLine ID="line_3" HPOS="285" VPOS="395" WIDTH="1599" HEIGHT="53">
							<String ID="string_25" HPOS="285" VPOS="400" WIDTH="169" HEIGHT="38" WC="0.96" CONTENT="nämnda"/><SP WIDTH="41" VPOS="400" HPOS="454"/>
							<String ID="string_26" HPOS="495" VPOS="403" WIDTH="51" HEIGHT="45" WC="0.96" CONTENT="år,"/><SP WIDTH="44" VPOS="403" HPOS="546"/>
							<String ID="string_27" HPOS="590" VPOS="399" WIDTH="196" HEIGHT="38" WC="0.96" CONTENT="beräknad"/><SP WIDTH="27" VPOS="399" HPOS="786"/>
							<String ID="string_28" HPOS="813" VPOS="398" WIDTH="59" HEIGHT="37" WC="0.93" CONTENT="till"/><SP WIDTH="28" VPOS="398" HPOS="872"/>
							<String ID="string_29" HPOS="900" VPOS="399" WIDTH="165" HEIGHT="44" WC="0.91" CONTENT="246,400"/><SP WIDTH="28" VPOS="399" HPOS="1065"/>
							<String ID="string_30" HPOS="1093" VPOS="397" WIDTH="153" HEIGHT="47" WC="0.96" CONTENT="kronor,"/><SP WIDTH="29" VPOS="397" HPOS="1246"/>
							<String ID="string_31" HPOS="1275" VPOS="399" WIDTH="129" HEIGHT="46" WC="0.96" CONTENT="någon"/><SP WIDTH="28" VPOS="399" HPOS="1404"/>
							<String ID="string_32" HPOS="1432" VPOS="395" WIDTH="206" HEIGHT="38" WC="0.96" CONTENT="förändrad"/><SP WIDTH="28" VPOS="395" HPOS="1638"/>
							<String ID="string_33" HPOS="1666" VPOS="395" WIDTH="218" HEIGHT="50" WC="0.96" CONTENT="beräkning"/>
						</TextLine>
						<TextLine ID="line_4" HPOS="287" VPOS="448" WIDTH="1597" HEIGHT="49">
							<String ID="string_34" HPOS="287" VPOS="453" WIDTH="43" HEIGHT="38" WC="0.96" CONTENT="af"/><SP WIDTH="36" VPOS="453" HPOS="330"/>
							<String ID="string_35" HPOS="366" VPOS="453" WIDTH="126" HEIGHT="37" WC="0.96" CONTENT="denna"/><SP WIDTH="40" VPOS="453" HPOS="492"/>
							<String ID="string_36" HPOS="532" VPOS="451" WIDTH="171" HEIGHT="38" WC="0.95" CONTENT="inkomst"/><SP WIDTH="26" VPOS="451" HPOS="703"/>
							<String ID="string_37" HPOS="729" VPOS="451" WIDTH="88" HEIGHT="38" WC="0.96" CONTENT="icke"/><SP WIDTH="28" VPOS="451" HPOS="817"/>
							<String ID="string_38" HPOS="845" VPOS="450" WIDTH="129" HEIGHT="37" WC="0.96" CONTENT="kunde"/><SP WIDTH="29" VPOS="450" HPOS="974"/>
							<String ID="string_39" HPOS="1003" VPOS="463" WIDTH="112" HEIGHT="24" WC="0.96" CONTENT="anses"/><SP WIDTH="28" VPOS="463" HPOS="1115"/>
							<String ID="string_40" HPOS="1143" VPOS="463" WIDTH="52" HEIGHT="23" WC="0.96" CONTENT="nu"/><SP WIDTH="29" VPOS="463" HPOS="1195"/>
							<String ID="string_41" HPOS="1224" VPOS="449" WIDTH="92" HEIGHT="37" WC="0.93" CONTENT="böra"/><SP WIDTH="27" VPOS="449" HPOS="1316"/>
							<String ID="string_42" HPOS="1343" VPOS="448" WIDTH="291" HEIGHT="49" WC="0.91" CONTENT="ifrågakomma,"/><SP WIDTH="27" VPOS="448" HPOS="1634"/>
							<String ID="string_43" HPOS="1661" VPOS="448" WIDTH="72" HEIGHT="37" WC="0.96" CONTENT="och"/><SP WIDTH="28" VPOS="448" HPOS="1733"/>
							<String ID="string_44" HPOS="1761" VPOS="448" WIDTH="123" HEIGHT="37" WC="0.96" CONTENT="under"/>
						</TextLine>
						<TextLine ID="line_5" HPOS="288" VPOS="499" WIDTH="1598" HEIGHT="57">
							<String ID="string_45" HPOS="288" VPOS="505" WIDTH="231" HEIGHT="51" WC="0.96" CONTENT="antagande,"/><SP WIDTH="31" VPOS="505" HPOS="519"/>
							<String ID="string_46" HPOS="550" VPOS="510" WIDTH="56" HEIGHT="32" WC="0.96" CONTENT="att"/><SP WIDTH="27" VPOS="510" HPOS="606"/>
							<String ID="string_47" HPOS="633" VPOS="505" WIDTH="76" HEIGHT="37" WC="0.96" CONTENT="den"/><SP WIDTH="27" VPOS="505" HPOS="709"/>
							<String ID="string_48" HPOS="736" VPOS="503" WIDTH="181" HEIGHT="52" WC="0.93" CONTENT="gällande"/><SP WIDTH="29" VPOS="503" HPOS="917"/>
							<String ID="string_49" HPOS="946" VPOS="502" WIDTH="402" HEIGHT="50" WC="0.90" CONTENT="bevillningsstadgan"/><SP WIDTH="28" VPOS="502" HPOS="1348"/>
							<String ID="string_50" HPOS="1376" VPOS="501" WIDTH="127" HEIGHT="37" WC="0.91" CONTENT="blefve"/><SP WIDTH="27" VPOS="501" HPOS="1503"/>
							<String ID="string_51" HPOS="1530" VPOS="500" WIDTH="58" HEIGHT="37" WC="0.96" CONTENT="till"/><SP WIDTH="28" VPOS="500" HPOS="1588"/>
							<String ID="string_52" HPOS="1616" VPOS="499" WIDTH="84" HEIGHT="38" WC="0.93" CONTENT="sina"/><SP WIDTH="20" VPOS="499" HPOS="1700"/>
							<String ID="string_53" HPOS="1720" VPOS="500" WIDTH="166" HEIGHT="37" WC="0.91" CONTENT="hufvud-"/>
						</TextLine>
						<TextLine ID="line_6" HPOS="287" VPOS="552" WIDTH="1598" HEIGHT="58">
							<String ID="string_54" HPOS="287" VPOS="559" WIDTH="171" HEIGHT="51" WC="0.95" CONTENT="grunder"/><SP WIDTH="29" VPOS="559" HPOS="458"/>
							<String ID="string_55" HPOS="487" VPOS="557" WIDTH="217" HEIGHT="38" WC="0.95" CONTENT="bibehållen"/><SP WIDTH="28" VPOS="557" HPOS="704"/>
							<String ID="string_56" HPOS="732" VPOS="556" WIDTH="230" HEIGHT="38" WC="0.96" CONTENT="oförändrad"/><SP WIDTH="29" VPOS="556" HPOS="962"/>
							<String ID="string_57" HPOS="991" VPOS="555" WIDTH="59" HEIGHT="37" WC="0.96" CONTENT="för"/><SP WIDTH="28" VPOS="555" HPOS="1050"/>
							<String ID="string_58" HPOS="1078" VPOS="558" WIDTH="41" HEIGHT="34" WC="0.96" CONTENT="år"/><SP WIDTH="34" VPOS="558" HPOS="1119"/>
							<String ID="string_59" HPOS="1153" VPOS="556" WIDTH="108" HEIGHT="43" WC="0.96" CONTENT="1886,"/><SP WIDTH="31" VPOS="556" HPOS="1261"/>
							<String ID="string_60" HPOS="1292" VPOS="554" WIDTH="70" HEIGHT="36" WC="0.96" CONTENT="har"/><SP WIDTH="29" VPOS="554" HPOS="1362"/>
							<String ID="string_61" HPOS="1391" VPOS="552" WIDTH="285" HEIGHT="38" WC="0.93" CONTENT="Statskontoret"/><SP WIDTH="17" VPOS="552" HPOS="1676"/>
							<String ID="string_62" HPOS="1693" VPOS="552" WIDTH="192" HEIGHT="49" WC="0.91" CONTENT="hemstält,"/>
						</TextLine>
						<TextLine ID="line_7" HPOS="288" VPOS="605" WIDTH="1600" HEIGHT="53">
							<String ID="string_63" HPOS="288" VPOS="617" WIDTH="57" HEIGHT="32" WC="0.96" CONTENT="att"/><SP WIDTH="41" VPOS="617" HPOS="345"/>
							<String ID="string_64" HPOS="386" VPOS="612" WIDTH="75" HEIGHT="36" WC="0.95" CONTENT="den"/><SP WIDTH="42" VPOS="612" HPOS="461"/>
							<String ID="string_65" HPOS="503" VPOS="610" WIDTH="59" HEIGHT="37" WC="0.96" CONTENT="för"/><SP WIDTH="41" VPOS="610" HPOS="562"/>
							<String ID="string_66" HPOS="603" VPOS="613" WIDTH="40" HEIGHT="34" WC="0.96" CONTENT="år"/><SP WIDTH="44" VPOS="613" HPOS="643"/>
							<String ID="string_67" HPOS="687" VPOS="611" WIDTH="97" HEIGHT="36" WC="0.95" CONTENT="1885"/><SP WIDTH="31" VPOS="611" HPOS="784"/>
							<String ID="string_68" HPOS="815" VPOS="614" WIDTH="169" HEIGHT="44" WC="0.95" CONTENT="antagna"/><SP WIDTH="28" VPOS="614" HPOS="984"/>
							<String ID="string_69" HPOS="1012" VPOS="607" WIDTH="266" HEIGHT="49" WC="0.93" CONTENT="beräkningen"/><SP WIDTH="23" VPOS="607" HPOS="1278"/>
							<String ID="string_70" HPOS="1301" VPOS="606" WIDTH="146" HEIGHT="50" WC="0.91" CONTENT="jemväl"/><SP WIDTH="28" VPOS="606" HPOS="1447"/>
							<String ID="string_71" HPOS="1475" VPOS="606" WIDTH="60" HEIGHT="37" WC="0.96" CONTENT="för"/><SP WIDTH="24" VPOS="606" HPOS="1535"/>
							<String ID="string_72" HPOS="1559" VPOS="605" WIDTH="259" HEIGHT="49" WC="0.95" CONTENT="nästföljande"/><SP WIDTH="29" VPOS="605" HPOS="1818"/>
							<String ID="string_73" HPOS="1847" VPOS="607" WIDTH="41" HEIGHT="35" WC="0.96" CONTENT="år"/>
						</TextLine>
						<TextLine ID="line_8" HPOS="288" VPOS="657" WIDTH="1597" HEIGHT="51">
							<String ID="string_74" HPOS="288" VPOS="667" WIDTH="119" HEIGHT="34" WC="0.96" CONTENT="måtte"/><SP WIDTH="43" VPOS="667" HPOS="407"/>
							<String ID="string_75" HPOS="450" VPOS="662" WIDTH="212" HEIGHT="38" WC="0.95" CONTENT="bibehållas"/><SP WIDTH="44" VPOS="662" HPOS="662"/>
							<String ID="string_76" HPOS="706" VPOS="662" WIDTH="70" HEIGHT="37" WC="0.96" CONTENT="och"/><SP WIDTH="43" VPOS="662" HPOS="776"/>
							<String ID="string_77" HPOS="819" VPOS="662" WIDTH="75" HEIGHT="36" WC="0.96" CONTENT="den"/><SP WIDTH="34" VPOS="662" HPOS="894"/>
							<String ID="string_78" HPOS="928" VPOS="660" WIDTH="191" HEIGHT="38" WC="0.93" CONTENT="allmänna"/><SP WIDTH="29" VPOS="660" HPOS="1119"/>
							<String ID="string_79" HPOS="1148" VPOS="659" WIDTH="264" HEIGHT="49" WC="0.90" CONTENT="bevillningen"/><SP WIDTH="28" VPOS="659" HPOS="1412"/>
							<String ID="string_80" HPOS="1440" VPOS="658" WIDTH="59" HEIGHT="38" WC="0.96" CONTENT="för"/><SP WIDTH="28" VPOS="658" HPOS="1499"/>
							<String ID="string_81" HPOS="1527" VPOS="661" WIDTH="41" HEIGHT="34" WC="0.96" CONTENT="år"/><SP WIDTH="30" VPOS="661" HPOS="1568"/>
							<String ID="string_82" HPOS="1598" VPOS="659" WIDTH="96" HEIGHT="36" WC="0.96" CONTENT="1886"/><SP WIDTH="31" VPOS="659" HPOS="1694"/>
							<String ID="string_83" HPOS="1725" VPOS="657" WIDTH="160" HEIGHT="37" WC="0.95" CONTENT="sålunda"/>
						</TextLine>
						<TextLine ID="line_9" HPOS="287" VPOS="709" WIDTH="1597" HEIGHT="53">
							<String ID="string_84" HPOS="287" VPOS="715" WIDTH="190" HEIGHT="38" WC="0.95" CONTENT="beräknas"/><SP WIDTH="41" VPOS="715" HPOS="477"/>
							<String ID="string_85" HPOS="518" VPOS="714" WIDTH="58" HEIGHT="36" WC="0.93" CONTENT="till"/><SP WIDTH="42" VPOS="714" HPOS="576"/>
							<String ID="string_86" HPOS="618" VPOS="715" WIDTH="205" HEIGHT="47" WC="0.91" CONTENT="3,250,000"/><SP WIDTH="43" VPOS="715" HPOS="823"/>
							<String ID="string_87" HPOS="866" VPOS="714" WIDTH="154" HEIGHT="35" WC="0.94" CONTENT="kronor."/><SP WIDTH="55" VPOS="714" HPOS="1020"/>
							<String ID="string_88" HPOS="1075" VPOS="712" WIDTH="131" HEIGHT="37" WC="0.96" CONTENT="Under"/><SP WIDTH="38" VPOS="712" HPOS="1206"/>
							<String ID="string_89" HPOS="1244" VPOS="711" WIDTH="241" HEIGHT="49" WC="0.96" CONTENT="åberopande"/><SP WIDTH="25" VPOS="711" HPOS="1485"/>
							<String ID="string_90" HPOS="1510" VPOS="710" WIDTH="114" HEIGHT="36" WC="0.96" CONTENT="häraf"/><SP WIDTH="23" VPOS="710" HPOS="1624"/>
							<String ID="string_91" HPOS="1647" VPOS="710" WIDTH="69" HEIGHT="35" WC="0.96" CONTENT="har"/><SP WIDTH="27" VPOS="710" HPOS="1716"/>
							<String ID="string_92" HPOS="1743" VPOS="709" WIDTH="141" HEIGHT="49" WC="0.96" CONTENT="Kongl."/>
						</TextLine>
						<TextLine ID="line_10" HPOS="287" VPOS="760" WIDTH="1599" HEIGHT="57">
							<String ID="string_93" HPOS="287" VPOS="767" WIDTH="108" HEIGHT="50" WC="0.96" CONTENT="Maj:t"/><SP WIDTH="40" VPOS="767" HPOS="395"/>
							<String ID="string_94" HPOS="435" VPOS="766" WIDTH="13" HEIGHT="37" WC="0.91" CONTENT="i"/><SP WIDTH="38" VPOS="766" HPOS="448"/>
							<String ID="string_95" HPOS="486" VPOS="764" WIDTH="509" HEIGHT="52" WC="0.88" CONTENT="statsverkspropositionen"/><SP WIDTH="29" VPOS="764" HPOS="995"/>
							<String ID="string_96" HPOS="1024" VPOS="763" WIDTH="180" HEIGHT="51" WC="0.92" CONTENT="upptagit"/><SP WIDTH="26" VPOS="763" HPOS="1204"/>
							<String ID="string_97" HPOS="1230" VPOS="762" WIDTH="266" HEIGHT="50" WC="0.91" CONTENT="bevillningen"/><SP WIDTH="28" VPOS="762" HPOS="1496"/>
							<String ID="string_98" HPOS="1524" VPOS="762" WIDTH="42" HEIGHT="37" WC="0.96" CONTENT="af"/><SP WIDTH="24" VPOS="762" HPOS="1566"/>
							<String ID="string_99" HPOS="1590" VPOS="762" WIDTH="77" HEIGHT="36" WC="0.95" CONTENT="fast"/><SP WIDTH="29" VPOS="762" HPOS="1667"/>
							<String ID="string_100" HPOS="1696" VPOS="760" WIDTH="190" HEIGHT="50" WC="0.96" CONTENT="egendom"/>
						</TextLine>
						<TextLine ID="line_11" HPOS="289" VPOS="817" WIDTH="897" HEIGHT="48">
							<String ID="string_101" HPOS="289" VPOS="825" WIDTH="100" HEIGHT="32" WC="0.96" CONTENT="samt"/><SP WIDTH="27" VPOS="825" HPOS="389"/>
							<String ID="string_102" HPOS="416" VPOS="819" WIDTH="42" HEIGHT="37" WC="0.96" CONTENT="af"/><SP WIDTH="22" VPOS="819" HPOS="458"/>
							<String ID="string_103" HPOS="480" VPOS="819" WIDTH="172" HEIGHT="36" WC="0.96" CONTENT="inkomst"/><SP WIDTH="27" VPOS="819" HPOS="652"/>
							<String ID="string_104" HPOS="679" VPOS="819" WIDTH="58" HEIGHT="36" WC="0.95" CONTENT="till"/><SP WIDTH="29" VPOS="819" HPOS="737"/>
							<String ID="string_105" HPOS="766" VPOS="817" WIDTH="240" HEIGHT="38" WC="0.91" CONTENT="sistnämnda"/><SP WIDTH="29" VPOS="817" HPOS="1006"/>
							<String ID="string_106" HPOS="1035" VPOS="817" WIDTH="151" HEIGHT="48" WC="0.95" CONTENT="belopp."/>
						</TextLine>
					</TextBlock>
					<TextBlock ID="block_2" HPOS="288" VPOS="864" WIDTH="1604" HEIGHT="579">
						<TextLine ID="line_12" HPOS="417" VPOS="864" WIDTH="1475" HEIGHT="56">
							<String ID="string_107" HPOS="417" VPOS="871" WIDTH="89" HEIGHT="38" WC="0.95" CONTENT="Med"/><SP WIDTH="41" VPOS="871" HPOS="506"/>
							<String ID="string_108" HPOS="547" VPOS="871" WIDTH="152" HEIGHT="49" WC="0.95" CONTENT="hänsyn"/><SP WIDTH="28" VPOS="871" HPOS="699"/>
							<String ID="string_109" HPOS="727" VPOS="870" WIDTH="58" HEIGHT="37" WC="0.96" CONTENT="till"/><SP WIDTH="23" VPOS="870" HPOS="785"/>
							<String ID="string_110" HPOS="808" VPOS="870" WIDTH="102" HEIGHT="37" WC="0.95" CONTENT="hvad"/><SP WIDTH="29" VPOS="870" HPOS="910"/>
							<String ID="string_111" HPOS="939" VPOS="868" WIDTH="159" HEIGHT="38" WC="0.96" CONTENT="sålunda"/><SP WIDTH="28" VPOS="868" HPOS="1098"/>
							<String ID="string_112" HPOS="1126" VPOS="867" WIDTH="126" HEIGHT="38" WC="0.93" CONTENT="blifvit"/><SP WIDTH="28" VPOS="867" HPOS="1252"/>
							<String ID="string_113" HPOS="1280" VPOS="867" WIDTH="165" HEIGHT="48" WC="0.92" CONTENT="anfördt,"/><SP WIDTH="30" VPOS="867" HPOS="1445"/>
							<String ID="string_114" HPOS="1475" VPOS="866" WIDTH="71" HEIGHT="38" WC="0.96" CONTENT="och"/><SP WIDTH="29" VPOS="866" HPOS="1546"/>
							<String ID="string_115" HPOS="1575" VPOS="866" WIDTH="48" HEIGHT="37" WC="0.95" CONTENT="då"/><SP WIDTH="28" VPOS="866" HPOS="1623"/>
							<String ID="string_116" HPOS="1651" VPOS="878" WIDTH="174" HEIGHT="24" WC="0.96" CONTENT="summan"/><SP WIDTH="25" VPOS="878" HPOS="1825"/>
							<String ID="string_117" HPOS="1850" VPOS="864" WIDTH="42" HEIGHT="38" WC="0.96" CONTENT="af"/>
						</TextLine>
						<TextLine ID="line_13" HPOS="288" VPOS="917" WIDTH="1600" HEIGHT="56">
							<String ID="string_118" HPOS="288" VPOS="924" WIDTH="216" HEIGHT="49" WC="0.90" CONTENT="bevillning"/><SP WIDTH="40" VPOS="924" HPOS="504"/>
							<String ID="string_119" HPOS="544" VPOS="923" WIDTH="43" HEIGHT="38" WC="0.96" CONTENT="af"/><SP WIDTH="35" VPOS="923" HPOS="587"/>
							<String ID="string_120" HPOS="622" VPOS="923" WIDTH="77" HEIGHT="37" WC="0.96" CONTENT="fast"/><SP WIDTH="41" VPOS="923" HPOS="699"/>
							<String ID="string_121" HPOS="740" VPOS="922" WIDTH="190" HEIGHT="50" WC="0.95" CONTENT="egendom"/><SP WIDTH="43" VPOS="922" HPOS="930"/>
							<String ID="string_122" HPOS="973" VPOS="926" WIDTH="99" HEIGHT="32" WC="0.95" CONTENT="samt"/><SP WIDTH="29" VPOS="926" HPOS="1072"/>
							<String ID="string_123" HPOS="1101" VPOS="921" WIDTH="42" HEIGHT="37" WC="0.96" CONTENT="af"/><SP WIDTH="22" VPOS="921" HPOS="1143"/>
							<String ID="string_124" HPOS="1165" VPOS="920" WIDTH="172" HEIGHT="37" WC="0.95" CONTENT="inkomst"/><SP WIDTH="24" VPOS="920" HPOS="1337"/>
							<String ID="string_125" HPOS="1361" VPOS="922" WIDTH="41" HEIGHT="34" WC="0.96" CONTENT="år"/><SP WIDTH="31" VPOS="922" HPOS="1402"/>
							<String ID="string_126" HPOS="1433" VPOS="921" WIDTH="99" HEIGHT="36" WC="0.96" CONTENT="1884"/><SP WIDTH="29" VPOS="921" HPOS="1532"/>
							<String ID="string_127" HPOS="1561" VPOS="918" WIDTH="122" HEIGHT="50" WC="0.92" CONTENT="enligt"/><SP WIDTH="30" VPOS="918" HPOS="1683"/>
							<String ID="string_128" HPOS="1713" VPOS="917" WIDTH="175" HEIGHT="50" WC="0.91" CONTENT="general-"/>
						</TextLine>
						<TextLine ID="line_14" HPOS="290" VPOS="970" WIDTH="1599" HEIGHT="55">
							<String ID="string_129" HPOS="290" VPOS="976" WIDTH="313" HEIGHT="49" WC="0.96" CONTENT="sammandraget"/><SP WIDTH="38" VPOS="976" HPOS="603"/>
							<String ID="string_130" HPOS="641" VPOS="978" WIDTH="165" HEIGHT="47" WC="0.96" CONTENT="uppgått"/><SP WIDTH="36" VPOS="978" HPOS="806"/>
							<String ID="string_131" HPOS="842" VPOS="974" WIDTH="60" HEIGHT="37" WC="0.93" CONTENT="till"/><SP WIDTH="41" VPOS="974" HPOS="902"/>
							<String ID="string_132" HPOS="943" VPOS="975" WIDTH="202" HEIGHT="47" WC="0.87" CONTENT="3,778,742"/><SP WIDTH="42" VPOS="975" HPOS="1145"/>
							<String ID="string_133" HPOS="1187" VPOS="973" WIDTH="143" HEIGHT="37" WC="0.96" CONTENT="kronor"/><SP WIDTH="35" VPOS="973" HPOS="1330"/>
							<String ID="string_134" HPOS="1365" VPOS="975" WIDTH="45" HEIGHT="34" WC="0.96" CONTENT="73"/><SP WIDTH="36" VPOS="975" HPOS="1410"/>
							<String ID="string_135" HPOS="1446" VPOS="977" WIDTH="65" HEIGHT="32" WC="0.96" CONTENT="öre"/><SP WIDTH="29" VPOS="977" HPOS="1511"/>
							<String ID="string_136" HPOS="1540" VPOS="976" WIDTH="99" HEIGHT="32" WC="0.96" CONTENT="samt"/><SP WIDTH="27" VPOS="976" HPOS="1639"/>
							<String ID="string_137" HPOS="1666" VPOS="970" WIDTH="223" HEIGHT="49" WC="0.96" CONTENT="Riksdagen"/>
						</TextLine>
						<TextLine ID="line_15" HPOS="289" VPOS="1022" WIDTH="1600" HEIGHT="55">
							<String ID="string_138" HPOS="289" VPOS="1030" WIDTH="85" HEIGHT="37" WC="0.92" CONTENT="icke"/><SP WIDTH="42" VPOS="1030" HPOS="374"/>
							<String ID="string_139" HPOS="416" VPOS="1028" WIDTH="159" HEIGHT="38" WC="0.91" CONTENT="beslutit"/><SP WIDTH="40" VPOS="1028" HPOS="575"/>
							<String ID="string_140" HPOS="615" VPOS="1031" WIDTH="128" HEIGHT="46" WC="0.96" CONTENT="någon"/><SP WIDTH="33" VPOS="1031" HPOS="743"/>
							<String ID="string_141" HPOS="776" VPOS="1030" WIDTH="48" HEIGHT="47" WC="0.96" CONTENT="på"/><SP WIDTH="27" VPOS="1030" HPOS="824"/>
							<String ID="string_142" HPOS="851" VPOS="1026" WIDTH="293" HEIGHT="50" WC="0.96" CONTENT="ifrågavarande"/><SP WIDTH="27" VPOS="1026" HPOS="1144"/>
							<String ID="string_143" HPOS="1171" VPOS="1025" WIDTH="218" HEIGHT="48" WC="0.93" CONTENT="beräkning"/><SP WIDTH="28" VPOS="1025" HPOS="1389"/>
							<String ID="string_144" HPOS="1417" VPOS="1024" WIDTH="236" HEIGHT="37" WC="0.92" CONTENT="inverkande"/><SP WIDTH="29" VPOS="1024" HPOS="1653"/>
							<String ID="string_145" HPOS="1682" VPOS="1023" WIDTH="167" HEIGHT="48" WC="0.96" CONTENT="ändring"/><SP WIDTH="27" VPOS="1023" HPOS="1849"/>
							<String ID="string_146" HPOS="1876" VPOS="1022" WIDTH="13" HEIGHT="37" WC="0.95" CONTENT="i"/>
						</TextLine>
						<TextLine ID="line_16" HPOS="289" VPOS="1075" WIDTH="1600" HEIGHT="57">
							<String ID="string_147" HPOS="289" VPOS="1081" WIDTH="181" HEIGHT="51" WC="0.95" CONTENT="gällande"/><SP WIDTH="42" VPOS="1081" HPOS="470"/>
							<String ID="string_148" HPOS="512" VPOS="1080" WIDTH="242" HEIGHT="38" WC="0.96" CONTENT="föreskrifter"/><SP WIDTH="40" VPOS="1080" HPOS="754"/>
							<String ID="string_149" HPOS="794" VPOS="1094" WIDTH="61" HEIGHT="23" WC="0.96" CONTENT="om"/><SP WIDTH="45" VPOS="1094" HPOS="855"/>
							<String ID="string_150" HPOS="900" VPOS="1079" WIDTH="212" HEIGHT="49" WC="0.96" CONTENT="utgörande"/><SP WIDTH="48" VPOS="1079" HPOS="1112"/>
							<String ID="string_151" HPOS="1160" VPOS="1078" WIDTH="42" HEIGHT="36" WC="0.96" CONTENT="af"/><SP WIDTH="37" VPOS="1078" HPOS="1202"/>
							<String ID="string_152" HPOS="1239" VPOS="1077" WIDTH="117" HEIGHT="37" WC="0.93" CONTENT="sådan"/><SP WIDTH="41" VPOS="1077" HPOS="1356"/>
							<String ID="string_153" HPOS="1397" VPOS="1076" WIDTH="227" HEIGHT="48" WC="0.92" CONTENT="bevillning,"/><SP WIDTH="43" VPOS="1076" HPOS="1624"/>
							<String ID="string_154" HPOS="1667" VPOS="1089" WIDTH="113" HEIGHT="23" WC="0.93" CONTENT="anser"/><SP WIDTH="42" VPOS="1089" HPOS="1780"/>
							<String ID="string_155" HPOS="1822" VPOS="1075" WIDTH="67" HEIGHT="37" WC="0.93" CONTENT="Ut-"/>
						</TextLine>
						<TextLine ID="line_17" HPOS="291" VPOS="1126" WIDTH="1597" HEIGHT="56">
							<String ID="string_156" HPOS="291" VPOS="1135" WIDTH="158" HEIGHT="47" WC="0.96" CONTENT="skottet,"/><SP WIDTH="30" VPOS="1135" HPOS="449"/>
							<String ID="string_157" HPOS="479" VPOS="1138" WIDTH="66" HEIGHT="44" WC="0.96" CONTENT="att,"/><SP WIDTH="30" VPOS="1138" HPOS="545"/>
							<String ID="string_158" HPOS="575" VPOS="1133" WIDTH="87" HEIGHT="37" WC="0.96" CONTENT="med"/><SP WIDTH="27" VPOS="1133" HPOS="662"/>
							<String ID="string_159" HPOS="689" VPOS="1132" WIDTH="268" HEIGHT="38" WC="0.96" CONTENT="bibehållande"/><SP WIDTH="29" VPOS="1132" HPOS="957"/>
							<String ID="string_160" HPOS="986" VPOS="1131" WIDTH="42" HEIGHT="37" WC="0.96" CONTENT="af"/><SP WIDTH="23" VPOS="1131" HPOS="1028"/>
							<String ID="string_161" HPOS="1051" VPOS="1131" WIDTH="46" HEIGHT="37" WC="0.96" CONTENT="de"/><SP WIDTH="27" VPOS="1131" HPOS="1097"/>
							<String ID="string_162" HPOS="1124" VPOS="1131" WIDTH="12" HEIGHT="36" WC="0.96" CONTENT="i"/><SP WIDTH="25" VPOS="1131" HPOS="1136"/>
							<String ID="string_163" HPOS="1161" VPOS="1130" WIDTH="141" HEIGHT="49" WC="0.95" CONTENT="Kongl."/><SP WIDTH="30" VPOS="1130" HPOS="1302"/>
							<String ID="string_164" HPOS="1332" VPOS="1128" WIDTH="277" HEIGHT="49" WC="0.96" CONTENT="förordningen"/><SP WIDTH="29" VPOS="1128" HPOS="1609"/>
							<String ID="string_165" HPOS="1638" VPOS="1127" WIDTH="75" HEIGHT="38" WC="0.96" CONTENT="den"/><SP WIDTH="19" VPOS="1127" HPOS="1713"/>
							<String ID="string_166" HPOS="1732" VPOS="1129" WIDTH="46" HEIGHT="35" WC="0.93" CONTENT="14"/><SP WIDTH="17" VPOS="1129" HPOS="1778"/>
							<String ID="string_167" HPOS="1795" VPOS="1126" WIDTH="93" HEIGHT="51" WC="0.90" CONTENT="Sep-"/>
						</TextLine>
						<TextLine ID="line_18" HPOS="290" VPOS="1180" WIDTH="1599" HEIGHT="53">
							<String ID="string_168" HPOS="290" VPOS="1186" WIDTH="150" HEIGHT="37" WC="0.92" CONTENT="tember"/><SP WIDTH="26" VPOS="1186" HPOS="440"/>
							<String ID="string_169" HPOS="466" VPOS="1187" WIDTH="110" HEIGHT="46" WC="0.96" CONTENT="1883,"/><SP WIDTH="31" VPOS="1187" HPOS="576"/>
							<String ID="string_170" HPOS="607" VPOS="1184" WIDTH="199" HEIGHT="49" WC="0.92" CONTENT="angående"/><SP WIDTH="25" VPOS="1184" HPOS="806"/>
							<String ID="string_171" HPOS="831" VPOS="1183" WIDTH="210" HEIGHT="48" WC="0.91" CONTENT="bevillning"/><SP WIDTH="29" VPOS="1183" HPOS="1041"/>
							<String ID="string_172" HPOS="1070" VPOS="1183" WIDTH="41" HEIGHT="36" WC="0.96" CONTENT="af"/><SP WIDTH="23" VPOS="1183" HPOS="1111"/>
							<String ID="string_173" HPOS="1134" VPOS="1183" WIDTH="76" HEIGHT="35" WC="0.96" CONTENT="fast"/><SP WIDTH="25" VPOS="1183" HPOS="1210"/>
							<String ID="string_174" HPOS="1235" VPOS="1182" WIDTH="189" HEIGHT="47" WC="0.96" CONTENT="egendom"/><SP WIDTH="30" VPOS="1182" HPOS="1424"/>
							<String ID="string_175" HPOS="1454" VPOS="1187" WIDTH="99" HEIGHT="30" WC="0.95" CONTENT="samt"/><SP WIDTH="29" VPOS="1187" HPOS="1553"/>
							<String ID="string_176" HPOS="1582" VPOS="1180" WIDTH="41" HEIGHT="35" WC="0.96" CONTENT="af"/><SP WIDTH="14" VPOS="1180" HPOS="1623"/>
							<String ID="string_177" HPOS="1637" VPOS="1180" WIDTH="181" HEIGHT="46" WC="0.95" CONTENT="inkomst,"/><SP WIDTH="21" VPOS="1180" HPOS="1818"/>
							<String ID="string_178" HPOS="1839" VPOS="1192" WIDTH="50" HEIGHT="22" WC="0.95" CONTENT="nu"/>
						</TextLine>
						<TextLine ID="line_19" HPOS="291" VPOS="1230" WIDTH="1601" HEIGHT="57">
							<String ID="string_179" HPOS="291" VPOS="1237" WIDTH="189" HEIGHT="50" WC="0.93" CONTENT="stadgade"/><SP WIDTH="29" VPOS="1237" HPOS="480"/>
							<String ID="string_180" HPOS="509" VPOS="1237" WIDTH="151" HEIGHT="48" WC="0.91" CONTENT="afgifts-"/><SP WIDTH="28" VPOS="1237" HPOS="660"/>
							<String ID="string_181" HPOS="688" VPOS="1236" WIDTH="71" HEIGHT="37" WC="0.92" CONTENT="och"/><SP WIDTH="28" VPOS="1236" HPOS="759"/>
							<String ID="string_182" HPOS="787" VPOS="1235" WIDTH="312" HEIGHT="51" WC="0.91" CONTENT="procentbelopp,"/><SP WIDTH="30" VPOS="1235" HPOS="1099"/>
							<String ID="string_183" HPOS="1129" VPOS="1233" WIDTH="280" HEIGHT="49" WC="0.90" CONTENT="afkastningen"/><SP WIDTH="30" VPOS="1233" HPOS="1409"/>
							<String ID="string_184" HPOS="1439" VPOS="1232" WIDTH="42" HEIGHT="37" WC="0.96" CONTENT="af"/><SP WIDTH="14" VPOS="1232" HPOS="1481"/>
							<String ID="string_185" HPOS="1495" VPOS="1231" WIDTH="166" HEIGHT="38" WC="0.93" CONTENT="nämnda"/><SP WIDTH="15" VPOS="1231" HPOS="1661"/>
							<String ID="string_186" HPOS="1676" VPOS="1230" WIDTH="216" HEIGHT="50" WC="0.91" CONTENT="bevillning"/>
						</TextLine>
						<TextLine ID="line_20" HPOS="291" VPOS="1283" WIDTH="1597" HEIGHT="53">
							<String ID="string_187" HPOS="291" VPOS="1290" WIDTH="88" HEIGHT="38" WC="0.96" CONTENT="med"/><SP WIDTH="28" VPOS="1290" HPOS="379"/>
							<String ID="string_188" HPOS="407" VPOS="1289" WIDTH="180" HEIGHT="38" WC="0.96" CONTENT="säkerhet"/><SP WIDTH="27" VPOS="1289" HPOS="587"/>
							<String ID="string_189" HPOS="614" VPOS="1289" WIDTH="70" HEIGHT="37" WC="0.96" CONTENT="bör"/><SP WIDTH="27" VPOS="1289" HPOS="684"/>
							<String ID="string_190" HPOS="711" VPOS="1289" WIDTH="130" HEIGHT="37" WC="0.93" CONTENT="kunna"/><SP WIDTH="29" VPOS="1289" HPOS="841"/>
							<String ID="string_191" HPOS="870" VPOS="1292" WIDTH="162" HEIGHT="44" WC="0.90" CONTENT="antagas"/><SP WIDTH="15" VPOS="1292" HPOS="1032"/>
							<String ID="string_192" HPOS="1047" VPOS="1287" WIDTH="84" HEIGHT="37" WC="0.96" CONTENT="icke"/><SP WIDTH="17" VPOS="1287" HPOS="1131"/>
							<String ID="string_193" HPOS="1148" VPOS="1286" WIDTH="153" HEIGHT="37" WC="0.96" CONTENT="komma"/><SP WIDTH="14" VPOS="1286" HPOS="1301"/>
							<String ID="string_194" HPOS="1315" VPOS="1290" WIDTH="57" HEIGHT="32" WC="0.96" CONTENT="att"/><SP WIDTH="18" VPOS="1290" HPOS="1372"/>
							<String ID="string_195" HPOS="1390" VPOS="1284" WIDTH="229" HEIGHT="49" WC="0.96" CONTENT="understiga"/><SP WIDTH="17" VPOS="1284" HPOS="1619"/>
							<String ID="string_196" HPOS="1636" VPOS="1283" WIDTH="74" HEIGHT="37" WC="0.96" CONTENT="den"/><SP WIDTH="18" VPOS="1283" HPOS="1710"/>
							<String ID="string_197" HPOS="1728" VPOS="1295" WIDTH="160" HEIGHT="36" WC="0.95" CONTENT="summa,"/>
						</TextLine>
						<TextLine ID="line_21" HPOS="293" VPOS="1335" WIDTH="1597" HEIGHT="57">
							<String ID="string_198" HPOS="293" VPOS="1356" WIDTH="82" HEIGHT="24" WC="0.93" CONTENT="som"/><SP WIDTH="23" VPOS="1356" HPOS="375"/>
							<String ID="string_199" HPOS="398" VPOS="1342" WIDTH="153" HEIGHT="50" WC="0.91" CONTENT="jemlikt"/><SP WIDTH="28" VPOS="1342" HPOS="551"/>
							<String ID="string_200" HPOS="579" VPOS="1341" WIDTH="248" HEIGHT="49" WC="0.95" CONTENT="Riksdagens"/><SP WIDTH="28" VPOS="1341" HPOS="827"/>
							<String ID="string_201" HPOS="855" VPOS="1340" WIDTH="127" HEIGHT="37" WC="0.96" CONTENT="beslut"/><SP WIDTH="28" VPOS="1340" HPOS="982"/>
							<String ID="string_202" HPOS="1010" VPOS="1339" WIDTH="97" HEIGHT="37" WC="0.96" CONTENT="skall"/><SP WIDTH="28" VPOS="1339" HPOS="1107"/>
							<String ID="string_203" HPOS="1135" VPOS="1351" WIDTH="141" HEIGHT="37" WC="0.96" CONTENT="genom"/><SP WIDTH="29" VPOS="1351" HPOS="1276"/>
							<String ID="string_204" HPOS="1305" VPOS="1337" WIDTH="107" HEIGHT="50" WC="0.93" CONTENT="dylik"/><SP WIDTH="25" VPOS="1337" HPOS="1412"/>
							<String ID="string_205" HPOS="1437" VPOS="1336" WIDTH="214" HEIGHT="49" WC="0.92" CONTENT="bevillning"/><SP WIDTH="14" VPOS="1336" HPOS="1651"/>
							<String ID="string_206" HPOS="1665" VPOS="1335" WIDTH="116" HEIGHT="49" WC="0.96" CONTENT="fyllas"/><SP WIDTH="17" VPOS="1335" HPOS="1781"/>
							<String ID="string_207" HPOS="1798" VPOS="1335" WIDTH="92" HEIGHT="37" WC="0.96" CONTENT="eller"/>
						</TextLine>
						<TextLine ID="line_22" HPOS="293" VPOS="1394" WIDTH="384" HEIGHT="49">
							<String ID="string_208" HPOS="293" VPOS="1396" WIDTH="204" HEIGHT="47" WC="0.90" CONTENT="3,250,000"/><SP WIDTH="29" VPOS="1396" HPOS="497"/>
							<String ID="string_209" HPOS="526" VPOS="1394" WIDTH="151" HEIGHT="37" WC="0.96" CONTENT="kronor."/>
						</TextLine>
					</TextBlock>
					<TextBlock ID="block_3" HPOS="291" VPOS="1438" WIDTH="1601" HEIGHT="203">
						<TextLine ID="line_23" HPOS="420" VPOS="1438" WIDTH="1469" HEIGHT="57">
							<String ID="string_210" HPOS="420" VPOS="1446" WIDTH="18" HEIGHT="37" WC="0.96" CONTENT="I"/><SP WIDTH="36" VPOS="1446" HPOS="438"/>
							<String ID="string_211" HPOS="474" VPOS="1446" WIDTH="95" HEIGHT="49" WC="0.96" CONTENT="följd"/><SP WIDTH="42" VPOS="1446" HPOS="569"/>
							<String ID="string_212" HPOS="611" VPOS="1444" WIDTH="114" HEIGHT="38" WC="0.96" CONTENT="häraf"/><SP WIDTH="35" VPOS="1444" HPOS="725"/>
							<String ID="string_213" HPOS="760" VPOS="1444" WIDTH="70" HEIGHT="38" WC="0.96" CONTENT="och"/><SP WIDTH="40" VPOS="1444" HPOS="830"/>
							<String ID="string_214" HPOS="870" VPOS="1443" WIDTH="87" HEIGHT="38" WC="0.96" CONTENT="med"/><SP WIDTH="34" VPOS="1443" HPOS="957"/>
							<String ID="string_215" HPOS="991" VPOS="1443" WIDTH="162" HEIGHT="48" WC="0.95" CONTENT="erinran,"/><SP WIDTH="40" VPOS="1443" HPOS="1153"/>
							<String ID="string_216" HPOS="1193" VPOS="1447" WIDTH="56" HEIGHT="32" WC="0.96" CONTENT="att"/><SP WIDTH="34" VPOS="1447" HPOS="1249"/>
							<String ID="string_217" HPOS="1283" VPOS="1441" WIDTH="224" HEIGHT="49" WC="0.96" CONTENT="Riksdagen"/><SP WIDTH="29" VPOS="1441" HPOS="1507"/>
							<String ID="string_218" HPOS="1536" VPOS="1440" WIDTH="65" HEIGHT="37" WC="0.96" CONTENT="vid"/><SP WIDTH="28" VPOS="1440" HPOS="1601"/>
							<String ID="string_219" HPOS="1629" VPOS="1438" WIDTH="260" HEIGHT="39" WC="0.96" CONTENT="innevarande"/>
						</TextLine>
						<TextLine ID="line_24" HPOS="291" VPOS="1491" WIDTH="1600" HEIGHT="55">
							<String ID="string_220" HPOS="291" VPOS="1499" WIDTH="187" HEIGHT="37" WC="0.93" CONTENT="riksmöte"/><SP WIDTH="34" VPOS="1499" HPOS="478"/>
							<String ID="string_221" HPOS="512" VPOS="1497" WIDTH="159" HEIGHT="38" WC="0.91" CONTENT="beslutit"/><SP WIDTH="27" VPOS="1497" HPOS="671"/>
							<String ID="string_222" HPOS="698" VPOS="1496" WIDTH="209" HEIGHT="50" WC="0.96" CONTENT="ändringar"/><SP WIDTH="28" VPOS="1496" HPOS="907"/>
							<String ID="string_223" HPOS="935" VPOS="1496" WIDTH="42" HEIGHT="36" WC="0.96" CONTENT="af"/><SP WIDTH="24" VPOS="1496" HPOS="977"/>
							<String ID="string_224" HPOS="1001" VPOS="1497" WIDTH="45" HEIGHT="36" WC="0.96" CONTENT="66"/><SP WIDTH="30" VPOS="1497" HPOS="1046"/>
							<String ID="string_225" HPOS="1076" VPOS="1495" WIDTH="71" HEIGHT="37" WC="0.96" CONTENT="och"/><SP WIDTH="30" VPOS="1495" HPOS="1147"/>
							<String ID="string_226" HPOS="1177" VPOS="1498" WIDTH="44" HEIGHT="34" WC="0.96" CONTENT="71"/><SP WIDTH="32" VPOS="1498" HPOS="1221"/>
							<String ID="string_227" HPOS="1253" VPOS="1494" WIDTH="44" HEIGHT="50" WC="0.35" CONTENT="$$"/><SP WIDTH="24" VPOS="1494" HPOS="1297"/>
							<String ID="string_228" HPOS="1321" VPOS="1494" WIDTH="12" HEIGHT="36" WC="0.93" CONTENT="i"/><SP WIDTH="28" VPOS="1494" HPOS="1333"/>
							<String ID="string_229" HPOS="1361" VPOS="1493" WIDTH="178" HEIGHT="50" WC="0.96" CONTENT="gällande"/><SP WIDTH="29" VPOS="1493" HPOS="1539"/>
							<String ID="string_230" HPOS="1568" VPOS="1491" WIDTH="229" HEIGHT="49" WC="0.93" CONTENT="förordning"/><SP WIDTH="29" VPOS="1491" HPOS="1797"/>
							<String ID="string_231" HPOS="1826" VPOS="1503" WIDTH="65" HEIGHT="24" WC="0.92" CONTENT="an-"/>
						</TextLine>
						<TextLine ID="line_25" HPOS="292" VPOS="1543" WIDTH="1600" HEIGHT="57">
							<String ID="string_232" HPOS="292" VPOS="1551" WIDTH="149" HEIGHT="49" WC="0.90" CONTENT="gående"/><SP WIDTH="28" VPOS="1551" HPOS="441"/>
							<String ID="string_233" HPOS="469" VPOS="1550" WIDTH="216" HEIGHT="49" WC="0.90" CONTENT="bevillning"/><SP WIDTH="28" VPOS="1550" HPOS="685"/>
							<String ID="string_234" HPOS="713" VPOS="1549" WIDTH="41" HEIGHT="36" WC="0.96" CONTENT="af"/><SP WIDTH="22" VPOS="1549" HPOS="754"/>
							<String ID="string_235" HPOS="776" VPOS="1549" WIDTH="77" HEIGHT="36" WC="0.96" CONTENT="fast"/><SP WIDTH="27" VPOS="1549" HPOS="853"/>
							<String ID="string_236" HPOS="880" VPOS="1548" WIDTH="189" HEIGHT="49" WC="0.96" CONTENT="egendom"/><SP WIDTH="29" VPOS="1548" HPOS="1069"/>
							<String ID="string_237" HPOS="1098" VPOS="1552" WIDTH="100" HEIGHT="32" WC="0.96" CONTENT="samt"/><SP WIDTH="27" VPOS="1552" HPOS="1198"/>
							<String ID="string_238" HPOS="1225" VPOS="1548" WIDTH="42" HEIGHT="35" WC="0.96" CONTENT="af"/><SP WIDTH="23" VPOS="1548" HPOS="1267"/>
							<String ID="string_239" HPOS="1290" VPOS="1546" WIDTH="181" HEIGHT="47" WC="0.95" CONTENT="inkomst,"/><SP WIDTH="29" VPOS="1546" HPOS="1471"/>
							<String ID="string_240" HPOS="1500" VPOS="1545" WIDTH="56" HEIGHT="36" WC="0.96" CONTENT="får"/><SP WIDTH="15" VPOS="1545" HPOS="1556"/>
							<String ID="string_241" HPOS="1571" VPOS="1544" WIDTH="200" HEIGHT="37" WC="0.92" CONTENT="Utskottet"/><SP WIDTH="16" VPOS="1544" HPOS="1771"/>
							<String ID="string_242" HPOS="1787" VPOS="1543" WIDTH="105" HEIGHT="36" WC="0.92" CONTENT="hem-"/>
						</TextLine>
						<TextLine ID="line_26" HPOS="293" VPOS="1604" WIDTH="128" HEIGHT="37">
							<String ID="string_243" HPOS="293" VPOS="1604" WIDTH="128" HEIGHT="37" WC="0.96" CONTENT="ställa:"/>
						</TextLine>
					</TextBlock>
				</ComposedBlock>
				<ComposedBlock ID="cblock_2" HPOS="1258" VPOS="1721" WIDTH="70" HEIGHT="34">
					<TextBlock ID="block_4" HPOS="1258" VPOS="1721" WIDTH="70" HEIGHT="34">
						<TextLine ID="line_27" HPOS="1258" VPOS="1721" WIDTH="70" HEIGHT="34">
							<String ID="string_244" HPOS="1258" VPOS="1721" WIDTH="70" HEIGHT="34" WC="0.87" CONTENT="1:0."/>
						</TextLine>
					</TextBlock>
				</ComposedBlock>
				<ComposedBlock ID="cblock_3" HPOS="694" VPOS="1801" WIDTH="1199" HEIGHT="209">
					<TextBlock ID="block_5" HPOS="694" VPOS="1801" WIDTH="1199" HEIGHT="209">
						<TextLine ID="line_28" HPOS="825" VPOS="1801" WIDTH="1065" HEIGHT="55">
							<String ID="string_245" HPOS="825" VPOS="1812" WIDTH="56" HEIGHT="32" WC="0.96" CONTENT="att"/><SP WIDTH="32" VPOS="1812" HPOS="881"/>
							<String ID="string_246" HPOS="913" VPOS="1806" WIDTH="74" HEIGHT="37" WC="0.96" CONTENT="alla"/><SP WIDTH="28" VPOS="1806" HPOS="987"/>
							<String ID="string_247" HPOS="1015" VPOS="1807" WIDTH="12" HEIGHT="36" WC="0.96" CONTENT="i"/><SP WIDTH="27" VPOS="1807" HPOS="1027"/>
							<String ID="string_248" HPOS="1054" VPOS="1820" WIDTH="52" HEIGHT="23" WC="0.96" CONTENT="nu"/><SP WIDTH="28" VPOS="1820" HPOS="1106"/>
							<String ID="string_249" HPOS="1134" VPOS="1806" WIDTH="180" HEIGHT="50" WC="0.96" CONTENT="gällande"/><SP WIDTH="28" VPOS="1806" HPOS="1314"/>
							<String ID="string_250" HPOS="1342" VPOS="1804" WIDTH="229" HEIGHT="48" WC="0.95" CONTENT="förordning"/><SP WIDTH="27" VPOS="1804" HPOS="1571"/>
							<String ID="string_251" HPOS="1598" VPOS="1801" WIDTH="199" HEIGHT="48" WC="0.93" CONTENT="angående"/><SP WIDTH="28" VPOS="1801" HPOS="1797"/>
							<String ID="string_252" HPOS="1825" VPOS="1801" WIDTH="65" HEIGHT="37" WC="0.92" CONTENT="be-"/>
						</TextLine>
						<TextLine ID="line_29" HPOS="694" VPOS="1856" WIDTH="1199" HEIGHT="52">
							<String ID="string_253" HPOS="694" VPOS="1859" WIDTH="166" HEIGHT="49" WC="0.91" CONTENT="villning"/><SP WIDTH="40" VPOS="1859" HPOS="860"/>
							<String ID="string_254" HPOS="900" VPOS="1859" WIDTH="43" HEIGHT="37" WC="0.96" CONTENT="af"/><SP WIDTH="36" VPOS="1859" HPOS="943"/>
							<String ID="string_255" HPOS="979" VPOS="1859" WIDTH="75" HEIGHT="36" WC="0.95" CONTENT="fast"/><SP WIDTH="35" VPOS="1859" HPOS="1054"/>
							<String ID="string_256" HPOS="1089" VPOS="1858" WIDTH="189" HEIGHT="49" WC="0.96" CONTENT="egendom"/><SP WIDTH="29" VPOS="1858" HPOS="1278"/>
							<String ID="string_257" HPOS="1307" VPOS="1862" WIDTH="97" HEIGHT="32" WC="0.96" CONTENT="samt"/><SP WIDTH="29" VPOS="1862" HPOS="1404"/>
							<String ID="string_258" HPOS="1433" VPOS="1856" WIDTH="41" HEIGHT="37" WC="0.96" CONTENT="af"/><SP WIDTH="22" VPOS="1856" HPOS="1474"/>
							<String ID="string_259" HPOS="1496" VPOS="1856" WIDTH="169" HEIGHT="37" WC="0.96" CONTENT="inkomst"/><SP WIDTH="27" VPOS="1856" HPOS="1665"/>
							<String ID="string_260" HPOS="1692" VPOS="1859" WIDTH="201" HEIGHT="44" WC="0.95" CONTENT="upptagna"/>
						</TextLine>
						<TextLine ID="line_30" HPOS="697" VPOS="1905" WIDTH="1196" HEIGHT="56">
							<String ID="string_261" HPOS="697" VPOS="1911" WIDTH="150" HEIGHT="50" WC="0.90" CONTENT="afgifts-"/><SP WIDTH="42" VPOS="1911" HPOS="847"/>
							<String ID="string_262" HPOS="889" VPOS="1911" WIDTH="71" HEIGHT="37" WC="0.93" CONTENT="och"/><SP WIDTH="33" VPOS="1911" HPOS="960"/>
							<String ID="string_263" HPOS="993" VPOS="1909" WIDTH="300" HEIGHT="51" WC="0.90" CONTENT="procentbelopp"/><SP WIDTH="28" VPOS="1909" HPOS="1293"/>
							<String ID="string_264" HPOS="1321" VPOS="1912" WIDTH="61" HEIGHT="34" WC="0.96" CONTENT="må"/><SP WIDTH="28" VPOS="1912" HPOS="1382"/>
							<String ID="string_265" HPOS="1410" VPOS="1909" WIDTH="41" HEIGHT="36" WC="0.96" CONTENT="af"/><SP WIDTH="22" VPOS="1909" HPOS="1451"/>
							<String ID="string_266" HPOS="1473" VPOS="1907" WIDTH="222" HEIGHT="49" WC="0.91" CONTENT="Riksdagen"/><SP WIDTH="28" VPOS="1907" HPOS="1695"/>
							<String ID="string_267" HPOS="1723" VPOS="1905" WIDTH="170" HEIGHT="38" WC="0.91" CONTENT="faststäl-"/>
						</TextLine>
						<TextLine ID="line_31" HPOS="696" VPOS="1964" WIDTH="175" HEIGHT="46">
							<String ID="string_268" HPOS="696" VPOS="1964" WIDTH="74" HEIGHT="46" WC="0.96" CONTENT="las;"/><SP WIDTH="30" VPOS="1964" HPOS="770"/>
							<String ID="string_269" HPOS="800" VPOS="1964" WIDTH="71" HEIGHT="36" WC="0.96" CONTENT="och"/>
						</TextLine>
					</TextBlock>
				</ComposedBlock>
				<ComposedBlock ID="cblock_4" HPOS="1265" VPOS="2083" WIDTH="72" HEIGHT="35">
					<TextBlock ID="block_6" HPOS="1265" VPOS="2083" WIDTH="72" HEIGHT="35">
						<TextLine ID="line_32" HPOS="1265" VPOS="2083" WIDTH="72" HEIGHT="35">
							<String ID="string_270" HPOS="1265" VPOS="2083" WIDTH="72" HEIGHT="35" WC="0.91" CONTENT="2:0."/>
						</TextLine>
					</TextBlock>
				</ComposedBlock>
				<ComposedBlock ID="cblock_5" HPOS="695" VPOS="2163" WIDTH="1199" HEIGHT="263">
					<TextBlock ID="block_7" HPOS="695" VPOS="2163" WIDTH="1199" HEIGHT="263">
						<TextLine ID="line_33" HPOS="825" VPOS="2163" WIDTH="1069" HEIGHT="55">
							<String ID="string_271" HPOS="825" VPOS="2176" WIDTH="56" HEIGHT="31" WC="0.96" CONTENT="att"/><SP WIDTH="28" VPOS="2176" HPOS="881"/>
							<String ID="string_272" HPOS="909" VPOS="2183" WIDTH="50" HEIGHT="23" WC="0.96" CONTENT="nu"/><SP WIDTH="29" VPOS="2183" HPOS="959"/>
							<String ID="string_273" HPOS="988" VPOS="2167" WIDTH="180" HEIGHT="51" WC="0.96" CONTENT="gällande"/><SP WIDTH="28" VPOS="2167" HPOS="1168"/>
							<String ID="string_274" HPOS="1196" VPOS="2166" WIDTH="229" HEIGHT="49" WC="0.96" CONTENT="förordning"/><SP WIDTH="28" VPOS="2166" HPOS="1425"/>
							<String ID="string_275" HPOS="1453" VPOS="2165" WIDTH="199" HEIGHT="51" WC="0.91" CONTENT="angående"/><SP WIDTH="26" VPOS="2165" HPOS="1652"/>
							<String ID="string_276" HPOS="1678" VPOS="2163" WIDTH="216" HEIGHT="50" WC="0.90" CONTENT="bevillning"/>
						</TextLine>
						<TextLine ID="line_34" HPOS="696" VPOS="2216" WIDTH="1197" HEIGHT="55">
							<String ID="string_277" HPOS="696" VPOS="2222" WIDTH="41" HEIGHT="37" WC="0.96" CONTENT="af"/><SP WIDTH="15" VPOS="2222" HPOS="737"/>
							<String ID="string_278" HPOS="752" VPOS="2222" WIDTH="75" HEIGHT="37" WC="0.96" CONTENT="fast"/><SP WIDTH="20" VPOS="2222" HPOS="827"/>
							<String ID="string_279" HPOS="847" VPOS="2221" WIDTH="191" HEIGHT="50" WC="0.95" CONTENT="egendom"/><SP WIDTH="16" VPOS="2221" HPOS="1038"/>
							<String ID="string_280" HPOS="1054" VPOS="2225" WIDTH="100" HEIGHT="33" WC="0.96" CONTENT="samt"/><SP WIDTH="19" VPOS="2225" HPOS="1154"/>
							<String ID="string_281" HPOS="1173" VPOS="2220" WIDTH="43" HEIGHT="36" WC="0.96" CONTENT="af"/><SP WIDTH="14" VPOS="2220" HPOS="1216"/>
							<String ID="string_282" HPOS="1230" VPOS="2220" WIDTH="170" HEIGHT="36" WC="0.96" CONTENT="inkomst"/><SP WIDTH="20" VPOS="2220" HPOS="1400"/>
							<String ID="string_283" HPOS="1420" VPOS="2221" WIDTH="70" HEIGHT="46" WC="0.95" CONTENT="må,"/><SP WIDTH="24" VPOS="2221" HPOS="1490"/>
							<String ID="string_284" HPOS="1514" VPOS="2218" WIDTH="85" HEIGHT="37" WC="0.96" CONTENT="med"/><SP WIDTH="20" VPOS="2218" HPOS="1599"/>
							<String ID="string_285" HPOS="1619" VPOS="2217" WIDTH="115" HEIGHT="37" WC="0.93" CONTENT="ofvan"/><SP WIDTH="21" VPOS="2217" HPOS="1734"/>
							<String ID="string_286" HPOS="1755" VPOS="2216" WIDTH="138" HEIGHT="37" WC="0.92" CONTENT="omför-"/>
						</TextLine>
						<TextLine ID="line_35" HPOS="695" VPOS="2268" WIDTH="1194" HEIGHT="55">
							<String ID="string_287" HPOS="695" VPOS="2274" WIDTH="125" HEIGHT="38" WC="0.92" CONTENT="mälda"/><SP WIDTH="27" VPOS="2274" HPOS="820"/>
							<String ID="string_288" HPOS="847" VPOS="2273" WIDTH="271" HEIGHT="50" WC="0.93" CONTENT="förändringar"/><SP WIDTH="28" VPOS="2273" HPOS="1118"/>
							<String ID="string_289" HPOS="1146" VPOS="2270" WIDTH="324" HEIGHT="50" WC="0.87" CONTENT="iförordningens"/><SP WIDTH="22" VPOS="2270" HPOS="1470"/>
							<String ID="string_290" HPOS="1492" VPOS="2272" WIDTH="46" HEIGHT="35" WC="0.95" CONTENT="66"/><SP WIDTH="18" VPOS="2272" HPOS="1538"/>
							<String ID="string_291" HPOS="1556" VPOS="2270" WIDTH="71" HEIGHT="37" WC="0.95" CONTENT="och"/><SP WIDTH="17" VPOS="2270" HPOS="1627"/>
							<String ID="string_292" HPOS="1644" VPOS="2271" WIDTH="44" HEIGHT="35" WC="0.96" CONTENT="71"/><SP WIDTH="19" VPOS="2271" HPOS="1688"/>
							<String ID="string_293" HPOS="1707" VPOS="2268" WIDTH="55" HEIGHT="51" WC="0.93" CONTENT="$$,"/><SP WIDTH="19" VPOS="2268" HPOS="1762"/>
							<String ID="string_294" HPOS="1781" VPOS="2273" WIDTH="108" HEIGHT="32" WC="0.92" CONTENT="anta-"/>
						</TextLine>
						<TextLine ID="line_36" HPOS="697" VPOS="2320" WIDTH="1194" HEIGHT="56">
							<String ID="string_295" HPOS="697" VPOS="2340" WIDTH="72" HEIGHT="36" WC="0.96" CONTENT="gas"/><SP WIDTH="38" VPOS="2340" HPOS="769"/>
							<String ID="string_296" HPOS="807" VPOS="2332" WIDTH="56" HEIGHT="32" WC="0.95" CONTENT="att"/><SP WIDTH="41" VPOS="2332" HPOS="863"/>
							<String ID="string_297" HPOS="904" VPOS="2327" WIDTH="104" HEIGHT="48" WC="0.95" CONTENT="tjena"/><SP WIDTH="32" VPOS="2327" HPOS="1008"/>
							<String ID="string_298" HPOS="1040" VPOS="2325" WIDTH="59" HEIGHT="36" WC="0.93" CONTENT="till"/><SP WIDTH="25" VPOS="2325" HPOS="1099"/>
							<String ID="string_299" HPOS="1124" VPOS="2324" WIDTH="254" HEIGHT="37" WC="0.93" CONTENT="efterrättelse"/><SP WIDTH="29" VPOS="2324" HPOS="1378"/>
							<String ID="string_300" HPOS="1407" VPOS="2323" WIDTH="58" HEIGHT="36" WC="0.96" CONTENT="för"/><SP WIDTH="29" VPOS="2323" HPOS="1465"/>
							<String ID="string_301" HPOS="1494" VPOS="2326" WIDTH="41" HEIGHT="33" WC="0.96" CONTENT="år"/><SP WIDTH="30" VPOS="2326" HPOS="1535"/>
							<String ID="string_302" HPOS="1565" VPOS="2324" WIDTH="96" HEIGHT="35" WC="0.96" CONTENT="1886"/><SP WIDTH="30" VPOS="2324" HPOS="1661"/>
							<String ID="string_303" HPOS="1691" VPOS="2322" WIDTH="71" HEIGHT="36" WC="0.96" CONTENT="och"/><SP WIDTH="27" VPOS="2322" HPOS="1762"/>
							<String ID="string_304" HPOS="1789" VPOS="2320" WIDTH="102" HEIGHT="37" WC="0.96" CONTENT="intill"/>
						</TextLine>
						<TextLine ID="line_37" HPOS="698" VPOS="2373" WIDTH="1195" HEIGHT="53">
							<String ID="string_305" HPOS="698" VPOS="2379" WIDTH="115" HEIGHT="37" WC="0.96" CONTENT="slutet"/><SP WIDTH="29" VPOS="2379" HPOS="813"/>
							<String ID="string_306" HPOS="842" VPOS="2379" WIDTH="42" HEIGHT="37" WC="0.95" CONTENT="af"/><SP WIDTH="22" VPOS="2379" HPOS="884"/>
							<String ID="string_307" HPOS="906" VPOS="2379" WIDTH="66" HEIGHT="36" WC="0.96" CONTENT="det"/><SP WIDTH="28" VPOS="2379" HPOS="972"/>
							<String ID="string_308" HPOS="1000" VPOS="2380" WIDTH="52" HEIGHT="46" WC="0.95" CONTENT="år,"/><SP WIDTH="28" VPOS="2380" HPOS="1052"/>
							<String ID="string_309" HPOS="1080" VPOS="2377" WIDTH="122" HEIGHT="37" WC="0.96" CONTENT="under"/><SP WIDTH="28" VPOS="2377" HPOS="1202"/>
							<String ID="string_310" HPOS="1230" VPOS="2377" WIDTH="115" HEIGHT="37" WC="0.95" CONTENT="hvars"/><SP WIDTH="29" VPOS="2377" HPOS="1345"/>
							<String ID="string_311" HPOS="1374" VPOS="2375" WIDTH="90" HEIGHT="49" WC="0.96" CONTENT="lopp"/><SP WIDTH="29" VPOS="2375" HPOS="1464"/>
							<String ID="string_312" HPOS="1493" VPOS="2389" WIDTH="53" HEIGHT="35" WC="0.95" CONTENT="ny"/><SP WIDTH="28" VPOS="2389" HPOS="1546"/>
							<String ID="string_313" HPOS="1574" VPOS="2373" WIDTH="230" HEIGHT="49" WC="0.93" CONTENT="förordning"/><SP WIDTH="24" VPOS="2373" HPOS="1804"/>
							<String ID="string_314" HPOS="1828" VPOS="2386" WIDTH="65" HEIGHT="24" WC="0.93" CONTENT="an-"/>
						</TextLine>
					</TextBlock>
				</ComposedBlock>
			</PrintSpace>
		</Page>
	</Layout>
</alto>
