1896 2826
499 170 253 32 Statsutskottets
769 171 160 32 utlåtande
947 183 37 20 nr
1001 173 44 31 40
1063 173 35 31 år
1116 174 87 30 1969
1581 182 16 28 9

729 254 243 31 Reservationer

160 329 26 31 1.
212 329 200 33 beträffande
428 332 167 38 utredning
611 343 53 21 om
681 339 43 26 ett
738 334 71 37 från
825 335 143 38 Sveriges
982 335 107 32 Radio
1104 336 171 37 fristående
1291 337 306 38 reklamfinansierat

110 383 124 38 företag
247 384 52 37 för
310 395 150 28 program
474 387 20 29 2
512 388 10 29 i
536 388 57 30 TV
608 397 39 21 av
660 388 108 31 herrar
782 389 59 31 Per
854 390 177 31 Jacobsson
1046 391 72 40 (fp),
1132 392 127 39 Nyman
1274 392 71 40 (fp),
1360 393 73 31 Eric
1447 393 149 31 Peterson

112 437 71 40 (fp),
204 438 125 40 Kaijser
349 439 69 38 (m),
440 440 191 40 Strandberg
651 442 68 37 (m),
739 442 148 32 Bohman
907 444 69 37 (m),
995 444 176 31 Gustafson
1188 446 10 30 i
1217 445 165 41 Göteborg
1401 446 71 40 (fp),
1491 446 105 31 Nord-

111 492 128 30 strandh
256 492 58 37 (m)
330 493 61 31 och
404 495 144 30 Källstad
564 495 61 40 (fp)
641 505 69 21 som
724 506 91 21 anser
829 502 44 26 att

156 545 67 30 dels
241 546 62 31 den
322 547 51 31 del
390 556 38 21 av
447 547 167 32 utskottets
631 550 144 39 yttrande
794 560 69 21 som
882 550 41 40 på
940 561 23 22 s.
985 552 17 30 3
1021 552 106 40 börjar
1143 553 74 31 med
1239 554 33 30 »I
1291 554 80 30 den»
1394 554 61 31 och
1471 554 42 41 på
1530 565 24 22 s.
1573 556 20 30 4

108 599 97 30 slutar
221 600 74 30 med
316 600 30 30 »i
362 601 189 31 framtiden»
572 603 72 30 bort
660 604 42 29 ha
719 603 140 39 följande
876 605 128 39 lydelse:

155 653 82 31 >Det
255 655 185 30 nuvarande
457 655 83 40 läget
558 655 86 31 inom
663 656 325 33 radio-TV-området
1007 660 34 30 är
1059 659 96 40 enligt
1172 660 167 32 utskottets
1358 661 128 41 mening
1503 662 11 31 i
1531 661 64 41 hög

106 707 77 39 grad
200 707 320 33 otillfredsställande.
540 710 64 30 Det
623 712 33 30 är
673 710 46 31 till
738 715 65 27 stor
820 712 51 30 del
888 712 130 31 orsakat
1035 722 38 22 av
1090 713 199 41 regeringens
1308 714 200 40 dogmatiska
1525 716 69 30 tän-

111 761 103 30 kande
235 762 62 30 och
317 762 96 40 ovilja
434 768 43 26 att
499 764 79 31 söka
597 774 62 30 nya
677 767 105 37 vägar,
803 766 96 31 vilket
918 766 134 32 kommit
1071 768 46 30 till
1135 769 125 38 uttryck
1278 774 21 26 t.
1314 779 48 21 ex.
1383 770 11 31 i
1412 770 184 31 avvisandet

106 823 39 21 av
169 814 151 40 förslaget
344 825 53 22 om
422 825 41 22 en
485 816 289 42 förutsättningslös
798 819 167 41 utredning
989 829 38 21 av
1051 820 72 31 hela
1146 821 280 41 frågekomplexet.
1453 823 50 31 De
1527 823 67 30 tek-

109 868 90 31 niska
217 869 199 40 möjligheter
434 880 70 21 som
521 871 166 40 föreligger
704 872 51 31 för
773 877 43 27 ett
835 873 93 32 friare
947 879 116 34 system
1081 875 58 30 har
1155 876 195 39 negligerats,
1371 877 61 31 och
1451 878 39 31 de
1507 877 86 40 lång-

105 922 113 40 siktiga
238 923 372 41 finansieringsfrågorna
630 926 58 30 har
708 926 135 32 lämnats
865 927 111 32 olösta.

150 977 267 31 Erfarenheterna
437 978 84 31 visar
542 983 44 26 att
608 979 53 31 det
681 979 10 31 i
713 984 43 26 ett
777 981 278 41 monopolföretag
1077 982 63 31 inte
1162 983 167 40 föreligger
1350 984 142 40 fullgoda
1515 985 79 39 möj-

105 1030 131 40 ligheter
253 1031 52 31 för
324 1041 39 21 en
381 1031 41 31 fri
440 1032 63 31 och
522 1032 123 41 allsidig
662 1033 292 42 opinionsbildning
972 1036 62 31 och
1053 1036 268 33 samhällsdebatt.
1343 1038 72 31 Den
1433 1038 161 40 organisa-

106 1084 66 31 tion
188 1094 69 21 som
274 1086 196 38 genomförts
486 1087 62 30 vad
564 1087 97 39 gäller
676 1088 59 31 TV
755 1088 13 30 1
788 1089 61 30 och
865 1089 59 31 TV
940 1090 20 30 2
977 1090 94 31 söker
1086 1090 183 40 visserligen
1283 1092 46 30 till
1345 1092 106 40 någon
1467 1093 51 31 del
1533 1092 60 32 till-

104 1143 109 26 varata
237 1139 39 30 de
300 1139 140 31 fördelar
463 1150 69 20 som
556 1141 199 32 konkurrens
780 1142 88 31 alltid
891 1143 147 37 medfört,
1064 1153 75 22 men
1162 1144 62 31 den
1250 1147 34 29 är
1306 1165 46 4 —
1375 1146 97 31 vilket
1496 1146 98 31 också

107 1192 238 32 motionärerna
371 1194 105 31 anfört
501 1213 45 4 —
572 1199 77 27 trots
676 1195 86 31 detta
788 1196 152 31 behäftad
966 1198 74 31 med
1068 1198 161 40 allvarliga
1254 1199 121 32 brister.
1405 1201 189 31 Centralise-

104 1246 109 40 ringen
234 1247 60 30 blir
315 1247 182 40 påfallande
518 1248 64 31 inte
603 1249 95 31 minst
719 1250 61 30 vad
803 1250 96 40 gäller
920 1255 43 26 ett
985 1251 34 31 så
1040 1251 111 41 viktigt
1172 1252 131 32 område
1325 1263 69 21 som
1416 1254 177 39 nyhetsför-

106 1300 188 40 medlingen.
311 1301 130 31 Urvalet
456 1311 39 21 av
510 1301 124 38 åsikter,
650 1303 131 39 nyheter
795 1304 61 31 och
870 1304 206 32 information
1089 1306 60 31 blir
1163 1306 103 31 rikare
1280 1308 62 30 och
1357 1317 87 22 mera
1458 1307 135 40 allsidigt

105 1363 115 30 genom
236 1354 218 32 förekomsten
471 1365 39 21 av
526 1356 53 31 två
595 1356 217 41 självständigt
828 1358 259 32 konkurrerande
1103 1360 131 40 företag.
1254 1361 120 31 Risken
1391 1362 50 31 för
1458 1361 135 40 ensidig-

105 1408 53 30 het
176 1408 59 30 hos
254 1409 186 39 monopolet
459 1410 97 39 gäller
575 1410 129 40 givetvis
724 1411 63 31 inte
806 1411 79 32 bara
903 1412 130 39 nyheter
1052 1417 77 27 utan
1148 1414 98 31 också
1266 1414 326 41 samhällsreportage,

105 1461 163 38 litteratur,
285 1462 113 38 musik,
416 1467 99 27 teater
529 1464 62 30 och
606 1464 250 41 underhållning.

154 1516 64 30 För
235 1516 39 31 de
291 1516 116 40 många
424 1527 69 21 som
510 1518 125 31 arbetar
651 1519 87 31 inom
754 1520 89 30 radio
860 1520 61 31 och
937 1521 59 31 TV
1012 1521 132 32 innebär
1159 1526 43 27 ett
1218 1524 272 39 monopolsystem
1506 1524 87 31 klara

105 1569 180 31 nackdelar.
307 1570 230 31 Förekomsten
560 1580 37 21 av
618 1571 80 31 flera
718 1572 260 31 konkurrerande
998 1573 123 41 företag
1142 1575 144 31 däremot
1307 1576 125 31 medför
1454 1581 43 26 att
1518 1586 75 21 man

109 1623 180 31 motverkar
307 1624 141 39 Sveriges
468 1625 121 31 Radios
609 1626 179 40 utveckling
806 1627 45 30 till
870 1632 43 26 ett
933 1628 81 31 enda
1032 1628 226 32 dominerande
1276 1629 209 42 jätteföretag.
1506 1632 87 30 Kon-

108 1677 131 30 kurrens
265 1678 116 40 skapar
405 1678 183 32 incitament
611 1679 51 31 för
685 1680 198 31 rationellare
906 1682 144 31 metoder
1073 1682 61 31 och
1157 1683 267 32 kostnadsansvar
1447 1691 81 26 samt
1551 1688 43 28 ett

109 1740 87 21 mera
210 1730 144 32 effektivt
368 1732 199 39 utnyttjande
581 1743 39 20 av
634 1733 190 40 tillgängliga
839 1744 146 22 resurser.

150 1783 384 41 Finansieringsfrågorna
561 1786 35 29 är
620 1785 42 40 på
687 1786 108 40 längre
822 1787 61 30 sikt
908 1787 196 32 fortfarande
1131 1789 111 32 olösta.
1271 1790 115 40 Kungl.
1415 1791 97 40 Maj:t
1536 1791 58 31 har

105 1837 62 31 inte
189 1837 134 40 klarlagt
343 1838 60 31 hur
424 1848 75 21 man
521 1848 90 22 avser
632 1843 44 27 att
697 1840 69 31 lösa
787 1840 101 32 dessa.
912 1841 50 31 De
984 1851 39 21 av
1044 1842 169 40 riksdagen
1238 1844 85 31 1966
1345 1845 62 31 och
1432 1845 84 32 1968
1539 1846 54 31 be-

105 1891 122 30 slutade
248 1892 309 40 licenshöjningarna
579 1895 34 29 är
633 1894 65 30 helt
718 1894 208 40 otillräckliga
947 1905 54 22 om
1023 1906 40 21 en
1082 1896 127 32 fortsatt
1228 1898 182 40 utbyggnad
1432 1909 39 21 av
1492 1901 60 31 TV
1573 1900 20 30 2

108 1944 80 31 skall
213 1945 64 31 ske.
303 1946 63 30 Det
391 1947 71 30 stod
486 1946 82 31 klart
592 1947 98 31 redan
716 1948 9 30 i
751 1948 156 32 samband
931 1950 74 30 med
1029 1950 154 31 besluten.
1210 1951 385 42 Finansieringsfrågorna

106 1999 100 30 måste
224 2009 52 29 ges
295 2009 39 21 en
350 2009 89 21 mera
455 2000 143 31 definitiv
615 2001 133 40 lösning,
768 2003 61 30 och
846 2003 85 30 detta
948 2004 60 30 bör
1025 2004 55 30 ske
1097 2004 11 31 i
1125 2004 155 32 samband
1297 2007 74 30 med
1389 2016 39 21 en
1445 2009 149 38 ompröv-

106 2056 75 40 ning
198 2066 38 21 av
253 2057 62 30 den
332 2058 144 38 gällande
494 2058 176 40 ordningen
687 2060 10 29 i
714 2059 70 31 dess
802 2060 114 31 helhet.

152 2114 208 39 Planeringen
377 2114 100 31 måste
496 2115 9 30 i
523 2115 101 32 första
640 2116 87 31 hand
745 2116 130 32 inriktas
893 2118 41 40 på
954 2122 44 27 att
1016 2118 100 40 skapa
1133 2129 147 21 ramarna
1298 2120 51 31 för
1367 2126 43 25 ett
1429 2121 164 40 självstän-

105 2170 66 40 digt
190 2170 123 41 företag
332 2171 51 31 för
402 2172 58 31 TV
481 2172 29 31 2.
532 2173 71 30 Hur
622 2172 93 32 dessa
734 2183 104 22 ramar
858 2174 94 31 exakt
972 2175 80 31 skall
1070 2175 156 33 utformas
1247 2177 58 31 bör
1325 2177 44 31 bli
1388 2177 136 32 föremål
1542 2177 52 32 för

105 2228 221 39 övervägande
353 2238 38 21 av
417 2238 40 21 en
483 2229 114 31 snabbt
624 2230 171 32 arbetande
821 2232 285 40 expertutredning,
1135 2233 191 40 exempelvis
1357 2235 85 31 1966
1469 2235 50 31 års
1545 2243 48 22 re-

104 2284 265 40 klamutredning.
397 2286 15 30 I
438 2285 85 31 detta
550 2287 229 40 sammanhang
805 2288 54 31 vill
885 2289 152 31 utskottet
1062 2290 112 31 endast
1199 2291 165 31 kortfattat
1391 2301 79 30 ange
1495 2291 98 40 några

105 2340 159 41 principer
282 2351 69 21 som
369 2341 59 32 bör
446 2352 75 21 vara
539 2343 196 40 vägledande
752 2344 54 31 vid
824 2345 254 41 uppbyggnaden
1097 2356 39 22 av
1154 2347 53 31 det
1224 2357 63 30 nya
1305 2353 156 35 systemet.

152 2398 271 40 Statsmonopolet
437 2400 135 39 upphör.
590 2401 178 40 Utredning
782 2401 170 40 igångsätts
968 2404 136 30 rörande
1119 2405 189 40 omändring
1324 2416 39 20 av
1378 2407 58 30 TV
1440 2394 18 55 2
1488 2406 47 31 till
1550 2410 43 27 ett

105 2459 161 35 gentemot
287 2456 242 31 statsmakterna
550 2456 170 32 fristående
741 2459 62 30 och
824 2469 39 20 av
884 2459 141 40 Sveriges
1046 2460 106 32 Radio
1173 2462 182 31 oberoende
1376 2463 131 39 företag.
1530 2464 63 30 För

110 2515 44 27 att
176 2511 165 32 förhindra
363 2517 45 27 att
429 2513 86 31 detta
536 2513 60 31 blir
617 2514 178 32 dominerat
816 2525 39 22 av
875 2526 40 21 en
936 2517 82 32 enda
1038 2518 128 40 politisk
1187 2519 75 31 eller
1282 2520 189 32 ekonomisk
1492 2521 102 31 makt-
