1880 2812
545 138 275 32 Statsutskottets
844 140 176 31 utlåtande
1041 151 42 21 nr
1110 142 49 30 72.
1603 142 18 29 3

117 221 157 30 betalade
292 221 177 31 förmåner
486 222 104 36 enligt
607 223 507 39 krigsavlöningsreglementet,
1134 226 93 31 vilka
1245 227 256 37 utbetalningar
1517 237 101 28 grun-

117 270 59 30 dat
194 271 50 35 sig
261 270 21 31 å
299 271 165 37 felaktiga
481 272 174 36 uppgifter
671 273 221 31 beträffande
911 275 276 31 vederbörandes
1205 278 412 36 mantalsskrivningsort,

112 321 65 29 och
199 324 48 27 att
269 321 71 30 mål
361 330 42 21 av
427 331 135 21 samma
584 322 166 31 karaktär
770 323 164 31 ävensom
955 325 149 30 rörande
1126 327 67 29 rätt
1214 327 402 38 mantalsskrivningsort

111 371 11 29 i
141 375 45 26 ett
207 371 271 31 förhållandevis
499 376 85 27 stort
602 374 94 29 antal
718 374 86 30 även
826 375 147 30 kommit
992 376 112 30 under
1123 377 291 31 kammarrättens
1434 379 179 37 prövning.

161 422 161 30 Härefter
345 423 91 30 hava
458 423 214 31 revisorerna
696 424 90 36 gjort
809 424 155 36 följande
988 427 178 31 allmänna
1191 429 185 31 uttalande.

158 480 118 31 Under
313 481 202 30 nuvarande
551 481 456 38 beredskapsförhållanden
1045 486 89 30 hava
1172 486 222 32 förekommit
1421 488 198 38 långvariga

114 521 196 31 inkallelser
334 523 77 30 med
437 523 174 38 placering
636 524 20 31 å
679 534 117 22 annan
819 530 52 27 ort
895 528 44 29 än
964 529 276 30 vederbörandes
1265 531 269 37 bosättningsort
1562 532 57 30 vid

114 564 93 31 tiden
233 565 56 30 för
315 565 220 31 inkallelsens
561 566 134 37 början.
722 569 14 29 I
762 568 97 37 fråga
885 579 56 20 om
969 570 66 30 den
1062 571 68 30 fast
1158 573 181 35 anställda,
1367 574 75 30 icke
1468 575 151 37 ständigt

114 606 260 37 tjänstgörande
389 609 204 36 personalen
609 610 64 30 har
689 610 93 31 detta
805 611 4 30 i
825 611 125 37 många
967 613 61 29 fall
1050 613 162 32 föranlett
1232 616 293 36 komplikationer
1541 618 78 29 med

114 649 135 37 hänsyn
277 650 50 30 till
353 651 613 39 mantalsskrivningsförordningens
992 656 259 31 bestämmelser
1276 667 57 20 om
1361 660 66 29 rätt
1455 660 162 30 mantals-

114 692 260 36 skrivningsort.
393 692 113 38 Enligt
522 694 230 32 revisorernas
769 697 138 36 mening
925 698 70 29 kan
1012 698 56 30 det
1084 698 75 31 icke
1175 708 99 22 anses
1290 700 327 38 tillfredsställande,

114 736 48 27 att
180 733 264 37 ifrågavarande
462 737 160 35 personal
643 737 110 30 under
773 739 65 29 den
857 739 59 35 tid,
940 749 75 21 som
1038 740 160 37 förflyter
1219 743 106 29 innan
1345 743 272 31 kammarrätten

114 776 124 30 hunnit
258 778 126 35 avgöra
402 778 285 36 uppkommande
707 780 118 31 tvister
843 781 177 36 angående
1041 784 67 29 rätt
1131 785 412 38 mantalsskrivningsort,
1565 786 54 31 får

115 817 41 37 gå
180 819 9 29 i
214 819 150 30 ovisshet
390 829 66 26 om,
482 821 79 30 med
586 822 104 30 vilket
715 823 124 38 belopp
866 825 406 36 avlöningsförmånerna
1300 828 78 30 med
1404 829 137 36 hänsyn
1568 829 50 31 till

112 861 160 35 gällande
297 863 258 30 bestämmelser
579 873 56 21 om
661 865 347 39 dyrortsgruppering
1036 868 141 30 komma
1206 873 49 27 att
1280 869 89 37 utgå.
1395 870 126 31 Vidare
1549 873 70 29 kan

114 903 113 31 denna
247 904 149 30 ovisshet
415 915 57 20 om
491 907 89 29 rätta
603 908 455 38 mantalsskrivningsorten,
1082 910 114 31 såsom
1216 912 154 36 framgår
1389 922 42 21 av
1453 914 56 30 det
1530 914 87 30 före-

114 944 138 38 gående,
275 947 157 30 medföra
452 946 464 41 återbetalningsskyldighet
938 961 43 21 av
1001 953 257 31 löneförmåner
1279 955 49 30 till
1347 956 195 36 betydande
1562 958 55 29 be-

113 989 92 36 lopp.
224 988 132 30 Härvid
372 990 214 36 uppkomma
604 992 74 30 icke
697 993 109 30 sällan
824 993 209 37 svårigheter
1051 995 56 30 för
1125 996 257 31 vederbörande
1403 1001 48 27 att
1470 999 148 36 fullgöra

113 1030 52 30 sin
191 1030 464 40 återbetalningsskyldighet
682 1035 50 29 till
759 1037 211 29 statsverket.
999 1037 68 30 För
1092 1039 232 36 redogörarna
1350 1041 136 30 medför
1514 1042 103 30 oviss-

113 1072 100 30 heten
236 1083 57 20 om
313 1075 88 29 rätta
420 1076 446 37 mantalsskrivningsorten
888 1078 209 37 svårigheter
1118 1080 56 30 vid
1195 1077 422 46 avlöningsförmånernas

113 1115 271 31 bestämmande.

159 1157 89 31 Utan
265 1161 49 27 att
329 1162 78 33 taga
425 1158 214 39 ståndpunkt
656 1161 59 37 till,
734 1163 90 30 huru
843 1162 123 38 frågan
983 1164 187 37 lämpligen
1186 1166 65 30 bör
1267 1167 98 36 lösas,
1384 1167 91 31 hava
1492 1169 124 30 reviso-

113 1208 101 22 rerna
233 1204 111 27 ansett
363 1201 49 37 sig
428 1202 85 30 böra
532 1202 185 32 framhålla
737 1205 277 31 önskvärdheten
1034 1216 42 21 av
1094 1210 49 27 att
1164 1217 44 21 en
1229 1209 136 30 rättelse
1387 1219 42 21 av
1449 1220 89 21 ovan
1558 1211 58 37 på-

113 1242 113 30 talade
248 1242 327 33 missförhållanden
600 1251 134 26 snarast
756 1248 158 30 kommer
933 1249 51 31 till
1007 1248 110 32 stånd.

155 1309 166 32 Yttrande
339 1312 64 30 har
419 1312 144 36 avgivits
582 1323 43 20 av
641 1313 272 32 kaminarrätten
936 1312 77 40 (Del
1032 1317 40 35 II,
1091 1326 24 22 s.
1136 1315 113 39 4—6),
1269 1328 84 27 som,
1372 1320 108 30 bland
1498 1324 116 33 annat,

110 1361 132 36 uttalat,
269 1364 49 28 att
342 1361 289 33 kammarrättens
658 1365 233 31 erfarenheter
918 1368 156 30 närmast
1099 1368 68 30 tala
1195 1368 56 31 för
1275 1373 49 27 att
1349 1369 266 37 ifrågavarande

109 1411 440 37 avlöningsbestämmelser
566 1414 10 30 i
597 1415 54 29 det
670 1418 91 27 stora
779 1416 77 29 hela
874 1416 159 37 fungerat
1051 1417 217 37 någorlunda
1286 1419 327 38 tillfredsställande,

110 1462 126 30 medan
257 1462 43 31 de
318 1472 43 21 av
380 1464 213 31 revisorerna
613 1465 147 31 berörda
780 1467 265 36 olägenheterna
1066 1477 141 23 snarare
1225 1470 138 31 tillhöra
1382 1468 232 45 undantagen.

111 1511 279 31 Kammarrätten
414 1514 64 29 har
500 1515 89 29 dock
612 1516 76 29 icke
712 1517 89 29 velat
824 1518 160 36 bestrida,
1009 1522 48 27 att
1082 1520 98 29 dessa
1203 1520 219 36 olägenheter
1446 1531 57 20 om
1528 1517 85 45 möj-

110 1562 59 37 ligt
187 1564 85 29 böra
292 1563 191 37 avhjälpas,
506 1566 65 29 och
591 1566 63 29 har
673 1566 11 29 i
704 1566 122 31 sådant
847 1568 89 36 syfte
958 1568 180 37 ifrågasatt
1160 1570 206 37 vidtagande
1387 1580 43 21 av
1454 1572 91 30 vissa
1565 1571 48 32 åt-

111 1614 130 35 gärder,
279 1613 114 31 såsom
428 1618 49 27 att
502 1617 451 38 mantalsskrivningsbevis,
983 1629 75 20 som
1082 1620 159 31 utfärdas
1267 1621 56 30 för
1348 1624 48 27 att
1421 1622 117 37 läggas
1564 1623 50 30 till

108 1665 113 34 grund
240 1664 56 30 för
314 1666 215 37 utbetalning
550 1676 42 20 av
612 1668 67 35 lön,
700 1669 228 36 uttryckligen
951 1670 98 30 skola
1070 1671 123 36 angiva
1216 1672 68 30 den
1304 1676 193 34 ortsgrupp,
1518 1673 97 30 inom

109 1715 115 30 vilken
250 1716 377 36 beställningshavaren
650 1718 98 31 blivit
770 1721 299 30 mantalsskriven.

155 1807 171 31 Utskottet
351 1808 114 30 finner
488 1810 68 29 vad
582 1810 213 31 revisorerna
821 1812 64 29 och
911 1812 274 31 kammarrätten
1214 1814 116 30 anfört
1353 1815 151 30 rörande
1528 1825 85 28 upp-

110 1857 128 31 komna
273 1857 209 37 svårigheter
518 1863 49 27 att
600 1861 160 36 tillämpa
793 1862 614 37 krigsavlöningsbestämmelsernas
1429 1866 186 31 föreskrift

110 1908 130 35 därom,
265 1911 48 27 att
334 1908 205 31 månadslön
561 1910 49 29 till
635 1910 68 31 fast
724 1912 158 35 anställd,
905 1912 74 30 icke
1001 1913 150 36 ständigt
1172 1913 260 37 tjänstgörande
1454 1917 160 35 personal

110 1958 87 30 skall
220 1958 82 36 utgå
326 1959 85 30 efter
434 1960 275 32 vederbörandes
732 1962 411 38 mantalsskrivningsort,
1168 1973 83 21 vara
1275 1964 144 37 förtjänt
1446 1976 43 23 av
1510 1967 103 31 beak-

109 2009 111 30 tande.
253 2009 50 29 Av
333 2010 121 36 Kungl.
486 2010 118 36 Maj:ts
635 2012 215 36 proposition
879 2022 41 20 nr
951 2014 62 29 232
1044 2013 49 30 till
1122 2014 234 32 innevarande
1386 2016 55 30 års
1472 2017 141 36 riksdag

107 2060 79 29 med
208 2059 130 37 förslag
359 2060 49 30 till
432 2061 205 36 kungörelse
659 2072 56 20 om
738 2063 147 36 ändring
906 2063 9 29 i
938 2063 91 31 vissa
1051 2064 94 31 delar
1167 2074 42 22 av
1232 2065 379 39 krigsavlöningsregle-

108 2113 128 26 mentet
259 2109 66 31 den
348 2112 37 28 15
406 2110 75 36 juni
506 2112 82 30 1939
613 2109 55 39 (nr
688 2113 74 38 278)
790 2123 43 21 m.
856 2123 43 20 m.
922 2114 164 37 framgår,
1108 2119 49 26 att
1177 2115 125 37 frågan
1323 2127 56 20 om
1400 2118 148 30 revision
1570 2128 43 21 av

108 2160 496 37 krigsavlöningsreglementet
621 2163 37 29 är
675 2163 146 31 föremål
838 2164 53 30 för
907 2165 138 30 fortsatt
1061 2166 257 39 handläggning
1334 2176 122 28 genom
1473 2169 140 30 särskilt

109 2210 189 31 tillkallade
324 2212 227 36 sakkunniga.
581 2213 50 30 Då
656 2214 65 29 den
747 2224 42 20 av
813 2215 213 31 revisorerna
1050 2216 147 31 berörda
1223 2217 121 36 frågan
1370 2219 121 30 därvid
1516 2220 97 30 torde

108 2261 142 30 komma
277 2265 49 26 att
352 2265 93 32 tagas
473 2263 110 29 under
610 2265 246 34 övervägande,
884 2274 100 26 synes
1013 2265 113 36 någon
1154 2267 121 35 åtgärd
1301 2268 78 30 från
1409 2269 202 36 riksdagens

108 2310 73 30 sida
203 2311 74 30 icke
298 2321 47 20 nu
366 2312 184 30 erfordras.
573 2313 170 30 Utskottet
764 2315 63 29 har
849 2315 118 30 därför
990 2316 121 30 endast
1132 2317 89 30 velat
1242 2319 66 29 vad
1329 2319 10 29 i
1360 2319 142 30 ärendet
1523 2320 87 30 före-

108 2361 146 31 kommit
274 2361 54 30 för
347 2362 183 36 riksdagen

726 2432 216 30 omförmäla.

1662 1823 130 25 Utskottet.
