1886 2812
567 146 276 31 Statsutskottets
866 145 175 31 utlåtande
1062 155 40 22 nr
1138 147 47 31 72.
1591 143 35 29 11

172 232 224 31 Beträffande
420 232 91 30 detta
535 232 128 30 ärende
687 233 157 29 kommer
869 232 164 29 utskottet
1057 235 49 29 att
1130 234 90 33 yttra
1245 231 49 35 sig
1318 230 10 30 i
1354 230 170 30 samband
1547 230 80 30 med

127 283 255 36 behandlingen
401 291 42 21 av
463 282 122 35 Kungl.
608 281 117 36 Maj:ts
745 281 214 36 proposition
978 291 41 20 nr
1045 282 61 29 185
1127 280 176 37 angående
1324 280 89 30 vissa
1433 280 193 36 avlönings-

127 341 45 21 m.
195 332 36 30 fl.
253 332 120 36 anslag
393 333 108 29 under
520 332 202 29 riksstatens
745 331 114 36 fjärde
881 331 193 30 huvudtitel
1093 331 55 30 för
1168 331 201 36 budgetåret
1393 328 151 38 1944/45,
1567 330 59 29 vil-

128 383 56 30 ket
208 383 163 30 utskottet
395 382 144 30 härmed
564 382 90 30 velat
677 382 55 30 för
756 382 186 36 riksdagen

744 465 150 31 anmäla.

167 590 68 40 8:o)
267 590 243 37 Sjukpenning
538 592 69 29 och
634 589 416 38 underhållsskyldighet.
1081 590 119 31 Under
1228 591 398 35 socialdepartementet,

124 642 19 37 $
170 643 49 34 18,
243 642 90 32 hava
357 643 213 30 revisorerna
592 641 132 37 påtalat
750 642 55 30 det
829 640 243 38 förhållandet,
1100 645 49 27 att
1173 641 141 32 införsel
1339 641 75 32 icke
1438 642 69 31 kan
1532 641 61 30 ske
1616 642 10 29 i

125 692 233 37 sjukpenning
384 693 74 37 (Del
480 693 23 36 I,
529 702 24 21 s.
577 692 158 39 65—68).

169 743 113 37 Enligt
300 744 100 35 lagen
416 744 65 30 den
500 744 38 29 14
557 744 76 36 juni
653 744 81 30 1917
755 745 71 29 kan
842 743 142 30 införsel
1001 742 145 37 beviljas
1164 744 9 30 i
1194 744 170 35 avlöning,
1380 743 145 37 pension
1546 743 82 31 eller

124 794 146 31 livränta
288 794 55 30 för
363 795 294 30 utbekommande
675 805 42 20 av
735 794 120 31 ådömt
872 795 81 30 eller
970 795 128 31 avtalat
1118 793 323 38 underhållsbidrag
1459 794 50 29 till
1527 793 99 37 barn,

124 845 122 30 hustru
265 855 45 20 m.
333 845 36 32 fl.
392 844 114 33 Sådan
525 845 145 31 införsel
692 846 70 29 kan
781 846 112 29 under
912 845 10 29 i
944 846 100 36 lagen
1063 845 148 36 angivna
1233 845 287 36 förutsättningar
1540 845 87 29 även

123 895 144 37 beviljas
284 896 56 30 för
358 896 150 36 oguldna
527 896 178 36 utskylder
722 906 45 21 m.
788 906 45 22 m.

169 946 145 31 Införsel
331 947 70 30 kan
419 947 155 30 däremot
590 947 75 30 icke
682 947 59 31 ske
756 948 11 29 i
784 946 244 37 sjukpenning.

168 997 225 32 Revisorerna
409 998 90 29 hava
515 998 134 29 lämnat
668 997 214 36 redogörelse
900 996 178 37 angående
1095 998 172 29 storleken
1284 998 10 29 i
1313 997 91 33 vissa
1420 996 62 31 fall
1501 1005 42 21 av
1561 997 67 30 den

125 1047 242 37 sjukpenning,
393 1057 74 21 som
492 1047 111 37 utgått
628 1048 104 36 enligt
760 1049 84 29 1916
870 1047 55 31 års
950 1048 474 37 olycksfallsförsäkringslag
1451 1047 65 33 och
1543 1048 82 29 1927

124 1097 56 33 års
198 1098 551 37 militärersättningsförordning.

168 1148 240 39 Sjukpenning
429 1148 99 40 utgår
548 1159 155 26 numera,
723 1148 188 32 framhålla
932 1149 223 38 revisorerna,
1176 1149 79 30 med
1274 1149 146 36 tillhopa
1439 1149 189 31 avsevärda

124 1199 135 37 belopp.
277 1199 115 37 Enligt
408 1203 132 28 senaste
557 1200 167 31 officiella
739 1200 148 31 statistik
903 1203 120 33 utgavs
1037 1199 46 37 på
1099 1201 112 36 grund
1228 1210 42 20 av
1286 1199 182 37 olycksfall
1484 1200 11 30 i
1511 1199 117 31 arbete

125 1251 108 30 under
251 1250 38 31 år
308 1251 83 30 1940
407 1268 44 3 —
467 1251 144 30 bortsett
628 1250 79 31 från
725 1254 128 27 statens
874 1251 155 31 arbetare
1044 1268 45 4 —
1106 1250 233 38 sjukpenning
1358 1251 79 30 med
1453 1251 12 30 i
1482 1253 81 27 runt
1580 1250 48 31 tal

128 1302 68 35 12,5
217 1301 161 36 miljoner
401 1302 137 29 kronor.
563 1301 51 30 Av
637 1311 40 21 ca
703 1302 60 29 142
778 1303 63 29 250
865 1301 183 36 olycksfall
1071 1304 10 29 i
1108 1302 114 29 arbete
1246 1302 63 29 hos
1333 1302 107 29 större
1464 1300 162 37 arbetsgi-

125 1361 79 21 vare
225 1351 108 39 (utom
352 1351 119 40 staten)
495 1351 38 31 år
552 1352 84 30 1940
652 1351 203 34 föranledde
871 1351 64 30 680
950 1351 63 31 fall
1030 1361 43 21 en
1089 1352 132 36 sjuktid
1237 1362 42 20 av
1298 1347 103 35 ”/-—1
1420 1351 47 36 år,
1488 1352 61 30 179
1565 1351 62 31 fall

125 1412 43 21 en
192 1401 131 37 sjuktid
348 1411 42 21 av
417 1403 81 29 1—2
525 1402 39 30 år
592 1403 67 30 och
686 1402 39 30 19
750 1402 63 30 fall
841 1411 43 21 en
909 1401 135 36 sjuktid
1069 1412 43 20 av
1139 1412 97 20 mera
1262 1403 44 29 än
1334 1403 18 28 2
1380 1401 48 31 år.
1455 1402 173 36 Sjukpen-

127 1453 82 35 ning
230 1453 107 35 enligt
358 1453 81 29 1927
461 1452 56 30 års
538 1452 557 37 militärersättningsförordning
1116 1456 120 33 utgavs
1260 1453 80 29 1941
1364 1453 80 29 med
1465 1452 164 36 omkring

128 1504 13 28 1
159 1503 63 30 708
235 1504 64 29 000
317 1503 137 32 kronor.
474 1503 112 32 Sedan
607 1504 76 29 dess
701 1504 90 29 hava
809 1503 378 37 ersättningsbeloppen
1205 1504 91 30 ökat.

169 1553 224 31 Revisorerna
419 1554 89 30 hava
531 1554 183 36 meddelat,
742 1557 58 34 att,
827 1554 105 36 enligt
956 1555 66 29 vad
1050 1564 74 20 som
1150 1554 147 30 kommit
1322 1554 51 29 till
1397 1553 231 31 revisorernas

127 1604 205 38 kännedom,
357 1604 110 36 sjuka,
494 1614 74 20 som
590 1606 159 35 uppbära
772 1604 242 37 sjukpenning,
1038 1605 11 29 i
1072 1605 88 31 flera
1182 1605 61 30 fall
1265 1604 186 31 underlåtit
1475 1607 48 27 att
1548 1604 80 30 full-

126 1656 81 34 göra
228 1655 51 30 sin
301 1654 398 37 underhållsskyldighet
718 1658 174 33 gentemot
913 1656 103 31 maka
1037 1657 65 29 och
1123 1656 96 35 barn,
1244 1656 118 29 oaktat
1383 1656 41 29 de
1444 1654 76 31 haft
1540 1654 88 36 möj-

126 1705 103 36 lighet
247 1706 124 30 därtill.

171 1755 95 31 Efter
288 1759 49 26 att
359 1757 90 30 hava
471 1757 110 36 belyst
606 1758 99 29 dessa
728 1756 244 31 förhållanden
995 1759 79 29 med
1097 1757 90 31 vissa
1211 1757 154 36 exempel
1390 1757 90 29 hava
1502 1756 126 30 reviso-

126 1816 100 20 rerna
247 1806 261 31 sammanfattat
529 1808 75 30 sina
625 1808 218 36 iakttagelser
865 1808 10 29 i
896 1807 156 36 följande
1073 1809 178 30 allmänna
1270 1808 187 30 uttalande.

171 1865 224 29 Revisorerna
413 1865 98 30 finna
532 1866 56 29 det
607 1866 336 35 anmärkningsvärt,
964 1870 48 26 att
1032 1875 42 20 en
1094 1875 126 26 person
1239 1866 115 30 såsom
1374 1865 10 30 i
1405 1866 56 29 det
1480 1865 150 30 anförda

126 1906 98 30 fallet
252 1907 112 29 under
391 1916 42 20 en
459 1916 74 20 mer
560 1908 45 29 än
632 1907 129 36 treårig
789 1907 218 30 kostnadsfri
1034 1908 139 29 vistelse
1201 1907 20 30 å
1247 1907 219 30 sanatorium
1491 1907 139 29 kunnat

127 1949 229 35 undandraga
386 1949 50 36 sig
462 1950 53 29 sin
543 1949 407 37 underhållsskyldighet
976 1952 178 34 gentemot
1181 1950 76 30 sina
1284 1950 98 35 barn,
1411 1950 120 29 oaktat
1558 1949 72 29 han

127 1991 88 36 själv
236 2001 43 20 av
301 1991 284 36 sjukpenningen
608 1992 166 36 uppburit
799 1992 159 36 omkring
983 1993 60 29 135
1066 1993 129 29 kronor
1218 1992 10 29 i
1249 1991 183 35 månaden.
1457 1992 13 29 I
1495 1991 134 31 föreva-

125 2035 107 29 rande
250 2034 61 31 fall
330 2035 64 30 har
413 2034 9 30 i
443 2035 110 30 stället
575 2034 110 36 utgått
704 2035 289 36 bidragsförskott
1013 2035 50 30 till
1083 2035 148 30 barnens
1251 2033 192 37 underhåll,
1468 2044 73 20 som
1563 2034 68 30 den

127 2076 99 37 sjuke
244 2077 75 30 icke
338 2078 97 29 torde
454 2078 119 29 kunna
593 2078 135 29 ersätta.
751 2077 67 30 Om
838 2078 112 29 denna
971 2076 193 37 hjälpform
1185 2077 75 30 icke
1280 2077 143 35 funnits,
1442 2077 89 30 hade
1553 2086 75 21 san-

125 2120 109 30 nolikt
251 2119 231 36 fattigvården
499 2119 90 31 måst
606 2120 143 36 ingripa.

169 2162 224 30 Revisorerna
416 2163 59 29 äro
498 2163 55 29 väl
577 2163 182 30 medvetna
785 2171 58 21 om
865 2163 198 35 betydelsen
1087 2172 43 20 av
1153 2164 48 28 att
1224 2162 232 35 sjukpenning
1482 2171 74 20 som
1580 2170 48 21 re-

126 2206 51 33 gel
200 2204 173 35 verkligen
399 2204 152 30 tillfaller
575 2205 66 29 den
664 2204 101 36 sjuke
790 2203 117 31 såsom
929 2204 98 36 hjälp
1051 2204 113 30 under
1186 2204 89 29 hans
1298 2203 166 36 sjukdom
1487 2203 67 30 och
1579 2206 51 27 att

126 2246 67 29 den
218 2246 51 29 till
295 2246 91 35 följd
410 2247 109 28 härav
544 2247 65 28 bör
636 2246 236 30 undanhållas
898 2247 66 29 den
991 2246 119 35 sjukes
1134 2246 223 35 borgenärer.
1386 2245 154 35 Skyddet
1565 2246 65 29 bör

126 2288 187 30 emellertid
333 2288 75 30 icke
426 2288 125 30 bereda
571 2289 67 29 den
660 2288 100 36 sjuke
778 2288 180 36 möjlighet
978 2291 47 27 alt
1045 2287 187 31 åsidosätta
1255 2288 52 30 sin
1327 2288 221 36 lagstadgade
1568 2296 61 21 un-

128 2330 346 35 derhållsskyvIdighet
500 2330 7 29 i
535 2331 41 28 de
603 2331 59 29 fall
691 2332 68 28 han
785 2334 83 26 utan
894 2330 180 34 olägenhet
1100 2331 62 28 bör
1189 2330 118 29 kunna
1333 2330 147 34 fullgöra
1504 2330 124 29 denna.

128 2372 12 29 I
160 2371 128 32 sådana
307 2372 62 30 fall
388 2372 63 30 bör
471 2372 142 30 införsel
634 2373 9 29 i
664 2372 234 36 sjukpenning
917 2372 118 29 kunna
1056 2372 70 31 ske.

171 2414 63 30 Vid
257 2414 141 30 införsel
420 2414 209 30 förbehålles
650 2414 187 30 emellertid
859 2415 66 29 den
947 2414 350 36 betalningsskyldige
1317 2413 82 31 visst
1421 2414 124 36 belopp
1570 2423 60 26 per

128 2457 103 30 vecka
257 2457 81 30 eller
360 2455 126 32 månad
511 2456 55 30 för
589 2457 55 29 sitt
669 2459 72 33 eget
764 2457 194 35 uppehälle.
982 2456 100 30 Detta
1104 2457 124 35 belopp
1252 2456 97 30 torde
1374 2456 71 30 ofta
1467 2473 44 4 —
1533 2458 97 28 utom

1676 229 127 26 Utskottet.
