2230 2616
470 115 18 31 2
939 112 255 34 Statsutskottets
1215 112 169 34 utlåtande
1406 112 53 33 Nr
1481 116 50 29 67.

427 201 87 37 dem
553 200 195 37 beredas».
803 201 68 35 Att
910 199 260 49 utredningen
1211 199 266 50 begränsades
1511 199 57 37 till
1608 200 48 36 de
1685 197 171 38 centrala
1884 198 168 38 ämbets-

427 252 145 37 verken
610 250 249 37 föranleddes
891 250 168 48 givetvis
1088 250 131 47 därav,
1249 256 56 32 att
1333 264 88 23 man
1449 250 64 37 vid
1542 249 283 49 utredningens
1853 248 200 51 igångsät-

427 302 117 37 tande
584 301 84 37 icke
710 300 119 37 borde
870 307 138 30 stanna
1037 301 10 36 i
1077 301 173 37 ovisshet
1293 314 61 24 om
1398 301 88 37 dess
1522 300 250 48 omfattning,
1801 305 93 31 utan
1921 300 132 37 kunde

426 352 193 37 snabbare
658 352 71 36 och
770 351 151 37 klarare
960 351 184 37 förskaffa
1181 352 61 48 sig
1270 351 177 37 bestämd
1476 351 253 50 uppfattning
1758 363 74 34 om,
1861 350 190 37 huruvida

427 402 166 37 särskild
631 402 166 48 ändring
828 401 11 36 i
869 401 452 49 anställningsvillkoren
1361 402 59 36 för
1460 402 48 36 de
1551 406 21 33 å
1612 403 107 36 detta
1760 400 291 38 arbetsområde

428 452 191 37 anställda
662 452 124 37 skulle
823 452 84 36 visa
935 452 61 49 sig
1024 453 227 36 motiverad.
1306 453 81 35 När
1413 452 211 49 riksdagen
1649 453 11 36 i
1685 452 57 37 sin
1773 450 187 38 skrivelse
1988 464 62 23 om

427 504 127 36 denna
591 502 210 49 utredning
838 503 83 36 icke
961 503 175 36 uttalade
1178 503 60 49 sig
1277 516 74 33 om,
1384 503 103 36 vilka
1511 503 235 37 förändrade
1775 501 277 49 anställnings-

426 553 140 37 villkor
603 554 72 36 och
717 554 207 45 förmåner,
954 567 82 23 som
1068 554 127 36 kunde
1225 566 114 24 anses
1368 553 150 49 skäliga
1547 554 72 35 och
1651 552 197 49 lämpliga,
1879 552 172 37 berodde

426 605 106 36 detta
574 604 81 37 helt
689 604 187 48 naturligt
915 604 131 48 därpå,
1081 609 55 31 att
1164 604 257 48 utredningen
1447 604 82 48 just
1558 606 122 45 avsåg
1708 608 55 31 att
1791 603 259 49 ådagalägga,

425 655 104 36 vilka
566 655 195 37 förmåner
799 668 47 23 av
887 667 73 24 ena
997 655 95 36 eller
1131 655 121 36 andra
1290 661 121 40 arten,
1453 667 81 23 som
1564 667 93 23 vore
1686 667 46 23 av
1757 653 294 37 förhållandena

426 705 220 48 betingade.
700 707 68 34 Att
807 704 210 50 riksdagen
1043 719 50 22 nu
1119 705 137 43 skulle,
1286 706 116 35 innan
1427 704 74 37 den
1530 705 163 36 sålunda
1720 703 173 49 begärda
1920 704 131 36 utred-

425 756 145 48 ningen
612 756 160 42 kommit
799 755 57 37 till
885 755 125 47 stånd,
1039 759 99 46 ånyo
1162 756 147 48 begära
1337 769 47 23 en
1412 755 195 47 liknande,
1632 755 122 36 ehuru
1784 760 48 31 än
1859 767 106 24 mera
1992 759 59 31 ut-

425 806 146 49 vidgad
596 806 131 47 sådan,
753 819 116 36 synes
897 806 191 37 utskottet
1116 806 84 37 icke
1228 806 189 49 lämpligt.
1472 806 201 37 Utskottet
1701 805 58 37 får
1787 805 130 37 därför
1944 805 105 37 hem-

425 856 127 48 ställa,

881 963 55 31 att
976 958 90 36 herr
1105 941 253 66 Lindhagens
1399 957 259 38 förevarande
1698 957 144 37 motion
1874 956 84 38 icke
1987 959 63 35 må

828 1008 57 36 till
914 1011 128 46 någon
1070 1008 232 49 riksdagens
1331 1008 137 49 åtgärd
1491 1008 213 37 föranleda.

526 1110 224 38 Stockholm
779 1110 75 37 den
882 1112 24 35 4
934 1110 94 50 april
1061 1112 108 35 1919.

944 1211 55 38 På
1023 1211 311 38 statsutskottets
1363 1216 162 44 vägnar:

973 1311 37 38 S.
1038 1312 48 37 H.
1118 1311 375 39 KVARNZELIUS.

526 1667 63 30 Vid
612 1665 200 32 förestående
837 1663 132 33 ärendes
993 1664 267 40 slutbehandling
1281 1664 88 32 inom
1394 1663 156 33 utskottet
1573 1664 84 32 hava
1680 1666 153 30 närvarit:

524 1711 72 29 från
619 1710 100 29 första
741 1709 200 29 kammaren:
966 1709 109 29 herrar
1100 1707 31 31 S.
1158 1706 45 31 H.
1227 1707 230 38 Kvarnzgelius,
1484 1706 32 31 C.
1541 1706 32 31 J.
1596 1707 39 31 G.
1655 1707 134 37 Swartz,
1810 1707 36 31 O.
1863 1707 49 31 M.
1931 1706 118 32 Ström-

424 1752 82 39 berg,
529 1751 47 31 H.
599 1750 40 32 F.
662 1750 125 37 Lamm,
815 1749 38 31 G.
878 1749 49 31 M.
951 1749 46 32 H.
1020 1749 163 36 Ekelund,
1218 1748 40 31 A.
1288 1748 32 32 C.
1356 1749 176 41 Lindblad,
1567 1748 33 32 J.
1625 1749 145 37 Nilsson,
1807 1748 32 32 O.
1865 1749 182 40 Bergqvist,

428 1793 32 31 C.
489 1793 37 31 G.
551 1793 141 36 Ekman,
716 1791 44 32 H.
789 1791 38 32 G.
860 1791 49 32 W.
942 1791 164 41 Wrangel,
1131 1791 40 31 A.
1196 1790 81 32 Pers
1299 1792 59 30 och
1382 1791 43 31 N.
1448 1791 145 31 Åkesson
1616 1795 84 27 samt

524 1837 73 29 från
621 1836 99 30 andra
742 1835 201 30 kammaren:
968 1835 109 30 herrar
1104 1833 33 32 J.
1168 1832 155 40 Olofsson,
1347 1833 42 31 N.
1416 1833 39 31 A.
1479 1833 136 32 Nilsson
1638 1835 11 28 i
1672 1835 163 38 Kabbarp,
1858 1833 41 31 A.
1923 1832 124 33 Ander-

422 1888 55 20 son
511 1879 10 28 i
554 1878 149 36 Råstock,
737 1875 32 32 J.
793 1875 140 32 Jönsson
965 1878 11 28 i
1010 1878 150 37 Revinge,
1195 1874 37 32 P.
1257 1875 135 31 Nilsson
1425 1878 11 28 i
1459 1877 137 38 Bonarp,
1632 1875 34 32 S.
1690 1875 180 41 Bengtsson
1893 1878 10 28 i
1926 1877 120 39 Norup,

423 1919 36 31 P.
485 1918 41 31 A.
550 1919 155 32 Hansson
728 1920 10 29 i
761 1919 196 42 Stockholm,
982 1918 37 32 P.
1044 1918 41 31 B.
1111 1917 135 32 Nilsson
1268 1919 10 29 i
1302 1919 180 39 Landeryd,
1505 1917 32 32 J.
1561 1917 193 38 Erlansson,
1783 1912 32 37 Ö.
1839 1917 40 31 R.
1904 1917 144 32 Jansson

422 1963 8 28 i
456 1962 113 37 Falun,
599 1961 33 31 0.
660 1961 132 31 Nilsson
815 1962 10 28 i
850 1961 119 30 Örebro
994 1962 59 30 och
1080 1960 44 31 K.
1152 1959 37 31 E.
1222 1959 48 31 W.
1297 1959 206 32 Söderhielm.
