1860 2784
268 184 40 29 24
648 181 286 31 Statsutskottets
952 180 180 29 utlåtande
1151 189 42 20 nr
1211 180 19 29 2
1248 179 39 29 år
1307 180 84 28 1959

268 266 63 29 300
346 266 62 30 000
427 267 128 28 kronor
574 265 79 29 med
671 265 138 39 hänsyn
828 265 53 29 till
898 264 172 29 beräknat
1089 263 254 34 medelsbehov,
1363 262 202 29 hemställer
1584 262 181 33 utskottet,

622 316 50 28 att
693 314 187 39 riksdagen
900 314 57 30 må
975 314 54 29 till
1049 313 198 30 Kostnader
1268 312 107 40 enligt
1397 313 97 38 lagen
1517 321 56 20 om
1594 312 49 39 fri
1662 312 104 29 rätte-

576 366 91 39 gång
696 365 54 30 för
777 364 205 40 budgetåret
1014 364 149 39 1959/60
1193 363 119 30 anvisa
1342 365 48 27 ett
1420 362 276 39 förslagsanslag
1726 371 40 19 av

578 416 18 29 3
611 416 63 29 900
689 416 62 29 000
767 416 141 29 kronor.

317 534 97 34 28:0)
447 534 194 30 Understöd
670 534 55 29 för
754 533 307 36 utomprocessuell
1090 532 194 35 rättshjälp.
1314 532 12 29 I
1355 530 153 40 enlighet
1536 530 81 29 med
1646 530 125 39 Kungl.

270 584 124 39 Maj:ts
411 584 129 39 förslag
561 584 131 39 (punkt
708 583 50 35 30,
775 593 26 20 s.
818 583 40 30 55
873 583 64 29 och
954 583 74 34 56),
1043 582 109 30 vilket
1167 581 146 30 innebär
1329 590 43 21 en
1387 580 79 30 med
1479 580 66 30 400
1559 580 63 30 000
1638 580 129 29 kronor

269 634 92 30 ökad
384 633 318 40 medelsanvisning
725 633 79 29 med
825 633 137 39 hänsyn
985 633 52 29 till
1059 632 178 29 beräknad
1260 631 207 39 belastning,
1490 630 204 30 hemställer
1716 631 52 27 ut-

271 685 139 34 skottet,

625 737 50 27 alt
693 734 187 39 riksdagen
900 733 57 30 må
975 734 53 29 till
1048 732 197 31 Understöd
1260 732 57 39 för
1337 730 314 40 utomprocessuell
1667 730 103 29 rätts-

580 785 100 40 hjälp
707 784 54 30 för
788 783 204 40 budgetåret
1023 783 150 36 1959/60
1201 782 121 30 anvisa
1351 783 47 28 ett
1426 780 275 40 förslagsanslag
1729 789 41 20 av

584 835 95 30 1500
694 835 62 30 000
775 835 140 29 kronor.

318 953 98 35 29:0)
440 954 233 29 Tornedalens
693 952 341 36 rättshjälpsanstalt.
1055 952 126 39 Kungl.
1203 951 104 39 Maj:t
1328 951 63 29 har
1416 950 132 39 (punkt
1568 949 53 33 31,
1642 958 25 20 s.
1690 948 85 30 56--

273 1004 59 35 60)
358 1003 178 39 föreslagit
556 1003 188 39 riksdagen
766 1004 50 28 att
837 1002 73 31 dels
931 1001 210 40 bemyndiga
1163 1001 124 39 Kungl.
1310 1000 106 39 Maj:t
1437 1002 61 32 att,
1520 998 80 31 med
1622 999 151 38 tillämp-

274 1053 84 41 ning
380 1053 78 30 från
480 1054 63 29 och
568 1053 80 29 med
670 1052 205 40 budgetåret
898 1052 159 40 1959/60,
1080 1051 141 39 vidtaga
1242 1050 68 30 den
1333 1050 150 39 ändring
1504 1050 12 28 i
1537 1048 236 41 personalför-

273 1104 210 39 teckningen
509 1104 54 29 för
588 1103 238 29 Tornedalens
850 1102 352 39 rättshjälpsanstalt,
1230 1110 75 20 som
1332 1100 198 30 föranledes
1558 1108 42 21 av
1624 1099 67 29 vad
1718 1098 55 29 de-

273 1153 344 40 partementschefen
647 1153 127 35 anfört,
805 1153 73 29 dels
909 1152 176 30 fastställa
1115 1161 43 21 av
1188 1149 389 42 departementschefen
1607 1148 165 31 förordad

275 1207 69 28 stat
368 1205 54 30 för
446 1204 238 29 Tornedalens
709 1202 351 40 rättshjälpsanstalt,
1086 1204 50 28 att
1161 1202 177 39 tillämpas
1363 1200 72 30 tills
1459 1200 120 29 vidare
1605 1199 79 30 från
1709 1199 64 29 och

275 1256 79 29 med
382 1254 204 40 budgetåret
617 1254 160 36 1959/60,
806 1254 73 30 dels
907 1253 65 30 ock
1000 1253 53 29 till
1081 1252 238 30 Tornedalens
1347 1249 343 41 rättshjälpsanstalt
1720 1248 54 30 för

275 1314 135 21 samma
430 1305 168 39 budgetår
617 1304 119 30 anvisa
755 1306 49 27 ett
823 1303 275 40 förslagsanslag
1117 1312 42 20 av
1181 1302 60 30 106
1255 1301 63 30 400
1339 1301 139 29 kronor.

320 1414 164 39 Anslaget
501 1415 38 29 är
555 1414 11 29 i
585 1413 160 40 gällande
763 1413 146 29 riksstat
926 1411 145 41 uppfört
1089 1411 79 30 med
1187 1411 39 30 79
1244 1411 60 30 100
1322 1410 141 29 kronor.

319 1462 394 41 Departementschefen
734 1462 102 30 anför
856 1463 50 29 att
924 1463 67 29 vad
1012 1471 77 21 som
1107 1461 160 40 upplysts
1286 1470 58 20 om
1364 1459 253 30 arbetsbördan
1637 1458 57 29 vid
1715 1467 60 20 an-

275 1515 128 29 stalten
426 1524 101 30 synes
551 1514 125 33 utvisa,
700 1515 49 28 att
772 1522 43 21 en
837 1512 111 40 tjänst
970 1521 76 21 som
1069 1511 207 30 biträdande
1298 1510 107 40 jurist
1428 1510 62 29 bör
1512 1509 161 29 inrättas.
1697 1508 78 30 Sär-

275 1565 84 30 skilt
377 1565 64 30 har
459 1564 214 30 framhållits
693 1564 41 29 de
754 1563 104 40 långa
875 1563 231 39 tjänsteresor
1124 1580 43 3 —
1185 1561 139 40 mycket
1343 1560 75 30 ofta
1436 1559 113 30 under
1569 1558 56 30 två
1645 1558 129 30 arbets-

275 1615 109 39 dagar
399 1624 61 31 per
475 1615 109 30 vecka
599 1633 45 3 —
661 1623 75 21 som
752 1615 39 29 är
808 1613 166 30 förenade
991 1612 80 30 med
1089 1612 193 30 anstaltens
1299 1610 235 34 verksamhet,
1554 1609 218 39 svårigheten

275 1668 51 28 att
346 1665 101 30 finna
466 1665 133 30 vikarie
622 1664 56 30 för
699 1664 201 30 direktören
921 1663 59 30 vid
1003 1665 177 32 semester,
1204 1662 167 40 sjukdom
1393 1670 29 21 o.
1447 1660 30 30 d.
1501 1660 66 30 och
1590 1662 50 27 att
1663 1659 111 30 under

276 1715 132 31 sådana
429 1715 246 30 förhållanden
696 1713 187 41 uppehålla
904 1714 261 29 kontinuiteten
1184 1713 12 29 i
1217 1712 142 30 arbetet.
1383 1711 77 30 Med
1481 1711 68 29 den
1571 1709 203 30 nuvarande

274 1767 144 39 knappa
440 1764 449 41 personalorganisationen
914 1764 65 29 har
1003 1762 247 31 rättssökande
1275 1762 11 29 i
1311 1761 177 39 åtskilliga
1514 1760 63 30 fall
1603 1759 91 30 måst
1720 1768 56 21 av-

274 1817 95 30 visas
385 1817 64 29 och
467 1817 109 29 anlita
594 1815 131 30 ombud
741 1815 44 39 på
803 1816 102 33 orter,
925 1823 75 21 som
1019 1814 107 39 ligger
1144 1812 143 30 utanför
1305 1812 194 29 anstaltens
1516 1810 259 30 verksamhets-

276 1867 153 35 område,
447 1866 78 30 med
545 1866 109 30 därav
673 1864 157 40 följande
849 1864 301 40 utgiftsökningar
1170 1863 54 30 för
1243 1862 219 30 statsverket.
1483 1861 67 29 Vid
1570 1860 69 30 alla
1657 1859 119 39 övriga

276 1916 381 40 rättshjälpsanstalter
675 1916 11 29 i
705 1915 90 30 riket
828 1933 44 3 —
890 1916 87 28 även
993 1914 58 29 vid
1072 1914 82 29 dem
1170 1922 76 20 som
1262 1913 64 29 har
1345 1914 50 27 att
1413 1910 140 31 biträda
1571 1910 11 29 i
1600 1910 94 30 färre
1714 1909 61 29 fall

276 1969 45 28 än
335 1967 237 30 Tornedalens
589 1967 130 29 anstalt
733 1984 45 3 —
792 1965 117 30 finnes
926 1965 107 29 minst
1050 1964 58 30 två
1124 1963 145 40 jurister
1285 1961 184 31 anställda.
1487 1962 76 29 Den
1580 1969 69 30 nya
1665 1959 110 40 tjäns-

277 2019 57 28 ten
355 2027 102 20 anses
475 2017 85 30 böra
580 2017 96 39 givas
697 2018 98 28 extra
815 2015 175 30 ordinarie
1010 2014 169 30 karaktär
1200 2013 64 30 och
1284 2013 157 40 placeras
1461 2012 12 28 i
1494 2010 213 40 lönegraden
1728 2009 47 29 Ae

275 2068 52 30 21.
346 2068 164 39 Anslaget
526 2067 205 40 uppräknas
749 2066 79 30 med
846 2065 189 39 anledning
1052 2065 111 29 härav
1178 2063 79 30 med
1275 2063 41 30 23
1331 2063 63 30 500
1411 2062 141 29 kronor.

319 2117 227 30 Beträffande
572 2116 399 39 omkostnadsposterna
995 2114 162 31 förordas
1181 2115 12 28 i
1217 2113 155 39 enlighet
1396 2112 79 30 med
1502 2110 273 39 anstaltsstyrel-

277 2177 81 21 sens
376 2168 130 40 förslag
525 2177 42 21 en
588 2167 224 40 uppräkning
830 2167 80 29 med
931 2166 235 39 sammanlagt
1184 2165 18 30 3
1216 2164 62 30 200
1299 2164 140 29 kronor.
1462 2162 127 31 Vidare
1610 2162 170 38 upptages

276 2227 44 20 en
339 2218 150 30 särskild
508 2220 78 37 post
606 2218 51 29 till
678 2216 268 40 kompensation
966 2216 54 30 för
1039 2215 109 40 höjda
1167 2212 393 41 folkpensionsavgifter
1581 2211 20 30 å
1619 2210 63 31 600
1701 2210 78 29 kro-

277 2277 75 21 nor.

321 2319 14 29 I
362 2317 433 40 personalförteckningen
823 2316 55 31 för
903 2316 239 30 Tornedalens
1168 2313 342 40 rättshjälpsanstalt
1538 2311 149 31 föreslås
1713 2311 64 29 den

278 2368 160 39 ändring,
465 2377 74 21 som
566 2366 199 30 föranledes
792 2376 42 20 av
858 2367 66 28 vad
950 2363 388 41 departementschefen
1363 2363 12 29 i
1401 2363 57 29 det
1485 2361 209 40 föregående
1721 2370 59 20 an-

280 2418 80 29 fört.
