1908 2848
331 169 38 30 32
678 167 127 33 Andra
822 166 253 38 lagutskottets
1092 164 190 33 utlåtande
1296 164 53 32 Nr
1371 164 51 30 34.

332 248 18 30 2
373 256 103 21 mom.
513 246 134 30 Brukas
669 244 189 32 automobil
882 244 83 30 eller
988 243 219 36 motorcykel,
1230 252 120 21 varom
1367 242 12 30 i
1397 241 40 31 34
1454 242 18 37 $
1488 240 171 35 förmäles,
1677 240 119 30 oaktat

286 299 155 31 fordonet
475 298 31 36 ej
539 299 306 30 överensstämmer
876 295 77 32 med
986 295 40 31 de
1049 295 12 30 i
1084 295 113 31 denna
1229 293 202 37 förordning
1464 292 176 37 angående
1672 291 124 32 sådant

287 351 138 31 fordons
448 350 233 31 beskaffenhet
703 350 64 30 och
790 348 202 35 utrustning
1015 346 197 32 meddelade
1236 346 224 35 föreskrifter,
1478 354 80 21 vare
1577 347 139 33 ägaren,
1733 343 63 32 där

287 404 31 36 ej
352 403 194 31 brukandet
574 403 146 30 allenast
743 403 106 34 avsåg
873 402 51 29 att
948 400 77 31 med
1048 399 189 35 anledning
1260 409 46 20 av
1329 398 109 31 under
1462 397 77 31 färd
1562 397 234 36 uppkommen

288 456 104 31 skada
413 457 21 29 å
458 455 154 31 fordonet
647 454 169 31 framföra
839 453 91 31 detta
953 453 56 30 till
1033 453 153 30 närmast
1209 452 145 35 belägna
1377 451 91 35 plats
1491 450 53 31 för
1567 449 148 31 skadans
1738 458 59 21 av-

288 507 184 37 hjälpande
505 509 89 29 samt
626 507 177 36 uppenbar
834 506 76 30 fara
942 505 30 36 ej
1007 515 63 20 var
1093 503 139 32 därmed
1256 503 153 35 förenad,
1435 502 162 31 förfallen
1620 501 57 31 till
1701 501 96 30 böter

288 560 81 31 från
390 560 62 31 och
476 559 76 31 med
574 560 48 30 tio
645 559 57 30 till
725 558 63 31 och
811 557 77 31 med
912 556 207 32 femhundra
1142 556 138 30 kronor.

331 612 70 37 Lag
425 622 132 21 samma
580 621 91 25 vare,
695 621 57 21 om
776 611 112 36 någon
904 610 129 30 brukar
1048 609 178 36 släpvagn,
1244 618 71 20 som
1332 608 75 30 icke
1422 607 55 31 till
1495 607 54 30 sin
1565 604 233 32 beskaffenhet

287 665 83 30 eller
393 664 201 36 utrustning
617 664 308 30 överensstämmer
948 662 76 31 med
1048 661 67 31 vad
1139 661 12 30 i
1176 661 40 30 22
1241 661 17 37 $
1283 662 17 29 1
1325 669 103 21 mom.
1453 661 40 29 är
1516 658 216 32 föreskrivet.

333 719 19 29 3
375 727 105 21 mom.
521 717 74 30 Har
629 718 104 34 ägare
757 715 12 31 i
794 715 72 36 fall,
891 725 72 20 som
987 715 13 29 i
1024 715 17 30 1
1066 714 82 30 eller
1183 714 8 29 2
1216 722 103 22 mom.
1344 722 106 25 avses,
1475 711 164 36 iakttagit
1662 709 68 32 vad
1754 710 43 35 på

289 769 123 31 honom
446 769 201 31 ankommer
679 768 55 31 till
768 766 247 32 förhindrande
1047 776 44 21 av
1122 765 174 31 fordonets
1327 764 191 35 brukande,
1549 773 84 21 vare
1655 763 72 30 han
1751 761 46 31 fri

290 822 78 30 från
390 831 135 21 ansvar.

334 875 18 29 4
375 883 105 22 mom.
517 873 72 31 Har
613 872 169 36 förseelse,
808 882 117 20 varom
941 872 13 30 i
972 873 18 29 1
1007 871 83 30 eller
1117 871 6 30 2
1141 880 103 20 mom.
1261 872 88 33 sägs,
1366 869 99 35 skett,
1481 868 63 31 och
1559 867 87 36 ägde
1662 867 137 30 föraren

289 926 141 36 vetskap
453 935 55 21 om
531 925 55 31 det
609 924 124 32 hinder
757 925 53 30 för
834 923 173 31 fordonets
1030 921 188 37 brukande,
1235 932 71 21 som
1323 921 140 36 förelåg,
1481 929 82 22 vare
1579 919 133 36 jämväl
1728 918 70 31 han

289 978 161 31 förfallen
473 977 55 31 till
551 977 40 31 de
614 977 105 36 böter,
743 986 73 21 som
840 976 12 30 i
875 975 151 31 nämnda
1049 976 152 30 moment
1225 974 52 31 för
1301 973 155 31 förseelse
1479 975 60 28 äro
1561 971 173 36 stadgade.

332 1030 175 31 Brukades
530 1029 269 31 motorfordonet
821 1038 46 21 av
889 1029 125 34 någon,
1038 1037 72 21 som
1132 1027 110 35 enligt
1266 1026 18 30 6
1306 1026 84 30 eller
1406 1026 18 31 7
1441 1026 19 37 $
1476 1025 12 30 i
1505 1025 100 36 lagen
1621 1022 178 37 angående

290 1082 224 36 ansvarighet
537 1082 53 30 för
612 1081 107 31 skada
743 1082 12 29 i
778 1080 85 36 följd
887 1090 45 21 av
956 1079 292 32 automobiltrafik
1272 1080 40 29 är
1335 1078 56 31 till
1416 1076 188 37 utgivande
1619 1086 45 20 av
1680 1076 120 31 ersätt-

290 1135 85 36 ning
409 1135 53 30 för
494 1134 105 31 skada
632 1133 199 37 förpliktad,
860 1132 99 36 skall,
983 1133 13 29 i
1019 1134 144 34 ägarens
1186 1131 111 35 ställe,
1321 1130 105 31 sådan
1451 1129 149 31 brukare
1623 1138 87 21 vara
1734 1128 65 30 för-

292 1187 106 31 fallen
421 1187 56 30 till
501 1196 136 26 ansvar,
662 1195 121 22 varom
807 1186 12 29 i
844 1187 17 29 1
886 1185 83 30 eller
994 1186 18 29 2
1036 1194 101 21 mom.
1162 1185 86 34 sägs.

1001 1304 40 30 39
1065 1304 27 37 $.

337 1376 102 31 Förer
462 1377 114 35 någon
600 1375 190 31 automobil
813 1375 82 30 eller
911 1373 219 37 motorcykel,
1147 1382 121 21 varom
1285 1372 13 30 i
1314 1372 40 30 34
1371 1373 18 37 $
1405 1373 88 34 sägs,
1509 1371 83 30 eller
1608 1370 194 36 traktortåg

294 1431 84 29 utan
411 1430 52 30 att
498 1438 85 21 vara
615 1426 193 37 berättigad
841 1426 56 31 till
929 1425 142 31 förande
1093 1435 44 21 av
1162 1424 158 31 fordonet
1342 1424 83 30 eller
1449 1423 228 36 traktortåget
1700 1423 12 30 i
1737 1422 65 30 den

294 1481 112 36 trafik,
437 1490 121 22 varom
581 1480 99 36 fråga
704 1482 50 33 är,
778 1479 83 31 eller
884 1479 170 35 företager
1077 1479 113 34 någon
1213 1476 297 36 övningskörning
1534 1477 85 29 utan
1642 1476 52 30 att
1717 1484 86 21 vara

292 1534 120 31 därtill
446 1532 202 37 berättigad,
684 1532 136 31 straffes
842 1531 77 31 med
943 1531 95 30 böter
1062 1530 77 31 från
1163 1529 62 31 och
1250 1528 75 31 med
1348 1527 188 32 etthundra
1559 1528 56 30 till
1638 1527 63 31 och
1725 1526 77 31 med

294 1587 131 30 ettusen
449 1586 134 30 kronor.

338 1638 69 31 Till
429 1637 182 32 enahanda
633 1647 130 21 ansvar
786 1638 60 34 gör
869 1635 52 36 sig
945 1645 107 20 envar
1068 1634 174 35 förfallen,
1260 1633 118 31 vilken
1394 1633 113 31 såsom
1523 1632 113 31 förare
1652 1642 44 20 av
1713 1640 91 22 ovan

296 1692 120 30 nämnt
440 1689 233 32 motorfordon
697 1689 84 31 eller
805 1688 192 35 traktortåg
1020 1687 164 31 anställer
1207 1686 62 31 och
1293 1686 130 30 brukar
1446 1684 76 37 den,
1539 1694 72 21 som
1629 1684 76 31 icke
1720 1686 84 33 äger

297 1745 69 29 rätt
387 1744 51 30 att
461 1743 75 30 föra
559 1741 234 32 motorfordon
812 1741 81 30 eller
910 1740 192 36 traktortåg
1118 1749 45 21 av
1180 1738 56 31 det
1251 1739 75 36 slag
1343 1738 81 31 eller
1440 1738 12 30 i
1469 1737 65 31 den
1550 1736 114 36 trafik,
1681 1745 123 22 varom

296 1796 97 36 fråga
427 1798 48 33 är,
504 1797 163 28 ävensom
690 1794 123 35 förare,
837 1793 118 30 vilken
979 1792 108 31 under
1111 1791 78 31 färd
1213 1790 218 31 överlämnar
1455 1791 36 29 åt
1513 1799 117 21 annan
1653 1790 52 29 att
1727 1788 77 30 föra

297 1847 267 31 motorfordonet
597 1846 81 31 eller
712 1847 51 30 att
796 1846 153 35 företaga
981 1844 300 36 övningskörning
1308 1844 84 29 utan
1416 1843 52 30 att
1490 1842 109 30 denne
1622 1843 38 28 är
1684 1840 120 31 därtill

297 1899 203 36 berättigad.

340 1951 63 32 Om
427 1953 122 34 någon,
580 1961 73 20 som
676 1950 75 31 icke
775 1952 85 28 utan
882 1948 227 32 användande
1132 1958 44 20 av
1200 1948 74 35 glas
1297 1947 145 30 innehar
1465 1946 203 36 synskärpa,
1692 1954 73 21 som
1791 1944 11 30 i

299 2006 40 30 14
363 2005 17 38 $
403 2005 18 30 2
446 2014 102 21 mom.
572 2004 34 37 b)
629 2005 88 34 sägs,
752 2002 208 35 underlåter,
992 2002 51 30 att
1074 2000 60 31 vid
1166 1999 233 31 framförande
1422 2009 44 20 av
1490 1997 233 31 motorfordon
1746 2007 59 20 an-

300 2056 112 31 vända
434 2056 126 36 nödiga
584 2056 83 36 glas,
692 2055 119 31 oaktat
833 2054 87 31 hans
936 2053 195 37 skyldighet
1147 2052 216 31 härutinnan
1378 2051 180 31 anmärkts
1573 2051 21 30 å
1609 2050 54 30 för
1679 2050 126 30 honom

300 2109 151 31 utfärdat
475 2108 150 35 körkort,
649 2117 83 21 vare
756 2107 69 30 han
848 2106 163 31 förfallen
1034 2106 54 30 till
1112 2105 97 30 böter
1231 2104 80 31 från
1335 2104 60 30 och
1420 2103 78 31 med
1514 2103 48 30 tio
1579 2102 55 31 till
1650 2102 62 30 och
1728 2101 77 30 med

300 2160 206 32 femhundra
528 2160 135 31 kronor.

343 2211 212 33 Åsidosätter
589 2212 75 35 den,
698 2222 72 21 som
806 2211 169 35 företager
1008 2209 309 37 övningskörning,
1352 2207 201 31 annorledes
1584 2208 45 28 än
1657 2207 13 30 i
1697 2206 109 30 första

300 2266 130 35 stycket
452 2267 79 34 sägs
554 2264 262 32 föreskrifterna
839 2264 13 30 i
876 2262 40 32 13
940 2264 18 37 $
982 2264 18 30 1
1025 2272 102 21 mom.
1151 2261 84 31 eller
1258 2262 45 35 på
1326 2260 112 37 grund
1459 2270 43 20 av
1521 2268 132 22 samma
1669 2259 136 35 lagrum

302 2318 169 31 meddelat
494 2317 133 35 förbud,
650 2317 76 31 böte
750 2316 80 31 från
854 2316 61 30 och
939 2315 77 31 med
1040 2316 47 30 tio
1110 2314 55 31 till
1190 2313 62 31 och
1277 2313 77 31 med
1378 2311 207 32 femhundra
1608 2311 137 31 kronor.
