1906 2846
329 182 41 30 70
646 180 125 33 Andra
803 180 254 37 lagutskottets
1087 179 186 32 utlåtande
1305 179 52 31 Nr
1380 178 51 31 34.

286 259 283 34 sakkunskapen.
610 258 120 31 Under
750 258 129 31 sådant
900 258 224 30 förhållande
1145 256 150 31 tvekade
1315 255 210 31 kommittén
1545 254 77 31 icke
1641 256 53 29 att
1716 254 69 30 för-

286 302 88 31 orda
392 304 50 28 ett
459 301 370 36 upplysningsarbete,
847 311 74 21 som
937 303 80 33 toge
1034 300 92 31 sikte
1143 301 46 34 på
1204 302 55 28 att
1277 300 62 30 hos
1358 299 73 30 alla
1449 298 234 31 motorförare
1701 297 85 31 söka

287 346 172 35 inskärpa
479 346 96 30 detta
596 345 65 31 och
680 347 53 29 att
752 345 63 31 hos
836 345 79 31 dem
934 345 84 30 söka
1037 344 115 30 väcka
1172 344 149 30 intresse
1343 343 56 30 för
1417 344 54 29 att
1492 341 171 36 frivilligt
1683 342 103 30 avstå

287 390 84 30 från
391 389 101 35 varje
510 389 91 30 bruk
621 399 45 20 av
686 388 216 36 rusdrycker
921 387 111 32 under
1051 387 111 32 sådan
1181 387 53 31 tid
1252 388 54 29 att
1326 385 328 32 trafiksäkerheten
1674 385 112 30 därav

286 433 119 31 kunde
423 433 71 31 lida
512 433 121 31 skada.
671 432 70 31 Vid
759 431 264 36 övervägandet
1041 442 45 19 av
1104 431 58 30 det
1180 430 228 36 lämpligaste
1426 431 106 29 sättet
1550 431 52 28 att
1619 428 168 36 bibringa

286 477 74 29 alla
381 476 383 31 motorfordonsförare
786 475 109 36 nödig
918 475 109 31 insikt
1050 474 222 31 härutinnan
1294 474 92 30 hade
1407 472 210 31 kommittén
1639 471 148 31 kommit

287 520 58 31 till
368 521 67 30 den
457 519 289 36 uppfattningen,
769 521 54 29 att
845 528 44 21 en
914 518 272 35 »Handledning
1209 518 12 30 i
1243 517 294 35 alkoholfrågan»
1563 515 105 31 borde
1691 517 96 29 utar-

287 564 101 30 betas
411 563 63 31 och
497 563 144 36 utgivas
665 564 45 35 på
733 564 136 29 statens
892 561 194 32 bekostnad
1110 561 64 31 och
1194 562 55 30 att
1273 560 116 31 denna
1413 559 243 36 handledning
1680 559 108 30 borde

288 607 140 31 utdelas
459 607 55 31 till
544 607 73 30 alla
638 607 208 30 nuvarande
867 606 64 31 och
951 605 167 31 blivande
1139 604 383 31 motorfordonsförare
1544 606 167 28 ävensom
1733 601 55 32 till

288 650 72 31 alla
386 651 87 35 dem,
497 661 73 20 som
593 650 90 31 hade
707 652 52 29 att
784 650 140 30 utbilda
948 649 63 31 och
1033 651 112 34 pröva
1170 648 100 31 dessa
1294 648 86 31 eller
1404 649 108 29 utöva
1536 646 146 36 uppsikt
1706 648 82 28 över

288 695 169 30 trafiken.
500 694 161 30 Givetvis
682 694 113 30 måste
817 693 129 31 därvid
968 693 56 30 det
1045 693 127 29 kravet
1194 692 210 35 uppställas,
1425 693 53 28 att
1498 690 291 35 handledningen

288 738 229 31 utarbetades
544 748 46 20 av
617 739 46 34 på
691 736 160 32 området
879 737 83 30 fullt
990 736 227 35 sakkunniga
1245 737 92 29 samt
1365 733 219 37 granskades
1611 733 64 31 och
1704 733 84 30 fast-

288 781 147 32 ställdes
457 791 43 21 av
524 780 400 36 statsmyndigheterna.
967 779 222 31 Kommittén
1211 779 133 35 ansåge
1366 777 207 36 emellertid,
1595 779 53 28 att
1672 786 43 21 en
1737 778 52 29 ut-

289 825 146 36 delning
476 835 43 20 av
553 834 43 21 en
628 824 99 36 dylik
758 823 245 36 handledning
1025 823 75 31 icke
1123 822 125 31 enbart
1268 832 85 20 vore
1375 821 197 36 tillräcklig
1596 821 55 30 för
1673 820 116 31 åstad-

287 868 228 31 kommandet
545 878 46 20 av
620 878 43 20 en
692 868 153 30 effektiv
873 867 162 35 kunskap
1066 876 55 20 om
1150 866 205 31 alkoholens
1385 865 227 35 verkningar.
1661 863 128 31 Därest

288 912 281 31 statsmakterna
594 910 126 32 ställde
744 911 114 30 medel
884 911 56 30 till
964 910 213 36 förfogande
1203 909 54 30 för
1283 909 128 31 sådant
1436 908 176 35 ändamål,
1637 909 38 29 så
1700 906 89 32 hade

292 955 42 31 de
352 956 106 30 också
475 955 108 30 redan
604 965 45 20 av
668 954 95 31 detta
782 954 79 31 skäl
878 956 73 28 rätt
968 955 53 29 att
1041 952 106 32 ställa
1163 952 58 32 det
1240 952 194 35 anspråket
1453 953 45 34 på
1516 950 274 35 vederbörande,

287 1001 55 29 att
368 999 43 30 de
435 998 103 31 också
562 998 138 36 styrkte
725 998 53 36 sig
805 998 95 30 hava
924 997 177 30 inhämtat
1127 996 67 31 den
1218 996 218 30 elementära
1461 995 229 35 upplysning,
1716 1004 73 21 som

290 1042 290 35 handledningen
621 1043 131 34 avsåge
784 1044 53 28 att
868 1041 167 35 bibringa
1067 1040 87 31 dem.
1195 1039 83 31 Men
1297 1039 181 31 dessutom
1500 1048 81 21 vore
1602 1040 50 29 ett
1674 1037 116 36 dylikt

290 1086 93 30 krav
410 1085 266 36 ofrånkomligt,
703 1095 56 20 om
786 1085 188 31 samhället
1001 1087 46 32 på
1074 1083 284 36 upplysningens
1386 1085 69 33 väg
1481 1082 85 30 ville
1593 1081 199 31 motarbeta

291 1129 271 35 trafikolyckor,
584 1138 74 21 som
678 1139 82 20 vore
781 1128 173 31 beroende
975 1138 44 20 av
1041 1127 282 31 alkoholbruket.
1364 1126 223 30 Kommittén
1607 1124 86 32 ville
1713 1125 78 31 där-

290 1172 55 31 för
367 1173 138 35 påyrka
527 1182 43 21 en
593 1173 111 30 sådan
726 1172 246 31 bestämmelse
994 1172 12 30 i
1028 1169 532 36 motorfordonsförordningen,
1582 1168 208 36 varigenom

290 1216 205 36 skyldighet
516 1216 189 36 stadgades
727 1217 53 29 för
802 1215 104 36 varje
925 1215 154 31 sökande
1099 1225 45 20 av
1164 1214 146 31 körkort
1330 1215 54 29 att
1405 1213 124 35 styrka
1551 1212 53 36 sig
1625 1212 94 30 hava
1739 1212 50 29 in-

287 1260 140 31 hämtat
467 1259 130 36 nödiga
626 1259 203 35 kunskaper
860 1269 55 20 om
943 1258 206 31 alkoholens
1179 1257 228 35 verkningar.
1447 1256 222 35 Lämpligast
1689 1255 100 31 torde

289 1304 98 31 detta
406 1304 120 30 kunna
547 1303 59 31 ske
627 1311 125 28 genom
771 1302 203 31 företeende
994 1312 44 20 av
1059 1302 99 30 bevis
1178 1311 55 20 om
1252 1302 53 29 att
1326 1299 263 32 vederbörande
1610 1299 177 31 inhämtat

288 1347 68 32 den
377 1347 238 34 minimikurs,
637 1356 74 21 som
732 1346 197 30 innehölles
950 1345 12 30 i
983 1344 300 36 handledningen.
1325 1343 140 31 Kravet
1486 1344 45 35 på
1553 1343 41 31 de
1616 1342 173 31 sökandes

290 1391 163 35 kunskap
476 1391 12 30 i
511 1390 277 35 alkoholfrågan
812 1389 109 30 borde
945 1388 169 36 inryckas
1137 1388 12 30 i
1174 1387 257 35 förordningen
1456 1396 56 21 om
1536 1386 253 35 motorfordon,

292 1444 82 20 men
395 1434 56 31 det
473 1434 107 30 borde
601 1432 187 36 samtidigt
808 1432 206 35 uppdragas
1036 1433 37 29 åt
1095 1431 134 35 Kungl.
1250 1430 110 36 Maj:t
1382 1432 54 29 att
1457 1431 46 35 på
1524 1429 271 31 administrativ

291 1480 72 34 väg
383 1478 205 35 bestämma,
608 1477 45 35 på
672 1476 70 31 vad
762 1478 71 29 sätt
854 1475 64 31 och
937 1476 12 30 i
967 1475 121 30 vilken
1107 1474 220 35 omfattning
1346 1473 224 37 prövningen
1590 1473 114 31 skulle
1723 1472 69 32 ske.

292 1521 123 31 Skulle
442 1521 57 31 det
524 1530 105 21 anses
656 1519 277 37 genomförbart,
960 1518 106 31 borde
1093 1521 91 27 även
1212 1518 54 30 för
1292 1517 210 31 nuvarande
1528 1517 264 30 körkortsinne-

293 1566 135 30 havare
446 1565 144 34 stadgas
608 1563 205 36 skyldighet
831 1564 53 29 att
903 1562 95 30 inom
1015 1562 74 30 viss
1108 1562 53 30 tid
1178 1561 121 31 skaffa
1318 1561 55 36 sig
1392 1560 103 36 intyg
1514 1570 56 21 om
1588 1560 204 35 kunskaper

292 1609 11 30 i
328 1603 133 41 frågan
485 1618 55 20 om
564 1607 206 31 alkoholens
792 1606 231 35 verkningar.
1067 1605 222 31 Kommittén
1313 1604 91 31 hade
1428 1604 124 31 vidare
1576 1604 80 31 haft
1681 1603 111 31 under

291 1652 237 35 omprövning
554 1651 96 30 olika
676 1649 135 37 förslag
837 1649 228 31 beträffande
1089 1649 69 31 den
1183 1648 228 36 lämpligaste
1436 1648 183 30 instansen
1645 1647 55 31 för
1726 1647 66 31 den

292 1696 218 35 ifrågasatta
526 1694 233 36 prövningen.
797 1693 162 31 Givetvis
974 1692 89 31 hade
1080 1693 57 30 det
1154 1692 96 31 varit
1266 1692 172 30 önskvärt
1456 1693 51 29 att
1523 1711 40 2 —
1579 1693 114 29 såsom
1710 1691 83 30 från

291 1749 43 21 en
357 1740 56 31 del
434 1740 74 30 håll
529 1738 174 36 påyrkats
723 1757 40 3 —
783 1737 142 36 intyget
946 1747 55 20 om
1023 1735 432 32 motorfordonsförarnas
1476 1735 164 35 kunskap
1663 1735 12 30 i
1697 1734 94 31 alko-

291 1783 194 35 holfrågan
506 1782 210 31 utfärdades
738 1792 45 20 av
805 1780 215 36 exempelvis
1042 1780 353 35 provinsialläkarna
1418 1779 85 30 eller
1525 1789 44 20 av
1592 1779 123 34 andra,
1738 1778 54 30 be-

292 1827 184 30 träffande
521 1826 99 30 vilka
653 1835 82 21 man
768 1825 119 31 kunde
921 1824 93 31 hava
1038 1823 165 36 grundad
1226 1822 195 37 anledning
1447 1823 202 34 förutsätta,
1673 1824 53 29 att
1751 1821 41 31 de

291 1870 119 35 själva
432 1880 83 20 vore
540 1870 12 30 i
575 1868 195 37 besittning
795 1879 46 20 av
865 1868 41 30 de
932 1867 312 35 förutsättningar.
1269 1877 74 20 som
1366 1876 85 21 vore
1474 1866 237 35 erforderliga
1736 1865 55 30 för

289 1923 42 21 en
348 1913 104 36 dylik
472 1914 83 30 fullt
575 1912 203 36 sakkunnig
797 1911 188 36 prövning.
1025 1911 55 31 Då
1099 1909 198 32 emellertid
1317 1920 43 21 en
1381 1910 111 31 sådan
1512 1909 201 35 anordning
1733 1909 55 30 för

288 1957 58 31 det
376 1956 225 31 närvarande
630 1956 99 31 torde
756 1957 97 29 möta
882 1954 233 36 svårigheter,
1144 1954 90 31 hade
1263 1954 42 30 de
1333 1953 228 36 sakkunniga
1589 1954 117 30 ansett
1735 1952 54 36 sig

289 2000 87 31 böra
404 2000 139 35 föreslå,
569 2001 53 29 att
649 1999 223 35 prövningen
898 1998 201 31 tillsvidare
1126 1996 200 36 uppdroges
1353 1998 37 29 åt
1416 1996 374 36 bilbesiktningsmän-

291 2053 78 26 nen,
392 2043 96 31 vilka
508 2043 111 31 redan
640 2052 48 21 nu
708 2042 89 31 hade
818 2044 54 29 att
892 2044 110 33 pröva
1022 2041 285 31 vederbörandes
1326 2041 206 35 kompetens
1553 2040 12 30 i
1585 2040 126 35 övriga
1731 2050 59 20 av-

290 2086 161 32 seenden.
495 2086 64 31 Att
584 2086 66 30 här
674 2085 83 36 nöja
782 2086 55 35 sig
862 2084 79 31 med
965 2086 49 30 ett
1039 2085 104 35 intyg
1167 2095 46 19 av
1239 2084 229 35 »trovärdiga
1493 2094 185 25 personer»
1704 2084 86 30 eller

288 2140 46 20 av
362 2129 390 37 polismyndigheterna
779 2129 188 36 angående
993 2128 281 31 vederbörandes
1301 2128 206 35 kompetens
1534 2127 12 30 i
1573 2126 217 32 alkoholfrå-

290 2182 71 26 gan
384 2173 117 32 kunde
525 2173 155 36 givetvis
703 2173 31 35 ej
759 2172 142 31 komma
924 2172 12 30 i
960 2172 114 35 fråga.
1117 2172 68 30 Det
1206 2171 107 31 borde
1336 2171 146 35 stadgas
1505 2170 205 36 skyldighet
1734 2170 55 31 för

289 2217 432 36 bilbesiktningsmännen
740 2217 54 30 att
815 2217 46 34 på
882 2217 80 34 sätt,
981 2215 134 36 Kungl.
1136 2214 109 36 Maj:t
1266 2217 168 28 närmare
1455 2214 189 36 bestämde,
1665 2214 124 36 styrka

289 2261 57 31 sin
367 2261 206 35 kompetens
594 2262 54 29 att
669 2260 197 30 verkställa
888 2269 49 21 nu
958 2259 218 36 ifrågasatta
1196 2258 189 37 prövning.
1427 2258 55 30 En
1502 2258 57 31 del
1582 2268 46 20 av
1650 2258 42 31 de
1712 2257 77 31 kör-

288 2305 118 31 skolor
432 2305 55 30 för
510 2304 206 35 utbildning
739 2313 46 21 av
809 2302 169 31 blivande
1001 2302 245 35 motorförare,
1270 2311 74 21 som
1368 2302 181 35 inrättats,
1572 2301 101 36 hade,
1697 2301 91 31 efter

286 2348 72 31 vad
381 2358 74 21 som
476 2348 205 35 meddelats,
704 2347 145 30 beaktat
873 2346 121 30 vikten
1017 2356 55 24 av,
1093 2347 54 29 att
1170 2344 165 31 eleverna
1358 2345 71 30 fått
1450 2346 118 35 någon
1590 2345 199 30 kännedom

287 2401 57 20 om
367 2391 290 31 alkoholbrukets
679 2390 113 31 risker
817 2390 55 30 för
896 2389 113 35 yrket.
1053 2389 68 30 Det
1144 2398 84 21 vore
1250 2390 51 29 ett
1324 2388 140 36 rimligt
1485 2388 100 36 krav,
1608 2390 53 29 att
1683 2389 106 30 samt-

288 2435 76 36 liga
383 2435 183 30 körskolor
586 2434 120 30 ålades
725 2435 53 29 att
797 2452 40 3 —
856 2433 12 30 i
886 2432 69 31 den
974 2433 83 29 mån
1078 2431 227 36 sakkunniga
1324 2432 120 30 lärare
1465 2432 128 30 funnes
1612 2433 52 30 att
1685 2431 105 36 tillgå

286 2498 40 3 —
347 2478 160 31 meddela
529 2478 116 30 elever
657 2487 37 21 sia
715 2476 164 35 kunskap
902 2476 12 30 i
935 2475 285 35 alkoholfrågan.
1263 2475 253 31 Kostnaderna
1537 2475 125 30 härför
1683 2475 107 30 borde

287 2521 177 32 bestridas
489 2532 44 20 av
559 2519 212 33 statsmedel.
817 2519 175 31 Närmare
1017 2518 264 31 bestämmelser
1307 2528 56 20 om
1390 2518 114 32 denna
1530 2518 259 35 undervisning
