1878 2812
588 141 263 28 Statsutskottets
873 142 166 28 utlåtande
1062 151 39 19 nr
1122 143 49 28 53.
1603 142 37 31 13

803 305 61 39 Nr
895 305 64 41 53.

542 406 129 28 Ankom
695 407 49 27 till
768 407 188 38 riksdagens
980 408 106 28 kansli
1110 409 62 27 den
1198 409 36 27 14
1259 418 85 19 mars
1370 409 78 28 1944
1473 409 40 28 kl.
1541 410 13 27 1
1580 419 58 19 em.

451 489 192 37 Utlåtande
670 490 14 36 i
711 491 194 49 anledning
934 505 44 23 av
1008 493 133 48 Kungl.
1169 493 126 48 Maj:ts
1323 493 224 48 proposition
1576 506 62 23 an-

543 550 138 49 gdende
710 552 128 48 anslag
865 552 54 35 till
930 552 153 47 fortsatt
1102 553 224 49 anläggning
1347 566 44 23 av
1411 554 225 47 dubbelspår.

1417 612 59 41 (4:e
1500 612 86 42 avd.)

185 674 19 31 I
237 675 263 41 propositionen
533 687 42 20 nr
600 678 15 29 1
651 677 61 31 har
735 678 125 41 Kungl.
885 678 96 42 Maj:t
1005 681 19 29 å
1046 679 305 42 kapitalbudgeten
1375 680 109 31 under
1507 682 132 30 statens

134 724 328 33 affärsverksfonder
494 726 124 42 (bilaga
650 729 29 37 4,
704 728 110 41 punkt
848 729 48 37 20,
922 740 25 21 s.
971 730 124 31 39—41
1120 741 41 20 av
1184 730 110 41 bilagt
1327 730 123 42 utdrag
1477 742 40 20 av
1541 733 98 29 stats-

133 775 292 42 rådsprotokollet
457 778 81 30 över
571 777 468 35 kommunikationsärenden
1075 780 53 32 för
1150 781 66 31 den
1239 783 21 29 4
1281 781 133 41 januari
1439 781 92 42 1944)
1553 781 84 32 före-

134 826 103 41 slagit
269 826 183 43 riksdagen
486 830 51 29 att
572 828 53 32 till
657 829 156 33 Fortsatt
836 830 207 42 anläggning
1065 842 41 20 av
1129 831 212 42 dubbelspår
1363 832 52 31 för
1437 832 203 41 budgetåret

135 876 137 33 1944/45
295 878 118 31 anvisa
436 880 49 30 ett
506 878 351 44 investeringsanslag
880 892 40 20 av
944 882 113 31 10000
1069 882 63 32 000
1153 882 136 32 kronor.

186 928 127 41 Kungl.
338 928 98 42 Maj:t
457 929 62 31 har
543 930 193 32 sedermera
758 931 12 31 i
793 932 264 41 propositionen
1081 944 41 19 nr
1146 934 69 37 117,
1239 933 110 31 under
1365 933 217 41 åberopande
1598 944 41 20 av

132 978 109 42 bilagt
274 979 123 41 utdrag
430 991 40 20 av
498 981 381 42 statsrådsprotokollet
902 984 80 30 över
1004 983 468 32 kommunikationsärenden
1495 984 54 31 för
1571 984 66 31 den

133 1029 40 31 25
194 1029 151 31 februari
381 1030 89 39 1944,
494 1031 79 31 med
596 1032 231 32 återkallande
850 1044 40 20 av
913 1033 214 31 ovannämda
1149 1034 12 31 i
1185 1034 452 42 statsverkspropositionen

131 1080 213 32 framställda
366 1080 128 42 förslag
515 1082 178 42 föreslagit
714 1083 182 42 riksdagen
913 1086 50 29 att
979 1084 53 31 till
1048 1084 155 31 Fortsatt
1219 1085 207 41 anläggning
1442 1096 39 20 av
1498 1085 140 32 dubbel-

132 1132 80 40 spår
233 1133 20 29 å
274 1132 307 42 kapitalbudgeten
614 1133 110 31 under
758 1133 139 32 Statens
926 1134 337 39 affärsverksfonder,
1289 1134 139 33 Statens
1448 1136 188 40 järnvägar,

131 1181 119 32 anvisa
272 1182 75 32 dels
371 1185 19 29 å
413 1183 209 42 tilläggsstat
644 1183 39 32 II
705 1184 53 31 till
781 1184 185 32 riksstaten
989 1185 53 31 för
1057 1185 204 41 budgetåret
1278 1186 137 39 1943/44
1430 1188 48 29 ett
1494 1186 144 32 investe-

130 1232 217 42 ringsanslag
369 1245 41 20 av
433 1234 92 31 2000
536 1234 64 32 000
626 1234 139 39 kronor;
790 1235 74 32 dels
881 1235 63 38 ock
959 1236 53 31 för
1034 1235 204 42 budgetåret
1262 1236 138 40 1944/45
1422 1238 49 30 ett
1493 1236 144 32 investe-

130 1282 217 43 ringsanslag
373 1295 40 20 av
438 1285 112 31 14000
561 1284 64 32 000
647 1285 135 32 kronor.

182 1376 18 31 I
234 1376 164 32 skrivelse
432 1377 66 32 den
534 1379 37 30 17
601 1378 149 32 februari
775 1379 82 31 1944
879 1379 60 31 har
955 1379 316 41 järnvägsstyrelsen
1293 1380 67 31 fäst
1382 1381 254 41 uppmärksam-

130 1426 103 32 heten
256 1429 45 39 på
324 1429 50 30 att
395 1428 261 32 förhållandena
678 1430 19 29 å
719 1429 327 32 arbetsmarknaden
1068 1430 12 31 i
1103 1430 71 32 viss
1198 1432 79 29 mån
1299 1431 204 38 förändrats,
1528 1425 107 38 sedan

129 1477 116 41 frågan
280 1488 55 20 om
370 1478 282 32 medelsbehovet
674 1479 53 31 till
750 1479 373 42 dubbelspårsarbeten
1146 1491 59 20 var
1227 1481 141 31 föremål
1391 1481 53 31 för
1465 1482 171 41 prövning

129 1527 11 30 i
174 1527 168 32 samband
375 1528 78 31 med
486 1528 234 42 beredningen
754 1541 41 19 av
822 1532 90 29 årets
936 1531 421 41 statsverksproposition,
1380 1531 11 31 i
1414 1531 58 32 det
1495 1533 50 30 att
1568 1532 66 31 den

128 1577 145 42 tidigare
296 1578 151 32 rådande
469 1579 133 32 bristen
626 1582 44 39 på
692 1580 206 32 arbetskraft
920 1592 45 20 nu
989 1581 170 41 betydligt
1181 1582 101 31 lättat
1306 1582 63 31 och
1392 1584 19 29 å
1433 1582 94 32 vissa
1542 1584 92 30 orter

128 1628 232 32 arbetslöshet
393 1629 52 32 till
479 1629 65 32 och
578 1630 78 32 med
689 1631 89 41 gjort
801 1631 53 41 sig
875 1631 166 41 gällande.
1089 1631 178 42 Styrelsen
1291 1632 203 39 framhåller,
1518 1635 51 29 att
1591 1633 43 31 de

128 1678 247 40 förhållanden,
393 1690 72 21 som
482 1680 127 32 hittills
625 1681 287 42 nödvändiggjort
928 1693 41 20 en
986 1682 94 32 stark
1096 1683 232 41 begränsning
1344 1695 40 20 av
1400 1683 65 32 den
1482 1683 57 32 vid
1553 1684 81 31 dub-

127 1729 322 42 belspårsarbetena
465 1731 203 41 sysselsatta
683 1732 267 42 arbetsstyrkan,
967 1744 46 19 nu
1025 1733 74 31 icke
1112 1733 116 41 längre
1242 1736 118 39 syntes
1372 1734 83 31 böra
1467 1734 165 32 tillmätas

128 1791 129 20 samma
279 1780 178 42 betydelse
481 1792 74 21 som
578 1782 145 41 tidigare
746 1783 64 31 och
833 1783 128 31 kanske
983 1783 93 31 inom
1101 1795 42 20 en
1165 1786 83 29 nära
1270 1784 138 31 framtid
1430 1784 71 32 helt
1516 1785 115 31 kunde

128 1831 131 31 lämnas
293 1833 19 29 å
336 1831 85 33 sido.
468 1832 234 41 Sammanlagt
726 1833 111 31 skulle
860 1844 140 21 numera
1023 1834 52 31 för
1097 1834 257 42 ifrågavarande
1389 1834 241 43 dubbelspårs-

128 1881 139 31 arbeten
292 1882 171 31 erfordras
486 1883 19 31 6
517 1883 63 31 000
591 1883 63 31 000
677 1887 125 27 kronor
824 1885 120 29 utöver
966 1884 65 30 vad
1055 1884 144 41 tidigare
1223 1885 153 31 anvisats
1400 1885 82 31 eller
1504 1886 126 37 äskats,

127 1931 103 31 därav
253 1932 93 31 2000
358 1932 62 31 000
442 1932 126 32 kronor
591 1935 19 28 å
633 1933 208 42 tilläggsstat
863 1934 53 31 för
930 1933 230 33 innevarande
1176 1935 170 41 budgetår
1362 1937 87 29 samt
1464 1937 19 29 4
1495 1936 63 31 000
1569 1936 62 31 000

127 1982 126 31 kronor
276 1982 53 31 för
351 1984 99 29 nästa
471 1983 178 41 budgetår.

180 2032 354 42 Departementschefen
567 2034 63 31 har
663 2034 166 41 tillstyrkt
861 2035 351 42 järnvägsstyrelsens
1245 2036 137 41 förslag,
1413 2036 117 31 varvid
1563 2037 67 31 han

127 2083 113 31 anfört
262 2083 106 32 bland
391 2086 104 29 annat
516 2084 162 41 följande.

180 2142 120 32 Under
334 2143 65 31 den
434 2145 138 29 senaste
605 2144 95 30 tiden
735 2144 70 37 har,
840 2146 113 29 såsom
977 2144 10 31 i
1012 2144 58 31 det
1103 2145 205 39 föregående
1335 2147 139 39 antytts,
1498 2146 91 39 läget
1612 2149 18 28 å

128 2185 325 31 arbetsmarknaden
476 2186 11 30 i
511 2186 71 30 viss
620 2188 77 28 mån
734 2186 183 41 undergått
955 2198 41 19 en
1033 2187 209 41 förändring,
1281 2188 271 31 karakteriserad
1590 2200 39 19 av

128 2227 157 31 minskad
319 2228 202 40 efterfrågan
556 2230 44 38 på
633 2228 205 31 arbetskraft
872 2229 62 30 och
968 2231 44 38 på
1040 2229 74 30 sina
1138 2229 68 30 håll
1231 2241 41 19 en
1296 2230 71 30 viss
1390 2230 239 31 arbetslöshet.

127 2269 53 41 En
215 2271 155 28 närmare
403 2270 218 39 redogörelse
655 2270 52 30 för
740 2270 111 30 denna
885 2270 195 40 utveckling
1114 2272 184 30 återfinnes
1321 2272 11 29 i
1355 2272 124 39 Kungl.
1513 2272 117 40 Maj:ts

127 2310 219 41 proposition
370 2322 40 18 nr
433 2312 39 29 80
495 2311 176 41 angående
694 2312 119 39 anslag
836 2311 52 31 till
912 2312 91 30 vissa
1025 2312 397 41 vägbyggnadsarbeten,
1447 2313 52 31 till
1515 2314 112 30 vilken

125 2353 57 39 Jag
215 2352 98 31 torde
347 2353 32 30 få
405 2352 150 32 hänvisa.
602 2353 154 31 Givetvis
780 2355 37 28 är
840 2354 57 30 det
920 2354 171 30 allmänna
1114 2355 391 39 arbetsmarknadsläget
1529 2357 101 37 ägnat

127 2396 50 29 att
200 2395 62 30 öva
285 2394 187 41 inflytande
496 2397 84 29 även
604 2397 44 39 på
670 2395 504 40 anläggningsverksamhetens
1199 2397 205 38 omfattning
1423 2397 56 31 vid
1497 2399 131 29 statens

126 2436 178 40 järnvägar
338 2436 64 31 och
425 2437 73 31 icke
522 2437 107 30 minst
652 2440 42 38 på
717 2437 140 31 arbeten
881 2449 40 19 av
943 2438 61 30 här
1026 2438 222 31 förevarande
1272 2440 60 30 art.
1378 2439 251 41 Dubbelspårs-
