1930 2800
314 189 41 31 22

621 186 420 37 Bevillningsutskottets
1058 183 225 33 betänkande
1301 183 53 31 Nr
1376 182 53 30 45.

320 304 120 24 Nummer

331 339 9 23 i
359 339 74 29 tyska

321 374 122 24 tulltaxan

810 335 159 24 Artiklarnas
989 334 150 28 benämning

1535 294 112 24 Tullsats
1665 294 40 23 för

1524 332 49 22 100
1591 330 125 29 kilogram

1593 365 48 22 RM

275 395 246 33 -—-—-—
584 395 3 33 =
588 395 133 33 =-=X—
743 395 120 33 ——
908 395 48 33 ——
1027 405 71 19 —
1116 395 5 33 (
1147 395 88 33 ——
1256 395 5 33 -
1265 395 174 33 ——
1516 395 197 33 nnttnoon

399 1083 49 25 109

344 1128 34 17 ur
398 1118 50 25 115

403 1727 49 25 126

406 2181 51 25 205

354 2400 34 17 ur
406 2389 51 25 219

499 460 177 27 Nötkreatur,
696 458 116 24 levande
840 474 26 4 ----

499 526 60 33 Får,
578 528 118 25 levande
722 542 344 7 =--.-essssererrrintronon
1025 522 44 41 snor
1108 544 28 2 sva
1214 541 36 5 esi
1262 540 164 5 Valik
1355 519 40 37 VARA
1399 519 31 37 NiR

499 565 73 28 Svin,
592 564 117 24 levande
726 574 728 10 -+.s--sssseosssososarsrssoreranesrrnortns
1192 557 53 40 Reser
1252 557 68 40 annen
1337 557 121 40 onndestet

499 600 77 28 Kött,
605 599 64 24 med
697 598 144 31 undantag
867 605 33 16 av
928 578 162 50 svinspäck,
1102 578 70 42 och
1180 576 98 43 ätbara
1286 576 119 42 inälvor
1423 601 33 16 av

534 635 114 23 kreatur
667 631 74 30 (med
759 633 143 30 undantag
921 639 33 16 av
972 629 131 33 fjäderfä),
1122 630 93 24 färska
1234 627 68 30 (icke
1321 626 117 56 SA

568 669 71 23 fläsk
657 668 52 24 och
729 668 97 23 ätbara
845 667 111 24 inälvor
974 673 34 17 av
1026 666 192 23 kreatur..:...:
1274 680 108 4 ssrirrrere

569 739 87 23 annat

569 806 187 29 Anmärkning.
795 804 123 23 Huvuden
943 803 45 23 och
1008 803 76 23 fötter
1104 809 30 16 av
1155 808 63 20 svin,
1239 802 99 28 tungor,
1366 800 90 29 levrar,

604 840 129 29 hjärtslag,
752 840 95 29 njurar,
866 839 193 28 mellangärden,
1073 836 109 30 mjältar,
1195 837 97 28 lungor,
1305 836 153 27 luftstrupar

606 882 30 16 av
664 876 103 22 kreatur
785 875 67 29 (med
871 874 127 28 undantag
1017 880 29 16 av
1066 870 124 32 fjäderfä),
1210 871 79 28 skola,
1309 878 38 15 om
1368 871 28 22 de
1416 870 41 22 be-

606 911 89 21 strötts
714 910 55 22 med
789 910 48 21 salt
856 909 61 22 eller
934 908 122 28 begjutits
1075 907 55 22 med
1150 906 136 23 saltvatten
1298 904 159 24 uteslutande

606 944 41 23 till
674 944 140 23 bevarande
842 944 80 22 under
940 943 170 28 transporten,
1130 940 219 29 fördragsmässigt
1368 939 89 23 tullbe-

607 979 104 23 handlas
735 979 53 22 icke
808 977 80 24 såsom
908 977 84 23 enkelt
1012 976 120 23 tillredda
1149 976 61 22 utan
1230 973 81 24 såsom
1330 974 92 23 färska.

502 1085 252 31 Svinspäck--sesotoseeserssaradk
936 1078 219 42 danendsnnnanebånaan
1159 1078 22 42 en
1204 1078 43 42 ASSÅ
1254 1078 14 42 SR
1278 1098 14 4 sR
1301 1096 27 4 KRA
1338 1096 36 4 RR
1384 1078 17 42 RN
1406 1096 50 4 KKRRA

503 1121 72 28 Fisk,
604 1102 116 42 levande
749 1100 65 43 och
821 1100 85 42 icke
916 1098 144 47 IGEREON
1068 1098 85 43 med
1160 1098 146 48 undantag
1334 1168 4 2 a
1329 1122 33 17 av
1381 1096 77 49 karp,

538 1157 101 26 sutare,
660 1154 49 29 sik,
729 1154 79 24 forell
827 1154 52 23 och
898 1153 107 31 röding,
1025 1152 81 28 färsk,
1127 1152 69 23 även
1215 1152 111 22 frusen
1358 1165 99 5 ..-----++--

539 1240 182 29 Anmärkning
734 1238 43 24 till
789 1246 34 15 nr
835 1237 146 25 115—117.
1012 1237 61 24 Fisk
1084 1237 54 30 (sill
1152 1236 126 23 därunder
1290 1234 169 30 inbegripen),

575 1282 50 16 som
654 1274 160 24 uteslutande
842 1274 41 23 till
905 1273 141 23 bevarande
1065 1273 81 22 under
1164 1271 158 29 transporten
1342 1270 42 23 till
1402 1269 59 29 tysk

574 1311 75 22 hamn
677 1310 122 23 beströtts
819 1309 55 22 med
894 1309 47 22 salt
961 1308 62 23 eller
1042 1308 119 28 begjutits
1181 1307 54 22 med
1256 1306 145 28 saltvatten,
1419 1305 41 22 be-

574 1345 104 23 handlas
698 1343 80 24 såsom
798 1344 69 22 färsk
886 1343 59 29 fisk;
964 1341 56 24 från
1040 1343 80 22 denna
1138 1341 151 28 behandling
1307 1340 153 28 undantages

574 1379 57 29 fisk,
647 1386 52 16 som
711 1380 6 22 i
728 1379 115 22 utlandet
853 1378 95 29 lagrats
957 1378 80 22 under
1047 1376 80 30 någon
1138 1375 200 24 mellanvarande
1349 1375 37 22 tid
1401 1375 60 22 eller

574 1414 178 23 underkastats
779 1412 159 31 behandling,
967 1419 52 16 som
1047 1411 43 29 går
1113 1412 89 22 utöver
1221 1410 76 28 syftet
1316 1410 37 22 att
1370 1409 92 23 bevara

575 1449 80 23 fisken
673 1449 80 22 under
771 1448 171 28 transporten.
981 1446 84 24 Såsom
1086 1446 71 28 dylik
1174 1444 97 30 lagring
1290 1451 71 17 anses
1381 1443 30 29 ej,
1426 1444 36 22 att

575 1484 80 23 fisken
682 1483 126 29 tillfälligt
835 1483 63 22 förts
922 1482 7 22 i
949 1482 58 22 land
1028 1482 39 22 för
1086 1482 37 22 att
1142 1480 98 23 beströs
1259 1480 56 22 med
1334 1479 49 23 salt
1402 1479 60 23 eller

575 1519 112 29 begjutas
706 1518 56 23 med
781 1518 135 23 saltvatten
935 1517 61 23 eller
1013 1517 39 23 för
1065 1517 37 22 att
1115 1516 126 23 omlastas.
1277 1515 112 29 Urtagen
1402 1514 61 23 eller

576 1554 185 23 sönderskuren
787 1553 70 23 färsk
885 1552 47 23 fisk
960 1552 96 29 drager,
1084 1550 30 24 då
1142 1551 47 22 den
1208 1550 94 23 införes
1321 1558 7 15 i
1348 1549 114 28 saltlake,

575 1590 29 22 de
623 1589 39 23 för
682 1589 80 23 saltad
782 1588 48 23 fisk
848 1587 129 23 bestämda
996 1587 170 22 tullsatserna.

507 1730 74 24 Flott
601 1729 53 24 och
674 1728 202 25 flottliknande
898 1729 52 23 tett
968 1726 84 30 (svin-
1072 1727 55 24 och
1146 1723 118 34 gåsflott,
1284 1728 84 53 märg,
1384 1776 8 4 «
1390 1725 73 24 oleo-

543 1765 139 30 margarin
703 1764 53 24 och
775 1765 86 22 annat
879 1762 198 25 flottliknande
1096 1760 58 30 fett)

542 1858 184 30 Anmärkning
753 1857 43 23 till
823 1865 33 15 nr
884 1857 58 24 135.
980 1856 128 29 Medgiver
1141 1855 126 29 Tyskland
1298 1854 78 28 tredje
1407 1854 58 22 land

578 1893 247 29 fördragstullsatser
844 1893 39 22 för
902 1891 81 29 någon
1002 1891 109 23 särskild
1130 1892 54 21 sort
1197 1889 63 23 hård
1280 1890 46 27 ost,
1341 1889 63 22 skall
1419 1889 46 22 der

578 1929 81 28 lägsta
686 1934 29 16 av
739 1928 72 22 dessa
831 1927 128 22 tullsatser
979 1926 126 29 tillämpas
1125 1924 31 30 på
1175 1925 91 23 svensk
1284 1924 117 23 Edamer-
1420 1923 44 23 och

580 1963 134 23 Goudaost.

546 2058 181 29 Anmärkning
746 2056 43 23 till
816 2064 33 15 nr
877 2057 57 22 171.
973 2055 49 23 Till
1046 2055 129 23 födoämne
1195 2054 88 29 tjänlig
1301 2052 166 30 vegetabilisk

581 2093 52 28 talg
659 2093 40 22 för
727 2092 185 28 framställning
940 2097 29 16 av
998 2090 125 29 margarin
1150 2090 62 22 eller
1239 2088 125 23 konstfett
1390 2088 77 28 enligt

581 2126 202 24 tillståndsbevis
803 2126 45 23 och
867 2126 79 22 under
965 2124 112 24 kontroll
1096 2131 31 16 av
1147 2124 197 28 användningen.

512 2182 139 31 Margarin
680 2178 173 33 (mjölksmör
880 2179 67 24 eller
975 2179 128 24 smörtett
1121 2177 135 25 liknande
1273 2176 193 56 beredningar,

547 2216 89 25 vilkas
655 2215 113 25 fetthalt
787 2215 61 24 icke
866 2213 181 25 uteslutande
1065 2210 126 27 erhållits
1211 2220 34 16 ur
1263 2209 119 33 mjölk)--

546 2301 183 30 Anmärkning
756 2299 44 24 til
826 2307 34 15 nr
885 2299 54 24 207
957 2299 29 23 A.
1023 2298 98 23 Härdat
1144 2298 58 22 tran
1221 2297 55 23 med
1296 2303 29 16 av
1345 2296 124 29 riksrege-

582 2336 87 29 ringen
688 2336 110 29 godkänt
816 2334 182 29 renhetsintyg.

512 2391 131 30 Närings-
669 2390 54 24 och
746 2387 247 32 njutningsmedel,
1018 2387 54 24 alla
1091 2388 63 30 slag,
1175 2387 9 23 i
1203 2386 109 24 lufttätt
1330 2385 140 24 tillslutna

546 2425 74 24 kärl:

582 2455 200 33 köttkonserver
798 2466 24 16 -.
888 2474 14 4 der
982 2474 28 4 FEN
1058 2472 10 6 I
1075 2472 111 5 USE
1228 2471 28 4 -
1312 2470 14 4 fö
1332 2450 53 33 lbbee
1404 2469 38 5 rer
1464 2470 2 2 a

582 2495 122 31 ansjovis
723 2494 52 25 och
794 2474 168 51 gaftelbitar

1438 454 73 23 för
1531 450 50 25 100
1597 453 43 30 kg.
1653 453 116 24 levande

1539 488 61 24 vikt
1619 486 76 24 16.—

1589 520 74 26 16.—

1590 556 75 24 16.—

1589 660 77 24 32.—

1590 729 75 24 37.50

1592 1077 77 24 20.—

1624 1149 38 31 fri

1601 1755 74 25 10.—

1618 2119 58 24 2.50

1619 2205 76 27 20.—

1631 2330 38 31 fri

1603 2449 77 25 40.—

1604 2483 77 26 43.—
