1914 2862
1561 178 12 7 -

479 182 396 33 Jordbruksutskottets
908 181 186 31 utlåtande
1128 181 50 30 Nr
1203 181 51 29 60.
1542 181 35 27 12

120 270 122 34 beslut,
282 269 203 35 varigenom
522 268 134 35 Kungl.
692 267 102 36 Maj:t
830 266 267 36 bemyndigades
1132 267 50 28 att
1219 264 109 31 under
1363 265 93 30 vissa
1492 264 129 30 villkor

121 321 117 31 ikläda
271 321 151 30 svenska
455 321 114 29 staten
594 319 328 35 betalningsansvar
947 318 95 30 intill
1069 317 122 35 belopp
1207 327 43 20 av
1270 316 100 35 högst
1395 317 38 29 15
1458 316 163 35 miljoner

120 373 125 30 kronor
280 373 53 29 för
368 382 113 24 varor,
514 381 74 20 som
613 370 115 31 kunde
752 371 140 29 komma
915 370 51 29 att
990 369 170 31 levereras
1184 368 56 30 till
1266 367 209 31 nödlidande
1501 367 120 30 länder

120 438 36 3 —
198 424 162 34 medgiva
398 423 133 36 Kungl.
572 422 100 35 Maj:t
715 423 69 29 rätt
821 422 51 29 att
907 421 52 30 för
999 420 226 31 undvikande
1260 429 44 20 av
1339 419 99 36 eljest
1474 418 147 31 hotande

118 475 226 30 arbetslöshet
380 475 92 29 inom
509 474 93 30 vissa
636 473 200 34 industrier,
871 475 163 27 ävensom
1070 471 56 30 till
1160 471 74 30 stöd
1265 471 54 29 för
1343 470 278 36 möjliggörande

118 537 45 19 av
200 527 122 34 export
360 535 44 20 av
440 526 94 29 vissa
572 524 387 36 jordbruksprodukter,
997 523 9 29 i
1039 522 65 30 den
1143 522 150 35 ordning
1332 522 62 30 och
1432 521 112 34 enligt
1581 521 40 29 de

119 577 164 35 grunder,
319 587 73 21 som
427 587 44 20 av
507 575 133 36 Kungl.
676 575 102 36 Maj:t
813 576 218 33 bestämmas,
1067 573 73 31 dels
1175 573 133 35 bevilja
1342 573 61 30 lån
1438 572 96 30 intill
1568 572 53 30 be-

119 629 79 35 lopp
221 639 44 20 av
290 628 148 35 tillhopa
462 628 100 34 högst
586 627 170 35 7,500,000
781 627 136 34 kronor,
941 627 50 28 att
1014 626 85 34 utgå
1123 625 79 30 från
1227 626 130 28 statens
1382 623 81 31 fond
1488 633 44 20 av
1551 633 70 20 rus-

118 680 239 36 drycksmedel
393 680 53 29 för
481 678 191 32 beredande
706 688 44 20 av
786 678 151 35 tillgång
972 677 56 30 till
1063 676 253 36 hjälpkrediter
1340 675 76 30 med
1439 675 183 30 återbetal-

119 731 157 35 ningstid
300 742 47 19 av
372 731 99 35 högst
495 731 69 30 fem
588 731 39 30 år
651 730 60 30 vid
735 730 122 35 export
880 729 56 30 till
961 728 121 31 länder
1106 728 11 29 i
1142 728 144 30 särskilt
1311 727 107 31 behov
1443 737 45 20 av
1512 726 110 31 sådan

119 782 123 35 kredit,
267 783 73 30 dels
364 782 65 31 ock
452 782 120 31 ikläda
595 782 151 30 svenska
768 782 113 30 staten
906 781 330 34 betalningsansvar
1260 779 96 30 intill
1379 780 48 29 ett
1449 788 173 21 samman-

119 835 72 34 lagt
225 834 123 36 belopp
382 844 43 20 av
461 834 170 35 7,500,000
668 834 125 30 kronor
829 833 52 30 för
905 832 121 36 dylika
1049 831 163 35 krediter,
1237 831 76 30 med
1339 832 68 29 rätt
1431 830 119 30 tillika
1573 831 50 29 att

119 886 145 35 besluta,
298 887 52 29 att
384 885 273 35 utbetalningar,
691 895 73 20 som
801 885 119 29 kunna
944 883 257 35 ifrågakomma
1223 884 45 33 på
1292 882 114 36 grund
1431 892 43 19 av
1498 881 124 31 sådant

119 938 338 35 betalningsansvar,
491 937 100 30 skola
625 937 85 34 utgå
744 936 81 30 från
860 935 153 31 nämnda
1048 934 93 35 fond,
1164 936 93 29 samt
1280 936 53 28 att
1356 933 158 31 meddela
1538 933 84 29 riks-

119 990 137 31 banken
279 990 133 30 sådana
435 988 164 35 direktiv,
623 989 51 29 att
690 986 317 37 statsgaranterade
1023 985 339 31 skuldförbindelser
1378 985 53 30 för
1447 984 176 36 beviljade

119 1041 273 36 exportkrediter
426 1041 57 30 må
519 1040 121 30 kunna
674 1049 44 20 av
754 1039 213 30 riksbanken
991 1038 143 30 belånas
1159 1038 10 29 i
1194 1037 133 30 sådana
1350 1037 75 34 fall,
1450 1036 63 30 där
1537 1037 85 29 åter-

118 1093 297 35 betalningstiden
438 1092 32 36 ej
495 1092 190 35 överstiger
709 1091 70 30 fem
803 1092 50 29 år.

162 1196 67 30 För
263 1205 86 27 egen
377 1196 53 30 del
459 1195 114 31 håller
597 1195 167 31 utskottet
788 1195 11 30 i
824 1194 111 30 likhet
959 1194 77 30 med
1061 1194 217 29 motionären
1302 1192 82 35 före,
1409 1194 52 29 att
1485 1192 138 35 möjlig-

119 1248 166 35 görandet
308 1258 44 20 av
376 1257 43 21 en
442 1247 132 31 ordnad
597 1248 122 34 export
742 1247 57 30 till
824 1246 40 31 de
889 1246 153 30 baltiska
1065 1246 154 30 staterna
1242 1246 39 29 är
1301 1254 43 20 en
1360 1243 262 36 angelägenhet,

118 1310 74 20 som
224 1300 174 35 förtjänar
420 1299 290 31 statsmakternas
735 1297 319 37 uppmärksamhet.
1101 1296 201 35 Riksdagen
1325 1296 63 30 har
1411 1296 63 30 ock
1499 1304 125 27 genom

119 1352 79 30 sina
231 1361 91 20 ovan
357 1350 232 31 omförmälda
622 1350 115 31 beslut
761 1350 188 35 ådagalagt
973 1349 61 30 sitt
1057 1349 146 30 intresse
1228 1348 54 30 för
1306 1347 112 31 denna
1441 1347 74 31 sak.
1562 1347 62 30 Att

120 1404 113 29 såsom
256 1403 217 30 motionären
498 1402 146 30 föreslår
668 1401 107 31 redan
799 1401 54 31 för
875 1401 206 34 budgetåret
1105 1399 213 31 1924—1925
1334 1399 105 30 ställa
1455 1400 49 29 ett
1520 1400 103 34 ytter-

119 1455 111 35 ligare
240 1454 124 36 belopp
375 1465 44 20 av
431 1455 40 30 10
481 1454 165 36 miljoner
657 1453 127 31 kronor
796 1453 53 30 för
862 1452 201 31 ändamålet
1075 1451 57 31 till
1143 1451 136 36 Kungl.
1288 1450 117 36 Maj:ts
1419 1450 205 36 förfogande

120 1507 70 30 kan
224 1507 168 30 utskottet
426 1505 193 32 emellertid
655 1506 75 30 icke
765 1504 191 37 tillstyrka,
991 1504 90 30 helst
1115 1513 74 21 som
1223 1503 113 36 enligt
1364 1503 68 30 vad
1456 1502 168 31 utskottet

120 1558 173 31 inhämtat
328 1568 44 20 av
407 1558 56 31 det
496 1557 151 37 tidigare
681 1557 168 31 anvisade
883 1556 159 36 anslaget
1076 1556 21 30 å
1132 1556 40 30 10
1207 1555 164 35 miljoner
1405 1555 128 30 kronor
1568 1554 56 31 till

120 1610 205 31 varukredit
341 1610 53 30 för
411 1609 219 31 närvarande
646 1610 130 30 återstå
792 1608 247 36 odisponerade
1056 1607 171 36 2,850,000
1244 1607 138 35 kronor,
1399 1607 125 31 därvid
1538 1606 85 31 dock

121 1665 38 27 är
181 1663 53 29 att
257 1662 124 30 märka
396 1663 52 29 att
464 1661 252 36 inneliggande
733 1661 240 35 ansökningar
990 1660 117 35 uppgå
1123 1659 57 30 till
1197 1658 238 36 sammanlagt
1452 1658 171 35 1,350,000

120 1714 136 30 kronor.
302 1713 133 31 Härtill
459 1714 156 30 kommer
638 1714 52 29 att
714 1713 128 36 frågan
866 1721 124 27 genom
1014 1710 248 32 ovannämnda
1278 1710 266 35 framställning
1561 1710 63 30 och

120 1765 320 36 kommerskollegii
474 1765 146 31 däröver
654 1765 157 35 avgivna
845 1763 180 31 utlåtande
1060 1763 117 35 bragts
1213 1762 110 31 under
1346 1762 134 36 Kungl.
1504 1761 120 37 Maj:ts

120 1817 185 36 prövning,
331 1817 123 31 därvid
489 1817 62 30 ock
585 1818 47 29 ett
655 1817 81 30 från
760 1816 234 31 motionärens
1016 1814 132 36 förslag
1172 1813 200 31 avvikande
1395 1814 149 35 uppslag
1567 1813 56 30 till

121 1870 143 35 frågans
288 1868 175 32 ordnande
488 1869 251 30 framkommit.
774 1868 176 31 Utskottet
963 1869 38 28 är
1017 1866 194 31 emellertid
1228 1866 176 35 förvissat,
1421 1866 52 30 att
1488 1865 134 36 Kungl.

121 1921 101 36 Maj:t
256 1921 77 30 med
368 1921 137 36 hänsyn
541 1920 57 31 till
636 1920 158 31 ärendets
829 1919 77 31 vikt
930 1919 73 30 icke
1038 1918 92 31 skall
1159 1918 186 30 underlåta
1368 1918 50 30 att
1442 1917 88 36 följa
1557 1917 66 30 för-

120 1973 213 31 hållandena
367 1974 20 29 å
420 1972 271 36 ifrågavarande
726 1971 139 31 område
893 1972 90 29 samt
1007 1970 114 31 därest
1145 1969 342 36 omständigheterna
1511 1968 112 32 skulle

121 2025 120 31 därtill
265 2025 84 35 giva
372 2024 192 36 anledning
588 2024 179 36 förelägga
791 2023 185 36 riksdagen
1001 2022 130 36 förslag
1155 2022 12 30 i
1192 2023 126 29 ämnet.

163 2077 120 31 Under
307 2076 216 36 åberopande
548 2086 44 20 av
617 2076 56 30 det
696 2075 148 31 anförda
867 2074 200 31 hemställer
1091 2074 177 35 utskottet,

564 2155 50 29 att
649 2153 228 31 förevarande
912 2152 130 31 motion
1076 2152 122 30 TII:296
1235 2152 75 30 icke
1346 2153 55 29 må
1426 2151 57 30 till
1508 2152 116 34 någon

522 2206 205 35 riksdagens
751 2205 122 35 åtgärd
898 2204 190 31 föranleda.

166 2284 201 31 Stockholm
390 2284 66 31 den
481 2285 40 30 19
546 2284 70 36 maj
643 2284 94 30 1924.

562 2361 50 30 På
636 2360 377 37 jordbruksutskottets
1038 2362 150 33 vägnar:

651 2431 124 31 PAUL
800 2428 283 33 HELLSTRÖM.

170 2512 194 24 Närvarande:
384 2519 26 16 se
432 2511 143 24 utlatande
597 2519 32 16 nr
648 2512 40 22 58.

1680 1193 133 23 Utskottet.
