1914 2836
578 162 249 28 Statsutlskottets
851 161 157 28 utlåtande
1031 161 42 27 Nr
1096 162 46 26 45.
1588 160 19 28 3

165 244 129 31 Oaktat
315 243 100 32 alltså
438 243 115 40 någon
576 244 10 29 i
609 243 104 39 detalj
738 242 177 31 utformad
938 242 82 39 plan
1043 241 54 31 för
1121 241 202 39 disposition
1346 250 42 21 av
1411 240 199 40 nybyggna-

121 298 83 31 dens
244 299 134 29 översta
419 296 168 41 våningar
613 296 32 39 ej
673 297 95 30 ännu
797 296 134 30 kunnat
958 295 221 39 framläggas,
1210 294 98 31 torde
1335 293 56 31 det
1419 293 55 31 för
1503 292 109 40 själva

120 351 344 40 byggnadsarbetena
500 350 152 40 begärda
688 348 372 41 begynnelseanslaget,
1099 348 64 30 500
1176 348 64 30 000
1276 347 139 36 kronor,
1455 356 48 21 nu
1528 346 84 31 böra

121 404 144 40 beviljas
283 404 54 31 för
355 407 49 28 att
422 404 101 31 dessa
540 404 140 30 arbeten
698 402 189 41 planenligt
906 402 98 31 skola
1021 402 119 30 kunna
1159 400 165 41 påbörjas
1343 400 112 31 under
1471 399 141 40 budget-

122 458 73 31 året
226 454 193 42 1936/1937.
452 452 25 36 Å
506 457 184 31 riksstaten
719 456 56 31 för
803 455 202 41 budgetåret
1037 450 183 42 1937/1938
1251 453 111 31 skulle
1391 453 153 31 därefter
1571 462 42 21 av

125 513 80 30 1937
234 511 55 31 års
316 512 140 38 riksdag
482 510 137 31 anvisas
645 508 215 32 återstående
885 508 312 40 byggnadsanslag.
1237 507 172 31 Utskottet
1434 506 179 31 förväntar

122 569 49 27 att
199 566 5 30 i
228 565 170 31 samband
421 565 142 30 därmed
587 563 179 31 definitiva
789 562 301 40 byggnadsplaner
1113 561 194 40 föreläggas
1330 560 194 39 riksdagen.

167 619 181 35 Utskottet,
374 628 75 21 som
473 617 100 32 alltså
597 620 112 28 ansett
734 617 50 39 sig
807 617 85 30 böra
915 616 170 40 tillstyrka
1111 615 123 40 Kungl.
1260 614 118 40 Maj:ts
1402 614 131 40 förslag
1558 623 56 21 om

123 672 254 40 godkännande
397 681 43 21 av
461 672 177 39 upprättat
659 671 93 30 avtal
772 670 149 31 rörande
940 669 106 40 inköp
1067 678 41 22 av
1130 671 88 28 tomt
1238 671 90 28 samt
1348 677 57 21 om
1426 667 188 31 anvisande

122 736 42 20 av
184 729 48 28 ett
251 726 121 39 anslag
391 735 42 21 av
456 727 14 29 1
489 725 61 30 100
563 725 64 30 000
645 724 140 36 kronor,
806 733 105 21 varav
930 724 64 30 600
1008 723 63 30 000
1092 723 130 30 kronor
1241 722 51 30 till
1310 721 230 40 köpeskilling
1559 720 55 31 för

122 782 130 28 tomten
269 780 65 30 och
353 779 63 30 500
429 779 64 30 000
510 779 130 30 kronor
657 777 50 31 till
722 777 363 39 byggnadsarbetenas
1102 774 225 41 påbörjande,
1347 773 56 32 får
1420 774 191 35 hemställa,

473 888 50 28 att
544 885 184 39 riksdagen
750 883 58 32 må

473 937 31 41 a)
534 937 209 41 bemyndiga
770 937 122 40 Kungl.
922 937 100 39 Maj:t
1048 939 49 28 att
1125 936 186 40 godkänna
1339 935 56 31 det
1423 934 114 32 såsom
1563 934 48 31 bi-

429 993 79 39 laga
524 992 50 31 till
592 990 376 41 statsrådsprotokollet
985 990 124 40 fogade
1125 990 293 39 köpekontraktet
1435 987 178 41 angående

429 1045 266 40 ifrågavarande
715 1043 233 32 tomtområde
971 1043 20 31 å
1014 1043 261 40 Kungsholmen
1299 1042 11 31 i
1333 1042 215 35 Stockholm;

476 1097 34 40 b)
542 1099 50 30 till
619 1097 308 40 posthusbyggnad
955 1097 20 30 å
1003 1096 260 39 Kungsholmen
1293 1097 10 29 i
1331 1095 201 31 Stockholm
1560 1094 55 30 för

432 1151 202 41 budgetåret
685 1146 181 42 1936/1937
916 1150 119 32 anvisa
1083 1153 47 28 ett
1176 1149 351 39 reservationsanslag
1575 1158 41 20 av

437 1206 94 30 1100
544 1206 63 30 000
630 1206 141 35 kronor,
798 1207 49 28 att
869 1203 81 41 utgå
975 1214 41 20 av
1039 1202 202 32 lånemedel,

166 1314 201 31 Stockholm
394 1314 66 30 den
489 1314 38 29 10
553 1322 91 21 mars
673 1313 93 29 1936.

572 1419 47 31 På
641 1420 269 30 statsutskottets
931 1419 144 40 vägnar:

639 1490 177 30 ANDERS
842 1488 250 31 ANDERSON.

171 1752 55 27 Vid
248 1750 194 28 förestående
463 1750 129 27 ärendes
611 1749 253 34 slutbehandling
884 1748 85 27 inom
989 1747 148 28 utskottet
1156 1747 80 27 hava
1256 1746 149 28 närvarit:

168 1813 72 27 från
276 1813 148 27 första
460 1812 195 27 kammaren:
682 1811 108 27 herrar
818 1810 144 28 Carlsson
988 1810 9 27 i
1024 1809 102 32 Gävle,
1154 1808 74 35 Olof
1255 1808 122 34 Olsson,
1404 1808 178 27 Johansson
1610 1807 8 26 i

132 1858 235 31 Fredrikslund,
405 1857 126 27 Nilsson
567 1856 9 27 i
614 1856 126 31 Malmö,
767 1855 169 35 Bergqvist,
965 1854 125 28 Nilsson
1118 1854 8 26 i
1154 1853 152 31 Gränebo,
1333 1852 150 35 Asplund,
1509 1852 113 31 Borell,

126 1903 184 33 Gustafsson
335 1902 8 26 i
367 1902 163 30 Benestad,
555 1900 168 35 Nylander,
748 1899 178 27 Lindström
952 1898 59 28 och
1036 1897 171 35 Bäcklund,
1232 1900 81 24 samt

176 1963 76 38 från
305 1964 106 26 andra
442 1963 195 26 kammaren:
657 1961 108 27 herrar
783 1960 161 28 Anderson
963 1960 9 27 i
991 1959 144 32 Råstock,
1154 1959 146 32 Jansson,
1319 1957 193 34 Strindlund,
1531 1958 95 26 Törn-

126 2009 80 26 kvist
224 2009 7 26 i
251 2008 200 31 Karlskrona,
470 2006 180 34 Holmgren,
667 2006 166 34 Jeppsson,
853 2004 175 28 Andersson
1045 2004 9 26 i
1074 2003 95 32 Höör,
1189 2003 132 27 Persson
1340 2002 7 27 i
1367 2001 97 33 Falla,
1481 2002 135 27 Jonsson

126 2054 5 26 i
155 2052 189 31 Eskilstuna,
367 2052 167 33 Högström
555 2051 59 26 och
635 2049 111 28 Olsson
767 2050 8 26 i
797 2049 143 34 Staxäng.

763 2298 225 30 Reservation

135 2399 41 20 uv
195 2389 118 30 herrar
330 2389 29 30 J.
381 2389 34 29 B.
435 2387 197 30 Johansson
651 2387 8 29 i
680 2386 257 35 Fredrikslund,
956 2385 187 38 Bergqvist,
1162 2384 124 37 Borell,
1304 2383 185 39 Nylander,
1509 2383 117 29 Holm-

136 2451 93 29 gren,
252 2442 145 29 Persson
420 2441 9 30 i
453 2441 96 30 Falla
571 2440 63 30 och
662 2439 123 31 Olsson
808 2439 9 30 i
842 2439 161 38 Staxäng,
1026 2438 90 30 vilka
1141 2440 122 32 ansett,
1287 2439 49 28 att
1358 2437 182 29 utskottets
1562 2438 64 36 ytt-

140 2495 106 31 rande
266 2495 63 30 och
353 2495 128 38 förslag
501 2494 77 30 bort
597 2494 89 29 hava
708 2492 154 40 följande
883 2492 140 38 lydelse:
