1908 2832
516 177 109 27 Andra
648 177 227 35 lagutskottets
898 178 167 29 utlåtande
1088 179 45 28 Nr
1157 179 49 27 58.
1575 176 39 31 17

110 256 140 40 tagaren
270 255 54 31 för
343 256 73 31 icke
437 256 156 42 åtnjuten
613 260 164 29 semester
797 258 83 31 eller
899 258 232 32 semesterlön.
1163 259 19 31 I
1202 259 178 41 praktiken
1399 259 152 32 kommer
1570 270 42 21 en

109 305 232 42 arbetstagare
364 306 147 42 givetvis
533 309 51 30 att
604 308 12 30 i
638 308 92 41 regel
752 308 180 32 hänvända
953 309 54 41 sig
1028 309 54 31 till
1105 309 66 32 den
1193 320 65 30 nye
1281 309 256 42 arbetsgivaren
1559 310 53 31 för

108 358 52 29 att
182 356 73 31 utfå
276 356 74 32 sina
372 357 346 32 semesterförmåner.

826 427 19 30 4
867 426 30 42 8.

163 483 52 31 De
251 483 12 31 i
299 483 110 32 denna
445 485 157 41 paragraf
627 485 100 41 givna
752 484 302 33 bestämmelserna
1079 486 174 41 angående
1279 488 206 30 semesterns
1510 485 104 42 längd

109 533 174 39 innebära,
304 537 49 29 att
375 546 42 21 en
439 535 240 43 arbetstagare,
701 547 74 21 som
796 536 102 42 fyller
918 536 435 39 kvalifikationsvillkoren,
1375 540 81 40 äger
1475 540 67 30 rätt
1562 538 55 31 till

110 587 165 29 semester
300 585 78 31 med
403 596 42 21 en
471 586 66 42 dag
561 597 61 31 per
646 586 286 32 kalendermånad
957 598 75 21 som
1057 587 252 42 anställningen
1334 589 104 30 varat.
1476 587 137 32 Helårs-

109 636 172 31 anställda
298 636 232 43 arbetstagare
548 639 61 40 äga
627 638 102 31 alltså
746 640 67 29 rätt
830 638 55 31 till
903 639 72 31 tolv
993 639 121 41 dagars
1132 641 172 29 semester.

163 687 20 31 I
212 687 174 33 motionen
416 688 126 32 II:496
572 689 207 39 hemställes,
810 692 50 29 att
888 691 20 30 4
937 689 21 42 $&
988 690 108 31 första
1126 690 132 41 stycket
1288 690 147 32 erhåller
1463 691 153 41 följande

110 736 144 42 lydelse:
279 737 195 33 »Semester
494 741 98 39 utgår
614 739 53 31 för
688 739 199 32 kalenderår
909 740 64 31 och
995 740 160 32 omfattar
1176 740 105 32 minst
1302 740 71 31 tolv
1396 741 131 41 dagar.»

163 831 53 32 De
243 832 279 42 grundläggande
548 832 302 32 bestämmelserna
876 833 55 31 för
956 835 68 30 rätt
1050 833 54 31 till
1131 836 164 29 semester
1321 835 57 30 äro
1406 834 208 42 uppbyggda

111 882 78 31 med
205 883 256 41 utgångspunkt
476 883 75 31 från
566 886 50 29 att
631 884 171 31 förvärvet
817 893 41 22 av
873 885 234 31 semesterrätt
1121 884 87 32 skall
1223 883 166 33 beräknas
1405 895 62 31 per
1481 883 131 33 månad.

112 932 179 32 Utskottet
307 933 65 32 kan
389 933 73 32 icke
480 934 172 41 tillstyrka
669 934 57 32 det
743 934 203 32 motionsvis
964 935 187 31 framförda
1166 935 175 41 yrkandet,
1359 938 50 29 att
1427 937 187 30 semestern

110 983 102 32 alltid
230 984 86 31 skall
333 986 122 40 utgöra
473 985 105 31 minst
594 985 72 31 tolv
684 985 111 42 dagar.

165 1076 119 42 Enligt
318 1077 42 31 de
394 1077 103 41 givna
529 1077 426 32 kvalifikationsvillkoren
990 1079 37 30 är
1049 1078 109 32 första
1181 1078 115 32 kravet
1321 1079 53 31 för
1397 1081 50 29 att
1470 1081 68 29 rätt
1560 1079 54 31 till

112 1129 165 29 semester
297 1127 88 31 skall
406 1127 143 38 inträda,
572 1130 49 29 att
643 1127 255 42 arbetstagaren
920 1127 157 33 innehaft
1098 1128 54 31 sin
1174 1128 209 42 anställning
1404 1129 63 31 hos
1489 1128 126 32 arbets-

110 1178 140 40 givaren
268 1178 106 32 sedan
392 1179 105 31 minst
516 1179 268 31 etthundraåttio
804 1179 111 41 dagar.
946 1179 105 31 Detta
1068 1179 124 31 villkor
1208 1179 61 31 har
1286 1179 232 32 kombinerats
1537 1180 77 31 med

109 1230 52 29 ett
178 1228 81 31 krav
275 1231 43 39 på
334 1231 50 29 att
400 1229 88 31 visst
505 1229 114 31 arbete
637 1229 87 31 skall
740 1229 86 32 hava
843 1229 136 31 utförts.
1007 1229 293 32 Kombinationen
1317 1240 40 20 av
1374 1230 168 32 villkoren
1559 1241 54 21 om

112 1279 72 32 viss
201 1279 69 32 tids
287 1280 210 41 anställning
513 1280 62 31 och
591 1280 70 31 viss
678 1280 69 31 tids
764 1280 115 32 arbete
896 1282 38 29 är
949 1280 117 32 utförd
1082 1282 43 40 på
1141 1280 122 32 sådant
1280 1282 76 36 sätt,
1374 1283 49 30 att
1440 1282 175 30 semester-

111 1331 69 30 rätt
207 1330 183 43 föreligger
416 1332 78 31 med
521 1343 41 20 en
590 1332 66 41 dag
681 1332 55 31 för
761 1331 296 38 kalendermånad,
1086 1332 110 31 under
1222 1331 113 32 vilken
1362 1332 256 42 arbetstagaren

113 1380 54 31 för
186 1380 273 42 arbetsgivarens
480 1381 143 42 räkning
641 1382 108 30 utfört
768 1381 116 32 arbete
904 1384 19 29 å
942 1382 104 31 minst
1066 1382 142 31 aderton
1228 1382 111 41 dagar.
1371 1382 66 31 Tid
1456 1382 55 31 för
1528 1383 86 30 från-

112 1441 80 21 varo
214 1431 74 31 från
308 1431 115 31 arbete
444 1432 62 30 har
525 1432 11 30 i
556 1432 92 30 vissa
668 1432 60 30 fall
749 1431 183 41 jämställts
953 1432 77 30 med
1051 1431 140 31 arbetad
1211 1431 60 32 tid.
1302 1431 104 32 Detta
1427 1432 107 41 gäller
1552 1431 61 37 tid,

113 1482 168 31 varunder
302 1482 255 41 arbetstagaren
579 1482 142 41 åtnjutit
742 1485 164 28 semester
927 1482 83 31 eller
1031 1483 86 30 varit
1139 1483 199 41 oförmögen
1360 1483 54 30 till
1436 1483 115 32 arbete
1573 1484 43 40 på

113 1533 111 40 grund
245 1544 41 20 av
306 1533 180 41 olycksfall
507 1534 11 30 i
539 1533 130 31 arbetet
690 1533 84 31 eller
794 1534 106 30 sådan
921 1533 168 41 sjukdom,
1112 1545 73 19 som
1206 1545 97 19 avses
1325 1534 11 30 i
1356 1534 99 41 lagen
1477 1545 54 20 om
1552 1534 64 30 för-

111 1583 140 41 säkring
270 1584 53 31 för
341 1584 93 31 vissa
453 1584 308 41 yrkessjukdomar,
783 1584 83 31 eller
885 1584 157 41 fullgjort
1061 1584 12 30 i
1092 1584 291 41 värnpliktslagen
1403 1585 211 31 föreskriven

115 1633 332 42 repetitionsövning
480 1634 82 31 eller
594 1633 543 42 landstormsrepetitionsövning
1169 1633 82 32 eller
1283 1633 331 32 landstormsbefäls-

112 1685 136 41 övning.

167 1752 18 31 I
208 1752 212 32 motionerna
443 1753 105 32 I:352
572 1754 61 31 och
657 1753 134 39 II:506,
814 1753 91 31 vilka
928 1755 57 30 äro
1009 1753 227 41 likalydande,
1260 1753 109 41 yrkas,
1394 1755 49 30 att
1467 1765 73 20 som
1562 1753 54 31 be-

113 1803 146 41 tingelse
297 1804 53 30 för
387 1806 112 29 rätten
526 1807 49 29 att
602 1804 127 31 erhålla
756 1807 164 29 semester
946 1805 54 31 för
1026 1804 286 31 kalendermånad
1338 1805 200 41 uppställes,
1566 1806 49 29 att

114 1855 116 31 arbete
247 1855 53 31 för
315 1855 273 41 arbetsgivarens
605 1855 143 41 räkning
764 1856 108 30 under
888 1855 167 31 månaden
1072 1856 125 30 utförts
1215 1855 107 31 under
1339 1858 48 28 ett
1404 1856 120 37 timtal,
1542 1866 73 21 som

113 1907 187 29 motsvarar
325 1905 115 32 arbete
468 1906 11 30 i
506 1906 195 31 arbetarens
727 1905 135 41 vanliga
888 1905 266 41 sysselsättning
1180 1905 108 31 under
1313 1907 50 29 tre
1390 1906 122 31 veckor
1537 1906 77 30 med

115 1957 178 41 sedvanlig
311 1957 170 31 ordinarie
502 1957 175 31 arbetstid.

166 2009 19 30 I
217 2009 174 31 motionen
425 2008 125 31 II:485
582 2008 100 41 yrkas
716 2008 105 31 sådan
855 2008 145 41 ändring
1033 2008 11 30 i
1078 2007 269 42 propositionen,
1382 2010 50 29 att
1465 2010 66 29 rätt
1565 2008 53 31 till

115 2061 164 29 semester
304 2058 87 32 skall
417 2059 167 41 föreligga
609 2059 54 30 för
687 2058 296 38 kalendermånad,
1011 2058 108 31 under
1144 2057 114 32 vilken
1284 2058 255 41 arbetstagaren
1565 2059 53 31 för

114 2108 273 41 arbetsgivarens
407 2108 143 42 räkning
568 2109 108 31 utfört
695 2108 115 32 arbete
830 2108 109 31 under
957 2107 105 32 minst
1081 2110 121 29 sexton
1222 2108 112 41 dagar.
1366 2109 18 30 I
1403 2109 105 31 andra
1527 2109 92 31 hand

114 2159 100 40 yrkas
234 2159 11 30 i
267 2159 174 31 motionen
461 2159 121 31 sådant
601 2159 121 41 tillägg
740 2158 54 31 till
814 2158 173 41 förslaget,
1009 2160 49 29 att
1078 2159 108 30 under
1205 2158 285 32 kalendermånad
1511 2160 107 30 utfört

114 2208 116 32 arbete
255 2209 53 30 för
332 2208 273 41 arbetsgivarens
631 2208 143 41 räkning
799 2208 109 31 under
933 2210 120 29 sexton
1079 2208 103 41 dagar
1207 2209 62 30 och
1295 2209 105 30 minst
1425 2209 193 31 etthundra-

114 2258 97 41 tjugo
230 2257 252 32 arbetstimmar
500 2258 86 31 skall
605 2269 79 20 vara
702 2257 184 41 likvärdigt
904 2258 77 30 med
1001 2258 11 30 i
1031 2258 98 40 lagen
1149 2258 163 41 stadgade
1332 2259 142 31 aderton
1493 2259 125 31 arbets-

114 2308 104 41 dagar
242 2308 62 31 och
326 2307 145 32 sålunda
492 2307 168 41 berättiga
683 2307 54 31 till
759 2309 164 29 semester
945 2308 54 30 för
1022 2307 175 31 månaden.

168 2358 18 31 I
201 2358 173 30 motionen
389 2357 52 31 II:
453 2360 62 28 497
530 2357 153 37 föreslås,
699 2359 50 29 att
764 2359 66 29 rätt
845 2357 54 30 till
915 2359 164 29 semester
1094 2357 87 31 skall
1197 2357 166 41 föreligga
1379 2358 53 31 för
1446 2358 172 32 kalender-

115 2407 131 37 månad,
272 2407 109 31 under
404 2407 114 31 vilken
544 2406 254 42 arbetstagaren
825 2407 53 30 för
902 2406 273 41 arbetsgivarens
1201 2407 143 41 räkning
1369 2408 109 31 utfört
1502 2408 115 32 arbete

114 2457 20 30 å
156 2457 105 31 minst
283 2467 59 21 sex
365 2456 112 42 dagar.

166 2526 115 36 Bihang
306 2527 44 27 till
373 2526 171 36 riksdagens
564 2526 144 36 protokoll
731 2523 92 31 1938.
858 2524 20 29 9
900 2526 80 27 saml.
1004 2528 20 26 2
1047 2527 63 27 avd.
1146 2526 48 27 Nr
1217 2524 48 31 58.
1439 2535 53 19 1389
1508 2536 27 19 38
1559 2531 17 25 2

1672 840 132 25 Utskottet.
