2222 2620
783 174 228 42 Lagutskottets
1035 173 161 32 utlåtande
1219 173 47 30 Nr
1290 173 49 30 34.
1774 169 41 31 29

394 255 72 35 Till
496 254 81 36 stöd
608 255 55 34 för
692 253 123 37 denna
844 252 228 36 reservation
1104 252 66 35 har
1199 251 160 36 anförts:

395 307 56 35 Då
493 306 61 36 det
595 306 94 35 skall
728 304 127 48 åligga
897 304 237 48 Konungens
1182 300 402 49 befallningshavande
1639 305 65 30 att:
1736 299 71 35 låta
1851 299 6 34 i

269 359 186 35 allmänna
497 357 241 47 tidningarna
780 356 69 35 och
892 356 9 34 i
940 355 377 47 länskungörelserna
1360 353 121 35 införa
1518 351 243 49 uppgifterna
1799 363 60 23 om

265 409 342 49 tingsterminerna,
651 411 39 33 så
720 408 66 35 bör
815 408 60 35 det
900 406 142 49 jämväl
1070 406 127 47 åligga
1230 406 233 46 Konungens
1492 402 367 48 befallningshavan-

268 462 44 35 de
354 467 53 29 att
450 459 212 47 ombesörja
704 472 142 22 samma
884 457 212 49 uppgifters
1129 456 197 36 införande
1356 456 10 35 i
1395 453 333 49 ortstidningarne,
1763 453 98 35 helst

267 526 79 22 som
385 510 400 48 häradshövdingarne
821 509 131 36 hittills
980 509 11 34 i
1021 509 61 35 det
1117 509 81 34 hela
1230 508 94 35 varit
1353 506 194 36 frikallade
1578 505 80 36 från
1687 510 175 30 ansvaret

269 564 56 34 för
355 562 256 47 annonsering
639 575 45 21 av
713 560 245 48 kungörelser
987 573 44 21 av
1061 558 238 36 uteslutande
1328 558 137 35 allmän
1495 562 65 30 art.

398 612 296 37 Vidkommande
736 610 281 49 omfattningen
1059 624 46 21 av
1147 609 304 47 annonseringen
1494 608 96 35 lärer
1630 607 61 35 det
1732 606 129 36 kunna

267 666 235 35 överlämnas
544 663 55 36 till
641 662 313 49 myndigheterna
998 667 52 30 att
1090 662 102 34 inom
1222 661 44 35 de
1294 665 170 43 gränser,
1495 672 78 23 som
1603 657 218 50 uppdragas
1850 657 12 35 i

269 717 140 48 Kungl.
440 716 124 48 Maj:ts
594 715 243 49 proposition,
868 713 208 37 bestämma
1103 713 11 35 i
1143 713 100 35 vilka
1271 711 193 49 tidningar
1492 710 252 48 kungörelsen
1766 709 96 35 skall

269 769 151 36 införas.
477 767 54 36 De
561 766 229 37 föreskrifter
818 766 212 41 därutöver,
1059 778 129 22 varom
1219 764 181 36 utskottet
1428 762 202 47 hemställt,
1651 774 113 37 synas
1784 760 80 48 mig

268 819 231 48 fullkomligt
545 818 174 48 onödiga,
763 818 46 36 då
850 817 101 36 tiden
992 817 58 35 för
1090 815 332 49 tingsterminerna
1462 813 208 50 ingalunda
1698 811 165 38 behöver

266 872 156 47 bringas
464 870 56 36 till
561 869 210 37 kännedom
813 869 59 36 för
914 869 70 35 den
1027 873 100 30 stora
1170 866 213 47 allmänhet,
1418 879 80 23 som
1528 865 67 36 har
1624 864 163 48 anspråk
1817 866 46 45 på

267 922 215 36 kännedom
512 935 59 22 om
600 920 177 48 politiska
807 920 69 35 val.

365 2302 127 44 Bihang
515 2304 48 32 till
586 2302 185 43 riksdagens
792 2301 154 43 protokoll
971 2300 92 33 1918.
1111 2302 20 29 9
1154 2299 88 32 saml.
1289 2301 42 30 26
1353 2298 79 41 häft.
1478 2296 67 41 (Nr
1568 2297 66 36 34)
1811 2296 18 29 5
