2158 2606
403 145 18 30 8
880 144 233 41 Lagutskottets
1138 143 161 32 utlåtande
1322 145 49 29 Nr
1395 145 51 30 34.

359 235 89 23 varo
478 237 45 22 av
552 228 120 31 större
702 222 101 36 antal
831 222 264 46 nämndemän,
1117 226 47 30 än
1184 221 241 48 erforderligt
1445 227 52 41 är,
1518 221 71 36 och
1609 222 157 36 sålunda
1785 225 174 36 åsamkar

358 274 62 36 det
448 275 187 36 allmänna
664 287 47 23 en
740 273 181 36 avsevärd
950 273 118 48 utgift
1096 278 92 30 utan
1217 272 268 36 motsvarande
1513 286 114 35 gagn.

488 326 108 36 Ovan
626 325 157 36 anförda
812 324 290 49 överväganden
1131 324 98 36 hava
1258 324 179 36 föranlett
1464 325 182 36 utskottet
1676 330 54 30 att
1750 325 78 36 dels
1848 340 45 22 av
1913 328 44 36 de

357 378 99 35 olika
497 383 173 42 utvägar,
714 389 79 24 som
836 376 156 49 erbjuda
1037 376 62 47 sig
1141 376 58 35 för
1240 376 334 36 åstadkommande
1617 390 45 23 av
1691 381 119 32 tätare
1840 378 118 36 hand-

362 429 189 47 läggning
598 442 47 22 av
690 428 289 49 ifrågavarande
1021 428 73 35 mål
1137 427 71 36 och
1251 427 177 47 ärenden,
1475 428 203 48 föredraga
1725 442 46 22 en
1823 430 134 35 anord-

357 480 104 48 ning,
493 493 80 23 som
602 480 218 36 förutsätter
848 479 231 37 medverkan
1109 492 47 22 av
1184 485 51 30 ett
1264 479 167 36 minskat
1460 480 99 35 antal
1589 480 265 48 nämndemän,
1880 481 77 36 dels

355 530 114 37 bland
498 532 45 36 de
573 531 100 36 olika
701 532 289 48 möjligheterna
1018 532 59 35 för
1102 544 47 23 en
1170 530 104 49 dylik
1295 531 232 48 anordnings
1548 532 300 46 genomförande
1867 534 90 47 giva

359 582 185 37 företräde
587 587 37 32 åt
667 584 62 36 det
762 590 141 42 system
933 583 57 36 för
1017 582 199 37 införande
1245 596 44 22 av
1319 582 182 36 särskilda
1530 584 316 47 sammanträden,
1876 598 77 23 som

355 634 186 38 innehölls
571 635 12 36 i
612 641 53 30 ett
705 636 101 35 inom
842 635 447 48 justitiedepartementet
1317 637 40 32 år
1387 636 97 34 1915
1514 634 11 35 i
1554 634 207 48 anledning
1788 649 47 23 av
1864 637 92 35 riks-

355 687 144 47 dagens
532 687 183 37 skrivelse
748 688 191 36 utarbetat
966 687 208 47 lagutkast,
1204 685 158 37 framför
1391 686 73 36 den
1491 686 132 48 kungl.
1655 687 300 48 propositionens

356 737 143 50 förslag
540 752 60 22 om
628 739 192 48 generella
848 738 284 37 bestämmelser
1160 737 159 36 rörande
1348 738 233 35 häradsrätts
1610 740 346 47 sammansättning

358 789 60 36 vid
453 790 293 48 handläggning
774 803 47 22 av
849 790 101 35 vissa
978 790 73 34 mål
1081 789 71 35 och
1181 789 174 36 ärenden.
1414 790 81 35 Den
1524 790 10 35 i
1564 790 167 36 motiven
1759 795 197 44 upptagna

355 841 303 48 anmärkningen
692 847 78 30 mot
798 840 290 49 ifrågavarande
1117 841 235 48 ståndpunkt
1381 841 68 36 hos
1477 841 246 48 lagutkastet,
1752 847 54 30 att
1835 842 120 49 enligt

353 893 211 36 detsamma
594 893 151 36 alldeles
773 891 184 37 likartade
985 893 72 35 mål
1082 892 64 36 vid
1167 892 98 36 olika
1284 892 176 36 tillfällen
1480 893 119 36 skulle
1619 893 117 36 kräva
1756 893 79 36 helt
1855 894 100 35 olika

354 945 342 48 sammansättning
729 945 68 35 hos
826 944 222 47 domstolen,
1079 956 113 37 synes
1220 944 187 37 utskottet
1435 944 81 37 icke
1544 958 92 22 vara
1665 958 45 22 av
1739 946 215 47 avgörande

353 996 206 48 betydelse,
603 996 46 35 då
690 996 146 49 viktiga
864 995 195 49 praktiska
1090 996 81 36 skäl
1199 995 76 37 tala
1305 996 58 36 för
1390 996 282 49 uppställandet
1701 1010 46 22 av
1775 1010 45 23 en
1849 997 105 49 dylik

354 1047 213 36 åtskillnad.

482 1099 84 36 Med
597 1098 246 37 förevarande
871 1099 211 48 lagförslag
1111 1098 68 36 har
1207 1099 119 47 enligt
1355 1098 166 36 motiven
1549 1099 56 35 till
1634 1100 206 36 detsamma
1856 1100 97 47 jäm-

353 1151 61 35 väl
444 1150 159 49 åsyftats
633 1157 54 30 att
716 1151 91 36 söka
832 1150 259 48 åvägabringa
1111 1163 47 22 en
1178 1150 158 48 lämplig
1357 1149 348 50 arbetsfördelning
1724 1152 136 35 mellan
1880 1152 73 36 den

352 1201 186 37 ordinarie
567 1202 180 37 domaren
776 1202 70 36 och
875 1202 45 36 de
944 1202 62 36 vid
1027 1201 306 36 häradsrätterna
1353 1202 288 48 tjänstgörande
1667 1203 286 49 tingsmyndiga

351 1253 195 37 biträdena
575 1254 72 36 och
676 1255 10 34 i
716 1254 276 48 sammanhang
1021 1253 156 36 därmed
1205 1253 204 48 tillgodose
1431 1253 44 36 de
1495 1253 11 35 i
1524 1254 227 48 riksdagens
1772 1254 181 37 skrivelse

353 1305 72 35 den
468 1307 46 33 25
553 1305 75 48 maj
663 1307 95 34 1906
787 1305 168 36 uttalade
983 1305 243 36 önskemålen
1256 1318 59 23 om
1345 1304 280 50 inskränkning
1653 1306 12 35 i
1694 1306 44 36 de
1767 1306 186 36 ordinarie

352 1356 422 49 häradshövdingarnas
806 1357 289 48 tjänstledighet
1123 1356 70 36 och
1226 1357 211 48 skärpning
1465 1370 46 22 av
1540 1357 231 36 vikariernas
1799 1358 153 49 kompe-

351 1417 96 27 tens.
504 1407 122 37 Såvitt
668 1409 184 36 utskottet
894 1408 143 36 kunnat
1077 1408 116 47 finna,
1235 1408 169 36 kommer
1445 1422 46 22 en
1531 1409 234 48 påbyggnad
1797 1413 47 45 på
1872 1410 79 47 lag-

351 1460 183 47 förslaget
562 1460 11 35 i
602 1460 118 36 sådan
760 1460 171 48 riktning
972 1460 81 35 icke
1095 1464 55 31 att
1184 1459 212 36 förhindras
1425 1473 138 35 genom
1592 1460 72 36 den
1694 1474 46 22 av
1768 1461 184 36 utskottet

351 1511 216 48 föreslagna
596 1511 213 48 ändringen
837 1512 11 35 i
877 1510 323 50 grundprincipen
1229 1511 57 35 för
1315 1511 219 36 detsamma.
1571 1528 2 2 :

480 1564 191 45 Förslaget
700 1564 56 35 till
786 1565 55 43 lag
870 1575 54 23 om
953 1564 143 34 ändrad
1126 1564 132 44 lydelse
1286 1575 43 23 av
1358 1566 49 32 10
1430 1565 21 42 $
1479 1565 12 32 i
1512 1564 274 45 förordningen
1813 1567 67 34 den
1901 1569 51 31 17

350 1617 76 41 maj
466 1617 103 34 1872
610 1616 185 43 angående
835 1616 157 43 ändring
1022 1616 12 33 i
1063 1616 97 34 vissa
1196 1615 77 43 fall
1301 1627 43 22 av
1383 1615 173 44 gällande
1599 1616 257 36 bestämmelser
1897 1630 53 22 om

351 1667 210 44 häradsting
604 1666 67 35 har
713 1678 45 23 en
787 1665 86 36 fullt
902 1665 254 49 självständig
1183 1665 192 49 betydelse
1402 1665 62 36 vid
1495 1666 110 36 sidan
1634 1680 62 22 om
1726 1667 62 36 det
1815 1668 135 36 hittills

349 1716 236 37 behandlade
620 1717 249 48 lagförslaget
898 1730 60 23 om
988 1717 185 36 särskilda
1201 1717 421 48 tingssammanträden.
1679 1718 57 36 Då
1764 1719 62 36 det
1854 1720 95 35 otvi-

349 1768 188 49 velaktigt
564 1769 11 35 i
604 1768 284 49 undantagsfall
917 1769 73 35 kan
1018 1769 83 35 visa
1129 1769 63 48 sig
1220 1769 190 47 önskvärt,
1441 1774 54 31 att
1522 1770 12 35 i
1562 1770 78 36 viss
1660 1770 181 49 domsaga
1860 1771 90 36 flera

338 1820 199 35 "allmänna
578 1820 411 49 tingssammanträden
1023 1820 144 36 införas
1197 1825 47 31 än
1272 1821 62 36 det
1362 1821 137 48 högsta
1527 1821 60 36 för
1616 1822 232 37 närvarande
1876 1823 73 35 till-

348 1872 103 35 låtna
493 1872 142 36 antalet
679 1872 88 36 eller
808 1872 51 36 tio
902 1885 60 23 om
1004 1875 89 45 året,
1135 1872 205 49 tillstyrker
1372 1872 184 37 utskottet
1585 1873 104 36 detta
1717 1874 231 48 lagförslags

348 1923 227 48 antagande.

478 1974 79 36 Mot
590 1975 185 45 förslaget
816 1977 56 34 till
915 1977 54 44 lag
999 1989 54 23 om
1082 1977 145 35 ändrad
1256 1977 131 44 lydelse
1416 1989 43 23 av
1489 1978 22 33 5
1537 1978 25 45 $
1589 1981 21 31 1
1642 1979 12 43 i
1679 1978 269 46 förordningen

348 2039 55 22 om
436 2039 71 33 nya
541 2027 230 45 växellagens
799 2028 199 43 införande
1025 2040 46 23 m.
1101 2041 45 22 m.
1178 2022 72 41 har
1275 2027 207 48 anmärkts,
1512 2033 54 31 att
1594 2028 57 36 till
1679 2029 93 48 följd
1798 2032 50 33 av
1876 2029 72 37 den

348 2077 59 35 för
448 2077 100 36 vissa
577 2078 65 35 fall
672 2079 214 48 föreslagna
915 2079 223 36 valfriheten
1167 2079 58 35 för
1253 2079 165 36 kärande
1446 2079 12 35 i
1487 2079 105 49 fråga
1620 2093 61 23 om
1711 2081 234 36 växelforum

346 2129 402 47 sportelinkomsterna
777 2130 120 36 skulle
926 2131 126 36 kunna
1082 2131 152 35 komma
1260 2136 52 31 att
1331 2131 169 36 minskas
1529 2131 62 36 vid
1613 2132 46 36 de
1678 2132 268 46 rådhusrätter,

346 2193 81 23 som
456 2180 115 36 härav
601 2181 161 36 beröras.
806 2181 16 36 I
849 2182 209 48 anledning
1077 2182 119 36 härav
1214 2182 64 36 vill
1298 2182 188 37 utskottet
1505 2188 132 32 utöver
1658 2183 68 37 vad
1749 2184 11 35 i
1780 2184 167 36 motiven

345 2232 57 35 till
430 2232 251 49 lagförslaget
711 2233 192 37 anmärkts
933 2234 144 47 betona,
1104 2239 55 31 att
1179 2234 66 36 där
1263 2237 47 46 på
1330 2234 126 48 grund
1477 2248 45 22 av
1542 2235 142 37 ändrad
1705 2236 243 48 lagstiftning
