2222 2620
756 165 228 40 Lagutskottets
1003 163 162 32 utlåtande
1190 164 51 31 Nr
1264 165 51 31 34.
1759 165 40 29 23

435 242 118 42 Kungl.
579 242 115 40 Maj:ts
714 242 139 41 förslag:

243 294 66 35 där
344 294 44 36 de
418 294 240 49 handläggas
687 298 21 32 å
736 295 279 36 sammanträde

242 345 84 37 med
339 346 320 46 tremansnämnd,
672 345 162 37 särskild
850 345 165 37 dombok

244 399 111 45 föras,
398 398 69 36 och
511 398 100 48 gälle
651 398 11 35 i
701 397 126 48 övrigt
855 411 59 22 om
945 397 71 36 den

246 449 164 37 dombok
438 449 72 36 vad
530 451 61 34 om
612 448 72 37 den
705 448 189 37 allmänna
913 448 104 36 dom-

246 501 122 36 boken
397 501 122 35 finnes
548 500 161 48 stadgat.

320 552 17 35 I
379 551 184 48 tingslag,
605 551 67 35 där
712 551 304 36 sammanträden

245 602 83 37 med
370 602 311 36 tremansnämnd
723 602 119 36 hållas
879 602 138 36 mellan

244 654 46 36 de
336 653 158 49 lagtima
536 653 143 48 tingen,
721 654 105 35 skola
867 653 46 36 de
956 652 62 36 vid

244 706 111 36 dessa
375 705 305 37 sammanträden
696 705 106 36 förda
816 705 201 49 protokoll,

243 770 129 24 varom
414 756 156 50 stadgas
600 758 10 34 i
639 757 272 48 förordningen
944 757 74 36 den

247 812 44 33 16
330 809 86 48 juni
472 810 97 35 1875
608 808 194 48 angående
831 808 186 37 särskilda

244 860 188 49 protokoll
465 865 90 31 över
583 860 195 48 lagfarter,
807 860 212 36 intecknin-

246 926 69 34 gar
343 912 69 35 och
437 912 116 35 andra
581 912 175 45 ärenden,
777 912 64 35 vid
861 916 159 44 äventyr

246 976 80 23 som
355 963 12 35 1
396 965 21 33 2
451 962 21 49 &
501 976 47 22 av
590 962 164 36 nämnda
795 962 225 48 förordning

246 1020 100 43 sägs,
389 1014 179 36 insändas
610 1014 55 35 till
694 1014 198 36 hovrätten
920 1027 97 23 sam-

245 1066 114 48 tidigt
391 1065 85 37 med
504 1065 235 49 protokollen
767 1065 58 36 för
861 1065 157 37 nästföl-

241 1118 117 49 jande
399 1118 160 48 lagtima
600 1118 96 47 ting.
753 1117 73 36 För
855 1117 164 37 nämnda

249 1169 306 37 sammanträden
582 1169 97 36 skall
707 1169 138 49 utdrag
873 1183 46 22 av
944 1174 75 31 rät-

247 1221 361 49 tenssaköreslängd
617 1221 403 36 avlämnastillkrono-

248 1273 141 48 fogden
404 1278 127 32 senast
543 1273 118 36 första
670 1272 349 49 rättegångsdagen

248 1338 46 23 av
322 1324 219 49 påföljande
569 1324 159 49 lagtima
755 1324 94 49 ting.

595 1420 45 35 10
669 1418 30 50 8.

324 1496 213 50 Angående
563 1497 296 47 reseersättning
877 1495 58 36 till
955 1496 64 36 do-

248 1562 101 24 mare
390 1548 70 37 och
502 1548 141 37 nämnd
684 1548 58 36 för
772 1548 174 36 hållande
974 1561 48 23 av

248 1600 280 37 sammanträde
577 1600 85 36 med
713 1600 309 36 tremansnämnd

248 1652 200 37 förordnar
475 1652 228 48 Konungen.

1285 242 166 31 Utskottets
1473 241 140 42 förslag:

1071 294 66 36 där
1166 294 45 35 de
1241 294 238 48 handläggas
1509 296 20 33 å
1554 293 289 47 sammanträde,

1069 358 72 24 som
1171 358 98 24 avses
1288 348 13 34 i
1326 348 117 34 denna
1466 347 69 44 lag,
1558 344 161 37 särskild
1739 345 104 36 dom-

1072 397 73 36 bok
1188 397 114 47 föras,
1344 397 70 36 och
1456 396 102 48 gälle
1591 397 11 35 i
1631 396 126 49 övrigt
1784 410 59 22 om

1072 448 73 36 den
1173 448 166 36 dombok
1367 447 72 37 vad
1468 461 60 23 om
1560 448 72 36 den
1656 447 188 36 allmänna

1071 499 214 37 domboken
1313 500 123 35 finnes
1466 500 162 47 stadgat.

1148 551 16 34 I
1206 551 181 47 tingslag,
1431 550 67 36 där
1530 550 314 45 sammanträden,

1071 615 72 23 som
1172 613 99 25 avses
1290 604 13 33 i
1323 604 119 33 denna
1472 602 67 44 lag,
1565 601 117 35 hållas
1707 600 138 37 mellan

1074 653 45 35 de
1161 652 158 49 lagtima
1360 653 145 47 tingen,
1549 652 106 36 skola
1696 652 45 35 de
1782 651 62 36 vid

1074 705 109 36 dessa
1203 704 306 36 sammanträden
1525 703 106 37 förda
1646 702 199 50 protokoll,

1072 769 129 23 varom
1245 756 156 48 stadgas
1430 755 11 36 i
1470 755 272 48 förordningen
1774 754 71 36 den

1074 810 44 34 16
1155 807 85 49 juni
1285 809 96 35 1875
1425 807 197 48 angående
1660 806 186 37 särskilda

1074 859 188 49 protokoll
1295 865 91 30 över
1413 859 194 48 lagfarter,
1636 857 210 38 intecknin-

1074 924 69 35 gar
1171 911 70 36 och
1270 911 116 35 andra
1406 910 179 47 ärenden,
1605 910 64 36 vid
1689 915 158 42 äventyr

1074 975 81 22 som
1183 962 11 35 i
1224 964 21 33 2
1275 962 19 46 $
1329 974 46 23 av
1417 961 166 36 nämnda
1623 960 225 48 förordning

1074 1018 101 43 sägs,
1217 1012 182 37 insändas
1438 1012 58 36 till
1524 1012 198 37 hovrätten
1750 1024 96 23 sam-

1073 1065 116 49 tidigt
1226 1064 84 37 med
1340 1064 239 49 protokollen
1609 1064 57 36 för
1693 1063 153 36 nästföl-

1070 1117 116 48 jande
1214 1116 162 49 lagtima
1406 1119 88 43 ting.

1407 1419 20 34 9
1459 1417 31 49 8.

1150 1498 157 35 Domare
1328 1497 63 35 och
1411 1498 241 34 nämndemän
1670 1497 99 34 skola
1782 1496 68 44 för

1076 1549 197 36 inställelse
1291 1550 62 34 vid
1367 1549 278 43 sammanträde,
1661 1559 72 24 som
1749 1559 100 25 avses

1076 1602 13 34 i
1117 1602 118 35 denna
1263 1601 68 45 lag,
1354 1602 147 42 åtnjuta
1521 1601 198 43 ersättning
1739 1600 111 44 enligt

1073 1653 172 44 gällande
1272 1653 299 45 resereglemente,
1601 1653 89 34 dock
1718 1655 51 32 att
1795 1664 53 23 er-

1075 1705 161 44 sättning
1277 1706 35 41 ej
1352 1706 58 33 må
1453 1705 86 44 utgå
1581 1704 56 35 till
1672 1705 96 43 flera
1801 1709 48 29 än

1072 1756 93 45 fyra
1193 1757 242 34 nämndemän
1457 1756 66 43 för
1551 1757 100 42 varje
1668 1767 180 24 samman-

1078 1809 102 34 träde
1221 1809 64 35 och
1314 1811 52 32 att
1394 1808 308 44 dagtraktamente
1730 1808 34 42 ej
1791 1808 57 34 må

1078 1861 185 35 beräknas.

380 1999 133 36 Denna
541 1999 63 48 lag
632 1999 124 36 träder
784 1999 11 35 i
823 1998 101 36 kraft
952 1998 72 36 den
1055 2000 17 33 1
1099 1998 151 48 januari
1282 1999 109 35 1919.
