<?xml version="1.0" encoding="UTF-8"?>
<alto xmlns="http://www.loc.gov/standards/alto/ns-v3#" xmlns:xlink="http://www.w3.org/1999/xlink" xmlns:xsi="http://www.w3.org/2001/XMLSchema-instance" xsi:schemaLocation="http://www.loc.gov/standards/alto/ns-v3# http://www.loc.gov/alto/v3/alto-3-0.xsd">
	<Description>
		<MeasurementUnit>pixel</MeasurementUnit>
		<sourceImageInformation>
			<fileName>/tmp/tess_s9wm6n8v_input.PNG</fileName>
		</sourceImageInformation>
		<OCRProcessing ID="OCR_0">
			<ocrProcessingStep>
				<processingSoftware>
					<softwareName>tesseract 5.3.0</softwareName>
				</processingSoftware>
			</ocrProcessingStep>
		</OCRProcessing>
	</Description>
	<Layout>
		<Page WIDTH="1902" HEIGHT="2810" PHYSICAL_IMG_NR="0" ID="page_0">
			<PrintSpace HPOS="0" VPOS="0" WIDTH="1902" HEIGHT="2810">
				<ComposedBlock ID="cblock_0" HPOS="100" VPOS="1735" WIDTH="141" HEIGHT="24">
					<TextBlock ID="block_0" HPOS="100" VPOS="1735" WIDTH="141" HEIGHT="24">
						<TextLine ID="line_0" HPOS="100" VPOS="1735" WIDTH="141" HEIGHT="24">
							<String ID="string_0" HPOS="100" VPOS="1735" WIDTH="141" HEIGHT="24" WC="0.93" CONTENT="Utskottet."/>
						</TextLine>
					</TextBlock>
				</ComposedBlock>
				<ComposedBlock ID="cblock_1" HPOS="287" VPOS="186" WIDTH="1300" HEIGHT="39">
					<TextBlock ID="block_1" HPOS="287" VPOS="186" WIDTH="1300" HEIGHT="39">
						<TextLine ID="line_1" HPOS="287" VPOS="186" WIDTH="1300" HEIGHT="39">
							<String ID="string_1" HPOS="287" VPOS="187" WIDTH="18" HEIGHT="28" WC="0.96" CONTENT="2"/><SP WIDTH="159" VPOS="187" HPOS="305"/>
							<String ID="string_2" HPOS="464" VPOS="186" WIDTH="112" HEIGHT="30" WC="0.50" CONTENT="Andra"/><SP WIDTH="20" VPOS="186" HPOS="576"/>
							<String ID="string_3" HPOS="596" VPOS="186" WIDTH="192" HEIGHT="30" WC="0.0" CONTENT="kanvonarens"/><SP WIDTH="55" VPOS="186" HPOS="788"/>
							<String ID="string_4" HPOS="843" VPOS="187" WIDTH="106" HEIGHT="29" WC="0.91" CONTENT="andra"/><SP WIDTH="26" VPOS="187" HPOS="949"/>
							<String ID="string_5" HPOS="975" VPOS="186" WIDTH="160" HEIGHT="39" WC="0.35" CONTENT="tilfälliga"/><SP WIDTH="21" VPOS="186" HPOS="1135"/>
							<String ID="string_6" HPOS="1156" VPOS="187" WIDTH="132" HEIGHT="30" WC="0.96" CONTENT="utskotts"/><SP WIDTH="24" VPOS="187" HPOS="1288"/>
							<String ID="string_7" HPOS="1312" VPOS="186" WIDTH="157" HEIGHT="32" WC="0.94" CONTENT="utlåtande"/><SP WIDTH="21" VPOS="186" HPOS="1469"/>
							<String ID="string_8" HPOS="1490" VPOS="187" WIDTH="48" HEIGHT="29" WC="0.92" CONTENT="Nr"/><SP WIDTH="21" VPOS="187" HPOS="1538"/>
							<String ID="string_9" HPOS="1559" VPOS="190" WIDTH="28" HEIGHT="27" WC="0.92" CONTENT="2."/>
						</TextLine>
					</TextBlock>
				</ComposedBlock>
				<ComposedBlock ID="cblock_2" HPOS="282" VPOS="275" WIDTH="1486" HEIGHT="1381">
					<TextBlock ID="block_2" HPOS="283" VPOS="275" WIDTH="1484" HEIGHT="200">
						<TextLine ID="line_2" HPOS="285" VPOS="275" WIDTH="1482" HEIGHT="39">
							<String ID="string_10" HPOS="285" VPOS="285" WIDTH="38" HEIGHT="20" WC="0.96" CONTENT="av"/><SP WIDTH="18" VPOS="285" HPOS="323"/>
							<String ID="string_11" HPOS="341" VPOS="275" WIDTH="129" HEIGHT="32" WC="0.96" CONTENT="behovet"/><SP WIDTH="18" VPOS="275" HPOS="470"/>
							<String ID="string_12" HPOS="488" VPOS="275" WIDTH="150" HEIGHT="38" WC="0.95" CONTENT="påkallat,"/><SP WIDTH="19" VPOS="275" HPOS="638"/>
							<String ID="string_13" HPOS="657" VPOS="280" WIDTH="47" HEIGHT="26" WC="0.96" CONTENT="att"/><SP WIDTH="17" VPOS="280" HPOS="704"/>
							<String ID="string_14" HPOS="721" VPOS="275" WIDTH="234" HEIGHT="32" WC="0.93" CONTENT="auktoriserade"/><SP WIDTH="18" VPOS="275" HPOS="955"/>
							<String ID="string_15" HPOS="973" VPOS="276" WIDTH="232" HEIGHT="38" WC="0.91" CONTENT="mätningsmän"/><SP WIDTH="24" VPOS="276" HPOS="1205"/>
							<String ID="string_16" HPOS="1229" VPOS="276" WIDTH="103" HEIGHT="31" WC="0.95" CONTENT="finnas"/><SP WIDTH="17" VPOS="276" HPOS="1332"/>
							<String ID="string_17" HPOS="1349" VPOS="279" WIDTH="47" HEIGHT="28" WC="0.95" CONTENT="att"/><SP WIDTH="19" VPOS="279" HPOS="1396"/>
							<String ID="string_18" HPOS="1415" VPOS="276" WIDTH="99" HEIGHT="38" WC="0.95" CONTENT="tillgå,"/><SP WIDTH="21" VPOS="276" HPOS="1514"/>
							<String ID="string_19" HPOS="1535" VPOS="276" WIDTH="71" HEIGHT="30" WC="0.93" CONTENT="ifall"/><SP WIDTH="18" VPOS="276" HPOS="1606"/>
							<String ID="string_20" HPOS="1624" VPOS="276" WIDTH="143" HEIGHT="31" WC="0.92" CONTENT="ackords-"/>
						</TextLine>
						<TextLine ID="line_3" HPOS="284" VPOS="329" WIDTH="1483" HEIGHT="38">
							<String ID="string_21" HPOS="284" VPOS="329" WIDTH="218" HEIGHT="38" WC="0.96" CONTENT="lönesystemet"/><SP WIDTH="12" VPOS="329" HPOS="502"/>
							<String ID="string_22" HPOS="514" VPOS="329" WIDTH="161" HEIGHT="38" WC="0.96" CONTENT="framgent"/><SP WIDTH="13" VPOS="329" HPOS="675"/>
							<String ID="string_23" HPOS="688" VPOS="329" WIDTH="78" HEIGHT="31" WC="0.95" CONTENT="skall"/><SP WIDTH="14" VPOS="329" HPOS="766"/>
							<String ID="string_24" HPOS="780" VPOS="329" WIDTH="168" HEIGHT="38" WC="0.94" CONTENT="tillämpas,"/><SP WIDTH="13" VPOS="329" HPOS="948"/>
							<String ID="string_25" HPOS="961" VPOS="339" WIDTH="72" HEIGHT="22" WC="0.96" CONTENT="men"/><SP WIDTH="13" VPOS="339" HPOS="1033"/>
							<String ID="string_26" HPOS="1046" VPOS="329" WIDTH="128" HEIGHT="37" WC="0.95" CONTENT="uttalar,"/><SP WIDTH="14" VPOS="329" HPOS="1174"/>
							<String ID="string_27" HPOS="1188" VPOS="333" WIDTH="47" HEIGHT="27" WC="0.93" CONTENT="att"/><SP WIDTH="13" VPOS="333" HPOS="1235"/>
							<String ID="string_28" HPOS="1248" VPOS="329" WIDTH="243" HEIGHT="38" WC="0.90" CONTENT="timlönesystem"/><SP WIDTH="13" VPOS="329" HPOS="1491"/>
							<String ID="string_29" HPOS="1504" VPOS="330" WIDTH="53" HEIGHT="30" WC="0.96" CONTENT="för"/><SP WIDTH="13" VPOS="330" HPOS="1557"/>
							<String ID="string_30" HPOS="1570" VPOS="329" WIDTH="197" HEIGHT="31" WC="0.96" CONTENT="närvarande"/>
						</TextLine>
						<TextLine ID="line_4" HPOS="283" VPOS="382" WIDTH="1483" HEIGHT="39">
							<String ID="string_31" HPOS="283" VPOS="382" WIDTH="59" HEIGHT="31" WC="0.82" CONTENT="bör"/><SP WIDTH="17" VPOS="382" HPOS="342"/>
							<String ID="string_32" HPOS="359" VPOS="384" WIDTH="111" HEIGHT="37" WC="0.96" CONTENT="utgöra"/><SP WIDTH="17" VPOS="384" HPOS="470"/>
							<String ID="string_33" HPOS="487" VPOS="383" WIDTH="158" HEIGHT="38" WC="0.96" CONTENT="grundval"/><SP WIDTH="17" VPOS="383" HPOS="645"/>
							<String ID="string_34" HPOS="662" VPOS="383" WIDTH="51" HEIGHT="30" WC="0.96" CONTENT="för"/><SP WIDTH="16" VPOS="383" HPOS="713"/>
							<String ID="string_35" HPOS="729" VPOS="383" WIDTH="311" HEIGHT="31" WC="0.96" CONTENT="överenskommelser"/><SP WIDTH="16" VPOS="383" HPOS="1040"/>
							<String ID="string_36" HPOS="1056" VPOS="393" WIDTH="49" HEIGHT="21" WC="0.93" CONTENT="om"/><SP WIDTH="18" VPOS="393" HPOS="1105"/>
							<String ID="string_37" HPOS="1123" VPOS="382" WIDTH="269" HEIGHT="39" WC="0.91" CONTENT="byggnadsarbete"/><SP WIDTH="17" VPOS="382" HPOS="1392"/>
							<String ID="string_38" HPOS="1409" VPOS="383" WIDTH="41" HEIGHT="38" WC="0.96" CONTENT="på"/><SP WIDTH="16" VPOS="383" HPOS="1450"/>
							<String ID="string_39" HPOS="1466" VPOS="382" WIDTH="225" HEIGHT="38" WC="0.95" CONTENT="landsbygden,"/><SP WIDTH="20" VPOS="382" HPOS="1691"/>
							<String ID="string_40" HPOS="1711" VPOS="382" WIDTH="55" HEIGHT="31" WC="0.96" CONTENT="och"/>
						</TextLine>
						<TextLine ID="line_5" HPOS="284" VPOS="435" WIDTH="1118" HEIGHT="40">
							<String ID="string_41" HPOS="284" VPOS="436" WIDTH="114" HEIGHT="31" WC="0.96" CONTENT="därför"/><SP WIDTH="17" VPOS="436" HPOS="398"/>
							<String ID="string_42" HPOS="415" VPOS="446" WIDTH="91" HEIGHT="21" WC="0.96" CONTENT="anser"/><SP WIDTH="16" VPOS="446" HPOS="506"/>
							<String ID="string_43" HPOS="522" VPOS="436" WIDTH="51" HEIGHT="39" WC="0.95" CONTENT="sig"/><SP WIDTH="19" VPOS="436" HPOS="573"/>
							<String ID="string_44" HPOS="592" VPOS="435" WIDTH="170" HEIGHT="33" WC="0.96" CONTENT="förbundet"/><SP WIDTH="20" VPOS="435" HPOS="762"/>
							<String ID="string_45" HPOS="782" VPOS="436" WIDTH="67" HEIGHT="31" WC="0.95" CONTENT="icke"/><SP WIDTH="18" VPOS="436" HPOS="849"/>
							<String ID="string_46" HPOS="867" VPOS="446" WIDTH="44" HEIGHT="21" WC="0.96" CONTENT="nu"/><SP WIDTH="18" VPOS="446" HPOS="911"/>
							<String ID="string_47" HPOS="929" VPOS="436" WIDTH="107" HEIGHT="32" WC="0.96" CONTENT="kunna"/><SP WIDTH="20" VPOS="436" HPOS="1036"/>
							<String ID="string_48" HPOS="1056" VPOS="436" WIDTH="161" HEIGHT="38" WC="0.95" CONTENT="tillstyrka"/><SP WIDTH="17" VPOS="436" HPOS="1217"/>
							<String ID="string_49" HPOS="1234" VPOS="436" WIDTH="168" HEIGHT="31" WC="0.96" CONTENT="motionen."/>
						</TextLine>
					</TextBlock>
					<TextBlock ID="block_3" HPOS="282" VPOS="490" WIDTH="1486" HEIGHT="1058">
						<TextLine ID="line_6" HPOS="326" VPOS="490" WIDTH="1439" HEIGHT="38">
							<String ID="string_50" HPOS="326" VPOS="490" WIDTH="357" HEIGHT="38" WC="0.75" CONTENT="Landsorganisationen"/><SP WIDTH="22" VPOS="490" HPOS="683"/>
							<String ID="string_51" HPOS="705" VPOS="490" WIDTH="166" HEIGHT="38" WC="0.96" CONTENT="förklarar,"/><SP WIDTH="23" VPOS="490" HPOS="871"/>
							<String ID="string_52" HPOS="894" VPOS="494" WIDTH="46" HEIGHT="27" WC="0.96" CONTENT="att"/><SP WIDTH="23" VPOS="494" HPOS="940"/>
							<String ID="string_53" HPOS="963" VPOS="491" WIDTH="75" HEIGHT="30" WC="0.93" CONTENT="från"/><SP WIDTH="22" VPOS="491" HPOS="1038"/>
							<String ID="string_54" HPOS="1060" VPOS="490" WIDTH="255" HEIGHT="38" WC="0.91" CONTENT="arbetarpartens"/><SP WIDTH="20" VPOS="490" HPOS="1315"/>
							<String ID="string_55" HPOS="1335" VPOS="490" WIDTH="70" HEIGHT="30" WC="0.96" CONTENT="sida"/><SP WIDTH="21" VPOS="490" HPOS="1405"/>
							<String ID="string_56" HPOS="1426" VPOS="490" WIDTH="165" HEIGHT="37" WC="0.96" CONTENT="ingenting"/><SP WIDTH="24" VPOS="490" HPOS="1591"/>
							<String ID="string_57" HPOS="1615" VPOS="490" WIDTH="84" HEIGHT="29" WC="0.95" CONTENT="finns"/><SP WIDTH="22" VPOS="490" HPOS="1699"/>
							<String ID="string_58" HPOS="1721" VPOS="494" WIDTH="44" HEIGHT="26" WC="0.95" CONTENT="att"/>
						</TextLine>
						<TextLine ID="line_7" HPOS="284" VPOS="543" WIDTH="1483" HEIGHT="39">
							<String ID="string_59" HPOS="284" VPOS="543" WIDTH="107" HEIGHT="31" WC="0.96" CONTENT="erinra"/><SP WIDTH="16" VPOS="543" HPOS="391"/>
							<String ID="string_60" HPOS="407" VPOS="548" WIDTH="63" HEIGHT="27" WC="0.96" CONTENT="mot"/><SP WIDTH="16" VPOS="548" HPOS="470"/>
							<String ID="string_61" HPOS="486" VPOS="544" WIDTH="231" HEIGHT="38" WC="0.94" CONTENT="auktorisering"/><SP WIDTH="17" VPOS="544" HPOS="717"/>
							<String ID="string_62" HPOS="734" VPOS="553" WIDTH="38" HEIGHT="21" WC="0.93" CONTENT="av"/><SP WIDTH="18" VPOS="553" HPOS="772"/>
							<String ID="string_63" HPOS="790" VPOS="544" WIDTH="244" HEIGHT="38" WC="0.91" CONTENT="mätningsmän,"/><SP WIDTH="20" VPOS="544" HPOS="1034"/>
							<String ID="string_64" HPOS="1054" VPOS="543" WIDTH="134" HEIGHT="32" WC="0.95" CONTENT="avsedda"/><SP WIDTH="18" VPOS="543" HPOS="1188"/>
							<String ID="string_65" HPOS="1206" VPOS="547" WIDTH="47" HEIGHT="27" WC="0.96" CONTENT="att"/><SP WIDTH="19" VPOS="547" HPOS="1253"/>
							<String ID="string_66" HPOS="1272" VPOS="543" WIDTH="113" HEIGHT="31" WC="0.95" CONTENT="anlitas"/><SP WIDTH="18" VPOS="543" HPOS="1385"/>
							<String ID="string_67" HPOS="1403" VPOS="553" WIDTH="37" HEIGHT="21" WC="0.93" CONTENT="av"/><SP WIDTH="18" VPOS="553" HPOS="1440"/>
							<String ID="string_68" HPOS="1458" VPOS="543" WIDTH="309" HEIGHT="38" WC="0.84" CONTENT="arbetsgivarparten"/>
						</TextLine>
						<TextLine ID="line_8" HPOS="282" VPOS="596" WIDTH="1484" HEIGHT="39">
							<String ID="string_69" HPOS="282" VPOS="598" WIDTH="103" HEIGHT="30" WC="0.96" CONTENT="såsom"/><SP WIDTH="18" VPOS="598" HPOS="385"/>
							<String ID="string_70" HPOS="403" VPOS="597" WIDTH="68" HEIGHT="31" WC="0.96" CONTENT="dess"/><SP WIDTH="18" VPOS="597" HPOS="471"/>
							<String ID="string_71" HPOS="489" VPOS="597" WIDTH="117" HEIGHT="31" WC="0.95" CONTENT="ombud"/><SP WIDTH="20" VPOS="597" HPOS="606"/>
							<String ID="string_72" HPOS="626" VPOS="597" WIDTH="74" HEIGHT="31" WC="0.77" CONTENT="celler"/><SP WIDTH="18" VPOS="597" HPOS="700"/>
							<String ID="string_73" HPOS="718" VPOS="597" WIDTH="170" HEIGHT="32" WC="0.96" CONTENT="eventuellt"/><SP WIDTH="18" VPOS="597" HPOS="888"/>
							<String ID="string_74" HPOS="906" VPOS="608" WIDTH="39" HEIGHT="20" WC="0.95" CONTENT="av"/><SP WIDTH="17" VPOS="608" HPOS="945"/>
							<String ID="string_75" HPOS="962" VPOS="597" WIDTH="82" HEIGHT="31" WC="0.95" CONTENT="båda"/><SP WIDTH="20" VPOS="597" HPOS="1044"/>
							<String ID="string_76" HPOS="1064" VPOS="601" WIDTH="159" HEIGHT="34" WC="0.96" CONTENT="parterna,"/><SP WIDTH="21" VPOS="601" HPOS="1223"/>
							<String ID="string_77" HPOS="1244" VPOS="607" WIDTH="72" HEIGHT="20" WC="0.96" CONTENT="men"/><SP WIDTH="19" VPOS="607" HPOS="1316"/>
							<String ID="string_78" HPOS="1335" VPOS="601" WIDTH="47" HEIGHT="27" WC="0.96" CONTENT="att"/><SP WIDTH="18" VPOS="601" HPOS="1382"/>
							<String ID="string_79" HPOS="1400" VPOS="596" WIDTH="172" HEIGHT="38" WC="0.96" CONTENT="anledning"/><SP WIDTH="17" VPOS="596" HPOS="1572"/>
							<String ID="string_80" HPOS="1589" VPOS="596" WIDTH="111" HEIGHT="31" WC="0.96" CONTENT="saknas"/><SP WIDTH="19" VPOS="596" HPOS="1700"/>
							<String ID="string_81" HPOS="1719" VPOS="600" WIDTH="47" HEIGHT="27" WC="0.96" CONTENT="att"/>
						</TextLine>
						<TextLine ID="line_9" HPOS="284" VPOS="649" WIDTH="1482" HEIGHT="40">
							<String ID="string_82" HPOS="284" VPOS="651" WIDTH="121" HEIGHT="31" WC="0.96" CONTENT="inrätta"/><SP WIDTH="12" VPOS="651" HPOS="405"/>
							<String ID="string_83" HPOS="417" VPOS="661" WIDTH="37" HEIGHT="21" WC="0.96" CONTENT="en"/><SP WIDTH="13" VPOS="661" HPOS="454"/>
							<String ID="string_84" HPOS="467" VPOS="651" WIDTH="190" HEIGHT="38" WC="0.96" CONTENT="institution,"/><SP WIDTH="14" VPOS="651" HPOS="657"/>
							<String ID="string_85" HPOS="671" VPOS="661" WIDTH="63" HEIGHT="21" WC="0.96" CONTENT="som"/><SP WIDTH="12" VPOS="661" HPOS="734"/>
							<String ID="string_86" HPOS="746" VPOS="650" WIDTH="101" HEIGHT="32" WC="0.96" CONTENT="skulle"/><SP WIDTH="14" VPOS="650" HPOS="847"/>
							<String ID="string_87" HPOS="861" VPOS="652" WIDTH="115" HEIGHT="30" WC="0.96" CONTENT="ersätta"/><SP WIDTH="11" VPOS="652" HPOS="976"/>
							<String ID="string_88" HPOS="987" VPOS="651" WIDTH="62" HEIGHT="31" WC="0.96" CONTENT="den"/><SP WIDTH="13" VPOS="651" HPOS="1049"/>
							<String ID="string_89" HPOS="1062" VPOS="650" WIDTH="181" HEIGHT="32" WC="0.96" CONTENT="nuvarande"/><SP WIDTH="14" VPOS="650" HPOS="1243"/>
							<String ID="string_90" HPOS="1257" VPOS="650" WIDTH="175" HEIGHT="38" WC="0.95" CONTENT="ordningen"/><SP WIDTH="13" VPOS="650" HPOS="1432"/>
							<String ID="string_91" HPOS="1445" VPOS="650" WIDTH="70" HEIGHT="31" WC="0.93" CONTENT="med"/><SP WIDTH="13" VPOS="650" HPOS="1515"/>
							<String ID="string_92" HPOS="1528" VPOS="649" WIDTH="238" HEIGHT="38" WC="0.91" CONTENT="skiljenämnds-"/>
						</TextLine>
						<TextLine ID="line_10" HPOS="284" VPOS="703" WIDTH="1484" HEIGHT="39">
							<String ID="string_93" HPOS="284" VPOS="704" WIDTH="196" HEIGHT="31" WC="0.95" CONTENT="förfarande."/><SP WIDTH="30" VPOS="704" HPOS="480"/>
							<String ID="string_94" HPOS="510" VPOS="704" WIDTH="250" HEIGHT="31" WC="0.95" CONTENT="Riksförbundet"/><SP WIDTH="17" VPOS="704" HPOS="760"/>
							<String ID="string_95" HPOS="777" VPOS="704" WIDTH="232" HEIGHT="38" WC="0.95" CONTENT="landsbygdens"/><SP WIDTH="19" VPOS="704" HPOS="1009"/>
							<String ID="string_96" HPOS="1028" VPOS="704" WIDTH="67" HEIGHT="31" WC="0.96" CONTENT="folk"/><SP WIDTH="17" VPOS="704" HPOS="1095"/>
							<String ID="string_97" HPOS="1112" VPOS="714" WIDTH="90" HEIGHT="21" WC="0.96" CONTENT="anser"/><SP WIDTH="17" VPOS="714" HPOS="1202"/>
							<String ID="string_98" HPOS="1219" VPOS="707" WIDTH="46" HEIGHT="28" WC="0.96" CONTENT="att"/><SP WIDTH="19" VPOS="707" HPOS="1265"/>
							<String ID="string_99" HPOS="1284" VPOS="703" WIDTH="171" HEIGHT="31" WC="0.96" CONTENT="motionens"/><SP WIDTH="17" VPOS="703" HPOS="1455"/>
							<String ID="string_100" HPOS="1472" VPOS="703" WIDTH="85" HEIGHT="38" WC="0.96" CONTENT="syfte"/><SP WIDTH="19" VPOS="703" HPOS="1557"/>
							<String ID="string_101" HPOS="1576" VPOS="703" WIDTH="62" HEIGHT="31" WC="0.96" CONTENT="kan"/><SP WIDTH="17" VPOS="703" HPOS="1638"/>
							<String ID="string_102" HPOS="1655" VPOS="703" WIDTH="113" HEIGHT="30" WC="0.96" CONTENT="vinnas"/>
						</TextLine>
						<TextLine ID="line_11" HPOS="285" VPOS="756" WIDTH="1481" HEIGHT="40">
							<String ID="string_103" HPOS="285" VPOS="759" WIDTH="40" HEIGHT="37" WC="0.96" CONTENT="på"/><SP WIDTH="20" VPOS="759" HPOS="325"/>
							<String ID="string_104" HPOS="345" VPOS="762" WIDTH="44" HEIGHT="27" WC="0.96" CONTENT="ett"/><SP WIDTH="20" VPOS="762" HPOS="389"/>
							<String ID="string_105" HPOS="409" VPOS="758" WIDTH="124" HEIGHT="32" WC="0.96" CONTENT="enklare"/><SP WIDTH="18" VPOS="758" HPOS="533"/>
							<String ID="string_106" HPOS="551" VPOS="758" WIDTH="57" HEIGHT="31" WC="0.95" CONTENT="och"/><SP WIDTH="20" VPOS="758" HPOS="608"/>
							<String ID="string_107" HPOS="628" VPOS="758" WIDTH="142" HEIGHT="38" WC="0.95" CONTENT="billigare"/><SP WIDTH="18" VPOS="758" HPOS="770"/>
							<String ID="string_108" HPOS="788" VPOS="759" WIDTH="72" HEIGHT="36" WC="0.96" CONTENT="sätt,"/><SP WIDTH="22" VPOS="759" HPOS="860"/>
							<String ID="string_109" HPOS="882" VPOS="768" WIDTH="49" HEIGHT="20" WC="0.92" CONTENT="om"/><SP WIDTH="19" VPOS="768" HPOS="931"/>
							<String ID="string_110" HPOS="950" VPOS="757" WIDTH="368" HEIGHT="38" WC="0.89" CONTENT="arbetsgivarintresseha"/><SP WIDTH="18" VPOS="757" HPOS="1318"/>
							<String ID="string_111" HPOS="1336" VPOS="757" WIDTH="43" HEIGHT="38" WC="0.96" CONTENT="på"/><SP WIDTH="19" VPOS="757" HPOS="1379"/>
							<String ID="string_112" HPOS="1398" VPOS="756" WIDTH="216" HEIGHT="38" WC="0.95" CONTENT="landsbygden"/><SP WIDTH="20" VPOS="756" HPOS="1614"/>
							<String ID="string_113" HPOS="1634" VPOS="757" WIDTH="42" HEIGHT="30" WC="0.93" CONTENT="bli"/><SP WIDTH="21" VPOS="757" HPOS="1676"/>
							<String ID="string_114" HPOS="1697" VPOS="756" WIDTH="69" HEIGHT="31" WC="0.89" CONTENT="ord-"/>
						</TextLine>
						<TextLine ID="line_12" HPOS="284" VPOS="810" WIDTH="1482" HEIGHT="40">
							<String ID="string_115" HPOS="284" VPOS="812" WIDTH="81" HEIGHT="32" WC="0.96" CONTENT="nade"/><SP WIDTH="18" VPOS="812" HPOS="365"/>
							<String ID="string_116" HPOS="383" VPOS="813" WIDTH="42" HEIGHT="37" WC="0.96" CONTENT="så,"/><SP WIDTH="18" VPOS="813" HPOS="425"/>
							<String ID="string_117" HPOS="443" VPOS="816" WIDTH="47" HEIGHT="27" WC="0.96" CONTENT="att"/><SP WIDTH="18" VPOS="816" HPOS="490"/>
							<String ID="string_118" HPOS="508" VPOS="812" WIDTH="52" HEIGHT="31" WC="0.96" CONTENT="för"/><SP WIDTH="19" VPOS="812" HPOS="560"/>
							<String ID="string_119" HPOS="579" VPOS="812" WIDTH="217" HEIGHT="38" WC="0.96" CONTENT="landsbygden"/><SP WIDTH="19" VPOS="812" HPOS="796"/>
							<String ID="string_120" HPOS="815" VPOS="811" WIDTH="144" HEIGHT="38" WC="0.96" CONTENT="lämpade"/><SP WIDTH="18" VPOS="811" HPOS="959"/>
							<String ID="string_121" HPOS="977" VPOS="811" WIDTH="169" HEIGHT="31" WC="0.96" CONTENT="kollektiva"/><SP WIDTH="19" VPOS="811" HPOS="1146"/>
							<String ID="string_122" HPOS="1165" VPOS="811" WIDTH="86" HEIGHT="31" WC="0.96" CONTENT="avtal"/><SP WIDTH="20" VPOS="811" HPOS="1251"/>
							<String ID="string_123" HPOS="1271" VPOS="811" WIDTH="175" HEIGHT="37" WC="0.92" CONTENT="upprättas."/><SP WIDTH="32" VPOS="811" HPOS="1446"/>
							<String ID="string_124" HPOS="1478" VPOS="810" WIDTH="113" HEIGHT="38" WC="0.91" CONTENT="Dylikt"/><SP WIDTH="18" VPOS="810" HPOS="1591"/>
							<String ID="string_125" HPOS="1609" VPOS="810" WIDTH="157" HEIGHT="37" WC="0.90" CONTENT="organisa-"/>
						</TextLine>
						<TextLine ID="line_13" HPOS="284" VPOS="863" WIDTH="1484" HEIGHT="41">
							<String ID="string_126" HPOS="284" VPOS="866" WIDTH="187" HEIGHT="31" WC="0.81" CONTENT="tionsarbete"/><SP WIDTH="17" VPOS="866" HPOS="471"/>
							<String ID="string_127" HPOS="488" VPOS="867" WIDTH="37" HEIGHT="30" WC="0.96" CONTENT="är"/><SP WIDTH="18" VPOS="867" HPOS="525"/>
							<String ID="string_128" HPOS="543" VPOS="865" WIDTH="97" HEIGHT="31" WC="0.96" CONTENT="redan"/><SP WIDTH="18" VPOS="865" HPOS="640"/>
							<String ID="string_129" HPOS="658" VPOS="866" WIDTH="11" HEIGHT="30" WC="0.96" CONTENT="i"/><SP WIDTH="18" VPOS="866" HPOS="669"/>
							<String ID="string_130" HPOS="687" VPOS="865" WIDTH="58" HEIGHT="31" WC="0.95" CONTENT="full"/><SP WIDTH="20" VPOS="865" HPOS="745"/>
							<String ID="string_131" HPOS="765" VPOS="865" WIDTH="92" HEIGHT="39" WC="0.96" CONTENT="gång,"/><SP WIDTH="19" VPOS="865" HPOS="857"/>
							<String ID="string_132" HPOS="876" VPOS="865" WIDTH="56" HEIGHT="31" WC="0.96" CONTENT="och"/><SP WIDTH="19" VPOS="865" HPOS="932"/>
							<String ID="string_133" HPOS="951" VPOS="865" WIDTH="166" HEIGHT="31" WC="0.96" CONTENT="resultatet"/><SP WIDTH="17" VPOS="865" HPOS="1117"/>
							<String ID="string_134" HPOS="1134" VPOS="864" WIDTH="56" HEIGHT="32" WC="0.93" CONTENT="bör"/><SP WIDTH="17" VPOS="864" HPOS="1190"/>
							<String ID="string_135" HPOS="1207" VPOS="864" WIDTH="159" HEIGHT="39" WC="0.90" CONTENT="avvaktas,"/><SP WIDTH="19" VPOS="864" HPOS="1366"/>
							<String ID="string_136" HPOS="1385" VPOS="864" WIDTH="97" HEIGHT="30" WC="0.95" CONTENT="innan"/><SP WIDTH="17" VPOS="864" HPOS="1482"/>
							<String ID="string_137" HPOS="1499" VPOS="863" WIDTH="103" HEIGHT="31" WC="0.96" CONTENT="andra"/><SP WIDTH="18" VPOS="863" HPOS="1602"/>
							<String ID="string_138" HPOS="1620" VPOS="863" WIDTH="148" HEIGHT="37" WC="0.96" CONTENT="åtgärder"/>
						</TextLine>
						<TextLine ID="line_14" HPOS="284" VPOS="916" WIDTH="1482" HEIGHT="42">
							<String ID="string_139" HPOS="284" VPOS="919" WIDTH="152" HEIGHT="39" WC="0.96" CONTENT="vidtagas,"/><SP WIDTH="20" VPOS="919" HPOS="436"/>
							<String ID="string_140" HPOS="456" VPOS="920" WIDTH="112" HEIGHT="30" WC="0.96" CONTENT="varför"/><SP WIDTH="18" VPOS="920" HPOS="568"/>
							<String ID="string_141" HPOS="586" VPOS="919" WIDTH="159" HEIGHT="31" WC="0.93" CONTENT="motionen"/><SP WIDTH="19" VPOS="919" HPOS="745"/>
							<String ID="string_142" HPOS="764" VPOS="919" WIDTH="170" HEIGHT="37" WC="0.90" CONTENT="avstyrkes."/><SP WIDTH="32" VPOS="919" HPOS="934"/>
							<String ID="string_143" HPOS="966" VPOS="916" WIDTH="90" HEIGHT="33" WC="0.96" CONTENT="Även"/><SP WIDTH="18" VPOS="916" HPOS="1056"/>
							<String ID="string_144" HPOS="1074" VPOS="918" WIDTH="127" HEIGHT="31" WC="0.92" CONTENT="svenska"/><SP WIDTH="19" VPOS="918" HPOS="1201"/>
							<String ID="string_145" HPOS="1220" VPOS="916" WIDTH="477" HEIGHT="39" WC="0.60" CONTENT="byggnadsindustriförbundet"/><SP WIDTH="19" VPOS="916" HPOS="1697"/>
							<String ID="string_146" HPOS="1716" VPOS="926" WIDTH="50" HEIGHT="20" WC="0.92" CONTENT="av-"/>
						</TextLine>
						<TextLine ID="line_15" HPOS="282" VPOS="970" WIDTH="1485" HEIGHT="41">
							<String ID="string_147" HPOS="282" VPOS="974" WIDTH="126" HEIGHT="37" WC="0.92" CONTENT="styrker"/><SP WIDTH="16" VPOS="974" HPOS="408"/>
							<String ID="string_148" HPOS="424" VPOS="974" WIDTH="167" HEIGHT="36" WC="0.95" CONTENT="motionen,"/><SP WIDTH="18" VPOS="974" HPOS="591"/>
							<String ID="string_149" HPOS="609" VPOS="974" WIDTH="75" HEIGHT="29" WC="0.96" CONTENT="enär"/><SP WIDTH="15" VPOS="974" HPOS="684"/>
							<String ID="string_150" HPOS="699" VPOS="973" WIDTH="60" HEIGHT="30" WC="0.95" CONTENT="den"/><SP WIDTH="17" VPOS="973" HPOS="759"/>
							<String ID="string_151" HPOS="776" VPOS="972" WIDTH="138" HEIGHT="31" WC="0.93" CONTENT="enskilde"/><SP WIDTH="14" VPOS="972" HPOS="914"/>
							<String ID="string_152" HPOS="928" VPOS="972" WIDTH="296" HEIGHT="38" WC="0.91" CONTENT="mätningsmannen"/><SP WIDTH="14" VPOS="972" HPOS="1224"/>
							<String ID="string_153" HPOS="1238" VPOS="971" WIDTH="102" HEIGHT="30" WC="0.96" CONTENT="skulle"/><SP WIDTH="15" VPOS="971" HPOS="1340"/>
							<String ID="string_154" HPOS="1355" VPOS="971" WIDTH="35" HEIGHT="30" WC="0.96" CONTENT="få"/><SP WIDTH="16" VPOS="971" HPOS="1390"/>
							<String ID="string_155" HPOS="1406" VPOS="981" WIDTH="38" HEIGHT="20" WC="0.96" CONTENT="en"/><SP WIDTH="16" VPOS="981" HPOS="1444"/>
							<String ID="string_156" HPOS="1460" VPOS="970" WIDTH="164" HEIGHT="37" WC="0.95" CONTENT="domsrätt,"/><SP WIDTH="18" VPOS="970" HPOS="1624"/>
							<String ID="string_157" HPOS="1642" VPOS="979" WIDTH="64" HEIGHT="21" WC="0.96" CONTENT="som"/><SP WIDTH="16" VPOS="979" HPOS="1706"/>
							<String ID="string_158" HPOS="1722" VPOS="978" WIDTH="45" HEIGHT="21" WC="0.96" CONTENT="nu"/>
						</TextLine>
						<TextLine ID="line_16" HPOS="284" VPOS="1023" WIDTH="1481" HEIGHT="42">
							<String ID="string_159" HPOS="284" VPOS="1026" WIDTH="110" HEIGHT="32" WC="0.96" CONTENT="endast"/><SP WIDTH="19" VPOS="1026" HPOS="394"/>
							<String ID="string_160" HPOS="413" VPOS="1029" WIDTH="109" HEIGHT="29" WC="0.96" CONTENT="utövas"/><SP WIDTH="20" VPOS="1029" HPOS="522"/>
							<String ID="string_161" HPOS="542" VPOS="1037" WIDTH="40" HEIGHT="21" WC="0.96" CONTENT="av"/><SP WIDTH="19" VPOS="1037" HPOS="582"/>
							<String ID="string_162" HPOS="601" VPOS="1026" WIDTH="131" HEIGHT="32" WC="0.96" CONTENT="domstol"/><SP WIDTH="19" VPOS="1026" HPOS="732"/>
							<String ID="string_163" HPOS="751" VPOS="1026" WIDTH="76" HEIGHT="32" WC="0.93" CONTENT="eller"/><SP WIDTH="20" VPOS="1026" HPOS="827"/>
							<String ID="string_164" HPOS="847" VPOS="1026" WIDTH="220" HEIGHT="39" WC="0.90" CONTENT="skiljenämnd,"/><SP WIDTH="21" VPOS="1026" HPOS="1067"/>
							<String ID="string_165" HPOS="1088" VPOS="1026" WIDTH="97" HEIGHT="31" WC="0.96" CONTENT="vilket"/><SP WIDTH="21" VPOS="1026" HPOS="1185"/>
							<String ID="string_166" HPOS="1206" VPOS="1025" WIDTH="65" HEIGHT="31" WC="0.96" CONTENT="icke"/><SP WIDTH="21" VPOS="1025" HPOS="1271"/>
							<String ID="string_167" HPOS="1292" VPOS="1027" WIDTH="100" HEIGHT="36" WC="0.96" CONTENT="gärna"/><SP WIDTH="17" VPOS="1027" HPOS="1392"/>
							<String ID="string_168" HPOS="1409" VPOS="1025" WIDTH="62" HEIGHT="30" WC="0.96" CONTENT="kan"/><SP WIDTH="18" VPOS="1025" HPOS="1471"/>
							<String ID="string_169" HPOS="1489" VPOS="1024" WIDTH="122" HEIGHT="31" WC="0.95" CONTENT="komma"/><SP WIDTH="24" VPOS="1024" HPOS="1611"/>
							<String ID="string_170" HPOS="1635" VPOS="1024" WIDTH="8" HEIGHT="29" WC="0.96" CONTENT="i"/><SP WIDTH="24" VPOS="1024" HPOS="1643"/>
							<String ID="string_171" HPOS="1667" VPOS="1023" WIDTH="98" HEIGHT="37" WC="0.95" CONTENT="fråga."/>
						</TextLine>
						<TextLine ID="line_17" HPOS="285" VPOS="1076" WIDTH="1482" HEIGHT="43">
							<String ID="string_172" HPOS="285" VPOS="1078" WIDTH="139" HEIGHT="34" WC="0.93" CONTENT="Svenska"/><SP WIDTH="16" VPOS="1078" HPOS="424"/>
							<String ID="string_173" HPOS="440" VPOS="1080" WIDTH="401" HEIGHT="39" WC="0.92" CONTENT="arbetsgivareföreningen"/><SP WIDTH="16" VPOS="1080" HPOS="841"/>
							<String ID="string_174" HPOS="857" VPOS="1079" WIDTH="129" HEIGHT="39" WC="0.96" CONTENT="uttalar,"/><SP WIDTH="20" VPOS="1079" HPOS="986"/>
							<String ID="string_175" HPOS="1006" VPOS="1083" WIDTH="46" HEIGHT="28" WC="0.96" CONTENT="att"/><SP WIDTH="19" VPOS="1083" HPOS="1052"/>
							<String ID="string_176" HPOS="1071" VPOS="1080" WIDTH="53" HEIGHT="31" WC="0.96" CONTENT="det"/><SP WIDTH="19" VPOS="1080" HPOS="1124"/>
							<String ID="string_177" HPOS="1143" VPOS="1079" WIDTH="63" HEIGHT="31" WC="0.84" CONTENT="icke"/><SP WIDTH="19" VPOS="1079" HPOS="1206"/>
							<String ID="string_178" HPOS="1225" VPOS="1079" WIDTH="89" HEIGHT="31" WC="0.96" CONTENT="torde"/><SP WIDTH="18" VPOS="1079" HPOS="1314"/>
							<String ID="string_179" HPOS="1332" VPOS="1088" WIDTH="77" HEIGHT="21" WC="0.95" CONTENT="vara"/><SP WIDTH="16" VPOS="1088" HPOS="1409"/>
							<String ID="string_180" HPOS="1425" VPOS="1077" WIDTH="101" HEIGHT="39" WC="0.93" CONTENT="själva"/><SP WIDTH="19" VPOS="1077" HPOS="1526"/>
							<String ID="string_181" HPOS="1545" VPOS="1076" WIDTH="222" HEIGHT="38" WC="0.91" CONTENT="mätningsför-"/>
						</TextLine>
						<TextLine ID="line_18" HPOS="285" VPOS="1129" WIDTH="1480" HEIGHT="43">
							<String ID="string_182" HPOS="285" VPOS="1135" WIDTH="148" HEIGHT="31" WC="0.89" CONTENT="farandet"/><SP WIDTH="17" VPOS="1135" HPOS="433"/>
							<String ID="string_183" HPOS="450" VPOS="1137" WIDTH="79" HEIGHT="28" WC="0.96" CONTENT="utan"/><SP WIDTH="18" VPOS="1137" HPOS="529"/>
							<String ID="string_184" HPOS="547" VPOS="1134" WIDTH="242" HEIGHT="38" WC="0.96" CONTENT="tillämpningen"/><SP WIDTH="17" VPOS="1134" HPOS="789"/>
							<String ID="string_185" HPOS="806" VPOS="1144" WIDTH="40" HEIGHT="20" WC="0.93" CONTENT="av"/><SP WIDTH="18" VPOS="1144" HPOS="846"/>
							<String ID="string_186" HPOS="864" VPOS="1133" WIDTH="288" HEIGHT="38" WC="0.90" CONTENT="ackordssystemet,"/><SP WIDTH="19" VPOS="1133" HPOS="1152"/>
							<String ID="string_187" HPOS="1171" VPOS="1142" WIDTH="65" HEIGHT="22" WC="0.96" CONTENT="som"/><SP WIDTH="20" VPOS="1142" HPOS="1236"/>
							<String ID="string_188" HPOS="1256" VPOS="1132" WIDTH="93" HEIGHT="31" WC="0.96" CONTENT="väckt"/><SP WIDTH="18" VPOS="1132" HPOS="1349"/>
							<String ID="string_189" HPOS="1367" VPOS="1131" WIDTH="96" HEIGHT="38" WC="0.96" CONTENT="ovilja"/><SP WIDTH="18" VPOS="1131" HPOS="1463"/>
							<String ID="string_190" HPOS="1481" VPOS="1131" WIDTH="42" HEIGHT="38" WC="0.96" CONTENT="på"/><SP WIDTH="20" VPOS="1131" HPOS="1523"/>
							<String ID="string_191" HPOS="1543" VPOS="1129" WIDTH="222" HEIGHT="39" WC="0.96" CONTENT="landsbygden,"/>
						</TextLine>
						<TextLine ID="line_19" HPOS="285" VPOS="1181" WIDTH="1482" HEIGHT="45">
							<String ID="string_192" HPOS="285" VPOS="1188" WIDTH="111" HEIGHT="31" WC="0.93" CONTENT="varför"/><SP WIDTH="18" VPOS="1188" HPOS="396"/>
							<String ID="string_193" HPOS="414" VPOS="1188" WIDTH="209" HEIGHT="38" WC="0.89" CONTENT="angelägnare"/><SP WIDTH="18" VPOS="1188" HPOS="623"/>
							<String ID="string_194" HPOS="641" VPOS="1189" WIDTH="44" HEIGHT="36" WC="0.96" CONTENT="är,"/><SP WIDTH="21" VPOS="1189" HPOS="685"/>
							<String ID="string_195" HPOS="706" VPOS="1191" WIDTH="49" HEIGHT="28" WC="0.96" CONTENT="att"/><SP WIDTH="18" VPOS="1191" HPOS="755"/>
							<String ID="string_196" HPOS="773" VPOS="1187" WIDTH="53" HEIGHT="30" WC="0.96" CONTENT="för"/><SP WIDTH="18" VPOS="1187" HPOS="826"/>
							<String ID="string_197" HPOS="844" VPOS="1186" WIDTH="217" HEIGHT="39" WC="0.96" CONTENT="landsbygden"/><SP WIDTH="18" VPOS="1186" HPOS="1061"/>
							<String ID="string_198" HPOS="1079" VPOS="1186" WIDTH="132" HEIGHT="32" WC="0.96" CONTENT="avsedda"/><SP WIDTH="21" VPOS="1186" HPOS="1211"/>
							<String ID="string_199" HPOS="1232" VPOS="1185" WIDTH="162" HEIGHT="39" WC="0.95" CONTENT="prislistor"/><SP WIDTH="17" VPOS="1185" HPOS="1394"/>
							<String ID="string_200" HPOS="1411" VPOS="1184" WIDTH="168" HEIGHT="31" WC="0.94" CONTENT="utarbetas."/><SP WIDTH="31" VPOS="1184" HPOS="1579"/>
							<String ID="string_201" HPOS="1610" VPOS="1181" WIDTH="89" HEIGHT="33" WC="0.96" CONTENT="Även"/><SP WIDTH="19" VPOS="1181" HPOS="1699"/>
							<String ID="string_202" HPOS="1718" VPOS="1192" WIDTH="49" HEIGHT="21" WC="0.96" CONTENT="om"/>
						</TextLine>
						<TextLine ID="line_20" HPOS="284" VPOS="1237" WIDTH="1484" HEIGHT="44">
							<String ID="string_203" HPOS="284" VPOS="1242" WIDTH="54" HEIGHT="31" WC="0.96" CONTENT="det"/><SP WIDTH="18" VPOS="1242" HPOS="338"/>
							<String ID="string_204" HPOS="356" VPOS="1242" WIDTH="10" HEIGHT="30" WC="0.96" CONTENT="i"/><SP WIDTH="16" VPOS="1242" HPOS="366"/>
							<String ID="string_205" HPOS="382" VPOS="1242" WIDTH="124" HEIGHT="39" WC="0.96" CONTENT="princip"/><SP WIDTH="18" VPOS="1242" HPOS="506"/>
							<String ID="string_206" HPOS="524" VPOS="1242" WIDTH="66" HEIGHT="31" WC="0.81" CONTENT="icke"/><SP WIDTH="17" VPOS="1242" HPOS="590"/>
							<String ID="string_207" HPOS="607" VPOS="1241" WIDTH="62" HEIGHT="31" WC="0.96" CONTENT="kan"/><SP WIDTH="16" VPOS="1241" HPOS="669"/>
							<String ID="string_208" HPOS="685" VPOS="1243" WIDTH="90" HEIGHT="36" WC="0.93" CONTENT="göras"/><SP WIDTH="17" VPOS="1243" HPOS="775"/>
							<String ID="string_209" HPOS="792" VPOS="1241" WIDTH="142" HEIGHT="38" WC="0.92" CONTENT="erinring"/><SP WIDTH="16" VPOS="1241" HPOS="934"/>
							<String ID="string_210" HPOS="950" VPOS="1244" WIDTH="66" HEIGHT="27" WC="0.96" CONTENT="mot"/><SP WIDTH="17" VPOS="1244" HPOS="1016"/>
							<String ID="string_211" HPOS="1033" VPOS="1244" WIDTH="45" HEIGHT="27" WC="0.96" CONTENT="att"/><SP WIDTH="18" VPOS="1244" HPOS="1078"/>
							<String ID="string_212" HPOS="1096" VPOS="1239" WIDTH="233" HEIGHT="32" WC="0.93" CONTENT="auktoriserade"/><SP WIDTH="17" VPOS="1239" HPOS="1329"/>
							<String ID="string_213" HPOS="1346" VPOS="1238" WIDTH="233" HEIGHT="37" WC="0.92" CONTENT="mätningsmän"/><SP WIDTH="21" VPOS="1238" HPOS="1579"/>
							<String ID="string_214" HPOS="1600" VPOS="1237" WIDTH="103" HEIGHT="30" WC="0.96" CONTENT="finnas"/><SP WIDTH="17" VPOS="1237" HPOS="1703"/>
							<String ID="string_215" HPOS="1720" VPOS="1240" WIDTH="48" HEIGHT="27" WC="0.96" CONTENT="att"/>
						</TextLine>
						<TextLine ID="line_21" HPOS="286" VPOS="1290" WIDTH="1481" HEIGHT="44">
							<String ID="string_216" HPOS="286" VPOS="1296" WIDTH="100" HEIGHT="38" WC="0.79" CONTENT="tillgå,"/><SP WIDTH="22" VPOS="1296" HPOS="386"/>
							<String ID="string_217" HPOS="408" VPOS="1295" WIDTH="57" HEIGHT="31" WC="0.96" CONTENT="bör"/><SP WIDTH="21" VPOS="1295" HPOS="465"/>
							<String ID="string_218" HPOS="486" VPOS="1305" WIDTH="74" HEIGHT="21" WC="0.93" CONTENT="man"/><SP WIDTH="23" VPOS="1305" HPOS="560"/>
							<String ID="string_219" HPOS="583" VPOS="1295" WIDTH="78" HEIGHT="31" WC="0.91" CONTENT="doek"/><SP WIDTH="22" VPOS="1295" HPOS="661"/>
							<String ID="string_220" HPOS="683" VPOS="1295" WIDTH="65" HEIGHT="31" WC="0.96" CONTENT="icke"/><SP WIDTH="24" VPOS="1295" HPOS="748"/>
							<String ID="string_221" HPOS="772" VPOS="1294" WIDTH="116" HEIGHT="32" WC="0.96" CONTENT="förbise"/><SP WIDTH="23" VPOS="1294" HPOS="888"/>
							<String ID="string_222" HPOS="911" VPOS="1294" WIDTH="38" HEIGHT="31" WC="0.96" CONTENT="de"/><SP WIDTH="21" VPOS="1294" HPOS="949"/>
							<String ID="string_223" HPOS="970" VPOS="1293" WIDTH="227" HEIGHT="32" WC="0.95" CONTENT="konsekvenser"/><SP WIDTH="22" VPOS="1293" HPOS="1197"/>
							<String ID="string_224" HPOS="1219" VPOS="1292" WIDTH="54" HEIGHT="31" WC="0.96" CONTENT="det"/><SP WIDTH="20" VPOS="1292" HPOS="1273"/>
							<String ID="string_225" HPOS="1293" VPOS="1293" WIDTH="62" HEIGHT="30" WC="0.96" CONTENT="kan"/><SP WIDTH="24" VPOS="1293" HPOS="1355"/>
							<String ID="string_226" HPOS="1379" VPOS="1292" WIDTH="42" HEIGHT="36" WC="0.96" CONTENT="få,"/><SP WIDTH="25" VPOS="1292" HPOS="1421"/>
							<String ID="string_227" HPOS="1446" VPOS="1301" WIDTH="50" HEIGHT="21" WC="0.93" CONTENT="om"/><SP WIDTH="22" VPOS="1301" HPOS="1496"/>
							<String ID="string_228" HPOS="1518" VPOS="1290" WIDTH="249" HEIGHT="38" WC="0.27" CONTENT="mätningsmans"/>
						</TextLine>
						<TextLine ID="line_22" HPOS="285" VPOS="1345" WIDTH="1481" HEIGHT="43">
							<String ID="string_229" HPOS="285" VPOS="1349" WIDTH="179" HEIGHT="39" WC="0.95" CONTENT="avgörande"/><SP WIDTH="18" VPOS="1349" HPOS="464"/>
							<String ID="string_230" HPOS="482" VPOS="1349" WIDTH="102" HEIGHT="31" WC="0.96" CONTENT="skulle"/><SP WIDTH="22" VPOS="1349" HPOS="584"/>
							<String ID="string_231" HPOS="606" VPOS="1349" WIDTH="33" HEIGHT="30" WC="0.95" CONTENT="få"/><SP WIDTH="22" VPOS="1349" HPOS="639"/>
							<String ID="string_232" HPOS="661" VPOS="1348" WIDTH="124" HEIGHT="38" WC="0.95" CONTENT="rättslig"/><SP WIDTH="22" VPOS="1348" HPOS="785"/>
							<String ID="string_233" HPOS="807" VPOS="1348" WIDTH="124" HEIGHT="37" WC="0.96" CONTENT="verkan,"/><SP WIDTH="22" VPOS="1348" HPOS="931"/>
							<String ID="string_234" HPOS="953" VPOS="1349" WIDTH="79" HEIGHT="29" WC="0.96" CONTENT="även"/><SP WIDTH="20" VPOS="1349" HPOS="1032"/>
							<String ID="string_235" HPOS="1052" VPOS="1357" WIDTH="50" HEIGHT="21" WC="0.95" CONTENT="om"/><SP WIDTH="20" VPOS="1357" HPOS="1102"/>
							<String ID="string_236" HPOS="1122" VPOS="1347" WIDTH="63" HEIGHT="30" WC="0.95" CONTENT="han"/><SP WIDTH="21" VPOS="1347" HPOS="1185"/>
							<String ID="string_237" HPOS="1206" VPOS="1345" WIDTH="151" HEIGHT="32" WC="0.96" CONTENT="tillkallas"/><SP WIDTH="19" VPOS="1345" HPOS="1357"/>
							<String ID="string_238" HPOS="1376" VPOS="1345" WIDTH="109" HEIGHT="31" WC="0.96" CONTENT="endast"/><SP WIDTH="21" VPOS="1345" HPOS="1485"/>
							<String ID="string_239" HPOS="1506" VPOS="1354" WIDTH="39" HEIGHT="21" WC="0.96" CONTENT="av"/><SP WIDTH="22" VPOS="1354" HPOS="1545"/>
							<String ID="string_240" HPOS="1567" VPOS="1354" WIDTH="55" HEIGHT="21" WC="0.96" CONTENT="ena"/><SP WIDTH="23" VPOS="1354" HPOS="1622"/>
							<String ID="string_241" HPOS="1645" VPOS="1346" WIDTH="121" HEIGHT="35" WC="0.63" CONTENT="parten."/>
						</TextLine>
						<TextLine ID="line_23" HPOS="285" VPOS="1396" WIDTH="1482" HEIGHT="40">
							<String ID="string_242" HPOS="285" VPOS="1403" WIDTH="63" HEIGHT="31" WC="0.96" CONTENT="Det"/><SP WIDTH="23" VPOS="1403" HPOS="348"/>
							<String ID="string_243" HPOS="371" VPOS="1403" WIDTH="99" HEIGHT="31" WC="0.95" CONTENT="skulle"/><SP WIDTH="24" VPOS="1403" HPOS="470"/>
							<String ID="string_244" HPOS="494" VPOS="1402" WIDTH="41" HEIGHT="31" WC="0.96" CONTENT="då"/><SP WIDTH="23" VPOS="1402" HPOS="535"/>
							<String ID="string_245" HPOS="558" VPOS="1402" WIDTH="124" HEIGHT="31" WC="0.96" CONTENT="komma"/><SP WIDTH="23" VPOS="1402" HPOS="682"/>
							<String ID="string_246" HPOS="705" VPOS="1405" WIDTH="48" HEIGHT="28" WC="0.96" CONTENT="att"/><SP WIDTH="23" VPOS="1405" HPOS="753"/>
							<String ID="string_247" HPOS="776" VPOS="1402" WIDTH="119" HEIGHT="30" WC="0.93" CONTENT="ersätta"/><SP WIDTH="21" VPOS="1402" HPOS="895"/>
							<String ID="string_248" HPOS="916" VPOS="1400" WIDTH="278" HEIGHT="32" WC="0.90" CONTENT="arbetsdomstolen"/><SP WIDTH="24" VPOS="1400" HPOS="1194"/>
							<String ID="string_249" HPOS="1218" VPOS="1399" WIDTH="58" HEIGHT="31" WC="0.91" CONTENT="och"/><SP WIDTH="24" VPOS="1399" HPOS="1276"/>
							<String ID="string_250" HPOS="1300" VPOS="1397" WIDTH="324" HEIGHT="39" WC="0.85" CONTENT="riksskiljenämnden."/><SP WIDTH="37" VPOS="1397" HPOS="1624"/>
							<String ID="string_251" HPOS="1661" VPOS="1396" WIDTH="106" HEIGHT="32" WC="0.80" CONTENT="Skulle"/>
						</TextLine>
						<TextLine ID="line_24" HPOS="285" VPOS="1450" WIDTH="1482" HEIGHT="44">
							<String ID="string_252" HPOS="285" VPOS="1456" WIDTH="234" HEIGHT="32" WC="0.96" CONTENT="institutionens"/><SP WIDTH="12" VPOS="1456" HPOS="519"/>
							<String ID="string_253" HPOS="531" VPOS="1455" WIDTH="183" HEIGHT="39" WC="0.93" CONTENT="behörighet"/><SP WIDTH="13" VPOS="1455" HPOS="714"/>
							<String ID="string_254" HPOS="727" VPOS="1455" WIDTH="184" HEIGHT="31" WC="0.91" CONTENT="inskränkas"/><SP WIDTH="13" VPOS="1455" HPOS="911"/>
							<String ID="string_255" HPOS="924" VPOS="1454" WIDTH="49" HEIGHT="32" WC="0.96" CONTENT="till"/><SP WIDTH="12" VPOS="1454" HPOS="973"/>
							<String ID="string_256" HPOS="985" VPOS="1453" WIDTH="122" HEIGHT="32" WC="0.96" CONTENT="sådana"/><SP WIDTH="13" VPOS="1453" HPOS="1107"/>
							<String ID="string_257" HPOS="1120" VPOS="1453" WIDTH="66" HEIGHT="40" WC="0.94" CONTENT="fall,"/><SP WIDTH="15" VPOS="1453" HPOS="1186"/>
							<String ID="string_258" HPOS="1201" VPOS="1453" WIDTH="59" HEIGHT="30" WC="0.96" CONTENT="där"/><SP WIDTH="12" VPOS="1453" HPOS="1260"/>
							<String ID="string_259" HPOS="1272" VPOS="1451" WIDTH="234" HEIGHT="32" WC="0.95" CONTENT="kollektivavtal"/><SP WIDTH="16" VPOS="1451" HPOS="1506"/>
							<String ID="string_260" HPOS="1522" VPOS="1451" WIDTH="29" HEIGHT="38" WC="0.95" CONTENT="ej"/><SP WIDTH="20" VPOS="1451" HPOS="1551"/>
							<String ID="string_261" HPOS="1571" VPOS="1450" WIDTH="196" HEIGHT="36" WC="0.96" CONTENT="förekomma,"/>
						</TextLine>
						<TextLine ID="line_25" HPOS="283" VPOS="1504" WIDTH="1266" HEIGHT="44">
							<String ID="string_262" HPOS="283" VPOS="1510" WIDTH="101" HEIGHT="31" WC="0.96" CONTENT="skulle"/><SP WIDTH="18" VPOS="1510" HPOS="384"/>
							<String ID="string_263" HPOS="402" VPOS="1510" WIDTH="60" HEIGHT="31" WC="0.96" CONTENT="den"/><SP WIDTH="17" VPOS="1510" HPOS="462"/>
							<String ID="string_264" HPOS="479" VPOS="1508" WIDTH="29" HEIGHT="39" WC="0.96" CONTENT="ej"/><SP WIDTH="20" VPOS="1508" HPOS="508"/>
							<String ID="string_265" HPOS="528" VPOS="1510" WIDTH="34" HEIGHT="30" WC="0.96" CONTENT="få"/><SP WIDTH="17" VPOS="1510" HPOS="562"/>
							<String ID="string_266" HPOS="579" VPOS="1510" WIDTH="104" HEIGHT="38" WC="0.96" CONTENT="någon"/><SP WIDTH="18" VPOS="1510" HPOS="683"/>
							<String ID="string_267" HPOS="701" VPOS="1508" WIDTH="144" HEIGHT="39" WC="0.96" CONTENT="praktisk"/><SP WIDTH="17" VPOS="1508" HPOS="845"/>
							<String ID="string_268" HPOS="862" VPOS="1507" WIDTH="165" HEIGHT="39" WC="0.95" CONTENT="betydelse."/><SP WIDTH="41" VPOS="1507" HPOS="1027"/>
							<String ID="string_269" HPOS="1068" VPOS="1507" WIDTH="162" HEIGHT="31" WC="0.93" CONTENT="Motionen"/><SP WIDTH="18" VPOS="1507" HPOS="1230"/>
							<String ID="string_270" HPOS="1248" VPOS="1505" WIDTH="162" HEIGHT="38" WC="0.92" CONTENT="avstyrkes"/><SP WIDTH="17" VPOS="1505" HPOS="1410"/>
							<String ID="string_271" HPOS="1427" VPOS="1504" WIDTH="122" HEIGHT="32" WC="0.96" CONTENT="därför."/>
						</TextLine>
					</TextBlock>
					<TextBlock ID="block_4" HPOS="370" VPOS="1557" WIDTH="1398" HEIGHT="44">
						<TextLine ID="line_26" HPOS="370" VPOS="1557" WIDTH="1398" HEIGHT="44">
							<String ID="string_272" HPOS="370" VPOS="1563" WIDTH="16" HEIGHT="30" WC="0.96" CONTENT="I"/><SP WIDTH="21" VPOS="1563" HPOS="386"/>
							<String ID="string_273" HPOS="407" VPOS="1563" WIDTH="158" HEIGHT="38" WC="0.96" CONTENT="åtskilliga"/><SP WIDTH="21" VPOS="1563" HPOS="565"/>
							<String ID="string_274" HPOS="586" VPOS="1562" WIDTH="170" HEIGHT="39" WC="0.95" CONTENT="yttranden"/><SP WIDTH="20" VPOS="1562" HPOS="756"/>
							<String ID="string_275" HPOS="776" VPOS="1561" WIDTH="73" HEIGHT="32" WC="0.96" CONTENT="sker"/><SP WIDTH="19" VPOS="1561" HPOS="849"/>
							<String ID="string_276" HPOS="868" VPOS="1560" WIDTH="191" HEIGHT="39" WC="0.96" CONTENT="hänvisning"/><SP WIDTH="19" VPOS="1560" HPOS="1059"/>
							<String ID="string_277" HPOS="1078" VPOS="1560" WIDTH="51" HEIGHT="32" WC="0.96" CONTENT="till"/><SP WIDTH="22" VPOS="1560" HPOS="1129"/>
							<String ID="string_278" HPOS="1151" VPOS="1559" WIDTH="80" HEIGHT="31" WC="0.96" CONTENT="1940"/><SP WIDTH="21" VPOS="1559" HPOS="1231"/>
							<String ID="string_279" HPOS="1252" VPOS="1560" WIDTH="53" HEIGHT="30" WC="0.93" CONTENT="års"/><SP WIDTH="19" VPOS="1560" HPOS="1305"/>
							<String ID="string_280" HPOS="1324" VPOS="1557" WIDTH="444" HEIGHT="40" WC="0.91" CONTENT="byggnadskostnadssakkun-"/>
						</TextLine>
					</TextBlock>
					<TextBlock ID="block_5" HPOS="283" VPOS="1608" WIDTH="1155" HEIGHT="48">
						<TextLine ID="line_27" HPOS="283" VPOS="1608" WIDTH="1155" HEIGHT="48">
							<String ID="string_281" HPOS="283" VPOS="1618" WIDTH="92" HEIGHT="38" WC="0.88" CONTENT="nigas"/><SP WIDTH="13" VPOS="1618" HPOS="375"/>
							<String ID="string_282" HPOS="388" VPOS="1608" WIDTH="206" HEIGHT="46" WC="0.96" CONTENT="betänkande,"/><SP WIDTH="17" VPOS="1608" HPOS="594"/>
							<String ID="string_283" HPOS="611" VPOS="1616" WIDTH="57" HEIGHT="31" WC="0.96" CONTENT="där"/><SP WIDTH="15" VPOS="1616" HPOS="668"/>
							<String ID="string_284" HPOS="683" VPOS="1612" WIDTH="173" HEIGHT="43" WC="0.96" CONTENT="problemet"/><SP WIDTH="14" VPOS="1612" HPOS="856"/>
							<String ID="string_285" HPOS="870" VPOS="1614" WIDTH="171" HEIGHT="32" WC="0.96" CONTENT="behandlas"/><SP WIDTH="15" VPOS="1614" HPOS="1041"/>
							<String ID="string_286" HPOS="1056" VPOS="1624" WIDTH="41" HEIGHT="21" WC="0.96" CONTENT="ur"/><SP WIDTH="14" VPOS="1624" HPOS="1097"/>
							<String ID="string_287" HPOS="1111" VPOS="1614" WIDTH="107" HEIGHT="31" WC="0.95" CONTENT="vidare"/><SP WIDTH="12" VPOS="1614" HPOS="1218"/>
							<String ID="string_288" HPOS="1230" VPOS="1612" WIDTH="208" HEIGHT="38" WC="0.96" CONTENT="synpunkter."/>
						</TextLine>
					</TextBlock>
				</ComposedBlock>
				<ComposedBlock ID="cblock_3" HPOS="283" VPOS="1717" WIDTH="1486" HEIGHT="795">
					<TextBlock ID="block_6" HPOS="283" VPOS="1717" WIDTH="1486" HEIGHT="795">
						<TextLine ID="line_28" HPOS="369" VPOS="1717" WIDTH="1399" HEIGHT="42">
							<String ID="string_289" HPOS="369" VPOS="1725" WIDTH="158" HEIGHT="31" WC="0.96" CONTENT="Utskottet"/><SP WIDTH="21" VPOS="1725" HPOS="527"/>
							<String ID="string_290" HPOS="548" VPOS="1724" WIDTH="90" HEIGHT="31" WC="0.96" CONTENT="delar"/><SP WIDTH="19" VPOS="1724" HPOS="638"/>
							<String ID="string_291" HPOS="657" VPOS="1723" WIDTH="61" HEIGHT="31" WC="0.96" CONTENT="den"/><SP WIDTH="21" VPOS="1723" HPOS="718"/>
							<String ID="string_292" HPOS="739" VPOS="1722" WIDTH="10" HEIGHT="30" WC="0.96" CONTENT="i"/><SP WIDTH="21" VPOS="1722" HPOS="749"/>
							<String ID="string_293" HPOS="770" VPOS="1722" WIDTH="82" HEIGHT="31" WC="0.96" CONTENT="flera"/><SP WIDTH="20" VPOS="1722" HPOS="852"/>
							<String ID="string_294" HPOS="872" VPOS="1720" WIDTH="172" HEIGHT="39" WC="0.90" CONTENT="yttranden"/><SP WIDTH="20" VPOS="1720" HPOS="1044"/>
							<String ID="string_295" HPOS="1064" VPOS="1719" WIDTH="177" HEIGHT="32" WC="0.96" CONTENT="framförda"/><SP WIDTH="21" VPOS="1719" HPOS="1241"/>
							<String ID="string_296" HPOS="1262" VPOS="1719" WIDTH="176" HEIGHT="38" WC="0.68" CONTENT="meningen,"/><SP WIDTH="22" VPOS="1719" HPOS="1438"/>
							<String ID="string_297" HPOS="1460" VPOS="1722" WIDTH="46" HEIGHT="28" WC="0.96" CONTENT="att"/><SP WIDTH="22" VPOS="1722" HPOS="1506"/>
							<String ID="string_298" HPOS="1528" VPOS="1717" WIDTH="180" HEIGHT="31" WC="0.95" CONTENT="införandet"/><SP WIDTH="22" VPOS="1717" HPOS="1708"/>
							<String ID="string_299" HPOS="1730" VPOS="1726" WIDTH="38" HEIGHT="21" WC="0.93" CONTENT="av"/>
						</TextLine>
						<TextLine ID="line_29" HPOS="284" VPOS="1770" WIDTH="1483" HEIGHT="45">
							<String ID="string_300" HPOS="284" VPOS="1778" WIDTH="233" HEIGHT="32" WC="0.93" CONTENT="auktoriserade"/><SP WIDTH="14" VPOS="1778" HPOS="517"/>
							<String ID="string_301" HPOS="531" VPOS="1777" WIDTH="233" HEIGHT="38" WC="0.92" CONTENT="mätningsmän"/><SP WIDTH="15" VPOS="1777" HPOS="764"/>
							<String ID="string_302" HPOS="779" VPOS="1775" WIDTH="67" HEIGHT="31" WC="0.96" CONTENT="icke"/><SP WIDTH="16" VPOS="1775" HPOS="846"/>
							<String ID="string_303" HPOS="862" VPOS="1775" WIDTH="11" HEIGHT="31" WC="0.96" CONTENT="i"/><SP WIDTH="16" VPOS="1775" HPOS="873"/>
							<String ID="string_304" HPOS="889" VPOS="1775" WIDTH="56" HEIGHT="31" WC="0.96" CONTENT="och"/><SP WIDTH="16" VPOS="1775" HPOS="945"/>
							<String ID="string_305" HPOS="961" VPOS="1774" WIDTH="52" HEIGHT="31" WC="0.96" CONTENT="för"/><SP WIDTH="15" VPOS="1774" HPOS="1013"/>
							<String ID="string_306" HPOS="1028" VPOS="1774" WIDTH="49" HEIGHT="39" WC="0.96" CONTENT="sig"/><SP WIDTH="14" VPOS="1774" HPOS="1077"/>
							<String ID="string_307" HPOS="1091" VPOS="1773" WIDTH="99" HEIGHT="32" WC="0.96" CONTENT="skulle"/><SP WIDTH="14" VPOS="1773" HPOS="1190"/>
							<String ID="string_308" HPOS="1204" VPOS="1773" WIDTH="169" HEIGHT="31" WC="0.96" CONTENT="nämnvärt"/><SP WIDTH="15" VPOS="1773" HPOS="1373"/>
							<String ID="string_309" HPOS="1388" VPOS="1772" WIDTH="107" HEIGHT="31" WC="0.95" CONTENT="kunna"/><SP WIDTH="13" VPOS="1772" HPOS="1495"/>
							<String ID="string_310" HPOS="1508" VPOS="1771" WIDTH="135" HEIGHT="38" WC="0.95" CONTENT="bidraga"/><SP WIDTH="15" VPOS="1771" HPOS="1643"/>
							<String ID="string_311" HPOS="1658" VPOS="1770" WIDTH="48" HEIGHT="31" WC="0.96" CONTENT="till"/><SP WIDTH="17" VPOS="1770" HPOS="1706"/>
							<String ID="string_312" HPOS="1723" VPOS="1773" WIDTH="44" HEIGHT="27" WC="0.91" CONTENT="ett"/>
						</TextLine>
						<TextLine ID="line_30" HPOS="285" VPOS="1824" WIDTH="1483" HEIGHT="46">
							<String ID="string_313" HPOS="285" VPOS="1831" WIDTH="224" HEIGHT="39" WC="0.91" CONTENT="förbilligande"/><SP WIDTH="16" VPOS="1831" HPOS="509"/>
							<String ID="string_314" HPOS="525" VPOS="1841" WIDTH="39" HEIGHT="21" WC="0.93" CONTENT="av"/><SP WIDTH="16" VPOS="1841" HPOS="564"/>
							<String ID="string_315" HPOS="580" VPOS="1828" WIDTH="374" HEIGHT="41" WC="0.91" CONTENT="byggnadskostnaderna"/><SP WIDTH="14" VPOS="1828" HPOS="954"/>
							<String ID="string_316" HPOS="968" VPOS="1828" WIDTH="43" HEIGHT="38" WC="0.96" CONTENT="på"/><SP WIDTH="15" VPOS="1828" HPOS="1011"/>
							<String ID="string_317" HPOS="1026" VPOS="1827" WIDTH="225" HEIGHT="39" WC="0.93" CONTENT="landsbygden."/><SP WIDTH="30" VPOS="1827" HPOS="1251"/>
							<String ID="string_318" HPOS="1281" VPOS="1827" WIDTH="113" HEIGHT="30" WC="0.91" CONTENT="Dessas"/><SP WIDTH="14" VPOS="1827" HPOS="1394"/>
							<String ID="string_319" HPOS="1408" VPOS="1825" WIDTH="116" HEIGHT="31" WC="0.96" CONTENT="storlek"/><SP WIDTH="18" VPOS="1825" HPOS="1524"/>
							<String ID="string_320" HPOS="1542" VPOS="1824" WIDTH="91" HEIGHT="31" WC="0.93" CONTENT="torde"/><SP WIDTH="16" VPOS="1824" HPOS="1633"/>
							<String ID="string_321" HPOS="1649" VPOS="1825" WIDTH="119" HEIGHT="29" WC="0.91" CONTENT="väsent-"/>
						</TextLine>
						<TextLine ID="line_31" HPOS="285" VPOS="1876" WIDTH="1483" HEIGHT="49">
							<String ID="string_322" HPOS="285" VPOS="1886" WIDTH="86" HEIGHT="39" WC="0.94" CONTENT="ligen"/><SP WIDTH="13" VPOS="1886" HPOS="371"/>
							<String ID="string_323" HPOS="384" VPOS="1885" WIDTH="187" HEIGHT="31" WC="0.96" CONTENT="bestämmas"/><SP WIDTH="14" VPOS="1885" HPOS="571"/>
							<String ID="string_324" HPOS="585" VPOS="1894" WIDTH="41" HEIGHT="21" WC="0.96" CONTENT="av"/><SP WIDTH="14" VPOS="1894" HPOS="626"/>
							<String ID="string_325" HPOS="640" VPOS="1883" WIDTH="65" HEIGHT="31" WC="0.96" CONTENT="helt"/><SP WIDTH="16" VPOS="1883" HPOS="705"/>
							<String ID="string_326" HPOS="721" VPOS="1883" WIDTH="102" HEIGHT="31" WC="0.96" CONTENT="andra"/><SP WIDTH="16" VPOS="1883" HPOS="823"/>
							<String ID="string_327" HPOS="839" VPOS="1882" WIDTH="148" HEIGHT="31" WC="0.96" CONTENT="faktorer."/><SP WIDTH="30" VPOS="1882" HPOS="987"/>
							<String ID="string_328" HPOS="1017" VPOS="1881" WIDTH="142" HEIGHT="32" WC="0.96" CONTENT="Givetvis"/><SP WIDTH="15" VPOS="1881" HPOS="1159"/>
							<String ID="string_329" HPOS="1174" VPOS="1880" WIDTH="103" HEIGHT="31" WC="0.96" CONTENT="kunde"/><SP WIDTH="17" VPOS="1880" HPOS="1277"/>
							<String ID="string_330" HPOS="1294" VPOS="1879" WIDTH="53" HEIGHT="31" WC="0.97" CONTENT="det"/><SP WIDTH="16" VPOS="1879" HPOS="1347"/>
							<String ID="string_331" HPOS="1363" VPOS="1878" WIDTH="78" HEIGHT="31" WC="0.96" CONTENT="dock"/><SP WIDTH="16" VPOS="1878" HPOS="1441"/>
							<String ID="string_332" HPOS="1457" VPOS="1888" WIDTH="91" HEIGHT="21" WC="0.96" CONTENT="anses"/><SP WIDTH="16" VPOS="1888" HPOS="1548"/>
							<String ID="string_333" HPOS="1564" VPOS="1876" WIDTH="204" HEIGHT="38" WC="0.95" CONTENT="fördelaktigt"/>
						</TextLine>
						<TextLine ID="line_32" HPOS="284" VPOS="1932" WIDTH="1485" HEIGHT="45">
							<String ID="string_334" HPOS="284" VPOS="1940" WIDTH="73" HEIGHT="31" WC="0.96" CONTENT="med"/><SP WIDTH="16" VPOS="1940" HPOS="357"/>
							<String ID="string_335" HPOS="373" VPOS="1938" WIDTH="160" HEIGHT="39" WC="0.96" CONTENT="opartiska"/><SP WIDTH="16" VPOS="1938" HPOS="533"/>
							<String ID="string_336" HPOS="549" VPOS="1936" WIDTH="233" HEIGHT="33" WC="0.93" CONTENT="auktoriserade"/><SP WIDTH="15" VPOS="1936" HPOS="782"/>
							<String ID="string_337" HPOS="797" VPOS="1936" WIDTH="234" HEIGHT="38" WC="0.91" CONTENT="mätningsmän"/><SP WIDTH="16" VPOS="1936" HPOS="1031"/>
							<String ID="string_338" HPOS="1047" VPOS="1935" WIDTH="53" HEIGHT="30" WC="0.96" CONTENT="för"/><SP WIDTH="14" VPOS="1935" HPOS="1100"/>
							<String ID="string_339" HPOS="1114" VPOS="1933" WIDTH="233" HEIGHT="32" WC="0.96" CONTENT="bestämmande"/><SP WIDTH="15" VPOS="1933" HPOS="1347"/>
							<String ID="string_340" HPOS="1362" VPOS="1943" WIDTH="39" HEIGHT="21" WC="0.96" CONTENT="av"/><SP WIDTH="15" VPOS="1943" HPOS="1401"/>
							<String ID="string_341" HPOS="1416" VPOS="1933" WIDTH="54" HEIGHT="31" WC="0.96" CONTENT="det"/><SP WIDTH="16" VPOS="1933" HPOS="1470"/>
							<String ID="string_342" HPOS="1486" VPOS="1932" WIDTH="133" HEIGHT="32" WC="0.96" CONTENT="utförda"/><SP WIDTH="16" VPOS="1932" HPOS="1619"/>
							<String ID="string_343" HPOS="1635" VPOS="1932" WIDTH="134" HEIGHT="31" WC="0.75" CONTENT="arbetets"/>
						</TextLine>
						<TextLine ID="line_33" HPOS="285" VPOS="1984" WIDTH="1484" HEIGHT="46">
							<String ID="string_344" HPOS="285" VPOS="1993" WIDTH="201" HEIGHT="37" WC="0.96" CONTENT="omfattning,"/><SP WIDTH="21" VPOS="1993" HPOS="486"/>
							<String ID="string_345" HPOS="507" VPOS="2001" WIDTH="73" HEIGHT="21" WC="0.96" CONTENT="men"/><SP WIDTH="20" VPOS="2001" HPOS="580"/>
							<String ID="string_346" HPOS="600" VPOS="1991" WIDTH="41" HEIGHT="31" WC="0.96" CONTENT="då"/><SP WIDTH="20" VPOS="1991" HPOS="641"/>
							<String ID="string_347" HPOS="661" VPOS="1990" WIDTH="109" HEIGHT="32" WC="0.96" CONTENT="delade"/><SP WIDTH="20" VPOS="1990" HPOS="770"/>
							<String ID="string_348" HPOS="790" VPOS="1989" WIDTH="166" HEIGHT="38" WC="0.96" CONTENT="meningar"/><SP WIDTH="20" VPOS="1989" HPOS="956"/>
							<String ID="string_349" HPOS="976" VPOS="1998" WIDTH="51" HEIGHT="22" WC="0.96" CONTENT="om"/><SP WIDTH="21" VPOS="1998" HPOS="1027"/>
							<String ID="string_350" HPOS="1048" VPOS="1988" WIDTH="215" HEIGHT="37" WC="0.96" CONTENT="ersättningen"/><SP WIDTH="20" VPOS="1988" HPOS="1263"/>
							<String ID="string_351" HPOS="1283" VPOS="1987" WIDTH="53" HEIGHT="30" WC="0.96" CONTENT="för"/><SP WIDTH="20" VPOS="1987" HPOS="1336"/>
							<String ID="string_352" HPOS="1356" VPOS="1986" WIDTH="119" HEIGHT="31" WC="0.96" CONTENT="arbetet"/><SP WIDTH="19" VPOS="1986" HPOS="1475"/>
							<String ID="string_353" HPOS="1494" VPOS="1986" WIDTH="166" HEIGHT="31" WC="0.96" CONTENT="mestadels"/><SP WIDTH="19" VPOS="1986" HPOS="1660"/>
							<String ID="string_354" HPOS="1679" VPOS="1984" WIDTH="90" HEIGHT="32" WC="0.96" CONTENT="torde"/>
						</TextLine>
						<TextLine ID="line_34" HPOS="284" VPOS="2038" WIDTH="1484" HEIGHT="44">
							<String ID="string_355" HPOS="284" VPOS="2046" WIDTH="111" HEIGHT="32" WC="0.92" CONTENT="bottna"/><SP WIDTH="22" VPOS="2046" HPOS="395"/>
							<String ID="string_356" HPOS="417" VPOS="2045" WIDTH="12" HEIGHT="32" WC="0.96" CONTENT="i"/><SP WIDTH="22" VPOS="2045" HPOS="429"/>
							<String ID="string_357" HPOS="451" VPOS="2045" WIDTH="82" HEIGHT="31" WC="0.96" CONTENT="olika"/><SP WIDTH="23" VPOS="2045" HPOS="533"/>
							<String ID="string_358" HPOS="556" VPOS="2044" WIDTH="183" HEIGHT="38" WC="0.96" CONTENT="tolkningar"/><SP WIDTH="22" VPOS="2044" HPOS="739"/>
							<String ID="string_359" HPOS="761" VPOS="2054" WIDTH="40" HEIGHT="21" WC="0.96" CONTENT="av"/><SP WIDTH="22" VPOS="2054" HPOS="801"/>
							<String ID="string_360" HPOS="823" VPOS="2042" WIDTH="167" HEIGHT="40" WC="0.96" CONTENT="prislistor,"/><SP WIDTH="23" VPOS="2042" HPOS="990"/>
							<String ID="string_361" HPOS="1013" VPOS="2051" WIDTH="93" HEIGHT="29" WC="0.93" CONTENT="synes"/><SP WIDTH="20" VPOS="2051" HPOS="1106"/>
							<String ID="string_362" HPOS="1126" VPOS="2040" WIDTH="227" HEIGHT="39" WC="0.92" CONTENT="tillskapandet"/><SP WIDTH="22" VPOS="2040" HPOS="1353"/>
							<String ID="string_363" HPOS="1375" VPOS="2050" WIDTH="39" HEIGHT="21" WC="0.95" CONTENT="av"/><SP WIDTH="23" VPOS="2050" HPOS="1414"/>
							<String ID="string_364" HPOS="1437" VPOS="2039" WIDTH="61" HEIGHT="32" WC="0.96" CONTENT="den"/><SP WIDTH="23" VPOS="2039" HPOS="1498"/>
							<String ID="string_365" HPOS="1521" VPOS="2039" WIDTH="179" HEIGHT="39" WC="0.93" CONTENT="föreslagna"/><SP WIDTH="23" VPOS="2039" HPOS="1700"/>
							<String ID="string_366" HPOS="1723" VPOS="2038" WIDTH="45" HEIGHT="31" WC="0.91" CONTENT="in-"/>
						</TextLine>
						<TextLine ID="line_35" HPOS="283" VPOS="2093" WIDTH="1486" HEIGHT="42">
							<String ID="string_367" HPOS="283" VPOS="2099" WIDTH="188" HEIGHT="32" WC="0.91" CONTENT="stitutionen"/><SP WIDTH="16" VPOS="2099" HPOS="471"/>
							<String ID="string_368" HPOS="487" VPOS="2099" WIDTH="125" HEIGHT="31" WC="0.96" CONTENT="komma"/><SP WIDTH="15" VPOS="2099" HPOS="612"/>
							<String ID="string_369" HPOS="627" VPOS="2102" WIDTH="48" HEIGHT="28" WC="0.96" CONTENT="att"/><SP WIDTH="17" VPOS="2102" HPOS="675"/>
							<String ID="string_370" HPOS="692" VPOS="2098" WIDTH="145" HEIGHT="31" WC="0.96" CONTENT="medföra"/><SP WIDTH="17" VPOS="2098" HPOS="837"/>
							<String ID="string_371" HPOS="854" VPOS="2101" WIDTH="45" HEIGHT="28" WC="0.96" CONTENT="ett"/><SP WIDTH="16" VPOS="2101" HPOS="899"/>
							<String ID="string_372" HPOS="915" VPOS="2097" WIDTH="89" HEIGHT="38" WC="0.96" CONTENT="långt"/><SP WIDTH="17" VPOS="2097" HPOS="1004"/>
							<String ID="string_373" HPOS="1021" VPOS="2097" WIDTH="88" HEIGHT="30" WC="0.96" CONTENT="ifrån"/><SP WIDTH="16" VPOS="2097" HPOS="1109"/>
							<String ID="string_374" HPOS="1125" VPOS="2096" WIDTH="150" HEIGHT="31" WC="0.93" CONTENT="önskvärt"/><SP WIDTH="17" VPOS="2096" HPOS="1275"/>
							<String ID="string_375" HPOS="1292" VPOS="2095" WIDTH="271" HEIGHT="38" WC="0.91" CONTENT="sönderbrytande"/><SP WIDTH="15" VPOS="2095" HPOS="1563"/>
							<String ID="string_376" HPOS="1578" VPOS="2105" WIDTH="39" HEIGHT="21" WC="0.96" CONTENT="av"/><SP WIDTH="17" VPOS="2105" HPOS="1617"/>
							<String ID="string_377" HPOS="1634" VPOS="2093" WIDTH="61" HEIGHT="31" WC="0.89" CONTENT="den"/><SP WIDTH="16" VPOS="2093" HPOS="1695"/>
							<String ID="string_378" HPOS="1711" VPOS="2103" WIDTH="58" HEIGHT="20" WC="0.89" CONTENT="nu-"/>
						</TextLine>
						<TextLine ID="line_36" HPOS="284" VPOS="2148" WIDTH="1485" HEIGHT="43">
							<String ID="string_379" HPOS="284" VPOS="2153" WIDTH="141" HEIGHT="32" WC="0.29" CONTENT="varande"/><SP WIDTH="28" VPOS="2153" HPOS="425"/>
							<String ID="string_380" HPOS="453" VPOS="2152" WIDTH="253" HEIGHT="39" WC="0.96" CONTENT="organisationen"/><SP WIDTH="27" VPOS="2152" HPOS="706"/>
							<String ID="string_381" HPOS="733" VPOS="2152" WIDTH="72" HEIGHT="31" WC="0.93" CONTENT="med"/><SP WIDTH="29" VPOS="2152" HPOS="805"/>
							<String ID="string_382" HPOS="834" VPOS="2151" WIDTH="277" HEIGHT="31" WC="0.92" CONTENT="arbetsdomstolen"/><SP WIDTH="20" VPOS="2151" HPOS="1111"/>
							<String ID="string_383" HPOS="1131" VPOS="2150" WIDTH="55" HEIGHT="31" WC="0.93" CONTENT="och"/><SP WIDTH="20" VPOS="2150" HPOS="1186"/>
							<String ID="string_384" HPOS="1206" VPOS="2148" WIDTH="326" HEIGHT="39" WC="0.91" CONTENT="riksskiljenämnden."/><SP WIDTH="33" VPOS="2148" HPOS="1532"/>
							<String ID="string_385" HPOS="1565" VPOS="2148" WIDTH="108" HEIGHT="31" WC="0.86" CONTENT="Skulle"/><SP WIDTH="18" VPOS="2148" HPOS="1673"/>
							<String ID="string_386" HPOS="1691" VPOS="2148" WIDTH="78" HEIGHT="30" WC="0.93" CONTENT="mät-"/>
						</TextLine>
						<TextLine ID="line_37" HPOS="285" VPOS="2201" WIDTH="1484" HEIGHT="44">
							<String ID="string_387" HPOS="285" VPOS="2208" WIDTH="182" HEIGHT="37" WC="0.89" CONTENT="ningsmans"/><SP WIDTH="20" VPOS="2208" HPOS="467"/>
							<String ID="string_388" HPOS="487" VPOS="2206" WIDTH="180" HEIGHT="39" WC="0.95" CONTENT="avgörande"/><SP WIDTH="20" VPOS="2206" HPOS="667"/>
							<String ID="string_389" HPOS="687" VPOS="2206" WIDTH="167" HEIGHT="38" WC="0.96" CONTENT="begränsas"/><SP WIDTH="20" VPOS="2206" HPOS="854"/>
							<String ID="string_390" HPOS="874" VPOS="2205" WIDTH="49" HEIGHT="31" WC="0.96" CONTENT="till"/><SP WIDTH="22" VPOS="2205" HPOS="923"/>
							<String ID="string_391" HPOS="945" VPOS="2204" WIDTH="68" HEIGHT="38" WC="0.94" CONTENT="fall,"/><SP WIDTH="22" VPOS="2204" HPOS="1013"/>
							<String ID="string_392" HPOS="1035" VPOS="2214" WIDTH="66" HEIGHT="21" WC="0.96" CONTENT="som"/><SP WIDTH="23" VPOS="2214" HPOS="1101"/>
							<String ID="string_393" HPOS="1124" VPOS="2204" WIDTH="77" HEIGHT="30" WC="0.96" CONTENT="falla"/><SP WIDTH="21" VPOS="2204" HPOS="1201"/>
							<String ID="string_394" HPOS="1222" VPOS="2203" WIDTH="133" HEIGHT="31" WC="0.96" CONTENT="utanför"/><SP WIDTH="20" VPOS="2203" HPOS="1355"/>
							<String ID="string_395" HPOS="1375" VPOS="2202" WIDTH="137" HEIGHT="31" WC="0.96" CONTENT="nämnda"/><SP WIDTH="21" VPOS="2202" HPOS="1512"/>
							<String ID="string_396" HPOS="1533" VPOS="2201" WIDTH="236" HEIGHT="38" WC="0.96" CONTENT="myndigheters"/>
						</TextLine>
						<TextLine ID="line_38" HPOS="284" VPOS="2257" WIDTH="1483" HEIGHT="42">
							<String ID="string_397" HPOS="284" VPOS="2260" WIDTH="338" HEIGHT="39" WC="0.91" CONTENT="behörighetsområde,"/><SP WIDTH="15" VPOS="2260" HPOS="622"/>
							<String ID="string_398" HPOS="637" VPOS="2269" WIDTH="91" HEIGHT="28" WC="0.96" CONTENT="synes"/><SP WIDTH="14" VPOS="2269" HPOS="728"/>
							<String ID="string_399" HPOS="742" VPOS="2259" WIDTH="62" HEIGHT="31" WC="0.93" CONTENT="den"/><SP WIDTH="14" VPOS="2259" HPOS="804"/>
							<String ID="string_400" HPOS="818" VPOS="2259" WIDTH="17" HEIGHT="30" WC="0.91" CONTENT="å"/><SP WIDTH="15" VPOS="2259" HPOS="835"/>
							<String ID="string_401" HPOS="850" VPOS="2258" WIDTH="100" HEIGHT="31" WC="0.96" CONTENT="andra"/><SP WIDTH="13" VPOS="2258" HPOS="950"/>
							<String ID="string_402" HPOS="963" VPOS="2258" WIDTH="93" HEIGHT="31" WC="0.96" CONTENT="sidan"/><SP WIDTH="15" VPOS="2258" HPOS="1056"/>
							<String ID="string_403" HPOS="1071" VPOS="2257" WIDTH="67" HEIGHT="32" WC="0.96" CONTENT="icke"/><SP WIDTH="14" VPOS="2257" HPOS="1138"/>
							<String ID="string_404" HPOS="1152" VPOS="2258" WIDTH="107" HEIGHT="30" WC="0.96" CONTENT="kunna"/><SP WIDTH="16" VPOS="2258" HPOS="1259"/>
							<String ID="string_405" HPOS="1275" VPOS="2258" WIDTH="34" HEIGHT="30" WC="0.97" CONTENT="få"/><SP WIDTH="16" VPOS="2258" HPOS="1309"/>
							<String ID="string_406" HPOS="1325" VPOS="2258" WIDTH="103" HEIGHT="37" WC="0.96" CONTENT="någon"/><SP WIDTH="15" VPOS="2258" HPOS="1428"/>
							<String ID="string_407" HPOS="1443" VPOS="2258" WIDTH="144" HEIGHT="37" WC="0.96" CONTENT="praktisk"/><SP WIDTH="15" VPOS="2258" HPOS="1587"/>
							<String ID="string_408" HPOS="1602" VPOS="2257" WIDTH="165" HEIGHT="37" WC="0.95" CONTENT="betydelse."/>
						</TextLine>
						<TextLine ID="line_39" HPOS="285" VPOS="2310" WIDTH="1483" HEIGHT="41">
							<String ID="string_409" HPOS="285" VPOS="2315" WIDTH="51" HEIGHT="30" WC="0.95" CONTENT="Då"/><SP WIDTH="16" VPOS="2315" HPOS="336"/>
							<String ID="string_410" HPOS="352" VPOS="2315" WIDTH="109" HEIGHT="31" WC="0.95" CONTENT="därtill"/><SP WIDTH="15" VPOS="2315" HPOS="461"/>
							<String ID="string_411" HPOS="476" VPOS="2314" WIDTH="148" HEIGHT="37" WC="0.96" CONTENT="kommer,"/><SP WIDTH="18" VPOS="2314" HPOS="624"/>
							<String ID="string_412" HPOS="642" VPOS="2317" WIDTH="46" HEIGHT="27" WC="0.96" CONTENT="att"/><SP WIDTH="15" VPOS="2317" HPOS="688"/>
							<String ID="string_413" HPOS="703" VPOS="2313" WIDTH="71" HEIGHT="30" WC="0.96" CONTENT="hela"/><SP WIDTH="15" VPOS="2313" HPOS="774"/>
							<String ID="string_414" HPOS="789" VPOS="2312" WIDTH="177" HEIGHT="38" WC="0.96" CONTENT="komplexet"/><SP WIDTH="16" VPOS="2312" HPOS="966"/>
							<String ID="string_415" HPOS="982" VPOS="2321" WIDTH="51" HEIGHT="21" WC="0.93" CONTENT="om"/><SP WIDTH="15" VPOS="2321" HPOS="1033"/>
							<String ID="string_416" HPOS="1048" VPOS="2311" WIDTH="417" HEIGHT="38" WC="0.90" CONTENT="byggnadsverksamhetens"/><SP WIDTH="17" VPOS="2311" HPOS="1465"/>
							<String ID="string_417" HPOS="1482" VPOS="2310" WIDTH="212" HEIGHT="39" WC="0.95" CONTENT="organisation"/><SP WIDTH="18" VPOS="2310" HPOS="1694"/>
							<String ID="string_418" HPOS="1712" VPOS="2310" WIDTH="56" HEIGHT="30" WC="0.96" CONTENT="och"/>
						</TextLine>
						<TextLine ID="line_40" HPOS="285" VPOS="2363" WIDTH="1483" HEIGHT="43">
							<String ID="string_419" HPOS="285" VPOS="2368" WIDTH="252" HEIGHT="38" WC="0.96" CONTENT="rationalisering"/><SP WIDTH="18" VPOS="2368" HPOS="537"/>
							<String ID="string_420" HPOS="555" VPOS="2368" WIDTH="52" HEIGHT="30" WC="0.96" CONTENT="för"/><SP WIDTH="17" VPOS="2368" HPOS="607"/>
							<String ID="string_421" HPOS="624" VPOS="2366" WIDTH="198" HEIGHT="32" WC="0.96" CONTENT="närvarande"/><SP WIDTH="16" VPOS="2366" HPOS="822"/>
							<String ID="string_422" HPOS="838" VPOS="2367" WIDTH="37" HEIGHT="30" WC="0.96" CONTENT="är"/><SP WIDTH="16" VPOS="2367" HPOS="875"/>
							<String ID="string_423" HPOS="891" VPOS="2365" WIDTH="132" HEIGHT="31" WC="0.96" CONTENT="föremål"/><SP WIDTH="18" VPOS="2365" HPOS="1023"/>
							<String ID="string_424" HPOS="1041" VPOS="2366" WIDTH="52" HEIGHT="30" WC="0.96" CONTENT="för"/><SP WIDTH="15" VPOS="2366" HPOS="1093"/>
							<String ID="string_425" HPOS="1108" VPOS="2365" WIDTH="259" HEIGHT="31" WC="0.96" CONTENT="statsmakternas"/><SP WIDTH="16" VPOS="2365" HPOS="1367"/>
							<String ID="string_426" HPOS="1383" VPOS="2364" WIDTH="158" HEIGHT="39" WC="0.95" CONTENT="prövning"/><SP WIDTH="18" VPOS="2364" HPOS="1541"/>
							<String ID="string_427" HPOS="1559" VPOS="2364" WIDTH="57" HEIGHT="31" WC="0.96" CONTENT="och"/><SP WIDTH="18" VPOS="2364" HPOS="1616"/>
							<String ID="string_428" HPOS="1634" VPOS="2367" WIDTH="47" HEIGHT="28" WC="0.93" CONTENT="att"/><SP WIDTH="17" VPOS="2367" HPOS="1681"/>
							<String ID="string_429" HPOS="1698" VPOS="2363" WIDTH="70" HEIGHT="31" WC="0.93" CONTENT="där-"/>
						</TextLine>
						<TextLine ID="line_41" HPOS="284" VPOS="2417" WIDTH="1484" HEIGHT="43">
							<String ID="string_430" HPOS="284" VPOS="2423" WIDTH="55" HEIGHT="30" WC="0.96" CONTENT="vid"/><SP WIDTH="16" VPOS="2423" HPOS="339"/>
							<String ID="string_431" HPOS="355" VPOS="2422" WIDTH="38" HEIGHT="32" WC="0.96" CONTENT="de"/><SP WIDTH="15" VPOS="2422" HPOS="393"/>
							<String ID="string_432" HPOS="408" VPOS="2422" WIDTH="148" HEIGHT="38" WC="0.96" CONTENT="problem,"/><SP WIDTH="15" VPOS="2422" HPOS="556"/>
							<String ID="string_433" HPOS="571" VPOS="2431" WIDTH="67" HEIGHT="22" WC="0.96" CONTENT="som"/><SP WIDTH="16" VPOS="2431" HPOS="638"/>
							<String ID="string_434" HPOS="654" VPOS="2420" WIDTH="153" HEIGHT="31" WC="0.96" CONTENT="föranlett"/><SP WIDTH="16" VPOS="2420" HPOS="807"/>
							<String ID="string_435" HPOS="823" VPOS="2420" WIDTH="165" HEIGHT="37" WC="0.96" CONTENT="motionen,"/><SP WIDTH="16" VPOS="2420" HPOS="988"/>
							<String ID="string_436" HPOS="1004" VPOS="2419" WIDTH="69" HEIGHT="31" WC="0.96" CONTENT="icke"/><SP WIDTH="15" VPOS="2419" HPOS="1073"/>
							<String ID="string_437" HPOS="1088" VPOS="2420" WIDTH="99" HEIGHT="36" WC="0.96" CONTENT="gärna"/><SP WIDTH="14" VPOS="2420" HPOS="1187"/>
							<String ID="string_438" HPOS="1201" VPOS="2418" WIDTH="108" HEIGHT="30" WC="0.96" CONTENT="kunna"/><SP WIDTH="15" VPOS="2418" HPOS="1309"/>
							<String ID="string_439" HPOS="1324" VPOS="2418" WIDTH="161" HEIGHT="37" WC="0.96" CONTENT="undvikas,"/><SP WIDTH="18" VPOS="2418" HPOS="1485"/>
							<String ID="string_440" HPOS="1503" VPOS="2428" WIDTH="91" HEIGHT="20" WC="0.96" CONTENT="anser"/><SP WIDTH="16" VPOS="2428" HPOS="1594"/>
							<String ID="string_441" HPOS="1610" VPOS="2417" WIDTH="158" HEIGHT="38" WC="0.93" CONTENT="utskottet,"/>
						</TextLine>
						<TextLine ID="line_42" HPOS="284" VPOS="2471" WIDTH="1399" HEIGHT="41">
							<String ID="string_442" HPOS="284" VPOS="2480" WIDTH="48" HEIGHT="28" WC="0.96" CONTENT="att"/><SP WIDTH="15" VPOS="2480" HPOS="332"/>
							<String ID="string_443" HPOS="347" VPOS="2476" WIDTH="163" HEIGHT="32" WC="0.96" CONTENT="resultatet"/><SP WIDTH="14" VPOS="2476" HPOS="510"/>
							<String ID="string_444" HPOS="524" VPOS="2486" WIDTH="39" HEIGHT="20" WC="0.95" CONTENT="av"/><SP WIDTH="16" VPOS="2486" HPOS="563"/>
							<String ID="string_445" HPOS="579" VPOS="2475" WIDTH="102" HEIGHT="31" WC="0.95" CONTENT="denna"/><SP WIDTH="15" VPOS="2475" HPOS="681"/>
							<String ID="string_446" HPOS="696" VPOS="2473" WIDTH="157" HEIGHT="39" WC="0.96" CONTENT="prövning"/><SP WIDTH="14" VPOS="2473" HPOS="853"/>
							<String ID="string_447" HPOS="867" VPOS="2473" WIDTH="57" HEIGHT="31" WC="0.93" CONTENT="bör"/><SP WIDTH="13" VPOS="2473" HPOS="924"/>
							<String ID="string_448" HPOS="937" VPOS="2472" WIDTH="158" HEIGHT="38" WC="0.92" CONTENT="avvaktas,"/><SP WIDTH="18" VPOS="2472" HPOS="1095"/>
							<String ID="string_449" HPOS="1113" VPOS="2472" WIDTH="97" HEIGHT="31" WC="0.96" CONTENT="innan"/><SP WIDTH="15" VPOS="2472" HPOS="1210"/>
							<String ID="string_450" HPOS="1225" VPOS="2471" WIDTH="103" HEIGHT="31" WC="0.95" CONTENT="andra"/><SP WIDTH="15" VPOS="2471" HPOS="1328"/>
							<String ID="string_451" HPOS="1343" VPOS="2471" WIDTH="150" HEIGHT="38" WC="0.95" CONTENT="åtgärder"/><SP WIDTH="15" VPOS="2471" HPOS="1493"/>
							<String ID="string_452" HPOS="1508" VPOS="2472" WIDTH="175" HEIGHT="37" WC="0.96" CONTENT="övervägas."/>
						</TextLine>
					</TextBlock>
				</ComposedBlock>
			</PrintSpace>
		</Page>
	</Layout>
</alto>
