1912 2832
525 175 285 30 Statsutskottets
832 175 178 30 utlåtande
1031 185 42 20 nr
1093 176 42 29 89
1154 176 39 30 år
1214 175 83 30 1967
1638 177 15 29 1

821 486 65 41 Nr
912 487 56 40 89

370 599 184 30 Utlåtande
576 599 11 29 i
606 598 189 41 anledning
815 608 41 20 av
875 598 127 40 Kungl.
1023 599 124 39 Maj:ts
1168 599 216 40 proposition
1406 601 178 38 angående
1608 601 49 29 in-

567 660 160 30 rättande
751 670 42 20 av
816 662 132 29 statens
974 661 376 40 trafiksäkerhetsverk
1374 672 45 20 m.
1444 672 45 20 m.
1512 663 110 39 jämte
1647 663 11 29 i

566 725 118 29 ämnet
708 724 123 31 väckta
855 721 181 33 motioner.

1423 789 73 34 (4:e
1513 789 93 34 avd.)

213 896 13 29 I
244 896 264 40 propositionen
526 905 41 20 nr
589 895 14 29 1
624 896 64 29 har
706 895 126 40 Kungl.
851 896 105 39 Maj:t
976 896 110 29 under
1107 896 103 40 sjätte
1229 897 223 30 huvudtiteln
1477 897 130 41 (bilaga
1626 897 28 35 8,

168 951 114 38 punkt
307 950 23 29 C
358 950 34 34 1)
422 950 179 39 föreslagit
625 950 188 39 riksdagen
837 952 60 33 att,
923 951 11 29 i
959 951 174 29 avvaktan
1157 951 45 40 på
1228 952 150 29 särskild
1403 952 218 39 proposition
1645 953 12 29 i

168 1005 127 33 ämnet,
316 1004 54 29 för
388 1004 205 39 budgetåret
614 1003 140 34 1967/68
773 1005 156 29 beräkna
946 1005 52 29 till
1017 1005 514 40 Trafiksäkerhetsmyndighet
1550 1016 45 19 m.
1610 1016 45 19 m.

167 1059 48 28 ett
237 1058 122 39 anslag
380 1067 43 21 av
446 1057 116 30 11500
577 1057 62 30 000
661 1059 62 34 kr.,
747 1060 50 28 att
820 1059 173 29 avräknas
1016 1061 72 28 mot
1111 1059 457 31 automobilskattemedlen.

212 1112 162 29 Därefter
398 1112 64 29 har
486 1112 127 39 Kungl.
638 1112 106 39 Maj:t
768 1113 12 29 i
804 1113 262 39 propositionen
1091 1123 41 20 nr
1157 1113 51 35 55,
1234 1114 111 29 under
1370 1114 219 40 åberopande
1615 1124 41 20 av

167 1166 107 40 bilagt
295 1166 127 39 utdrag
442 1175 42 21 av
505 1166 382 40 statsrådsprotokollet
908 1168 79 29 över
1009 1168 481 30 kommunikationsärenden
1512 1169 55 29 för
1589 1169 67 30 den

169 1219 18 30 3
212 1229 96 21 mars
334 1220 93 35 1967,
452 1220 73 30 dels
549 1220 179 40 föreslagit
751 1221 188 39 riksdagen
963 1224 50 28 att
1036 1222 137 30 besluta
1197 1224 49 28 att
1271 1222 66 30 den
1363 1223 14 28 1
1403 1223 143 39 januari
1572 1223 83 30 1968

169 1274 90 29 skall
280 1274 148 30 inrättas
450 1284 43 20 en
514 1275 204 39 myndighet
740 1275 79 29 med
841 1278 143 27 namnet
1007 1277 131 29 statens
1159 1276 380 31 trafiksäkerhetsverk
1560 1278 11 29 i
1592 1278 64 29 hu-

167 1328 185 40 vudsaklig
373 1329 347 30 överensstämmelse
741 1329 80 30 med
841 1330 67 29 vad
929 1330 385 39 departementschefen
1335 1332 11 29 i
1369 1331 287 41 statsrådsproto-

168 1382 107 30 kollet
295 1382 166 35 förordat,
483 1383 73 30 dels
578 1383 178 40 föreslagit
775 1384 188 39 riksdagen
984 1386 49 28 att
1053 1385 137 29 besluta
1210 1387 49 28 att
1281 1385 66 30 den
1370 1385 14 29 1
1407 1386 143 39 januari
1572 1386 82 29 1968

168 1436 90 29 skall
279 1437 151 30 inrättas
451 1446 42 20 en
515 1438 204 39 myndighet
740 1438 80 29 med
842 1440 143 28 namnet
1007 1439 359 39 transportnämnden
1388 1440 11 29 i
1420 1440 236 40 huvudsaklig

168 1491 347 30 överensstämmelse
533 1492 80 29 med
629 1492 68 29 vad
714 1492 385 39 departementschefen
1116 1493 11 30 i
1146 1493 381 40 statsrådsprotokollet
1546 1494 109 30 föror-

167 1544 69 35 dat,
259 1545 73 29 dels
355 1545 179 40 föreslagit
555 1545 189 40 riksdagen
765 1548 50 28 att
835 1546 210 40 bemyndiga
1065 1546 126 40 Kungl.
1213 1547 106 40 Maj:t
1342 1550 50 27 att
1413 1548 46 39 på
1479 1549 176 39 personal-

167 1599 223 39 förteckning
414 1599 54 30 för
494 1601 131 28 statens
649 1600 380 30 trafiksäkerhetsverk
1053 1601 78 30 föra
1154 1610 71 31 upp
1248 1602 152 39 tjänster
1423 1602 46 39 på
1492 1602 163 40 löneplan

167 1652 24 29 C
213 1653 12 29 i
248 1653 153 40 enlighet
424 1653 80 30 med
526 1654 67 29 vad
617 1654 384 40 departementschefen
1024 1656 12 29 i
1060 1655 381 40 statsrådsprotokollet
1466 1657 188 39 föreslagit,

167 1707 73 29 dels
265 1707 179 40 föreslagit
466 1708 188 40 riksdagen
678 1711 50 27 att
749 1709 211 39 bemyndiga
981 1709 127 40 Kungl.
1131 1710 106 39 Maj:t
1261 1712 50 28 att
1333 1710 141 40 vidtaga
1496 1711 41 30 de
1561 1712 94 29 över-

168 1761 348 40 gångsanordningar
535 1771 74 20 som
627 1762 138 30 fordras
783 1763 79 29 med
880 1763 189 40 anledning
1086 1773 42 20 av
1145 1764 214 30 inrättandet
1377 1774 43 20 av
1438 1766 131 29 statens
1586 1767 69 28 tra-

167 1814 325 31 fiksäkerhetsverk
515 1816 66 29 och
604 1817 368 39 transportnämnden,
998 1817 73 30 dels
1095 1818 110 29 berett
1230 1818 188 40 riksdagen
1442 1819 138 30 tillfälle
1605 1821 50 28 att

168 1877 83 31 avge
267 1869 163 39 yttrande
446 1870 80 29 med
543 1870 188 40 anledning
748 1880 43 20 av
805 1871 67 30 vad
889 1871 386 40 departementschefen
1290 1873 64 29 har
1372 1873 117 30 anfört
1505 1873 150 31 rörande

168 1923 146 29 körkort
330 1923 65 29 och
410 1924 320 40 trafikutbildning,
748 1925 72 29 dels
838 1925 179 40 föreslagit
1033 1926 188 40 riksdagen
1238 1926 187 40 godkänna
1441 1937 42 20 av
1499 1928 156 39 departe-

168 1977 242 30 mentschefen
436 1978 186 30 förordade
649 1979 152 39 grunder
828 1979 54 30 för
910 1980 210 40 statsbidrag
1145 1981 52 29 till
1225 1980 208 41 förhyrning
1460 1991 42 20 av
1529 1982 126 39 stadig-

167 2030 153 29 varande
348 2030 429 40 undervisningsmateriel
806 2033 58 29 vid
892 2034 233 38 yrkesskolor,
1157 2034 72 29 dels
1260 2034 178 40 föreslagit
1467 2035 188 39 riksdagen

168 2086 50 28 att
237 2085 54 30 för
307 2085 205 40 budgetåret
532 2085 140 34 1967/68
690 2087 169 30 avseende
877 2087 96 30 tiden
992 2088 67 29 den
1079 2088 15 29 1
1113 2087 180 41 juli—den
1312 2088 38 30 31
1371 2089 181 30 december
1572 2089 81 30 1967

168 2139 45 29 på
234 2139 261 40 driftbudgeten
518 2140 111 30 under
652 2141 104 39 sjätte
777 2141 224 30 huvudtiteln
1023 2142 121 29 anvisa
1166 2142 37 33 a)
1229 2143 53 29 till
1307 2143 136 30 Statens
1466 2144 189 39 bilinspek-

168 2192 89 30 tion:
275 2193 213 40 Avlöningar
505 2196 47 27 ett
569 2194 274 41 förslagsanslag
859 2205 42 20 av
916 2195 62 30 553
992 2195 62 30 000
1071 2197 62 33 kr.,
1152 2199 49 27 att
1218 2197 173 30 avräknas
1409 2200 72 27 mot
1498 2200 157 27 automo-

168 2246 314 36 bilskattemedlen,
512 2248 38 33 b)
583 2248 52 30 till
665 2248 137 31 Statens
829 2249 267 40 bilinspektion:
1127 2249 257 31 Omkostnader
1414 2253 48 28 ett
1491 2251 164 40 förslags-

168 2300 121 39 anslag
309 2309 42 21 av
372 2301 58 29 161
448 2301 62 30 000
531 2302 62 34 kr.,
614 2304 50 28 att
684 2303 173 30 avräknas
877 2306 72 27 mot
970 2305 457 34 automobilskattemedlen,
1449 2305 35 33 c)
1508 2306 53 29 till
1583 2306 72 29 Sta-

167 2356 77 28 tens
263 2354 266 40 bilinspektion:
550 2356 408 39 Uppdragsverksamhet
978 2360 47 28 ett
1046 2358 272 40 förslagsanslag
1338 2369 42 19 av
1400 2358 96 30 2822
1509 2359 62 30 000
1591 2360 63 34 kr.,

168 2409 50 28 att
234 2409 173 29 avräknas
423 2411 72 28 mot
510 2410 458 36 automobilskattemedlen,
984 2411 39 34 d)
1042 2412 53 30 till
1111 2412 137 30 Statens
1263 2412 310 31 biltrafiknämnd:
1589 2413 66 30 Av-

167 2461 162 40 löningar
344 2464 47 28 ett
408 2463 273 40 förslagsanslag
696 2474 43 20 av
753 2464 62 30 613
831 2465 62 30 000
909 2466 62 34 kr.,
988 2468 50 28 att
1054 2467 174 29 avräknas
1243 2469 73 27 mot
1332 2467 322 30 automobilskatte-

167 2515 148 35 medlen,
338 2516 34 34 e)
399 2517 53 29 till
474 2517 138 30 Statens
634 2518 309 31 biltrafiknämnd:
968 2519 258 31 Omkostnader
1248 2522 48 28 ett
1319 2521 272 40 förslagsanslag
1614 2531 42 20 av

169 2578 74 29 1—
255 2577 136 41 Bihang
411 2579 52 30 till
481 2578 206 41 riksdagens
705 2581 175 39 protokoll
901 2581 93 31 1967.
1015 2583 19 29 6
1052 2582 100 34 saml.
1170 2583 48 30 Nr
1236 2583 42 30 89
