2143 2665
383 227 19 30 8
897 224 223 30 Statsutskottels
1146 221 152 31 Utlåtande
1320 221 56 30 N:o
1402 222 50 28 12.

382 310 135 35 kronor
545 308 68 36 och
642 306 83 36 med
755 304 83 38 derå
867 304 200 37 beräknadt
1095 302 274 50 dyrtidstillägg
1401 303 113 44 7,500
1537 301 142 43 kronor,
1704 300 90 35 eller
1814 298 164 47 sålunda,

382 364 62 36 det
485 375 121 24 senare
648 361 255 44 inberäknadt,
933 372 145 23 samma
1112 355 362 51 aflöningsförmåner
1498 368 81 23 som
1609 353 369 50 expeditionschefen.

384 419 81 36 Med
509 416 167 37 afseende
713 415 48 49 på
793 416 126 47 vigten
953 414 67 36 och
1056 412 180 49 mängden
1271 411 41 36 af
1333 411 48 36 de
1411 410 176 47 göromål,
1616 423 77 23 som
1722 408 123 49 åligga
1874 422 105 36 expe-

384 471 273 43 ditionschefen,
700 471 72 35 kan
806 469 110 37 redan
950 469 116 48 enligt
1101 468 204 35 lönestaten
1334 465 191 37 skilnaden
1555 463 181 37 måhända
1765 476 99 24 anses
1893 476 87 23 vara

383 530 60 34 väl
476 529 104 46 ringa
613 527 10 34 i
653 526 69 35 den
752 525 56 35 för
837 525 134 35 honom
1004 523 67 36 och
1100 523 67 35 den
1198 520 59 38 för
1285 520 230 36 kansliråden
1541 519 191 37 faststälda
1761 519 216 48 aflöningen.

385 585 67 34 Att
493 583 117 35 denna
648 580 152 44 skilnad,
842 593 61 21 om
945 578 68 36 ock
1047 577 129 36 endast
1208 576 246 49 provisionelt,
1488 574 150 36 alldeles
1667 572 181 49 utplånas,
1875 585 106 38 synes

384 637 212 49 oegentligt,
638 636 65 35 och
744 636 64 46 jag
836 646 108 23 anser
972 634 78 46 mig
1083 632 123 35 derför
1236 631 87 36 böra
1351 629 157 44 förorda,
1537 632 54 33 att
1619 628 278 49 dyrtidstillägg
1925 627 59 36 må

387 692 148 34 beredas
576 689 107 36 äfven
725 686 353 49 expeditionschefer
1120 691 94 29 samt
1256 683 219 49 byråchefen
1509 683 57 35 för
1600 683 231 47 lagärenden,
1859 688 121 29 natur-

383 746 98 48 ligen
525 743 117 37 under
679 742 132 45 vilkor,
845 742 12 33 i
893 739 263 49 motsvarighet
1198 738 82 36 med
1324 737 96 36 hvad
1454 750 77 23 som
1579 738 117 47 gäller
1731 737 10 33 i
1774 735 105 49 fråga
1921 748 61 21 om

385 801 122 47 öfriga
549 799 228 47 tjenstemän,
819 802 54 29 att
906 796 105 34 deras
1045 793 277 49 sammanlagda
1356 792 200 35 inkomster
1589 789 40 37 af
1660 790 122 36 arbete
1810 789 40 36 år
1883 791 92 36 1901

386 852 40 37 af
466 851 272 37 vederbörande
767 848 445 50 taxeringsmyndigheter
1244 848 78 34 icke
1355 846 230 48 uppskattats
1618 846 58 34 till
1706 845 111 48 högre
1847 844 135 47 belopp

386 916 43 27 än
462 908 113 43 7,500
605 907 146 34 kronor.
809 903 235 50 Ifrågasättas
1086 902 132 43 kunde,
1261 907 53 29 att
1338 898 405 50 expeditionscheferna
1778 898 113 36 borde
1924 898 58 35 be-

385 962 106 36 redas
533 957 481 53 dyrtidstilläggsförmåner
1057 957 223 47 derigenom,
1316 959 52 32 att
1396 955 306 46 maximigränsen
1739 952 56 36 för
1827 953 69 35 den
1932 950 52 37 af-

389 1017 135 48 löning,
553 1028 76 23 som
657 1014 201 48 berättigar
886 1013 59 35 till
974 1011 287 50 dyrtidstillägg,
1291 1010 11 35 i
1323 1009 203 35 allmänhet
1548 1007 200 50 uppflyttas
1767 1005 80 37 från
1872 1008 111 42 7,000

387 1072 136 35 kronor
551 1071 59 34 till
641 1070 113 42 7,500
784 1069 146 41 kronor,
959 1079 83 22 men
1072 1064 45 36 då
1146 1064 148 36 dermed
1324 1063 277 49 dyrtidstillägg
1620 1063 119 34 skulle
1760 1062 150 34 komma
1930 1066 54 29 att

388 1124 89 49 utgå
506 1126 11 33 i
553 1123 186 48 åtskilliga
772 1120 79 45 fall,
885 1121 75 38 der,
991 1119 83 36 med
1104 1120 67 34 den
1200 1119 13 35 i
1242 1117 203 36 allmänhet
1475 1116 188 36 bestämda
1692 1116 292 47 begränsningen

389 1178 40 36 af
464 1179 119 34 denna
615 1176 154 43 förmån,
802 1178 108 45 ingen
940 1175 120 34 direkt
1089 1173 198 47 anledning
1316 1172 125 34 dertill
1471 1170 172 47 förelåge,
1673 1170 104 34 torde
1807 1169 61 35 det
1896 1181 89 22 vara

389 1236 55 33 att
473 1231 201 49 föredraga,
703 1233 54 33 att
785 1226 416 52 expeditionschefernas
1229 1226 274 49 dyrtidstillägg
1532 1224 113 36 bland
1667 1223 319 36 bestämmelserna

389 1289 12 34 i
430 1292 123 30 ämnet
581 1285 172 36 särskildt
781 1291 225 28 omnämnas.

497 1340 16 36 I
556 1352 108 23 mom.
701 1341 22 34 4
760 1337 41 37 af
831 1337 109 47 sagda
969 1335 275 37 bestämmelser
1276 1334 154 48 stadgas,
1459 1333 111 36 bland
1599 1336 122 39 annat,
1750 1333 64 42 att,
1844 1331 63 35 der
1936 1329 50 36 af-

391 1396 126 47 löning
545 1393 179 37 bestrides
751 1392 77 36 dels
857 1390 38 37 af
923 1390 222 43 statsmedel,
1176 1389 77 35 dels
1273 1389 68 35 ock
1365 1386 37 37 af
1421 1387 114 35 andra
1556 1386 131 45 medel,
1710 1384 277 50 dyrtidstillägg

391 1450 178 35 beräknas
607 1448 131 35 endast
777 1446 22 35 &
841 1446 69 35 den
944 1445 59 35 del
1038 1442 106 37 deraf,
1185 1456 76 22 som
1289 1442 110 49 utgår
1428 1441 41 35 af
1494 1440 222 45 statsmedel,
1743 1439 97 36 dock
1868 1441 55 33 att
1951 1441 35 33 åt

391 1505 117 34 lärare
541 1502 63 36 vid
638 1501 262 36 universiteten
928 1500 68 34 och
1025 1499 187 34 allmänna
1241 1497 227 43 läroverken,
1498 1496 12 34 i
1541 1495 145 35 hvilkas
1714 1493 161 48 aflöning
1902 1491 86 50 ingå

388 1558 139 47 jemväl
556 1555 115 36 andra
700 1554 120 35 medel
849 1561 46 27 än
919 1552 222 44 statsmedel,
1172 1550 276 49 dyrtidstillägg
1477 1551 57 33 må
1564 1548 174 36 beräknas
1765 1549 21 33 å
1814 1547 82 35 hela
1927 1546 62 35 det

394 1612 144 46 belopp,
576 1609 153 36 hvartill
772 1608 207 47 aflöningen
1022 1606 134 43 blifvit,
1190 1603 47 50 på
1269 1610 72 30 sätt
1373 1605 12 33 i
1420 1616 108 23 mom.
1555 1604 27 35 3
1614 1606 91 42 sägs,
1740 1600 166 37 bestämd
1935 1602 54 33 att

392 1666 110 35 minst
531 1663 135 49 uppgå.
724 1661 57 37 Då
809 1662 61 35 vid
900 1661 259 35 universiteten
1188 1659 127 43 finnas,
1345 1661 102 32 utom
1477 1657 128 43 lärare,
1636 1657 106 34 äfven
1762 1656 93 34 vissa
1876 1655 113 34 andra

392 1720 229 47 tjenstemän,
663 1717 11 34 i
718 1716 144 35 hvilkas
895 1714 40 35 af
972 1715 165 46 Konung
1170 1712 68 36 och
1267 1712 163 48 Riksdag
1458 1711 60 34 till
1546 1709 128 37 siffran
1708 1709 188 35 bestämda
1940 1709 48 34 af-

392 1773 168 48 löningar
601 1770 105 49 ingår
747 1770 161 35 inkomst
950 1768 40 35 af
1020 1768 214 35 donationer
1267 1780 48 22 m.
1347 1779 59 30 m.,
1441 1766 96 34 lärer
1564 1763 243 36 omförmälda
1836 1763 153 34 bestäm-

393 1828 112 34 melse
535 1827 11 33 i
574 1838 110 22 mom.
718 1826 22 35 4
770 1824 88 35 böra
878 1823 187 47 tillämpas
1085 1820 105 36 äfven
1212 1819 47 49 på
1278 1820 101 35 dessa
1400 1820 231 47 tjenstemän;
1657 1817 67 35 och
1744 1816 84 35 med
1849 1818 140 45 hänsyn

394 1882 57 34 till
479 1880 44 36 de
551 1881 188 34 allmänna
767 1877 170 49 grunder,
966 1875 47 50 på
1042 1875 125 36 hvilka
1196 1874 321 36 bestämmelserna
1542 1885 59 22 om
1631 1870 277 50 dyrtidstillägg
1927 1877 63 27 äro

394 1935 136 42 fotade,
572 1946 105 36 synes
711 1932 130 35 hinder
874 1931 79 35 icke
986 1936 99 29 möta
1114 1934 53 30 att
1196 1929 167 35 utbetala
1392 1927 127 36 sådant
1546 1927 133 47 tillägg
1704 1925 139 48 jemväl
1872 1926 20 33 å
1920 1923 69 35 den

394 1990 58 34 del
490 1988 40 35 af
563 1989 98 34 desse
695 1988 236 47 tjenstemäns
959 1984 172 47 aflöning,
1161 1995 77 23 som
1267 1983 79 34 icke
1376 1980 107 49 utgår
1511 1980 38 35 at
1577 1979 218 43 statsmedel,
1823 1991 82 22 men
1926 1978 65 47 jag

395 2055 105 23 anser
529 2043 10 33 i
568 2042 128 47 hvarje
725 2039 67 36 fall
822 2045 53 30 ett
902 2036 272 51 förtydligande
1203 2037 12 34 i
1243 2036 118 35 denna
1388 2036 120 47 punkt
1537 2035 89 35 böra
1655 2033 174 48 vidtagas.

502 2095 93 36 Från
623 2094 216 49 åtnjutande
868 2092 39 36 af
929 2091 275 50 dyrtidstillägg
1233 2091 128 42 skulle,
1392 2091 11 33 i
1432 2088 374 37 öfverensstämmelse
1836 2085 83 36 med
1948 2085 43 35 de

396 2150 40 36 af
462 2151 163 35 sistlidne
654 2148 163 48 Riksdag
845 2146 192 36 faststälda
1066 2145 173 49 grunder,
1270 2144 230 47 undantagas
1528 2143 42 34 de
1600 2143 215 47 tjenstemän
1846 2140 66 35 och
1933 2140 58 34 be-

395 2207 125 46 tjente,
552 2204 145 35 hvilkas
725 2201 277 48 sammanlagda
1031 2200 202 35 inkomster
1262 2197 40 36 af
1328 2198 123 35 arbete
1479 2196 39 36 år
1543 2198 93 35 1901
1663 2194 40 36 af
1720 2192 272 39 vederbörande

396 2257 446 49 taxeringsmyndigheter
871 2255 229 48 uppskattats
1127 2253 60 35 till
1217 2252 109 49 högre
1356 2252 134 47 belopp
1520 2257 44 28 än
1596 2251 110 43 7,000
1739 2249 25 48 (i
1781 2247 111 36 ofvan
1918 2260 74 22 om-

398 2312 183 37 förmälda
623 2312 64 35 fall
730 2312 124 43 7,500)
897 2310 147 34 kronor.
1097 2306 72 36 Vid
1204 2307 117 35 denna
1349 2305 202 48 beräkning
1579 2305 67 34 bör
1674 2303 209 47 naturligen
1912 2300 81 36 från
