2136 2588
628 191 101 32 Stats-
741 191 175 32 Utskottets
946 188 175 32 Utlåtande
1144 188 64 30 N:o
1232 188 49 30 61.
1746 186 16 27 9

307 282 57 35 De
405 279 220 46 stadganden
666 279 12 34 i
719 276 361 45 Riksgäldskontorets
1120 275 215 43 reglemente,
1378 273 53 34 till
1473 272 121 35 hvilka
1636 272 11 34 i
1682 271 119 34 ofvan-

170 336 150 42 intagna
356 332 22 47 8
409 335 19 32 3
459 333 39 33 af
523 331 191 43 stadgarne
742 329 54 34 för
826 327 224 43 Riksdagens
1077 325 171 34 bibliotek
1277 325 64 34 och
1369 323 22 46 $
1422 326 19 32 5
1470 322 41 35 af
1535 322 262 35 instruktionen

170 387 55 34 för
253 383 272 37 bibliotekarien
554 382 58 35 vid
641 380 223 44 Riksdagens
892 377 170 35 bibliotek
1089 376 180 40 hänvisas,
1299 379 62 31 äro
1389 373 171 46 följande:

933 529 22 46 8
985 531 57 33 84.

309 637 114 36 Innan
468 636 91 43 ledig
600 636 105 41 tjenst
745 633 39 35 af
821 631 242 43 Fullmäktige
1091 629 230 42 återbesättes,
1351 629 91 33 skall
1470 625 127 37 sådant
1622 626 108 45 jemte
1760 627 42 33 de

174 691 78 34 med
281 699 132 25 samma
442 687 110 44 tjenst
579 685 168 35 förenade
765 679 271 45 löneförmåner,
1056 681 180 34 äfvensom
1254 680 106 42 tiden,
1377 679 92 33 inom
1485 678 144 35 hvilken
1646 677 156 34 sökande

173 752 65 33 ega
280 742 55 32 att
375 739 54 43 sig
470 738 151 39 anmäla,
663 733 294 44 tillkännagifvas
997 732 147 34 medelst
1178 730 122 44 anslag
1329 728 21 36 å
1379 729 145 44 vanliga
1553 729 126 33 ställen
1707 729 94 33 inom

174 790 370 45 Riksgäldskontoret.
601 785 328 44 Ansökningstiden
969 784 209 33 bestämmes
1206 782 55 33 till
1288 781 105 34 minst
1420 780 133 44 fjorton
1582 779 112 44 dagar
1721 776 81 36 från

174 842 180 43 anslagets
395 839 224 41 utfärdande,
662 837 89 34 dock
783 837 103 33 beror
915 834 39 34 af
978 832 241 44 Fullmäktige
1249 834 54 32 att
1331 833 136 32 utsätta
1495 841 49 32 ny
1571 829 229 44 ansöknings-

175 893 62 43 tid,
280 893 128 40 derest,
450 890 93 33 inom
584 889 65 33 den
689 887 89 34 först
818 885 182 35 bestämda
1029 884 106 42 tiden,
1165 881 117 45 någon
1309 883 54 33 till
1392 881 173 44 tjenstens
1594 879 205 35 erhållande

174 944 82 34 fullt
284 941 153 44 skicklig
465 940 64 34 och
557 938 144 44 lämplig
728 937 155 35 sökande
912 936 53 43 sig
992 935 78 34 icke
1099 934 144 34 anmält.

934 1086 22 46 g
987 1088 57 33 86.

311 1194 74 35 Vid
427 1193 110 44 lediga
579 1193 161 41 tjensters
780 1188 215 36 tillsättande
1023 1189 185 32 utnämnes
1235 1186 106 34 bland
1369 1185 224 42 kompetente
1621 1183 179 33 sökanden

176 1249 77 42 den,
297 1256 72 24 som
411 1242 252 44 Fullmäktige,
705 1241 77 34 med
823 1239 164 35 afseende
1019 1235 21 37 å
1067 1238 144 33 verkets
1239 1236 111 34 fördel
1380 1237 90 32 samt
1497 1234 123 43 vigten
1649 1233 62 34 och
1741 1243 58 23 an-

175 1297 229 44 svarigheten
433 1294 39 34 af
497 1295 41 33 de
566 1292 174 35 särskilda
772 1290 301 43 befattningarne,
1102 1287 95 34 finna
1225 1287 55 33 till
1308 1287 66 33 den
1401 1285 116 44 lediga
1537 1284 155 44 tjensten
1712 1286 87 31 mest

176 1348 154 42 skicklig
371 1346 64 34 och
476 1343 188 45 passande;
700 1342 89 34 dock
818 1351 65 34 ega
912 1338 240 44 Fullmäktige
1181 1340 65 40 att,
1276 1338 61 33 der
1366 1337 40 33 de
1435 1333 38 37 så
1500 1335 162 43 lämpligt
1689 1334 110 42 finna,

176 1400 152 34 tillsätta
368 1396 117 43 lediga
526 1394 150 44 tjenster
717 1393 124 33 endast
881 1391 77 34 med
986 1388 282 44 konstitutorial;
1299 1386 151 35 hvarvid
1479 1386 66 33 den
1572 1385 226 44 tjensteman,

176 1460 72 24 som
290 1446 127 36 sådant
455 1444 266 36 konstitutorial
762 1440 163 45 erhåller,
970 1441 111 34 under
1121 1440 67 33 den
1215 1438 52 35 tid
1294 1438 70 34 han
1393 1437 154 44 tjensten
1576 1434 221 43 innehafver,

177 1510 83 35 eger
287 1496 142 46 åtnjuta
457 1496 41 34 de
525 1495 208 42 lönevilkor,
763 1493 292 43 aflöningsstaten
1083 1490 54 34 för
1164 1489 156 44 tjensten
1348 1489 219 33 bestämmer.

932 1641 22 45 8
985 1644 57 32 26.

313 1750 211 44 Aflöningen
551 1748 54 34 för
633 1745 360 46 Riksgäldskontorets
1021 1739 416 46 tjenstemannupersonal
1464 1739 64 33 och
1551 1737 249 43 vaktbetjening

177 1801 106 46 utgar
325 1801 110 43 enligt
476 1800 65 34 den
584 1798 39 34 af
660 1796 205 44 Riksdagen
906 1793 54 35 för
1000 1793 151 34 nämnda
1192 1792 89 35 verk
1321 1790 189 34 faststälda
1539 1788 259 43 aflöningsstat,

178 1854 147 35 hvilken
352 1852 78 35 icke
458 1848 57 36 får
542 1848 255 41 öfverskridas;
826 1845 159 36 varande
1012 1840 263 38 nedanstående
1303 1841 109 35 vilkor
1439 1840 63 34 och
1512 1837 177 44 förbehåll
1708 1838 91 33 stad-

178 1905 90 44 gade
296 1903 54 34 för
377 1899 319 46 tillgodonjutande
724 1898 39 34 af
789 1899 65 32 den
883 1896 53 34 för
964 1894 159 35 bemälda
1151 1890 426 47 tjenstemannapersonal
1606 1889 64 34 och
1697 1889 102 34 vakt-

178 1954 184 45 betjening
390 1951 175 44 beviljade
595 1948 291 43 löneförhöjning:

320 2006 62 31 1:o.
437 2000 241 36 Innehafvare
719 1999 39 34 af
796 1999 41 33 de
879 1997 112 34 ökade
1030 1996 145 33 lönerna
1216 1994 92 33 inom
1349 1990 357 45 Riksgäldskontoret
1739 1993 62 30 äro

181 2054 261 38 underkastade
483 2053 66 33 den
590 2050 262 35 vidsträcktare
883 2044 464 48 tjenstgöringsskyldighet
1372 2043 84 33 eller
1485 2042 66 33 den
1577 2040 185 44 jemkning
1790 2040 11 33 i

179 2105 224 46 åligganden,
446 2114 72 23 som
559 2101 169 44 antingen
768 2100 61 34 vid
869 2109 43 24 en
939 2096 180 36 blifvande
1147 2094 192 35 förändrad
1368 2091 240 45 organisation
1637 2090 39 34 af
1701 2091 99 33 detta

179 2158 89 35 verk
309 2156 85 34 eller
436 2153 102 44 eljest
578 2153 71 33 kan
691 2151 111 35 varda
843 2150 12 34 i
887 2148 193 36 allmänhet
1108 2146 167 44 stadgad;
1305 2144 64 35 och
1397 2144 85 33 böra
1510 2143 42 33 de
1580 2141 219 42 fullmakter,

179 2219 72 24 som
279 2207 54 35 för
359 2204 376 44 Riksgäldskontorets
763 2201 213 44 tjenstemän
1003 2198 173 42 utfärdas,
1205 2195 177 35 innefatta
1411 2190 172 38 förbehåll
1613 2203 53 23 om
1681 2192 120 35 veder-

265 2264 75 31 Bih.
367 2262 51 32 till
441 2260 117 33 Riksd.
583 2260 89 31 Prot.
702 2261 87 28 1884.
836 2261 19 29 4
880 2257 99 32 Saml.
1024 2259 18 28 1
1068 2255 77 41 Afd.
1192 2256 41 29 44
1257 2253 98 41 Häft.
1724 2252 17 26 2
