1878 2798
544 140 304 30 Bankoutskottets
874 139 175 30 utlåtande
1075 149 40 20 nr
1140 140 48 30 33.
1580 134 39 30 37

118 224 86 30 ende
222 224 167 30 hänföras
408 224 49 30 till
477 224 66 30 den
560 224 174 36 lönegrad,
754 224 114 30 vilken
886 224 105 36 gäller
1010 224 54 29 för
1085 224 64 30 den
1169 223 106 36 tjänst
1294 224 70 29 han
1385 224 64 29 har
1470 223 148 36 skyldig-

118 266 57 30 het
198 270 49 26 att
269 266 160 30 bestrida.
1101 272 4 4 :

163 308 309 31 Bestämmelserna
491 308 10 30 i
522 309 113 30 denna
653 308 162 36 paragraf
833 309 98 29 skola
949 308 131 36 jämväl
1101 308 87 36 gälla
1209 307 109 31 sådan
1337 308 158 36 delägare
1512 307 11 30 i
1542 308 76 29 kas-

119 361 71 25 san,
213 351 115 30 vilken
351 350 78 31 från
450 351 208 36 anställning
680 351 57 30 vid
758 361 42 20 av
822 355 128 26 statens
973 350 185 36 järnvägar
1180 350 182 30 trafikerat
1383 350 125 30 enskilt
1531 349 88 31 före-

120 397 55 33 tag
197 394 81 29 eller
298 393 79 32 från
397 394 209 36 anställning
627 394 62 30 hos
711 394 127 29 kassan
859 392 153 37 övergått
1033 393 80 29 eller
1135 391 143 37 övergår
1301 392 9 29 i
1333 396 128 26 statens
1482 392 136 36 järnvä-

118 444 77 28 gars
213 436 115 36 tjänst.

829 505 19 29 3
874 504 28 36 8.

164 555 67 30 För
252 555 367 36 anställningshavare,
642 564 74 21 som
737 564 97 21 avses
855 555 10 29 i
889 556 18 28 2
930 555 28 36 8,
983 555 97 29 skola
1103 553 156 37 följande
1280 553 170 30 särskilda
1473 553 146 30 bestäm-

120 598 123 30 melser
260 598 100 36 gälla.

167 642 26 28 1.
230 640 364 36 Anställningshavare
620 641 80 35 äger
725 639 112 31 såsom
867 637 146 38 tjänstår
1041 638 55 30 för
1122 637 282 37 tjänstepension,
1434 636 186 37 tjänsteliv-

119 683 110 35 ränta,
251 683 282 36 familjepension
554 683 65 29 och
642 682 283 36 familjelivränta
945 681 264 35 tillgodoräkna,
1231 681 121 29 utöver
1372 679 67 30 vad
1461 689 75 21 som
1558 679 62 29 föl-

120 726 51 35 jer
194 735 43 21 av
260 726 306 30 bestämmelserna
591 725 11 29 i
628 725 177 29 allmänna
829 723 513 37 tjänstepensionsreglementet
1365 722 66 29 och
1459 722 83 29 1942
1566 720 55 30 års

121 768 496 36 tjänstepensionsreglemente
644 767 55 30 för
723 767 165 34 arbetare,

164 808 31 39 a)
222 811 59 35 tid,
306 811 108 30 under
436 811 116 29 vilken
572 810 71 30 han
663 809 44 36 på
729 809 111 36 grund
861 818 43 21 av
925 808 208 36 anställning
1156 808 58 30 vid
1235 807 125 31 enskilt
1380 807 133 37 företag
1534 807 88 30 varit

121 853 120 36 pliktig
259 854 136 35 erlägga
413 852 271 36 pensionsavgift
703 852 50 29 till
771 852 128 29 kassan
918 852 82 28 eller
1016 860 116 20 annan
1151 860 42 21 av
1212 854 111 26 staten
1340 851 184 35 övertagen
1541 859 80 26 pen-

119 894 294 37 sionsinrättning,
439 895 163 29 ävensom
626 894 59 35 tid,
711 894 55 30 för
789 894 114 29 vilken
928 894 69 29 han
1023 891 58 32 må
1105 893 90 30 hava
1219 892 108 37 erlagt
1352 892 271 36 pensionsavgift

120 937 104 35 enligt
242 938 18 36 8
279 939 19 28 9
316 938 145 29 kassans
482 938 214 35 reglemente,
716 936 108 30 sådan
842 936 48 30 tid
909 936 106 29 likväl
1033 935 233 36 undantagen,
1286 935 54 29 för
1358 935 115 29 vilken
1493 934 128 31 återbe-

120 978 132 38 talning
275 987 42 21 av
340 979 139 36 erlagda
505 978 147 37 avgifter
674 979 55 36 ägt
752 987 88 27 rum,
866 981 90 27 samt

165 1021 33 36 b)
229 1020 56 31 två
304 1022 206 35 tredjedelar
529 1032 42 20 av
591 1023 49 30 tid
659 1022 10 30 i
688 1023 119 35 övrigt,
828 1023 109 29 under
955 1022 116 30 vilken
1091 1023 70 29 han
1180 1023 58 29 vid
1259 1022 49 30 till
1328 1023 128 29 kassan
1476 1022 147 30 anslutet

122 1064 124 30 enskilt
263 1064 134 37 företag
415 1065 80 29 eller
512 1065 57 30 vid
587 1065 251 36 trafikföretag,
856 1074 74 21 som
949 1066 73 34 ägts
1040 1075 41 20 av
1099 1064 50 30 till
1166 1065 128 29 kassan
1312 1065 160 29 ansluten
1489 1063 134 30 enskild

121 1105 154 38 Järnväg,
295 1107 85 30 efter
397 1107 110 36 fyllda
527 1108 39 29 18
584 1106 39 31 år
640 1108 65 29 och
723 1107 108 30 innan
847 1107 307 30 bestämmelserna
1171 1107 11 29 i
1201 1108 18 28 2
1239 1107 18 35 8
1276 1116 42 20 av
1336 1106 113 30 denna
1467 1107 155 28 överens-

121 1150 190 30 kommelse
331 1150 98 30 blivit
459 1149 9 31 å
487 1150 131 30 honom
637 1150 212 36 tillämpliga,
870 1149 159 30 innehaft
1050 1149 218 35 anställning,
1289 1158 75 21 som
1384 1148 88 32 varit
1493 1158 41 20 av
1558 1152 64 26 sta-

122 1191 209 44 digvarande
352 1196 111 26 natur.

166 1235 45 29 Är
231 1235 367 36 anställningshavare,
622 1245 77 20 vars
721 1235 355 36 delaktighetsbelopp
1098 1235 11 30 i
1130 1236 128 30 kassan
1283 1235 57 30 vid
1363 1236 66 30 den
1451 1235 172 35 tidpunkt,

123 1276 42 31 då
183 1278 306 30 bestämmelserna
508 1278 12 29 i
540 1279 18 29 2
579 1278 18 36 8
617 1287 42 21 av
680 1278 112 30 denna
813 1278 335 30 överenskommelse
1167 1278 100 29 blevo
1287 1276 20 31 å
1325 1278 131 29 honom
1475 1277 148 35 tillämp-

122 1319 77 37 liga,
223 1320 184 36 understeg
431 1321 56 30 det
509 1320 110 36 lägsta
640 1320 135 36 belopp,
801 1329 75 21 som
900 1320 105 36 enligt
1030 1320 18 36 8
1075 1321 19 29 4
1118 1329 105 21 mom.
1248 1321 19 28 4
1292 1320 108 30 första
1426 1320 133 36 stycket
1582 1329 42 20 av

120 1363 221 38 reglementet
361 1362 56 31 för
435 1363 129 30 kassan
584 1363 77 30 bort
681 1362 56 31 för
757 1363 130 30 honom
909 1362 169 35 anmälas,
1099 1362 80 30 med
1198 1362 122 36 bidrag
1341 1371 42 21 av
1405 1361 218 30 förutvaran-

122 1405 41 30 de
185 1405 231 36 arbetsgivare
439 1405 131 36 jämväl
595 1404 348 36 pensionsförsäkrad
965 1404 12 30 i
1001 1404 135 30 enskild
1159 1403 362 36 pensionsinrättning,
1549 1413 75 20 som

122 1447 30 36 ej
171 1447 183 36 övertagits
372 1457 42 20 av
432 1451 121 32 staten,
571 1448 80 29 eller
667 1448 64 29 har
748 1448 79 30 med
845 1446 123 31 sådant
986 1446 122 36 bidrag
1125 1445 345 37 premieinbetalning
1486 1445 51 30 till
1554 1445 69 30 för-

122 1490 286 36 säkringsanstalt
426 1490 56 30 för
499 1490 60 30 liv-
578 1490 65 30 och
660 1489 331 36 kapitalförsäkring
1009 1488 55 30 för
1081 1489 131 29 honom
1232 1489 89 29 skett
1339 1488 80 29 eller
1437 1487 187 36 insättning

121 1531 20 31 å
165 1533 292 35 sparkassekonto
484 1532 205 35 verkställts,
715 1532 79 36 äger
818 1532 71 29 han
914 1531 89 30 dock
1028 1530 31 36 ej
1086 1530 67 30 rätt
1179 1530 51 30 till
1256 1529 367 36 tjänstårsberäkning,

122 1585 74 21 som
203 1568 21 47 i
254 1575 110 30 första
387 1575 133 36 stycket
539 1574 37 37 a)
607 1575 86 36 sägs,
719 1574 79 30 med
821 1574 135 29 mindre
980 1574 72 29 han
1079 1572 50 30 till
1152 1573 117 35 kungl.
1295 1572 328 36 järnvägsstyrelsen

122 1617 156 31 överlåtit
302 1618 52 30 sin
378 1618 68 30 rätt
470 1617 105 37 enligt
599 1617 240 36 försäkringen
862 1615 192 37 respektive
1080 1615 56 31 sitt
1160 1614 303 36 tillgodohavande
1486 1613 21 31 å
1530 1623 92 26 spar-

121 1661 233 30 kassekontot.

167 1704 28 28 2.
231 1702 289 32 Pensionsåldern
545 1702 151 31 inträder
721 1702 138 36 tidigast
884 1702 58 30 vid
965 1700 171 37 utgången
1160 1711 41 20 av
1228 1701 66 30 den
1318 1699 305 36 kalendermånad,

122 1745 109 30 under
251 1745 115 30 vilken
387 1745 381 36 anställningshavaren
789 1744 100 37 fyller
911 1745 40 29 63
972 1743 48 31 år.

166 1787 130 31 Vinner
318 1787 211 37 tjänsteman
555 1786 78 31 från
656 1788 65 29 och
745 1788 78 29 med
847 1787 109 36 dagen
982 1786 56 30 för
1060 1787 245 35 övertagandet
1329 1796 41 21 av
1393 1787 128 30 kassan
1545 1787 80 30 eller

123 1840 119 20 senare
261 1830 189 30 befordran
470 1830 51 30 till
544 1829 113 36 tjänst,
679 1829 20 30 å
720 1829 114 32 vilken
855 1827 177 32 allmänna
1053 1828 513 37 tjänstepensionsreglementet
1587 1829 38 29 är

123 1872 196 36 tillämpligt
350 1873 65 29 och
446 1872 54 30 för
530 1872 115 29 vilken
676 1871 492 36 tjänstepensionsunderlaget
1198 1871 38 29 är
1266 1871 105 35 högre
1400 1871 45 29 än
1474 1871 54 29 för
1559 1871 65 29 den

123 1914 105 36 tjänst
248 1915 71 29 han
340 1915 10 29 i
371 1914 171 30 samband
562 1914 79 30 med
661 1917 127 26 statens
811 1913 230 35 övertagande
1062 1922 42 20 av
1126 1913 256 29 vederbörande
1403 1912 145 36 järnväg
1568 1922 55 21 av-

123 1956 171 36 talsenligt
320 1956 135 30 erhållit
481 1957 82 29 eller
589 1956 109 29 skulle
723 1954 144 35 erhållit,
894 1955 112 29 därest
1034 1955 70 29 han
1129 1953 43 31 då
1197 1954 160 35 uppförts
1382 1953 44 36 på
1453 1954 172 30 ordinarie

124 2003 74 30 stat,
223 2000 81 29 eller
327 1999 119 30 vinner
469 1999 156 29 arbetare
649 1998 207 34 anställning
878 1997 9 29 i
911 1996 115 36 tjänst.
1051 1995 20 31 å
1093 1996 115 29 vilken
1233 1997 105 34 sagda
1359 1997 205 34 reglemente
1588 1997 37 29 är

124 2040 205 37 tillämpligt,
351 2041 85 30 skall
458 2041 88 29 dock
567 2040 66 30 vad
655 2042 8 29 i
685 2040 107 30 första
813 2040 131 35 stycket
968 2040 76 34 sägs
1068 2039 73 29 icke
1163 2039 62 35 äga
1247 2037 228 38 tillämpning.

168 2084 28 29 3.
235 2084 63 30 Vid
324 2083 218 36 tillämpning
566 2092 42 21 av
631 2083 235 36 stadgandena
892 2083 10 29 i
928 2084 40 29 26
993 2083 18 35 &
1040 2084 10 27 1
1082 2092 104 20 mom.
1213 2083 109 29 andra
1348 2083 131 35 stycket
1504 2081 31 36 a)
1565 2082 59 29 all-

124 2126 128 29 männa
271 2125 512 36 tjänstepensionsreglementet
800 2126 64 29 och
885 2125 7 29 i
922 2126 6 28 I
951 2125 17 36 $
992 2126 10 27 I
1026 2134 104 20 mom.
1151 2124 109 30 första
1279 2125 131 35 stycket
1428 2123 29 37 c)
1482 2124 142 30 allmän-

123 2178 45 20 na
194 2168 521 36 familjepensionsreglementet
740 2171 89 26 samt
855 2177 41 20 av
923 2167 237 35 stadgandena
1186 2166 10 30 i
1226 2167 39 29 19
1294 2166 18 36 8
1341 2167 13 29 1
1386 2176 104 20 mom.
1517 2166 109 30 andra

124 2211 132 35 stycket
277 2208 31 38 a)
338 2211 81 29 1942
440 2210 56 30 års
516 2210 497 36 tjänstepensionsreglemente
1033 2208 56 30 för
1109 2209 156 29 arbetare
1286 2209 64 29 och
1372 2208 9 29 i
1405 2210 12 27 1
1443 2208 16 35 5
1485 2209 13 28 I
1521 2217 104 20 mom.

124 2253 108 30 första
254 2254 133 35 stycket
408 2250 29 39 ce)
469 2253 82 29 1942
576 2251 54 31 års
653 2251 505 36 familjepensionsreglemente
1182 2250 55 29 för
1259 2251 156 28 arbetare
1437 2250 88 29 skall
1548 2249 76 30 med

125 2295 286 35 anställningstid,
442 2305 75 20 som
547 2294 11 29 i
587 2294 153 30 nämnda
768 2292 304 36 författningsrum
1103 2301 107 25 avses,
1240 2291 190 36 respektive
1461 2291 78 29 med
1566 2290 60 34 tid,

125 2338 173 30 varunder
315 2337 357 35 anställningshavare
689 2335 87 30 varit
793 2334 236 31 underkastad
1047 2334 8 29 i
1075 2333 153 30 nämnda
1247 2333 302 34 författningsrum
1568 2341 57 21 an-

124 2379 101 35 givna
264 2378 560 36 tjänstepensionsbestämmelser,
862 2376 168 29 likställas
1058 2376 57 34 tid,
1144 2385 74 19 som
1246 2374 380 35 anställningshavaren

125 2421 79 36 äger
224 2421 110 29 räkna
353 2419 112 32 såsom
485 2418 146 37 tjänstår
649 2419 101 35 enligt
779 2419 9 29 3
808 2420 17 34 3
847 2419 11 28 1
882 2427 104 20 mom.
1008 2418 105 29 första
1134 2417 130 35 stycket
1285 2416 31 36 a)
1341 2426 41 20 av
1402 2417 111 29 denna
1533 2417 92 28 över-

125 2464 260 28 enskommelsc.
