2220 2654
645 215 349 41 Bevillningsutskottets
1016 215 208 32 Betänkande
1249 214 62 32 N:o
1333 216 52 30 18.
1728 212 37 31 27

206 295 121 38 under
360 295 326 50 räkenskapsåret
722 294 222 50 uppkomna
980 294 114 47 vinst,
1133 298 108 32 ränta
1274 295 21 34 å
1323 298 88 43 eget
1437 291 147 50 kapital
1611 290 198 38 inräknad.

206 347 124 37 Dessa
358 352 65 31 äro
451 346 47 37 de
526 345 300 49 hufvudsakliga
853 359 50 23 nu
931 344 316 38 förekommande
1262 343 263 49 stadgandena
1539 355 61 24 om
1616 341 195 51 uppgifter

207 397 198 50 angående
445 397 46 37 de
534 397 329 49 skatteskyldiges
903 397 225 46 inkomster,
1165 408 80 23 som
1284 394 171 50 opåmint
1482 393 111 37 skola
1619 393 57 36 till
1704 398 106 31 taxe-

206 448 432 50 ringsmyndigheterna
665 448 196 36 aflemnas.

340 499 206 36 Dessutom
572 512 74 35 ega
673 498 214 37 emellertid
903 498 114 36 dessa
1033 496 274 50 myndigheter
1322 495 238 49 befogenhet
1573 499 56 32 att
1641 495 169 49 infordra

206 550 104 37 vissa
337 549 206 50 uppgifter.

341 601 113 37 Utom
483 600 76 37 den
586 600 118 48 bolag
730 600 13 36 i
771 599 208 37 allmänhet
1006 599 75 36 och
1110 597 174 37 enskilde
1305 596 279 49 arbetsgifvare
1605 595 205 49 åliggande

208 652 272 49 skyldigheten
519 657 56 30 att
612 654 49 46 på
694 650 204 37 anfordran
925 650 125 36 lemna
1077 648 153 51 uppgift
1258 661 61 23 om
1348 647 46 37 de
1421 647 69 37 hos
1519 647 89 36 dem
1636 646 176 37 anstälda

207 716 205 36 personers
441 702 169 48 aflöning
638 702 73 37 och
739 701 117 37 andra
884 701 201 46 förmåner,
1114 705 41 31 är
1182 699 207 48 nemligen,
1426 711 82 24 som
1536 698 155 47 bekant,
1708 697 103 37 stad-

207 754 105 48 gadt,
337 759 55 31 att
419 753 129 48 hvarje
578 752 262 49 skattskyldig
868 757 40 31 är
935 751 216 37 förbunden
1178 755 55 32 att
1259 750 103 36 inom
1388 749 77 37 viss
1493 748 57 37 tid
1566 748 97 37 efter
1678 748 131 37 derom

208 805 81 37 från
330 803 523 49 bevillningsberedningens
895 802 229 37 ordförande
1158 800 214 49 bevisligen
1403 805 222 43 emottagen
1652 812 159 37 uppma-

207 856 95 48 ning
339 854 57 37 till
431 855 141 36 honom
601 854 126 37 lemna
753 853 154 50 uppgift
942 856 20 33 å
998 853 66 36 det
1091 852 155 49 belopp,
1274 850 153 37 hvartill
1454 851 96 36 hans
1578 850 169 36 inkomst
1775 849 41 37 af

208 905 144 50 kapital
392 905 92 36 eller
524 905 132 37 arbete
692 905 64 36 det
787 903 324 49 nästföregående
1146 906 79 33 året
1251 904 174 47 uppgått,
1454 901 100 37 dock
1583 900 135 37 endast
1745 900 66 37 vid

208 957 65 36 det
300 956 177 49 äfventyr
513 956 61 36 för
601 955 296 37 underlåtenhet
924 960 55 31 att
1006 954 113 36 ställa
1147 954 61 48 sig
1235 952 289 50 uppmaningen
1551 951 59 37 till
1638 951 173 36 efterrät-

207 1007 109 47 telse,
353 1012 55 31 att
447 1006 74 37 den
560 1006 285 49 skattskyldige
874 1006 12 36 i
914 1005 135 37 sådant
1088 1004 67 37 fall
1188 1004 158 37 förlorar
1374 1003 57 36 sin
1459 1007 76 32 rätt
1562 1007 55 32 att
1646 1001 164 49 fullfölja

207 1059 104 35 talan
353 1062 79 32 mot
470 1057 419 50 pröfningsnämndens
927 1056 163 37 beslut
1077 1048 24 63 i
1122 1055 106 48 fråga
1269 1068 60 22 om
1372 1054 185 49 beloppet
1589 1052 43 37 af
1653 1052 72 37 den
1755 1052 56 37 in-

209 1109 140 47 komst,
377 1121 81 23 som
486 1108 209 49 uppgiften
724 1107 127 37 skolat
878 1107 91 45 afse,
997 1112 106 31 utom
1130 1106 12 36 1
1171 1106 45 36 de
1231 1105 78 46 fall,
1330 1104 48 37 då
1393 1103 417 51 pröfningsnämndens

209 1160 125 37 beslut
357 1159 228 37 derutinnan
613 1159 133 48 skiljer
773 1159 61 48 sig
857 1158 83 36 från
967 1156 427 49 taxeringsnämndens.

343 1212 67 34 Att
448 1209 46 37 de
523 1209 211 49 uppgifter,
764 1223 95 33 som,
888 1208 121 49 enligt
1035 1208 103 36 hvad
1167 1207 113 37 ofvan
1308 1211 164 42 nämnts,
1502 1205 173 50 opåmint
1701 1204 111 37 skola

208 1261 56 36 till
292 1260 526 49 taxeringsmyndigheterna
846 1260 194 45 aflemnas,
1068 1259 87 36 icke
1183 1262 138 43 utgöra
1344 1256 209 48 tillräcklig
1576 1255 158 48 ledning
1753 1254 59 37 för

208 1311 228 48 taxeringen
463 1316 41 31 är
531 1311 227 49 uppenbart.
814 1310 84 36 Den
927 1310 113 36 dessa
1068 1308 273 50 myndigheter
1360 1307 198 48 medgifna
1577 1306 234 49 rättigheten

209 1367 54 31 att
302 1361 167 37 infordra
502 1361 196 50 uppgifter
724 1360 109 37 torde
862 1361 85 36 icke
976 1360 122 36 heller
1127 1372 88 23 vara
1243 1358 127 49 egnad
1397 1362 54 32 att
1477 1358 12 36 i
1517 1356 179 37 afsevärd
1723 1359 88 33 mån

210 1412 172 49 afhjelpa
420 1412 125 36 denna
585 1412 106 36 brist.
744 1411 58 36 Då
840 1411 192 48 nemligen
1066 1410 125 36 denna
1218 1409 186 48 rättighet
1431 1413 41 31 är
1499 1407 137 37 afsedd
1664 1412 55 32 att
1746 1419 66 24 en-

209 1464 86 36 dast
321 1463 11 36 i
360 1462 281 49 undantagsfall
674 1462 192 49 tillämpas
895 1462 93 36 eller
1014 1461 13 36 i
1056 1460 67 37 allt
1145 1460 66 37 fall
1230 1460 138 36 endast
1385 1459 13 36 i
1416 1459 110 48 ringa
1544 1457 268 49 utsträckning

208 1514 134 37 vunnit
374 1513 248 48 användning
650 1518 97 32 samt
773 1513 120 48 ingen
919 1512 147 49 påföljd
1093 1512 122 36 finnes
1243 1510 165 49 stadgad
1435 1509 58 37 för
1521 1509 168 48 origtiga
1716 1508 95 38 eller

209 1565 124 36 falska
372 1564 207 50 uppgifter,
622 1564 73 36 kan
735 1564 128 36 denna
890 1562 540 49 taxeringsmyndigheternas
1458 1560 238 49 befogenhet
1722 1559 88 37 icke

209 1617 194 35 förväntas
433 1615 171 36 medföra
630 1618 129 45 någon
787 1614 217 49 synnerligt
1032 1619 80 31 stor
1139 1613 153 36 verkan.

344 1665 157 50 Tydligt
539 1670 53 42 är,
634 1670 54 31 att
728 1665 48 36 då
815 1663 523 50 taxeringsmyndigheterna
1376 1667 64 31 äro
1469 1662 11 35 i
1509 1660 145 37 saknad
1683 1659 40 37 af
1746 1660 66 36 det

210 1716 316 49 oundgängligen
554 1715 247 48 nödvändiga
829 1715 213 36 materialet
1069 1714 58 36 för
1155 1727 47 23 en
1229 1713 121 48 rigtig
1378 1711 292 50 uppskattning,
1698 1711 112 36 deras

209 1767 260 46 verksamhet,
510 1767 115 36 äfven
664 1766 86 35 med
790 1766 110 35 bästa
927 1765 102 48 vilja,
1058 1767 121 33 måste
1209 1763 116 37 blifva
1352 1762 190 37 famlande
1573 1762 72 36 och
1673 1761 139 36 osäker

210 1822 98 32 samt
347 1817 199 37 resultatet
586 1816 42 36 af
664 1816 222 36 densamma
923 1815 208 48 ingalunda
1169 1819 190 31 motsvara
1398 1813 46 36 de
1472 1812 228 48 fordringar,
1729 1824 81 23 som

209 1869 93 35 böra
341 1868 130 36 ställas
504 1870 21 35 å
556 1881 49 22 en
644 1867 175 36 verksam
851 1866 72 36 och
950 1866 136 36 rättvis
1115 1864 257 48 beskattning.
1426 1863 49 37 Ju
1504 1875 105 24 mera
1637 1862 71 37 ock
1736 1861 76 37 den

209 1919 150 36 direkta
399 1918 299 48 beskattningen
739 1920 122 34 måste
902 1922 109 42 tagas
1039 1916 13 36 i
1080 1915 178 49 anspråk,
1300 1915 110 36 desto
1443 1914 212 37 känbarare
1694 1912 119 37 blifva

210 1969 46 36 de
295 1969 197 36 anmärkta
520 1968 199 36 bristerna.
774 1968 122 36 Dessa
923 1967 107 36 torde
1059 1967 85 36 icke
1175 1967 128 35 kunna
1331 1965 189 48 afhjelpas
1549 1963 87 37 med
1664 1963 147 36 mindre

210 2024 47 31 än
286 2025 55 30 att
369 2019 72 36 den
471 2018 284 48 skattskyldige
784 2018 201 48 förpligtas
1014 2023 56 30 att
1097 2016 96 37 efter
1220 2016 110 36 bästa
1352 2015 171 37 förstånd
1549 2014 73 37 och
1642 2018 170 32 samvete

211 2070 90 47 sjelf
325 2069 186 49 uppgifva
540 2069 82 36 sina
649 2069 225 45 inkomster,
892 2074 97 30 samt
1016 2067 143 36 sådana
1186 2066 190 49 påföljder
1404 2066 234 36 bestämmas
1667 2064 60 36 för
1754 2077 60 22 ur-

210 2120 237 35 aktlåtenhet
476 2119 230 36 härutinnan
735 2119 93 35 eller
855 2117 203 37 lemnande
1088 2117 41 36 af
1153 2116 165 48 origtiga
1347 2116 93 35 eller
1459 2115 126 36 falska
1604 2114 209 48 uppgifter,

211 2175 55 31 att
293 2169 75 36 den
402 2168 280 49 skattskyldige
710 2169 122 35 finner
860 2168 63 36 det
950 2167 84 36 med
1065 2167 58 35 sin
1151 2166 121 36 fördel
1300 2166 87 36 bäst
1413 2164 182 48 förenligt
1622 2169 54 31 att
1704 2163 111 37 ställa

212 2221 60 47 sig
298 2220 135 47 lagens
456 2219 76 36 bud
552 2219 59 36 till
631 2218 263 37 efterrättelse.
938 2218 106 36 Klart
1063 2222 41 31 är
1124 2216 208 47 nemligen,
1353 2220 54 32 att
1425 2215 11 36 i
1455 2215 109 48 regel
1586 2213 136 37 endast
1740 2213 74 37 den

212 2269 283 49 skattskyldige
538 2268 93 49 sjelf
654 2269 73 36 kan
756 2269 128 36 lemna
911 2268 85 36 fullt
1022 2267 218 48 tillförlitlig
1267 2265 236 51 upplysning
1531 2278 61 23 om
1622 2264 192 38 storleken
