2226 2652
623 215 353 42 Bevillningsutskottets
997 216 210 32 Betänkande
1231 216 64 32 N:o
1317 218 53 30 18.
1721 215 40 29 53

192 293 17 36 I
236 294 73 36 alla
336 293 47 38 de
410 293 141 47 länder,
581 308 81 23 som
690 294 12 36 i
729 294 485 48 beskattningshänseende
1242 294 129 37 kunna
1398 294 105 49 tjena
1530 307 62 23 oss
1619 293 57 37 till
1708 294 96 36 före-

193 344 131 47 bilder,
353 344 68 37 har
448 358 87 24 man
563 345 123 46 också,
712 345 119 49 jemte
860 359 47 23 en
935 345 138 37 allmän
1101 345 281 47 inkomstskatt,
1412 359 47 23 en
1486 344 161 37 särskild
1672 344 132 50 fastig-

193 395 198 37 hetsskatt.
446 395 16 36 I
502 396 112 36 dessa
653 396 134 36 länder
827 396 160 37 drabbas
1027 396 349 48 fastighetsegaren
1402 396 84 36 icke
1514 395 98 37 blott
1639 395 40 36 af
1702 395 102 37 skatt

192 445 58 37 för
289 446 75 37 den
403 446 176 47 inkomst,
623 460 80 23 som
743 447 74 36 han
857 447 146 37 hemtar
1030 447 83 36 från
1139 447 244 49 fastigheten,
1412 451 90 32 utan
1529 446 57 36 får
1613 446 191 37 dessutom

193 497 58 36 för
291 497 124 37 denna
456 502 135 43 utgöra
633 511 47 23 en
721 497 160 37 särskild
922 498 110 36 skatt.
1088 497 54 36 Af
1168 497 91 37 flera
1287 497 83 37 skäl
1396 497 68 37 har
1491 510 88 23 man
1606 501 124 32 ansett
1757 510 48 23 en

196 547 116 37 sådan
353 548 160 36 särskild
553 548 308 48 fastighetsskatt
900 561 89 23 vara
1021 548 88 36 med
1140 548 205 36 rättvisans
1372 548 216 48 fordringar
1615 547 190 37 öfverens-

196 598 246 37 stämmande.
496 598 92 37 Dels
616 598 175 49 erbjuder
818 598 341 50 kapitalplacering
1184 599 14 35 i
1224 599 184 48 fastighet
1435 598 74 37 den
1528 602 137 33 största
1679 598 127 37 säker-

195 649 65 36 het
287 649 57 38 för
371 649 202 49 kapitalets
602 649 304 46 oförstörbarhet,
935 649 80 37 dels
1043 654 113 44 utgör
1182 649 232 49 fastigheten
1437 654 54 32 ett
1505 649 301 48 förmögenhets-

197 699 142 50 objekt,
370 713 90 33 som,
490 700 214 37 oberoende
733 700 40 36 af
795 703 48 46 på
870 700 103 37 detta
1000 700 184 49 nedlagdt
1203 700 141 46 arbete,
1365 700 145 49 stigeri
1529 700 142 36 värde
1653 695 16 59 i
1681 700 124 49 jemn-

196 750 118 37 bredd
360 750 85 37 med
488 750 150 38 landets
681 751 172 36 växande
898 751 227 48 befolkning
1168 751 70 36 och
1282 751 228 46 samhällets,
1544 750 262 49 förnämligast

196 801 369 46 samfärdsmedlens,
607 801 232 49 utveckling.
894 802 203 36 Dessutom
1137 801 68 37 har
1244 815 87 23 man
1363 806 124 32 ansett
1514 801 65 37 det
1605 814 90 23 vara
1721 801 85 37 full-

196 852 162 48 komligt
398 852 12 35 i
450 852 56 36 sin
541 852 174 48 ordning,
750 857 54 31 att
832 852 159 37 särskild
1020 852 103 36 skatt
1151 852 177 48 erlägges
1355 852 58 36 för
1440 852 73 37 den
1541 852 154 43 förmån,
1725 865 81 23 som

195 902 206 37 innefattas
427 903 13 36 i
467 903 234 48 rättigheten
728 907 54 32 att
809 903 87 36 med
923 903 136 36 andras
1087 902 241 37 uteslutande
1355 903 80 36 fritt
1462 902 149 49 förfoga
1634 902 105 37 öfver
1759 916 48 23 en

197 953 62 37 del
298 953 42 36 af
375 953 147 37 landets
559 953 99 49 jord.
720 953 188 48 Slutligen
935 953 121 37 skulle
1084 953 340 37 underlåtenheten
1451 958 54 31 att
1532 958 170 44 upptaga
1729 958 77 32 sär-

197 1003 100 37 skild
337 1004 104 37 skatt
478 1004 57 36 för
575 1004 226 48 fastigheter
839 1004 315 49 nödvändiggöra
1193 1004 267 37 utkräfvandet
1502 1004 41 36 af
1579 1006 40 34 så
1654 1004 153 49 mycket

197 1059 119 32 större
357 1055 144 36 skatter
540 1055 42 36 af
618 1055 72 36 alla
726 1055 433 49 icke-fastighetsegare.
1219 1055 138 36 Tillika
1385 1060 40 31 är
1451 1060 55 31 att
1533 1054 189 47 bemärka,
1751 1060 56 31 att

196 1105 67 37 der
303 1119 48 23 en
390 1105 308 49 fastighetsskatt
735 1106 114 49 länge
882 1106 96 36 varit
1009 1105 136 47 införd,
1175 1110 40 32 är
1243 1105 74 37 den
1344 1105 128 37 lättast
1500 1105 41 37 af
1565 1105 72 37 alla
1663 1106 144 37 skatter

196 1160 54 32 att
289 1156 102 46 bära,
433 1157 159 36 emedan
628 1157 73 37 den
729 1157 46 36 då
801 1157 136 36 verkar
964 1156 146 37 mindre
1139 1170 80 23 som
1247 1157 103 36 skatt
1377 1162 46 31 än
1452 1170 81 23 som
1561 1170 47 23 en
1635 1156 12 36 i
1673 1157 134 49 fastig-

195 1207 64 36 het
285 1207 205 37 intecknad
517 1212 119 32 ränta.

331 1258 54 35 Af
408 1261 88 33 våra
523 1258 133 36 hittills
683 1258 190 48 utgående
889 1257 147 37 direkta
1051 1258 145 36 skatter
1210 1257 114 37 hafva
1339 1257 133 37 endast
1487 1258 320 48 grundskatterna

196 1308 80 36 haft
310 1308 124 36 denna
460 1313 122 42 natur,
613 1308 71 37 och
711 1322 87 23 man
824 1308 107 37 torde
960 1308 126 36 derför
1113 1308 128 36 kunna
1271 1308 232 48 ifrågasätta,
1532 1322 61 22 om
1622 1322 85 22 man
1721 1309 84 37 icke

195 1372 61 32 nu,
299 1358 46 37 då
377 1372 86 24 man
495 1359 197 48 borttager
720 1359 120 47 dessa,
869 1358 116 37 borde
1014 1363 141 32 ersätta
1182 1359 86 36 dem
1296 1359 87 36 med
1411 1372 46 23 en
1485 1358 161 37 särskild
1672 1359 133 49 fastig-

195 1409 200 46 hetsskatt,
436 1410 190 47 utgående
666 1410 11 36 i
710 1409 230 37 förhållande
967 1409 58 36 till
1051 1409 334 48 taxeringsvärdet
1412 1409 96 37 efter
1535 1409 77 37 lika
1639 1410 168 48 grunder

194 1459 58 36 för
291 1460 73 36 alla
403 1460 84 48 slag
527 1460 41 36 af
603 1460 193 49 fastighet.
850 1460 75 37 Det
963 1460 75 36 kan
1071 1460 228 48 visserligen
1330 1460 83 36 icke
1445 1460 188 47 förnekas,
1662 1465 54 31 att
1744 1475 61 22 om

195 1510 100 36 hvad
335 1510 69 37 här
442 1511 124 36 blifvit
606 1511 197 49 ifrågasatt
843 1510 120 37 skulle
1004 1511 253 48 genomföras,
1292 1513 38 34 så
1364 1510 119 37 skulle
1512 1510 47 37 de
1587 1511 218 48 fastighets-

196 1574 126 36 egare,
351 1575 80 23 som
459 1562 134 36 hittills
621 1562 97 37 varit
745 1561 168 37 befriade
940 1561 82 36 från
1049 1561 241 49 grundskatt,
1319 1561 151 37 komma
1497 1565 56 33 att
1572 1562 41 36 af
1623 1562 45 36 de
1684 1562 120 37 ökade

196 1612 155 46 skatter,
393 1626 79 22 som
512 1613 58 35 för
611 1613 217 37 samhällets
857 1612 328 49 upprätthållande
1212 1626 51 23 nu
1291 1612 162 46 kräfvas,
1481 1616 142 45 tyngas
1650 1626 80 23 mer
1757 1618 45 31 än

196 1662 117 36 andra
346 1663 216 36 samhällets
595 1663 257 46 medlemmar,
886 1676 86 23 men
999 1665 21 33 å
1047 1662 116 37 andra
1191 1663 109 36 sidan
1326 1663 68 36 bör
1420 1676 86 23 man
1534 1663 128 37 kunna
1688 1663 116 36 förut-

195 1717 108 42 sätta,
346 1718 55 32 att
439 1713 346 49 fastighetsegarne
826 1714 12 35 i
878 1713 206 36 allmänhet
1115 1713 114 37 hafva
1261 1717 118 33 större
1412 1713 227 36 skattekraft
1666 1719 47 30 än
1740 1714 65 36 det

195 1768 102 32 stora
337 1763 122 37 flertal
490 1764 41 36 af
554 1764 150 37 landets
731 1764 189 44 invånare,
951 1777 80 22 som
1059 1763 119 36 sakna
1206 1764 117 35 andra
1351 1763 293 37 existensmedel
1671 1768 48 32 än
1746 1764 59 36 sin

196 1813 238 37 arbetskraft.
489 1814 73 36 För
602 1814 116 49 öfrigt
757 1814 98 37 lärer
894 1813 64 37 det
990 1813 64 36 vid
1082 1813 131 48 hvarje
1242 1827 103 23 mera
1372 1813 325 49 genomgripande
1727 1828 78 22 om-

194 1864 238 49 gestaltning
471 1865 41 35 af
536 1869 54 32 ett
617 1864 108 37 lands
753 1863 385 38 skatteförhållanden
1166 1864 189 49 knappast
1383 1864 127 36 kunna
1536 1864 186 37 undvikas
1750 1869 55 32 att

193 1917 119 46 några
339 1915 117 36 blifva
482 1915 152 37 lidande
663 1915 70 37 och
761 1915 116 37 andra
904 1917 79 34 åter
1011 1914 190 49 gynnade.
1257 1874 215 94 Onekligen
1500 1914 122 38 skulle
1637 1915 64 37 det
1715 1929 90 23 vara

194 1965 114 48 högst
335 1965 216 45 önskvärdt,
582 1979 59 23 om
675 1979 86 23 man
788 1965 126 37 kunde
942 1965 144 36 utfinna
1114 1968 117 46 något
1258 1970 86 40 sätt,
1364 1965 141 49 hvarpå
1520 1965 105 37 detta
1640 1966 165 36 missför-

193 2015 175 39 hållande
396 2016 119 36 skulle
544 2016 127 37 kunna
698 2017 198 47 utjemnas.
955 2016 87 36 Men
1070 2016 75 35 kan
1173 2029 87 22 man
1279 2016 84 36 icke
1385 2016 114 46 detta,
1515 2016 107 36 torde
1638 2016 72 36 den
1727 2030 78 22 om-

194 2066 269 48 ständigheten
495 2080 130 23 ensam
657 2067 13 35 i
702 2067 69 35 och
799 2067 57 35 för
884 2066 59 48 sig
969 2066 84 36 icke
1073 2065 91 37 böra
1190 2066 37 36 få
1253 2066 117 48 lägga
1396 2066 134 36 hinder
1557 2066 12 36 i
1597 2071 123 44 vägen
1748 2067 58 36 för

193 2116 315 48 genomförandet
527 2117 41 35 af
584 2130 48 23 en
651 2117 149 43 reform,
821 2116 142 48 hvarpå
976 2115 150 37 landets
1141 2115 176 37 framtida
1332 2116 60 35 väl
1406 2115 11 36 i
1433 2129 79 23 mer
1527 2121 45 31 än
1590 2120 54 32 ett
1659 2116 146 36 afseen-

194 2165 46 37 de
281 2166 76 36 kan
389 2180 89 22 vara
509 2167 201 36 beroende.
764 2166 175 47 Fritager
971 2178 87 23 man
1085 2165 346 49 fastighetsegarne
1458 2166 82 36 från
1568 2166 49 36 all
1644 2166 160 36 särskild

193 2216 257 47 beskattning,
472 2220 37 33 så
529 2217 160 36 likasom
709 2216 176 48 inbjuder
906 2229 85 23 man
1011 2215 47 36 de
1079 2215 249 37 socialistiska
1352 2216 212 48 anspråken
1586 2219 48 46 på
1648 2216 156 48 jordens

193 2266 316 49 nationalisering
549 2272 55 32 att
645 2267 91 36 söka
763 2272 92 43 göra
883 2266 60 48 sig
970 2265 190 49 gällande,
1189 2266 69 36 och
1287 2280 86 23 man
1402 2269 58 33 må
1486 2266 12 36 1
1527 2271 55 32 ett
1608 2266 87 37 land
1723 2280 81 23 som
