<?xml version="1.0" encoding="UTF-8"?>
<alto xmlns="http://www.loc.gov/standards/alto/ns-v3#" xmlns:xlink="http://www.w3.org/1999/xlink" xmlns:xsi="http://www.w3.org/2001/XMLSchema-instance" xsi:schemaLocation="http://www.loc.gov/standards/alto/ns-v3# http://www.loc.gov/alto/v3/alto-3-0.xsd">
	<Description>
		<MeasurementUnit>pixel</MeasurementUnit>
		<sourceImageInformation>
			<fileName>/tmp/tess_eeef78vx_input.PNG</fileName>
		</sourceImageInformation>
		<OCRProcessing ID="OCR_0">
			<ocrProcessingStep>
				<processingSoftware>
					<softwareName>tesseract 5.3.0</softwareName>
				</processingSoftware>
			</ocrProcessingStep>
		</OCRProcessing>
	</Description>
	<Layout>
		<Page WIDTH="2210" HEIGHT="2642" PHYSICAL_IMG_NR="0" ID="page_0">
			<PrintSpace HPOS="0" VPOS="0" WIDTH="2210" HEIGHT="2642">
				<ComposedBlock ID="cblock_0" HPOS="468" VPOS="206" WIDTH="1126" HEIGHT="42">
					<TextBlock ID="block_0" HPOS="468" VPOS="206" WIDTH="1126" HEIGHT="42">
						<TextLine ID="line_0" HPOS="468" VPOS="206" WIDTH="1126" HEIGHT="42">
							<String ID="string_0" HPOS="468" VPOS="211" WIDTH="41" HEIGHT="31" WC="0.96" CONTENT="16"/><SP WIDTH="343" VPOS="211" HPOS="509"/>
							<String ID="string_1" HPOS="852" VPOS="207" WIDTH="349" HEIGHT="41" WC="0.78" CONTENT="Bevillningsutskottets"/><SP WIDTH="22" VPOS="207" HPOS="1201"/>
							<String ID="string_2" HPOS="1223" VPOS="206" WIDTH="208" HEIGHT="33" WC="0.96" CONTENT="Betänkande"/><SP WIDTH="25" VPOS="206" HPOS="1431"/>
							<String ID="string_3" HPOS="1456" VPOS="206" WIDTH="65" HEIGHT="32" WC="0.94" CONTENT="N:o"/><SP WIDTH="21" VPOS="206" HPOS="1521"/>
							<String ID="string_4" HPOS="1542" VPOS="208" WIDTH="52" HEIGHT="30" WC="0.96" CONTENT="18."/>
						</TextLine>
					</TextBlock>
				</ComposedBlock>
				<ComposedBlock ID="cblock_1" HPOS="424" VPOS="281" WIDTH="1606" HEIGHT="2027">
					<TextBlock ID="block_1" HPOS="424" VPOS="281" WIDTH="1605" HEIGHT="661">
						<TextLine ID="line_1" HPOS="424" VPOS="281" WIDTH="1603" HEIGHT="57">
							<String ID="string_5" HPOS="424" VPOS="288" WIDTH="282" HEIGHT="50" WC="0.96" CONTENT="byggnaderna"/><SP WIDTH="28" VPOS="288" HPOS="706"/>
							<String ID="string_6" HPOS="734" VPOS="287" WIDTH="84" HEIGHT="48" WC="0.93" CONTENT="och,"/><SP WIDTH="29" VPOS="287" HPOS="818"/>
							<String ID="string_7" HPOS="847" VPOS="287" WIDTH="130" HEIGHT="37" WC="0.91" CONTENT="derest"/><SP WIDTH="26" VPOS="287" HPOS="977"/>
							<String ID="string_8" HPOS="1003" VPOS="287" WIDTH="84" HEIGHT="37" WC="0.96" CONTENT="icke"/><SP WIDTH="29" VPOS="287" HPOS="1087"/>
							<String ID="string_9" HPOS="1116" VPOS="286" WIDTH="143" HEIGHT="37" WC="0.96" CONTENT="sådana"/><SP WIDTH="26" VPOS="286" HPOS="1259"/>
							<String ID="string_10" HPOS="1285" VPOS="284" WIDTH="184" HEIGHT="38" WC="0.96" CONTENT="reformer"/><SP WIDTH="27" VPOS="284" HPOS="1469"/>
							<String ID="string_11" HPOS="1496" VPOS="283" WIDTH="190" HEIGHT="49" WC="0.96" CONTENT="vidtagas,"/><SP WIDTH="28" VPOS="283" HPOS="1686"/>
							<String ID="string_12" HPOS="1714" VPOS="283" WIDTH="92" HEIGHT="36" WC="0.96" CONTENT="hota"/><SP WIDTH="28" VPOS="283" HPOS="1806"/>
							<String ID="string_13" HPOS="1834" VPOS="287" WIDTH="54" HEIGHT="31" WC="0.93" CONTENT="att"/><SP WIDTH="27" VPOS="287" HPOS="1888"/>
							<String ID="string_14" HPOS="1915" VPOS="281" WIDTH="112" HEIGHT="38" WC="0.91" CONTENT="fram-"/>
						</TextLine>
						<TextLine ID="line_2" HPOS="425" VPOS="332" WIDTH="1603" HEIGHT="55">
							<String ID="string_15" HPOS="425" VPOS="340" WIDTH="103" HEIGHT="36" WC="0.95" CONTENT="kalla"/><SP WIDTH="40" VPOS="340" HPOS="528"/>
							<String ID="string_16" HPOS="568" VPOS="338" WIDTH="148" HEIGHT="49" WC="0.91" CONTENT="häftiga"/><SP WIDTH="36" VPOS="338" HPOS="716"/>
							<String ID="string_17" HPOS="752" VPOS="338" WIDTH="311" HEIGHT="48" WC="0.91" CONTENT="omstörtningar."/><SP WIDTH="58" VPOS="338" HPOS="1063"/>
							<String ID="string_18" HPOS="1121" VPOS="337" WIDTH="152" HEIGHT="36" WC="0.96" CONTENT="Främst"/><SP WIDTH="38" VPOS="337" HPOS="1273"/>
							<String ID="string_19" HPOS="1311" VPOS="336" WIDTH="101" HEIGHT="36" WC="0.92" CONTENT="inom"/><SP WIDTH="43" VPOS="336" HPOS="1412"/>
							<String ID="string_20" HPOS="1455" VPOS="332" WIDTH="317" HEIGHT="39" WC="0.92" CONTENT="skatteväsendet"/><SP WIDTH="27" VPOS="332" HPOS="1772"/>
							<String ID="string_21" HPOS="1799" VPOS="346" WIDTH="113" HEIGHT="23" WC="0.96" CONTENT="anser"/><SP WIDTH="28" VPOS="346" HPOS="1912"/>
							<String ID="string_22" HPOS="1940" VPOS="333" WIDTH="88" HEIGHT="36" WC="0.96" CONTENT="herr"/>
						</TextLine>
						<TextLine ID="line_3" HPOS="426" VPOS="381" WIDTH="1602" HEIGHT="57">
							<String ID="string_23" HPOS="426" VPOS="381" WIDTH="199" HEIGHT="46" WC="0.96" CONTENT="Åkerlund"/><SP WIDTH="40" VPOS="381" HPOS="625"/>
							<String ID="string_24" HPOS="665" VPOS="403" WIDTH="48" HEIGHT="23" WC="0.96" CONTENT="en"/><SP WIDTH="30" VPOS="403" HPOS="713"/>
							<String ID="string_25" HPOS="743" VPOS="389" WIDTH="106" HEIGHT="49" WC="0.96" CONTENT="dylik"/><SP WIDTH="27" VPOS="389" HPOS="849"/>
							<String ID="string_26" HPOS="876" VPOS="388" WIDTH="140" HEIGHT="37" WC="0.96" CONTENT="reform"/><SP WIDTH="30" VPOS="388" HPOS="1016"/>
							<String ID="string_27" HPOS="1046" VPOS="401" WIDTH="89" HEIGHT="23" WC="0.96" CONTENT="vara"/><SP WIDTH="27" VPOS="401" HPOS="1135"/>
							<String ID="string_28" HPOS="1162" VPOS="387" WIDTH="42" HEIGHT="37" WC="0.93" CONTENT="af"/><SP WIDTH="23" VPOS="387" HPOS="1204"/>
							<String ID="string_29" HPOS="1227" VPOS="386" WIDTH="184" HEIGHT="38" WC="0.91" CONTENT="behofvet"/><SP WIDTH="27" VPOS="386" HPOS="1411"/>
							<String ID="string_30" HPOS="1438" VPOS="385" WIDTH="189" HEIGHT="50" WC="0.96" CONTENT="påkallad."/><SP WIDTH="57" VPOS="385" HPOS="1627"/>
							<String ID="string_31" HPOS="1684" VPOS="383" WIDTH="129" HEIGHT="38" WC="0.58" CONTENT="Sedan"/><SP WIDTH="28" VPOS="383" HPOS="1813"/>
							<String ID="string_32" HPOS="1841" VPOS="383" WIDTH="187" HEIGHT="37" WC="0.79" CONTENT="motionä-"/>
						</TextLine>
						<TextLine ID="line_4" HPOS="426" VPOS="434" WIDTH="1601" HEIGHT="54">
							<String ID="string_33" HPOS="426" VPOS="455" WIDTH="68" HEIGHT="23" WC="0.93" CONTENT="ren"/><SP WIDTH="29" VPOS="455" HPOS="494"/>
							<String ID="string_34" HPOS="523" VPOS="440" WIDTH="140" HEIGHT="37" WC="0.91" CONTENT="erinrat"/><SP WIDTH="27" VPOS="440" HPOS="663"/>
							<String ID="string_35" HPOS="690" VPOS="453" WIDTH="63" HEIGHT="23" WC="0.92" CONTENT="om"/><SP WIDTH="29" VPOS="453" HPOS="753"/>
							<String ID="string_36" HPOS="782" VPOS="439" WIDTH="286" HEIGHT="49" WC="0.92" CONTENT="storkapitalets"/><SP WIDTH="28" VPOS="439" HPOS="1068"/>
							<String ID="string_37" HPOS="1096" VPOS="438" WIDTH="173" HEIGHT="37" WC="0.93" CONTENT="alltmera"/><SP WIDTH="27" VPOS="438" HPOS="1269"/>
							<String ID="string_38" HPOS="1296" VPOS="435" WIDTH="378" HEIGHT="49" WC="0.92" CONTENT="öfverhandtagande"/><SP WIDTH="21" VPOS="435" HPOS="1674"/>
							<String ID="string_39" HPOS="1695" VPOS="434" WIDTH="74" HEIGHT="37" WC="0.96" CONTENT="och"/><SP WIDTH="19" VPOS="434" HPOS="1769"/>
							<String ID="string_40" HPOS="1788" VPOS="437" WIDTH="110" HEIGHT="33" WC="0.92" CONTENT="svåra"/><SP WIDTH="20" VPOS="437" HPOS="1898"/>
							<String ID="string_41" HPOS="1918" VPOS="434" WIDTH="109" HEIGHT="37" WC="0.91" CONTENT="miss-"/>
						</TextLine>
						<TextLine ID="line_5" HPOS="426" VPOS="485" WIDTH="1601" HEIGHT="49">
							<String ID="string_42" HPOS="426" VPOS="491" WIDTH="266" HEIGHT="37" WC="0.96" CONTENT="förhållanden"/><SP WIDTH="42" VPOS="491" HPOS="692"/>
							<String ID="string_43" HPOS="734" VPOS="490" WIDTH="248" HEIGHT="37" WC="0.96" CONTENT="medförande"/><SP WIDTH="43" VPOS="490" HPOS="982"/>
							<String ID="string_44" HPOS="1025" VPOS="489" WIDTH="109" HEIGHT="37" WC="0.96" CONTENT="välde"/><SP WIDTH="33" VPOS="489" HPOS="1134"/>
							<String ID="string_45" HPOS="1167" VPOS="489" WIDTH="103" HEIGHT="36" WC="0.96" CONTENT="inom"/><SP WIDTH="29" VPOS="489" HPOS="1270"/>
							<String ID="string_46" HPOS="1299" VPOS="491" WIDTH="82" HEIGHT="33" WC="0.96" CONTENT="vårt"/><SP WIDTH="27" VPOS="491" HPOS="1381"/>
							<String ID="string_47" HPOS="1408" VPOS="487" WIDTH="184" HEIGHT="37" WC="0.95" CONTENT="moderna"/><SP WIDTH="28" VPOS="487" HPOS="1592"/>
							<String ID="string_48" HPOS="1620" VPOS="485" WIDTH="186" HEIGHT="37" WC="0.92" CONTENT="samhälle"/><SP WIDTH="30" VPOS="485" HPOS="1806"/>
							<String ID="string_49" HPOS="1836" VPOS="489" WIDTH="99" HEIGHT="32" WC="0.92" CONTENT="samt"/><SP WIDTH="26" VPOS="489" HPOS="1935"/>
							<String ID="string_50" HPOS="1961" VPOS="488" WIDTH="66" HEIGHT="46" WC="0.92" CONTENT="på-"/>
						</TextLine>
						<TextLine ID="line_6" HPOS="425" VPOS="535" WIDTH="1602" HEIGHT="56">
							<String ID="string_51" HPOS="425" VPOS="542" WIDTH="130" HEIGHT="49" WC="0.96" CONTENT="pekat,"/><SP WIDTH="39" VPOS="542" HPOS="555"/>
							<String ID="string_52" HPOS="594" VPOS="541" WIDTH="116" HEIGHT="37" WC="0.96" CONTENT="bland"/><SP WIDTH="34" VPOS="541" HPOS="710"/>
							<String ID="string_53" HPOS="744" VPOS="546" WIDTH="125" HEIGHT="42" WC="0.96" CONTENT="annat,"/><SP WIDTH="29" VPOS="546" HPOS="869"/>
							<String ID="string_54" HPOS="898" VPOS="546" WIDTH="55" HEIGHT="31" WC="0.96" CONTENT="att"/><SP WIDTH="28" VPOS="546" HPOS="953"/>
							<String ID="string_55" HPOS="981" VPOS="540" WIDTH="75" HEIGHT="36" WC="0.96" CONTENT="den"/><SP WIDTH="27" VPOS="540" HPOS="1056"/>
							<String ID="string_56" HPOS="1083" VPOS="539" WIDTH="192" HEIGHT="37" WC="0.96" CONTENT="indirekta"/><SP WIDTH="27" VPOS="539" HPOS="1275"/>
							<String ID="string_57" HPOS="1302" VPOS="538" WIDTH="300" HEIGHT="47" WC="0.95" CONTENT="beskattningen"/><SP WIDTH="27" VPOS="538" HPOS="1602"/>
							<String ID="string_58" HPOS="1629" VPOS="536" WIDTH="87" HEIGHT="37" WC="0.96" CONTENT="icke"/><SP WIDTH="30" VPOS="536" HPOS="1716"/>
							<String ID="string_59" HPOS="1746" VPOS="540" WIDTH="41" HEIGHT="32" WC="0.92" CONTENT="är"/><SP WIDTH="28" VPOS="540" HPOS="1787"/>
							<String ID="string_60" HPOS="1815" VPOS="535" WIDTH="127" HEIGHT="49" WC="0.91" CONTENT="egnad"/><SP WIDTH="29" VPOS="535" HPOS="1942"/>
							<String ID="string_61" HPOS="1971" VPOS="541" WIDTH="56" HEIGHT="31" WC="0.96" CONTENT="att"/>
						</TextLine>
						<TextLine ID="line_7" HPOS="426" VPOS="586" WIDTH="1602" HEIGHT="52">
							<String ID="string_62" HPOS="426" VPOS="592" WIDTH="173" HEIGHT="38" WC="0.96" CONTENT="medföra"/><SP WIDTH="37" VPOS="592" HPOS="599"/>
							<String ID="string_63" HPOS="636" VPOS="605" WIDTH="47" HEIGHT="23" WC="0.96" CONTENT="en"/><SP WIDTH="41" VPOS="605" HPOS="683"/>
							<String ID="string_64" HPOS="724" VPOS="591" WIDTH="135" HEIGHT="37" WC="0.96" CONTENT="rättvis"/><SP WIDTH="38" VPOS="591" HPOS="859"/>
							<String ID="string_65" HPOS="897" VPOS="591" WIDTH="222" HEIGHT="47" WC="0.95" CONTENT="fördelning"/><SP WIDTH="39" VPOS="591" HPOS="1119"/>
							<String ID="string_66" HPOS="1158" VPOS="590" WIDTH="42" HEIGHT="36" WC="0.93" CONTENT="af"/><SP WIDTH="24" VPOS="590" HPOS="1200"/>
							<String ID="string_67" HPOS="1224" VPOS="588" WIDTH="286" HEIGHT="47" WC="0.91" CONTENT="skattebördan,"/><SP WIDTH="27" VPOS="588" HPOS="1510"/>
							<String ID="string_68" HPOS="1537" VPOS="588" WIDTH="12" HEIGHT="36" WC="0.94" CONTENT="i"/><SP WIDTH="23" VPOS="588" HPOS="1549"/>
							<String ID="string_69" HPOS="1572" VPOS="587" WIDTH="66" HEIGHT="37" WC="0.96" CONTENT="det"/><SP WIDTH="27" VPOS="587" HPOS="1638"/>
							<String ID="string_70" HPOS="1665" VPOS="592" WIDTH="55" HEIGHT="31" WC="0.93" CONTENT="att"/><SP WIDTH="22" VPOS="592" HPOS="1720"/>
							<String ID="string_71" HPOS="1742" VPOS="586" WIDTH="95" HEIGHT="36" WC="0.91" CONTENT="»alla"/><SP WIDTH="26" VPOS="586" HPOS="1837"/>
							<String ID="string_72" HPOS="1863" VPOS="586" WIDTH="115" HEIGHT="36" WC="0.93" CONTENT="tullar"/><SP WIDTH="30" VPOS="586" HPOS="1978"/>
							<String ID="string_73" HPOS="2008" VPOS="589" WIDTH="20" HEIGHT="33" WC="0.92" CONTENT="å"/>
						</TextLine>
						<TextLine ID="line_8" HPOS="426" VPOS="636" WIDTH="1603" HEIGHT="55">
							<String ID="string_74" HPOS="426" VPOS="643" WIDTH="144" HEIGHT="48" WC="0.93" CONTENT="nödiga"/><SP WIDTH="27" VPOS="643" HPOS="570"/>
							<String ID="string_75" HPOS="597" VPOS="642" WIDTH="445" HEIGHT="48" WC="0.92" CONTENT="förbrukningsartiklar,"/><SP WIDTH="29" VPOS="642" HPOS="1042"/>
							<String ID="string_76" HPOS="1071" VPOS="640" WIDTH="120" HEIGHT="37" WC="0.96" CONTENT="delvis"/><SP WIDTH="21" VPOS="640" HPOS="1191"/>
							<String ID="string_77" HPOS="1212" VPOS="640" WIDTH="113" HEIGHT="37" WC="0.93" CONTENT="äfven"/><SP WIDTH="20" VPOS="640" HPOS="1325"/>
							<String ID="string_78" HPOS="1345" VPOS="643" WIDTH="20" HEIGHT="33" WC="0.89" CONTENT="å"/><SP WIDTH="19" VPOS="643" HPOS="1365"/>
							<String ID="string_79" HPOS="1384" VPOS="639" WIDTH="147" HEIGHT="36" WC="0.92" CONTENT="mindre"/><SP WIDTH="21" VPOS="639" HPOS="1531"/>
							<String ID="string_80" HPOS="1552" VPOS="638" WIDTH="147" HEIGHT="48" WC="0.91" CONTENT="vigtiga"/><SP WIDTH="25" VPOS="638" HPOS="1699"/>
							<String ID="string_81" HPOS="1724" VPOS="637" WIDTH="153" HEIGHT="46" WC="0.93" CONTENT="sådana,"/><SP WIDTH="20" VPOS="637" HPOS="1877"/>
							<String ID="string_82" HPOS="1897" VPOS="636" WIDTH="132" HEIGHT="37" WC="0.92" CONTENT="äfven-"/>
						</TextLine>
						<TextLine ID="line_9" HPOS="427" VPOS="687" WIDTH="1601" HEIGHT="55">
							<String ID="string_83" HPOS="427" VPOS="708" WIDTH="82" HEIGHT="23" WC="0.96" CONTENT="som"/><SP WIDTH="29" VPOS="708" HPOS="509"/>
							<String ID="string_84" HPOS="538" VPOS="707" WIDTH="47" HEIGHT="23" WC="0.96" CONTENT="en"/><SP WIDTH="27" VPOS="707" HPOS="585"/>
							<String ID="string_85" HPOS="612" VPOS="693" WIDTH="76" HEIGHT="49" WC="0.96" CONTENT="god"/><SP WIDTH="30" VPOS="693" HPOS="688"/>
							<String ID="string_86" HPOS="718" VPOS="693" WIDTH="62" HEIGHT="37" WC="0.96" CONTENT="del"/><SP WIDTH="29" VPOS="693" HPOS="780"/>
							<String ID="string_87" HPOS="809" VPOS="692" WIDTH="122" HEIGHT="49" WC="0.96" CONTENT="öfriga"/><SP WIDTH="27" VPOS="692" HPOS="931"/>
							<String ID="string_88" HPOS="958" VPOS="692" WIDTH="191" HEIGHT="36" WC="0.93" CONTENT="indirekta"/><SP WIDTH="26" VPOS="692" HPOS="1149"/>
							<String ID="string_89" HPOS="1175" VPOS="691" WIDTH="154" HEIGHT="49" WC="0.92" CONTENT="utlagor"/><SP WIDTH="27" VPOS="691" HPOS="1329"/>
							<String ID="string_90" HPOS="1356" VPOS="690" WIDTH="160" HEIGHT="36" WC="0.96" CONTENT="alldeles"/><SP WIDTH="27" VPOS="690" HPOS="1516"/>
							<String ID="string_91" HPOS="1543" VPOS="689" WIDTH="84" HEIGHT="37" WC="0.96" CONTENT="icke"/><SP WIDTH="31" VPOS="689" HPOS="1627"/>
							<String ID="string_92" HPOS="1658" VPOS="687" WIDTH="174" HEIGHT="38" WC="0.96" CONTENT="medföra"/><SP WIDTH="28" VPOS="687" HPOS="1832"/>
							<String ID="string_93" HPOS="1860" VPOS="700" WIDTH="48" HEIGHT="23" WC="0.92" CONTENT="en"/><SP WIDTH="28" VPOS="700" HPOS="1908"/>
							<String ID="string_94" HPOS="1936" VPOS="692" WIDTH="92" HEIGHT="31" WC="0.91" CONTENT="rätt-"/>
						</TextLine>
						<TextLine ID="line_10" HPOS="426" VPOS="738" WIDTH="1601" HEIGHT="54">
							<String ID="string_95" HPOS="426" VPOS="745" WIDTH="59" HEIGHT="37" WC="0.96" CONTENT="vis"/><SP WIDTH="42" VPOS="745" HPOS="485"/>
							<String ID="string_96" HPOS="527" VPOS="744" WIDTH="262" HEIGHT="48" WC="0.96" CONTENT="beskattning,"/><SP WIDTH="40" VPOS="744" HPOS="789"/>
							<String ID="string_97" HPOS="829" VPOS="742" WIDTH="160" HEIGHT="38" WC="0.93" CONTENT="emedan"/><SP WIDTH="42" VPOS="742" HPOS="989"/>
							<String ID="string_98" HPOS="1031" VPOS="742" WIDTH="223" HEIGHT="48" WC="0.90" CONTENT="derigenom"/><SP WIDTH="37" VPOS="742" HPOS="1254"/>
							<String ID="string_99" HPOS="1291" VPOS="741" WIDTH="46" HEIGHT="36" WC="0.96" CONTENT="de"/><SP WIDTH="27" VPOS="741" HPOS="1337"/>
							<String ID="string_100" HPOS="1364" VPOS="739" WIDTH="224" HEIGHT="38" WC="0.96" CONTENT="välmående"/><SP WIDTH="28" VPOS="739" HPOS="1588"/>
							<String ID="string_101" HPOS="1616" VPOS="739" WIDTH="201" HEIGHT="37" WC="0.96" CONTENT="klasserna"/><SP WIDTH="28" VPOS="739" HPOS="1817"/>
							<String ID="string_102" HPOS="1845" VPOS="738" WIDTH="69" HEIGHT="36" WC="0.96" CONTENT="alls"/><SP WIDTH="28" VPOS="738" HPOS="1914"/>
							<String ID="string_103" HPOS="1942" VPOS="738" WIDTH="85" HEIGHT="36" WC="0.96" CONTENT="icke"/>
						</TextLine>
						<TextLine ID="line_11" HPOS="427" VPOS="788" WIDTH="1602" HEIGHT="56">
							<String ID="string_104" HPOS="427" VPOS="809" WIDTH="73" HEIGHT="35" WC="0.93" CONTENT="ega"/><SP WIDTH="41" VPOS="809" HPOS="500"/>
							<String ID="string_105" HPOS="541" VPOS="798" WIDTH="126" HEIGHT="45" WC="0.96" CONTENT="någon"/><SP WIDTH="35" VPOS="798" HPOS="667"/>
							<String ID="string_106" HPOS="702" VPOS="807" WIDTH="83" HEIGHT="24" WC="0.96" CONTENT="som"/><SP WIDTH="28" VPOS="807" HPOS="785"/>
							<String ID="string_107" HPOS="813" VPOS="794" WIDTH="101" HEIGHT="36" WC="0.94" CONTENT="helst"/><SP WIDTH="28" VPOS="794" HPOS="914"/>
							<String ID="string_108" HPOS="942" VPOS="792" WIDTH="222" HEIGHT="50" WC="0.96" CONTENT="skyldighet"/><SP WIDTH="27" VPOS="792" HPOS="1164"/>
							<String ID="string_109" HPOS="1191" VPOS="797" WIDTH="55" HEIGHT="32" WC="0.96" CONTENT="att"/><SP WIDTH="25" VPOS="797" HPOS="1246"/>
							<String ID="string_110" HPOS="1271" VPOS="792" WIDTH="12" HEIGHT="36" WC="0.92" CONTENT="i"/><SP WIDTH="27" VPOS="792" HPOS="1283"/>
							<String ID="string_111" HPOS="1310" VPOS="791" WIDTH="180" HEIGHT="48" WC="0.91" CONTENT="rikligare"/><SP WIDTH="29" VPOS="791" HPOS="1490"/>
							<String ID="string_112" HPOS="1519" VPOS="794" WIDTH="93" HEIGHT="33" WC="0.96" CONTENT="mått"/><SP WIDTH="23" VPOS="794" HPOS="1612"/>
							<String ID="string_113" HPOS="1635" VPOS="795" WIDTH="48" HEIGHT="31" WC="0.96" CONTENT="än"/><SP WIDTH="28" VPOS="795" HPOS="1683"/>
							<String ID="string_114" HPOS="1711" VPOS="789" WIDTH="48" HEIGHT="37" WC="0.96" CONTENT="de"/><SP WIDTH="28" VPOS="789" HPOS="1759"/>
							<String ID="string_115" HPOS="1787" VPOS="788" WIDTH="146" HEIGHT="37" WC="0.93" CONTENT="mindre"/><SP WIDTH="29" VPOS="788" HPOS="1933"/>
							<String ID="string_116" HPOS="1962" VPOS="788" WIDTH="67" HEIGHT="37" WC="0.91" CONTENT="be-"/>
						</TextLine>
						<TextLine ID="line_12" HPOS="427" VPOS="839" WIDTH="1602" HEIGHT="54">
							<String ID="string_117" HPOS="427" VPOS="845" WIDTH="178" HEIGHT="38" WC="0.95" CONTENT="medlade"/><SP WIDTH="33" VPOS="845" HPOS="605"/>
							<String ID="string_118" HPOS="638" VPOS="845" WIDTH="207" HEIGHT="48" WC="0.96" CONTENT="tillgodose"/><SP WIDTH="29" VPOS="845" HPOS="845"/>
							<String ID="string_119" HPOS="874" VPOS="850" WIDTH="149" HEIGHT="31" WC="0.93" CONTENT="statens"/><SP WIDTH="27" VPOS="850" HPOS="1023"/>
							<String ID="string_120" HPOS="1050" VPOS="842" WIDTH="261" HEIGHT="38" WC="0.91" CONTENT="inkomstkraf"/><SP WIDTH="25" VPOS="842" HPOS="1311"/>
							<String ID="string_121" HPOS="1336" VPOS="842" WIDTH="93" HEIGHT="37" WC="0.96" CONTENT="eller"/><SP WIDTH="29" VPOS="842" HPOS="1429"/>
							<String ID="string_122" HPOS="1458" VPOS="842" WIDTH="46" HEIGHT="36" WC="0.96" CONTENT="de"/><SP WIDTH="24" VPOS="842" HPOS="1504"/>
							<String ID="string_123" HPOS="1528" VPOS="841" WIDTH="203" HEIGHT="36" WC="0.93" CONTENT="inhemska"/><SP WIDTH="27" VPOS="841" HPOS="1731"/>
							<String ID="string_124" HPOS="1758" VPOS="839" WIDTH="271" HEIGHT="50" WC="0.91" CONTENT="producenter-"/>
						</TextLine>
						<TextLine ID="line_13" HPOS="427" VPOS="889" WIDTH="1600" HEIGHT="53">
							<String ID="string_125" HPOS="427" VPOS="910" WIDTH="71" HEIGHT="24" WC="0.93" CONTENT="nas"/><SP WIDTH="27" VPOS="910" HPOS="498"/>
							<String ID="string_126" HPOS="525" VPOS="895" WIDTH="122" HEIGHT="38" WC="0.91" CONTENT="behof"/><SP WIDTH="23" VPOS="895" HPOS="647"/>
							<String ID="string_127" HPOS="670" VPOS="901" WIDTH="56" HEIGHT="31" WC="0.93" CONTENT="att"/><SP WIDTH="27" VPOS="901" HPOS="726"/>
							<String ID="string_128" HPOS="753" VPOS="895" WIDTH="138" HEIGHT="37" WC="0.92" CONTENT="afsätta"/><SP WIDTH="28" VPOS="895" HPOS="891"/>
							<String ID="string_129" HPOS="919" VPOS="895" WIDTH="84" HEIGHT="36" WC="0.93" CONTENT="sina"/><SP WIDTH="27" VPOS="895" HPOS="1003"/>
							<String ID="string_130" HPOS="1030" VPOS="894" WIDTH="325" HEIGHT="48" WC="0.90" CONTENT="tillverkningar»,"/><SP WIDTH="29" VPOS="894" HPOS="1355"/>
							<String ID="string_131" HPOS="1384" VPOS="892" WIDTH="108" HEIGHT="37" WC="0.96" CONTENT="anför"/><SP WIDTH="28" VPOS="892" HPOS="1492"/>
							<String ID="string_132" HPOS="1520" VPOS="892" WIDTH="124" HEIGHT="36" WC="0.93" CONTENT="denne"/><SP WIDTH="30" VPOS="892" HPOS="1644"/>
							<String ID="string_133" HPOS="1674" VPOS="891" WIDTH="188" HEIGHT="36" WC="0.91" CONTENT="motionär"/><SP WIDTH="18" VPOS="891" HPOS="1862"/>
							<String ID="string_134" HPOS="1880" VPOS="889" WIDTH="147" HEIGHT="37" WC="0.96" CONTENT="vidare:"/>
						</TextLine>
					</TextBlock>
					<TextBlock ID="block_2" HPOS="427" VPOS="940" WIDTH="1603" HEIGHT="1067">
						<TextLine ID="line_14" HPOS="562" VPOS="940" WIDTH="1467" HEIGHT="54">
							<String ID="string_135" HPOS="562" VPOS="947" WIDTH="87" HEIGHT="36" WC="0.45" CONTENT="»Att"/><SP WIDTH="27" VPOS="947" HPOS="649"/>
							<String ID="string_136" HPOS="676" VPOS="946" WIDTH="48" HEIGHT="36" WC="0.96" CONTENT="de"/><SP WIDTH="30" VPOS="946" HPOS="724"/>
							<String ID="string_137" HPOS="754" VPOS="949" WIDTH="81" HEIGHT="34" WC="0.96" CONTENT="små"/><SP WIDTH="17" VPOS="949" HPOS="835"/>
							<String ID="string_138" HPOS="852" VPOS="945" WIDTH="253" HEIGHT="49" WC="0.96" CONTENT="jordbruken,"/><SP WIDTH="27" VPOS="945" HPOS="1105"/>
							<String ID="string_139" HPOS="1132" VPOS="944" WIDTH="132" HEIGHT="37" WC="0.96" CONTENT="hvilka"/><SP WIDTH="27" VPOS="944" HPOS="1264"/>
							<String ID="string_140" HPOS="1291" VPOS="943" WIDTH="135" HEIGHT="37" WC="0.96" CONTENT="endast"/><SP WIDTH="17" VPOS="943" HPOS="1426"/>
							<String ID="string_141" HPOS="1443" VPOS="956" WIDTH="140" HEIGHT="35" WC="0.96" CONTENT="genom"/><SP WIDTH="20" VPOS="956" HPOS="1583"/>
							<String ID="string_142" HPOS="1603" VPOS="946" WIDTH="129" HEIGHT="44" WC="0.96" CONTENT="träget"/><SP WIDTH="18" VPOS="946" HPOS="1732"/>
							<String ID="string_143" HPOS="1750" VPOS="941" WIDTH="129" HEIGHT="36" WC="0.96" CONTENT="arbete"/><SP WIDTH="21" VPOS="941" HPOS="1879"/>
							<String ID="string_144" HPOS="1900" VPOS="940" WIDTH="129" HEIGHT="37" WC="0.96" CONTENT="kunna"/>
						</TextLine>
						<TextLine ID="line_15" HPOS="427" VPOS="991" WIDTH="1602" HEIGHT="52">
							<String ID="string_145" HPOS="427" VPOS="997" WIDTH="145" HEIGHT="38" WC="0.96" CONTENT="bereda"/><SP WIDTH="39" VPOS="997" HPOS="572"/>
							<String ID="string_146" HPOS="611" VPOS="997" WIDTH="173" HEIGHT="36" WC="0.96" CONTENT="utkomst"/><SP WIDTH="38" VPOS="997" HPOS="784"/>
							<String ID="string_147" HPOS="822" VPOS="996" WIDTH="59" HEIGHT="37" WC="0.96" CONTENT="för"/><SP WIDTH="38" VPOS="996" HPOS="881"/>
							<String ID="string_148" HPOS="919" VPOS="996" WIDTH="85" HEIGHT="36" WC="0.93" CONTENT="sina"/><SP WIDTH="42" VPOS="996" HPOS="1004"/>
							<String ID="string_149" HPOS="1046" VPOS="1008" WIDTH="128" HEIGHT="35" WC="0.89" CONTENT="egare,"/><SP WIDTH="43" VPOS="1008" HPOS="1174"/>
							<String ID="string_150" HPOS="1217" VPOS="994" WIDTH="148" HEIGHT="37" WC="0.96" CONTENT="ändock"/><SP WIDTH="32" VPOS="994" HPOS="1365"/>
							<String ID="string_151" HPOS="1397" VPOS="993" WIDTH="47" HEIGHT="37" WC="0.96" CONTENT="de"/><SP WIDTH="29" VPOS="993" HPOS="1444"/>
							<String ID="string_152" HPOS="1473" VPOS="999" WIDTH="65" HEIGHT="31" WC="0.93" CONTENT="äro"/><SP WIDTH="28" VPOS="999" HPOS="1538"/>
							<String ID="string_153" HPOS="1566" VPOS="992" WIDTH="113" HEIGHT="37" WC="0.91" CONTENT="hårdt"/><SP WIDTH="28" VPOS="992" HPOS="1679"/>
							<String ID="string_154" HPOS="1707" VPOS="991" WIDTH="227" HEIGHT="47" WC="0.93" CONTENT="skuldsatta,"/><SP WIDTH="29" VPOS="991" HPOS="1934"/>
							<String ID="string_155" HPOS="1963" VPOS="991" WIDTH="66" HEIGHT="37" WC="0.92" CONTENT="be-"/>
						</TextLine>
						<TextLine ID="line_16" HPOS="428" VPOS="1041" WIDTH="1602" HEIGHT="54">
							<String ID="string_156" HPOS="428" VPOS="1049" WIDTH="149" HEIGHT="36" WC="0.95" CONTENT="skattas"/><SP WIDTH="39" VPOS="1049" HPOS="577"/>
							<String ID="string_157" HPOS="616" VPOS="1048" WIDTH="57" HEIGHT="36" WC="0.95" CONTENT="till"/><SP WIDTH="39" VPOS="1048" HPOS="673"/>
							<String ID="string_158" HPOS="712" VPOS="1047" WIDTH="93" HEIGHT="37" WC="0.96" CONTENT="fulla"/><SP WIDTH="37" VPOS="1047" HPOS="805"/>
							<String ID="string_159" HPOS="842" VPOS="1045" WIDTH="346" HEIGHT="50" WC="0.96" CONTENT="taxeringsvärdet,"/><SP WIDTH="35" VPOS="1045" HPOS="1188"/>
							<String ID="string_160" HPOS="1223" VPOS="1051" WIDTH="55" HEIGHT="31" WC="0.96" CONTENT="att"/><SP WIDTH="27" VPOS="1051" HPOS="1278"/>
							<String ID="string_161" HPOS="1305" VPOS="1044" WIDTH="46" HEIGHT="38" WC="0.96" CONTENT="de"/><SP WIDTH="27" VPOS="1044" HPOS="1351"/>
							<String ID="string_162" HPOS="1378" VPOS="1044" WIDTH="115" HEIGHT="37" WC="0.96" CONTENT="enkla"/><SP WIDTH="29" VPOS="1044" HPOS="1493"/>
							<String ID="string_163" HPOS="1522" VPOS="1056" WIDTH="99" HEIGHT="36" WC="0.96" CONTENT="egna"/><SP WIDTH="27" VPOS="1056" HPOS="1621"/>
							<String ID="string_164" HPOS="1648" VPOS="1042" WIDTH="103" HEIGHT="47" WC="0.95" CONTENT="hem,"/><SP WIDTH="24" VPOS="1042" HPOS="1751"/>
							<String ID="string_165" HPOS="1775" VPOS="1045" WIDTH="90" HEIGHT="34" WC="0.96" CONTENT="våra"/><SP WIDTH="26" VPOS="1045" HPOS="1865"/>
							<String ID="string_166" HPOS="1891" VPOS="1041" WIDTH="139" HEIGHT="38" WC="0.96" CONTENT="talrika"/>
						</TextLine>
						<TextLine ID="line_17" HPOS="427" VPOS="1092" WIDTH="1602" HEIGHT="55">
							<String ID="string_167" HPOS="427" VPOS="1098" WIDTH="355" HEIGHT="49" WC="0.91" CONTENT="backstugusittare"/><SP WIDTH="28" VPOS="1098" HPOS="782"/>
							<String ID="string_168" HPOS="810" VPOS="1097" WIDTH="149" HEIGHT="49" WC="0.93" CONTENT="lyckats"/><SP WIDTH="28" VPOS="1097" HPOS="959"/>
							<String ID="string_169" HPOS="987" VPOS="1096" WIDTH="182" HEIGHT="37" WC="0.92" CONTENT="förskaffa"/><SP WIDTH="29" VPOS="1096" HPOS="1169"/>
							<String ID="string_170" HPOS="1198" VPOS="1096" WIDTH="61" HEIGHT="49" WC="0.96" CONTENT="sig"/><SP WIDTH="28" VPOS="1096" HPOS="1259"/>
							<String ID="string_171" HPOS="1287" VPOS="1096" WIDTH="72" HEIGHT="36" WC="0.96" CONTENT="och"/><SP WIDTH="26" VPOS="1096" HPOS="1359"/>
							<String ID="string_172" HPOS="1385" VPOS="1095" WIDTH="133" HEIGHT="37" WC="0.96" CONTENT="hvilka"/><SP WIDTH="26" VPOS="1095" HPOS="1518"/>
							<String ID="string_173" HPOS="1544" VPOS="1099" WIDTH="137" HEIGHT="43" WC="0.96" CONTENT="utgöra"/><SP WIDTH="16" VPOS="1099" HPOS="1681"/>
							<String ID="string_174" HPOS="1697" VPOS="1093" WIDTH="111" HEIGHT="37" WC="0.96" CONTENT="deras"/><SP WIDTH="20" VPOS="1093" HPOS="1808"/>
							<String ID="string_175" HPOS="1828" VPOS="1095" WIDTH="61" HEIGHT="34" WC="0.96" CONTENT="må"/><SP WIDTH="12" VPOS="1095" HPOS="1889"/>
							<String ID="string_176" HPOS="1901" VPOS="1092" WIDTH="128" HEIGHT="37" WC="0.96" CONTENT="hända"/>
						</TextLine>
						<TextLine ID="line_18" HPOS="428" VPOS="1143" WIDTH="1601" HEIGHT="55">
							<String ID="string_177" HPOS="428" VPOS="1155" WIDTH="142" HEIGHT="32" WC="0.96" CONTENT="största"/><SP WIDTH="27" VPOS="1155" HPOS="570"/>
							<String ID="string_178" HPOS="597" VPOS="1149" WIDTH="130" HEIGHT="49" WC="0.96" CONTENT="glädje"/><SP WIDTH="30" VPOS="1149" HPOS="727"/>
							<String ID="string_179" HPOS="757" VPOS="1153" WIDTH="99" HEIGHT="32" WC="0.95" CONTENT="samt"/><SP WIDTH="26" VPOS="1153" HPOS="856"/>
							<String ID="string_180" HPOS="882" VPOS="1148" WIDTH="46" HEIGHT="37" WC="0.91" CONTENT="de"/><SP WIDTH="26" VPOS="1148" HPOS="928"/>
							<String ID="string_181" HPOS="954" VPOS="1147" WIDTH="159" HEIGHT="37" WC="0.91" CONTENT="fastaste"/><SP WIDTH="24" VPOS="1147" HPOS="1113"/>
							<String ID="string_182" HPOS="1137" VPOS="1147" WIDTH="115" HEIGHT="47" WC="0.93" CONTENT="band,"/><SP WIDTH="21" VPOS="1147" HPOS="1252"/>
							<String ID="string_183" HPOS="1273" VPOS="1145" WIDTH="179" HEIGHT="38" WC="0.91" CONTENT="hvarmed"/><SP WIDTH="26" VPOS="1145" HPOS="1452"/>
							<String ID="string_184" HPOS="1478" VPOS="1145" WIDTH="46" HEIGHT="37" WC="0.97" CONTENT="de"/><SP WIDTH="21" VPOS="1145" HPOS="1524"/>
							<String ID="string_185" HPOS="1545" VPOS="1150" WIDTH="63" HEIGHT="32" WC="0.96" CONTENT="äro"/><SP WIDTH="24" VPOS="1150" HPOS="1608"/>
							<String ID="string_186" HPOS="1632" VPOS="1144" WIDTH="158" HEIGHT="37" WC="0.96" CONTENT="bundna"/><SP WIDTH="18" VPOS="1144" HPOS="1790"/>
							<String ID="string_187" HPOS="1808" VPOS="1143" WIDTH="63" HEIGHT="37" WC="0.93" CONTENT="vid"/><SP WIDTH="20" VPOS="1143" HPOS="1871"/>
							<String ID="string_188" HPOS="1891" VPOS="1143" WIDTH="138" HEIGHT="37" WC="0.92" CONTENT="foster-"/>
						</TextLine>
						<TextLine ID="line_19" HPOS="427" VPOS="1193" WIDTH="1602" HEIGHT="54">
							<String ID="string_189" HPOS="427" VPOS="1200" WIDTH="144" HEIGHT="47" WC="0.96" CONTENT="landet,"/><SP WIDTH="24" VPOS="1200" HPOS="571"/>
							<String ID="string_190" HPOS="595" VPOS="1200" WIDTH="45" HEIGHT="36" WC="0.96" CONTENT="de"/><SP WIDTH="30" VPOS="1200" HPOS="640"/>
							<String ID="string_191" HPOS="670" VPOS="1202" WIDTH="83" HEIGHT="34" WC="0.96" CONTENT="små"/><SP WIDTH="27" VPOS="1202" HPOS="753"/>
							<String ID="string_192" HPOS="780" VPOS="1199" WIDTH="199" HEIGHT="47" WC="0.96" CONTENT="farkoster,"/><SP WIDTH="29" VPOS="1199" HPOS="979"/>
							<String ID="string_193" HPOS="1008" VPOS="1198" WIDTH="87" HEIGHT="36" WC="0.96" CONTENT="med"/><SP WIDTH="23" VPOS="1198" HPOS="1095"/>
							<String ID="string_194" HPOS="1118" VPOS="1197" WIDTH="132" HEIGHT="37" WC="0.96" CONTENT="hvilka"/><SP WIDTH="27" VPOS="1197" HPOS="1250"/>
							<String ID="string_195" HPOS="1277" VPOS="1200" WIDTH="89" HEIGHT="33" WC="0.93" CONTENT="våra"/><SP WIDTH="24" VPOS="1200" HPOS="1366"/>
							<String ID="string_196" HPOS="1390" VPOS="1195" WIDTH="249" HEIGHT="49" WC="0.91" CONTENT="skärgårdars"/><SP WIDTH="20" VPOS="1195" HPOS="1639"/>
							<String ID="string_197" HPOS="1659" VPOS="1194" WIDTH="228" HEIGHT="49" WC="0.96" CONTENT="befolkning"/><SP WIDTH="20" VPOS="1194" HPOS="1887"/>
							<String ID="string_198" HPOS="1907" VPOS="1193" WIDTH="122" HEIGHT="38" WC="0.96" CONTENT="under"/>
						</TextLine>
						<TextLine ID="line_20" HPOS="429" VPOS="1245" WIDTH="1600" HEIGHT="52">
							<String ID="string_199" HPOS="429" VPOS="1257" WIDTH="163" HEIGHT="31" WC="0.96" CONTENT="stormar"/><SP WIDTH="41" VPOS="1257" HPOS="592"/>
							<String ID="string_200" HPOS="633" VPOS="1251" WIDTH="73" HEIGHT="36" WC="0.93" CONTENT="och"/><SP WIDTH="29" VPOS="1251" HPOS="706"/>
							<String ID="string_201" HPOS="735" VPOS="1250" WIDTH="169" HEIGHT="36" WC="0.92" CONTENT="lifsfaror"/><SP WIDTH="28" VPOS="1250" HPOS="904"/>
							<String ID="string_202" HPOS="932" VPOS="1252" WIDTH="120" HEIGHT="34" WC="0.93" CONTENT="måste"/><SP WIDTH="30" VPOS="1252" HPOS="1052"/>
							<String ID="string_203" HPOS="1082" VPOS="1248" WIDTH="163" HEIGHT="49" WC="0.92" CONTENT="förtjena"/><SP WIDTH="29" VPOS="1248" HPOS="1245"/>
							<String ID="string_204" HPOS="1274" VPOS="1248" WIDTH="65" HEIGHT="36" WC="0.96" CONTENT="sitt"/><SP WIDTH="23" VPOS="1248" HPOS="1339"/>
							<String ID="string_205" HPOS="1362" VPOS="1247" WIDTH="159" HEIGHT="48" WC="0.96" CONTENT="dagliga"/><SP WIDTH="27" VPOS="1247" HPOS="1521"/>
							<String ID="string_206" HPOS="1548" VPOS="1245" WIDTH="95" HEIGHT="38" WC="0.93" CONTENT="bröd"/><SP WIDTH="28" VPOS="1245" HPOS="1643"/>
							<String ID="string_207" HPOS="1671" VPOS="1260" WIDTH="48" HEIGHT="22" WC="0.92" CONTENT="m."/><SP WIDTH="30" VPOS="1260" HPOS="1719"/>
							<String ID="string_208" HPOS="1749" VPOS="1259" WIDTH="61" HEIGHT="32" WC="0.91" CONTENT="m.,"/><SP WIDTH="28" VPOS="1259" HPOS="1810"/>
							<String ID="string_209" HPOS="1838" VPOS="1245" WIDTH="120" HEIGHT="47" WC="0.96" CONTENT="skola,"/><SP WIDTH="30" VPOS="1245" HPOS="1958"/>
							<String ID="string_210" HPOS="1988" VPOS="1248" WIDTH="41" HEIGHT="33" WC="0.96" CONTENT="så"/>
						</TextLine>
						<TextLine ID="line_21" HPOS="427" VPOS="1295" WIDTH="1603" HEIGHT="55">
							<String ID="string_211" HPOS="427" VPOS="1302" WIDTH="83" HEIGHT="37" WC="0.96" CONTENT="vidt"/><SP WIDTH="38" VPOS="1302" HPOS="510"/>
							<String ID="string_212" HPOS="548" VPOS="1301" WIDTH="161" HEIGHT="49" WC="0.96" CONTENT="möjligt,"/><SP WIDTH="30" VPOS="1301" HPOS="709"/>
							<String ID="string_213" HPOS="739" VPOS="1300" WIDTH="123" HEIGHT="48" WC="0.96" CONTENT="enligt"/><SP WIDTH="25" VPOS="1300" HPOS="862"/>
							<String ID="string_214" HPOS="887" VPOS="1299" WIDTH="179" HEIGHT="50" WC="0.96" CONTENT="gällande"/><SP WIDTH="28" VPOS="1299" HPOS="1066"/>
							<String ID="string_215" HPOS="1094" VPOS="1298" WIDTH="229" HEIGHT="49" WC="0.96" CONTENT="författning"/><SP WIDTH="22" VPOS="1298" HPOS="1323"/>
							<String ID="string_216" HPOS="1345" VPOS="1298" WIDTH="200" HEIGHT="37" WC="0.96" CONTENT="beskattas"/><SP WIDTH="23" VPOS="1298" HPOS="1545"/>
							<String ID="string_217" HPOS="1568" VPOS="1296" WIDTH="56" HEIGHT="37" WC="0.96" CONTENT="till"/><SP WIDTH="29" VPOS="1296" HPOS="1624"/>
							<String ID="string_218" HPOS="1653" VPOS="1295" WIDTH="93" HEIGHT="38" WC="0.96" CONTENT="fulla"/><SP WIDTH="27" VPOS="1295" HPOS="1746"/>
							<String ID="string_219" HPOS="1773" VPOS="1295" WIDTH="133" HEIGHT="37" WC="0.95" CONTENT="värdet"/><SP WIDTH="29" VPOS="1295" HPOS="1906"/>
							<String ID="string_220" HPOS="1935" VPOS="1295" WIDTH="95" HEIGHT="36" WC="0.95" CONTENT="eller"/>
						</TextLine>
						<TextLine ID="line_22" HPOS="427" VPOS="1346" WIDTH="1603" HEIGHT="53">
							<String ID="string_221" HPOS="427" VPOS="1353" WIDTH="232" HEIGHT="46" WC="0.96" CONTENT="inkomsten,"/><SP WIDTH="41" VPOS="1353" HPOS="659"/>
							<String ID="string_222" HPOS="700" VPOS="1350" WIDTH="193" HEIGHT="38" WC="0.95" CONTENT="förefaller"/><SP WIDTH="39" VPOS="1350" HPOS="893"/>
							<String ID="string_223" HPOS="932" VPOS="1364" WIDTH="80" HEIGHT="34" WC="0.96" CONTENT="nog"/><SP WIDTH="27" VPOS="1364" HPOS="1012"/>
							<String ID="string_224" HPOS="1039" VPOS="1353" WIDTH="165" HEIGHT="45" WC="0.96" CONTENT="mången"/><SP WIDTH="27" VPOS="1353" HPOS="1204"/>
							<String ID="string_225" HPOS="1231" VPOS="1353" WIDTH="104" HEIGHT="44" WC="0.91" CONTENT="gång"/><SP WIDTH="26" VPOS="1353" HPOS="1335"/>
							<String ID="string_226" HPOS="1361" VPOS="1347" WIDTH="123" HEIGHT="47" WC="0.91" CONTENT="hårdt,"/><SP WIDTH="29" VPOS="1347" HPOS="1484"/>
							<String ID="string_227" HPOS="1513" VPOS="1360" WIDTH="85" HEIGHT="24" WC="0.96" CONTENT="men"/><SP WIDTH="27" VPOS="1360" HPOS="1598"/>
							<String ID="string_228" HPOS="1625" VPOS="1360" WIDTH="92" HEIGHT="23" WC="0.96" CONTENT="vore"/><SP WIDTH="30" VPOS="1360" HPOS="1717"/>
							<String ID="string_229" HPOS="1747" VPOS="1346" WIDTH="99" HEIGHT="37" WC="0.96" CONTENT="dock"/><SP WIDTH="26" VPOS="1346" HPOS="1846"/>
							<String ID="string_230" HPOS="1872" VPOS="1346" WIDTH="86" HEIGHT="37" WC="0.96" CONTENT="icke"/><SP WIDTH="30" VPOS="1346" HPOS="1958"/>
							<String ID="string_231" HPOS="1988" VPOS="1349" WIDTH="42" HEIGHT="33" WC="0.96" CONTENT="så"/>
						</TextLine>
						<TextLine ID="line_23" HPOS="429" VPOS="1397" WIDTH="1599" HEIGHT="55">
							<String ID="string_232" HPOS="429" VPOS="1402" WIDTH="288" HEIGHT="50" WC="0.93" CONTENT="motbjudande,"/><SP WIDTH="38" VPOS="1402" HPOS="717"/>
							<String ID="string_233" HPOS="755" VPOS="1402" WIDTH="130" HEIGHT="36" WC="0.89" CONTENT="derest"/><SP WIDTH="40" VPOS="1402" HPOS="885"/>
							<String ID="string_234" HPOS="925" VPOS="1402" WIDTH="34" HEIGHT="48" WC="0.96" CONTENT="ej"/><SP WIDTH="40" VPOS="1402" HPOS="959"/>
							<String ID="string_235" HPOS="999" VPOS="1400" WIDTH="180" HEIGHT="48" WC="0.96" CONTENT="ostridigt"/><SP WIDTH="40" VPOS="1400" HPOS="1179"/>
							<String ID="string_236" HPOS="1219" VPOS="1413" WIDTH="104" HEIGHT="33" WC="0.95" CONTENT="vore,"/><SP WIDTH="41" VPOS="1413" HPOS="1323"/>
							<String ID="string_237" HPOS="1364" VPOS="1404" WIDTH="54" HEIGHT="31" WC="0.96" CONTENT="att"/><SP WIDTH="41" VPOS="1404" HPOS="1418"/>
							<String ID="string_238" HPOS="1459" VPOS="1399" WIDTH="47" HEIGHT="36" WC="0.96" CONTENT="de"/><SP WIDTH="35" VPOS="1399" HPOS="1506"/>
							<String ID="string_239" HPOS="1541" VPOS="1403" WIDTH="103" HEIGHT="32" WC="0.93" CONTENT="stora"/><SP WIDTH="39" VPOS="1403" HPOS="1644"/>
							<String ID="string_240" HPOS="1683" VPOS="1397" WIDTH="345" HEIGHT="48" WC="0.91" CONTENT="inkomsttagarne,"/>
						</TextLine>
						<TextLine ID="line_24" HPOS="429" VPOS="1448" WIDTH="1600" HEIGHT="56">
							<String ID="string_241" HPOS="429" VPOS="1454" WIDTH="247" HEIGHT="50" WC="0.92" CONTENT="synnerligen"/><SP WIDTH="42" VPOS="1454" HPOS="676"/>
							<String ID="string_242" HPOS="718" VPOS="1452" WIDTH="295" HEIGHT="49" WC="0.91" CONTENT="storkapitalens"/><SP WIDTH="33" VPOS="1452" HPOS="1013"/>
							<String ID="string_243" HPOS="1046" VPOS="1456" WIDTH="99" HEIGHT="41" WC="0.96" CONTENT="män,"/><SP WIDTH="33" VPOS="1456" HPOS="1145"/>
							<String ID="string_244" HPOS="1178" VPOS="1450" WIDTH="41" HEIGHT="36" WC="0.95" CONTENT="af"/><SP WIDTH="24" VPOS="1450" HPOS="1219"/>
							<String ID="string_245" HPOS="1243" VPOS="1450" WIDTH="72" HEIGHT="36" WC="0.95" CONTENT="alla"/><SP WIDTH="28" VPOS="1450" HPOS="1315"/>
							<String ID="string_246" HPOS="1343" VPOS="1448" WIDTH="282" HEIGHT="50" WC="0.96" CONTENT="skattskyldige"/><SP WIDTH="29" VPOS="1448" HPOS="1625"/>
							<String ID="string_247" HPOS="1654" VPOS="1448" WIDTH="138" HEIGHT="48" WC="0.96" CONTENT="bringa"/><SP WIDTH="27" VPOS="1448" HPOS="1792"/>
							<String ID="string_248" HPOS="1819" VPOS="1448" WIDTH="47" HEIGHT="36" WC="0.96" CONTENT="de"/><SP WIDTH="28" VPOS="1448" HPOS="1866"/>
							<String ID="string_249" HPOS="1894" VPOS="1449" WIDTH="135" HEIGHT="35" WC="0.94" CONTENT="minsta"/>
						</TextLine>
						<TextLine ID="line_25" HPOS="429" VPOS="1498" WIDTH="1601" HEIGHT="56">
							<String ID="string_250" HPOS="429" VPOS="1507" WIDTH="116" HEIGHT="47" WC="0.95" CONTENT="offren"/><SP WIDTH="42" VPOS="1507" HPOS="545"/>
							<String ID="string_251" HPOS="587" VPOS="1507" WIDTH="36" HEIGHT="33" WC="0.96" CONTENT="åt"/><SP WIDTH="36" VPOS="1507" HPOS="623"/>
							<String ID="string_252" HPOS="659" VPOS="1504" WIDTH="67" HEIGHT="36" WC="0.96" CONTENT="det"/><SP WIDTH="40" VPOS="1504" HPOS="726"/>
							<String ID="string_253" HPOS="766" VPOS="1503" WIDTH="202" HEIGHT="46" WC="0.96" CONTENT="allmänna,"/><SP WIDTH="40" VPOS="1503" HPOS="968"/>
							<String ID="string_254" HPOS="1008" VPOS="1501" WIDTH="152" HEIGHT="37" WC="0.96" CONTENT="hvarför"/><SP WIDTH="39" VPOS="1501" HPOS="1160"/>
							<String ID="string_255" HPOS="1199" VPOS="1501" WIDTH="72" HEIGHT="36" WC="0.96" CONTENT="ock"/><SP WIDTH="38" VPOS="1501" HPOS="1271"/>
							<String ID="string_256" HPOS="1309" VPOS="1500" WIDTH="158" HEIGHT="37" WC="0.96" CONTENT="rättvisa"/><SP WIDTH="36" VPOS="1500" HPOS="1467"/>
							<String ID="string_257" HPOS="1503" VPOS="1499" WIDTH="71" HEIGHT="37" WC="0.92" CONTENT="och"/><SP WIDTH="28" VPOS="1499" HPOS="1574"/>
							<String ID="string_258" HPOS="1602" VPOS="1499" WIDTH="181" HEIGHT="48" WC="0.92" CONTENT="billighet"/><SP WIDTH="23" VPOS="1499" HPOS="1783"/>
							<String ID="string_259" HPOS="1806" VPOS="1511" WIDTH="115" HEIGHT="36" WC="0.96" CONTENT="synas"/><SP WIDTH="29" VPOS="1511" HPOS="1921"/>
							<String ID="string_260" HPOS="1950" VPOS="1498" WIDTH="80" HEIGHT="48" WC="0.96" CONTENT="mig"/>
						</TextLine>
						<TextLine ID="line_26" HPOS="428" VPOS="1548" WIDTH="1602" HEIGHT="54">
							<String ID="string_261" HPOS="428" VPOS="1555" WIDTH="146" HEIGHT="46" WC="0.91" CONTENT="kräfva,"/><SP WIDTH="45" VPOS="1555" HPOS="574"/>
							<String ID="string_262" HPOS="619" VPOS="1560" WIDTH="54" HEIGHT="31" WC="0.96" CONTENT="att"/><SP WIDTH="39" VPOS="1560" HPOS="673"/>
							<String ID="string_263" HPOS="712" VPOS="1554" WIDTH="132" HEIGHT="48" WC="0.96" CONTENT="hvarje"/><SP WIDTH="42" VPOS="1554" HPOS="844"/>
							<String ID="string_264" HPOS="886" VPOS="1553" WIDTH="255" HEIGHT="47" WC="0.96" CONTENT="medborgare"/><SP WIDTH="35" VPOS="1553" HPOS="1141"/>
							<String ID="string_265" HPOS="1176" VPOS="1551" WIDTH="13" HEIGHT="37" WC="0.95" CONTENT="i"/><SP WIDTH="42" VPOS="1551" HPOS="1189"/>
							<String ID="string_266" HPOS="1231" VPOS="1556" WIDTH="56" HEIGHT="32" WC="0.95" CONTENT="ett"/><SP WIDTH="27" VPOS="1556" HPOS="1287"/>
							<String ID="string_267" HPOS="1314" VPOS="1550" WIDTH="87" HEIGHT="37" WC="0.93" CONTENT="land"/><SP WIDTH="29" VPOS="1550" HPOS="1401"/>
							<String ID="string_268" HPOS="1430" VPOS="1550" WIDTH="158" HEIGHT="48" WC="0.91" CONTENT="ålägges"/><SP WIDTH="28" VPOS="1550" HPOS="1588"/>
							<String ID="string_269" HPOS="1616" VPOS="1549" WIDTH="129" HEIGHT="37" WC="0.96" CONTENT="betala"/><SP WIDTH="27" VPOS="1549" HPOS="1745"/>
							<String ID="string_270" HPOS="1772" VPOS="1552" WIDTH="125" HEIGHT="33" WC="0.96" CONTENT="såsom"/><SP WIDTH="30" VPOS="1552" HPOS="1897"/>
							<String ID="string_271" HPOS="1927" VPOS="1548" WIDTH="103" HEIGHT="37" WC="0.96" CONTENT="skatt"/>
						</TextLine>
						<TextLine ID="line_27" HPOS="429" VPOS="1599" WIDTH="1599" HEIGHT="53">
							<String ID="string_272" HPOS="429" VPOS="1612" WIDTH="123" HEIGHT="31" WC="0.96" CONTENT="större"/><SP WIDTH="29" VPOS="1612" HPOS="552"/>
							<String ID="string_273" HPOS="581" VPOS="1605" WIDTH="91" HEIGHT="37" WC="0.96" CONTENT="eller"/><SP WIDTH="28" VPOS="1605" HPOS="672"/>
							<String ID="string_274" HPOS="700" VPOS="1604" WIDTH="147" HEIGHT="37" WC="0.96" CONTENT="mindre"/><SP WIDTH="30" VPOS="1604" HPOS="847"/>
							<String ID="string_275" HPOS="877" VPOS="1608" WIDTH="159" HEIGHT="44" WC="0.96" CONTENT="procent"/><SP WIDTH="26" VPOS="1608" HPOS="1036"/>
							<String ID="string_276" HPOS="1062" VPOS="1602" WIDTH="42" HEIGHT="37" WC="0.96" CONTENT="af"/><SP WIDTH="22" VPOS="1602" HPOS="1104"/>
							<String ID="string_277" HPOS="1126" VPOS="1602" WIDTH="179" HEIGHT="49" WC="0.96" CONTENT="samtliga"/><SP WIDTH="27" VPOS="1602" HPOS="1305"/>
							<String ID="string_278" HPOS="1332" VPOS="1602" WIDTH="81" HEIGHT="36" WC="0.96" CONTENT="sina"/><SP WIDTH="27" VPOS="1602" HPOS="1413"/>
							<String ID="string_279" HPOS="1440" VPOS="1601" WIDTH="223" HEIGHT="46" WC="0.96" CONTENT="inkomster,"/><SP WIDTH="35" VPOS="1601" HPOS="1663"/>
							<String ID="string_280" HPOS="1698" VPOS="1600" WIDTH="5" HEIGHT="36" WC="0.96" CONTENT="i"/><SP WIDTH="28" VPOS="1600" HPOS="1703"/>
							<String ID="string_281" HPOS="1731" VPOS="1602" WIDTH="88" HEIGHT="34" WC="0.96" CONTENT="mån"/><SP WIDTH="19" VPOS="1602" HPOS="1819"/>
							<String ID="string_282" HPOS="1838" VPOS="1599" WIDTH="41" HEIGHT="37" WC="0.96" CONTENT="af"/><SP WIDTH="15" VPOS="1599" HPOS="1879"/>
							<String ID="string_283" HPOS="1894" VPOS="1599" WIDTH="134" HEIGHT="37" WC="0.96" CONTENT="dessas"/>
						</TextLine>
						<TextLine ID="line_28" HPOS="428" VPOS="1650" WIDTH="1600" HEIGHT="55">
							<String ID="string_284" HPOS="428" VPOS="1658" WIDTH="123" HEIGHT="47" WC="0.95" CONTENT="högre"/><SP WIDTH="42" VPOS="1658" HPOS="551"/>
							<String ID="string_285" HPOS="593" VPOS="1656" WIDTH="93" HEIGHT="37" WC="0.96" CONTENT="eller"/><SP WIDTH="38" VPOS="1656" HPOS="686"/>
							<String ID="string_286" HPOS="724" VPOS="1655" WIDTH="109" HEIGHT="48" WC="0.96" CONTENT="lägre"/><SP WIDTH="40" VPOS="1655" HPOS="833"/>
							<String ID="string_287" HPOS="873" VPOS="1654" WIDTH="143" HEIGHT="49" WC="0.96" CONTENT="belopp"/><SP WIDTH="39" VPOS="1654" HPOS="1016"/>
							<String ID="string_288" HPOS="1055" VPOS="1653" WIDTH="72" HEIGHT="37" WC="0.95" CONTENT="och"/><SP WIDTH="40" VPOS="1653" HPOS="1127"/>
							<String ID="string_289" HPOS="1167" VPOS="1653" WIDTH="136" HEIGHT="37" WC="0.95" CONTENT="lättare"/><SP WIDTH="36" VPOS="1653" HPOS="1303"/>
							<String ID="string_290" HPOS="1339" VPOS="1652" WIDTH="91" HEIGHT="36" WC="0.96" CONTENT="eller"/><SP WIDTH="29" VPOS="1652" HPOS="1430"/>
							<String ID="string_291" HPOS="1459" VPOS="1654" WIDTH="152" HEIGHT="34" WC="0.93" CONTENT="svårare"/><SP WIDTH="24" VPOS="1654" HPOS="1611"/>
							<String ID="string_292" HPOS="1635" VPOS="1650" WIDTH="290" HEIGHT="44" WC="0.91" CONTENT="förvärfvande;"/><SP WIDTH="30" VPOS="1650" HPOS="1925"/>
							<String ID="string_293" HPOS="1955" VPOS="1650" WIDTH="73" HEIGHT="36" WC="0.96" CONTENT="och"/>
						</TextLine>
						<TextLine ID="line_29" HPOS="429" VPOS="1700" WIDTH="1599" HEIGHT="55">
							<String ID="string_294" HPOS="429" VPOS="1707" WIDTH="194" HEIGHT="48" WC="0.95" CONTENT="svårligen"/><SP WIDTH="39" VPOS="1707" HPOS="623"/>
							<String ID="string_295" HPOS="662" VPOS="1707" WIDTH="101" HEIGHT="36" WC="0.96" CONTENT="lärer"/><SP WIDTH="40" VPOS="1707" HPOS="763"/>
							<String ID="string_296" HPOS="803" VPOS="1705" WIDTH="128" HEIGHT="36" WC="0.96" CONTENT="kunna"/><SP WIDTH="26" VPOS="1705" HPOS="931"/>
							<String ID="string_297" HPOS="957" VPOS="1704" WIDTH="191" HEIGHT="37" WC="0.92" CONTENT="bestridas"/><SP WIDTH="25" VPOS="1704" HPOS="1148"/>
							<String ID="string_298" HPOS="1173" VPOS="1703" WIDTH="209" HEIGHT="37" WC="0.91" CONTENT="orättvisan"/><SP WIDTH="28" VPOS="1703" HPOS="1382"/>
							<String ID="string_299" HPOS="1410" VPOS="1702" WIDTH="123" HEIGHT="37" WC="0.92" CONTENT="deruti"/><SP WIDTH="28" VPOS="1702" HPOS="1533"/>
							<String ID="string_300" HPOS="1561" VPOS="1707" WIDTH="66" HEIGHT="41" WC="0.96" CONTENT="att,"/><SP WIDTH="29" VPOS="1707" HPOS="1627"/>
							<String ID="string_301" HPOS="1656" VPOS="1704" WIDTH="125" HEIGHT="33" WC="0.80" CONTENT="såsom"/><SP WIDTH="29" VPOS="1704" HPOS="1781"/>
							<String ID="string_302" HPOS="1810" VPOS="1714" WIDTH="49" HEIGHT="23" WC="0.91" CONTENT="nu"/><SP WIDTH="28" VPOS="1714" HPOS="1859"/>
							<String ID="string_303" HPOS="1887" VPOS="1700" WIDTH="141" HEIGHT="48" WC="0.91" CONTENT="tillgår,"/>
						</TextLine>
						<TextLine ID="line_30" HPOS="429" VPOS="1751" WIDTH="1599" HEIGHT="54">
							<String ID="string_304" HPOS="429" VPOS="1758" WIDTH="61" HEIGHT="47" WC="0.96" CONTENT="de,"/><SP WIDTH="29" VPOS="1758" HPOS="490"/>
							<String ID="string_305" HPOS="519" VPOS="1758" WIDTH="148" HEIGHT="36" WC="0.90" CONTENT="hvilkas"/><SP WIDTH="19" VPOS="1758" HPOS="667"/>
							<String ID="string_306" HPOS="686" VPOS="1757" WIDTH="213" HEIGHT="36" WC="0.95" CONTENT="inkomster"/><SP WIDTH="20" VPOS="1757" HPOS="899"/>
							<String ID="string_307" HPOS="919" VPOS="1755" WIDTH="145" HEIGHT="36" WC="0.93" CONTENT="kanske"/><SP WIDTH="21" VPOS="1755" HPOS="1064"/>
							<String ID="string_308" HPOS="1085" VPOS="1753" WIDTH="261" HEIGHT="38" WC="0.91" CONTENT="tusendefaldt"/><SP WIDTH="18" VPOS="1753" HPOS="1346"/>
							<String ID="string_309" HPOS="1364" VPOS="1752" WIDTH="207" HEIGHT="49" WC="0.91" CONTENT="öfverstiga"/><SP WIDTH="19" VPOS="1752" HPOS="1571"/>
							<String ID="string_310" HPOS="1590" VPOS="1752" WIDTH="136" HEIGHT="36" WC="0.96" CONTENT="värdet"/><SP WIDTH="19" VPOS="1752" HPOS="1726"/>
							<String ID="string_311" HPOS="1745" VPOS="1751" WIDTH="41" HEIGHT="36" WC="0.96" CONTENT="af"/><SP WIDTH="18" VPOS="1751" HPOS="1786"/>
							<String ID="string_312" HPOS="1804" VPOS="1751" WIDTH="64" HEIGHT="36" WC="0.96" CONTENT="det"/><SP WIDTH="17" VPOS="1751" HPOS="1868"/>
							<String ID="string_313" HPOS="1885" VPOS="1763" WIDTH="143" HEIGHT="36" WC="0.96" CONTENT="genom"/>
						</TextLine>
						<TextLine ID="line_31" HPOS="429" VPOS="1801" WIDTH="1598" HEIGHT="56">
							<String ID="string_314" HPOS="429" VPOS="1809" WIDTH="88" HEIGHT="36" WC="0.96" CONTENT="dem"/><SP WIDTH="42" VPOS="1809" HPOS="517"/>
							<String ID="string_315" HPOS="559" VPOS="1807" WIDTH="262" HEIGHT="50" WC="0.96" CONTENT="producerade"/><SP WIDTH="41" VPOS="1807" HPOS="821"/>
							<String ID="string_316" HPOS="862" VPOS="1806" WIDTH="150" HEIGHT="37" WC="0.96" CONTENT="arbetet"/><SP WIDTH="36" VPOS="1806" HPOS="1012"/>
							<String ID="string_317" HPOS="1048" VPOS="1805" WIDTH="72" HEIGHT="37" WC="0.96" CONTENT="och"/><SP WIDTH="40" VPOS="1805" HPOS="1120"/>
							<String ID="string_318" HPOS="1160" VPOS="1804" WIDTH="132" HEIGHT="37" WC="0.96" CONTENT="hvilka"/><SP WIDTH="41" VPOS="1804" HPOS="1292"/>
							<String ID="string_319" HPOS="1333" VPOS="1807" WIDTH="40" HEIGHT="34" WC="0.96" CONTENT="så"/><SP WIDTH="40" VPOS="1807" HPOS="1373"/>
							<String ID="string_320" HPOS="1413" VPOS="1803" WIDTH="173" HEIGHT="48" WC="0.96" CONTENT="oändligt"/><SP WIDTH="27" VPOS="1803" HPOS="1586"/>
							<String ID="string_321" HPOS="1613" VPOS="1802" WIDTH="155" HEIGHT="48" WC="0.96" CONTENT="mycket"/><SP WIDTH="27" VPOS="1802" HPOS="1768"/>
							<String ID="string_322" HPOS="1795" VPOS="1815" WIDTH="80" HEIGHT="23" WC="0.96" CONTENT="mer"/><SP WIDTH="28" VPOS="1815" HPOS="1875"/>
							<String ID="string_323" HPOS="1903" VPOS="1806" WIDTH="47" HEIGHT="32" WC="0.96" CONTENT="än"/><SP WIDTH="30" VPOS="1806" HPOS="1950"/>
							<String ID="string_324" HPOS="1980" VPOS="1801" WIDTH="47" HEIGHT="36" WC="0.96" CONTENT="de"/>
						</TextLine>
						<TextLine ID="line_32" HPOS="428" VPOS="1851" WIDTH="1600" HEIGHT="56">
							<String ID="string_325" HPOS="428" VPOS="1860" WIDTH="112" HEIGHT="47" WC="0.93" CONTENT="ringa"/><SP WIDTH="28" VPOS="1860" HPOS="540"/>
							<String ID="string_326" HPOS="568" VPOS="1858" WIDTH="166" HEIGHT="37" WC="0.92" CONTENT="behöfva"/><SP WIDTH="28" VPOS="1858" HPOS="734"/>
							<String ID="string_327" HPOS="762" VPOS="1863" WIDTH="145" HEIGHT="31" WC="0.96" CONTENT="statens"/><SP WIDTH="30" VPOS="1863" HPOS="907"/>
							<String ID="string_328" HPOS="937" VPOS="1856" WIDTH="126" HEIGHT="48" WC="0.96" CONTENT="skydd"/><SP WIDTH="28" VPOS="1856" HPOS="1063"/>
							<String ID="string_329" HPOS="1091" VPOS="1855" WIDTH="72" HEIGHT="37" WC="0.97" CONTENT="och"/><SP WIDTH="29" VPOS="1855" HPOS="1163"/>
							<String ID="string_330" HPOS="1192" VPOS="1854" WIDTH="153" HEIGHT="38" WC="0.96" CONTENT="bistånd"/><SP WIDTH="27" VPOS="1854" HPOS="1345"/>
							<String ID="string_331" HPOS="1372" VPOS="1854" WIDTH="58" HEIGHT="36" WC="0.96" CONTENT="för"/><SP WIDTH="28" VPOS="1854" HPOS="1430"/>
							<String ID="string_332" HPOS="1458" VPOS="1859" WIDTH="56" HEIGHT="31" WC="0.96" CONTENT="att"/><SP WIDTH="27" VPOS="1859" HPOS="1514"/>
							<String ID="string_333" HPOS="1541" VPOS="1852" WIDTH="237" HEIGHT="38" WC="0.96" CONTENT="fortfarande"/><SP WIDTH="29" VPOS="1852" HPOS="1778"/>
							<String ID="string_334" HPOS="1807" VPOS="1852" WIDTH="127" HEIGHT="36" WC="0.93" CONTENT="kunna"/><SP WIDTH="19" VPOS="1852" HPOS="1934"/>
							<String ID="string_335" HPOS="1953" VPOS="1851" WIDTH="75" HEIGHT="37" WC="0.91" CONTENT="för-"/>
						</TextLine>
						<TextLine ID="line_33" HPOS="429" VPOS="1902" WIDTH="1599" HEIGHT="55">
							<String ID="string_336" HPOS="429" VPOS="1910" WIDTH="110" HEIGHT="36" WC="0.91" CONTENT="kofra"/><SP WIDTH="37" VPOS="1910" HPOS="539"/>
							<String ID="string_337" HPOS="576" VPOS="1909" WIDTH="61" HEIGHT="48" WC="0.96" CONTENT="sig"/><SP WIDTH="40" VPOS="1909" HPOS="637"/>
							<String ID="string_338" HPOS="677" VPOS="1909" WIDTH="74" HEIGHT="36" WC="0.96" CONTENT="och"/><SP WIDTH="37" VPOS="1909" HPOS="751"/>
							<String ID="string_339" HPOS="788" VPOS="1908" WIDTH="12" HEIGHT="36" WC="0.95" CONTENT="i"/><SP WIDTH="36" VPOS="1908" HPOS="800"/>
							<String ID="string_340" HPOS="836" VPOS="1921" WIDTH="41" HEIGHT="23" WC="0.95" CONTENT="ro"/><SP WIDTH="28" VPOS="1921" HPOS="877"/>
							<String ID="string_341" HPOS="905" VPOS="1907" WIDTH="107" HEIGHT="49" WC="0.95" CONTENT="njuta"/><SP WIDTH="23" VPOS="1907" HPOS="1012"/>
							<String ID="string_342" HPOS="1035" VPOS="1906" WIDTH="41" HEIGHT="37" WC="0.96" CONTENT="af"/><SP WIDTH="23" VPOS="1906" HPOS="1076"/>
							<String ID="string_343" HPOS="1099" VPOS="1906" WIDTH="58" HEIGHT="36" WC="0.93" CONTENT="sin"/><SP WIDTH="29" VPOS="1906" HPOS="1157"/>
							<String ID="string_344" HPOS="1186" VPOS="1905" WIDTH="186" HEIGHT="48" WC="0.91" CONTENT="välmåga,"/><SP WIDTH="27" VPOS="1905" HPOS="1372"/>
							<String ID="string_345" HPOS="1399" VPOS="1905" WIDTH="87" HEIGHT="36" WC="0.96" CONTENT="icke"/><SP WIDTH="29" VPOS="1905" HPOS="1486"/>
							<String ID="string_346" HPOS="1515" VPOS="1904" WIDTH="12" HEIGHT="36" WC="0.85" CONTENT="i"/><SP WIDTH="28" VPOS="1904" HPOS="1527"/>
							<String ID="string_347" HPOS="1555" VPOS="1907" WIDTH="127" HEIGHT="45" WC="0.96" CONTENT="någon"/><SP WIDTH="29" VPOS="1907" HPOS="1682"/>
							<String ID="string_348" HPOS="1711" VPOS="1904" WIDTH="120" HEIGHT="47" WC="0.96" CONTENT="högre"/><SP WIDTH="24" VPOS="1904" HPOS="1831"/>
							<String ID="string_349" HPOS="1855" VPOS="1902" WIDTH="97" HEIGHT="48" WC="0.96" CONTENT="grad"/><SP WIDTH="28" VPOS="1902" HPOS="1952"/>
							<String ID="string_350" HPOS="1980" VPOS="1907" WIDTH="48" HEIGHT="32" WC="0.96" CONTENT="än"/>
						</TextLine>
						<TextLine ID="line_34" HPOS="430" VPOS="1953" WIDTH="1535" HEIGHT="54">
							<String ID="string_351" HPOS="430" VPOS="1961" WIDTH="115" HEIGHT="36" WC="0.96" CONTENT="dessa"/><SP WIDTH="23" VPOS="1961" HPOS="545"/>
							<String ID="string_352" HPOS="568" VPOS="1960" WIDTH="107" HEIGHT="36" WC="0.96" CONTENT="skola"/><SP WIDTH="28" VPOS="1960" HPOS="675"/>
							<String ID="string_353" HPOS="703" VPOS="1959" WIDTH="159" HEIGHT="48" WC="0.96" CONTENT="bidraga"/><SP WIDTH="23" VPOS="1959" HPOS="862"/>
							<String ID="string_354" HPOS="885" VPOS="1958" WIDTH="57" HEIGHT="36" WC="0.96" CONTENT="till"/><SP WIDTH="29" VPOS="1958" HPOS="942"/>
							<String ID="string_355" HPOS="971" VPOS="1962" WIDTH="147" HEIGHT="31" WC="0.96" CONTENT="statens"/><SP WIDTH="28" VPOS="1962" HPOS="1118"/>
							<String ID="string_356" HPOS="1146" VPOS="1956" WIDTH="73" HEIGHT="37" WC="0.96" CONTENT="och"/><SP WIDTH="29" VPOS="1956" HPOS="1219"/>
							<String ID="string_357" HPOS="1248" VPOS="1956" WIDTH="221" HEIGHT="49" WC="0.96" CONTENT="respektive"/><SP WIDTH="30" VPOS="1956" HPOS="1469"/>
							<String ID="string_358" HPOS="1499" VPOS="1955" WIDTH="247" HEIGHT="36" WC="0.96" CONTENT="kommuners"/><SP WIDTH="27" VPOS="1955" HPOS="1746"/>
							<String ID="string_359" HPOS="1773" VPOS="1953" WIDTH="192" HEIGHT="49" WC="0.95" CONTENT="utgifter.»"/>
						</TextLine>
					</TextBlock>
					<TextBlock ID="block_3" HPOS="429" VPOS="2004" WIDTH="1599" HEIGHT="304">
						<TextLine ID="line_35" HPOS="564" VPOS="2004" WIDTH="1464" HEIGHT="52">
							<String ID="string_360" HPOS="564" VPOS="2011" WIDTH="57" HEIGHT="36" WC="0.95" CONTENT="Då"/><SP WIDTH="39" VPOS="2011" HPOS="621"/>
							<String ID="string_361" HPOS="660" VPOS="2009" WIDTH="145" HEIGHT="47" WC="0.95" CONTENT="vidare,"/><SP WIDTH="42" VPOS="2009" HPOS="805"/>
							<String ID="string_362" HPOS="847" VPOS="2008" WIDTH="98" HEIGHT="37" WC="0.96" CONTENT="efter"/><SP WIDTH="28" VPOS="2008" HPOS="945"/>
							<String ID="string_363" HPOS="973" VPOS="2013" WIDTH="154" HEIGHT="31" WC="0.93" CONTENT="senaste"/><SP WIDTH="28" VPOS="2013" HPOS="1127"/>
							<String ID="string_364" HPOS="1155" VPOS="2006" WIDTH="193" HEIGHT="49" WC="0.92" CONTENT="Riksdags"/><SP WIDTH="27" VPOS="2006" HPOS="1348"/>
							<String ID="string_365" HPOS="1375" VPOS="2006" WIDTH="141" HEIGHT="45" WC="0.96" CONTENT="beslut,"/><SP WIDTH="29" VPOS="2006" HPOS="1516"/>
							<String ID="string_366" HPOS="1545" VPOS="2004" WIDTH="249" HEIGHT="49" WC="0.96" CONTENT="synnerligen"/><SP WIDTH="29" VPOS="2004" HPOS="1794"/>
							<String ID="string_367" HPOS="1823" VPOS="2010" WIDTH="102" HEIGHT="30" WC="0.96" CONTENT="stora"/><SP WIDTH="28" VPOS="2010" HPOS="1925"/>
							<String ID="string_368" HPOS="1953" VPOS="2016" WIDTH="75" HEIGHT="35" WC="0.96" CONTENT="nya"/>
						</TextLine>
						<TextLine ID="line_36" HPOS="430" VPOS="2053" WIDTH="1597" HEIGHT="56">
							<String ID="string_369" HPOS="430" VPOS="2061" WIDTH="333" HEIGHT="48" WC="0.90" CONTENT="skattetillgångar"/><SP WIDTH="39" VPOS="2061" HPOS="763"/>
							<String ID="string_370" HPOS="802" VPOS="2060" WIDTH="101" HEIGHT="36" WC="0.96" CONTENT="inom"/><SP WIDTH="44" VPOS="2060" HPOS="903"/>
							<String ID="string_371" HPOS="947" VPOS="2059" WIDTH="86" HEIGHT="36" WC="0.96" CONTENT="kort"/><SP WIDTH="45" VPOS="2059" HPOS="1033"/>
							<String ID="string_372" HPOS="1078" VPOS="2057" WIDTH="116" HEIGHT="37" WC="0.96" CONTENT="blifva"/><SP WIDTH="42" VPOS="2057" HPOS="1194"/>
							<String ID="string_373" HPOS="1236" VPOS="2057" WIDTH="247" HEIGHT="47" WC="0.95" CONTENT="erforderliga"/><SP WIDTH="32" VPOS="2057" HPOS="1483"/>
							<String ID="string_374" HPOS="1515" VPOS="2055" WIDTH="58" HEIGHT="37" WC="0.93" CONTENT="för"/><SP WIDTH="28" VPOS="2055" HPOS="1573"/>
							<String ID="string_375" HPOS="1601" VPOS="2054" WIDTH="328" HEIGHT="48" WC="0.91" CONTENT="statsutgifternas"/><SP WIDTH="25" VPOS="2054" HPOS="1929"/>
							<String ID="string_376" HPOS="1954" VPOS="2053" WIDTH="73" HEIGHT="37" WC="0.91" CONTENT="till-"/>
						</TextLine>
						<TextLine ID="line_37" HPOS="429" VPOS="2105" WIDTH="1598" HEIGHT="56">
							<String ID="string_377" HPOS="429" VPOS="2111" WIDTH="252" HEIGHT="50" WC="0.91" CONTENT="godoseende"/><SP WIDTH="30" VPOS="2111" HPOS="681"/>
							<String ID="string_378" HPOS="711" VPOS="2111" WIDTH="74" HEIGHT="36" WC="0.96" CONTENT="och"/><SP WIDTH="27" VPOS="2111" HPOS="785"/>
							<String ID="string_379" HPOS="812" VPOS="2123" WIDTH="74" HEIGHT="36" WC="0.96" CONTENT="nya"/><SP WIDTH="27" VPOS="2123" HPOS="886"/>
							<String ID="string_380" HPOS="913" VPOS="2109" WIDTH="95" HEIGHT="37" WC="0.96" CONTENT="eller"/><SP WIDTH="22" VPOS="2109" HPOS="1008"/>
							<String ID="string_381" HPOS="1030" VPOS="2108" WIDTH="115" HEIGHT="49" WC="0.93" CONTENT="höjda"/><SP WIDTH="27" VPOS="2108" HPOS="1145"/>
							<String ID="string_382" HPOS="1172" VPOS="2107" WIDTH="417" HEIGHT="37" WC="0.90" CONTENT="konsumtionsskatter"/><SP WIDTH="27" VPOS="2107" HPOS="1589"/>
							<String ID="string_383" HPOS="1616" VPOS="2105" WIDTH="172" HEIGHT="37" WC="0.92" CONTENT="hvarken"/><SP WIDTH="19" VPOS="2105" HPOS="1788"/>
							<String ID="string_384" HPOS="1807" VPOS="2105" WIDTH="79" HEIGHT="36" WC="0.96" CONTENT="lära"/><SP WIDTH="18" VPOS="2105" HPOS="1886"/>
							<String ID="string_385" HPOS="1904" VPOS="2105" WIDTH="123" HEIGHT="36" WC="0.95" CONTENT="finnas"/>
						</TextLine>
						<TextLine ID="line_38" HPOS="429" VPOS="2157" WIDTH="1596" HEIGHT="54">
							<String ID="string_386" HPOS="429" VPOS="2162" WIDTH="184" HEIGHT="49" WC="0.96" CONTENT="lämpliga"/><SP WIDTH="40" VPOS="2162" HPOS="613"/>
							<String ID="string_387" HPOS="653" VPOS="2161" WIDTH="95" HEIGHT="37" WC="0.96" CONTENT="eller"/><SP WIDTH="42" VPOS="2161" HPOS="748"/>
							<String ID="string_388" HPOS="790" VPOS="2160" WIDTH="149" HEIGHT="49" WC="0.96" CONTENT="egnade"/><SP WIDTH="30" VPOS="2160" HPOS="939"/>
							<String ID="string_389" HPOS="969" VPOS="2165" WIDTH="57" HEIGHT="31" WC="0.96" CONTENT="att"/><SP WIDTH="26" VPOS="2165" HPOS="1026"/>
							<String ID="string_390" HPOS="1052" VPOS="2158" WIDTH="143" HEIGHT="37" WC="0.96" CONTENT="tillföra"/><SP WIDTH="28" VPOS="2158" HPOS="1195"/>
							<String ID="string_391" HPOS="1223" VPOS="2157" WIDTH="235" HEIGHT="38" WC="0.96" CONTENT="nämnvärda"/><SP WIDTH="27" VPOS="2157" HPOS="1458"/>
							<String ID="string_392" HPOS="1485" VPOS="2157" WIDTH="225" HEIGHT="45" WC="0.96" CONTENT="inkomster,"/><SP WIDTH="29" VPOS="2157" HPOS="1710"/>
							<String ID="string_393" HPOS="1739" VPOS="2168" WIDTH="111" HEIGHT="24" WC="0.96" CONTENT="anser"/><SP WIDTH="31" VPOS="2168" HPOS="1850"/>
							<String ID="string_394" HPOS="1881" VPOS="2168" WIDTH="144" HEIGHT="24" WC="0.94" CONTENT="samme"/>
						</TextLine>
						<TextLine ID="line_39" HPOS="431" VPOS="2205" WIDTH="1597" HEIGHT="54">
							<String ID="string_395" HPOS="431" VPOS="2214" WIDTH="186" HEIGHT="36" WC="0.88" CONTENT="motionär"/><SP WIDTH="38" VPOS="2214" HPOS="617"/>
							<String ID="string_396" HPOS="655" VPOS="2212" WIDTH="67" HEIGHT="36" WC="0.96" CONTENT="det"/><SP WIDTH="37" VPOS="2212" HPOS="722"/>
							<String ID="string_397" HPOS="759" VPOS="2225" WIDTH="90" HEIGHT="23" WC="0.96" CONTENT="vara"/><SP WIDTH="33" VPOS="2225" HPOS="849"/>
							<String ID="string_398" HPOS="882" VPOS="2210" WIDTH="40" HEIGHT="37" WC="0.96" CONTENT="af"/><SP WIDTH="22" VPOS="2210" HPOS="922"/>
							<String ID="string_399" HPOS="944" VPOS="2215" WIDTH="164" HEIGHT="44" WC="0.96" CONTENT="yttersta"/><SP WIDTH="26" VPOS="2215" HPOS="1108"/>
							<String ID="string_400" HPOS="1134" VPOS="2209" WIDTH="83" HEIGHT="48" WC="0.96" CONTENT="vigt"/><SP WIDTH="28" VPOS="2209" HPOS="1217"/>
							<String ID="string_401" HPOS="1245" VPOS="2214" WIDTH="54" HEIGHT="31" WC="0.96" CONTENT="att"/><SP WIDTH="27" VPOS="2214" HPOS="1299"/>
							<String ID="string_402" HPOS="1326" VPOS="2208" WIDTH="134" HEIGHT="37" WC="0.96" CONTENT="fortast"/><SP WIDTH="28" VPOS="2208" HPOS="1460"/>
							<String ID="string_403" HPOS="1488" VPOS="2207" WIDTH="151" HEIGHT="49" WC="0.96" CONTENT="möjligt"/><SP WIDTH="27" VPOS="2207" HPOS="1639"/>
							<String ID="string_404" HPOS="1666" VPOS="2205" WIDTH="158" HEIGHT="49" WC="0.96" CONTENT="vidtaga"/><SP WIDTH="24" VPOS="2205" HPOS="1824"/>
							<String ID="string_405" HPOS="1848" VPOS="2205" WIDTH="180" HEIGHT="49" WC="0.96" CONTENT="åtgärder"/>
						</TextLine>
						<TextLine ID="line_40" HPOS="429" VPOS="2259" WIDTH="871" HEIGHT="49">
							<String ID="string_406" HPOS="429" VPOS="2264" WIDTH="59" HEIGHT="36" WC="0.93" CONTENT="för"/><SP WIDTH="28" VPOS="2264" HPOS="488"/>
							<String ID="string_407" HPOS="516" VPOS="2262" WIDTH="341" HEIGHT="38" WC="0.91" CONTENT="skattebördornas"/><SP WIDTH="28" VPOS="2262" HPOS="857"/>
							<String ID="string_408" HPOS="885" VPOS="2261" WIDTH="159" HEIGHT="36" WC="0.96" CONTENT="rättvisa"/><SP WIDTH="27" VPOS="2261" HPOS="1044"/>
							<String ID="string_409" HPOS="1071" VPOS="2259" WIDTH="229" HEIGHT="49" WC="0.95" CONTENT="fördelning."/>
						</TextLine>
					</TextBlock>
				</ComposedBlock>
			</PrintSpace>
		</Page>
	</Layout>
</alto>
