2218 2634
687 152 244 31 Statsutskottets
959 151 172 31 Utlåtande
1154 151 63 31 N:o
1240 151 52 30 83.
1561 146 2 3 |
1732 148 17 29 5

185 245 123 40 tagare
337 241 9 34 i
375 239 381 36 öfverensstämmelse
798 240 78 35 med
921 240 93 35 hvad
1055 240 9 34 i
1110 241 19 32 2
1169 237 22 44 &
1234 240 19 33 2
1296 251 108 22 mom.
1450 238 35 33 at
1527 235 266 36 ofvanberörda

186 290 217 47 förordning
429 290 254 36 föreskrifvits.

319 340 509 48 Skatteregleringskomitén,
858 342 56 34 till
942 341 108 35 hvars
1078 340 205 35 kännedom
1313 338 128 46 Kongl.
1472 337 103 46 Maj:t
1594 337 115 45 enligt
1729 337 64 34 be-

186 392 73 34 slut
300 391 70 35 den
415 394 42 32 16
499 391 192 35 december
736 394 87 33 1881
871 392 81 35 låtit
992 392 145 34 komma
1173 391 44 34 de
1244 389 196 48 yttranden
1471 388 65 35 och
1567 387 226 41 utlåtanden,

187 442 121 34 hvilka
335 441 40 35 af
400 442 365 45 kammarkollegium
793 443 67 34 och
889 442 265 35 statskontoret
1182 445 95 30 samt
1304 439 120 47 öfriga
1452 437 273 36 vederbörande
1740 437 54 34 af-

185 492 125 45 gifvits
342 491 102 35 öfver
471 491 228 47 Riksdagens
727 492 153 35 berörda
907 491 283 47 framställning,
1220 490 66 35 och
1316 503 77 21 som
1423 489 113 35 redan
1565 488 10 34 i
1605 488 65 34 sitt
1697 487 99 35 förut

187 542 242 35 omförmälda
472 542 189 34 utlåtande
701 542 65 34 och
808 542 137 46 förslag
985 541 188 46 angående
1213 538 394 37 skatteförhållandena
1647 538 12 33 i
1701 538 95 34 riket

187 593 180 42 hemstält,
409 597 64 37 att,
515 591 66 35 der
622 592 128 35 sådant
777 599 97 28 ännu
907 593 77 34 icke
1013 593 108 40 skett,
1151 591 70 35 den
1248 590 59 35 till
1336 591 121 34 andra
1486 593 47 31 än
1562 588 54 34 tull
1636 588 158 48 försam-

188 644 190 46 lingarnas
418 655 90 35 egna
552 643 177 35 ändamål
768 643 210 38 anordnade
1018 641 267 49 kyrkotionden
1315 641 11 34 i
1355 639 128 42 Skåne,
1512 638 170 42 Halland,
1712 637 83 36 Ble-

187 694 108 47 kinge
336 694 66 34 och
445 692 184 35 Bohuslän
670 694 114 34 skulle
830 693 171 46 indragas
1029 693 59 34 till
1116 693 138 34 kronan
1285 696 76 30 mot
1388 689 208 47 ersättning
1622 688 66 35 och
1717 701 78 21 om-

187 749 112 30 sättas
328 744 11 34 i
368 744 203 47 penningar
598 744 117 47 enligt
743 744 67 34 den
840 743 58 36 för
926 739 289 40 kronotiondens
1235 742 225 44 omsättning
1479 739 176 44 stadgade
1673 738 121 46 grund

188 800 92 29 samt
307 794 206 42 afskrifvas,
544 797 44 44 på
616 800 71 29 sätt
714 807 59 22 om
800 795 260 45 grundskatter
1088 793 11 35 i
1128 793 201 35 allmänhet
1357 791 117 36 blefve
1499 789 183 47 stadgadt,
1704 789 91 35 hade

186 846 10 33 i
227 846 64 34 sitt
319 844 188 36 utlåtande
535 844 40 35 af
600 845 70 34 den
701 847 42 33 18
772 844 198 36 november
1000 846 94 34 1882
1124 844 215 48 ytterligare
1366 841 198 47 föreslagit,
1589 845 54 29 att
1657 840 138 46 jemväl

188 895 69 35 den
285 896 184 47 kyrkorna
495 895 12 34 i
536 895 160 35 nämnda
723 896 191 46 provinser
940 895 169 35 behållna
1138 895 88 33 eller
1252 894 12 34 i
1291 892 114 47 öfrigt
1432 893 57 34 till
1510 891 287 47 församlingar-

187 959 68 22 nas
287 959 90 32 egna
406 945 110 48 behof
539 945 438 49 användaekyrkotionde
1006 945 122 41 borde,
1159 944 64 35 der
1250 944 71 35 den
1348 944 78 34 icke
1454 941 112 36 redan
1595 940 82 35 med
1705 941 92 34 visst

188 996 296 48 penningbelopp
513 996 200 47 utgjordes,
743 1001 174 30 omsättas
945 996 12 34 i
986 996 205 47 penningar
1218 995 116 47 enligt
1361 992 157 36 nämnda
1550 991 120 47 grund
1704 996 93 29 samt

187 1046 208 44 afskrifvas,
424 1047 104 43 dock,
557 1047 66 34 der
650 1046 209 36 densamma
886 1046 185 35 användes
1099 1047 30 45 ej
1160 1045 56 35 för
1243 1045 215 48 kyrkornas,
1488 1048 90 30 utan
1604 1041 60 36 för
1682 1040 114 36 andra

188 1097 326 48 församlingarnas
554 1097 168 35 ändamål
763 1098 88 35 eller
891 1097 146 36 tillfölle
1068 1095 149 50 patroni
1244 1095 247 42 ecclesiarum,
1520 1093 131 35 endast
1679 1091 117 36 under

189 1149 129 42 vilkor,
347 1153 53 30 att
427 1148 308 47 församlingarna
762 1152 106 44 åtoge
896 1149 56 46 sig
979 1153 54 30 att
1060 1148 57 35 till
1136 1146 271 36 vederbörande
1431 1147 121 34 lemna
1575 1142 70 36 full
1664 1148 132 30 ersätt-

189 1199 88 46 ning
317 1198 95 36 efter
452 1200 115 47 årliga
607 1199 477 47 medelmarkegångspriset
1111 1202 20 31 å
1163 1196 162 43 tionden,
1355 1195 206 44 uttaxerad,
1591 1197 117 32 såsom
1736 1206 59 22 om

188 1250 408 48 kommunalutskylder
635 1251 12 34 i
687 1250 199 35 allmänhet
925 1263 86 22 vore
1052 1248 181 46 stadgadt.
1289 1247 94 36 Från
1425 1247 120 34 denna
1577 1245 216 35 hemställan

189 1299 91 36 hade
320 1313 45 21 en
397 1300 170 44 ledamot,
595 1300 182 48 professor
808 1300 132 48 Rydin,
970 1300 95 35 varit
1092 1298 188 47 skiljaktig
1308 1298 66 35 och
1403 1296 134 43 anfört,
1567 1301 54 30 att
1648 1295 44 35 de
1719 1294 77 35 för-

189 1350 209 48 ändringar,
440 1364 78 22 som
558 1351 123 35 kunde
713 1350 265 46 ifrågakomma
1005 1352 10 33 i
1045 1349 167 36 afseende
1245 1352 45 43 på
1317 1347 202 48 utgörande
1547 1346 41 35 af
1612 1346 69 35 den
1709 1346 88 47 kyr-

188 1402 115 35 korna
343 1401 167 36 behållna
538 1401 278 49 kyrkotionden,
845 1401 30 46 ej
906 1401 116 35 skulle
1050 1400 62 36 ske
1139 1401 12 34 i
1180 1399 90 36 form
1300 1399 40 36 af
1365 1397 233 47 afskrifning,
1628 1402 86 30 utan
1744 1401 53 29 att

189 1452 61 35 det
278 1451 112 36 borde
418 1452 86 36 bero
532 1456 46 44 på
606 1452 123 46 hvarje
762 1451 218 47 församling
1007 1457 64 38 att,
1101 1450 109 36 sedan
1240 1449 283 41 vederbörande,
1552 1448 142 34 hvilkas
1723 1451 74 30 rätt

188 1503 122 35 kunde
352 1502 39 35 af
428 1503 262 47 förändringen
723 1503 96 42 bero,
849 1502 121 35 blifvit
998 1502 123 43 hörde,
1152 1508 164 41 uppgöra
1343 1500 147 45 förslag,
1519 1498 184 36 huruvida
1729 1497 67 35 och

188 1555 117 46 enligt
333 1554 122 35 hvilka
481 1554 164 48 grunder
672 1553 261 47 förändringen
963 1553 111 35 borde
1103 1553 225 41 verkställas,
1358 1552 138 34 hvilket
1515 1549 138 46 förslag
1672 1547 123 37 seder-

190 1618 98 22 mera
316 1605 117 35 skulle
461 1605 242 35 underställas
730 1604 131 46 Kongl.
891 1604 121 47 Maj:ts
1040 1602 186 49 pröfning.

323 1656 15 35 I
368 1656 198 46 anledning
599 1655 39 35 af
667 1655 152 35 berörda
846 1655 176 35 särskilda
1049 1654 137 46 förslag
1213 1653 91 36 hade
1331 1651 366 47 kammarkollegium
1726 1649 67 35 och

190 1707 260 35 statskontoret
489 1705 138 36 anfört:
669 1707 74 35 dels
776 1706 70 35 den
879 1708 42 32 14
951 1705 201 36 november
1182 1706 93 33 1882
1305 1709 63 37 att,
1397 1703 46 35 då
1471 1702 220 36 statsverket
1718 1701 78 34 icke

190 1758 121 35 kunde
339 1769 104 24 anses
471 1770 66 34 ega
564 1770 138 22 samma
729 1756 309 48 dispositionsrätt
1065 1754 104 36 öfver
1196 1754 268 49 kyrkotionden
1491 1765 77 23 som
1597 1751 102 36 öfver
1725 1750 70 36 den

189 1808 112 35 sedan
341 1808 163 47 långliga
542 1808 97 35 tider
677 1807 153 35 tillbaka
869 1807 56 35 till
966 1807 140 35 kronan
1146 1806 181 45 indragna
1359 1803 269 37 kronotionden
1656 1802 67 35 och
1750 1801 46 35 då

191 1859 125 35 vidare
357 1859 68 35 den
467 1858 283 46 omständighet,
779 1863 54 29 att
860 1857 54 35 tid
942 1857 93 35 efter
1063 1870 121 22 annan
1212 1855 84 36 utaf
1319 1856 204 48 kyrkornas
1550 1853 245 36 öfverskotts-

190 1910 119 35 medel
342 1910 127 47 anslag
497 1909 81 35 med
606 1908 323 48 församlingarnas
956 1907 220 47 begifvande
1203 1908 155 34 lemnats
1386 1905 107 36 äfven
1520 1905 60 35 till
1608 1903 115 36 andra
1750 1910 45 27 än

190 1960 321 47 församlingarnas
552 1973 93 35 egna
676 1959 178 44 ändamål,
884 1960 58 34 väl
970 1960 78 34 icke
1076 1958 121 35 kunde
1225 1958 11 34 i
1266 1958 67 35 och
1361 1956 57 36 för
1446 1957 56 47 sig
1528 1955 187 42 innebära,
1743 1959 54 30 att

191 2012 184 48 kyrkorna
400 2011 56 35 för
483 2012 47 34 all
557 2011 152 35 framtid
738 2010 126 35 afstått
890 2009 80 36 från
998 2010 56 35 sin
1083 2014 73 30 rätt
1183 2014 55 30 att
1265 2007 131 48 sjelfva
1421 2007 37 35 få
1482 2007 193 47 disponera
1694 2004 103 36 öfver

191 2062 132 35 sådana
353 2062 129 43 medel,
512 2062 121 35 derest
660 2061 186 36 desamma
871 2061 77 35 icke
976 2060 124 35 vidare
1128 2060 117 35 skulle
1267 2059 163 35 befinnas
1449 2070 87 23 vara
1555 2055 242 46 erforderliga

191 2112 56 35 för
274 2112 45 35 de
347 2113 178 42 ändamål,
560 2112 148 35 hvarför
736 2112 45 34 de
808 2125 43 22 en
879 2115 98 44 gång
1005 2111 171 41 anvisats,
1205 2110 61 35 det
1293 2115 123 43 syntes
1435 2107 278 37 embetsverken
1732 2106 62 35 be-

190 2164 160 47 tänkligt
389 2169 63 36 att,
494 2163 109 35 innan
632 2162 305 47 församlingarna
964 2163 157 34 lemnats
1148 2160 147 36 tillfälle
1322 2165 55 30 att
1403 2160 11 35 i
1441 2158 132 47 frågan
1601 2158 56 46 sig
1684 2162 111 43 yttra,

191 2216 187 49 tillstyrka
418 2214 102 35 bifall
560 2214 57 35 till
659 2227 44 22 en
743 2213 140 48 åtgärd,
925 2213 235 46 hvarigenom
1191 2212 198 47 kyrkornas
1417 2216 72 30 rätt
1523 2211 5 34 i
1556 2207 242 37 omförmälda
