2218 2630
476 153 42 30 42
942 153 241 32 Statsutskottets
1210 154 167 32 Utlåtande
1400 155 61 31 N:o
1488 155 52 31 83.

436 241 125 46 ringar
601 240 156 45 kräfdes,
796 254 89 23 vore
925 240 260 48 öfverdrifven,
1214 242 68 35 och
1314 242 83 36 med
1428 242 135 47 Kongl:
1591 242 120 48 Maj:ts
1738 243 307 49 befallningshaf-

437 291 119 36 vande
595 291 13 36 i
648 291 204 36 Malmöhus
892 293 61 34 län
993 292 112 36 borde
1144 305 85 23 man
1270 294 125 34 kunna
1432 299 146 42 antaga,
1619 299 53 30 att
1698 293 347 49 församlingarna
2022 287 27 59 i

435 340 131 45 Skåne,
607 342 168 45 Halland,
818 342 174 48 Blekinge
1033 344 67 34 och
1142 343 185 36 Bohuslän
1354 344 129 43 skulle,
1512 344 74 35 lika
1613 345 120 46 villigt
1763 357 79 23 som
1872 346 44 35 de
1944 348 12 34 i
1983 347 63 36 det

436 392 118 47 öfriga
595 391 160 49 Sverige,
792 392 202 37 vidkännas
1035 393 45 36 de
1112 393 165 47 utgifter,
1313 407 76 22 som
1417 394 232 36 erfordrades
1676 395 58 36 för
1761 401 55 31 att
1845 397 96 35 hålla
1967 398 78 35 sina

437 443 357 48 tempelbyggnader
821 444 12 34 i
861 443 146 48 värdigt
1034 444 112 35 skick.
1201 444 411 47 Departementschefen
1632 446 136 46 vågade
1793 446 124 36 derför
1929 451 114 44 påstå,

437 499 53 30 att
522 507 86 22 man
634 494 80 35 icke
742 494 92 35 hade
862 499 73 31 rätt
962 499 54 30 att
1042 493 208 46 förutsätta,
1278 501 54 30 att
1359 495 233 36 annorlunda
1619 496 116 37 skulle
1763 497 118 36 blifva
1907 497 137 37 förhål-

436 544 124 35 landet
594 544 14 35 i
635 544 106 36 dessa
767 545 202 47 provinser,
998 544 127 36 derför
1152 551 54 30 att
1234 545 70 36 den
1332 545 227 49 förpligtelse
1587 551 54 30 att
1668 548 215 36 underhålla
1910 549 134 48 kyrko-

437 594 185 48 byggnad,
665 608 79 22 som
778 595 133 36 hittills
939 595 13 35 i
979 595 44 36 de
1046 596 107 36 flesta
1179 596 40 36 af
1244 596 225 36 dervarande
1496 596 256 48 församlingar
1782 599 118 35 hvilat
1928 603 44 44 på
1999 613 45 22 en

437 645 58 36 del
535 644 39 36 af
611 644 520 48 församlingsmedlemmarne
1170 647 66 35 och
1270 647 133 36 utförts
1429 659 132 35 genom
1589 647 41 35 af
1654 647 81 36 dem
1764 649 11 35 i
1804 649 156 37 förskott
1987 664 57 22 er-

436 696 109 46 lagda
573 695 159 48 afgifter,
761 696 146 36 komme
930 702 65 38 att,
1024 700 46 45 på
1097 702 72 30 sätt
1195 698 13 34 i
1235 698 96 35 riket
1358 698 11 34 i
1396 697 113 49 öfrigt
1537 698 89 46 egde
1653 711 94 32 rum,
1775 700 207 47 öfvertagas
2010 701 39 35 af

436 747 81 35 hela
544 745 276 48 församlingen.
874 747 51 35 På
952 747 105 36 dessa
1086 748 75 35 skäl
1189 749 201 48 tillstyrkte
1418 749 83 43 han,
1531 754 54 30 att
1612 748 119 36 denna
1757 750 60 36 del
1845 750 40 36 af
1909 751 135 49 kyrko-

436 797 151 35 tionden
616 797 111 36 borde
755 797 193 36 afskrifvas
977 803 86 29 utan
1093 799 238 47 ersättning.

570 847 235 36 Beträffande
838 848 70 35 den
940 848 256 49 kyrkotionde,
1225 862 79 22 som
1333 850 152 46 utginge
1507 850 97 48 från
1631 852 179 45 egendom,
1840 865 73 23 som
1941 853 13 35 i
1981 854 63 48 af-

436 899 126 35 seende
590 898 23 35 å
640 898 310 49 trondepligtighet
976 899 185 47 rätteligen
1190 900 163 36 tillhörde
1379 914 41 22 en
1448 901 124 47 kyrka,
1602 901 54 36 till
1682 914 38 23 en
1750 915 126 23 annan
1903 905 141 34 sockens

438 949 111 47 kyrka
568 961 86 23 vore
673 949 118 35 denna
810 949 12 35 1
842 949 128 47 sjelfva
988 950 128 35 verket
1134 950 80 35 icke
1233 954 112 43 något
1364 957 111 29 annat
1493 958 48 27 än
1560 952 141 47 kyrkan
1721 952 166 36 behållen
1909 954 134 41 tionde,

437 999 66 35 och
532 1002 117 33 såsom
679 999 153 36 nämndt
860 999 197 36 hänfördes
1086 1000 210 36 densamma
1323 1000 39 36 af
1386 1001 275 36 embetsverken
1687 1003 56 34 till
1771 1003 111 35 sådan
1908 1005 134 40 tionde,

437 1062 77 23 som
556 1049 114 36 borde
698 1055 89 30 utan
815 1051 207 47 ersättning
1051 1050 205 36 afskrifvas.
1312 1051 14 35 I
1355 1052 201 35 allmänhet
1584 1052 171 45 berodde,
1785 1057 118 32 såsom
1932 1055 111 35 redan

438 1099 187 49 angifvits,
657 1100 279 47 ifrågavarande
970 1101 142 36 tiondes
1139 1102 197 47 uppkomst
1364 1105 45 44 på
1436 1102 401 49 säteriöfverflyttning.
1887 1105 72 35 Vid
1987 1109 57 32 så-

435 1151 88 35 dant
550 1150 64 36 fall
641 1151 122 36 kunde
796 1152 57 34 väl
887 1152 78 34 icke
1001 1152 68 35 den
1099 1152 285 47 tiondetagande
1412 1153 142 48 kyrkan
1582 1154 105 35 hafva
1714 1154 122 36 bättre
1865 1161 74 30 rätt
1967 1162 78 30 mot

437 1202 70 35 den
546 1201 282 47 tiondepligtiga
868 1202 228 47 egendomen
1136 1202 132 45 derför,
1299 1208 54 30 att
1385 1207 46 44 på
1462 1203 212 36 densamma
1700 1204 247 50 öfverflyttats
1975 1207 67 35 den

437 1252 231 48 tiondepligt,
697 1265 75 22 som
801 1252 102 36 förut
930 1252 114 36 hvilat
1072 1256 45 44 på
1144 1266 41 22 en
1215 1254 12 34 i
1255 1254 69 35 den
1353 1267 91 34 egna
1470 1253 261 48 församlingen
1760 1256 153 47 belägen
1933 1270 110 34 egen-

437 1303 95 42 dom,
562 1303 111 35 innan
701 1303 118 35 denna
847 1303 154 35 kommit
1028 1304 12 34 i
1060 1304 215 46 åtnjutande
1296 1304 39 35 af
1352 1304 232 36 säterifrihet.
1637 1305 404 48 Departementschefen

436 1352 115 36 funne
592 1352 60 36 det
693 1353 138 36 således
871 1353 85 35 fullt
983 1354 183 46 befogadt,
1196 1360 54 29 att
1277 1355 70 35 den
1375 1356 11 34 i
1415 1355 99 35 detta
1541 1355 63 36 fall
1633 1356 80 35 med
1740 1356 88 47 föga
1855 1357 190 36 afsevärda

437 1404 132 47 belopp
611 1404 183 46 utgående
833 1404 270 48 kyrkotionden
1136 1404 222 37 förklarades
1386 1406 101 35 skola
1516 1406 164 48 upphöra
1707 1413 89 30 utan
1826 1409 216 46 ersättning.

436 1454 15 35 I
479 1454 44 36 de
552 1454 62 35 fall
642 1458 87 40 åter,
759 1454 65 35 der
851 1468 46 22 en
924 1455 102 48 dylik
1055 1456 168 43 anomali,
1253 1457 12 34 i
1293 1455 166 37 afseende
1487 1459 20 32 å
1534 1457 288 48 kyrkotiondens
1851 1460 192 45 utgående,

436 1504 122 36 berott
597 1504 40 36 af
672 1518 120 22 annan
831 1506 106 35 orsak
977 1513 43 28 än
1064 1505 402 50 säteriöfverflyttning,
1502 1507 112 36 borde
1642 1508 29 46 ej
1700 1508 114 36 heller
1842 1511 204 45 ersättning

435 1554 277 48 ifrågakomma,
741 1563 98 35 enär,
869 1557 115 46 enligt
1013 1557 96 35 hvad
1137 1557 265 47 handlingarna
1433 1558 182 48 upplyste,
1649 1559 272 36 vederbörande
1956 1561 88 47 kyr-

437 1606 83 35 kors
560 1607 187 42 målsmän,
789 1612 87 30 utan
918 1608 154 46 anspråk
1113 1610 45 44 på
1185 1608 215 46 ersättning,
1438 1609 182 48 tillstyrkt
1652 1609 67 35 den
1748 1609 213 48 ifrågasatta
1988 1611 56 35 af-

436 1655 242 48 skrifningen.

573 1707 103 35 Allra
704 1708 112 34 minst
844 1708 132 43 kunde,
1005 1707 64 36 der
1096 1708 31 46 ej
1158 1708 129 36 sådant
1309 1709 57 35 för
1384 1709 205 36 bevarande
1608 1709 38 36 af
1661 1711 212 35 nuvarande
1892 1712 152 46 tjenste-

436 1757 254 36 innehafvares
717 1763 74 30 rätt
820 1761 113 32 måste
961 1759 71 43 ske,
1058 1758 58 36 för
1135 1759 252 47 upphörandet
1405 1759 39 36 af
1459 1760 70 35 den
1549 1760 255 49 kyrkotionde,
1825 1774 78 23 som
1923 1766 121 44 utgått

436 1808 57 34 till
535 1808 236 35 kommunala
812 1809 217 46 tjenstemän
1067 1809 66 35 och
1170 1810 157 46 betjente
1360 1811 100 34 eller:
1474 1810 56 36 för
1558 1811 112 35 andra
1698 1817 82 30 rent
1807 1812 238 36 kommunala

437 1859 88 34 eller
554 1858 170 48 kyrkliga
751 1858 122 43 behof,
903 1860 202 46 ersättning
1132 1859 243 47 ifrågasättas.

572 1908 409 48 Departementschefen
1013 1909 211 48 öfverginge
1258 1924 48 22 nu
1340 1912 57 34 till
1425 1911 68 36 den
1523 1912 192 48 onekligen
1745 1918 94 31 mest
1867 1915 177 35 svårlösta

437 1958 39 35 af
499 1959 44 35 de
570 1959 135 46 frågor,
735 1972 79 23 som
843 1961 11 33 i
883 1960 100 35 detta
1010 1961 132 35 ärende
1169 1960 171 49 förelåge,
1370 1962 88 35 eller
1483 1961 129 48 frågan
1632 1976 53 23 om
1705 1963 66 35 och
1789 1964 53 46 på
1861 1964 95 35 hvad
1974 1970 70 30 sätt

438 2010 269 47 kyrkotionden
748 2011 12 34 i
802 2010 45 35 de
887 2011 169 36 Jlukrativt
1091 2012 201 47 patronella
1330 2019 205 40 pastoraten
1576 2016 110 32 måtte
1715 2014 125 34 kunna
1867 2015 175 47 upphöra.

438 2059 126 47 Enligt
587 2060 82 35 från
693 2060 369 49 kammarkollegium
1087 2062 174 35 särskildt
1279 2062 189 36 infordrad
1488 2063 145 47 uppgift
1651 2064 91 35 hade
1762 2064 121 36 denna
1902 2065 142 35 tiondes

437 2110 130 47 belopp
600 2114 40 32 år
675 2113 94 33 1894
804 2112 141 46 utgjort
978 2114 132 41 30,941
1145 2113 134 34 kronor
1312 2115 45 34 83
1389 2120 72 28 öre.
1516 2113 323 49 Myndigheternas
1869 2114 135 48 förslag
2031 2116 11 34 i

437 2160 100 36 detta
566 2161 203 36 hänseende
797 2175 97 30 vore,
924 2165 116 33 såsom
1067 2162 207 48 framginge
1302 2163 40 35 af
1367 2164 94 35 hvad
1489 2163 111 36 ofvan
1627 2164 149 44 anförts,
1795 2166 141 46 ganska
1954 2178 89 23 vex-

437 2211 116 35 lande.
609 2211 53 36 De
689 2212 104 36 flesta
821 2211 39 36 af
884 2213 321 48 myndigheterna:
1235 2214 240 48 domkapitlet
1504 2215 5 34 i
1534 2214 105 36 Lund
1658 2221 93 30 samt
1771 2215 131 49 Kongl.
1924 2215 119 48 Maj:ts
