1882 2812
540 173 262 29 Statsutskottets
826 173 165 28 utlåtande
1014 182 38 18 nr
1084 173 71 28 238.
1557 168 36 31 17

151 244 153 33 Behovet
321 257 40 20 av
379 246 305 32 tertiärlånemedel
702 247 107 32 under
826 247 201 40 budgetåret
1047 246 133 31 1946/47
1199 246 53 31 till
1270 246 55 30 lån
1344 245 52 31 för
1413 244 181 41 enfamiljs-

99 286 63 32 hus
183 288 61 31 har
264 299 39 20 av
325 288 363 42 byggnadslånebyrån
709 290 11 30 i
742 290 78 31 dess
843 289 162 31 skrivelse
1028 289 65 31 den
1116 289 37 30 31
1177 288 137 41 augusti
1336 288 80 30 1945
1438 286 156 42 uppskat-

100 331 66 30 tats
186 330 52 31 till
259 330 91 32 cirka
369 333 40 29 60
429 332 157 41 miljoner
605 332 132 30 kronor.
769 331 119 41 Enligt
908 331 63 31 vad
990 332 55 40 jag
1066 330 118 32 erfarit
1203 331 97 31 torde
1320 341 153 20 summan
1493 340 40 20 av
1554 329 39 31 de

99 372 183 39 tertiärlån,
305 384 73 20 som
399 374 107 31 under
527 374 226 31 innevarande
775 374 168 41 budgetår
963 374 113 31 kunna
1098 376 139 38 antagas
1260 373 48 31 bli
1331 373 53 31 för
1405 372 190 32 ändamålet

99 414 168 42 beviljade
289 427 40 20 av
349 416 117 41 byrån,
488 416 131 31 komma
640 419 48 28 att
710 416 170 41 överstiga
902 416 102 41 sagda
1025 416 126 42 belopp
1173 416 76 31 med
1270 415 90 32 cirka
1383 416 38 30 10
1437 417 40 36 4;
1499 415 96 31 efter-

99 457 116 42 frågan
239 461 43 39 på
307 459 116 41 dylika
445 460 56 30 lån
524 460 61 30 har
607 462 101 28 våren
734 460 80 30 1946
839 459 86 31 varit
948 459 132 41 mycket
1104 462 79 28 stor.
1220 458 80 32 Med
1324 458 132 41 hänsyn
1479 457 115 32 härtill

100 500 58 31 vill
177 501 55 41 jag
252 501 207 41 ifrågasätta,
480 513 53 21 om
552 502 71 31 icke
642 501 278 32 medelsbehovet
938 501 105 32 borde
1064 501 192 42 uppräknas
1276 503 111 39 något.
1419 501 49 31 På
1486 500 109 42 grund

99 553 39 20 av
161 542 102 32 bland
285 547 104 28 annat
411 544 64 31 den
497 544 198 31 hämmande
718 544 162 31 inverkan
902 546 43 39 på
967 544 387 41 egnahemsbyggandet,
1379 554 71 20 som
1472 543 123 42 knapp-

100 585 100 31 heten
221 588 43 39 på
286 588 151 30 trävaror
458 587 64 31 kan
544 587 42 37 få,
609 598 98 20 anser
728 587 56 41 jag
807 587 198 37 emellertid,
1028 589 49 28 att
1100 589 47 29 ett
1169 587 126 41 belopp
1316 598 40 20 av
1378 586 40 31 65
1439 586 157 41 miljoner

100 628 123 33 kronor
249 628 63 31 bör
338 640 79 20 vara
443 629 197 41 tillräckligt
667 630 53 30 för
748 632 48 28 att
825 629 181 41 tillgodose
1036 629 205 41 efterfrågan
1270 631 43 39 på
1340 629 174 31 tertiärlån
1543 629 52 31 till

100 670 162 41 egnahem
286 671 108 31 under
416 673 97 30 nästa
535 671 174 41 budgetår.

153 712 120 32 Såsom
294 714 57 41 jag
373 713 143 41 tidigare
537 716 116 28 nämnt
675 714 95 31 torde
793 714 58 30 vid
872 713 98 31 bifall
992 714 53 31 till
1067 714 40 31 de
1129 725 40 20 av
1190 714 69 41 mig
1280 714 12 30 i
1315 714 56 31 det
1393 714 202 41 föregående

100 755 185 42 framlagda
312 756 172 41 förslagen
511 756 142 31 rörande
679 756 175 31 tertiärlån
882 756 53 31 till
961 756 260 41 flerfamiljshus
1249 758 49 30 ett
1324 756 192 42 betydande
1544 768 52 20 an-

101 800 46 31 tal
170 809 39 20 av
232 799 75 31 dem
331 810 73 20 som
428 801 71 29 före
523 799 63 31 den
611 800 15 29 1
650 799 63 40 juli
738 799 80 31 1946
842 798 136 32 erhållit
999 799 212 41 preliminärt
1232 809 76 21 men
1332 799 29 41 ej
1387 799 133 41 slutligt
1544 799 52 32 be-

100 841 68 31 slut
191 852 52 20 om
267 841 175 31 tertiärlån
465 842 52 30 för
541 841 211 41 uppförande
776 852 40 20 av
839 841 121 31 sådant
982 841 64 31 hus
1070 841 130 31 komma
1223 844 49 29 att
1295 842 34 31 få
1351 842 75 31 sina
1448 842 147 32 ärenden

101 884 202 41 omprövade
334 884 133 41 jämlikt
498 884 40 31 de
570 884 178 31 förordade
779 895 65 30 nya
874 884 308 31 bestämmelserna.
1224 884 52 32 De
1307 884 184 39 tertiärlån,
1524 896 71 20 som

100 925 210 41 preliminärt
330 926 160 41 beviljats
511 926 254 41 ifrågavarande
788 927 181 41 låntagare,
991 926 133 31 komma
1146 927 118 31 därvid
1286 929 49 29 att
1356 928 164 31 återföras
1543 928 52 31 till

100 969 57 31 det
188 969 194 31 nuvarande
417 969 356 40 tertiärlåneanslaget.
809 969 118 41 Enligt
960 968 382 42 byggnadslånebyråns
1378 970 219 42 uppfattning

100 1011 148 31 kommer
268 1011 111 31 denna
400 1011 126 42 ökning
547 1023 40 19 av
607 1011 145 31 berörda
772 1011 118 41 anslag
911 1013 50 29 att
982 1011 170 42 överstiga
1174 1012 58 31 det
1252 1012 250 39 medelsbehov,
1523 1024 73 20 som

101 1056 149 39 uppstår,
273 1053 115 32 därest
408 1054 91 31 vissa
519 1065 40 20 av
580 1054 41 31 de
644 1054 64 31 den
730 1056 15 28 1
768 1054 63 41 juli
856 1055 78 30 1946
955 1054 62 32 hos
1039 1054 106 41 byrån
1166 1055 198 41 anhängiga,
1386 1056 211 40 preliminärt

101 1097 70 31 icke
191 1097 162 41 avgjorda
372 1096 271 41 ansökningarna
663 1108 53 19 om
736 1097 174 31 tertiärlån
929 1097 53 31 till
1003 1097 260 41 flerfamiljshus
1284 1098 239 42 övergångsvis
1544 1098 52 32 be-

100 1139 140 31 handlas
261 1139 107 41 enligt
387 1140 40 31 de
446 1151 45 20 nu
510 1139 154 41 gällande
684 1139 308 31 bestämmelserna.
1023 1139 81 31 Med
1123 1140 63 30 hur
1204 1142 88 30 stort
1309 1140 125 42 belopp
1453 1141 143 41 angivna

101 1181 265 42 anslagsökning
402 1182 64 30 kan
504 1181 168 41 överstiga
709 1182 229 41 nyssnämnda
965 1182 240 31 medelsbehov
1233 1194 101 30 synes
1362 1194 78 21 vara
1466 1184 131 41 mycket

102 1226 90 29 svårt
217 1226 50 30 att
291 1224 156 38 bedöma,
474 1225 74 31 från
573 1225 124 41 byråns
724 1225 74 31 sida
824 1225 195 31 framhålles
1045 1225 104 31 bland
1174 1228 111 35 annat,
1313 1228 50 29 att
1387 1226 209 32 fortfarande

101 1267 57 31 vid
181 1266 118 42 slutlig
320 1267 210 42 behandling
553 1279 39 19 av
615 1267 226 32 låneärenden
864 1267 144 42 höjning
1032 1278 39 20 av
1095 1268 212 35 tertiärlånet
1330 1271 107 29 måste
1461 1269 58 32 ske
1543 1270 53 31 till

101 1309 88 41 följd
211 1309 110 38 därav,
345 1312 49 28 att
417 1309 56 32 det
495 1309 215 42 preliminära
732 1309 227 32 lånebeslutet
982 1310 188 32 meddelats
1193 1311 73 31 före
1289 1311 307 43 räntesänkningen

104 1351 104 31 under
227 1353 102 30 våren
351 1352 89 37 1945,
462 1352 29 31 d.
513 1364 27 19 v.
563 1363 24 20 s.
610 1352 56 31 vid
688 1363 40 20 en
749 1352 160 41 tidpunkt
930 1353 42 30 då
993 1352 368 42 avkastuingsvärdena
1382 1355 62 31 och
1466 1354 131 42 följakt-

102 1394 89 41 ligen
218 1396 84 29 även
331 1394 40 31 de
399 1395 276 40 genomsnittliga
701 1395 248 41 lånebeloppen
976 1406 59 30 per
1061 1396 159 40 lägenhet
1246 1407 81 20 voro
1354 1397 91 41 lägre
1473 1399 40 29 än
1540 1409 55 19 nu.

101 1436 67 31 Det
188 1447 100 31 synes
310 1437 189 31 emellertid
520 1437 105 41 enligt
645 1437 125 41 byråns
792 1437 283 41 uppskattningar
1096 1438 112 31 kunna
1229 1441 149 39 antagas,
1401 1442 48 28 att
1470 1440 127 31 tertiär-

103 1478 229 42 låneanslaget
360 1479 57 31 vid
446 1479 215 41 tillämpning
689 1491 38 19 av
757 1480 40 30 de
826 1480 445 41 övergångsbestämmelser
1299 1482 143 31 rörande
1471 1483 125 30 tertiär-

102 1521 342 38 låneverksamheten,
474 1533 71 20 som
574 1522 55 41 jag
657 1522 161 37 förordat,
848 1522 85 31 skall
962 1523 107 30 under
1096 1523 117 41 loppet
1241 1535 39 20 av
1308 1526 98 29 nästa
1433 1524 165 42 budgetår

101 1563 132 32 komma
255 1566 49 29 att
327 1564 81 31 ökas
430 1565 76 30 med
530 1566 47 29 ett
600 1564 222 42 nettobelopp
846 1576 39 19 av
909 1565 89 31 cirka
1023 1566 37 30 15
1084 1566 157 41 miljoner
1263 1567 133 30 kronor.
1431 1567 53 31 Då
1506 1568 92 31 detta

101 1605 124 42 belopp
247 1617 102 30 synes
371 1606 83 32 böra
474 1609 94 39 tagas
591 1608 10 29 i
624 1607 144 41 anspråk
791 1608 54 30 för
865 1607 194 41 beviljande
1082 1619 38 20 av
1144 1609 174 31 tertiärlån
1342 1610 51 30 till
1416 1610 181 41 enfamiljs-

101 1648 73 38 hus,
199 1649 96 31 torde
319 1649 354 42 medelsanvisningen
699 1650 51 31 för
774 1651 142 41 angivna
942 1651 153 31 ändamål
1119 1652 113 30 kunna
1255 1652 185 41 begränsas
1464 1652 53 31 till
1546 1653 52 41 (65

101 1691 93 39 —L15)
222 1691 40 31 50
285 1691 160 42 miljoner
467 1693 131 30 kronor.

154 1733 79 32 Med
255 1734 132 41 hänsyn
411 1735 113 31 därtill
547 1738 48 28 att
618 1736 41 31 de
682 1735 214 42 lånebelopp,
920 1748 72 19 som
1016 1737 143 31 sålunda
1180 1739 115 40 återgå
1316 1737 54 31 till
1394 1738 203 31 tertiärlåne-

101 1775 161 41 anslaget,
289 1776 33 31 få
347 1779 138 39 antagas
510 1777 131 32 komma
665 1780 48 29 att
738 1778 147 31 tillföras
912 1779 103 40 sagda
1039 1779 118 41 anslag
1181 1780 186 31 successivt
1392 1780 107 31 under
1522 1781 76 31 hela

102 1819 96 30 nästa
221 1818 175 41 budgetår,
421 1820 119 30 medan
566 1820 149 31 däremot
740 1821 57 31 det
820 1821 250 38 medelsbehov,
1097 1833 71 20 som
1192 1822 194 32 föranledes
1411 1834 39 19 av
1473 1822 125 42 byråns

101 1859 117 33 balans
242 1871 60 30 per
325 1861 64 31 den
416 1863 14 29 1
455 1862 62 40 juli
542 1863 79 30 1946
645 1874 38 19 av
708 1863 183 40 oavgjorda
914 1863 147 31 ärenden
1085 1864 142 31 rörande
1251 1865 174 31 tertiärlån
1448 1865 53 31 till
1525 1866 73 30 fler-

103 1902 202 41 familjshus,
332 1903 238 32 koncentreras
595 1905 53 30 till
674 1916 39 19 en
739 1905 75 31 kort
840 1905 50 30 tid
916 1906 10 29 i
952 1905 119 41 början
1098 1917 38 20 av
1162 1906 211 42 budgetåret,
1400 1908 199 31 förutsätter

103 1945 63 41 Jag,
192 1948 48 28 att
265 1945 40 31 de
331 1946 119 37 medel,
476 1957 71 20 som
572 1947 53 30 för
647 1949 96 28 nästa
767 1947 167 40 budgetår
957 1949 52 29 må
1032 1948 132 31 komma
1188 1950 49 29 att
1260 1949 135 31 anvisas
1420 1951 18 29 å
1462 1950 58 31 det
1543 1961 55 20 nu-

105 1987 142 31 varande
277 1988 360 41 tertiärlåneanslaget,
668 1988 34 31 få
731 1992 93 37 tagas
855 1989 10 30 i
896 1989 144 41 anspråk
1071 1990 53 31 för
1154 1990 271 41 tillgodoseende
1456 2003 38 20 av
1525 1992 74 32 sist-

102 2029 145 31 nämnda
270 2030 250 31 medelsbehov.

154 2071 29 31 Å
205 2072 104 31 andra
330 2072 99 31 sidan
450 2084 98 19 anser
570 2073 63 40 jag,
657 2075 48 28 att
727 2075 83 29 även
833 2085 53 19 om
907 2074 281 32 nettotillskottet
1209 2077 19 29 å
1249 2076 349 41 tertiärlåneanslaget

104 2114 106 31 under
232 2116 98 29 nästa
354 2115 165 40 budgetår
543 2115 109 31 skulle
675 2116 131 30 komma
831 2118 48 28 att
904 2117 170 39 överstiga
1097 2117 57 31 det
1177 2118 61 30 här
1263 2119 91 30 förut
1378 2122 144 37 antagna
1546 2120 52 31 be-

103 2156 124 41 loppet,
247 2157 38 31 15
304 2157 159 40 miljoner
479 2157 132 37 kronor,
630 2157 362 41 byggnadslånebyrån
1011 2159 101 30 likväl
1132 2159 70 31 icke
1220 2160 63 31 bör
1302 2163 79 28 utan
1400 2161 197 42 riksdagens

102 2199 220 40 medgivande
347 2199 34 30 få
403 2199 106 31 under
532 2201 96 31 nästa
650 2199 166 40 budgetår
838 2199 126 41 bevilja
988 2200 173 31 tertiärlån
1185 2201 52 30 till
1262 2202 237 41 enfamiljshus
1523 2203 75 31 med

103 2251 70 19 mer
195 2242 41 28 än
260 2240 40 31 65
323 2240 158 41 miljoner
503 2241 131 31 kronor.

153 2336 28 26 3.
216 2335 305 33 Bostadsförsörjning
554 2336 47 26 för
626 2337 114 26 mindre
763 2337 179 33 bemedlade,
966 2338 144 27 barnrika
1135 2339 140 34 familjer.
1320 2336 196 42 Riksdagen
1540 2338 61 31 har

102 2383 52 30 för
167 2382 227 31 innevarande
408 2382 165 41 budgetår
586 2384 131 30 anvisat
731 2384 83 36 dels,
826 2384 51 30 för
890 2384 194 40 beviljande
1099 2397 39 19 av
1150 2386 450 43 bostadsanskaffningslån,

104 2430 52 31 till
182 2431 223 32 Lånefonden
431 2433 53 30 för
508 2432 130 32 mindre
663 2433 207 37 bemedlade,
896 2434 159 31 barnrika
1082 2436 145 40 familjer
1253 2437 347 43 investeringsanslag

103 2482 75 30 med
193 2482 39 30 70
249 2482 159 39 miljoner
422 2482 123 31 kronor
561 2484 73 29 dels
651 2484 51 30 till
720 2484 266 40 Hyresrabatter
1004 2486 51 30 för
1071 2486 129 31 mindre
1217 2486 209 39 bemedlade,
1444 2489 157 31 barnrika

153 2543 115 36 Bihang
292 2544 45 28 till
360 2544 168 36 riksdagens
548 2545 145 36 protokoll
722 2546 85 27 1946.
856 2548 18 25 6
897 2547 81 28 saml.
1027 2548 43 27 Nr
1093 2549 69 27 238,
1401 2557 52 19 1258
1470 2558 25 18 46
1542 2553 16 25 2
