1888 2814
572 179 262 29 Statsutskottets
862 176 164 29 utlatande
1049 184 38 18 nr
1111 174 71 27 238.
1603 163 19 30 9

118 270 146 31 grupper
285 270 40 20 av
347 257 230 40 medborgare,
601 265 102 30 synes
726 253 57 31 det
805 252 69 40 mig
895 249 174 40 naturligt,
1093 250 49 29 att
1165 245 175 32 enahanda
1363 242 166 42 principer
1547 239 75 49 till-

118 303 128 41 lämpas
268 303 43 40 på
332 300 78 31 hela
432 299 65 31 den
519 295 302 36 låneverksamhet,
846 304 74 20 som
943 291 182 32 framdeles
1148 291 54 29 må
1224 289 132 30 komma
1380 288 49 29 att
1452 284 169 31 bedrivas.

172 346 49 30 På
239 343 109 42 grund
368 353 40 20 av
428 341 58 31 det
504 338 143 33 sålunda
666 336 142 32 anförda
828 345 102 31 synes
950 335 58 30 det
1026 332 68 40 mig
1113 329 190 42 uppenbart
1322 329 49 30 att
1391 337 54 20 om
1465 326 119 30 räntan
1604 325 19 28 å

119 388 175 31 tertiärlån
318 385 53 31 till
395 381 259 42 allmännyttiga
676 378 278 40 bostadsföretag
977 387 45 19 nu
1046 375 72 30 icke
1143 374 105 30 sättes
1271 371 105 40 högre
1401 371 41 29 än
1467 368 65 31 den
1556 366 66 32 fak-

120 431 88 30 tiska
230 427 328 43 upplåningsräntan
581 425 93 30 detta
696 422 72 31 icke
790 423 36 29 är
848 422 49 30 att
919 418 155 32 betrakta
1096 427 73 21 som
1191 418 49 29 ett
1260 411 202 43 ingripande
1484 411 11 30 i
1518 411 105 30 ränte-

120 472 195 41 sättningen
340 470 195 41 varigenom
562 467 111 31 denna
698 463 250 33 underordnats
974 458 266 44 hyrespolitiska
1266 455 183 32 önskemål.

171 514 223 33 Beträffande
429 508 458 42 förvaltningskostnaderna
923 506 53 31 för
1000 505 65 31 den
1090 503 138 40 statliga
1251 497 372 35 kreditverksamheten

118 559 114 30 kunna
248 558 100 30 dessa
361 557 116 30 såsom
490 550 366 44 byggnadslånebyrån
873 547 188 32 framhållit
1077 546 72 31 icke
1168 547 101 29 annat
1287 545 42 29 än
1347 539 277 34 tillnärmelsevis

120 601 213 31 bestämmas.
366 598 61 31 Ett
448 595 216 40 räntetillägg
684 594 54 30 för
757 590 164 32 täckande
942 600 39 20 av
1002 587 104 42 sagda
1125 584 184 33 kostnader
1329 585 53 30 får
1401 580 222 36 fördenskull,

122 643 103 30 såvitt
242 643 103 39 angår
364 641 113 30 staten
495 649 73 20 som
587 635 181 41 långivare,
789 645 41 19 en
849 634 75 29 rent
943 628 256 34 konventionell
1217 626 157 32 karaktär
1390 625 11 30 i
1421 623 167 32 avseende
1607 624 19 28 å

121 685 173 40 tilläggets
317 682 137 32 storlek.
490 680 49 31 På
561 679 110 41 grund
693 678 102 30 härav
819 675 63 31 och
906 674 44 31 då
971 675 48 30 ett
1043 671 108 42 dylikt
1173 670 120 41 tillägg
1315 669 11 29 i
1349 668 60 31 allt
1432 666 61 31 fall
1515 664 110 32 skulle

121 727 49 31 bli
192 738 40 19 av
252 726 96 40 ringa
369 721 295 40 storleksordning
685 730 98 20 anser
804 718 57 41 jag
880 717 69 40 mig
969 716 84 32 böra
1073 725 40 20 av
1133 712 174 42 praktiska
1328 710 72 31 skäl
1422 709 115 31 avvisa
1557 710 69 28 tan-

120 770 67 30 ken
212 770 43 40 på
280 770 48 29 att
354 768 11 30 i
391 765 318 32 tertiärlåneräntan
735 761 141 31 inräkna
902 754 421 43 förvaltningskostnader.

174 811 19 31 I
219 810 151 41 enlighet
396 808 140 31 härmed
560 806 145 31 föreslår
730 804 65 41 jag,
822 804 49 30 att
897 803 120 29 räntan
1044 802 18 28 å
1087 798 175 32 tertiärlån
1288 796 54 30 till
1368 792 259 42 allmännyttiga

122 853 277 39 bostadsföretag
420 852 105 29 sättes
547 849 53 32 till
621 848 18 31 3
657 850 36 28 Z.

178 896 67 32 Till
265 896 65 31 vad
349 893 228 40 utredningen
600 892 112 31 anfört
733 890 11 30 i
765 890 94 39 fråga
881 899 54 20 om
958 888 40 30 de
1021 884 292 40 förutsättningar,
1336 893 73 20 som
1432 880 95 31 skola
1548 889 79 21 vara

123 938 179 42 uppfyllda
325 937 53 30 för
402 937 49 30 att
475 937 47 29 ett
546 932 254 41 allmännyttigt
822 930 279 38 bostadsföretag
1125 926 87 32 skall
1236 936 100 20 anses
1362 923 174 40 föreligga,
1564 922 64 30 kan

125 983 56 40 jag
200 982 11 30 i
231 980 133 42 princip
384 978 135 32 ansluta
539 977 77 40 mig.
649 977 52 29 Av
720 976 103 39 några
844 973 183 31 remissvar
1047 971 60 30 vill
1129 970 57 31 det
1208 967 190 33 emellertid
1420 976 111 30 synas,
1554 975 74 20 som

126 1036 54 20 om
216 1022 246 41 utredningens
499 1019 200 32 uttalanden
734 1017 206 31 härutinnan
978 1016 130 30 ansetts
1146 1012 82 31 böra
1254 1012 11 30 i
1291 1010 93 31 vissa
1409 1007 219 33 hänseenden

125 1066 253 41 kompletteras,
405 1063 121 32 medan
552 1062 105 31 andra
683 1059 294 32 remissinstanser
1004 1058 111 29 ansett
1142 1054 52 41 sig
1219 1054 114 30 kunna
1359 1053 192 34 förutsätta,
1580 1051 49 29 att

127 1109 120 32 endast
270 1110 75 29 rent
367 1105 215 33 kommunala
605 1104 133 39 företag
760 1102 114 31 kunna
897 1099 173 32 betraktas
1095 1099 112 30 såsom
1231 1093 267 42 allmännyttiga.

180 1152 67 31 För
265 1161 84 30 egen
367 1149 56 31 del
441 1159 98 20 anser
556 1147 65 40 jag,
640 1148 49 29 att
707 1144 146 32 nämnda
873 1144 95 39 fråga
986 1141 73 32 icke
1077 1141 150 30 kommer
1246 1140 48 29 att
1314 1138 11 30 i
1345 1136 178 42 praktiken
1542 1134 87 32 med-

128 1195 73 31 föra
224 1195 104 39 några
350 1193 110 30 större
484 1190 219 40 svårigheter.
740 1186 239 40 Utredningen
1003 1184 61 31 har
1088 1182 186 40 föreslagit,
1301 1182 49 30 att
1374 1177 255 33 vederbörande

127 1238 161 30 kommun
311 1235 86 31 skall
419 1235 13 30 i
456 1232 167 32 avseende
648 1233 18 29 å
691 1228 254 41 allmännyttigt
968 1226 277 39 bostadsföretag
1268 1223 114 31 ikläda
1407 1221 53 41 sig
1484 1220 147 41 skyldig-

128 1280 58 31 het
212 1281 48 29 att
286 1279 173 39 gentemot
485 1274 205 33 statsverket
715 1273 12 31 i
753 1272 71 31 viss
851 1269 237 40 utsträckning
1113 1278 141 21 ansvara
1281 1266 53 31 för
1361 1264 163 32 förluster
1551 1274 80 30 upp-

128 1323 123 30 komna
277 1320 59 31 vid
363 1316 446 43 fastighetsförvaltningen.
850 1314 126 31 Därest
1005 1323 42 20 en
1076 1311 94 41 dylik
1198 1308 239 33 bestämmelse
1468 1306 163 42 godtages

128 1383 42 5 —
193 1364 63 31 och
279 1363 56 41 jag
358 1362 114 30 finner
496 1361 65 30 den
586 1360 53 30 för
663 1359 70 30 min
759 1358 54 30 del
837 1354 246 33 välmotiverad
1106 1373 42 3 —
1171 1353 44 31 ha
1238 1352 244 31 kommunerna
1507 1359 125 31 uppen-

129 1406 154 41 barligen
304 1405 108 40 själva
434 1405 48 29 att
504 1404 131 38 avgöra,
660 1412 54 20 om
738 1400 40 31 de
801 1399 97 31 skola
919 1399 111 30 lämna
1053 1397 53 31 sin
1129 1395 203 31 medverkan
1356 1394 53 30 för
1431 1395 50 28 att
1503 1391 129 41 möjlig-

131 1451 89 39 göra,
244 1451 48 28 att
316 1449 48 29 ett
388 1443 254 42 allmännyttigt
665 1442 277 38 bostadsföretag
965 1439 240 32 konstitueras.
1241 1438 53 30 En
1320 1436 94 40 dylik
1438 1433 195 32 kommunal

132 1491 178 32 utfästelse
333 1490 66 30 kan
424 1487 85 32 dock
532 1486 145 41 givetvis
701 1485 72 31 icke
797 1485 11 30 i
833 1484 63 31 och
921 1483 53 31 för
998 1482 52 40 sig
1074 1481 157 41 upphäva
1255 1479 66 31 den
1346 1478 65 31 fria
1436 1477 197 41 prövnings-

129 1535 66 29 rätt
210 1531 215 36 härutinnan,
441 1540 75 21 som
533 1529 65 31 den
615 1525 273 41 lånebeviljande
906 1524 244 41 myndigheten
1165 1522 61 31 har
1242 1523 49 30 att
1308 1522 111 29 utöva.
1448 1520 69 30 Det
1533 1529 102 30 synes

133 1574 189 33 emellertid
344 1572 131 32 mindre
499 1570 181 37 sannolikt,
705 1571 48 30 att
775 1567 187 33 konflikter
985 1566 123 31 mellan
1131 1566 204 30 kommunen
1361 1563 62 31 och
1446 1561 189 42 byggnads-

132 1617 185 40 lånebyrån
341 1615 96 32 skola
460 1614 131 31 behöva
615 1612 205 41 uppkomma
843 1610 59 31 vid
926 1608 228 33 bedömandet
1179 1619 39 19 av
1243 1607 128 40 frågan,
1398 1616 54 20 om
1478 1606 49 30 ett
1551 1604 83 30 före-

133 1664 57 37 tag
207 1661 36 29 är
260 1661 49 29 att
328 1669 80 20 anse
427 1668 73 20 som
519 1654 254 41 allmännyttigt
791 1654 83 31 eller
895 1652 41 40 ej.
968 1652 163 31 Däremot
1149 1650 65 31 kan
1235 1648 186 33 eventuellt
1441 1648 94 40 fråga
1555 1657 80 30 upp-

133 1703 141 36 komma,
295 1712 54 20 om
369 1700 212 40 skäligheten
602 1709 40 20 av
662 1698 41 31 de
723 1694 433 41 anskaffningskostnader,
1178 1703 72 21 som
1272 1694 48 28 ett
1341 1691 87 31 visst
1447 1689 189 41 byggnads-

134 1744 135 42 projekt
291 1744 65 30 kan
379 1742 148 40 betinga,
552 1741 63 31 och
639 1741 11 30 i
674 1739 115 41 dylika
812 1739 61 31 fall
897 1740 107 29 måste
1029 1735 217 41 naturligtvis
1270 1732 366 42 byggnadslånebyrån

135 1789 130 39 avgöra,
286 1785 169 32 huruvida
473 1783 230 32 kostnaderna
722 1782 113 30 kunna
857 1780 174 41 godtagas.
1064 1779 68 31 Det
1152 1779 106 29 måste
1280 1776 107 41 enligt
1408 1775 70 31 min
1500 1774 136 40 mening

134 1830 210 34 förutsättas,
367 1830 49 28 att
437 1827 243 30 kommunerna
703 1824 107 40 själva
830 1823 44 31 ha
897 1823 57 30 det
976 1821 83 32 allra
1081 1822 126 30 största
1230 1820 146 30 intresse
1400 1829 39 20 av
1462 1820 49 29 att
1533 1817 102 36 tillse,

132 1873 48 29 att
201 1870 229 31 kostnaderna
451 1868 53 30 för
525 1867 40 30 de
587 1864 263 42 husbyggnader
872 1873 73 20 som
966 1862 163 41 uppföras
1151 1872 40 19 av
1212 1860 41 31 de
1274 1858 259 40 allmännyttiga
1554 1858 82 30 före-

135 1917 100 37 tagen
255 1912 58 37 bli,
335 1911 136 31 relativt
493 1912 75 35 sett,
593 1911 38 29 så
651 1909 76 39 låga
748 1918 72 20 som
843 1907 146 40 möjligt;
1013 1906 56 31 det
1090 1905 65 31 kan
1178 1904 71 31 icke
1271 1904 135 30 komma
1427 1903 11 29 1
1462 1903 102 39 fråga,
1588 1903 49 29 att

136 1952 423 42 anskaffningskostnader
588 1950 238 40 överstigande
857 1949 76 30 dem
962 1959 73 20 som
1064 1958 40 20 av
1131 1947 107 40 byrån
1267 1946 113 30 kunna
1410 1944 163 41 godtagas
1605 1944 33 30 få

136 1997 130 32 belasta
304 1995 236 41 utgiftsstaten
579 1994 53 30 för
669 1992 208 40 fastigheten
916 1991 62 30 och
1017 1990 57 30 vid
1102 1989 169 31 eventuell
1299 1986 340 41 förlustuppdelning

135 2040 132 30 komma
295 2040 49 29 att
371 2036 207 32 övervältras
606 2037 43 39 på
677 2034 213 32 statsverket.
932 2033 64 31 Om
1024 2030 364 42 byggnadslånebyrån
1418 2029 110 32 skulle
1557 2039 81 20 anse

137 2082 70 31 risk
242 2080 166 40 föreligga
445 2080 53 30 för
533 2081 48 29 att
618 2080 48 29 ett
690 2076 380 41 husbyggnadsföretag
1096 2074 130 31 utföres
1253 2075 36 29 så
1316 2071 246 36 ockonomiskt,
1590 2073 49 28 att

136 2123 325 39 kostnadskalkylen
479 2122 67 30 blir
565 2120 163 37 ohållbar,
747 2120 63 30 bör
828 2119 108 39 byrån
956 2128 120 30 genom
1096 2118 49 29 att
1165 2115 172 41 uppställa
1356 2114 161 41 lämpliga
1537 2114 102 30 förut-

138 2166 189 39 sättningar
348 2166 54 29 för
424 2164 202 40 giltigheten
648 2174 40 20 av
711 2162 53 31 sin
786 2161 181 31 utfästelse
990 2171 54 20 om
1066 2160 55 30 lån
1145 2158 185 37 förhindra,
1355 2160 48 28 att
1427 2159 111 29 staten
1561 2156 79 30 nöd-

138 2219 59 29 gas
211 2208 103 30 infria
330 2218 41 20 en
388 2206 220 35 förbindelse,
625 2217 73 19 som
713 2204 54 31 till
783 2204 88 38 följd
889 2215 40 19 av
946 2201 254 32 försummelser
1217 2201 55 30 vid
1288 2200 120 30 husets
1426 2198 214 41 uppförande

138 2251 65 30 kan
229 2250 49 31 bli
305 2248 314 40 förlustbringande
647 2248 53 29 för
727 2248 123 33 staten;
879 2245 107 37 enligt
1013 2244 64 30 vad
1104 2244 56 39 jag
1187 2243 117 30 erfarit
1332 2242 96 30 torde
1458 2241 92 31 detta
1578 2241 62 29 för-

139 2291 199 39 faringssätt
358 2290 104 31 redan
483 2301 45 19 nu
549 2289 207 40 praktiseras
778 2299 39 19 av
838 2288 117 38 byrån.

193 2334 81 30 Med
296 2333 100 30 dessa
415 2332 119 39 tillägg
555 2331 61 31 och
637 2329 221 41 påpekanden
880 2340 100 19 anser
1000 2328 55 39 jag
1076 2327 68 40 mig
1163 2327 113 30 kunna
1298 2326 147 31 förorda,
1468 2327 48 28 att
1538 2325 41 30 de
1602 2335 39 19 av

140 2375 225 39 utredningen
393 2374 144 39 angivna
563 2372 201 31 kriterierna
791 2374 18 28 å
836 2370 260 40 allmännyttiga
1120 2369 277 38 bostadsföretag
1426 2367 172 40 godtagas.

192 2417 48 30 På
259 2417 40 30 de
319 2427 39 19 av
379 2414 224 40 utredningen
626 2412 179 31 förordade
825 2412 117 30 skiälon
963 2410 143 31 föreslår
1125 2410 56 39 jag
1199 2409 125 34 vidare,
1345 2410 48 28 att
1413 2407 230 30 tertiärlånets

140 2461 78 28 övre
238 2460 99 38 gräns
358 2458 52 29 för
429 2456 113 41 dylika
562 2456 131 38 företag
711 2454 204 30 bestämmes
934 2453 53 31 till
1009 2453 58 30 100
1084 2455 24 28 Z
1130 2463 39 19 av
1188 2451 63 30 den
1272 2449 206 40 godtagbara
1499 2448 144 31 anskaff-

139 2499 291 42 ningskostnaden
454 2499 52 30 för
527 2499 48 29 ett
595 2496 388 41 husbyggnadsföretag.
