1892 2840
491 147 117 31 Andra
628 145 239 38 lagutskottets
887 143 176 32 utlåtande
1082 141 49 31 Nr
1152 143 50 31 18.
1563 135 38 30 11

94 237 137 35 hänsyn
247 235 50 30 till
313 235 68 30 vad
398 233 144 32 sålunda
559 233 67 30 och
642 232 11 30 i
670 232 108 36 övrigt
795 230 135 31 anförts
947 228 107 38 ansåg
1070 228 174 34 utskottet,
1263 229 49 28 att
1326 235 43 21 en
1387 222 216 39 lagstiftning

93 296 45 21 av
165 287 56 30 det
248 284 164 36 innehåll,
440 293 73 22 som
541 282 176 37 åsyftades
745 283 9 29 i
783 280 187 36 motionen,
999 279 55 31 för
1082 279 56 30 det
1166 276 198 32 dåvarande
1392 275 75 31 icke
1494 273 109 31 borde

93 336 231 37 genomföras,
350 336 10 29 i
383 334 185 36 anledning
593 342 106 22 varav
722 332 166 30 utskottet
910 331 174 36 avstyrkte
1106 329 186 30 motionen.

142 386 256 33 Ovannämnda
419 386 126 36 belopp
568 384 20 31 å
610 384 97 35 4,000
730 383 129 30 kronor
881 382 51 30 till
956 378 447 41 propagandaverksamhet
1426 375 104 38 avsåg
1554 376 50 29 att

95 440 104 30 täcka
221 437 194 31 kostnaden
437 436 54 31 för
513 435 217 31 anställande
752 435 10 29 i
784 431 462 37 riksförsäkringsanstalten
1269 438 43 21 av
1335 437 42 21 en
1401 434 202 25 amanuens,

97 500 75 21 som
191 489 115 31 kunde
323 490 90 35 ägna
431 488 49 37 sig
496 487 35 31 åt
549 487 115 30 denna
678 485 230 30 verksamhet.
950 482 195 36 Riksdagen
1163 480 158 31 biträdde
1342 478 122 36 Kungl.
1484 476 120 37 Maj:ts

97 541 129 37 förslag
251 538 221 32 beträffande
495 536 91 32 båda
610 537 180 37 beloppen.
838 536 14 29 I
878 535 171 29 anstalten
1074 532 113 31 finnes
1212 530 150 36 alltjämt
1387 528 150 31 anställd
1562 535 42 22 en

97 590 342 37 befattningshavare
458 590 79 30 med
555 586 139 38 uppgift
712 587 106 31 bland
839 588 107 28 annat
965 587 49 28 att
1034 583 187 30 handhava
1241 580 266 37 ifrågavarande
1527 586 77 29 pro-

98 641 392 39 pagandaverksamhet.
545 640 14 30 1
585 637 89 32 årets
706 635 404 37 statsverksproposition
1142 634 89 30 hava
1261 631 278 36 ersättningarna
1570 627 36 31 åt

98 690 481 37 riksförsäkringsanstaltens
611 689 203 30 ortsombud
846 686 56 31 för
933 685 209 31 anskaffade
1174 682 162 37 frivilliga
1368 680 238 36 försäkringar

97 743 185 30 beräknats
303 743 51 30 till
374 745 46 27 ett
439 742 125 36 belopp
583 749 43 21 av
646 740 96 35 4,000
764 739 130 30 kronor
919 737 116 39 (femte
1054 735 228 35 huvudtiteln,
1303 734 63 30 sid.
1388 732 69 39 64).

145 854 135 32 Jämväl
304 851 123 37 frågan
450 861 58 21 om
525 860 43 21 en
590 850 51 30 till
664 849 77 31 hela
765 848 109 31 folket
897 846 165 37 utvidgad
1086 843 223 38 obligatorisk
1333 840 273 39 olycksfallsför-

100 905 140 37 säkring
259 905 64 29 har
343 903 58 31 vid
421 903 85 30 flera
525 901 160 31 tillfällen
704 900 88 30 varit
812 898 147 31 föremål
979 897 55 31 för
1054 896 200 36 riksdagens
1275 892 180 39 prövning.
1499 893 14 29 I
1534 900 73 22 mo-

99 957 72 30 tion
208 956 100 30 1I:85
344 954 60 31 vid
428 954 81 30 1931
536 953 56 30 års
615 952 141 36 riksdag
778 949 207 32 hemställde
1008 947 146 31 sålunda
1178 947 78 29 herr
1282 945 141 35 Osberg,
1448 946 49 28 att
1520 943 87 29 riks-

101 1008 111 37 dagen
231 1005 105 31 måtte
359 1006 10 29 i
393 1004 163 31 skrivelse
578 1003 51 30 till
654 1002 121 35 Kungl.
800 1001 102 36 Maj:t
926 999 182 31 hemställa
1143 1007 57 21 om
1222 995 186 37 utredning
1430 992 179 38 angående

101 1058 130 31 sådana
259 1055 188 37 ändringar
475 1056 11 29 i
514 1050 531 41 olycksfallsförsäkringslagen,
1075 1051 49 28 att
1152 1046 95 37 varje
1276 1055 125 28 person
1431 1045 80 30 över
1540 1042 68 31 viss

99 1109 97 31 ålder
215 1108 97 30 bleve
331 1105 240 37 obligatoriskt
591 1104 184 30 försäkrad
795 1106 73 27 mot
888 1101 109 31 skada
1016 1100 52 30 till
1088 1099 89 37 följd
1195 1107 43 21 av
1258 1095 184 39 olycksfall
1462 1096 11 30 i
1493 1096 117 29 arbete

100 1161 111 29 under
235 1157 248 37 förutsättning
506 1158 49 29 att
579 1155 112 30 behov
715 1152 162 37 förelåge.
907 1145 24 53 I
958 1151 56 31 sitt
1038 1160 42 21 av
1104 1149 184 36 riksdagen
1313 1147 185 37 godkända
1521 1144 88 32 utlå-

100 1211 105 30 tande
239 1209 52 39 (nr
320 1208 54 40 23)
409 1208 176 36 avstyrkte
613 1205 165 30 utskottet
807 1203 177 31 motionen
1013 1201 111 30 under
1152 1199 209 37 hänvisning
1388 1197 52 30 till
1469 1197 67 30 den
1566 1203 44 21 av

101 1262 185 35 riksdagen
309 1259 39 31 år
375 1259 83 31 1928
482 1258 151 36 begärda
656 1255 240 36 utredningen.
943 1253 111 30 Blank
1079 1250 209 31 reservation
1313 1255 126 30 avgavs
1464 1256 41 21 av
1530 1247 80 30 herr

102 1312 141 36 Osberg.
263 1328 45 5 —
323 1306 95 34 Även
438 1302 63 38 vid
518 1310 84 30 1932
623 1309 65 29 och
712 1308 83 30 1936
816 1307 56 30 års
893 1305 180 36 riksdagar
1094 1303 120 30 väckte
1234 1302 81 30 herr
1336 1300 132 37 Osberg
1488 1298 122 31 motio-

102 1374 61 21 ner
184 1363 56 39 (II:
255 1363 41 30 39
312 1361 39 32 år
369 1362 82 30 1932
467 1361 66 30 och
548 1360 45 30 II:
609 1359 63 31 349
688 1358 38 31 år
744 1356 95 40 1936)
862 1357 9 30 i
888 1356 106 31 bland
1011 1357 107 28 annat
1133 1353 184 31 enahanda
1335 1351 99 37 syfte.
1474 1348 137 32 Jämväl

102 1415 100 30 dessa
229 1412 172 31 motioner
427 1410 193 37 avstyrktes
648 1417 42 22 av
716 1408 167 30 utskottet
910 1406 110 30 under
1048 1403 207 37 hänvisning
1283 1403 51 30 till
1363 1401 66 30 den
1457 1399 39 31 år
1527 1399 84 30 1928

103 1466 150 36 begärda
271 1463 229 35 utredningen
522 1460 214 39 (utlåtanden
758 1455 116 41 1/1932
895 1458 66 29 och
980 1452 148 42 4/1936).
1171 1453 217 32 Motionerna
1409 1449 203 33 föranledde

104 1517 75 30 icke
196 1516 50 29 till
265 1513 115 37 någon
398 1512 202 36 riksdagens
618 1509 131 37 åtgärd.

149 1618 14 29 I
188 1616 91 30 detta
303 1614 257 36 sammanhang
583 1611 57 31 må
664 1611 117 30 vidare
805 1609 185 36 redogöras
1014 1607 55 30 för
1093 1604 256 37 behandlingen
1373 1612 43 21 av
1440 1602 90 31 vissa
1555 1600 59 31 vid

108 1669 82 30 1937
213 1668 55 30 års
290 1666 141 36 riksdag
451 1665 125 30 väckta
597 1663 179 30 motioner.
822 1662 14 29 I
859 1660 131 31 motion
1008 1659 45 30 II:
1071 1659 59 29 167
1155 1656 204 31 hemställde
1381 1655 78 30 herr
1483 1652 130 38 Spång-

106 1720 82 36 berg
208 1728 44 20 m.
273 1717 47 36 fl.,
342 1719 49 28 att
411 1715 184 36 riksdagen
616 1714 10 30 i
647 1712 163 32 skrivelse
829 1712 52 30 till
901 1709 199 38 regeringen
1120 1707 104 31 måtte
1245 1705 141 32 anhålla
1407 1715 57 21 om
1485 1703 128 38 skynd-

107 1779 74 21 sam
198 1767 185 38 utredning
402 1768 65 29 och
486 1766 129 36 förslag
634 1764 51 29 till
704 1763 147 37 ändring
867 1770 42 21 av
928 1759 305 32 bestämmelserna
1253 1758 9 30 i
1282 1758 100 35 lagen
1402 1765 57 21 om
1479 1754 134 36 olycks-

107 1821 63 30 fall
190 1820 9 30 i
219 1820 116 29 arbete
355 1817 183 37 åsyftande
559 1825 42 21 en
620 1813 145 38 höjning
786 1822 43 21 av
850 1811 180 38 sjukhjälp
1051 1811 66 29 och
1139 1806 399 37 invaliditetsersättning
1559 1805 56 30 för

107 1870 69 38 lågt
201 1869 169 31 avlönade
395 1868 281 34 inkomsttagare.

152 1920 124 31 Vidare
298 1918 132 37 yrkade
450 1917 80 30 herr
552 1915 175 31 Senander
749 1924 44 20 m.
818 1913 36 30 fl.
889 1914 11 29 i
921 1912 131 31 motion
1074 1911 46 29 II:
1135 1911 73 34 256,
1230 1912 49 27 att
1302 1907 183 35 riksdagen
1508 1904 108 32 måtte

107 1972 133 30 besluta
265 1969 132 31 sådana
421 1967 188 36 ändringar
634 1967 10 29 i
668 1965 154 30 nämnda
847 1964 55 37 lag
930 1965 67 28 »att
1022 1959 368 37 beräkningsgrunden
1416 1957 54 30 för
1496 1956 119 30 ersätt-

108 2023 83 36 ning
215 2021 56 30 vid
298 2019 185 37 olycksfall
508 2018 67 30 blir
602 2017 66 30 den
690 2014 278 38 genomsnittliga
994 2010 324 36 arbetsförtjänsten
1346 2017 61 28 per
1433 2006 184 36 arbetsdag

108 2074 110 30 under
241 2072 42 30 de
306 2073 51 28 tre
381 2069 214 31 månaderna
620 2067 73 30 före
716 2065 233 37 olycksdagen
973 2066 89 27 samt
1086 2065 59 32 att,
1170 2062 61 29 där
1255 2058 184 38 olycksfall
1464 2058 153 30 drabbar

109 2125 165 34 arbetare,
300 2131 76 21 som
400 2129 81 27 nyss
504 2119 89 30 varit
617 2118 177 35 arbetslös,
820 2116 66 30 den
911 2113 276 38 genomsnittliga
1212 2108 324 38 arbetsförtjänsten
1562 2108 56 29 för

110 2173 242 32 motsvarande
373 2172 115 29 arbete
507 2170 67 31 blir
589 2168 262 32 bestämmande
872 2166 57 30 vid
950 2164 252 31 fastställandet
1223 2171 41 21 av
1285 2162 89 29 hans
1395 2158 221 36 ersättning».

156 2226 13 29 I
188 2224 56 30 sitt
266 2224 79 29 med
368 2221 186 37 anledning
577 2229 42 21 av
642 2218 216 31 motionerna
881 2216 146 36 avgivna
1049 2224 42 21 av
1115 2213 184 35 riksdagen
1323 2211 184 37 godkända
1530 2207 87 32 utlå-

110 2275 104 30 tande
237 2274 52 38 (nr
306 2272 54 39 36)
384 2272 146 30 anförde
547 2271 109 29 andra
675 2268 222 37 lagutskottet
915 2267 85 30 efter
1018 2268 49 27 att
1085 2264 106 30 bland
1209 2265 107 28 annat
1335 2262 90 29 hava
1444 2258 175 36 redogjort

112 2326 54 30 för
186 2324 88 30 vissa
294 2321 260 32 bestämmelser
575 2321 9 29 i
604 2319 163 31 utländsk
788 2316 215 38 lagstiftning
1023 2313 168 37 följande:

155 2375 119 31 Såsom
295 2384 43 21 av
356 2375 66 29 den
442 2382 88 21 ovan
551 2371 161 30 lämnade
731 2368 239 37 redogörelsen
990 2365 156 36 framgår
1164 2366 63 29 har
1247 2364 167 29 utskottet
1432 2362 107 29 redan
1559 2359 58 30 vid

110 2418 143 36 tidigare
278 2417 181 35 riksdagar
482 2415 77 30 haft
583 2414 52 30 sin
659 2411 312 38 uppmärksamhet
998 2409 113 29 riktad
1135 2407 44 36 på
1204 2404 215 38 spörsmålet,
1444 2403 174 30 huruvida

112 2462 74 29 icke
208 2470 42 20 en
274 2459 147 36 höjning
443 2459 69 29 kan
535 2457 64 36 äga
623 2466 77 20 rum
724 2456 8 29 i
756 2454 99 36 fråga
878 2463 56 20 om
959 2452 161 35 beloppet
1143 2459 41 21 av
1208 2447 234 38 sjukpenning
1465 2446 65 30 och
1556 2445 60 30 liv-
