1918 2838
258 159 59 31 180
673 162 357 30 Konstitutionsutskottets
1051 163 147 29 utlåtande
1219 163 46 28 Nr
1289 164 48 28 30.

307 234 221 32 Beträffande
562 234 66 32 den
662 235 12 31 i
707 235 131 32 motion
862 236 27 31 I:
907 236 62 31 268
991 236 119 31 väckta
1132 236 117 42 frågan
1273 248 55 20 om
1351 237 198 32 införandet
1571 249 40 20 av
1635 237 124 33 skatte-

255 285 148 31 strecket
437 287 112 29 såsom
579 285 330 39 valbarhetsvillkor,
932 286 66 31 kan
1021 287 169 31 utskottet
1211 287 73 31 icke
1308 287 173 42 tillstyrka
1504 288 93 31 detta
1620 288 136 42 förslag.

254 335 77 32 Den
350 335 149 39 fordran,
524 346 74 21 som
621 336 62 31 här
706 337 192 41 uppställes
920 338 46 40 på
988 337 41 31 de
1052 337 218 32 kommunala
1292 338 358 39 förtroendemännen,
1675 350 83 31 upp-

253 385 180 32 rätthålles
457 387 111 30 såsom
592 387 93 40 regel
706 386 93 32 inom
822 387 255 32 kommunerna.
1116 387 61 32 Att
1199 390 44 39 på
1265 387 95 32 detta
1383 388 138 32 område
1537 388 153 42 lagstifta
1706 390 52 31 för

254 436 308 41 undantagsfallen,
596 436 62 32 har
685 437 168 32 utskottet
880 437 75 32 icke
978 437 112 32 funnit
1113 438 158 41 påkallat.
1316 438 182 32 Utskottet
1521 441 37 29 är
1580 441 178 40 övertygat

255 486 127 39 därom,
418 488 50 30 att
500 486 239 43 utvecklingen
768 487 86 32 skall
876 489 43 40 gå
941 488 11 31 i
975 488 66 31 den
1064 488 206 42 riktningen,
1295 490 50 30 att
1369 491 37 29 så
1429 489 54 31 väl
1506 489 42 32 de
1572 489 100 32 valda
1694 490 63 31 för-

254 537 292 31 troendemännen
580 542 74 27 som
683 537 41 32 de
747 538 164 41 politiska
934 538 172 42 partierna
1129 538 97 32 skola
1248 539 147 31 bemöda
1419 539 53 41 sig
1494 550 65 27 om,
1583 542 50 29 att
1655 542 102 40 ytter-

252 587 105 41 ligare
391 587 189 41 nedbringa
603 588 128 31 antalet
754 599 40 20 av
816 588 62 31 här
900 588 158 41 påtalade
1081 589 253 42 undantagsfall
1358 591 95 30 utom
1476 589 281 43 lagstiftningens

253 637 213 42 ingripande,
489 638 112 31 varför
622 638 170 32 utskottet
815 639 178 41 avstyrker
1014 639 254 42 ifrågavarande
1292 640 141 31 motion.

305 688 50 31 På
387 688 112 42 grund
532 700 40 20 av
604 689 66 31 vad
704 689 144 31 sålunda
881 690 132 31 anförts
1047 690 208 39 hemställes,
1290 692 50 30 att
1373 691 222 32 förevarande
1624 692 131 31 motion

252 739 102 31 1:268
389 750 41 20 av
462 738 78 32 herr
572 739 160 32 Frändén
759 751 42 19 m.
826 740 31 31 fl.
892 740 74 31 icke
989 742 103 29 måtte
1115 740 53 31 till
1190 742 111 40 någon
1325 741 202 41 riksdagens
1551 741 119 41 åtgärd
1693 742 63 31 för-

253 789 132 31 anleda.

618 875 10 9 2

305 873 33 41 6)
367 873 13 31 i
413 873 168 32 avseende
615 885 19 20 å
668 874 154 41 punkten
857 885 55 21 om
940 876 156 30 utsträckt
1127 875 212 41 användning
1362 887 41 20 av
1425 877 61 31 den
1503 876 253 41 proportionella

253 924 196 32 valmetoden
471 924 55 32 vid
547 925 53 31 val
621 925 87 32 inom
730 925 204 32 kommunens
957 926 181 32 beslutande
1162 937 99 30 organ

304 974 29 42 a)
357 986 41 20 av
420 975 116 31 herrar
559 975 171 38 Sävström,
757 976 38 31 G.
826 976 49 31 W.
901 976 162 38 Hansson,
1087 976 135 39 Larsén,
1247 977 96 40 Borg,
1361 977 187 31 Andersson
1563 977 11 31 i
1590 977 166 42 Igelboda

252 1025 64 31 och
350 1025 162 32 Karlsson
545 1025 11 31 i
590 1025 184 39 Vadstena,
808 1026 92 31 vilka
934 1029 113 29 ansett
1080 1028 49 30 att
1157 1027 187 31 utskottets
1367 1027 178 32 utlåtande
1568 1028 79 31 bort
1669 1028 86 31 hava

251 1075 150 42 följande
425 1075 143 41 lydelse:

307 1125 101 31 »1928
435 1127 55 30 års
513 1125 140 42 riksdag
675 1126 126 38 anhöll,
843 1145 11 3 —
893 1145 26 4 —
949 1145 32 4 —
1009 1145 29 4 —
1069 1145 38 4 —
1121 1127 277 42 skyndsammast
1420 1128 185 41 framlägga
1627 1129 129 41 förslag

250 1175 12 32 i
285 1175 170 32 ärendet.»

303 1226 52 31 De
391 1226 82 38 skäl,
498 1237 74 21 som
606 1237 41 20 av
680 1227 379 40 departementschefen
1082 1227 132 32 anförts
1237 1230 71 29 mot
1331 1239 43 20 en
1398 1228 203 42 utvidgning
1624 1240 41 20 av
1688 1229 66 32 den

250 1276 272 42 proportionella
554 1276 216 32 valmetoden
803 1277 95 31 inom
932 1278 226 31 kommunens
1192 1278 204 31 beslutande
1431 1289 114 31 organ,
1574 1280 111 31 finner
1707 1281 48 30 ut-

250 1326 129 32 skottet
402 1327 29 41 ej
455 1326 160 32 bärande.
650 1327 114 41 Några
785 1327 111 32 risker
918 1328 115 31 kunna
1056 1328 29 41 ej
1110 1328 210 41 uppkomma
1342 1328 104 31 därav
1469 1330 49 30 att
1534 1329 77 31 hela
1624 1330 129 31 antalet

249 1376 191 32 ledamöter
472 1377 11 31 i
511 1376 166 32 nämnder
700 1377 82 32 eller
805 1378 165 41 styrelser
992 1380 95 30 utses
1111 1378 185 42 samtidigt.
1342 1378 54 32 Då
1418 1379 12 31 i
1453 1379 92 41 regel
1569 1390 42 21 en
1634 1380 56 31 del
1714 1391 41 20 av

250 1427 42 31 de
326 1427 173 42 avgående
532 1427 234 32 ledamöterna
800 1428 190 41 återväljas,
1024 1428 142 32 bevaras
1200 1428 265 40 kontinuiteten,
1489 1431 84 30 även
1597 1440 56 21 om
1677 1430 77 32 hela

249 1478 128 31 antalet
400 1478 188 31 ledamöter
610 1478 107 41 väljes
740 1480 44 39 på
807 1489 42 21 en
873 1480 98 40 gång.
1016 1478 53 31 Då
1092 1479 191 31 emellertid
1306 1490 42 20 en
1372 1479 239 42 utsträckning
1633 1491 41 20 av
1689 1481 65 30 val-

249 1528 162 32 metoden
439 1530 107 30 måste
569 1528 154 31 medföra
743 1528 210 42 justeringar
975 1529 11 31 i
1008 1529 94 41 fråga
1125 1540 54 21 om
1203 1529 92 32 vissa
1317 1529 358 42 valbarhetsgrunder,
1700 1542 54 20 an-

249 1589 55 21 ser
327 1579 54 41 sig
404 1579 168 31 utskottet
594 1579 74 31 icke
691 1578 116 32 kunna
830 1591 47 19 nu
900 1579 138 32 förorda
1061 1579 145 42 ändring
1225 1579 11 32 i
1255 1580 173 41 lagtexten
1456 1582 82 29 utan
1554 1580 200 32 hemställer

249 1640 54 21 om
328 1629 166 32 skrivelse
517 1629 53 31 till
593 1629 127 42 Kungl.
744 1629 98 42 Maj:t
866 1629 79 32 med
967 1629 147 42 begäran
1138 1641 55 20 om
1217 1630 185 42 utredning
1418 1631 64 31 och
1498 1631 254 42 framläggande

248 1690 40 21 av
310 1680 130 41 förslag
462 1679 52 32 till
539 1679 190 42 riksdagen.

301 1729 49 32 På
383 1730 113 41 grund
529 1741 40 20 av
591 1729 66 32 vad
681 1730 144 32 sålunda
847 1731 132 31 anförts
1002 1730 209 39 hemställes,
1236 1732 49 30 att
1307 1731 184 42 riksdagen
1514 1731 79 32 ville
1616 1732 137 32 besluta

248 1782 49 30 att
330 1781 11 31 i
376 1780 165 32 skrivelse
574 1780 53 32 till
660 1780 127 42 Kungl.
820 1781 98 41 Maj:t
952 1780 135 32 anhålla
1114 1792 54 20 om
1202 1781 186 42 utredning
1421 1784 44 39 på
1498 1782 64 31 vad
1594 1784 69 29 sätt
1686 1783 66 31 den

248 1830 272 42 proportionella
541 1831 217 31 valmetoden
782 1833 54 29 må
858 1831 137 32 komma
1017 1831 53 31 till
1093 1831 226 42 användning,
1337 1834 121 30 utöver
1474 1832 64 31 vad
1555 1843 74 21 som
1647 1833 105 31 redan

248 1883 36 29 är
317 1881 137 42 stadgat
487 1881 82 32 eller
599 1893 47 20 nu
673 1881 144 32 föreslås
841 1893 41 20 av
905 1881 126 42 Kungl.
1056 1881 106 42 Maj:t,
1186 1881 58 32 vid
1266 1884 44 39 på
1332 1882 178 42 landsting
1532 1883 84 31 eller
1638 1894 113 20 annan

247 1931 198 32 kommunal
467 1931 204 32 beslutande
694 1932 201 41 församling
917 1932 249 31 ankommande
1181 1932 63 38 val,
1262 1935 88 29 samt
1365 1933 53 31 för
1433 1933 183 42 riksdagen
1630 1933 122 42 skynd-

248 1983 164 30 sammast
434 1982 183 42 framlägga
640 1982 127 42 förslag
789 1982 12 31 i
823 1983 156 38 ärendet;

299 2066 34 41 b)
367 2077 41 20 av
441 2066 79 32 herr
554 2067 165 38 Stendahl,
754 2078 74 21 som
862 2069 115 30 ansett
1011 2069 49 30 att
1087 2067 168 32 utskottet
1278 2068 78 32 bort
1379 2069 172 41 tillstyrka
1574 2069 177 32 motionen

247 2117 27 31 I:
288 2117 59 32 281
373 2128 41 20 av
437 2117 78 32 herr
538 2117 176 32 Stendahl.

302 2202 32 41 7)
369 2202 12 31 i
405 2201 168 32 avseende
607 2203 19 30 å
648 2202 154 41 punkten
837 2213 56 20 om
926 2202 205 42 kvalificerad
1163 2203 163 41 majoritet
1358 2203 56 32 vid
1436 2203 85 32 vissa
1545 2204 205 31 kommunala

247 2252 100 32 beslut

298 2314 40 20 av
360 2302 119 32 herrar
506 2303 130 38 Thulin,
664 2303 38 32 G.
734 2303 48 32 W.
807 2303 164 38 Hansson,
996 2303 133 39 Larsén,
1153 2304 123 41 Kropp,
1300 2304 99 40 Borg,
1424 2303 185 33 Andersson
1631 2304 12 31 i
1665 2304 86 41 Igel-

246 2352 99 39 boda,
375 2353 161 32 Karlsson
562 2353 12 31 i
600 2353 176 32 Vadstena
800 2353 64 31 och
887 2354 166 37 Källman,
1078 2354 90 31 vilka
1191 2356 121 36 ansett,
1326 2356 51 29 att
1400 2354 187 32 utskottets
1611 2355 139 31 motive-

246 2402 76 42 ring
344 2403 81 32 bort
447 2403 86 32 hava
555 2403 151 41 följande
730 2403 144 42 lydelse:

298 2453 18 31 I
338 2454 158 41 gällande
519 2454 260 32 bestämmelser
802 2473 40 3 --
864 2473 42 3 —
929 2473 40 4 —
992 2454 218 42 upptagande
1234 2455 63 31 och
1320 2455 188 41 förnyande
1532 2466 40 20 av
1594 2455 66 31 lån.
