1912 2848
1607 186 13 7 ”

538 193 362 30 Konstitutionsutskottets
923 192 147 29 utlåtande
1092 192 46 28 Nr
1163 192 48 27 30.
1584 186 44 31 25

172 268 252 42 Motiveringen
448 268 51 31 till
522 267 217 32 motionerna
761 267 27 30 I:
804 267 60 31 276
888 266 64 31 och
975 266 46 30 II:
1035 266 61 30 436
1121 267 36 29 är
1180 265 11 30 i
1214 264 180 31 huvudsak
1416 263 165 41 följande:

176 328 70 31 »De
269 327 167 41 farhågor,
462 337 73 21 som
559 326 163 32 föranlett
745 324 400 42 departementschefens
1167 322 390 42 ståndpunktstagande,
1576 331 40 31 sy

120 381 62 20 nas
206 370 28 41 ej
259 381 79 20 vara
361 369 198 41 tillräckligt
582 368 185 42 grundade.
796 367 72 31 När
884 366 378 41 departementschefen
1279 365 126 31 uttalar
1422 365 65 30 den
1504 363 124 42 grund-

121 415 125 36 satsen,
281 414 49 29 att
363 411 213 32 revisorerna
611 411 28 41 ej
676 411 83 31 böra
793 412 77 39 taga
897 409 55 31 del
974 409 11 31 i
1008 408 263 40 förvaltningen,
1295 407 99 31 torde
1417 406 209 41 riktigheten

120 455 104 32 härav
257 455 30 40 ej
322 455 116 30 kunna
470 453 182 32 bestridas.
698 453 116 31 Härav
843 452 99 40 följer
966 450 192 33 emellertid
1181 451 40 40 ej,
1246 452 50 29 att
1317 449 232 31 revisorernas
1573 448 55 31 be-

120 497 163 41 fogenhet
315 497 64 31 bör
413 498 37 30 så
483 496 118 41 skarpt
634 495 220 41 kringskäras
888 504 74 21 som
996 494 78 31 sker
1107 493 11 31 i
1141 492 273 42 propositionen.
1460 491 93 32 Utan
1577 492 51 29 att

122 540 102 31 därav
256 539 181 32 föranletts
470 538 256 32 konsekvenser
759 549 40 19 av
823 537 67 31 den
913 538 60 37 art,
998 534 380 43 departementschefen
1401 534 140 37 befarat,
1566 535 64 39 äga

121 582 214 32 revisorerna
358 581 106 41 enligt
486 581 54 41 lag
564 581 67 31 den
656 581 38 30 12
718 579 138 42 augusti
881 579 80 31 1910
985 589 55 21 om
1064 577 193 41 aktiebolag
1278 576 21 42 &
1323 577 48 38 74,
1395 577 55 40 lag
1473 587 55 20 om
1553 575 75 32 eko-

122 625 157 31 nomiska
308 624 194 40 föreningar
525 623 67 31 den
616 623 40 31 22
677 622 75 41 juni
777 622 80 31 1911
881 620 22 42 &
926 621 49 38 32,
999 621 56 40 lag
1078 632 55 20 om
1155 619 223 32 bankrörelse
1402 619 65 30 den
1491 619 40 30 22
1554 618 75 41 juni

124 668 79 31 1911
238 666 21 42 8
283 666 60 31 185
366 666 64 31 och
453 666 54 40 lag
530 676 55 20 om
610 664 211 42 sparbanker
845 664 65 31 den
934 664 40 31 29
995 662 76 42 juni
1096 663 81 31 1923
1200 661 20 42 &
1244 662 39 31 39
1306 660 246 32 vidsträcktare
1578 660 52 31 be-

122 709 201 41 fogenheter
357 710 42 29 än
433 708 42 31 de
503 708 110 30 skulle
638 707 128 31 erhålla
789 706 107 41 enligt
919 706 66 30 den
1008 716 67 29 nya
1097 703 468 41 kommunallagstiftningen.
1611 703 19 30 I

121 751 21 42 8
177 753 40 29 74
249 750 237 32 förstnämnda
518 750 64 41 lag,
616 749 139 32 varmed
789 748 115 41 övriga
936 748 132 41 lagrum
1100 748 299 36 överensstämma,
1423 744 208 32 föreskrives

123 793 185 41 nämligen:

178 835 185 42 "Styrelsen
393 834 86 32 skall
512 834 128 31 bereda
663 833 130 31 revisor
816 832 133 31 tillfälle
972 833 50 30 att
1045 833 61 29 när
1130 842 74 20 som
1228 830 90 31 helst
1341 830 177 30 inventera
1541 829 90 31 bola-

123 880 75 40 gets
232 878 102 31 kassa
367 877 64 31 och
465 876 116 42 övriga
604 876 181 41 tillgångar
809 877 89 29 samt
920 874 147 41 granska
1088 874 157 40 bolagets
1269 872 66 31 alla
1357 872 134 38 böcker,
1516 871 116 31 räken-

125 921 123 41 skaper
271 920 64 31 och
369 919 106 31 andra
507 918 214 41 handlingar,
757 917 64 32 och
855 919 55 29 må
933 928 39 20 av
995 916 131 32 revisor
1148 915 127 42 begärd
1299 914 212 42 upplysning
1534 915 98 40 angå-

125 963 86 32 ende
234 962 251 41 förvaltningen
509 961 28 41 ej
563 972 40 20 av
627 961 169 41 styrelsen
819 959 194 41 förvägras.'

177 1005 53 31 Då
264 1005 114 31 starka
413 1003 73 32 skäl
519 1003 69 31 tala
621 1003 53 31 för
707 1004 50 29 att
790 1002 168 31 revisorer
985 1012 40 20 av
1049 1000 64 31 den
1138 999 219 32 kommunala
1380 998 253 41 förvaltningen

125 1047 128 32 erhålla
284 1047 41 31 de
349 1046 216 41 möjligheter
589 1047 50 29 att
661 1044 184 32 verkställa
868 1055 42 20 en
934 1042 138 32 effektiv
1094 1042 160 38 revision,
1278 1041 90 31 vilka
1391 1043 82 28 utan
1498 1041 135 40 olägen-

125 1090 96 31 heter
254 1089 116 31 kunna
400 1088 222 31 tillerkännas
647 1087 86 38 dem,
758 1097 103 31 synas
885 1085 260 32 bestämmelser
1167 1083 240 32 motsvarande
1430 1083 42 31 de
1495 1083 12 30 i
1530 1082 102 31 aktie-

124 1132 222 41 bolagslagen
380 1130 21 42 &
435 1131 40 30 74
507 1130 79 31 med
619 1129 83 32 flera
725 1140 87 20 ovan
836 1128 145 41 angivna
1003 1128 132 40 lagrum
1158 1127 85 31 böra
1266 1125 175 32 meddelas
1464 1125 12 30 i
1499 1125 43 31 de
1565 1135 68 30 nya

125 1174 366 40 kommunallagarna.»

178 1251 18 31 I
230 1250 215 32 motionerna
478 1248 101 32 I:287
609 1248 65 31 och
696 1248 122 31 II:+443
841 1258 89 30 resp.
955 1246 27 31 I:
997 1246 62 31 288
1083 1245 64 32 och
1170 1245 46 31 II:
1230 1246 61 30 446
1314 1245 132 30 lämnas
1469 1243 11 31 1
1503 1242 130 32 huvud-

128 1301 60 32 sak
210 1300 151 41 följande
385 1299 220 41 motivering:

184 1359 424 42 »Departementschefens
633 1357 214 41 ståndpunkt
869 1356 12 31 i
905 1356 112 31 denna
1039 1355 93 41 fråga
1154 1355 116 30 kunna
1292 1353 33 32 vi
1348 1353 74 32 icke
1445 1353 85 31 dela.
1562 1352 75 31 När

128 1402 59 32 det
218 1402 106 41 gäller
356 1402 93 31 vissa
471 1401 132 40 företag
626 1400 93 31 inom
743 1399 58 31 det
824 1398 156 32 enskilda
1002 1397 233 41 näringslivet,
1259 1397 87 30 hava
1369 1395 266 32 statsmakterna

127 1445 78 31 låtit
228 1444 52 41 sig
302 1444 178 41 angeläget
501 1454 79 19 vara
603 1444 51 29 att
676 1442 10 31 i
709 1442 55 40 lag
788 1441 120 40 stadga
930 1440 179 41 möjlighet
1131 1439 53 31 för
1206 1439 213 31 revisorerna
1442 1440 49 28 att
1512 1439 64 29 öva
1592 1447 42 20 en

127 1486 217 41 fortlöpande
367 1485 150 31 kontroll
540 1486 81 29 över
644 1483 261 42 förvaltningen.
950 1483 69 30 Det
1042 1483 55 29 må
1120 1481 129 31 erinras
1273 1492 55 20 om
1351 1478 285 33 föreskrifterna
1615 1474 23 57 i

130 1530 39 30 74
202 1528 21 42 8&
252 1527 322 41 aktiebolagslagen,
599 1528 50 29 att
673 1526 169 41 styrelsen
866 1525 53 31 för
941 1524 195 41 aktiebolag
1159 1523 87 31 skall
1269 1522 126 32 bereda
1417 1522 131 31 revisor
1571 1521 64 30 till-

128 1571 79 31 fälle
241 1572 49 29 att
317 1572 61 29 när
402 1580 73 20 som
498 1569 92 31 helst
612 1569 178 30 inventera
812 1568 157 40 bolagets
992 1567 102 30 kassa
1116 1565 64 32 och
1205 1565 114 41 övriga
1342 1565 181 40 tillgångar
1546 1564 89 30 samt

129 1613 147 42 granska
308 1613 156 39 bolagets
499 1611 66 31 alla
597 1610 136 39 böcker,
756 1609 230 40 räkenskaper
1009 1608 64 31 och
1097 1607 211 41 handlingar.
1354 1607 52 30 Av
1428 1606 132 31 revisor
1582 1605 54 31 be-

130 1655 83 42 gärd
236 1654 212 42 upplysning
470 1653 176 42 angående
670 1652 250 41 förvaltningen
944 1651 51 31 får
1018 1651 29 40 ej
1072 1661 41 20 av
1137 1650 169 41 styrelsen
1329 1649 182 40 förvägras.
1557 1647 80 31 Lik-

129 1697 112 32 nande
264 1696 212 32 föreskrifter
498 1696 185 31 återfinnas
707 1697 83 29 även
807 1695 11 30 i
834 1693 100 32 bank-
952 1693 64 31 och
1032 1691 446 42 föreningslagstiftningen.
1510 1690 128 31 Senast

129 1741 63 30 har
214 1740 125 41 Kungl.
364 1738 98 42 Maj:t
484 1738 11 31 i
518 1738 209 41 reglemente
750 1737 52 31 för
826 1736 147 32 svenska
994 1734 387 32 bostadskreditkassan
1405 1734 65 30 den
1488 1733 39 31 18
1544 1732 93 31 okto-

129 1783 62 31 ber
215 1782 80 31 1929
318 1781 32 41 (8
372 1781 30 41 6)
425 1780 173 31 meddelat
620 1779 215 32 föreskrifter
858 1789 54 21 om
936 1777 150 32 revision
1110 1777 11 31 i
1144 1778 82 30 nära
1249 1776 200 40 anslutning
1465 1775 53 31 till
1535 1774 104 32 aktie-

129 1824 242 41 bolagslagens
393 1823 271 31 bestämmelser.

183 1867 183 40 Knappast
389 1867 112 39 någon
524 1864 99 32 torde
647 1875 81 20 anse
752 1874 42 20 en
817 1861 218 42 fortlöpande
1059 1861 151 31 revision
1227 1872 40 19 av
1283 1859 253 41 förvaltningen
1549 1861 22 28 t.
1587 1869 52 20 ex.

130 1909 12 30 i
166 1910 49 30 ett
237 1908 195 40 aktiebolag
454 1918 79 20 vara
556 1918 40 19 av
620 1906 91 31 ondo
735 1917 40 19 av
798 1905 67 31 den
889 1903 238 41 anledningen,
1145 1904 51 29 att
1211 1901 285 32 ansvarskänslan
1513 1901 65 31 hos
1595 1900 42 31 de

130 1950 213 31 förvaltande
378 1960 149 30 organen
560 1948 116 31 kunde
700 1947 153 31 minskas
877 1946 83 31 eller
982 1945 215 31 revisorerna
1219 1944 140 40 betagas
1383 1943 147 31 friheten
1554 1944 50 29 att
1626 1942 12 30 i

131 1992 179 31 efterhand
333 1991 159 31 kritisera
515 1990 189 42 styrelsens
728 1988 219 41 åtgöranden.
992 1987 84 31 F.ö.
1102 1986 111 32 skulle
1228 1987 36 40 ju
1281 1986 66 30 den
1364 1987 84 29 även
1464 1996 40 19 av
1521 1984 118 41 depar-

131 2034 271 32 tementschefen
425 2032 183 32 förordade
632 2031 238 41 anordningen
894 2030 77 31 med
994 2029 232 31 revisorernas
1250 2027 167 32 utseende
1439 2027 11 30 i
1467 2027 118 40 förväg
1601 2027 38 30 så

131 2078 75 39 gott
230 2087 73 20 som
327 2076 72 31 helt
421 2075 127 32 förlora
572 2075 54 31 sin
649 2073 188 42 betydelse,
862 2084 55 20 om
940 2072 215 31 revisorerna
1177 2081 80 20 vore
1281 2070 170 31 avskurna
1466 2069 75 31 från
1558 2068 80 40 möj-

131 2119 151 40 ligheten
317 2120 49 29 att
400 2117 109 32 under
542 2117 59 31 det
624 2115 148 42 löpande
796 2117 72 29 året
892 2116 63 30 öva
978 2114 150 31 kontroll
1153 2115 80 29 över
1255 2112 261 40 förvaltningen.
1564 2110 74 32 Och

133 2161 87 31 dock
243 2163 35 28 är
301 2161 59 30 det
382 2179 40 2 —
447 2161 112 29 såsom
584 2158 104 32 också
710 2158 11 31 i
744 2156 255 41 landshövding
1022 2154 300 42 Hammarskjölds
1339 2153 184 41 utredning
1539 2155 101 39 påpe-

133 2204 75 30 kats
231 2220 41 4 —
294 2203 71 40 just
399 2201 223 37 önskemålet,
657 2202 49 29 att
739 2200 214 31 revisorerna
987 2198 97 31 skola
1110 2197 96 31 »med
1229 2195 305 42 uppmärksamhet
1557 2195 83 40 följa

132 2244 251 40 förvaltningen
418 2243 108 31 under
548 2242 275 37 revisionsåret»,
848 2252 74 20 som
945 2240 85 41 givit
1053 2239 140 41 upphov
1217 2239 52 30 till
1292 2239 126 36 kravet,
1442 2239 50 29 att
1514 2236 126 32 reviso-

132 2298 99 19 rerna
254 2288 105 29 måtte
382 2287 97 29 utses
501 2286 72 29 före
589 2284 303 40 räkenskapsårets
915 2282 150 40 början.»

185 2345 52 31 De
271 2344 11 31 i
316 2343 215 31 motionerna
565 2342 195 40 förebragta
794 2341 118 31 skilen
946 2340 53 31 för
1022 2350 41 20 en
1086 2338 243 32 bestämmelse
1353 2348 55 20 om
1432 2338 67 29 rätt
1522 2337 53 30 för
1598 2335 42 32 de

134 2394 218 32 kommunala
368 2393 213 31 revisorerna
594 2394 51 29 att
657 2394 61 28 när
730 2402 74 20 som
817 2391 93 30 helst
922 2390 176 30 inventera
1111 2389 226 30 kommunens
1350 2388 129 36 kassor,
1494 2388 78 38 taga
1585 2385 56 31 del

134 2456 40 20 av
191 2444 78 31 dess
293 2443 230 41 räkenskaper
545 2454 43 19 m.
613 2453 43 20 m.
680 2443 109 29 finner
812 2440 170 32 utskottet
1005 2438 240 42 övertygande.
1280 2438 49 30 På
1345 2436 105 32 andra
1466 2436 174 37 områden,

135 2497 113 29 såsom
275 2494 108 40 ifråga
406 2504 54 20 om
484 2492 203 38 aktiebolag,
713 2490 221 33 ekonomiska
965 2489 195 41 föreningar
1183 2488 63 31 och
1270 2487 137 38 banker,
1431 2486 70 39 har,
1527 2487 113 30 såsom
