1908 2840
282 180 41 32 34
693 180 357 31 Konstitutionsutskottets
1072 179 146 30 utlåtande
1242 178 45 30 Nr
1311 178 47 30 30.

336 257 17 31 I
387 257 214 31 motionerna
626 257 27 31 I:
678 256 59 32 287
763 267 39 20 av
826 256 78 31 herr
926 256 118 31 Möller
1068 266 41 20 m.
1133 254 31 31 f.
1189 254 63 31 och
1276 254 46 30 II:
1347 253 61 31 445
1431 264 39 20 av
1494 253 78 32 herr
1594 251 154 33 Hansson
1771 252 11 31 i

284 307 199 32 Stockholm
518 318 42 21 m.
594 307 31 31 fl.
661 307 60 31 har
744 306 204 38 hemställts,
972 308 51 29 att
1047 316 126 21 samma
1196 304 269 38 bestämmelser,
1490 314 72 21 som
1587 303 89 41 gälla
1698 303 11 31 i
1732 314 50 20 av-

283 358 125 32 seende
442 360 19 29 å
494 357 204 42 kungörelse
732 368 55 20 om
823 356 351 37 kommunalstämma,
1199 355 96 31 skola
1318 354 128 32 införas
1469 353 211 32 beträffande
1703 353 81 31 kun-

281 408 133 42 görelse
448 419 54 21 om
537 406 672 43 kommunalfullmäktigesammanträde.
1255 406 106 30 Detta
1393 404 150 43 yrkande
1573 404 62 31 har
1659 403 123 42 jämväl

282 459 109 42 gjorts
414 459 10 31 i
448 459 174 31 motionen
646 458 46 31 II:
719 460 38 29 16
781 470 40 19 av
844 458 77 31 herr
945 458 180 31 Pettersson
1148 457 10 30 i
1182 456 223 31 Hällbacken.

336 509 116 42 Enligt
485 509 188 31 utskottets
706 509 140 41 mening
879 508 164 41 föreligga
1076 507 79 41 inga
1178 506 151 41 vägande
1354 506 72 31 skäl
1449 506 52 30 för
1524 507 49 29 att
1595 505 10 30 i
1630 504 42 31 de
1696 503 88 32 båda

282 560 148 31 nämnda
462 560 103 31 fallen
591 559 174 32 bibehålla
788 559 192 41 skiljaktiga
1003 558 268 31 bestämmelser.
1319 556 147 32 Särskilt
1489 566 102 31 synes
1614 554 58 32 det
1696 554 87 38 stad-

282 610 110 42 gande
414 610 210 32 beträffande
647 610 206 41 kungörelse
876 620 54 21 om
953 608 353 37 kommunalstämma,
1331 607 106 41 enligt
1459 606 105 31 vilket
1587 605 93 42 dylik
1704 605 79 31 kun-

282 661 143 41 görelse,
449 661 117 31 såvida
599 661 30 41 ej
659 662 169 30 stämman
851 660 77 31 med
950 658 216 33 kvalificerad
1190 658 173 42 majoritet
1386 656 211 32 annorlunda
1622 655 160 38 beslutat,

284 712 87 31 skall
407 712 128 31 införas
558 712 10 30 i
593 722 40 21 en
668 711 83 31 eller
782 710 81 32 flera
886 710 257 41 ortstidningar,
1168 711 88 29 samt
1284 708 41 32 de
1349 707 115 32 härtill
1487 707 130 31 knutna
1639 706 145 31 bestäm-

283 763 168 31 melserna
484 762 173 41 angående
680 762 42 31 de
745 761 182 41 tidningar,
951 760 11 31 i
985 761 92 31 vilka
1099 760 204 41 kungörelse
1328 759 86 31 skall
1436 758 139 37 införas,
1598 757 185 41 lämpligen

282 813 86 32 böra
399 813 173 41 tillämpas
605 815 80 29 även
712 813 11 30 i
747 812 168 31 avseende
938 813 19 29 å
979 810 204 42 kungörelse
1218 821 53 20 om
1307 807 476 41 kommunalfullmäktigsam-

283 863 184 32 manträde.
513 863 49 31 På
584 863 108 42 grund
716 874 40 20 av
781 863 101 31 dessa
898 862 71 32 skäl
994 861 188 42 tillstyrker
1205 861 170 31 utskottet
1398 871 41 20 en
1461 859 104 31 sådan
1583 858 145 41 ändring
1744 868 40 20 av

282 915 146 32 berörda
450 915 164 41 paragraf,
638 914 197 42 varigenom
857 914 12 30 i
891 914 92 40 fråga
1007 924 55 20 om
1087 914 103 29 sättet
1212 912 53 31 för
1287 910 204 42 kungörelse
1509 909 121 32 endast
1647 919 42 21 en
1706 908 78 31 hän-

282 966 136 41 visning
439 966 130 31 limnas
592 965 53 31 till
667 965 265 32 bestämmelsen
956 975 55 20 om
1035 962 205 42 kungörelse
1264 972 55 21 om
1343 960 351 32 kommunalstämma.

753 1075 282 32 Kommunernas
1059 1072 230 39 förvaltning.

337 1140 200 25 Närvarande:
564 1141 106 24 Herrar
696 1140 209 30 Reuterskiöld,
930 1141 157 27 Sävström,
1111 1139 112 29 Thulin,
1247 1137 148 29 Stendahl,
1421 1138 30 23 G.
1477 1136 40 24 W.
1543 1136 141 28 Hansson,
1711 1134 72 24 Hell-

282 1176 76 30 berg,
374 1175 173 31 Sandegård,
564 1175 156 31 Sundberg,
740 1175 115 30 Larsén,
874 1175 177 29 Granström,
1069 1180 83 24 greve
1171 1171 192 31 Lagerbjelke,
1383 1171 154 29 Gustafson
1557 1170 9 23 i
1584 1168 200 31 Kasenberg!),

280 1211 126 24 Jansson
423 1211 9 23 i
446 1210 173 28 Edsbäcken,
636 1211 120 23 Persson
775 1210 8 23 i
799 1209 138 31 Trången,
953 1208 163 24 Andersson
1134 1207 8 23 i
1158 1206 167 32 Igelboda!),
1343 1205 163 30 Lindmark,
1522 1206 78 28 Fast,
1617 1205 167 27 Alströmer,

282 1245 155 28 Källman!)
461 1244 48 24 och
531 1244 153 30 Skoglund.

334 1324 20 27 1)
379 1323 32 31 Ej
434 1322 179 24 närvarande
634 1321 45 24 vid
703 1320 188 32 justeringen.

338 1430 17 31 I
375 1429 162 32 motionen
558 1428 49 32 II:
623 1429 63 31 420
706 1439 41 21 av
767 1428 76 30 herr
862 1426 159 31 Källman
1041 1437 41 19 m.
1102 1424 39 38 fl.
1160 1424 60 31 har
1241 1423 195 38 hemställts,
1457 1425 49 29 att
1526 1422 9 31 1
1556 1422 135 37 köping,
1712 1433 68 20 som

281 1485 99 34 utgör
396 1492 78 27 egen
489 1481 166 37 kommun,
674 1480 52 31 för
741 1478 316 32 kommunalnämnd
1074 1477 52 31 må
1143 1475 202 33 föreskrivas
1362 1474 233 38 ungefärligen
1610 1473 172 31 enahanda

282 1533 254 34 bestämmelser,
553 1544 66 20 som
638 1532 111 31 finnas
766 1532 172 36 upptagna
952 1530 10 31 i
980 1529 127 37 förslag
1123 1528 51 31 till
1192 1528 55 37 lag
1263 1539 50 19 om
1331 1526 334 37 kommunalstyrelse
1681 1524 10 31 i
1708 1524 72 32 stad

281 1577 77 37 kap.
379 1577 19 30 4
418 1574 38 38 88
476 1576 117 30 811.

338 1628 17 30 I
373 1627 163 32 motionen
556 1626 203 37 framhålles,
779 1628 50 29 att
846 1625 141 37 köpings
1005 1623 211 31 kommunala
1234 1621 209 31 verksamhet
1462 1620 185 37 reglerades
1666 1629 115 27 genom

285 1678 292 32 bestämmelserna
608 1677 8 31 i
651 1672 574 40 kommunalstyrelseförordningen
1262 1672 52 30 för
1346 1671 120 32 landet.
1513 1669 52 32 Då
1598 1669 182 32 emellertid

281 1730 223 38 köpingarnas
521 1729 212 31 kommunala
751 1726 209 33 verksamhet
977 1736 77 20 vore
1074 1736 85 20 mera
1178 1723 173 38 jämförlig
1370 1723 70 31 med
1460 1723 171 30 städernas
1650 1726 41 26 än
1709 1720 73 32 med

282 1781 360 35 landskommunernas,
668 1778 164 38 uppstode
857 1777 72 31 ofta
953 1776 205 37 svårigheter
1183 1774 54 32 vid
1265 1773 253 38 tillämpningen
1544 1784 41 20 av
1610 1773 95 30 dessa
1731 1771 50 31 be-

282 1832 211 32 stämmelser.
531 1830 245 32 Motionärerna
801 1827 179 33 framhålla
1004 1826 127 32 vidare:

342 1898 11 14 >
360 1882 74 32 Vad
454 1894 68 20 som
541 1880 192 39 isynnerhet
752 1891 44 19 nu
816 1878 165 32 erfordras
1001 1882 38 26 är
1056 1879 106 29 rätten
1182 1876 50 31 för
1251 1876 164 37 köpingar
1433 1877 49 29 att
1501 1873 211 32 centralisera
1731 1873 50 31 sin

281 1923 317 38 kassaförvaltning.
632 1922 65 32 Det
717 1928 38 26 är
776 1921 54 32 till
852 1920 106 32 fördel
980 1919 54 32 för
1055 1919 180 31 invånarna
1256 1920 50 29 att
1328 1918 42 37 på
1392 1920 45 28 ett
1458 1916 97 32 ställe
1578 1916 35 31 få
1635 1915 146 37 fullgöra

282 1967 255 37 inbetalningar.
577 1966 63 31 Att
665 1965 43 38 gå
734 1964 154 36 omkring
912 1963 52 31 till
991 1962 90 31 olika
1108 1961 173 31 nämnders
1309 1960 79 31 eller
1415 1959 173 37 styrelsers
1614 1957 166 32 kassaför-

282 2010 127 31 valtare
426 2009 59 31 och
504 2009 188 31 avleverera
709 2007 128 31 skatter
855 2006 78 30 eller
951 2004 148 37 avgifter
1117 2025 42 2 —
1178 2004 38 31 de
1235 2013 114 20 senare
1367 2007 55 26 äro
1441 2001 71 32 ofta
1531 2013 38 19 av
1590 2000 86 31 flera
1692 1999 89 32 olika

283 2052 74 37 slag
375 2072 43 3 —
439 2056 36 27 är
495 2050 54 32 till
571 2052 83 29 stort
674 2049 119 32 besvär
813 2048 52 31 för
887 2046 231 33 allmänheten.
1152 2044 190 32 Detsamma
1365 2044 104 37 gäller
1490 2055 50 19 om
1565 2043 116 31 firmor
1703 2042 78 31 eller

281 2105 163 27 personer,
464 2104 68 21 som
553 2092 43 31 ha
616 2092 193 36 fordringar
827 2091 42 37 på
888 2089 244 32 vederbörande
1151 2087 134 38 köping.

337 2135 66 33 Det
422 2147 44 20 nu
485 2134 190 33 omskrivna
692 2133 142 32 behovet
853 2144 39 19 av
913 2131 144 32 ändrade
1076 2129 244 33 bestämmelser
1340 2129 91 31 torde
1451 2129 112 30 kunna
1583 2127 104 38 fyllas
1708 2127 72 31 där-

282 2179 139 38 igenom,
449 2180 50 29 att
523 2176 125 39 köping
672 2176 53 31 för
751 2175 52 31 sin
828 2173 315 33 kommunalnämnd
1170 2172 85 37 ägde
1279 2174 68 29 rätt
1374 2173 48 29 att
1449 2171 35 30 få
1511 2173 47 29 ett
1583 2170 198 37 reglemente

282 2224 136 34 antaget
437 2221 12 31 i
468 2220 106 31 likhet
593 2218 71 33 med
685 2218 66 31 vad
773 2229 67 19 som
861 2216 105 38 gäller
986 2215 53 31 för
1060 2214 292 32 drätselkammare
1373 2214 10 30 i
1405 2213 73 31 stad
1498 2213 104 36 enligt
1622 2211 37 32 F.
1681 2211 43 31 K.
1748 2211 31 31 S.

283 2263 18 37 8
327 2265 39 31 55
391 2263 58 31 och
472 2273 68 20 som
564 2260 123 39 jämväl
711 2262 164 35 upptages
898 2258 12 30 i
932 2257 217 32 förevarande
1173 2256 203 38 proposition
1402 2255 71 31 med
1498 2255 128 36 förslag
1647 2254 52 30 till
1726 2253 55 37 lag

282 2317 52 20 om
353 2303 333 38 kommunalstyrelse
706 2303 11 31 i
738 2302 75 31 stad
834 2302 75 36 kap.
931 2302 19 29 4
971 2298 18 38 $
1012 2300 18 30 9
1051 2299 104 31 andra
1175 2298 140 38 stycket.

336 2346 118 38 Någon
476 2346 70 32 risk
569 2345 52 31 för
642 2347 50 29 att
713 2356 39 20 en
775 2343 96 38 dylik
893 2341 228 33 bestämmelse
1143 2340 107 32 skulle
1272 2339 214 38 missbrukas,
1510 2338 178 38 föreligger
1711 2337 68 32 lika

281 2390 77 31 litet
373 2389 52 32 för
440 2389 163 37 köpingar
619 2399 67 20 som
704 2386 53 32 för
775 2386 120 36 städer,
911 2388 38 34 ty
967 2383 243 33 vederbörande
1227 2382 215 37 länsstyrelse
1459 2382 85 31 lärer
1560 2381 72 31 icke
1648 2381 132 30 komma

281 2434 51 29 att
355 2431 175 38 godkänna
553 2430 104 31 andra
680 2428 128 37 förslag
832 2427 52 32 till
909 2427 198 37 reglemente
1131 2425 51 31 för
1205 2424 351 32 kommunalnämnder
1580 2428 41 26 än
1645 2423 134 36 sådana,

281 2473 94 32 vilka
398 2474 51 31 stå
471 2473 12 31 i
507 2471 324 33 överensstämmelse
853 2470 72 31 med
949 2468 159 38 gällande
1130 2468 92 37 lagar
1245 2467 59 31 och
1330 2466 270 36 författningar.»
