1910 2848
535 159 358 29 Konstituttonsutskottets
916 157 145 29 utlåtande
1084 157 46 29 Nr
1154 157 48 29 30.
1581 153 39 31 31

431 276 110 32 Tiden
564 276 59 33 för
647 273 658 34 kommunalstämmosammanträden.

170 351 201 24 Närvarande:
398 351 108 24 Herrar
531 350 210 30 Reuterskiöld,
767 350 158 29 Sävström,
949 349 113 30 Thulin,
1087 349 148 29 Stendahl,
1262 349 29 23 G.
1319 348 39 24 W.
1383 348 141 29 Hansson,
1548 347 77 25 Hell-

116 386 102 30 berg!),
241 387 34 23 K.
298 387 27 23 J.
349 386 145 28 Ekman),
517 385 120 30 Thorén,
662 385 166 30 Wagnsson,
850 391 84 24 greve
956 383 194 31 Lagerbjelke,
1174 385 107 28 Kropp,
1306 382 155 30 Gustafson
1483 382 9 24 i
1515 383 108 23 Kasen-

115 420 76 31 berg,
213 422 121 22 Persson
354 420 9 23 i
384 419 140 32 Trången,
545 420 138 28 Hallén!),
705 420 159 27 Forssell!),
886 419 139 24 Karlsson
1046 418 9 23 i
1076 418 155 26 Vadstena,
1252 419 79 28 Fast,
1351 418 150 28 Lundén),
1523 418 101 24 Walle-

114 455 62 25 rius
200 455 48 24 och
273 455 155 30 Skoglund.

168 517 21 23 1)
213 515 33 31 Ej
271 514 180 25 närvarande
472 514 46 24 vid
539 514 189 31 justeringen.

169 584 126 41 Kungl.
320 584 98 41 Maj:t
440 583 63 31 har
524 582 186 42 föreslagit,
735 584 49 29 att
807 593 47 20 nu
878 581 144 42 stadgad
1045 581 164 41 tidpunkt
1232 581 52 31 för
1307 581 158 31 hållande
1482 592 41 20 av
1539 591 87 21 sam-

115 635 186 38 manträde,
336 635 44 31 då
413 634 115 31 beslut
551 634 88 31 skall
661 633 104 31 fattas
788 633 11 31 i
823 632 186 41 anledning
1032 643 41 20 av
1095 632 391 38 revisionsberättelsen,
1512 632 112 31 skulle

116 685 125 32 ändras
265 685 64 31 och
351 685 209 31 bestimmas
588 684 53 31 till
665 694 119 21 senare
807 683 131 31 hälften
962 693 40 20 av
1025 693 91 20 mars
1140 682 83 32 eller
1246 683 110 30 under
1378 682 87 41 april
1487 682 134 31 månad.

116 736 124 31 Denna
263 735 153 41 ändring,
440 735 196 41 varigenom
660 734 94 31 tiden
777 734 53 31 för
841 733 253 32 verkställande
1107 744 40 20 av
1160 733 150 31 revision
1325 732 63 31 och
1400 732 226 32 infordrande

116 798 41 20 av
179 786 225 41 förklaringar
431 788 79 29 över
532 785 383 32 revislonsberättelsen
937 784 171 41 förlänges
1132 783 79 32 med
1234 794 42 20 en
1300 782 133 39 månad,
1457 785 37 29 är
1517 783 106 41 enligt

116 838 188 31 utskottets
328 837 139 41 mening
488 836 151 41 lämplig.

169 889 19 31 I
222 888 112 31 denna
356 888 110 41 punkt
488 887 86 31 hava
597 887 11 31 i
631 889 51 29 tre
705 886 170 31 motioner
899 885 111 32 skilda
1033 885 295 41 ändringsförslag
1349 884 210 32 framställts.
1605 884 19 31 I

116 939 177 31 motionen
315 938 47 31 II:
376 938 62 31 405
461 949 40 20 av
522 938 118 31 herrar
662 937 137 31 Ericson
821 936 12 31 1
856 936 171 31 Boxholm
1051 935 66 32 och
1140 935 186 32 Andersson
1348 935 12 31 i
1383 935 240 31 Katrineholm

116 990 62 31 har
209 989 205 38 hemställts,
449 991 49 28 att
530 988 184 41 riksdagen
743 987 111 32 skulle
877 989 124 39 antaga
1023 986 151 41 följande
1197 986 128 41 förslag
1349 985 52 32 till
1424 985 130 31 ändrad
1577 985 48 42 ly-

116 1041 96 31 delse
245 1051 40 20 av
318 1040 75 41 kap.
419 1040 19 30 2
471 1038 21 43 8
516 1040 16 30 7
567 1050 101 20 mom.
694 1040 16 29 1
741 1038 134 41 stycket
898 1038 19 31 6
940 1037 11 31 i
974 1037 126 41 Kungl.
1125 1036 117 42 Maj:ts
1265 1036 128 41 förslag
1415 1036 53 31 till
1489 1036 55 41 lag
1567 1047 56 20 om

115 1090 346 42 kommunalstyrelse
477 1092 44 39 på
536 1089 131 32 landet:
695 1088 199 32 »Ordinarie
910 1088 346 31 kommunalstämma
1271 1087 11 31 i
1296 1087 188 38 december,
1498 1087 127 37 vilken,

116 1142 92 31 intill
230 1142 80 31 dess
334 1143 167 30 stämman
525 1140 216 32 annorlunda
762 1140 163 37 beslutar,
949 1139 109 31 hålles
1082 1140 19 29 å
1124 1140 75 29 sön-
1223 1138 82 31 eller
1327 1137 154 42 helgdag,
1499 1139 55 29 må
1569 1137 57 31 be-

116 1192 167 32 träffande
317 1191 172 32 ordinarie
522 1191 345 31 kommunalstämma
901 1189 82 32 eller
1016 1189 365 31 kommunalstämmor
1403 1187 110 32 under
1534 1189 90 30 näst-

115 1243 151 41 följande
300 1244 36 29 år
368 1242 145 38 besluta,
538 1243 19 29 å
579 1241 114 32 vilken
718 1241 65 41 dag
806 1240 107 32 sådan
937 1241 145 30 stämma
1105 1239 87 31 skall
1215 1239 110 31 hållas
1349 1238 83 31 eller
1454 1238 171 31 huruvida

117 1296 145 29 stämma
289 1293 87 31 skall
399 1293 108 31 hållas
531 1294 19 29 å
573 1294 75 30 sön-
671 1292 82 31 eller
775 1291 176 41 helgdag.»
998 1290 18 31 I
1039 1290 176 31 motionen
1239 1290 27 30 TI:
1280 1290 61 31 453
1365 1300 40 20 av
1428 1289 78 31 herr
1528 1288 97 41 Hage

116 1345 210 38 hemställes,
351 1346 49 29 att
427 1344 53 31 till
503 1344 85 31 sista
612 1343 134 41 stycket
767 1342 12 31 i
802 1342 76 41 kap.
903 1342 19 30 2
944 1340 21 42 8$
988 1342 17 30 7
1029 1351 101 21 mom.
1157 1342 15 29 1
1197 1340 11 31 i
1233 1340 104 41 sagda
1359 1339 127 42 förslag
1507 1339 119 41 lägges

116 1395 152 41 följande
301 1395 131 41 tillägg:
471 1395 88 30 »Där
592 1394 95 41 inget
720 1393 115 31 beslut
869 1392 11 31 i
908 1392 113 31 denna
1043 1392 94 40 fråga
1159 1391 129 38 fattats,
1313 1390 86 32 skall
1414 1390 211 31 kommunal-

118 1448 144 29 stämma
285 1445 109 31 hållas
418 1447 18 28 å
460 1447 73 29 sön-
557 1445 83 31 eller
662 1443 155 42 helgdag,
842 1454 75 20 som
940 1442 390 31 kommunalstämmans
1347 1440 205 32 ordförande
1568 1440 60 31 be-

118 1490 187 30 stämmer.»

169 1538 126 32 Vidare
318 1537 199 32 hemställes
540 1537 12 30 i
575 1536 177 32 motionen
774 1536 46 30 IT:
834 1535 61 31 457
920 1546 40 20 av
983 1534 78 31 herr
1081 1534 177 32 Wallerius
1274 1544 55 20 om
1347 1533 106 31 sådan
1466 1532 156 41 ändring,

116 1591 50 29 att
200 1588 95 32 tiden
328 1589 53 30 för
415 1588 65 31 den
515 1587 106 31 andra
656 1586 171 32 ordinarie
860 1587 188 30 stämmans
1071 1584 160 31 hållande
1254 1584 203 41 framflyttas
1480 1582 78 32 med
1584 1583 42 30 15

117 1640 105 41 dagar
255 1639 64 32 och
353 1639 112 31 denna
493 1640 145 29 stämma
662 1637 144 32 sålunda
828 1636 110 31 hållas
961 1636 73 30 före
1058 1635 67 31 den
1150 1635 39 31 15
1211 1634 194 32 november.
1452 1633 68 31 Till
1543 1633 82 32 stöd

116 1691 53 31 för
193 1690 53 31 sin
269 1689 205 32 hemställan
498 1689 97 31 anför
618 1688 214 31 motionären
856 1686 165 42 följande:

190 1749 68 32 Vid
290 1748 255 32 fastställandet
578 1759 40 20 av
653 1747 130 41 utgifts-
817 1746 64 32 och
915 1745 318 41 inkomstförslaget
1265 1744 53 31 för
1341 1744 66 31 den
1430 1743 194 42 borgerliga

117 1792 65 31 och
215 1792 154 41 kyrkliga
402 1792 207 30 kommunen
644 1790 151 31 behöves
830 1790 38 30 så
894 1799 175 30 noggrann
1093 1787 194 31 kännedom
1312 1797 72 20 som
1409 1786 133 40 möjligt
1567 1796 54 20 om

117 1833 313 41 skatteunderlaget
463 1833 53 31 för
548 1831 397 40 inkomstberäkningen.
990 1830 106 30 Detta
1132 1828 238 33 fastställande
1408 1828 62 30 har
1505 1828 37 40 ju
1579 1829 46 40 på

116 1876 119 31 landet
257 1876 124 31 hittills
406 1875 90 31 skett
519 1874 64 32 och
607 1885 99 20 avses
728 1873 123 41 jämväl
874 1873 11 30 1
909 1872 126 41 Kungl.
1060 1872 117 39 Maj:ts
1201 1870 217 42 proposition
1442 1881 40 19 nr
1505 1870 49 38 99,
1568 1870 55 41 lag

117 1929 55 20 om
196 1917 344 41 kommunalstyrelse
564 1918 44 39 på
630 1916 117 31 landet
769 1916 75 40 kap.
871 1915 18 30 2
912 1913 21 42 &
956 1915 17 29 7
997 1924 100 20 mom.
1114 1916 26 35 1,
1166 1913 63 31 och
1252 1924 41 19 nr
1318 1913 68 37 100,
1410 1912 55 40 lag
1488 1923 54 20 om
1559 1912 64 30 för-

117 1959 313 41 samlingsstyrelse
464 1959 74 40 kap.
575 1959 18 30 2
616 1957 21 42 &
660 1959 19 30 6
713 1968 100 20 mom.
839 1959 27 35 1,
891 1958 49 29 att
975 1955 59 31 ske
1062 1955 109 31 under
1195 1954 144 32 oktober
1361 1954 132 31 månad.
1539 1954 83 30 Men

117 2002 108 41 enligt
257 2002 112 40 kungl.
394 2001 230 41 kungörelsen
659 2011 40 19 av
732 1999 66 31 den
827 1999 40 31 28
892 1998 195 41 september
1112 1997 80 31 1928
1216 1996 175 41 angående
1414 1995 210 32 förfarandet

116 2044 57 31 vid
197 2044 154 40 taxering
374 2045 57 29 äro
456 2042 173 42 uppgifter
652 2042 53 31 till
728 2040 197 33 kommunal
938 2039 337 41 befattningshavare
1289 2038 174 41 angående
1473 2037 150 31 nämnda

116 2086 406 41 beskattningsunderlag
555 2084 170 31 inklusive
759 2082 194 42 skogsaccis
976 2082 74 31 icke
1074 2083 50 29 att
1147 2081 150 41 påräkna
1319 2081 72 31 före
1415 2080 66 31 den
1505 2080 40 31 20
1569 2079 53 31 ok-

116 2129 108 31 tober.
269 2128 54 31 Då
346 2128 58 31 det
426 2128 73 30 icke
523 2138 103 30 synes
649 2126 158 41 lämpligt
829 2127 50 29 att
896 2125 275 39 sammantränga
1186 2122 255 41 ifrågavarande
1458 2124 166 29 stämmor

117 2171 65 31 och
207 2169 275 33 sammanträden
505 2169 126 31 mellan
655 2169 111 31 denna
790 2168 66 40 dag
879 2167 64 31 och
966 2166 188 31 månadens
1178 2166 79 37 slut,
1282 2165 97 31 torde
1404 2175 41 20 en
1459 2163 163 32 utsträck-

116 2213 84 40 ning
233 2224 40 19 av
307 2212 95 31 tiden
436 2212 52 30 för
521 2211 66 31 den
616 2211 106 31 andra
746 2209 171 32 ordinarie
942 2210 187 30 stämmans
1153 2207 159 31 hållande
1337 2207 49 30 till
1413 2206 66 31 den
1506 2206 38 31 15
1567 2217 56 19 no-

116 2255 139 31 vember
277 2265 79 20 vara
378 2255 50 29 att
451 2253 195 32 anbefalla.»

170 2313 53 31 De
246 2313 11 30 i
280 2312 42 31 de
345 2312 90 31 båda
457 2310 237 32 förstnämnda
716 2310 216 31 motionerna
954 2308 212 31 framställda
1188 2307 172 40 förslagen
1376 2306 62 31 har
1454 2306 169 30 utskottet

115 2363 75 30 icke
214 2363 129 30 kunnat
365 2361 144 31 biträda.
555 2361 120 39 Enligt
697 2372 46 19 nu
767 2359 157 41 gällande
947 2370 40 19 av
1010 2358 126 39 Kungl.
1161 2357 98 41 Maj:t
1281 2358 175 40 upptagna
1478 2356 145 30 bestäm-

116 2413 124 31 melser
273 2412 66 31 kan
374 2411 169 31 ordinarie
577 2411 346 30 kommunalstimma
956 2409 11 30 i
1001 2407 180 32 december
1208 2407 146 37 besluta,
1379 2408 19 29 å
1420 2406 112 31 vilken
1558 2405 65 40 dag

117 2465 208 30 stiimmorna
359 2461 110 32 under
501 2460 231 41 nästföljande
755 2462 36 29 år
815 2460 96 31 skola
934 2459 108 30 hållas
1067 2458 82 31 eller
1174 2457 170 31 huruvida
1367 2458 144 30 stämma
1534 2455 89 31 skall
