<?xml version="1.0" encoding="UTF-8"?>
<alto xmlns="http://www.loc.gov/standards/alto/ns-v3#" xmlns:xlink="http://www.w3.org/1999/xlink" xmlns:xsi="http://www.w3.org/2001/XMLSchema-instance" xsi:schemaLocation="http://www.loc.gov/standards/alto/ns-v3# http://www.loc.gov/alto/v3/alto-3-0.xsd">
	<Description>
		<MeasurementUnit>pixel</MeasurementUnit>
		<sourceImageInformation>
			<fileName>/tmp/tess_n2burliw_input.PNG</fileName>
		</sourceImageInformation>
		<OCRProcessing ID="OCR_0">
			<ocrProcessingStep>
				<processingSoftware>
					<softwareName>tesseract 5.3.0</softwareName>
				</processingSoftware>
			</ocrProcessingStep>
		</OCRProcessing>
	</Description>
	<Layout>
		<Page WIDTH="2176" HEIGHT="2620" PHYSICAL_IMG_NR="0" ID="page_0">
			<PrintSpace HPOS="0" VPOS="0" WIDTH="2176" HEIGHT="2620">
				<ComposedBlock ID="cblock_0" HPOS="328" VPOS="454" WIDTH="100" HEIGHT="27">
					<TextBlock ID="block_0" HPOS="328" VPOS="454" WIDTH="100" HEIGHT="27">
						<TextLine ID="line_0" HPOS="328" VPOS="454" WIDTH="100" HEIGHT="27">
							<String ID="string_0" HPOS="328" VPOS="454" WIDTH="100" HEIGHT="27" WC="0.96" CONTENT="Härad."/>
						</TextLine>
					</TextBlock>
				</ComposedBlock>
				<ComposedBlock ID="cblock_1" HPOS="313" VPOS="886" WIDTH="135" HEIGHT="31">
					<TextBlock ID="block_1" HPOS="313" VPOS="886" WIDTH="135" HEIGHT="31">
						<TextLine ID="line_1" HPOS="313" VPOS="886" WIDTH="135" HEIGHT="31">
							<String ID="string_1" HPOS="313" VPOS="886" WIDTH="135" HEIGHT="31" WC="0.96" CONTENT="Vartofta"/>
						</TextLine>
					</TextBlock>
				</ComposedBlock>
				<ComposedBlock ID="cblock_2" HPOS="1084" VPOS="178" WIDTH="258" HEIGHT="39">
					<TextBlock ID="block_2" HPOS="1084" VPOS="178" WIDTH="258" HEIGHT="39">
						<TextLine ID="line_2" HPOS="1084" VPOS="178" WIDTH="258" HEIGHT="39">
							<String ID="string_2" HPOS="1084" VPOS="178" WIDTH="179" HEIGHT="39" WC="0.93" CONTENT="Skaraborgs"/><SP WIDTH="22" VPOS="178" HPOS="1263"/>
							<String ID="string_3" HPOS="1285" VPOS="179" WIDTH="57" HEIGHT="27" WC="0.96" CONTENT="län."/>
						</TextLine>
					</TextBlock>
				</ComposedBlock>
				<GraphicalElement ID="cblock_3" HPOS="1133" VPOS="259" WIDTH="914" HEIGHT="6"></GraphicalElement >
				<GraphicalElement ID="cblock_4" HPOS="538" VPOS="264" WIDTH="454" HEIGHT="4"></GraphicalElement >
				<ComposedBlock ID="cblock_5" HPOS="535" VPOS="453" WIDTH="108" HEIGHT="26">
					<TextBlock ID="block_3" HPOS="535" VPOS="453" WIDTH="108" HEIGHT="26">
						<TextLine ID="line_3" HPOS="535" VPOS="453" WIDTH="108" HEIGHT="26">
							<String ID="string_4" HPOS="535" VPOS="453" WIDTH="108" HEIGHT="26" WC="0.96" CONTENT="Socken."/>
						</TextLine>
					</TextBlock>
				</ComposedBlock>
				<ComposedBlock ID="cblock_6" HPOS="501" VPOS="885" WIDTH="176" HEIGHT="71">
					<TextBlock ID="block_4" HPOS="501" VPOS="885" WIDTH="176" HEIGHT="71">
						<TextLine ID="line_4" HPOS="501" VPOS="885" WIDTH="176" HEIGHT="36">
							<String ID="string_5" HPOS="501" VPOS="885" WIDTH="176" HEIGHT="36" WC="0.91" CONTENT="Brandstorp"/>
						</TextLine>
						<TextLine ID="line_5" HPOS="549" VPOS="927" WIDTH="81" HEIGHT="29">
							<String ID="string_6" HPOS="549" VPOS="927" WIDTH="81" HEIGHT="29" WC="0.96" CONTENT="Habo"/>
						</TextLine>
					</TextBlock>
				</ComposedBlock>
				<GraphicalElement ID="cblock_7" HPOS="482" VPOS="288" WIDTH="6" HEIGHT="700"></GraphicalElement >
				<ComposedBlock ID="cblock_8" HPOS="489" VPOS="1044" WIDTH="201" HEIGHT="115">
					<TextBlock ID="block_5" HPOS="489" VPOS="1044" WIDTH="201" HEIGHT="115">
						<TextLine ID="line_6" HPOS="489" VPOS="1044" WIDTH="201" HEIGHT="30">
							<String ID="string_7" HPOS="489" VPOS="1044" WIDTH="105" HEIGHT="30" WC="0.96" CONTENT="Gustaf"/><SP WIDTH="9" VPOS="1044" HPOS="594"/>
							<String ID="string_8" HPOS="603" VPOS="1044" WIDTH="87" HEIGHT="30" WC="0.94" CONTENT="Adolf"/>
						</TextLine>
						<TextLine ID="line_7" HPOS="546" VPOS="1086" WIDTH="90" HEIGHT="37">
							<String ID="string_9" HPOS="546" VPOS="1086" WIDTH="90" HEIGHT="37" WC="0.96" CONTENT="Härja"/>
						</TextLine>
						<TextLine ID="line_8" HPOS="522" VPOS="1129" WIDTH="137" HEIGHT="30">
							<String ID="string_10" HPOS="522" VPOS="1129" WIDTH="137" HEIGHT="30" WC="0.91" CONTENT="Hvalstad"/>
						</TextLine>
					</TextBlock>
				</ComposedBlock>
				<ComposedBlock ID="cblock_9" HPOS="538" VPOS="1526" WIDTH="110" HEIGHT="37">
					<TextBlock ID="block_6" HPOS="538" VPOS="1526" WIDTH="110" HEIGHT="37">
						<TextLine ID="line_9" HPOS="538" VPOS="1526" WIDTH="110" HEIGHT="37">
							<String ID="string_11" HPOS="538" VPOS="1526" WIDTH="110" HEIGHT="37" WC="0.90" CONTENT="Kymbo"/>
						</TextLine>
					</TextBlock>
				</ComposedBlock>
				<ComposedBlock ID="cblock_10" HPOS="529" VPOS="1802" WIDTH="126" HEIGHT="29">
					<TextBlock ID="block_7" HPOS="529" VPOS="1802" WIDTH="126" HEIGHT="29">
						<TextLine ID="line_10" HPOS="529" VPOS="1802" WIDTH="126" HEIGHT="29">
							<String ID="string_12" HPOS="529" VPOS="1802" WIDTH="126" HEIGHT="29" WC="0.87" CONTENT="Suntack"/>
						</TextLine>
					</TextBlock>
				</ComposedBlock>
				<GraphicalElement ID="cblock_11" HPOS="693" VPOS="1255" WIDTH="4" HEIGHT="311"></GraphicalElement >
				<Illustration ID="cblock_12" HPOS="275" VPOS="497" WIDTH="1012" HEIGHT="189"></Illustration>
				<ComposedBlock ID="cblock_13" HPOS="724" VPOS="890" WIDTH="8" HEIGHT="21">
					<TextBlock ID="block_8" HPOS="724" VPOS="890" WIDTH="8" HEIGHT="21">
						<TextLine ID="line_11" HPOS="724" VPOS="890" WIDTH="8" HEIGHT="21">
							<String ID="string_13" HPOS="724" VPOS="890" WIDTH="8" HEIGHT="21" WC="0.93" CONTENT="1"/>
						</TextLine>
					</TextBlock>
				</ComposedBlock>
				<ComposedBlock ID="cblock_14" HPOS="722" VPOS="1050" WIDTH="15" HEIGHT="63">
					<TextBlock ID="block_9" HPOS="722" VPOS="1050" WIDTH="15" HEIGHT="63">
						<TextLine ID="line_12" HPOS="722" VPOS="1050" WIDTH="15" HEIGHT="21">
							<String ID="string_14" HPOS="722" VPOS="1050" WIDTH="15" HEIGHT="21" WC="0.96" CONTENT="3"/>
						</TextLine>
						<TextLine ID="line_13" HPOS="722" VPOS="1093" WIDTH="14" HEIGHT="20">
							<String ID="string_15" HPOS="722" VPOS="1093" WIDTH="14" HEIGHT="20" WC="0.96" CONTENT="4"/>
						</TextLine>
					</TextBlock>
				</ComposedBlock>
				<ComposedBlock ID="cblock_15" HPOS="725" VPOS="1807" WIDTH="14" HEIGHT="21">
					<TextBlock ID="block_10" HPOS="725" VPOS="1807" WIDTH="14" HEIGHT="21">
						<TextLine ID="line_14" HPOS="725" VPOS="1807" WIDTH="14" HEIGHT="21">
							<String ID="string_16" HPOS="725" VPOS="1807" WIDTH="14" HEIGHT="21" WC="0.96" CONTENT="8"/>
						</TextLine>
					</TextBlock>
				</ComposedBlock>
				<ComposedBlock ID="cblock_16" HPOS="1022" VPOS="450" WIDTH="528" HEIGHT="34">
					<TextBlock ID="block_11" HPOS="1022" VPOS="450" WIDTH="528" HEIGHT="34">
						<TextLine ID="line_15" HPOS="1022" VPOS="450" WIDTH="528" HEIGHT="34">
							<String ID="string_17" HPOS="1022" VPOS="450" WIDTH="332" HEIGHT="34" WC="0.90" CONTENT="Egendomens"/><SP WIDTH="54" VPOS="450" HPOS="1354"/>
							<String ID="string_18" HPOS="1408" VPOS="457" WIDTH="142" HEIGHT="18" WC="0.94" CONTENT="namn,"/>
						</TextLine>
					</TextBlock>
				</ComposedBlock>
				<ComposedBlock ID="cblock_17" HPOS="873" VPOS="755" WIDTH="989" HEIGHT="105">
					<TextBlock ID="block_12" HPOS="873" VPOS="755" WIDTH="989" HEIGHT="105">
						<TextLine ID="line_16" HPOS="873" VPOS="755" WIDTH="988" HEIGHT="44">
							<String ID="string_19" HPOS="873" VPOS="760" WIDTH="147" HEIGHT="39" WC="0.96" CONTENT="hemmanet"/><SP WIDTH="18" VPOS="760" HPOS="1020"/>
							<String ID="string_20" HPOS="1038" VPOS="755" WIDTH="124" HEIGHT="39" WC="0.90" CONTENT="Ågården"/><SP WIDTH="19" VPOS="755" HPOS="1162"/>
							<String ID="string_21" HPOS="1181" VPOS="767" WIDTH="37" HEIGHT="20" WC="0.93" CONTENT="ett"/><SP WIDTH="17" VPOS="767" HPOS="1218"/>
							<String ID="string_22" HPOS="1235" VPOS="763" WIDTH="114" HEIGHT="29" WC="0.92" CONTENT="svinhus,"/><SP WIDTH="20" VPOS="763" HPOS="1349"/>
							<String ID="string_23" HPOS="1369" VPOS="761" WIDTH="114" HEIGHT="25" WC="0.96" CONTENT="erhåller"/><SP WIDTH="19" VPOS="761" HPOS="1483"/>
							<String ID="string_24" HPOS="1502" VPOS="762" WIDTH="50" HEIGHT="23" WC="0.91" CONTENT="han"/><SP WIDTH="19" VPOS="762" HPOS="1552"/>
							<String ID="string_25" HPOS="1571" VPOS="760" WIDTH="157" HEIGHT="31" WC="0.91" CONTENT="afskrifning"/><SP WIDTH="15" VPOS="760" HPOS="1728"/>
							<String ID="string_26" HPOS="1743" VPOS="761" WIDTH="56" HEIGHT="23" WC="0.96" CONTENT="med"/><SP WIDTH="14" VPOS="761" HPOS="1799"/>
							<String ID="string_27" HPOS="1813" VPOS="761" WIDTH="48" HEIGHT="23" WC="0.90" CONTENT="685"/>
						</TextLine>
						<TextLine ID="line_17" HPOS="874" VPOS="795" WIDTH="988" HEIGHT="32">
							<String ID="string_28" HPOS="874" VPOS="798" WIDTH="98" HEIGHT="24" WC="0.93" CONTENT="kronor"/><SP WIDTH="19" VPOS="798" HPOS="972"/>
							<String ID="string_29" HPOS="991" VPOS="797" WIDTH="15" HEIGHT="24" WC="0.89" CONTENT="å"/><SP WIDTH="19" VPOS="797" HPOS="1006"/>
							<String ID="string_30" HPOS="1025" VPOS="798" WIDTH="47" HEIGHT="23" WC="0.93" CONTENT="den"/><SP WIDTH="19" VPOS="798" HPOS="1072"/>
							<String ID="string_31" HPOS="1091" VPOS="796" WIDTH="194" HEIGHT="31" WC="0.92" CONTENT="arrendeafgift,"/><SP WIDTH="18" VPOS="796" HPOS="1285"/>
							<String ID="string_32" HPOS="1303" VPOS="804" WIDTH="54" HEIGHT="16" WC="0.96" CONTENT="som"/><SP WIDTH="21" VPOS="804" HPOS="1357"/>
							<String ID="string_33" HPOS="1378" VPOS="799" WIDTH="57" HEIGHT="21" WC="0.96" CONTENT="näst"/><SP WIDTH="19" VPOS="799" HPOS="1435"/>
							<String ID="string_34" HPOS="1454" VPOS="795" WIDTH="63" HEIGHT="25" WC="0.96" CONTENT="efter"/><SP WIDTH="19" VPOS="795" HPOS="1517"/>
							<String ID="string_35" HPOS="1536" VPOS="796" WIDTH="72" HEIGHT="24" WC="0.93" CONTENT="dessa"/><SP WIDTH="13" VPOS="796" HPOS="1608"/>
							<String ID="string_36" HPOS="1621" VPOS="795" WIDTH="164" HEIGHT="32" WC="0.92" CONTENT="byggnaders"/><SP WIDTH="14" VPOS="795" HPOS="1785"/>
							<String ID="string_37" HPOS="1799" VPOS="795" WIDTH="63" HEIGHT="30" WC="0.92" CONTENT="god-"/>
						</TextLine>
						<TextLine ID="line_18" HPOS="873" VPOS="830" WIDTH="495" HEIGHT="30">
							<String ID="string_38" HPOS="873" VPOS="832" WIDTH="139" HEIGHT="24" WC="0.91" CONTENT="kännande"/><SP WIDTH="18" VPOS="832" HPOS="1012"/>
							<String ID="string_39" HPOS="1030" VPOS="831" WIDTH="117" HEIGHT="25" WC="0.94" CONTENT="förfaller"/><SP WIDTH="19" VPOS="831" HPOS="1147"/>
							<String ID="string_40" HPOS="1166" VPOS="831" WIDTH="41" HEIGHT="24" WC="0.96" CONTENT="till"/><SP WIDTH="19" VPOS="831" HPOS="1207"/>
							<String ID="string_41" HPOS="1226" VPOS="830" WIDTH="142" HEIGHT="30" WC="0.95" CONTENT="betalning."/>
						</TextLine>
					</TextBlock>
				</ComposedBlock>
				<ComposedBlock ID="cblock_18" HPOS="758" VPOS="881" WIDTH="1103" HEIGHT="82">
					<TextBlock ID="block_13" HPOS="758" VPOS="881" WIDTH="1103" HEIGHT="82">
						<TextLine ID="line_19" HPOS="758" VPOS="881" WIDTH="1103" HEIGHT="39">
							<String ID="string_42" HPOS="758" VPOS="883" WIDTH="207" HEIGHT="37" WC="0.91" CONTENT="Svanebacken,"/><SP WIDTH="21" VPOS="883" HPOS="965"/>
							<String ID="string_43" HPOS="986" VPOS="883" WIDTH="131" HEIGHT="36" WC="0.93" CONTENT="indraget"/><SP WIDTH="23" VPOS="883" HPOS="1117"/>
							<String ID="string_44" HPOS="1140" VPOS="881" WIDTH="721" HEIGHT="37" WC="0.0" CONTENT="predikantsboställe................eesseesssssessnrssnnt"/>
						</TextLine>
						<TextLine ID="line_20" HPOS="759" VPOS="924" WIDTH="1102" HEIGHT="39">
							<String ID="string_45" HPOS="759" VPOS="925" WIDTH="191" HEIGHT="38" WC="0.91" CONTENT="Munkaskog,"/><SP WIDTH="23" VPOS="925" HPOS="950"/>
							<String ID="string_46" HPOS="973" VPOS="925" WIDTH="44" HEIGHT="29" WC="0.37" CONTENT="d:0"/><SP WIDTH="22" VPOS="925" HPOS="1017"/>
							<String ID="string_47" HPOS="1039" VPOS="924" WIDTH="267" HEIGHT="37" WC="0.77" CONTENT="hospitalshemman"/><SP WIDTH="25" VPOS="924" HPOS="1306"/>
							<String ID="string_48" HPOS="1331" VPOS="945" WIDTH="530" HEIGHT="6" WC="0.0" CONTENT="s.mssmssnsssrersrsssrrsrrsr"/><SP WIDTH="-215" VPOS="945" HPOS="1861"/>
							<String ID="string_49" HPOS="1646" VPOS="919" WIDTH="33" HEIGHT="48" WC="0.0" CONTENT="ere"/><SP WIDTH="12" VPOS="919" HPOS="1679"/>
							<String ID="string_50" HPOS="1691" VPOS="919" WIDTH="60" HEIGHT="48" WC="0.0" CONTENT="ennen"/><SP WIDTH="6" VPOS="919" HPOS="1751"/>
							<String ID="string_51" HPOS="1757" VPOS="919" WIDTH="30" HEIGHT="48" WC="0.28" CONTENT="sen"/><SP WIDTH="3" VPOS="919" HPOS="1787"/>
							<String ID="string_52" HPOS="1790" VPOS="919" WIDTH="30" HEIGHT="48" WC="0.0" CONTENT="srn"/><SP WIDTH="3" VPOS="919" HPOS="1820"/>
							<String ID="string_53" HPOS="1823" VPOS="919" WIDTH="18" HEIGHT="48" WC="0.18" CONTENT="nn"/><SP WIDTH="3" VPOS="919" HPOS="1841"/>
							<String ID="string_54" HPOS="1844" VPOS="919" WIDTH="21" HEIGHT="48" WC="0.18" CONTENT="na"/>
						</TextLine>
					</TextBlock>
				</ComposedBlock>
				<ComposedBlock ID="cblock_19" HPOS="757" VPOS="980" WIDTH="1083" HEIGHT="30">
					<TextBlock ID="block_14" HPOS="757" VPOS="980" WIDTH="1083" HEIGHT="30">
						<TextLine ID="line_21" HPOS="757" VPOS="980" WIDTH="1083" HEIGHT="30">
							<String ID="string_55" HPOS="757" VPOS="982" WIDTH="79" HEIGHT="25" WC="0.87" CONTENT="Anm."/><SP WIDTH="36" VPOS="982" HPOS="836"/>
							<String ID="string_56" HPOS="872" VPOS="982" WIDTH="110" HEIGHT="26" WC="0.84" CONTENT="Försåld"/><SP WIDTH="20" VPOS="982" HPOS="982"/>
							<String ID="string_57" HPOS="1002" VPOS="983" WIDTH="56" HEIGHT="24" WC="0.93" CONTENT="med"/><SP WIDTH="19" VPOS="983" HPOS="1058"/>
							<String ID="string_58" HPOS="1077" VPOS="982" WIDTH="182" HEIGHT="24" WC="0.90" CONTENT="tillträdesrätt"/><SP WIDTH="18" VPOS="982" HPOS="1259"/>
							<String ID="string_59" HPOS="1277" VPOS="982" WIDTH="47" HEIGHT="23" WC="0.96" CONTENT="den"/><SP WIDTH="24" VPOS="982" HPOS="1324"/>
							<String ID="string_60" HPOS="1348" VPOS="982" WIDTH="28" HEIGHT="23" WC="0.96" CONTENT="14"/><SP WIDTH="20" VPOS="982" HPOS="1376"/>
							<String ID="string_61" HPOS="1396" VPOS="988" WIDTH="69" HEIGHT="16" WC="0.96" CONTENT="mars"/><SP WIDTH="21" VPOS="988" HPOS="1465"/>
							<String ID="string_62" HPOS="1486" VPOS="981" WIDTH="61" HEIGHT="24" WC="0.95" CONTENT="1904"/><SP WIDTH="19" VPOS="981" HPOS="1547"/>
							<String ID="string_63" HPOS="1566" VPOS="980" WIDTH="40" HEIGHT="25" WC="0.93" CONTENT="för"/><SP WIDTH="21" VPOS="980" HPOS="1606"/>
							<String ID="string_64" HPOS="1627" VPOS="981" WIDTH="88" HEIGHT="29" WC="0.38" CONTENT="15,0385"/><SP WIDTH="20" VPOS="981" HPOS="1715"/>
							<String ID="string_65" HPOS="1735" VPOS="981" WIDTH="105" HEIGHT="23" WC="0.95" CONTENT="kronor."/>
						</TextLine>
					</TextBlock>
				</ComposedBlock>
				<ComposedBlock ID="cblock_20" HPOS="757" VPOS="1042" WIDTH="1105" HEIGHT="163">
					<TextBlock ID="block_15" HPOS="757" VPOS="1042" WIDTH="1105" HEIGHT="122">
						<TextLine ID="line_22" HPOS="758" VPOS="1042" WIDTH="1104" HEIGHT="37">
							<String ID="string_66" HPOS="758" VPOS="1043" WIDTH="102" HEIGHT="29" WC="0.93" CONTENT="Norra"/><SP WIDTH="25" VPOS="1043" HPOS="860"/>
							<String ID="string_67" HPOS="885" VPOS="1043" WIDTH="122" HEIGHT="36" WC="0.91" CONTENT="Ekered,"/><SP WIDTH="22" VPOS="1043" HPOS="1007"/>
							<String ID="string_68" HPOS="1029" VPOS="1042" WIDTH="131" HEIGHT="36" WC="0.93" CONTENT="indraget"/><SP WIDTH="19" VPOS="1042" HPOS="1160"/>
							<String ID="string_69" HPOS="1179" VPOS="1042" WIDTH="298" HEIGHT="36" WC="0.87" CONTENT="jägmästareboställe"/><SP WIDTH="22" VPOS="1042" HPOS="1477"/>
							<String ID="string_70" HPOS="1499" VPOS="1062" WIDTH="363" HEIGHT="7" WC="0.0" CONTENT="-.......mmssmmssssreseossosonrena"/>
						</TextLine>
						<TextLine ID="line_23" HPOS="757" VPOS="1083" WIDTH="1105" HEIGHT="39">
							<String ID="string_71" HPOS="757" VPOS="1085" WIDTH="111" HEIGHT="37" WC="0.93" CONTENT="Härja,"/><SP WIDTH="23" VPOS="1085" HPOS="868"/>
							<String ID="string_72" HPOS="891" VPOS="1085" WIDTH="46" HEIGHT="29" WC="0.92" CONTENT="d:o"/><SP WIDTH="23" VPOS="1085" HPOS="937"/>
							<String ID="string_73" HPOS="960" VPOS="1083" WIDTH="310" HEIGHT="37" WC="0.84" CONTENT="skogvaktareboställe"/><SP WIDTH="29" VPOS="1083" HPOS="1270"/>
							<String ID="string_74" HPOS="1299" VPOS="1105" WIDTH="563" HEIGHT="7" WC="0.0" CONTENT="—=insmnsssmsrsssrsrerssrrsserernerssrernn"/><SP WIDTH="-105" VPOS="1105" HPOS="1862"/>
							<String ID="string_75" HPOS="1757" VPOS="1079" WIDTH="16" HEIGHT="47" WC="0.0" CONTENT="nr"/><SP WIDTH="8" VPOS="1079" HPOS="1773"/>
							<String ID="string_76" HPOS="1781" VPOS="1079" WIDTH="27" HEIGHT="47" WC="0.0" CONTENT="ere"/><SP WIDTH="5" VPOS="1079" HPOS="1808"/>
							<String ID="string_77" HPOS="1813" VPOS="1079" WIDTH="27" HEIGHT="47" WC="0.0" CONTENT="rrr"/><SP WIDTH="5" VPOS="1079" HPOS="1840"/>
							<String ID="string_78" HPOS="1845" VPOS="1079" WIDTH="22" HEIGHT="47" WC="0.0" CONTENT="nn"/>
						</TextLine>
						<TextLine ID="line_24" HPOS="760" VPOS="1127" WIDTH="88" HEIGHT="37">
							<String ID="string_79" HPOS="760" VPOS="1127" WIDTH="88" HEIGHT="37" WC="0.96" CONTENT="Bäck,"/>
						</TextLine>
					</TextBlock>
					<TextBlock ID="block_16" HPOS="760" VPOS="1169" WIDTH="234" HEIGHT="36">
						<TextLine ID="line_25" HPOS="760" VPOS="1169" WIDTH="234" HEIGHT="36">
							<String ID="string_80" HPOS="760" VPOS="1169" WIDTH="77" HEIGHT="28" WC="0.94" CONTENT="Lilla"/><SP WIDTH="23" VPOS="1169" HPOS="837"/>
							<String ID="string_81" HPOS="860" VPOS="1169" WIDTH="134" HEIGHT="36" WC="0.95" CONTENT="Holmen,"/>
						</TextLine>
					</TextBlock>
				</ComposedBlock>
				<ComposedBlock ID="cblock_21" HPOS="760" VPOS="1225" WIDTH="1105" HEIGHT="235">
					<TextBlock ID="block_17" HPOS="760" VPOS="1225" WIDTH="1105" HEIGHT="235">
						<TextLine ID="line_26" HPOS="760" VPOS="1225" WIDTH="1104" HEIGHT="32">
							<String ID="string_82" HPOS="760" VPOS="1226" WIDTH="76" HEIGHT="25" WC="0.93" CONTENT="Anm."/><SP WIDTH="36" VPOS="1226" HPOS="836"/>
							<String ID="string_83" HPOS="872" VPOS="1225" WIDTH="59" HEIGHT="26" WC="0.95" CONTENT="Den"/><SP WIDTH="23" VPOS="1225" HPOS="931"/>
							<String ID="string_84" HPOS="954" VPOS="1228" WIDTH="29" HEIGHT="23" WC="0.96" CONTENT="12"/><SP WIDTH="19" VPOS="1228" HPOS="983"/>
							<String ID="string_85" HPOS="1002" VPOS="1226" WIDTH="109" HEIGHT="25" WC="0.96" CONTENT="oktober"/><SP WIDTH="21" VPOS="1226" HPOS="1111"/>
							<String ID="string_86" HPOS="1132" VPOS="1227" WIDTH="64" HEIGHT="23" WC="0.96" CONTENT="1900"/><SP WIDTH="19" VPOS="1227" HPOS="1196"/>
							<String ID="string_87" HPOS="1215" VPOS="1226" WIDTH="48" HEIGHT="24" WC="0.96" CONTENT="har"/><SP WIDTH="17" VPOS="1226" HPOS="1263"/>
							<String ID="string_88" HPOS="1280" VPOS="1226" WIDTH="91" HEIGHT="31" WC="0.92" CONTENT="kungl."/><SP WIDTH="21" VPOS="1226" HPOS="1371"/>
							<String ID="string_89" HPOS="1392" VPOS="1226" WIDTH="221" HEIGHT="31" WC="0.92" CONTENT="domänstyrelsen"/><SP WIDTH="21" VPOS="1226" HPOS="1613"/>
							<String ID="string_90" HPOS="1634" VPOS="1225" WIDTH="119" HEIGHT="29" WC="0.96" CONTENT="beslutat,"/><SP WIDTH="18" VPOS="1225" HPOS="1753"/>
							<String ID="string_91" HPOS="1771" VPOS="1228" WIDTH="38" HEIGHT="20" WC="0.96" CONTENT="att"/><SP WIDTH="15" VPOS="1228" HPOS="1809"/>
							<String ID="string_92" HPOS="1824" VPOS="1231" WIDTH="40" HEIGHT="17" WC="0.95" CONTENT="om"/>
						</TextLine>
						<TextLine ID="line_27" HPOS="875" VPOS="1258" WIDTH="990" HEIGHT="33">
							<String ID="string_93" HPOS="875" VPOS="1261" WIDTH="170" HEIGHT="24" WC="0.96" CONTENT="arrendatorn"/><SP WIDTH="26" VPOS="1261" HPOS="1045"/>
							<String ID="string_94" HPOS="1071" VPOS="1260" WIDTH="56" HEIGHT="25" WC="0.96" CONTENT="före"/><SP WIDTH="28" VPOS="1260" HPOS="1127"/>
							<String ID="string_95" HPOS="1155" VPOS="1261" WIDTH="49" HEIGHT="23" WC="0.96" CONTENT="den"/><SP WIDTH="30" VPOS="1261" HPOS="1204"/>
							<String ID="string_96" HPOS="1234" VPOS="1263" WIDTH="9" HEIGHT="21" WC="0.95" CONTENT="1"/><SP WIDTH="21" VPOS="1263" HPOS="1243"/>
							<String ID="string_97" HPOS="1264" VPOS="1260" WIDTH="143" HEIGHT="31" WC="0.95" CONTENT="september"/><SP WIDTH="22" VPOS="1260" HPOS="1407"/>
							<String ID="string_98" HPOS="1429" VPOS="1261" WIDTH="62" HEIGHT="23" WC="0.96" CONTENT="1903"/><SP WIDTH="19" VPOS="1261" HPOS="1491"/>
							<String ID="string_99" HPOS="1510" VPOS="1259" WIDTH="97" HEIGHT="31" WC="0.96" CONTENT="fullgör"/><SP WIDTH="18" VPOS="1259" HPOS="1607"/>
							<String ID="string_100" HPOS="1625" VPOS="1259" WIDTH="43" HEIGHT="24" WC="0.92" CONTENT="vid"/><SP WIDTH="19" VPOS="1259" HPOS="1668"/>
							<String ID="string_101" HPOS="1687" VPOS="1259" WIDTH="37" HEIGHT="24" WC="0.92" CONTENT="af-"/><SP WIDTH="20" VPOS="1259" HPOS="1724"/>
							<String ID="string_102" HPOS="1744" VPOS="1259" WIDTH="48" HEIGHT="23" WC="0.93" CONTENT="och"/><SP WIDTH="20" VPOS="1259" HPOS="1792"/>
							<String ID="string_103" HPOS="1812" VPOS="1258" WIDTH="53" HEIGHT="24" WC="0.90" CONTENT="till-"/>
						</TextLine>
						<TextLine ID="line_28" HPOS="875" VPOS="1292" WIDTH="989" HEIGHT="34">
							<String ID="string_104" HPOS="875" VPOS="1295" WIDTH="133" HEIGHT="31" WC="0.91" CONTENT="trädessyn"/><SP WIDTH="21" VPOS="1295" HPOS="1008"/>
							<String ID="string_105" HPOS="1029" VPOS="1293" WIDTH="15" HEIGHT="25" WC="0.92" CONTENT="å"/><SP WIDTH="18" VPOS="1293" HPOS="1044"/>
							<String ID="string_106" HPOS="1062" VPOS="1294" WIDTH="160" HEIGHT="31" WC="0.96" CONTENT="egendomen"/><SP WIDTH="20" VPOS="1294" HPOS="1222"/>
							<String ID="string_107" HPOS="1242" VPOS="1295" WIDTH="48" HEIGHT="23" WC="0.96" CONTENT="den"/><SP WIDTH="21" VPOS="1295" HPOS="1290"/>
							<String ID="string_108" HPOS="1311" VPOS="1295" WIDTH="28" HEIGHT="22" WC="0.96" CONTENT="14"/><SP WIDTH="20" VPOS="1295" HPOS="1339"/>
							<String ID="string_109" HPOS="1359" VPOS="1294" WIDTH="104" HEIGHT="30" WC="0.96" CONTENT="augusti"/><SP WIDTH="18" VPOS="1294" HPOS="1463"/>
							<String ID="string_110" HPOS="1481" VPOS="1293" WIDTH="179" HEIGHT="25" WC="0.95" CONTENT="förstnämnda"/><SP WIDTH="18" VPOS="1293" HPOS="1660"/>
							<String ID="string_111" HPOS="1678" VPOS="1292" WIDTH="28" HEIGHT="24" WC="0.96" CONTENT="år"/><SP WIDTH="13" VPOS="1292" HPOS="1706"/>
							<String ID="string_112" HPOS="1719" VPOS="1292" WIDTH="145" HEIGHT="30" WC="0.96" CONTENT="föreslagen"/>
						</TextLine>
						<TextLine ID="line_29" HPOS="876" VPOS="1326" WIDTH="989" HEIGHT="34">
							<String ID="string_113" HPOS="876" VPOS="1328" WIDTH="167" HEIGHT="32" WC="0.95" CONTENT="nybyggnad,"/><SP WIDTH="28" VPOS="1328" HPOS="1043"/>
							<String ID="string_114" HPOS="1071" VPOS="1328" WIDTH="68" HEIGHT="24" WC="0.96" CONTENT="skall"/><SP WIDTH="31" VPOS="1328" HPOS="1139"/>
							<String ID="string_115" HPOS="1170" VPOS="1330" WIDTH="51" HEIGHT="22" WC="0.96" CONTENT="han"/><SP WIDTH="19" VPOS="1330" HPOS="1221"/>
							<String ID="string_116" HPOS="1240" VPOS="1335" WIDTH="74" HEIGHT="17" WC="0.96" CONTENT="anses"/><SP WIDTH="22" VPOS="1335" HPOS="1314"/>
							<String ID="string_117" HPOS="1336" VPOS="1327" WIDTH="79" HEIGHT="25" WC="0.96" CONTENT="hafva"/><SP WIDTH="19" VPOS="1327" HPOS="1415"/>
							<String ID="string_118" HPOS="1434" VPOS="1328" WIDTH="131" HEIGHT="23" WC="0.96" CONTENT="redovisat"/><SP WIDTH="18" VPOS="1328" HPOS="1565"/>
							<String ID="string_119" HPOS="1583" VPOS="1328" WIDTH="47" HEIGHT="23" WC="0.96" CONTENT="den"/><SP WIDTH="20" VPOS="1328" HPOS="1630"/>
							<String ID="string_120" HPOS="1650" VPOS="1327" WIDTH="39" HEIGHT="24" WC="0.96" CONTENT="för"/><SP WIDTH="19" VPOS="1327" HPOS="1689"/>
							<String ID="string_121" HPOS="1708" VPOS="1326" WIDTH="157" HEIGHT="31" WC="0.96" CONTENT="nybyggnad"/>
						</TextLine>
						<TextLine ID="line_30" HPOS="875" VPOS="1360" WIDTH="990" HEIGHT="34">
							<String ID="string_122" HPOS="875" VPOS="1363" WIDTH="84" HEIGHT="24" WC="0.92" CONTENT="under"/><SP WIDTH="26" VPOS="1363" HPOS="959"/>
							<String ID="string_123" HPOS="985" VPOS="1362" WIDTH="233" HEIGHT="32" WC="0.91" CONTENT="arrendeperioden"/><SP WIDTH="26" VPOS="1362" HPOS="1218"/>
							<String ID="string_124" HPOS="1244" VPOS="1362" WIDTH="126" HEIGHT="29" WC="0.91" CONTENT="anslagna"/><SP WIDTH="19" VPOS="1362" HPOS="1370"/>
							<String ID="string_125" HPOS="1389" VPOS="1369" WIDTH="117" HEIGHT="17" WC="0.96" CONTENT="summan"/><SP WIDTH="20" VPOS="1369" HPOS="1506"/>
							<String ID="string_126" HPOS="1526" VPOS="1366" WIDTH="65" HEIGHT="19" WC="0.96" CONTENT="samt"/><SP WIDTH="18" VPOS="1366" HPOS="1591"/>
							<String ID="string_127" HPOS="1609" VPOS="1361" WIDTH="72" HEIGHT="31" WC="0.93" CONTENT="njuta"/><SP WIDTH="19" VPOS="1361" HPOS="1681"/>
							<String ID="string_128" HPOS="1700" VPOS="1360" WIDTH="91" HEIGHT="31" WC="0.92" CONTENT="afdrag"/><SP WIDTH="19" VPOS="1360" HPOS="1791"/>
							<String ID="string_129" HPOS="1810" VPOS="1360" WIDTH="55" HEIGHT="24" WC="0.96" CONTENT="med"/>
						</TextLine>
						<TextLine ID="line_31" HPOS="875" VPOS="1394" WIDTH="990" HEIGHT="32">
							<String ID="string_130" HPOS="875" VPOS="1397" WIDTH="51" HEIGHT="23" WC="0.95" CONTENT="430"/><SP WIDTH="26" VPOS="1397" HPOS="926"/>
							<String ID="string_131" HPOS="952" VPOS="1396" WIDTH="98" HEIGHT="24" WC="0.93" CONTENT="kronor"/><SP WIDTH="27" VPOS="1396" HPOS="1050"/>
							<String ID="string_132" HPOS="1077" VPOS="1395" WIDTH="14" HEIGHT="24" WC="0.88" CONTENT="å"/><SP WIDTH="28" VPOS="1395" HPOS="1091"/>
							<String ID="string_133" HPOS="1119" VPOS="1395" WIDTH="218" HEIGHT="31" WC="0.91" CONTENT="arrendeafgiften"/><SP WIDTH="29" VPOS="1395" HPOS="1337"/>
							<String ID="string_134" HPOS="1366" VPOS="1395" WIDTH="40" HEIGHT="24" WC="0.96" CONTENT="för"/><SP WIDTH="27" VPOS="1395" HPOS="1406"/>
							<String ID="string_135" HPOS="1433" VPOS="1396" WIDTH="43" HEIGHT="23" WC="0.96" CONTENT="det"/><SP WIDTH="23" VPOS="1396" HPOS="1476"/>
							<String ID="string_136" HPOS="1499" VPOS="1394" WIDTH="36" HEIGHT="30" WC="0.93" CONTENT="år,"/><SP WIDTH="18" VPOS="1394" HPOS="1535"/>
							<String ID="string_137" HPOS="1553" VPOS="1395" WIDTH="148" HEIGHT="24" WC="0.90" CONTENT="hvarunder"/><SP WIDTH="18" VPOS="1395" HPOS="1701"/>
							<String ID="string_138" HPOS="1719" VPOS="1394" WIDTH="146" HEIGHT="32" WC="0.91" CONTENT="byggnads-"/>
						</TextLine>
						<TextLine ID="line_32" HPOS="875" VPOS="1429" WIDTH="613" HEIGHT="31">
							<String ID="string_139" HPOS="875" VPOS="1430" WIDTH="124" HEIGHT="24" WC="0.96" CONTENT="arbetena"/><SP WIDTH="19" VPOS="1430" HPOS="999"/>
							<String ID="string_140" HPOS="1018" VPOS="1429" WIDTH="85" HEIGHT="25" WC="0.93" CONTENT="blifvit"/><SP WIDTH="18" VPOS="1429" HPOS="1103"/>
							<String ID="string_141" HPOS="1121" VPOS="1429" WIDTH="197" HEIGHT="31" WC="0.92" CONTENT="vederbörligen"/><SP WIDTH="20" VPOS="1429" HPOS="1318"/>
							<String ID="string_142" HPOS="1338" VPOS="1429" WIDTH="150" HEIGHT="30" WC="0.95" CONTENT="godkända."/>
						</TextLine>
					</TextBlock>
				</ComposedBlock>
				<ComposedBlock ID="cblock_22" HPOS="760" VPOS="1480" WIDTH="564" HEIGHT="80">
					<TextBlock ID="block_18" HPOS="760" VPOS="1480" WIDTH="564" HEIGHT="80">
						<TextLine ID="line_33" HPOS="761" VPOS="1480" WIDTH="563" HEIGHT="38">
							<String ID="string_143" HPOS="761" VPOS="1481" WIDTH="91" HEIGHT="36" WC="0.96" CONTENT="Bäck,"/><SP WIDTH="23" VPOS="1481" HPOS="852"/>
							<String ID="string_144" HPOS="875" VPOS="1482" WIDTH="133" HEIGHT="36" WC="0.92" CONTENT="indraget"/><SP WIDTH="23" VPOS="1482" HPOS="1008"/>
							<String ID="string_145" HPOS="1031" VPOS="1480" WIDTH="293" HEIGHT="37" WC="0.85" CONTENT="trumpetareboställe"/>
						</TextLine>
						<TextLine ID="line_34" HPOS="760" VPOS="1522" WIDTH="433" HEIGHT="38">
							<String ID="string_146" HPOS="760" VPOS="1523" WIDTH="123" HEIGHT="37" WC="0.92" CONTENT="Kymbo,"/><SP WIDTH="23" VPOS="1523" HPOS="883"/>
							<String ID="string_147" HPOS="906" VPOS="1523" WIDTH="46" HEIGHT="29" WC="0.85" CONTENT="d:o"/><SP WIDTH="22" VPOS="1523" HPOS="952"/>
							<String ID="string_148" HPOS="974" VPOS="1522" WIDTH="219" HEIGHT="31" WC="0.91" CONTENT="förareboställe"/>
						</TextLine>
					</TextBlock>
				</ComposedBlock>
				<ComposedBlock ID="cblock_23" HPOS="760" VPOS="1580" WIDTH="1109" HEIGHT="200">
					<TextBlock ID="block_19" HPOS="760" VPOS="1580" WIDTH="1109" HEIGHT="200">
						<TextLine ID="line_35" HPOS="760" VPOS="1580" WIDTH="1109" HEIGHT="32">
							<String ID="string_149" HPOS="760" VPOS="1580" WIDTH="77" HEIGHT="25" WC="0.82" CONTENT="Anm."/><SP WIDTH="37" VPOS="1580" HPOS="837"/>
							<String ID="string_150" HPOS="874" VPOS="1580" WIDTH="50" HEIGHT="25" WC="0.95" CONTENT="Om"/><SP WIDTH="26" VPOS="1580" HPOS="924"/>
							<String ID="string_151" HPOS="950" VPOS="1582" WIDTH="168" HEIGHT="23" WC="0.95" CONTENT="arrendatorn"/><SP WIDTH="20" VPOS="1582" HPOS="1118"/>
							<String ID="string_152" HPOS="1138" VPOS="1582" WIDTH="43" HEIGHT="23" WC="0.96" CONTENT="vid"/><SP WIDTH="20" VPOS="1582" HPOS="1181"/>
							<String ID="string_153" HPOS="1201" VPOS="1582" WIDTH="158" HEIGHT="30" WC="0.96" CONTENT="egendomen"/><SP WIDTH="20" VPOS="1582" HPOS="1359"/>
							<String ID="string_154" HPOS="1379" VPOS="1581" WIDTH="96" HEIGHT="31" WC="0.96" CONTENT="uppför"/><SP WIDTH="18" VPOS="1581" HPOS="1475"/>
							<String ID="string_155" HPOS="1493" VPOS="1584" WIDTH="57" HEIGHT="28" WC="0.96" CONTENT="nytt"/><SP WIDTH="18" VPOS="1584" HPOS="1550"/>
							<String ID="string_156" HPOS="1568" VPOS="1580" WIDTH="169" HEIGHT="31" WC="0.96" CONTENT="boningshus,"/><SP WIDTH="19" VPOS="1580" HPOS="1737"/>
							<String ID="string_157" HPOS="1756" VPOS="1580" WIDTH="113" HEIGHT="32" WC="0.96" CONTENT="åtnjuter"/>
						</TextLine>
						<TextLine ID="line_36" HPOS="876" VPOS="1614" WIDTH="992" HEIGHT="32">
							<String ID="string_158" HPOS="876" VPOS="1615" WIDTH="62" HEIGHT="30" WC="0.96" CONTENT="han,"/><SP WIDTH="19" VPOS="1615" HPOS="938"/>
							<String ID="string_159" HPOS="957" VPOS="1615" WIDTH="84" HEIGHT="30" WC="0.95" CONTENT="enligt"/><SP WIDTH="18" VPOS="1615" HPOS="1041"/>
							<String ID="string_160" HPOS="1059" VPOS="1615" WIDTH="90" HEIGHT="31" WC="0.93" CONTENT="kungl."/><SP WIDTH="21" VPOS="1615" HPOS="1149"/>
							<String ID="string_161" HPOS="1170" VPOS="1615" WIDTH="235" HEIGHT="31" WC="0.92" CONTENT="domänstyrelsens"/><SP WIDTH="18" VPOS="1615" HPOS="1405"/>
							<String ID="string_162" HPOS="1423" VPOS="1615" WIDTH="85" HEIGHT="24" WC="0.96" CONTENT="beslut"/><SP WIDTH="18" VPOS="1615" HPOS="1508"/>
							<String ID="string_163" HPOS="1526" VPOS="1615" WIDTH="47" HEIGHT="23" WC="0.96" CONTENT="den"/><SP WIDTH="21" VPOS="1615" HPOS="1573"/>
							<String ID="string_164" HPOS="1594" VPOS="1616" WIDTH="30" HEIGHT="23" WC="0.96" CONTENT="28"/><SP WIDTH="15" VPOS="1616" HPOS="1624"/>
							<String ID="string_165" HPOS="1639" VPOS="1614" WIDTH="143" HEIGHT="31" WC="0.96" CONTENT="september"/><SP WIDTH="15" VPOS="1614" HPOS="1782"/>
							<String ID="string_166" HPOS="1797" VPOS="1616" WIDTH="71" HEIGHT="28" WC="0.96" CONTENT="1900,"/>
						</TextLine>
						<TextLine ID="line_37" HPOS="876" VPOS="1648" WIDTH="992" HEIGHT="32">
							<String ID="string_167" HPOS="876" VPOS="1648" WIDTH="159" HEIGHT="31" WC="0.91" CONTENT="afskrifning"/><SP WIDTH="19" VPOS="1648" HPOS="1035"/>
							<String ID="string_168" HPOS="1054" VPOS="1649" WIDTH="28" HEIGHT="24" WC="0.96" CONTENT="af"/><SP WIDTH="16" VPOS="1649" HPOS="1082"/>
							<String ID="string_169" HPOS="1098" VPOS="1649" WIDTH="47" HEIGHT="24" WC="0.96" CONTENT="den"/><SP WIDTH="21" VPOS="1649" HPOS="1145"/>
							<String ID="string_170" HPOS="1166" VPOS="1648" WIDTH="40" HEIGHT="25" WC="0.96" CONTENT="för"/><SP WIDTH="19" VPOS="1648" HPOS="1206"/>
							<String ID="string_171" HPOS="1225" VPOS="1649" WIDTH="158" HEIGHT="31" WC="0.96" CONTENT="nybyggnad"/><SP WIDTH="20" VPOS="1649" HPOS="1383"/>
							<String ID="string_172" HPOS="1403" VPOS="1649" WIDTH="82" HEIGHT="23" WC="0.93" CONTENT="under"/><SP WIDTH="12" VPOS="1649" HPOS="1485"/>
							<String ID="string_173" HPOS="1497" VPOS="1648" WIDTH="231" HEIGHT="32" WC="0.91" CONTENT="arrendeperioden"/><SP WIDTH="13" VPOS="1648" HPOS="1728"/>
							<String ID="string_174" HPOS="1741" VPOS="1649" WIDTH="127" HEIGHT="28" WC="0.91" CONTENT="anslagna"/>
						</TextLine>
						<TextLine ID="line_38" HPOS="876" VPOS="1682" WIDTH="992" HEIGHT="31">
							<String ID="string_175" HPOS="876" VPOS="1690" WIDTH="118" HEIGHT="16" WC="0.96" CONTENT="summan"/><SP WIDTH="27" VPOS="1690" HPOS="994"/>
							<String ID="string_176" HPOS="1021" VPOS="1687" WIDTH="66" HEIGHT="20" WC="0.92" CONTENT="samt"/><SP WIDTH="26" VPOS="1687" HPOS="1087"/>
							<String ID="string_177" HPOS="1113" VPOS="1682" WIDTH="93" HEIGHT="31" WC="0.91" CONTENT="afdrag"/><SP WIDTH="24" VPOS="1682" HPOS="1206"/>
							<String ID="string_178" HPOS="1230" VPOS="1682" WIDTH="15" HEIGHT="24" WC="0.91" CONTENT="å"/><SP WIDTH="18" VPOS="1682" HPOS="1245"/>
							<String ID="string_179" HPOS="1263" VPOS="1683" WIDTH="120" HEIGHT="23" WC="0.89" CONTENT="arrendet"/><SP WIDTH="19" VPOS="1683" HPOS="1383"/>
							<String ID="string_180" HPOS="1402" VPOS="1683" WIDTH="56" HEIGHT="23" WC="0.93" CONTENT="med"/><SP WIDTH="21" VPOS="1683" HPOS="1458"/>
							<String ID="string_181" HPOS="1479" VPOS="1683" WIDTH="74" HEIGHT="29" WC="0.89" CONTENT="2,680"/><SP WIDTH="19" VPOS="1683" HPOS="1553"/>
							<String ID="string_182" HPOS="1572" VPOS="1682" WIDTH="97" HEIGHT="24" WC="0.96" CONTENT="kronor"/><SP WIDTH="18" VPOS="1682" HPOS="1669"/>
							<String ID="string_183" HPOS="1687" VPOS="1685" WIDTH="38" HEIGHT="20" WC="0.96" CONTENT="att"/><SP WIDTH="18" VPOS="1685" HPOS="1725"/>
							<String ID="string_184" HPOS="1743" VPOS="1682" WIDTH="55" HEIGHT="24" WC="0.93" CONTENT="lika"/><SP WIDTH="18" VPOS="1682" HPOS="1798"/>
							<String ID="string_185" HPOS="1816" VPOS="1682" WIDTH="52" HEIGHT="23" WC="0.90" CONTENT="för-"/>
						</TextLine>
						<TextLine ID="line_39" HPOS="876" VPOS="1715" WIDTH="993" HEIGHT="33">
							<String ID="string_186" HPOS="876" VPOS="1716" WIDTH="74" HEIGHT="24" WC="0.95" CONTENT="delas"/><SP WIDTH="18" VPOS="1716" HPOS="950"/>
							<String ID="string_187" HPOS="968" VPOS="1715" WIDTH="33" HEIGHT="33" WC="0.96" CONTENT="på"/><SP WIDTH="18" VPOS="1715" HPOS="1001"/>
							<String ID="string_188" HPOS="1019" VPOS="1716" WIDTH="30" HEIGHT="24" WC="0.96" CONTENT="de"/><SP WIDTH="19" VPOS="1716" HPOS="1049"/>
							<String ID="string_189" HPOS="1068" VPOS="1716" WIDTH="49" HEIGHT="24" WC="0.96" CONTENT="fem"/><SP WIDTH="19" VPOS="1716" HPOS="1117"/>
							<String ID="string_190" HPOS="1136" VPOS="1719" WIDTH="115" HEIGHT="21" WC="0.96" CONTENT="närmast"/><SP WIDTH="12" VPOS="1719" HPOS="1251"/>
							<String ID="string_191" HPOS="1263" VPOS="1716" WIDTH="63" HEIGHT="24" WC="0.96" CONTENT="efter"/><SP WIDTH="13" VPOS="1716" HPOS="1326"/>
							<String ID="string_192" HPOS="1339" VPOS="1716" WIDTH="171" HEIGHT="31" WC="0.93" CONTENT="byggnadens"/><SP WIDTH="13" VPOS="1716" HPOS="1510"/>
							<String ID="string_193" HPOS="1523" VPOS="1716" WIDTH="144" HEIGHT="31" WC="0.92" CONTENT="insynande"/><SP WIDTH="14" VPOS="1716" HPOS="1667"/>
							<String ID="string_194" HPOS="1681" VPOS="1715" WIDTH="39" HEIGHT="24" WC="0.96" CONTENT="till"/><SP WIDTH="15" VPOS="1715" HPOS="1720"/>
							<String ID="string_195" HPOS="1735" VPOS="1716" WIDTH="134" HEIGHT="30" WC="0.96" CONTENT="betalning"/>
						</TextLine>
						<TextLine ID="line_40" HPOS="876" VPOS="1749" WIDTH="435" HEIGHT="31">
							<String ID="string_196" HPOS="876" VPOS="1749" WIDTH="158" HEIGHT="25" WC="0.91" CONTENT="förfallande"/><SP WIDTH="19" VPOS="1749" HPOS="1034"/>
							<String ID="string_197" HPOS="1053" VPOS="1749" WIDTH="258" HEIGHT="31" WC="0.91" CONTENT="arrendeafgifterna."/>
						</TextLine>
					</TextBlock>
				</ComposedBlock>
				<Illustration ID="cblock_24" HPOS="1201" VPOS="1503" WIDTH="665" HEIGHT="48"></Illustration>
				<GraphicalElement ID="cblock_25" HPOS="1874" VPOS="281" WIDTH="8" HEIGHT="1226"></GraphicalElement >
				<GraphicalElement ID="cblock_26" HPOS="1286" VPOS="666" WIDTH="855" HEIGHT="9"></GraphicalElement >
				<GraphicalElement ID="cblock_27" HPOS="2019" VPOS="972" WIDTH="5" HEIGHT="363"></GraphicalElement >
				<GraphicalElement ID="cblock_28" HPOS="2143" VPOS="288" WIDTH="5" HEIGHT="864"></GraphicalElement >
				<ComposedBlock ID="cblock_29" HPOS="1005" VPOS="396" WIDTH="1142" HEIGHT="1437">
					<TextBlock ID="block_20" HPOS="1005" VPOS="396" WIDTH="1142" HEIGHT="1437">
						<TextLine ID="line_41" HPOS="1938" VPOS="396" WIDTH="160" HEIGHT="44">
							<String ID="string_198" HPOS="1938" VPOS="396" WIDTH="26" HEIGHT="44" WC="0.0" CONTENT="A"/><SP WIDTH="109" VPOS="396" HPOS="1964"/>
							<String ID="string_199" HPOS="2073" VPOS="407" WIDTH="25" HEIGHT="28" WC="0.71" CONTENT="="/>
						</TextLine>
						<TextLine ID="line_42" HPOS="1938" VPOS="437" WIDTH="152" HEIGHT="32">
							<String ID="string_200" HPOS="1938" VPOS="442" WIDTH="18" HEIGHT="25" WC="0.73" CONTENT="="/><SP WIDTH="116" VPOS="442" HPOS="1956"/>
							<String ID="string_201" HPOS="2072" VPOS="437" WIDTH="18" HEIGHT="32" WC="0.84" CONTENT="5"/>
						</TextLine>
						<TextLine ID="line_43" HPOS="1938" VPOS="470" WIDTH="160" HEIGHT="41">
							<String ID="string_202" HPOS="1938" VPOS="470" WIDTH="18" HEIGHT="40" WC="0.44" CONTENT="-"/><SP WIDTH="116" VPOS="470" HPOS="1956"/>
							<String ID="string_203" HPOS="2072" VPOS="473" WIDTH="26" HEIGHT="38" WC="0.60" CONTENT="E"/>
						</TextLine>
						<TextLine ID="line_44" HPOS="1701" VPOS="678" WIDTH="422" HEIGHT="90">
							<String ID="string_204" HPOS="1701" VPOS="707" WIDTH="161" HEIGHT="45" WC="0.94" CONTENT="Transport"/><SP WIDTH="134" VPOS="707" HPOS="1862"/>
							<String ID="string_205" HPOS="1996" VPOS="678" WIDTH="24" HEIGHT="90" WC="0.79" CONTENT="|"/>
						</TextLine>
						<TextLine ID="line_45" HPOS="1989" VPOS="836" WIDTH="158" HEIGHT="104">
							<String ID="string_206" HPOS="1989" VPOS="836" WIDTH="31" HEIGHT="104" WC="0.26" CONTENT="|"/><SP WIDTH="87" VPOS="836" HPOS="2020"/>
							<String ID="string_207" HPOS="2107" VPOS="876" WIDTH="14" HEIGHT="28" WC="0.16" CONTENT="1"/><SP WIDTH="23" VPOS="876" HPOS="2121"/>
							<String ID="string_208" HPOS="2144" VPOS="866" WIDTH="3" HEIGHT="26" WC="0.16" CONTENT="|"/>
						</TextLine>
						<TextLine ID="line_46" HPOS="1991" VPOS="917" WIDTH="132" HEIGHT="43">
							<String ID="string_209" HPOS="1991" VPOS="920" WIDTH="30" HEIGHT="40" WC="0.53" CONTENT="11"/><SP WIDTH="65" VPOS="920" HPOS="2021"/>
							<String ID="string_210" HPOS="2086" VPOS="917" WIDTH="37" HEIGHT="41" WC="0.26" CONTENT="MN;"/>
						</TextLine>
						<TextLine ID="line_47" HPOS="1989" VPOS="1035" WIDTH="136" HEIGHT="40">
							<String ID="string_211" HPOS="1989" VPOS="1038" WIDTH="16" HEIGHT="29" WC="0.96" CONTENT="1"/><SP WIDTH="80" VPOS="1038" HPOS="2005"/>
							<String ID="string_212" HPOS="2085" VPOS="1035" WIDTH="40" HEIGHT="40" WC="0.34" CONTENT="17."/>
						</TextLine>
						<TextLine ID="line_48" HPOS="1992" VPOS="1077" WIDTH="132" HEIGHT="40">
							<String ID="string_213" HPOS="1992" VPOS="1080" WIDTH="12" HEIGHT="28" WC="0.44" CONTENT="1"/><SP WIDTH="84" VPOS="1080" HPOS="2004"/>
							<String ID="string_214" HPOS="2088" VPOS="1077" WIDTH="36" HEIGHT="40" WC="0.17" CONTENT="&quot;3"/>
						</TextLine>
						<TextLine ID="line_49" HPOS="1990" VPOS="1120" WIDTH="132" HEIGHT="30">
							<String ID="string_215" HPOS="1990" VPOS="1122" WIDTH="15" HEIGHT="28" WC="0.94" CONTENT="1"/><SP WIDTH="105" VPOS="1122" HPOS="2005"/>
							<String ID="string_216" HPOS="2110" VPOS="1120" WIDTH="12" HEIGHT="28" WC="0.96" CONTENT="1"/>
						</TextLine>
						<TextLine ID="line_50" HPOS="1005" VPOS="1123" WIDTH="1119" HEIGHT="82">
							<String ID="string_217" HPOS="1005" VPOS="1124" WIDTH="67" HEIGHT="81" WC="0.44" CONTENT="jao"/><SP WIDTH="26" VPOS="1124" HPOS="1072"/>
							<String ID="string_218" HPOS="1098" VPOS="1147" WIDTH="739" HEIGHT="36" WC="0.0" CONTENT="Sergeantsboställe...........eeeecermemrersnrssra"/><SP WIDTH="13" VPOS="1147" HPOS="1837"/>
							<String ID="string_219" HPOS="1850" VPOS="1123" WIDTH="11" HEIGHT="79" WC="0.24" CONTENT="|"/><SP WIDTH="129" VPOS="1123" HPOS="1861"/>
							<String ID="string_220" HPOS="1990" VPOS="1164" WIDTH="17" HEIGHT="29" WC="0.36" CONTENT="Få"/>
						</TextLine>
						<TextLine ID="line_51" HPOS="1939" VPOS="1474" WIDTH="185" HEIGHT="38">
							<String ID="string_221" HPOS="1939" VPOS="1477" WIDTH="72" HEIGHT="35" WC="0.96" CONTENT="2,4"/><SP WIDTH="101" VPOS="1477" HPOS="2011"/>
							<String ID="string_222" HPOS="2112" VPOS="1474" WIDTH="12" HEIGHT="29" WC="0.96" CONTENT="1"/>
						</TextLine>
						<TextLine ID="line_52" HPOS="1939" VPOS="1516" WIDTH="186" HEIGHT="38">
							<String ID="string_223" HPOS="1939" VPOS="1520" WIDTH="29" HEIGHT="34" WC="0.94" CONTENT="3,"/><SP WIDTH="25" VPOS="1520" HPOS="1968"/>
							<String ID="string_224" HPOS="1993" VPOS="1520" WIDTH="18" HEIGHT="29" WC="0.94" CONTENT="5"/><SP WIDTH="101" VPOS="1520" HPOS="2011"/>
							<String ID="string_225" HPOS="2112" VPOS="1516" WIDTH="13" HEIGHT="29" WC="0.86" CONTENT="1"/>
						</TextLine>
						<TextLine ID="line_53" HPOS="1902" VPOS="1793" WIDTH="223" HEIGHT="40">
							<String ID="string_226" HPOS="1902" VPOS="1797" WIDTH="29" HEIGHT="36" WC="0.94" CONTENT="3,"/><SP WIDTH="16" VPOS="1797" HPOS="1931"/>
							<String ID="string_227" HPOS="1947" VPOS="1797" WIDTH="30" HEIGHT="34" WC="0.87" CONTENT="6,"/><SP WIDTH="16" VPOS="1797" HPOS="1977"/>
							<String ID="string_228" HPOS="1993" VPOS="1796" WIDTH="18" HEIGHT="29" WC="0.87" CONTENT="9"/><SP WIDTH="99" VPOS="1796" HPOS="2011"/>
							<String ID="string_229" HPOS="2110" VPOS="1793" WIDTH="15" HEIGHT="29" WC="0.96" CONTENT="1"/>
						</TextLine>
					</TextBlock>
				</ComposedBlock>
				<ComposedBlock ID="cblock_30" HPOS="760" VPOS="1800" WIDTH="1106" HEIGHT="38">
					<TextBlock ID="block_21" HPOS="760" VPOS="1800" WIDTH="1106" HEIGHT="38">
						<TextLine ID="line_54" HPOS="760" VPOS="1800" WIDTH="1106" HEIGHT="38">
							<String ID="string_230" HPOS="760" VPOS="1800" WIDTH="134" HEIGHT="38" WC="0.91" CONTENT="Suntack,"/><SP WIDTH="23" VPOS="1800" HPOS="894"/>
							<String ID="string_231" HPOS="917" VPOS="1801" WIDTH="132" HEIGHT="37" WC="0.93" CONTENT="indraget"/><SP WIDTH="21" VPOS="1801" HPOS="1049"/>
							<String ID="string_232" HPOS="1070" VPOS="1800" WIDTH="334" HEIGHT="38" WC="0.91" CONTENT="kompanichefsboställe"/><SP WIDTH="21" VPOS="1800" HPOS="1404"/>
							<String ID="string_233" HPOS="1425" VPOS="1796" WIDTH="16" HEIGHT="47" WC="0.0" CONTENT="=."/><SP WIDTH="7" VPOS="1796" HPOS="1441"/>
							<String ID="string_234" HPOS="1448" VPOS="1823" WIDTH="418" HEIGHT="6" WC="0.0" CONTENT="nssmmnmssrssesrrererssrserssnnne"/><SP WIDTH="-38" VPOS="1823" HPOS="1866"/>
							<String ID="string_235" HPOS="1828" VPOS="1796" WIDTH="18" HEIGHT="47" WC="0.0" CONTENT="rn"/><SP WIDTH="2" VPOS="1796" HPOS="1846"/>
							<String ID="string_236" HPOS="1848" VPOS="1796" WIDTH="22" HEIGHT="47" WC="0.19" CONTENT="na"/>
						</TextLine>
					</TextBlock>
				</ComposedBlock>
				<ComposedBlock ID="cblock_31" HPOS="760" VPOS="1857" WIDTH="1109" HEIGHT="370">
					<TextBlock ID="block_22" HPOS="760" VPOS="1857" WIDTH="1109" HEIGHT="234">
						<TextLine ID="line_55" HPOS="760" VPOS="1857" WIDTH="1109" HEIGHT="33">
							<String ID="string_237" HPOS="760" VPOS="1857" WIDTH="80" HEIGHT="26" WC="0.92" CONTENT="Anm."/><SP WIDTH="37" VPOS="1857" HPOS="840"/>
							<String ID="string_238" HPOS="877" VPOS="1859" WIDTH="59" HEIGHT="24" WC="0.95" CONTENT="Den"/><SP WIDTH="20" VPOS="1859" HPOS="936"/>
							<String ID="string_239" HPOS="956" VPOS="1859" WIDTH="31" HEIGHT="24" WC="0.96" CONTENT="27"/><SP WIDTH="20" VPOS="1859" HPOS="987"/>
							<String ID="string_240" HPOS="1007" VPOS="1859" WIDTH="143" HEIGHT="31" WC="0.96" CONTENT="september"/><SP WIDTH="22" VPOS="1859" HPOS="1150"/>
							<String ID="string_241" HPOS="1172" VPOS="1860" WIDTH="60" HEIGHT="23" WC="0.96" CONTENT="1901"/><SP WIDTH="21" VPOS="1860" HPOS="1232"/>
							<String ID="string_242" HPOS="1253" VPOS="1859" WIDTH="48" HEIGHT="24" WC="0.96" CONTENT="har"/><SP WIDTH="18" VPOS="1859" HPOS="1301"/>
							<String ID="string_243" HPOS="1319" VPOS="1859" WIDTH="92" HEIGHT="30" WC="0.92" CONTENT="kungl."/><SP WIDTH="20" VPOS="1859" HPOS="1411"/>
							<String ID="string_244" HPOS="1431" VPOS="1859" WIDTH="222" HEIGHT="30" WC="0.91" CONTENT="domänstyrelsen"/><SP WIDTH="20" VPOS="1859" HPOS="1653"/>
							<String ID="string_245" HPOS="1673" VPOS="1858" WIDTH="142" HEIGHT="30" WC="0.88" CONTENT="medgifvit,"/><SP WIDTH="16" VPOS="1858" HPOS="1815"/>
							<String ID="string_246" HPOS="1831" VPOS="1861" WIDTH="38" HEIGHT="20" WC="0.96" CONTENT="att"/>
						</TextLine>
						<TextLine ID="line_56" HPOS="876" VPOS="1892" WIDTH="992" HEIGHT="32">
							<String ID="string_247" HPOS="876" VPOS="1900" WIDTH="43" HEIGHT="17" WC="0.96" CONTENT="om"/><SP WIDTH="27" VPOS="1900" HPOS="919"/>
							<String ID="string_248" HPOS="946" VPOS="1893" WIDTH="169" HEIGHT="24" WC="0.94" CONTENT="arrendatorn"/><SP WIDTH="28" VPOS="1893" HPOS="1115"/>
							<String ID="string_249" HPOS="1143" VPOS="1893" WIDTH="72" HEIGHT="24" WC="0.95" CONTENT="inom"/><SP WIDTH="28" VPOS="1893" HPOS="1215"/>
							<String ID="string_250" HPOS="1243" VPOS="1893" WIDTH="48" HEIGHT="23" WC="0.95" CONTENT="den"/><SP WIDTH="29" VPOS="1893" HPOS="1291"/>
							<String ID="string_251" HPOS="1320" VPOS="1894" WIDTH="11" HEIGHT="22" WC="0.96" CONTENT="1"/><SP WIDTH="30" VPOS="1894" HPOS="1331"/>
							<String ID="string_252" HPOS="1361" VPOS="1892" WIDTH="112" HEIGHT="24" WC="0.96" CONTENT="oktober"/><SP WIDTH="29" VPOS="1892" HPOS="1473"/>
							<String ID="string_253" HPOS="1502" VPOS="1893" WIDTH="62" HEIGHT="23" WC="0.96" CONTENT="1903"/><SP WIDTH="25" VPOS="1893" HPOS="1564"/>
							<String ID="string_254" HPOS="1589" VPOS="1892" WIDTH="93" HEIGHT="32" WC="0.96" CONTENT="uppför"/><SP WIDTH="18" VPOS="1892" HPOS="1682"/>
							<String ID="string_255" HPOS="1700" VPOS="1892" WIDTH="43" HEIGHT="24" WC="0.93" CONTENT="vid"/><SP WIDTH="19" VPOS="1892" HPOS="1743"/>
							<String ID="string_256" HPOS="1762" VPOS="1892" WIDTH="106" HEIGHT="24" WC="0.92" CONTENT="Porssa-"/>
						</TextLine>
						<TextLine ID="line_57" HPOS="877" VPOS="1925" WIDTH="991" HEIGHT="32">
							<String ID="string_257" HPOS="877" VPOS="1925" WIDTH="98" HEIGHT="32" WC="0.96" CONTENT="gården"/><SP WIDTH="27" VPOS="1925" HPOS="975"/>
							<String ID="string_258" HPOS="1002" VPOS="1930" WIDTH="36" HEIGHT="21" WC="0.96" CONTENT="ett"/><SP WIDTH="25" VPOS="1930" HPOS="1038"/>
							<String ID="string_259" HPOS="1063" VPOS="1926" WIDTH="162" HEIGHT="31" WC="0.96" CONTENT="boningshus"/><SP WIDTH="19" VPOS="1926" HPOS="1225"/>
							<String ID="string_260" HPOS="1244" VPOS="1927" WIDTH="47" HEIGHT="23" WC="0.96" CONTENT="och"/><SP WIDTH="20" VPOS="1927" HPOS="1291"/>
							<String ID="string_261" HPOS="1311" VPOS="1933" WIDTH="31" HEIGHT="17" WC="0.93" CONTENT="en"/><SP WIDTH="20" VPOS="1933" HPOS="1342"/>
							<String ID="string_262" HPOS="1362" VPOS="1926" WIDTH="136" HEIGHT="24" WC="0.91" CONTENT="sädeslada"/><SP WIDTH="19" VPOS="1926" HPOS="1498"/>
							<String ID="string_263" HPOS="1517" VPOS="1925" WIDTH="16" HEIGHT="24" WC="0.89" CONTENT="å"/><SP WIDTH="18" VPOS="1925" HPOS="1533"/>
							<String ID="string_264" HPOS="1551" VPOS="1926" WIDTH="119" HEIGHT="24" WC="0.91" CONTENT="utskiftet"/><SP WIDTH="18" VPOS="1926" HPOS="1670"/>
							<String ID="string_265" HPOS="1688" VPOS="1926" WIDTH="180" HEIGHT="29" WC="0.83" CONTENT="Bränningen,"/>
						</TextLine>
						<TextLine ID="line_58" HPOS="876" VPOS="1959" WIDTH="992" HEIGHT="32">
							<String ID="string_266" HPOS="876" VPOS="1960" WIDTH="68" HEIGHT="24" WC="0.95" CONTENT="skall"/><SP WIDTH="28" VPOS="1960" HPOS="944"/>
							<String ID="string_267" HPOS="972" VPOS="1960" WIDTH="51" HEIGHT="24" WC="0.95" CONTENT="han"/><SP WIDTH="28" VPOS="1960" HPOS="1023"/>
							<String ID="string_268" HPOS="1051" VPOS="1967" WIDTH="74" HEIGHT="17" WC="0.96" CONTENT="anses"/><SP WIDTH="24" VPOS="1967" HPOS="1125"/>
							<String ID="string_269" HPOS="1149" VPOS="1960" WIDTH="79" HEIGHT="25" WC="0.96" CONTENT="hafva"/><SP WIDTH="19" VPOS="1960" HPOS="1228"/>
							<String ID="string_270" HPOS="1247" VPOS="1960" WIDTH="130" HEIGHT="24" WC="0.96" CONTENT="redovisat"/><SP WIDTH="18" VPOS="1960" HPOS="1377"/>
							<String ID="string_271" HPOS="1395" VPOS="1960" WIDTH="71" HEIGHT="24" WC="0.96" CONTENT="förut"/><SP WIDTH="18" VPOS="1960" HPOS="1466"/>
							<String ID="string_272" HPOS="1484" VPOS="1960" WIDTH="21" HEIGHT="31" WC="0.96" CONTENT="ej"/><SP WIDTH="21" VPOS="1960" HPOS="1505"/>
							<String ID="string_273" HPOS="1526" VPOS="1960" WIDTH="170" HEIGHT="31" WC="0.96" CONTENT="disponerade"/><SP WIDTH="19" VPOS="1960" HPOS="1696"/>
							<String ID="string_274" HPOS="1715" VPOS="1959" WIDTH="41" HEIGHT="24" WC="0.96" CONTENT="del"/><SP WIDTH="19" VPOS="1959" HPOS="1756"/>
							<String ID="string_275" HPOS="1775" VPOS="1959" WIDTH="28" HEIGHT="24" WC="0.96" CONTENT="af"/><SP WIDTH="17" VPOS="1959" HPOS="1803"/>
							<String ID="string_276" HPOS="1820" VPOS="1959" WIDTH="48" HEIGHT="23" WC="0.96" CONTENT="den"/>
						</TextLine>
						<TextLine ID="line_59" HPOS="875" VPOS="1993" WIDTH="992" HEIGHT="32">
							<String ID="string_277" HPOS="875" VPOS="1993" WIDTH="42" HEIGHT="25" WC="0.96" CONTENT="för"/><SP WIDTH="18" VPOS="1993" HPOS="917"/>
							<String ID="string_278" HPOS="935" VPOS="1994" WIDTH="159" HEIGHT="31" WC="0.96" CONTENT="nybyggnad"/><SP WIDTH="19" VPOS="1994" HPOS="1094"/>
							<String ID="string_279" HPOS="1113" VPOS="1995" WIDTH="82" HEIGHT="23" WC="0.93" CONTENT="under"/><SP WIDTH="18" VPOS="1995" HPOS="1195"/>
							<String ID="string_280" HPOS="1213" VPOS="1994" WIDTH="236" HEIGHT="31" WC="0.90" CONTENT="arrendeperioden"/><SP WIDTH="20" VPOS="1994" HPOS="1449"/>
							<String ID="string_281" HPOS="1469" VPOS="1993" WIDTH="125" HEIGHT="31" WC="0.91" CONTENT="anslagna"/><SP WIDTH="19" VPOS="1993" HPOS="1594"/>
							<String ID="string_282" HPOS="1613" VPOS="2000" WIDTH="117" HEIGHT="17" WC="0.96" CONTENT="summan"/><SP WIDTH="19" VPOS="2000" HPOS="1730"/>
							<String ID="string_283" HPOS="1749" VPOS="1996" WIDTH="66" HEIGHT="21" WC="0.93" CONTENT="samt"/><SP WIDTH="14" VPOS="1996" HPOS="1815"/>
							<String ID="string_284" HPOS="1829" VPOS="1999" WIDTH="38" HEIGHT="17" WC="0.90" CONTENT="er-"/>
						</TextLine>
						<TextLine ID="line_60" HPOS="876" VPOS="2026" WIDTH="993" HEIGHT="32">
							<String ID="string_285" HPOS="876" VPOS="2026" WIDTH="74" HEIGHT="26" WC="0.94" CONTENT="hålla"/><SP WIDTH="27" VPOS="2026" HPOS="950"/>
							<String ID="string_286" HPOS="977" VPOS="2027" WIDTH="117" HEIGHT="25" WC="0.94" CONTENT="befrielse"/><SP WIDTH="28" VPOS="2027" HPOS="1094"/>
							<String ID="string_287" HPOS="1122" VPOS="2027" WIDTH="57" HEIGHT="25" WC="0.93" CONTENT="från"/><SP WIDTH="29" VPOS="2027" HPOS="1179"/>
							<String ID="string_288" HPOS="1208" VPOS="2028" WIDTH="170" HEIGHT="30" WC="0.91" CONTENT="erläggandet"/><SP WIDTH="20" VPOS="2028" HPOS="1378"/>
							<String ID="string_289" HPOS="1398" VPOS="2027" WIDTH="29" HEIGHT="24" WC="0.95" CONTENT="af"/><SP WIDTH="16" VPOS="2027" HPOS="1427"/>
							<String ID="string_290" HPOS="1443" VPOS="2028" WIDTH="49" HEIGHT="23" WC="0.96" CONTENT="den"/><SP WIDTH="20" VPOS="2028" HPOS="1492"/>
							<String ID="string_291" HPOS="1512" VPOS="2030" WIDTH="57" HEIGHT="21" WC="0.96" CONTENT="näst"/><SP WIDTH="17" VPOS="2030" HPOS="1569"/>
							<String ID="string_292" HPOS="1586" VPOS="2027" WIDTH="65" HEIGHT="24" WC="0.96" CONTENT="efter"/><SP WIDTH="19" VPOS="2027" HPOS="1651"/>
							<String ID="string_293" HPOS="1670" VPOS="2027" WIDTH="199" HEIGHT="30" WC="0.95" CONTENT="byggnadernas"/>
						</TextLine>
						<TextLine ID="line_61" HPOS="877" VPOS="2060" WIDTH="619" HEIGHT="31">
							<String ID="string_294" HPOS="877" VPOS="2061" WIDTH="192" HEIGHT="30" WC="0.93" CONTENT="godkännande"/><SP WIDTH="19" VPOS="2061" HPOS="1069"/>
							<String ID="string_295" HPOS="1088" VPOS="2061" WIDTH="158" HEIGHT="24" WC="0.90" CONTENT="förfallande"/><SP WIDTH="18" VPOS="2061" HPOS="1246"/>
							<String ID="string_296" HPOS="1264" VPOS="2060" WIDTH="232" HEIGHT="31" WC="0.86" CONTENT="arrendeafgiften;"/>
						</TextLine>
					</TextBlock>
					<TextBlock ID="block_23" HPOS="876" VPOS="2093" WIDTH="993" HEIGHT="134">
						<TextLine ID="line_62" HPOS="945" VPOS="2093" WIDTH="924" HEIGHT="32">
							<String ID="string_297" HPOS="945" VPOS="2094" WIDTH="48" HEIGHT="25" WC="0.96" CONTENT="och"/><SP WIDTH="27" VPOS="2094" HPOS="993"/>
							<String ID="string_298" HPOS="1020" VPOS="2102" WIDTH="41" HEIGHT="17" WC="0.93" CONTENT="om"/><SP WIDTH="28" VPOS="2102" HPOS="1061"/>
							<String ID="string_299" HPOS="1089" VPOS="2095" WIDTH="170" HEIGHT="24" WC="0.93" CONTENT="arrendatorn"/><SP WIDTH="27" VPOS="2095" HPOS="1259"/>
							<String ID="string_300" HPOS="1286" VPOS="2095" WIDTH="69" HEIGHT="24" WC="0.96" CONTENT="inom"/><SP WIDTH="29" VPOS="2095" HPOS="1355"/>
							<String ID="string_301" HPOS="1384" VPOS="2095" WIDTH="49" HEIGHT="23" WC="0.96" CONTENT="den"/><SP WIDTH="32" VPOS="2095" HPOS="1433"/>
							<String ID="string_302" HPOS="1465" VPOS="2096" WIDTH="10" HEIGHT="22" WC="0.96" CONTENT="1"/><SP WIDTH="30" VPOS="2096" HPOS="1475"/>
							<String ID="string_303" HPOS="1505" VPOS="2094" WIDTH="109" HEIGHT="24" WC="0.94" CONTENT="oktober"/><SP WIDTH="29" VPOS="2094" HPOS="1614"/>
							<String ID="string_304" HPOS="1643" VPOS="2095" WIDTH="63" HEIGHT="23" WC="0.95" CONTENT="1904"/><SP WIDTH="20" VPOS="2095" HPOS="1706"/>
							<String ID="string_305" HPOS="1726" VPOS="2093" WIDTH="93" HEIGHT="32" WC="0.96" CONTENT="uppför"/><SP WIDTH="18" VPOS="2093" HPOS="1819"/>
							<String ID="string_306" HPOS="1837" VPOS="2100" WIDTH="32" HEIGHT="17" WC="0.96" CONTENT="en"/>
						</TextLine>
						<TextLine ID="line_63" HPOS="876" VPOS="2126" WIDTH="993" HEIGHT="33">
							<String ID="string_307" HPOS="876" VPOS="2128" WIDTH="121" HEIGHT="30" WC="0.92" CONTENT="vagnbod"/><SP WIDTH="27" VPOS="2128" HPOS="997"/>
							<String ID="string_308" HPOS="1024" VPOS="2128" WIDTH="48" HEIGHT="24" WC="0.96" CONTENT="och"/><SP WIDTH="27" VPOS="2128" HPOS="1072"/>
							<String ID="string_309" HPOS="1099" VPOS="2129" WIDTH="102" HEIGHT="23" WC="0.95" CONTENT="vedbod"/><SP WIDTH="28" VPOS="2129" HPOS="1201"/>
							<String ID="string_310" HPOS="1229" VPOS="2133" WIDTH="66" HEIGHT="19" WC="0.93" CONTENT="samt"/><SP WIDTH="27" VPOS="2133" HPOS="1295"/>
							<String ID="string_311" HPOS="1322" VPOS="2128" WIDTH="143" HEIGHT="31" WC="0.92" CONTENT="ombygger"/><SP WIDTH="24" VPOS="2128" HPOS="1465"/>
							<String ID="string_312" HPOS="1489" VPOS="2128" WIDTH="86" HEIGHT="24" WC="0.96" CONTENT="stallet"/><SP WIDTH="18" VPOS="2128" HPOS="1575"/>
							<String ID="string_313" HPOS="1593" VPOS="2128" WIDTH="43" HEIGHT="24" WC="0.96" CONTENT="vid"/><SP WIDTH="20" VPOS="2128" HPOS="1636"/>
							<String ID="string_314" HPOS="1656" VPOS="2126" WIDTH="213" HEIGHT="31" WC="0.96" CONTENT="Klostergården,"/>
						</TextLine>
						<TextLine ID="line_64" HPOS="876" VPOS="2160" WIDTH="993" HEIGHT="32">
							<String ID="string_315" HPOS="876" VPOS="2160" WIDTH="115" HEIGHT="25" WC="0.96" CONTENT="erhåller"/><SP WIDTH="18" VPOS="2160" HPOS="991"/>
							<String ID="string_316" HPOS="1009" VPOS="2162" WIDTH="50" HEIGHT="23" WC="0.93" CONTENT="han"/><SP WIDTH="19" VPOS="2162" HPOS="1059"/>
							<String ID="string_317" HPOS="1078" VPOS="2162" WIDTH="156" HEIGHT="30" WC="0.92" CONTENT="afkortning"/><SP WIDTH="19" VPOS="2162" HPOS="1234"/>
							<String ID="string_318" HPOS="1253" VPOS="2162" WIDTH="56" HEIGHT="24" WC="0.96" CONTENT="med"/><SP WIDTH="19" VPOS="2162" HPOS="1309"/>
							<String ID="string_319" HPOS="1328" VPOS="2162" WIDTH="49" HEIGHT="24" WC="0.96" CONTENT="280"/><SP WIDTH="19" VPOS="2162" HPOS="1377"/>
							<String ID="string_320" HPOS="1396" VPOS="2162" WIDTH="99" HEIGHT="24" WC="0.93" CONTENT="kronor"/><SP WIDTH="19" VPOS="2162" HPOS="1495"/>
							<String ID="string_321" HPOS="1514" VPOS="2161" WIDTH="15" HEIGHT="24" WC="0.91" CONTENT="å"/><SP WIDTH="19" VPOS="2161" HPOS="1529"/>
							<String ID="string_322" HPOS="1548" VPOS="2162" WIDTH="48" HEIGHT="23" WC="0.92" CONTENT="den"/><SP WIDTH="15" VPOS="2162" HPOS="1596"/>
							<String ID="string_323" HPOS="1611" VPOS="2160" WIDTH="193" HEIGHT="31" WC="0.91" CONTENT="arrendeafgift,"/><SP WIDTH="11" VPOS="2160" HPOS="1804"/>
							<String ID="string_324" HPOS="1815" VPOS="2168" WIDTH="54" HEIGHT="16" WC="0.96" CONTENT="som"/>
						</TextLine>
						<TextLine ID="line_65" HPOS="877" VPOS="2194" WIDTH="992" HEIGHT="33">
							<String ID="string_325" HPOS="877" VPOS="2198" WIDTH="57" HEIGHT="21" WC="0.96" CONTENT="näst"/><SP WIDTH="24" VPOS="2198" HPOS="934"/>
							<String ID="string_326" HPOS="958" VPOS="2195" WIDTH="63" HEIGHT="24" WC="0.96" CONTENT="efter"/><SP WIDTH="24" VPOS="2195" HPOS="1021"/>
							<String ID="string_327" HPOS="1045" VPOS="2195" WIDTH="72" HEIGHT="25" WC="0.93" CONTENT="dessa"/><SP WIDTH="18" VPOS="2195" HPOS="1117"/>
							<String ID="string_328" HPOS="1135" VPOS="2195" WIDTH="165" HEIGHT="32" WC="0.91" CONTENT="byggnaders"/><SP WIDTH="19" VPOS="2195" HPOS="1300"/>
							<String ID="string_329" HPOS="1319" VPOS="2195" WIDTH="193" HEIGHT="31" WC="0.95" CONTENT="godkännande"/><SP WIDTH="18" VPOS="2195" HPOS="1512"/>
							<String ID="string_330" HPOS="1530" VPOS="2195" WIDTH="118" HEIGHT="25" WC="0.95" CONTENT="förfaller"/><SP WIDTH="20" VPOS="2195" HPOS="1648"/>
							<String ID="string_331" HPOS="1668" VPOS="2194" WIDTH="40" HEIGHT="24" WC="0.95" CONTENT="till"/><SP WIDTH="18" VPOS="2194" HPOS="1708"/>
							<String ID="string_332" HPOS="1726" VPOS="2194" WIDTH="143" HEIGHT="30" WC="0.96" CONTENT="betalning."/>
						</TextLine>
					</TextBlock>
				</ComposedBlock>
				<ComposedBlock ID="cblock_32" HPOS="1710" VPOS="2254" WIDTH="161" HEIGHT="36">
					<TextBlock ID="block_24" HPOS="1710" VPOS="2254" WIDTH="161" HEIGHT="36">
						<TextLine ID="line_66" HPOS="1710" VPOS="2254" WIDTH="161" HEIGHT="36">
							<String ID="string_333" HPOS="1710" VPOS="2254" WIDTH="161" HEIGHT="36" WC="0.96" CONTENT="Transport"/>
						</TextLine>
					</TextBlock>
				</ComposedBlock>
				<GraphicalElement ID="cblock_33" HPOS="1875" VPOS="281" WIDTH="9" HEIGHT="1699"></GraphicalElement >
				<GraphicalElement ID="cblock_34" HPOS="2023" VPOS="1513" WIDTH="3" HEIGHT="377"></GraphicalElement >
				<GraphicalElement ID="cblock_35" HPOS="2148" VPOS="1472" WIDTH="6" HEIGHT="715"></GraphicalElement >
				<ComposedBlock ID="cblock_36" HPOS="1889" VPOS="2222" WIDTH="258" HEIGHT="8">
					<TextBlock ID="block_25" HPOS="1889" VPOS="2222" WIDTH="258" HEIGHT="8">
						<TextLine ID="line_67" HPOS="1889" VPOS="2222" WIDTH="258" HEIGHT="8">
							<String ID="string_334" HPOS="1885" VPOS="2209" WIDTH="72" HEIGHT="28" WC="0.21" CONTENT="se"/><SP WIDTH="61" VPOS="2209" HPOS="1957"/>
							<String ID="string_335" HPOS="2018" VPOS="2209" WIDTH="133" HEIGHT="28" WC="0.3" CONTENT="Pr"/>
						</TextLine>
					</TextBlock>
				</ComposedBlock>
			</PrintSpace>
		</Page>
	</Layout>
</alto>
