2208 2602
152 1811 98 23 Molion
263 1811 96 25 IT:220.

433 165 19 30 2
812 168 319 34 Bankoutskottets
1160 170 189 33 utlåtande
1377 172 52 32 Nr
1453 173 50 31 57.

389 250 143 42 tagare,
576 246 104 37 vilka
720 246 64 36 vid
817 246 196 48 ingången
1042 259 46 23 av
1117 249 41 34 år
1189 249 97 34 1922
1314 252 163 46 uppnått
1505 263 43 23 en
1579 251 263 38 levnadsålder
1870 267 47 23 av
1947 258 47 34 60

389 298 41 33 år
457 296 90 38 eller
575 298 170 45 däröver,
775 300 21 33 å
823 298 216 45 tilläggsstat
1067 298 58 36 för
1154 301 40 34 år
1226 301 96 34 1922
1351 300 121 37 under
1496 301 88 37 elfte
1604 302 240 38 huvudtiteln
1863 306 131 36 anvisa

388 353 54 31 ett
465 350 294 44 förslagsansläg
787 351 21 33 DÅ
842 379 310 6 omooosseersernarrss
1184 381 38 5 sas
1242 383 168 4 raise
1454 384 84 4 sonas
1608 356 203 45 19275,000
1839 356 153 45 kronor;

517 399 37 49 b)
583 400 179 47 förklara,
792 405 55 31 att
875 400 326 50 dyrtidstillägget
1229 403 54 36 till
1311 404 105 49 varje
1440 404 105 49 dylik
1566 405 63 36 vid
1653 407 97 35 1922
1769 409 61 34 års
1848 408 147 50 ingång

387 451 56 35 till
485 452 160 48 pension
687 453 89 36 eller
817 451 153 37 därmed
1006 452 216 49 jämförligt
1262 455 208 37 understöd
1504 457 84 36 från
1617 458 239 48 statsverket,
1886 465 106 31 stats-

387 502 232 38 understödd
661 503 395 49 pensionsinrättning
1096 505 93 35 eller
1217 505 192 38 Vadstena
1438 507 404 50 krigsmanshuskassa
1870 510 122 37 berät-

386 553 105 50 tigad
521 555 24 35 f.
576 555 35 36 d.
641 555 377 48 befattningshavare
1046 556 96 35 skall
1171 559 94 45 utgå
1293 557 84 37 med
1406 564 56 30 ett
1490 559 136 49 belopp
1656 575 48 22 av
1735 564 71 34 150
1834 563 156 45 kronor;

386 612 97 30 samt
1207 611 6 7 i

515 658 32 48 c)
589 657 189 50 medgiva,
812 663 56 31 att
896 658 328 50 dyrtidstillägget
1253 663 59 33 må
1340 661 56 36 till
1424 662 280 38 vederbörande
1733 665 24 35 f.
1788 665 34 36 d.
1853 665 137 37 befatt-

385 709 255 48 ningshavare
682 710 98 47 eller,
823 723 61 23 om
915 711 74 35 han
1017 710 118 37 under
1163 714 42 33 år
1236 714 96 34 1922
1361 713 141 48 avlidit,
1531 713 55 37 till
1615 714 96 37 hans
1739 716 177 37 stärbhus
1944 722 48 44 på

385 774 46 22 en
460 764 106 46 gång
595 762 185 36 utbetalas
808 763 11 35 i
849 762 72 36 den
950 762 174 49 ordning,
1155 775 80 24 som
1266 777 46 22 av
1340 765 142 48 Kungl.
1514 765 110 49 Maj:t
1652 767 246 46 bestämmes;

515 817 74 36 dels
617 818 66 35 ock

514 865 34 48 a)
591 865 60 36 för
693 865 211 37 beredande
945 879 47 22 av
1033 865 289 51 dyrtidstillägg
1360 868 57 36 för
1445 868 103 37 tiden
1579 871 17 34 1
1624 870 254 48 januari—30
1902 873 86 48 juni

388 918 96 34 1923
528 919 38 33 åt
606 917 273 49 pensionerade
908 916 172 38 båtsmän
1109 917 71 37 och
1210 919 285 38 marinsoldater
1523 927 98 30 samt
1648 921 190 38 Vadstena
1866 923 123 50 krigs-

385 968 317 44 manshuskassas
726 969 368 48 understödstagare,
1123 969 103 37 vilka
1254 971 63 36 vid
1345 972 197 49 ingången
1571 986 47 23 av
1646 976 42 33 år
1710 976 96 34 1923
1826 978 163 46 uppnått

384 1034 46 22 en
467 1020 261 37 levnadsålder
756 1034 45 23 av
830 1022 48 35 60
907 1023 41 33 år
976 1020 87 36 eller
1091 1020 169 48 däröver,
1290 1025 21 32 å
1338 1028 101 30 extra
1467 1029 74 30 stat
1568 1024 60 36 för
1656 1025 104 36 tiden
1792 1028 16 33 1
1835 1027 153 47 januari

383 1073 101 35 —30
508 1072 86 48 juni
626 1073 97 34 1923
752 1071 120 37 under
901 1071 90 36 elfte
1020 1072 240 37 huvudtiteln
1290 1073 130 36 anvisa
1449 1080 52 30 ett
1522 1075 83 43 för-

383 1124 227 45 Slägsansläg
639 1125 369 34 Åsososenserrrrserrrrrrsr
1086 1156 2 2 tres
1134 1156 50 2 rerser
1216 1156 2 2 rar
1264 1156 130 4 sansansernannnnin
1484 1158 4 2 an
1520 1158 26 2 nin
1638 1129 164 42 040,000
1831 1129 154 46 kronor;

513 1174 36 49 b)
592 1174 177 48 förklara,
812 1181 55 30 att
909 1175 325 49 dyrtidstillägget
1268 1176 56 36 till
1354 1177 103 48 varje
1486 1177 104 49 dylik
1618 1178 64 36 vid
1715 1181 95 35 1923
1840 1183 59 34 års
1928 1181 57 36 in-

382 1229 105 46 gång
527 1226 57 36 till
626 1226 158 49 pension
825 1227 91 36 eller
957 1226 151 37 därmed
1146 1227 215 50 jämförligt
1402 1228 203 38 understöd
1634 1230 84 37 från
1747 1233 238 47 statsverket,

383 1278 329 37 statsunderstödd
741 1279 394 48 pensionsinrättning
1163 1279 90 36 eller
1280 1279 192 38 Vadstena
1500 1281 404 48 krigsmanshuskassa
1923 1284 62 37 be-

381 1330 165 48 rättigad
589 1330 25 36 f.
658 1330 35 36 d.
732 1330 376 48 befattningshavare
1137 1330 98 37 skall
1264 1334 92 46 utgå
1385 1332 84 36 med
1498 1337 54 32 ett
1581 1333 137 50 belopp
1747 1348 46 23 av
1825 1336 46 35 75
1900 1335 84 37 kro-

381 1394 84 32 nor;
495 1386 99 32 samt

510 1433 32 48 c)
584 1434 188 48 medgiva,
802 1439 54 31 att
885 1433 330 49 dyrtidstillägget
1243 1437 60 33 må
1330 1435 55 36 till
1414 1435 286 38 vederbörande
1730 1438 23 35 f.
1785 1438 33 36 d.
1848 1438 136 37 befatt-

379 1485 256 48 ningshavare
664 1485 101 47 eller,
795 1498 61 23 om
885 1485 74 36 han
989 1485 118 36 under
1135 1485 105 37 tiden
1273 1488 16 34 1
1316 1487 255 48 januari—30
1596 1489 85 48 juni
1713 1491 95 34 1923
1839 1490 144 47 avlidit,

379 1536 57 36 till
473 1537 95 35 hans
606 1536 175 37 stärbhus
809 1540 48 46 på
886 1550 46 23 en
960 1540 103 45 gång
1090 1537 189 37 utbetalas
1307 1539 12 34 i
1348 1538 71 36 den
1448 1539 175 49 ordning,
1654 1553 80 23 som
1764 1554 46 22 av
1838 1542 144 48 Kungl.

379 1588 107 48 Maj:t
513 1587 239 37 bestämmes.

510 1639 80 36 Den
633 1653 46 23 av
722 1639 139 49 Kungl.
894 1640 105 47 Maj:t
1026 1640 11 35 i
1066 1641 156 36 ärendet
1251 1641 211 48 framlagda
1490 1643 257 48 utredningen
1776 1645 206 37 återfinnes

379 1691 11 35 i
419 1690 262 37 ovanberörda
708 1686 384 54 stafsrådsprotokoll,
1122 1692 57 36 till
1207 1692 117 37 vilket
1352 1693 184 37 utskottet
1564 1694 58 36 får
1650 1695 168 37 hänvisa.

508 1802 16 36 I
553 1803 103 36 detta
686 1803 279 49 sammanhang
992 1804 68 35 har
1088 1804 186 36 utskottet
1303 1804 55 36 till
1379 1804 231 50 behandling
1630 1807 160 36 förehaft
1809 1820 46 23 en
1875 1808 102 36 inom

378 1855 116 35 andra
522 1854 220 36 kammaren
772 1868 46 22 av
846 1854 86 36 herr
960 1856 194 35 Bäcklund
1177 1855 119 49 jämte
1324 1858 48 34 40
1402 1870 46 22 av
1468 1857 237 37 kammarens
1727 1859 132 48 övriga
1877 1860 102 36 leda-

378 1910 120 32 möter
540 1906 110 36 väckt
702 1906 155 46 motion,
900 1919 45 22 nr
986 1907 86 45 220,
1115 1907 81 36 däri
1238 1907 209 37 hemställts
1481 1922 58 23 om
1570 1909 210 38 beredande
1809 1924 47 23 av
1884 1911 94 37 visst

376 1956 322 50 pensionstillägg
739 1959 37 34 åt
817 1957 69 37 här
914 1958 289 47 ifrågavarande
1240 1971 181 36 personer
1458 1960 100 47 eller,
1589 1974 60 23 om
1680 1961 100 37 detta
1807 1963 170 48 yrkande

376 2010 82 36 icke
486 2009 163 47 bifölles,
680 2015 55 30 att
762 2009 205 48 riksdagen
996 2012 116 33 måtte
1142 2009 146 37 besluta
1317 2016 53 31 att
1399 2011 79 37 dels

505 2095 31 41 a)
561 2095 51 32 för
635 2094 181 33 beredande
843 2105 43 21 av
909 2094 245 42 dyrtidstillägg
1177 2095 53 32 för
1252 2097 37 31 år
1315 2097 81 31 1922
1421 2098 35 31 åt
1478 2097 233 42 pensionerade
1734 2100 150 31 båtsmän
1907 2100 62 32 och

374 2138 250 33 marinsoldater
658 2140 87 31 samt
778 2138 168 33 Vadstena
979 2138 367 41 krigsmanshuskassas
1380 2141 319 42 understödstagare,
1730 2142 90 32 vilka
1842 2142 55 32 vid
1920 2143 50 32 in-

373 2184 127 39 gången
535 2193 41 21 av
611 2183 37 31 år
679 2183 84 31 1922
786 2183 139 41 uppnått
947 2192 40 21 en
1009 2182 227 33 levnadsålder
1259 2194 41 21 av
1324 2185 41 30 60
1389 2185 37 31 år
1448 2184 79 33 eller
1549 2185 149 39 däröver,
1723 2187 19 30 å
1765 2186 204 41 tilläggsstat

374 2226 51 32 för
457 2227 36 31 år
528 2227 82 31 1922
646 2226 101 32 under
773 2226 79 32 elfte
881 2225 205 33 huvudtiteln
1110 2226 116 33 anvisa
1248 2229 49 30 ett
1319 2227 257 43 förslagsanslag
1599 2230 19 31 å
1644 2230 170 38 1,700,000
1837 2230 130 33 kronor.
