1896 2778
250 158 40 30 20
638 156 393 31 Jordbruksutskottets
1052 155 181 30 utlåtande
1254 165 44 20 nr
1319 155 53 30 58.

254 242 308 39 ningssällskapen
589 242 88 29 även
701 241 57 29 vid
783 240 100 30 bifall
909 240 54 30 till
987 240 94 29 detta
1108 239 133 39 förslag
1264 239 12 29 i
1300 239 198 39 betydande
1525 238 209 30 utsträckni:
1753 245 19 31 g

252 292 109 40 själva
381 292 100 31 torde
499 291 38 30 få
555 291 85 32 bära
658 291 239 30 kostnaderna
916 290 56 30 för
991 290 67 29 den
1079 289 116 30 lokala
1215 288 425 30 försöksverksamheten.

298 368 13 28 I
330 366 99 39 fråga
449 375 58 21 om
526 365 285 40 organisationen
830 375 42 20 av
890 365 69 30 den
977 365 92 29 fasta
1087 364 414 30 försöksverksamheten
1520 363 96 29 delar
1635 363 136 29 utskot-

254 419 48 27 tet
325 417 72 30 helt
421 415 400 38 departementschefens
845 415 234 37 uppfattning,
1105 416 48 27 att
1179 413 171 30 särskilda
1377 423 43 20 av
1445 412 327 37 hushållningssäll-

253 467 131 37 skapen
406 466 125 30 drivna
557 465 267 38 försöksgårdar
845 465 110 29 måste
976 465 165 29 tillmätas
1164 466 86 28 stort
1271 464 105 29 värde
1400 465 89 28 samt
1511 465 47 27 att
1582 463 190 29 stats:nak-

255 520 99 27 terna
377 517 86 30 böra
487 516 202 30 underlätta
713 516 221 39 sällskapens
958 515 224 39 möjligheter
1206 516 51 28 att
1281 514 168 30 anskaffa
1476 514 132 29 sådana
1635 514 136 38 gårdar.

255 567 177 30 Utskottet
451 567 155 29 biträder
628 566 121 30 därför
768 566 169 39 förslaget
957 574 57 20 om
1035 567 50 27 att
1103 564 419 39 hushållningssällskap,
1546 573 75 20 som
1641 564 132 29 önskar

255 618 130 29 inrätta
402 617 240 39 försöksgård,
661 617 91 29 skall
769 617 122 29 kunna
908 616 134 30 erhålla
1060 615 219 39 lånegaranti
1296 615 10 29 i
1324 614 351 31 överensstämmelse
1693 616 78 27 med

255 668 66 29 våd
343 677 76 20 som
445 668 108 39 gäller
574 667 224 30 beträffande
819 667 99 39 dylik
941 666 136 39 garanti
1098 666 58 29 vid
1177 666 142 29 förvärv
1340 675 44 20 av
1404 665 103 29 mark
1529 665 55 29 för
1606 666 91 37 yttre
1719 673 54 20 ra-

256 718 252 40 tionalisering.
533 718 121 30 Såsom
677 719 161 29 förordas
860 717 11 29 i
893 717 265 40 propositionen
1180 717 99 29 torde
1301 716 220 40 lånegaranti
1543 716 84 29 böra
1650 716 120 29 kunna

257 769 135 29 lämnas
410 769 89 30 även
518 768 55 30 för
590 768 178 30 driftslån.

301 820 13 29 I
339 819 111 29 likhet
474 819 81 29 med
579 817 390 41 departementschefen
997 826 103 21 anser
1124 817 172 29 utskottet
1321 816 57 30 det
1403 817 87 29 även
1516 816 179 33 önskvärt,
1723 817 50 27 att

256 869 454 39 hushållningssällskapen
730 869 11 28 i
763 868 92 30 ökad
877 867 248 39 utsträckning
1146 867 100 30 skola
1269 866 169 30 anskaffa
1459 865 316 30 demonstrations-

257 919 136 39 gårdar.
414 919 66 31 Det
501 918 141 39 statliga
663 919 113 29 stödet
797 918 53 30 till
870 917 408 39 hushållningssällskap
1299 917 55 29 för
1375 916 203 30 inrättande
1600 925 43 20 av
1663 916 111 29 sådan

257 970 84 38 gård
358 970 100 29 torde
476 970 11 29 i
504 969 153 39 enlighet
677 969 80 29 med
775 968 265 40 propositionen
1057 967 84 30 böra
1158 968 85 38 utgå
1260 967 89 30 efter
1370 976 138 20 samma
1527 966 153 39 grunder
1698 975 74 20 som

258 1020 171 30 utskottet
445 1029 85 30 nyss
546 1019 159 30 förordat
722 1019 11 29 i
749 1019 99 38 fråga
866 1028 57 20 om
941 1018 328 39 försöksgårdarna.
1285 1017 185 39 Möjlighet
1486 1017 53 29 till
1556 1016 219 39 lånegaranti

259 1071 97 29 torde
384 1070 151 30 sålunda
561 1070 85 29 böra
673 1069 119 30 finnas
820 1069 56 30 för
902 1069 111 39 inköp
1039 1077 42 21 av
1107 1067 390 39 demonstrationsgård
1524 1068 166 29 ävensom
1720 1066 55 29 för

258 1120 167 30 driftslån
453 1120 11 29 i
488 1120 173 29 samband
683 1120 79 29 med
786 1119 70 40 köp
881 1119 84 29 eller
992 1118 146 30 arrende
1162 1128 43 20 av
1229 1118 98 39 dylik
1351 1118 96 38 gård.
1472 1116 41 40 Ej
1541 1117 108 29 heller
1673 1117 67 29 vad
1764 1116 11 29 i

259 1170 265 40 propositionen
549 1170 138 31 anförts
711 1169 150 30 rörande
887 1168 196 39 ersättning
1107 1168 55 31 för
1186 1168 143 39 intrång
1353 1167 11 30 i
1388 1167 173 30 samband
1586 1167 79 29 med
1690 1166 86 30 drif-

259 1223 58 27 ten
342 1230 43 21 av
410 1220 389 39 demonstrationsgård
824 1219 201 30 föranleder
1051 1219 116 39 någon
1193 1218 142 30 erinran
1362 1218 81 30 från
1471 1217 190 30 utskottets
1688 1217 87 30 sida.

260 1271 171 30 Utskottet
452 1269 153 31 biträder
628 1270 88 29 även
738 1269 124 37 Kungl.
887 1268 122 37 Maj:ts
1032 1268 132 38 förslag
1186 1278 57 20 om
1264 1270 49 29 att
1336 1266 441 39 studiegårdsverksamhe-

258 1324 58 29 ten
343 1322 90 30 skall
461 1322 162 40 upphöra
650 1322 65 29 och
742 1324 50 28 att
819 1322 42 29 de
888 1321 125 36 medel,
1041 1329 74 22 som
1143 1319 205 41 inbesparas
1377 1319 215 40 därigenom,
1621 1319 11 29 i
1660 1319 116 30 stället

255 1372 100 31 skola
378 1372 207 40 disponeras
611 1372 55 30 för
691 1373 51 29 att
767 1372 117 39 stödja
908 1370 690 40 demonstrationsgårdsverksamheten.

304 1447 74 30 Vad
400 1446 157 30 härefter
578 1446 109 39 angår
709 1446 282 30 motionärernas
1013 1445 158 39 yrkandé
1196 1453 57 21 om
1275 1445 70 29 rätt
1368 1443 56 30 för
1446 1442 332 39 hushållningssäll-

258 1497 89 40 skap
368 1498 52 29 att
442 1497 134 30 erhålla
598 1497 58 29 lån
679 1497 66 29 och
765 1496 123 39 bidrag
909 1505 44 21 ur
972 1495 228 40 jordbrukets
1222 1493 313 31 maskinlånefond
1556 1494 56 29 för
1633 1492 145 30 anskaf-

259 1547 107 30 fande
385 1557 43 20 av
443 1546 350 39 maskinutrustning
809 1546 54 30 för
879 1545 415 30 försöksverksamheten
1309 1544 60 30 vill
1386 1544 173 30 utskottet
1575 1543 201 35 framhålla,

261 1599 50 28 att
332 1597 203 40 sällskapen
554 1614 45 4 —
618 1606 43 21 av
682 1597 136 38 hänsyn
841 1596 77 30 icke
942 1595 109 30 minst
1073 1595 53 30 till
1146 1595 157 30 rådande
1323 1594 88 30 brist
1432 1594 45 40 på
1498 1593 216 31 arbetskraft
1734 1610 44 4 —

258 1648 108 30 redan
389 1657 48 20 nu
459 1647 12 29 i
493 1647 71 30 viss
586 1646 247 39 utsträckning
853 1637 158 48 tvingats
1035 1645 167 30 anskaffa
1225 1645 151 39 dyrbara
1398 1644 181 30 maskiner
1601 1644 56 29 för
1680 1644 95 29 detta

258 1698 176 30 ändamål.
465 1698 178 30 Utskottet
674 1706 103 20 anser
807 1697 56 29 för
895 1696 55 30 sin
980 1697 56 29 del
1067 1695 225 39 nödvändigt,
1325 1697 50 28 att
1408 1694 201 40 sällskapen
1641 1693 134 30 erhålla

257 1749 112 29 ökade
397 1748 227 39 möjligheter
651 1748 51 29 att
730 1746 247 31 rationalisera
1005 1746 65 30 och
1098 1745 222 30 mekanisera
1349 1744 425 31 försöksverksamheten.

261 1800 13 28 1
303 1801 96 29 detta
428 1799 259 40 sammanhang
714 1798 55 31 får
797 1799 175 29 utskottet
999 1797 125 36 erinra,
1154 1799 51 29 att
1233 1796 408 40 hushållningssällskap
1670 1795 107 39 enligt

260 1850 163 39 gällande
452 1849 267 30 bestämmelser
753 1848 123 40 (kung.
907 1858 43 20 nr
980 1847 191 37 380/1948)
1207 1848 73 30 kan
1308 1847 135 30 erhålla
1471 1846 59 30 lån
1560 1846 65 30 och
1654 1846 123 38 bidrag

257 1909 43 20 ur
318 1899 358 30 maskinlånefonden
695 1899 56 30 för
770 1898 238 30 anskaffande
1028 1907 43 20 av
1087 1895 348 41 jordbruksmaskin,
1456 1896 80 29 med
1557 1895 118 30 vilken
1697 1894 79 29 säll-

258 1951 124 39 skapet
401 1959 103 21 avser
522 1950 51 29 att
594 1949 97 29 inom
713 1948 60 30 sitt
793 1947 390 31 verksamhetsområde
1203 1946 118 30 utföra
1341 1945 263 30 maskinarbete
1625 1945 35 30 åt
1680 1944 96 40 jord-

257 2001 163 29 brukare.
443 1999 76 30 Lån
541 2008 42 21 ur
604 1999 132 30 fonden
759 1998 59 30 må
840 1999 87 29 även
949 1998 85 38 utgå
1054 1997 54 30 till
1130 1996 225 31 bestridande
1378 2005 44 21 av
1444 1994 332 39 hushållningssäll-

258 2051 89 39 kaps
373 2050 154 30 kostnad
555 2049 55 30 för
636 2049 162 39 byggnad
826 2049 55 30 för
909 2047 100 40 dylik
1044 2046 313 39 maskinhållning.
1398 2046 54 30 Då
1491 2046 58 29 det
1579 2054 102 30 synes
1722 2046 54 27 ut-

258 2101 131 29 skottet
408 2100 140 39 skäligt,
570 2101 50 28 att
639 2098 227 40 användning
884 2108 43 20 av
946 2097 179 31 maskiner
1144 2097 12 29 i
1175 2097 58 29 det
1252 2096 116 30 lokala
1387 2095 278 31 försöksarbetet
1686 2093 89 31 skall

259 2149 195 38 jämställas
479 2151 79 29 med
580 2158 117 21 annan
719 2157 197 30 gemensam
937 2146 375 38 maskinanvändning,
1335 2146 54 30 får
1412 2146 168 30 utskottet
1602 2145 176 37 tillstyrka

260 2200 279 31 motionärernas
568 2200 218 33 hemställan,
817 2201 48 27 att
895 2197 464 38 hushållningssällskapens
1390 2195 233 38 anskaffning
1652 2205 43 21 av
1726 2195 52 30 så-

259 2251 93 30 dana
374 2250 183 32 maskiner
582 2250 91 30 skall
696 2250 123 30 kunna
842 2248 251 39 understödjas
1118 2256 125 31 genom
1266 2248 58 30 lån
1348 2247 65 30 och
1436 2247 124 38 bidrag
1584 2255 42 21 ur
1650 2246 128 39 ifråga-

260 2301 154 31 varande
437 2301 89 30 fond
548 2301 108 39 enligt
680 2301 12 29 i
714 2300 189 30 huvudsak
927 2299 42 30 de
994 2298 162 40 grunder,
1181 2307 76 21 som
1280 2298 55 30 för
1358 2297 222 30 närvarande
1605 2297 90 39 gälla
1723 2296 55 30 för

260 2352 79 30 stöd
359 2351 82 30 från
460 2351 143 30 fonden.

304 2427 76 30 Vad
395 2425 167 40 slutligen
576 2425 173 30 beträffar
765 2425 42 30 de
823 2425 12 29 i
850 2423 265 42 propositionen
1134 2423 199 40 framlagda
1349 2422 430 39 anslagsberäkningarna

260 2477 65 30 har
342 2476 174 31 utskottet
533 2476 148 39 tidigare
698 2475 169 34 förordat,
887 2476 51 29 att
957 2474 158 39 anslaget
1132 2474 54 30 till
1205 2473 128 39 Bidrag
1350 2473 54 30 till
1423 2473 95 29 lokal
1536 2471 243 32 försöksverk-
