1878 2816
80 2042 126 26 Utskottet.

261 132 19 30 8
651 140 379 32 Jordbruksutskottets
1057 142 176 31 utlåtande
1261 153 42 21 nr
1328 144 49 30 68.

388 267 63 34 HI.
487 268 240 46 Revidering
750 281 50 22 av
824 271 76 34 den
926 273 236 33 nuvarande
1186 274 274 43 topografiska
1484 274 159 35 kartan.

307 365 95 31 Efter
425 367 230 36 redogörelser
677 369 11 30 i
712 370 116 30 ämnet
851 369 20 31 å
893 379 25 22 s.
942 371 125 30 19—21
1093 372 64 29 har
1178 372 251 36 föredragande
1450 373 183 31 statsrådet
1654 374 117 31 anfört

261 414 167 37 följande:

309 467 67 29 >Av
393 469 67 28 vad
479 469 194 30 kartverket
694 470 115 30 anfört
828 470 163 37 framgår,
1014 475 47 26 att
1083 473 66 29 den
1170 475 202 29 nuvarande
1390 475 236 35 topografiska
1646 476 125 29 kartan

267 518 81 29 över
370 518 117 30 landet
513 520 39 29 är
573 520 11 29 i
607 520 69 36 hög
697 520 86 36 grad
806 521 193 38 bristfällig.
1024 524 238 36 Anledningen
1289 525 115 30 härtill
1430 526 38 29 är
1494 529 49 27 att
1567 527 85 29 söka
1676 526 11 30 i
1714 526 56 30 det

264 565 242 38 förhållandet,
526 571 48 27 att
591 570 42 29 de
655 570 237 36 topografiska
914 572 175 35 kartorna,
1112 583 73 21 som
1206 575 264 36 ursprungligen
1489 577 198 35 uppmättes
1708 585 62 21 un-

265 617 60 30 der
343 627 41 21 en
406 618 38 31 så
465 618 80 38 lång
564 620 48 30 tid
633 630 75 21 som
730 622 160 37 omkring
916 623 59 31 100
996 623 47 36 år,
1066 624 175 36 nämligen
1263 626 110 29 under
1393 625 93 30 tiden
1508 625 79 31 från
1613 627 84 29 1810
1721 626 49 30 till

264 669 160 36 omkring
452 670 82 30 1920
560 670 95 31 såväl
678 672 221 31 beträffande
924 674 112 30 äldsta
1060 675 127 29 bladen
1213 675 11 29 i
1248 675 103 30 södra
1375 676 135 36 Sverige
1533 685 77 21 som
1635 676 12 30 i
1671 675 98 37 fråga

264 727 58 22 om
344 719 148 31 flertalet
514 721 161 32 kartblad
697 723 11 30 i
729 723 123 30 skalan
878 725 29 28 1:
925 724 62 29 200
1001 725 63 30 000
1086 726 196 34 upprättats
1302 725 44 36 på
1366 730 99 32 svagt
1487 727 81 29 eller
1589 727 84 29 intet
1693 736 75 27 geo-

265 769 124 31 detiskt
412 771 168 36 underlag
602 774 65 29 och
690 772 93 37 dålig
805 774 258 31 stommaterial.
1090 775 117 30 Under
1229 775 131 31 sådana
1383 775 245 32 förhållanden
1650 777 39 30 är
1714 775 56 32 det

264 821 195 35 uppenbart
484 824 49 28 att
559 823 110 30 starkt
694 824 112 29 behov
833 824 190 31 förefinnes
1051 834 41 21 av
1118 835 43 20 en
1186 826 146 30 modern
1359 826 65 30 och
1452 826 196 32 förbättrad
1673 830 94 32 topo-

263 871 131 35 grafisk
419 872 109 30 karta.
556 872 67 31 För
644 874 219 30 närvarande
888 874 98 37 pågå,
1013 874 114 31 såsom
1153 875 106 31 också
1284 875 154 37 framgår
1460 886 43 20 av
1525 877 68 29 vad
1616 877 152 30 kartver-

264 922 57 30 ket
351 922 125 35 anfört,
506 924 300 36 undersökningar
833 926 150 29 rörande
1012 926 316 30 arbetsmetoderna
1359 927 65 29 och
1454 927 67 29 den
1552 927 218 36 lämpligaste

264 975 104 33 typen
392 973 55 29 för
470 974 113 30 denna
605 975 110 29 karta.
741 975 57 30 Ett
822 975 129 36 förslag
974 975 221 31 beträffande
1218 977 126 30 kartan
1366 977 98 29 torde
1486 977 121 30 kunna
1630 977 138 30 förvän-

263 1026 52 26 tas
338 1022 80 31 från
442 1024 197 31 kartverket
664 1025 112 30 under
800 1025 235 31 innevarande
1058 1025 48 31 år.
1131 1023 96 33 Även
1251 1036 58 20 om
1333 1027 11 29 i
1369 1036 43 20 en
1433 1027 86 30 nära
1544 1027 144 30 framtid
1712 1028 55 29 be-

263 1074 67 29 slut
352 1074 111 31 skulle
486 1075 105 30 fattas
615 1085 58 20 om
696 1076 232 35 upprättande
952 1086 42 20 av
1019 1086 41 20 en
1084 1086 46 26 ny
1154 1077 216 35 topografisk
1394 1077 111 35 karta,
1530 1078 160 31 kommer
1713 1078 56 29 det

263 1127 49 26 att
333 1124 144 36 förflyta
500 1134 43 21 en
563 1126 168 30 avsevärd
754 1126 58 35 tid,
835 1126 108 30 innan
966 1127 113 31 denna
1101 1128 72 29 kan
1196 1127 243 36 färdigställas.

307 1174 116 30 Under
447 1176 223 30 mellantiden
694 1176 118 37 måste,
837 1177 150 31 framför
1011 1180 60 29 allt
1094 1181 80 29 med
1197 1180 138 37 hänsyn
1358 1181 51 30 till
1432 1181 336 31 försvarsväsendets

261 1225 112 30 behov
393 1236 42 20 av
455 1236 43 20 en
518 1226 216 37 någorlunda
755 1228 316 32 tillfredsställande
1090 1230 176 36 fältkarta,
1290 1233 42 29 de
1354 1230 223 38 påtagligaste
1598 1232 170 30 bristerna

262 1276 9 29 i
294 1276 66 29 den
382 1278 202 30 nuvarande
606 1278 238 36 topografiska
866 1280 126 30 kartan
1013 1280 191 36 avlägsnas.
1230 1281 120 31 Denna
1372 1282 193 36 revidering
1588 1283 97 29 torde
1705 1283 63 29 hu-

262 1327 226 36 vudsakligen
507 1328 118 30 kunna
646 1329 61 29 ske
727 1330 10 29 i
757 1330 341 30 överensstämmelse
1118 1331 80 29 med
1216 1332 214 30 kartverkets
1449 1332 140 37 förslag.
1612 1332 155 31 Ommät-

260 1377 84 36 ning
367 1378 82 29 eller
474 1378 192 36 revidering
691 1388 44 21 av
757 1379 102 30 södra
882 1380 134 30 verkets
1042 1381 81 29 blad
1146 1382 98 29 torde
1267 1380 146 33 sålunda
1436 1383 85 29 böra
1546 1383 221 35 genomföras

261 1428 96 30 inom
375 1438 43 20 en
438 1429 119 35 period
575 1439 41 20 av
639 1430 39 29 15
698 1428 40 31 år
758 1430 124 30 räknat
901 1429 80 31 från
1001 1431 65 29 och
1085 1432 80 29 med
1183 1431 234 31 innevarande
1436 1431 40 31 år
1494 1433 65 29 och
1579 1432 44 36 på
1644 1432 123 31 sådant

262 1479 65 29 sätt
351 1483 49 26 att
424 1479 76 30 icke
522 1478 104 37 något
648 1480 83 31 blad
754 1480 65 30 den
848 1482 14 28 1
888 1480 140 36 januari
1054 1482 79 29 1961
1163 1483 39 29 är
1226 1482 97 30 äldre
1347 1483 46 29 än
1420 1484 127 29 10—15
1571 1482 48 31 år.
1645 1484 123 30 Denna

259 1528 204 31 modernitet
488 1538 99 27 synes
611 1529 151 30 därefter
785 1529 84 30 böra
894 1529 269 33 vidmakthållas
1186 1539 125 28 genom
1335 1531 219 37 fortlöpande
1579 1533 188 36 ajourhåll-

259 1577 91 37 ning.
375 1578 75 30 Den
475 1579 54 30 del
553 1588 42 21 av
619 1589 106 20 norra
746 1580 117 30 verket
886 1590 74 21 som
985 1580 113 31 finnes
1120 1581 10 30 i
1156 1581 123 31 skalan
1305 1583 30 29 1:
1353 1583 60 29 100
1427 1583 64 30 000
1515 1583 64 30 bör
1602 1584 165 30 likaledes

259 1629 173 31 revideras
458 1630 110 30 under
593 1640 135 21 samma
759 1630 233 37 15-årsperiod
1017 1641 74 21 som
1116 1633 103 29 södra
1245 1634 117 28 verket
1386 1634 65 29 och
1478 1634 151 30 därefter
1654 1633 111 31 hållas

259 1677 108 39 ajour.
392 1679 50 30 Av
466 1680 125 29 bladen
613 1680 11 29 i
648 1680 124 30 skalan
798 1681 107 30 1:200
920 1682 64 29 000
1007 1682 84 31 böra
1114 1682 51 36 de,
1191 1692 75 20 som
1290 1683 160 33 befinnas
1475 1684 114 30 därtill
1614 1685 152 30 använd-

259 1729 94 36 bara,
373 1730 183 31 revideras.
579 1731 49 30 De
646 1732 83 31 blad
748 1732 11 29 i
781 1732 112 30 denna
913 1733 108 35 skala,
1044 1743 74 20 som
1139 1734 76 29 icke
1234 1734 187 36 lämpligen
1441 1735 120 30 kunna
1580 1736 184 34 revideras,

259 1780 85 30 böra
364 1781 204 36 nödtorftigt
588 1781 188 31 förbättras
800 1790 123 28 genom
945 1782 209 37 justeringar
1174 1784 12 29 i
1209 1783 98 37 fråga
1331 1794 57 20 om
1412 1785 135 36 vägnät,
1573 1785 194 30 turistorter

259 1831 65 29 och
347 1831 202 31 turistleder.

304 1881 64 30 Till
390 1881 122 37 frågan
533 1892 58 20 om
611 1883 310 35 personalbehovet
941 1884 57 30 för
1015 1894 48 20 nu
1084 1883 266 36 ifrågavarande
1370 1885 138 30 arbeten
1532 1884 233 32 återkommer

254 1931 58 37 jag
333 1933 160 29 närmare
516 1931 12 30 i
550 1933 55 29 det
628 1932 185 37 följande.»

300 2030 119 31 Såsom
436 2033 170 36 'antyddes
625 2034 10 30 i
656 2034 56 29 det
730 2033 206 37 föregående
955 2037 39 29 är
1012 2034 122 37 frågan
1153 2046 57 21 om
1228 2047 45 20 en
1289 2047 46 27 ny
1358 2038 212 36 topografisk
1591 2040 100 30 karta
1709 2040 55 31 för

254 2082 116 30 landet
389 2083 138 32 aktuell.
549 2083 73 30 Den
643 2085 202 29 nuvarande
864 2086 133 36 kartan,
1020 2086 66 30 den
1108 2096 24 20 s.
1154 2088 32 28 k.
1209 2089 369 38 generalstabskartan,
1601 2090 161 37 påbörja-

254 2132 58 30 des
336 2133 83 30 1810
439 2134 65 30 och
528 2134 194 30 avslutades
743 2134 10 30 i
774 2134 56 31 sitt
852 2135 109 30 första
983 2136 106 30 skede
1111 2138 94 35 1923,
1228 2138 104 30 vilket
1353 2139 95 29 torde
1469 2148 82 22 vara
1572 2140 191 37 förklaring

253 2192 67 28 nog
339 2183 50 31 till
410 2187 48 27 att
479 2185 202 30 densamma
702 2187 40 28 är
763 2185 9 30 i
795 2187 67 35 hög
882 2187 85 34 grad
987 2186 184 38 bristfällig
1191 2191 66 29 och
1274 2192 49 27 att
1343 2192 47 27 ett
1410 2191 109 29 starkt
1540 2191 113 30 behov
1673 2191 88 31 före-

253 2232 113 31 finnes
390 2243 42 21 av
458 2244 42 20 en
525 2235 193 31 förbättrad
742 2236 214 36 topografisk
981 2237 108 31 karta.
1114 2238 58 30 Ett
1198 2238 132 37 förslag
1355 2240 151 30 rörande
1532 2242 68 29 den
1624 2242 137 35 lämpli-

253 2287 95 31 gaste
374 2287 106 33 typen
505 2285 57 30 för
584 2295 43 20 en
651 2286 98 35 dylik
772 2287 100 30 karta
900 2288 39 29 är
965 2288 66 29 ock
1057 2291 49 27 att
1129 2288 165 31 förvänta
1317 2289 80 31 från
1422 2291 203 31 kartverket
1649 2292 112 29 under

253 2334 237 31 innevarande
514 2335 47 30 år.
587 2335 52 30 Då
666 2337 57 29 det
748 2338 195 29 emellertid
968 2339 10 29 i
1003 2338 107 31 vilket
1135 2339 64 30 fall
1223 2349 76 20 som
1322 2340 90 31 helst
1435 2342 158 30 kommer
1617 2345 49 27 att
1691 2341 68 30 för-

254 2384 86 36 flyta
362 2387 167 29 avsevärd
550 2386 50 31 tid
617 2386 108 31 innan
746 2397 43 21 en
806 2397 47 29 ny
873 2389 215 35 topografisk
1108 2389 100 31 karta
1228 2390 71 30 kan
1317 2390 242 38 färdigställas,
1580 2402 102 26 synes
1703 2392 55 30 det

255 2435 162 31 utskottet
438 2436 125 31 liksom
585 2437 253 36 föredragande
857 2438 184 31 statsrådet
1061 2440 214 36 nödvändigt
1292 2458 44 4 —
1355 2441 76 31 icke
1448 2442 106 30 minst
1573 2443 80 29 med
1673 2442 84 30 hän-
