2198 2610
637 163 343 31 Jordbrulksutskottets
1004 160 163 30 utlåtande
1194 159 49 30 Nr
1274 161 33 27 10
1322 159 40 30 A.
1754 155 18 27 3

217 243 380 50 odlingslånefonden
631 243 82 34 från
742 241 69 35 och
843 240 81 35 med
954 251 143 23 samma
1126 242 39 31 år
1194 237 107 47 höjas
1331 236 82 34 från
1445 236 202 44 2,000,000
1677 232 140 35 kronor

219 297 55 35 till
311 296 203 47 2,500,000
546 295 138 34 kronor
712 293 68 35 och
810 298 54 29 ett
892 288 450 50 kapitalökningsbelopp
1373 299 45 22 av
1453 286 198 44 1,000,000
1681 283 138 35 kronor

222 361 161 23 anvisas.

347 399 16 35 I
394 398 192 36 motionen
616 395 217 37 framhålles
862 392 218 46 emellertid,
1110 391 177 35 hurusom
1319 389 119 46 enligt
1467 402 45 21 av
1541 387 279 35 motionärerna

221 452 82 34 från
345 447 388 50 lantbruksstyrelsen
775 444 215 37 inhämtade
1018 443 198 49 uppgifter
1244 441 83 36 med
1358 440 149 47 hänsyn
1536 438 57 35 till
1623 437 114 36 redan
1766 437 55 35 in-

220 502 139 35 komna
401 501 69 35 och
512 498 215 38 beräknade
757 496 257 46 ansökningar
1042 508 60 21 om
1132 495 61 34 lån
1223 493 118 35 under
1369 493 40 33 år
1440 492 94 33 1921
1566 495 53 30 ett
1647 489 174 46 tilläggs-

220 553 124 35 behov
386 552 58 35 för
485 563 144 23 samma
672 551 40 33 år
741 547 120 36 skulle
890 548 137 46 uppstå
1055 548 47 45 på
1131 544 179 46 omkring
1342 542 200 47 1,500,000
1573 540 150 44 kronor,
1752 538 67 36 och

221 606 95 33 hava
358 602 292 44 motionärerna,
688 612 81 23 som
796 598 82 35 icke
907 596 116 36 redan
1052 609 50 22 nu
1132 596 101 34 velat
1260 595 223 46 ifrågasätta
1511 590 237 50 uppförande
1778 602 44 23 av

219 654 86 36 hela
332 654 100 36 detta
461 653 138 48 belopp
625 652 57 35 för
704 652 108 44 1921,
833 649 129 45 likväl,
984 649 57 33 för
1061 652 56 30 att
1136 646 83 36 icke
1240 651 52 30 ett
1312 642 283 51 uppskjutande
1615 655 46 22 av
1681 641 142 47 nödiga

222 707 148 47 företag
397 708 47 46 på
473 704 125 48 grund
628 716 45 22 av
701 701 193 37 bristande
924 699 119 36 medel
1072 698 121 36 skulle
1224 697 146 36 behöva
1398 700 73 42 äga
1498 708 95 32 rum,
1616 688 206 57 föreslagit,

224 763 54 30 att
319 763 52 30 ett
399 756 137 48 belopp
566 769 45 22 av
641 754 164 46 500,000
834 752 139 35 kronor
1000 753 115 33 måtte
1145 749 85 36 från
1259 748 220 49 uppkomna
1507 744 194 38 överskott
1730 747 20 32 å
1779 744 46 35 de

224 809 117 36 under
381 807 184 37 kristiden
606 805 187 49 beviljade
835 804 133 47 anslag
1000 802 57 36 till
1089 801 102 36 vissa
1219 799 302 48 odlingsföretag
1549 796 194 37 överföras
1771 796 55 34 till

223 858 384 49 odlingslånefonden
653 860 123 33 såsom
818 853 289 50 kapitalökning
1150 853 56 35 till
1248 851 139 36 fonden
1430 854 19 31 å
1490 848 236 47 tilläggsstat
1768 846 58 36 för

224 914 40 33 år
295 913 108 33 1921.

352 962 15 35 I
397 960 250 38 betraktande
690 973 46 21 av
778 958 44 36 de
850 956 214 49 betydande
1096 954 152 48 belopp,
1277 952 126 36 vartill
1432 951 215 46 ansökning
1675 962 60 23 om
1765 949 61 35 lån

225 1015 83 35 från
336 1011 384 51 odlingslånefonden
749 1010 121 47 enligt
898 1004 417 51 statsrådsprotokollet
1343 1003 107 36 torde
1479 1003 152 35 komma
1656 1007 55 30 att
1731 1000 96 36 före-

224 1066 107 49 ligga
358 1065 116 36 redan
501 1064 120 36 under
649 1065 40 34 år
721 1064 109 44 1921,
855 1060 104 36 delar
977 1059 183 36 utskottet
1180 1055 298 37 motionärernas
1497 1053 249 49 uppfattning
1766 1064 59 23 om

225 1117 305 37 önskvärdheten
560 1121 55 30 att
643 1117 118 45 något
788 1112 221 50 ytterligare
1038 1110 138 48 belopp
1206 1113 132 31 utöver
1357 1106 64 36 det
1440 1105 141 47 Kungl.
1604 1104 107 48 Maj:t
1731 1103 97 36 före-

225 1169 115 48 slagit
380 1168 121 36 finnes
543 1166 236 49 tillgängligt
819 1166 59 34 för
906 1162 238 49 odlingslåns
1174 1159 244 37 utlämnande
1446 1157 119 36 under
1594 1151 234 56 sistnämnda

225 1225 51 32 år.
318 1220 130 36 Redan
476 1219 13 36 i
517 1219 66 36 sitt
610 1216 268 38 ovannämnda
905 1214 193 37 utlåtande
1126 1226 45 22 nr
1201 1214 20 34 9
1238 1214 34 34 A
1290 1209 176 38 framhöll
1485 1207 216 37 utskottet
1689 1203 17 63 i
1723 1207 107 47 fråga

226 1286 60 22 om
316 1271 190 36 allmänna
534 1268 410 48 avdikningsanslaget
971 1266 59 36 sin
1061 1264 123 37 avsikt
1214 1270 54 29 att
1295 1268 133 30 utöver
1455 1261 72 35 vad
1557 1259 142 48 Kungl.
1721 1258 108 47 Maj:t

226 1324 116 36 redan
370 1323 120 35 under
518 1321 161 48 utgifter
707 1321 59 35 för
792 1317 293 50 kapitalökning
1112 1314 196 49 föreslagit
1327 1312 234 38 beträffande
1580 1310 250 37 norrländska

227 1375 70 36 och
326 1375 191 35 allmänna
544 1370 395 51 nyodlingsfonderna
958 1369 139 36 föreslå
1116 1380 47 23 en
1182 1365 224 51 ytterligare
1426 1363 203 47 fondering
1649 1375 47 23 av
1716 1375 115 22 ovan-

228 1426 165 37 nämnda
420 1423 342 39 överskottsmedel
790 1423 58 35 för
876 1418 340 51 odlingsändamål,
1246 1417 119 36 vilket
1388 1415 196 37 överskott
1603 1414 96 36 efter
1718 1412 45 37 de
1783 1426 47 22 av

228 1478 141 48 Kungl.
412 1477 107 48 Maj:t
559 1475 237 38 beträffande
837 1472 249 38 norrländska
1119 1470 71 36 och
1219 1470 191 35 allmänna
1437 1465 394 51 nyodlingsfonderna

229 1530 215 48 föreslagna
484 1527 319 50 dispositionerna
829 1526 97 36 lärer
953 1526 130 47 uppgå
1111 1522 57 36 till
1198 1521 203 47 2,500,000
1431 1518 149 37 kronor.
1636 1517 196 37 Utskottet

230 1582 173 49 åsyftade
431 1581 132 36 härvid
591 1592 46 23 en
658 1578 188 48 utökning
865 1590 48 23 av
932 1573 394 50 odlingslånefonden.
1370 1571 102 37 Deti
1492 1570 134 36 sådant
1646 1567 186 38 avseende

229 1634 12 35 i
269 1634 195 36 motionen
505 1632 224 48 ifrågasatta
761 1630 177 48 beloppet
965 1640 67 36 ger
1059 1626 84 37 icke
1172 1624 185 37 utskottet
1385 1622 208 47 anledning
1621 1620 56 36 till
1704 1623 128 44 någon

231 1686 160 35 erinran.
434 1684 196 37 Utskottet
657 1682 67 36 vill
753 1680 155 38 sålunda
927 1678 202 50 tillstyrka,
1150 1682 56 31 att
1225 1679 124 34 såsom
1368 1673 294 50 kapitalökning
1682 1672 150 36 anvisas

230 1737 56 36 till
327 1734 384 50 odlingslånefonden
739 1737 21 32 å
787 1733 235 47 tilläggsstat
1064 1730 59 36 för
1151 1732 40 32 år
1222 1730 95 34 1921
1349 1732 52 31 ett
1428 1725 136 48 anslag
1592 1737 47 23 av
1669 1724 164 46 300,000

231 1789 151 36 kronor.
439 1787 17 36 I
484 1786 182 37 samband
696 1784 156 37 härmed
880 1784 69 36 bör
977 1782 64 36 det
1070 1795 46 22 av
1145 1780 142 48 Kungl.
1316 1778 108 48 Maj:t
1451 1777 219 47 föreslagna
1698 1776 136 47 högsta

233 1840 119 36 totala
378 1838 378 49 utlåningsbeloppet
784 1836 109 48 höjas
921 1834 56 36 till
1006 1833 205 48 2,500,000
1239 1832 141 35 kronor
1408 1829 116 36 redan
1553 1828 86 36 från
1659 1827 70 36 och
1749 1826 84 36 med

231 1891 255 37 innevarande
513 1893 51 33 år.
620 1889 80 36 Mot
728 1888 62 37 det
819 1886 163 49 begärda
1001 1882 490 52 kapitalökningsbeloppet
1510 1880 59 36 för
1588 1882 41 33 år
1650 1880 96 35 1922
1768 1877 68 36 har

233 1944 188 36 utskottet
447 1943 95 36 intet
570 1946 56 32 att
654 1941 134 36 erinra.

363 1995 72 37 Om
462 1993 337 49 tilläggsanslaget
826 1996 73 43 gör
927 1989 185 37 utskottet
1140 1986 160 38 särskild
1329 1983 294 48 framställning.

362 2046 130 38 Under
534 2044 239 50 åberopande
815 2056 47 22 av
904 2042 62 36 det
999 2054 98 23 ovan
1125 2038 159 37 anförda
1312 2036 219 38 hemställer
1558 2034 187 37 utskottet
1773 2046 63 34 nu,

765 2150 55 32 att
860 2145 206 48 riksdagen
1095 2145 61 34 må
1184 2142 13 36 i
1225 2140 210 48 anledning
1463 2153 46 22 av
1538 2138 143 48 Kungl.
1711 2137 126 48 Maj:ts

637 2198 248 37 förevarande
932 2195 283 48 framställning
1256 2193 70 36 och
1367 2192 71 36 den
1480 2192 11 35 i
1534 2195 127 31 ämnet
1702 2189 136 36 väckta

637 2251 192 37 motionen
857 2250 12 35 i
898 2248 72 37 vad
1000 2248 72 36 den
1100 2251 62 32 rör
1190 2243 381 50 odlingslånefonden
