2188 2618
617 158 400 34 Konstitutionsutskottets
1040 156 166 32 utlåtande
1229 154 52 32 Nr
1304 155 51 31 13.
1711 151 35 30 1

195 245 120 47 lagar,
357 241 223 48 därigenom
622 239 156 36 förlorat
818 236 176 50 gällande
1030 235 110 36 kraft.
1196 234 62 36 Ett
1289 231 190 51 betydligt
1508 230 101 37 antal
1638 232 158 33 återstår

196 294 221 45 emellertid,
447 293 12 36 i
488 293 108 46 fråga
623 304 61 23 om
712 290 101 36 vilka
839 289 145 36 varken
1012 287 63 36 det
1104 300 71 23 ena
1203 286 89 37 eller
1320 285 64 36 det
1412 283 118 37 andra
1556 282 97 36 varit
1683 281 111 36 fallet.

198 347 152 48 Många,
379 348 49 46 på
457 344 58 36 sin
544 343 54 37 tid
628 343 157 47 viktiga,
814 340 235 37 innefattade
1077 339 198 48 undantag
1302 338 85 36 från
1415 335 124 37 tidens
1567 336 47 47 på
1643 336 154 45 många-

199 398 125 37 handa
352 399 83 46 slag
464 410 47 22 av
538 396 279 48 näringstvång
846 392 196 49 grundade
1071 390 245 37 ekonomiska
1339 386 258 50 lagstiftning,
1628 397 81 24 som
1729 397 67 23 nu-

199 464 105 23 mera
345 454 42 31 är
428 448 230 48 längesedan
701 446 233 36 försvunnen
974 444 60 37 för
1075 448 55 31 att
1171 442 58 36 för
1270 441 102 37 visso
1401 438 124 48 aldrig
1553 437 243 36 återkomma.

198 503 130 35 Andra
355 498 486 52 privilegiebestämmelser
869 497 100 35 hava
999 495 58 36 för
1085 494 130 36 adelns
1245 493 246 37 medlemmar
1519 490 12 35 i
1559 494 120 31 större
1709 488 89 36 eller

201 554 144 36 mindre
387 555 87 33 mån
517 550 207 37 modifierat
764 549 101 35 vissa
906 548 104 36 delar
1047 560 46 22 av
1121 546 73 36 den
1223 545 46 36 då
1298 542 175 51 gällande
1502 541 188 36 allmänna
1718 540 80 46 lag-

200 606 241 47 stiftningen,
484 603 56 36 till
581 602 104 37 vilka
727 601 44 36 de
812 599 158 37 sålunda
1012 597 157 37 hänföra
1211 597 71 47 sig.
1337 596 135 35 Denna
1500 593 190 35 allmänna
1717 591 81 47 lag-

201 658 176 47 stiftning
406 656 68 36 har
503 655 213 36 sedermera
744 652 117 36 under
889 649 306 38 århundradenas
1222 649 90 48 lopp
1341 642 203 52 undergått
1571 646 140 45 många
1731 642 69 36 och

201 707 327 51 genomgripande
557 705 276 48 förändringar,
861 709 92 30 utan
983 707 53 31 att
1063 700 133 37 därvid
1225 700 114 47 tagits
1368 698 150 48 hänsyn
1546 696 55 36 till
1621 695 45 36 de
1686 694 114 49 privi-

200 759 399 50 legiebestämmelser,
629 770 80 23 som
739 756 145 36 anslöto
914 755 62 47 sig
1004 753 57 36 till
1089 753 45 36 de
1161 750 204 51 upphävda
1393 750 89 35 eller
1510 747 162 37 ändrade
1700 745 101 37 äldre

201 814 170 48 lagarna.
429 811 16 36 I
486 815 53 32 ett
572 810 79 36 och
694 813 114 32 annat
848 807 77 45 fall,
969 806 46 35 då
1051 801 468 52 privilegiebestämmelse
1550 799 117 35 redan
1694 798 108 47 långt

202 865 104 36 förut
341 862 161 37 faktiskt
539 861 158 37 kommit
730 873 44 23 ur
801 858 253 49 tillämpning,
1083 856 106 36 torde
1217 860 82 31 rent
1328 851 234 39 förbiseende
1591 850 126 45 därav,
1747 854 55 30 att

202 915 270 51 privilegierna
516 913 204 37 innefattat
764 909 284 39 bestämmelser
1088 908 12 35 i
1142 908 64 35 det
1246 912 120 40 ämne,
1408 916 131 24 varom
1579 896 222 58 lagstiftats,

204 969 130 35 kunna
362 979 108 23 anses
498 966 49 35 ha
575 965 195 46 förelegat.
826 962 138 36 Vilken
992 959 194 49 betydelse
1215 970 154 24 numera
1398 956 67 36 bör
1491 954 244 36 tillerkännas
1756 965 46 23 en

202 1019 107 50 dylik
346 1015 474 52 privilegiebestämmelse,
864 1026 80 23 som
982 1011 296 49 lagstiftningen
1307 1012 40 33 så
1376 1012 54 32 att
1458 1011 94 43 säga
1581 1007 82 47 gått
1690 1003 111 47 förbi,

205 1076 40 31 är
286 1071 78 36 ofta
407 1083 45 23 en
495 1068 146 49 ganska
683 1067 159 36 svårlöst
878 1065 122 47 fråga,
1032 1062 225 48 visserligen
1286 1074 46 23 av
1359 1065 83 31 rent
1471 1057 181 37 teoretisk
1680 1062 121 30 natur.

206 1123 188 47 Slutligen
423 1121 211 48 förefinneg
655 1133 47 23 en
729 1117 173 49 kategori
931 1130 47 22 av
1007 1114 231 51 privilegier,
1269 1111 195 49 angående
1483 1109 101 37 vilka
1604 1109 62 35 det
1685 1107 119 48 sagda

204 1176 83 35 icke
324 1174 130 48 gäller,
493 1186 86 22 men
611 1172 101 35 vilka
740 1170 84 36 med
853 1175 54 30 ett
935 1168 197 45 undantag
1160 1165 105 37 torde
1292 1165 130 35 kunna
1449 1161 203 37 betecknas
1680 1162 123 33 såsom

204 1232 85 31 rent
328 1225 223 37 föråldrade.
607 1223 73 36 Det
722 1221 169 49 åsyftade
930 1219 237 47 undantaget
1196 1216 118 49 gäller
1343 1215 72 35 den
1443 1214 11 35 i
1483 1213 20 48 $
1534 1215 18 33 7
1582 1211 171 49 punkten
1783 1211 18 34 1

206 1292 47 22 av
284 1279 94 34 1723
410 1280 60 32 års
499 1275 219 49 privilegier
746 1273 203 45 adelsman,
980 1283 79 23 som
1081 1274 40 31 är
1140 1268 121 49 laglig
1279 1266 230 37 innehavare
1529 1277 47 22 av
1594 1267 210 45 patronats-

207 1335 87 42 rätt,
323 1327 275 38 tillförsäkrade
625 1331 75 31 rätt
729 1329 53 32 att
810 1323 117 37 sådan
956 1320 232 50 befogenhet
1215 1317 231 38 fortfarande
1473 1320 127 32 utöva.

336 1378 299 38 Kommitterade
663 1377 118 36 tillåta
809 1375 59 48 sig
895 1374 160 36 hänvisa
1082 1372 56 36 till
1167 1372 71 35 den
1268 1384 45 22 av
1335 1366 295 45 undertecknad,
1650 1365 154 36 Wacht-

208 1433 161 46 meister,
399 1431 120 48 enligt
545 1429 260 48 ridderskapet
835 1427 71 36 och
935 1425 129 37 adelns
1092 1424 124 36 beslut
1243 1424 48 47 på
1318 1420 175 49 uppdrag
1521 1431 45 23 av
1590 1416 215 37 riddarhus-

208 1484 236 37 direktionen
485 1482 146 49 gjorda,
672 1483 40 34 år
755 1481 96 35 1886
896 1492 45 22 av
974 1476 149 50 trycket
1150 1474 160 49 utgivna
1336 1472 208 46 utredning
1571 1468 162 37 rörande
1760 1467 46 37 de

207 1536 261 48 ridderskapet
506 1534 70 36 och
614 1532 127 37 adelns
777 1530 232 50 privilegier,
1047 1528 201 45 förmåner,
1285 1524 223 48 rättigheter
1542 1521 70 37 och
1641 1520 165 46 friheter,

208 1588 102 37 vilka
338 1587 57 36 för
424 1586 63 36 det
515 1584 210 37 dåvarande
752 1582 117 37 borde
898 1594 109 23 anses
1035 1585 101 31 ännu
1165 1584 71 42 äga
1262 1575 177 51 gällande
1466 1574 114 46 kraft,
1608 1572 55 36 uti
1690 1571 118 36 vilket

211 1640 126 36 arbete
374 1642 20 33 å
431 1638 67 36 sid.
540 1636 201 37 251—255
770 1635 121 35 finnes
919 1638 198 43 upptagen
1145 1643 47 23 en
1220 1625 342 47 sammanfattning
1589 1638 46 22 av
1664 1636 144 23 samma

210 1690 232 49 privilegier,
472 1690 202 44 förmåner,
702 1685 226 49 rättigheter
957 1684 70 35 och
1056 1682 165 36 friheter.

340 1743 58 34 Av
430 1741 124 35 denna
582 1738 216 47 utredning,
828 1735 68 37 sid.
927 1735 165 46 47—062,
1121 1733 180 46 framgår,
1332 1734 55 32 att
1416 1729 74 36 den
1518 1727 183 36 särskilda
1728 1726 80 48 »jus

210 1799 221 44 patronatus
460 1792 94 36 efter
581 1789 285 50 privilegierue»
896 1786 117 37 redan
1040 1784 166 49 upphört
1235 1788 52 30 att
1315 1781 113 49 gälla,
1458 1779 71 37 och
1558 1783 54 31 att
1632 1778 71 36 den
1722 1782 87 41 rätt,

212 1859 81 23 som
334 1845 12 35 i
387 1844 128 48 övrigt
556 1842 227 36 tillkommer
813 1838 262 48 ridderskapet
1104 1836 70 36 och
1203 1834 108 37 adeln
1340 1830 232 39 beträffande
1599 1833 210 46 patronats-

212 1903 133 40 rätten,
387 1895 238 48 väsentligen
666 1898 40 31 är
747 1890 174 50 reglerad
963 1901 138 36 genom
1142 1886 248 50 kyrkolagen.
1447 1881 235 38 Hithörande
1715 1880 95 36 före-

214 1949 152 36 skrifter
407 1953 64 30 äro
514 1946 58 36 för
613 1943 233 37 närvarande
887 1940 156 38 föremål
1085 1940 59 35 för
1177 1936 279 47 omarbetning,
1486 1934 70 36 och
1585 1932 143 47 förslag
1756 1931 54 36 till

213 2001 84 47 »lag
326 1998 194 49 angående
550 1996 161 48 ändring
739 1995 11 35 i
779 1993 176 49 gällande
984 1990 284 37 bestämmelser
1297 2001 60 23 om
1385 1989 294 47 patronatsrätt»
1707 1987 39 31 är
1767 1996 44 22 av

214 2051 135 36 utsedd
391 2049 218 46 sakkunnig
648 2047 72 35 den
765 2048 43 33 19
842 2045 86 46 juni
961 2045 96 33 1915
1088 2042 151 47 avgivet
1266 2040 56 35 till
1352 2037 200 37 statsrådet
1581 2035 69 36 och
1681 2034 131 36 chefen

214 2103 59 35 för
314 2101 131 48 kungl.
484 2098 456 49 justitiedepartementet.
998 2093 111 36 Detta
1151 2091 154 46 förslag,
1344 2102 80 23 som
1462 2100 107 23 avser
1600 2090 212 44 patronats-

214 2158 144 31 rättens
386 2149 253 51 upphävande
667 2153 77 31 mot
773 2146 212 47 ersättning
1013 2145 12 35 i
1052 2144 103 35 vissa
1184 2142 66 35 fall
1279 2141 56 36 till
1363 2146 195 42 patronus,
1588 2143 40 30 är
1653 2137 58 35 för
1730 2140 83 31 när-

216 2204 166 36 varande
411 2202 235 36 överlämnat
675 2200 55 35 till
758 2197 194 37 utlåtande
981 2210 46 22 av
1054 2193 281 37 vederbörande
1364 2189 275 50 myndigheter.
1681 2188 16 34 I
1721 2187 94 35 intet

217 2256 65 35 fall
310 2255 78 36 lära
416 2252 207 38 emellertid
652 2251 109 36 dessa
788 2247 285 39 bestämmelser
1101 2258 155 23 numera
1284 2244 97 35 hava
1409 2245 127 43 någon
1564 2239 158 37 särskild
1751 2238 64 36 be-
