2129 2655
338 181 38 31 10
786 180 129 33 Banko-
927 175 177 46 Utskottets
1112 179 167 33 Memorial
1301 180 63 32 N:o
1387 180 30 31 2.

431 270 231 37 Beträffande
694 270 253 36 Riksbankens
980 269 347 49 afdelningskontor,
1357 269 141 36 hvilkas
1518 271 99 34 antal
1635 282 131 36 genom
1786 269 61 36 det
1866 269 40 36 af

294 327 66 35 sist
386 323 175 37 förflutna
586 322 164 49 Riksdag
775 322 189 36 beslutade
991 322 76 42 och,
1092 322 116 49 enligt
1225 321 96 36 hvad
1340 320 244 49 Fullmäktige
1602 322 12 35 i
1633 322 57 35 sin
1708 321 191 36 berättelse

295 378 159 48 upplyst,
497 374 69 37 den
597 376 45 34 12
671 374 151 36 oktober
849 373 184 37 nästlidna
1060 377 39 32 år
1126 373 166 49 öppnade
1320 372 376 49 afdelningskontoret
1722 373 14 35 i
1762 372 138 36 Jönkö-

295 430 89 47 ping
410 428 105 35 ökats
542 427 57 34 till
627 428 33 42 7,
693 426 66 35 har
786 425 334 36 Banko-Utskottet
1145 425 95 48 tagit
1267 425 57 35 del
1352 427 39 33 så
1416 425 59 35 väl
1502 423 40 36 af
1557 424 96 36 hvad
1681 425 219 48 styrelserna

293 480 57 36 för
390 478 170 48 samtliga
587 477 105 36 dessa
720 477 130 36 kontor
876 477 13 35 i
917 475 139 50 afgifna
1081 476 213 36 berättelser
1322 475 187 49 angående
1537 475 203 36 desammas
1767 476 132 35 rörelse

293 532 66 36 och
398 529 227 49 förvaltning
664 528 184 36 meddelat
888 541 77 23 som
1003 528 66 36 ock
1102 527 39 36 af
1176 528 95 35 hvad
1303 528 13 35 i
1349 533 123 30 ämnet
1504 526 137 37 anförts
1674 526 83 36 utaf
1780 533 120 30 senast

292 581 218 38 församlade
551 581 270 35 statsrevisorer
860 580 66 35 och
966 580 44 35 de
1049 578 39 37 af
1123 579 209 49 Riksdagen
1364 578 56 36 för
1447 579 227 48 granskning
1701 577 40 37 af
1764 578 44 36 de
1836 591 66 23 sex

296 635 100 35 äldre
423 634 196 34 kontorens
646 632 234 36 verksamhet
908 631 173 36 särskildt
1108 630 152 37 utsedde
1287 631 179 35 revisorer
1493 629 186 37 äfvensom
1698 629 39 37 af
1752 629 44 36 de
1814 628 87 37 full-

293 686 172 45 mäktige,
506 684 125 33 hvilka
669 684 115 45 enligt
820 683 168 46 uppdrag
1028 682 40 34 af
1103 682 253 35 Riksbankens
1397 683 152 46 styrelse
1576 681 118 36 under
1722 681 113 48 sagda
1862 684 39 32 ar

294 736 135 35 anstält
455 734 233 48 inventering
715 733 66 35 och
808 732 276 49 undersökning
1110 732 63 35 vid
1200 732 191 43 kontoren;
1421 732 66 34 och
1514 731 66 35 har
1598 731 188 35 Utskottet
1804 732 13 33 i
1836 743 64 22 an-

293 787 153 47 ledning
485 784 39 36 af
560 785 97 35 hvad
697 786 13 34 i
750 784 106 36 dessa
887 784 216 36 berättelser
1135 782 235 37 förekommit
1396 782 124 37 funnit
1547 783 57 49 sig
1629 782 98 45 böra,
1758 781 144 37 utöfver

294 838 98 36 hvad
431 838 11 34 1
484 836 337 36 statsrevisorernes
861 835 196 36 berättelse
1099 835 116 35 under
1248 831 38 49 $$
1316 836 43 33 41
1390 835 66 35 och
1485 836 45 34 42
1555 839 95 31 samt
1675 835 13 34 i
1716 834 184 35 Fullmäk-

292 889 97 48 tiges
416 888 194 35 berättelse
637 887 117 35 under
781 883 18 49 $
828 888 46 34 40
901 887 117 35 finnes
1045 885 243 45 omförmäldt,
1319 885 55 36 för
1400 885 211 49 Riksdagen
1639 886 158 34 anmäla:

436 936 35 47 1)
499 939 13 34 i
539 938 169 36 afseende
736 948 20 25 å
796 938 376 48 afdelningskontoret
1204 938 13 34 i
1245 935 184 50 Göteborg
1455 937 13 35 i
1495 936 97 36 hvad
1619 939 114 46 angår
1760 941 142 31 senaste

294 990 347 36 kontorsrevisorers
675 989 186 36 derstädes
888 988 129 49 gjorda
1045 989 145 35 erinran
1218 988 84 36 med
1329 987 201 49 anledning
1556 987 40 36 af
1619 988 283 48 kontorsstyrel-

293 1055 83 23 sens
416 1040 207 37 förfarande
663 1046 54 30 att
756 1040 62 36 vid
859 1039 174 49 pröfning
1063 1039 40 36 af
1137 1039 365 47 låncansökningar
1487 1033 19 59 i
1529 1039 98 35 vissa
1653 1037 64 37 fall
1744 1037 159 37 affordra

293 1092 183 50 utgifvare
516 1091 40 36 af
589 1091 114 50 betyg
743 1091 100 36 öfver
870 1090 261 36 lånesökandes
1159 1090 292 48 vederhäftighet
1478 1089 172 36 särskildt
1676 1089 226 48 betalnings-

294 1157 148 23 ansvar:

824 1198 53 30 att
903 1192 244 48 Fullmäktige
1174 1192 12 35 i
1214 1192 101 35 detta
1333 1192 205 35 hänseende
1556 1192 160 47 vidtagit
1734 1191 170 48 åtgärder

692 1245 65 35 och
794 1243 184 36 meddelat
1007 1242 228 37 föreskrifter
1275 1243 13 35 i
1328 1242 94 49 syfte
1464 1248 54 30 att
1557 1242 61 36 det
1658 1242 152 36 sålunda
1838 1255 65 22 an-

694 1296 145 35 märkta
864 1293 228 37 förfarandet
1117 1294 80 35 icke
1224 1294 127 35 vidare
1378 1297 60 46 må
1466 1306 68 36 ega
1559 1306 99 30 rum;

434 1344 35 47 2)
497 1348 13 34 i
538 1346 169 36 afseende
735 1350 20 32 å
783 1345 388 48 afdelningskontoren
1198 1345 13 35 i
1238 1344 123 45 Luleå,
1391 1337 206 44 Östersund
1625 1344 65 35 och
1718 1343 132 50 Visby:

827 1401 64 39 att,
934 1403 87 29 enär
1061 1395 76 36 dels
1169 1395 39 36 af
1239 1395 273 36 vederbörande
1543 1396 182 35 revisorer
1752 1395 66 35 och
1844 1395 58 34 in-

692 1447 241 49 spekterande
972 1446 219 48 fullmäktig,
1229 1446 77 36 dels
1335 1446 129 36 endast
1491 1446 40 35 af
1554 1446 113 36 sådan
1694 1445 210 48 fullmäktig

693 1499 184 48 åtskilliga
916 1498 292 48 oegentligheter
1248 1498 66 35 och
1353 1496 259 37 företrädesvis
1643 1496 167 36 formella
1837 1495 66 37 fel-

694 1550 208 47 aktigheter
933 1549 63 35 vid
1026 1548 272 48 förvaltningen
1330 1548 122 36 blifvit
1483 1549 202 42 anmärkta,
1718 1546 186 37 Utskottet

694 1600 173 36 anmodat
886 1599 246 49 Fullmäktige
1152 1604 54 31 att
1219 1600 73 35 låta
1306 1604 83 31 näst
1404 1598 342 37 sammanträdande
1765 1598 139 35 reviso-

694 1665 59 22 rer
786 1650 39 36 af
846 1651 105 35 dessa
974 1650 340 48 afdelningskontor
1339 1650 37 36 få
1402 1650 205 36 kännedom
1634 1662 59 23 om
1720 1649 184 47 inspekte-

693 1703 113 35 rande
832 1702 228 47 fullmäktigs
1087 1701 193 36 berättelse
1307 1702 13 35 i
1347 1701 45 36 de
1419 1701 109 45 delar,
1558 1714 78 22 som
1662 1702 125 34 kunna
1804 1700 98 47 tjena

694 1754 57 35 till
777 1752 151 49 ledning
955 1752 62 37 vid
1043 1752 336 44 revisionsarbetet;
1409 1752 66 35 och

430 1803 36 46 3)
498 1805 13 34 i
545 1804 167 36 afseende
740 1804 173 36 särskildt
940 1807 20 32 å
987 1804 61 35 det
1075 1803 39 35 af
1138 1805 317 48 statsrevisorerne
1482 1803 63 36 vid
1572 1804 110 35 slutet
1709 1801 39 36 af
1771 1799 17 48 $
1817 1803 45 34 42
1891 1802 12 34 i

295 1856 105 35 deras
423 1855 193 35 berättelse
644 1855 155 35 rörande
828 1854 376 48 afdelningskontoret
1231 1855 13 34 i
1271 1847 204 44 Östersund
1503 1854 170 35 anmälda
1700 1853 204 48 oegentliga

294 1905 236 45 förhållande,
561 1911 53 30 att
628 1905 514 49 jernvägsbyggnadsmedlen
1160 1904 56 36 för
1235 1905 171 36 arbetena
1424 1906 100 34 inom
1543 1905 62 35 det
1623 1903 279 41 arbetsområde,

295 1970 77 23 som
412 1957 66 35 har
518 1957 56 35 sin
613 1957 94 48 byrå
739 1957 13 35 i
790 1956 160 36 nämnda
981 1956 90 44 stad,
1101 1956 79 35 icke
1207 1960 47 44 gå
1280 1968 132 37 genom
1440 1955 225 36 dervarande
1692 1954 212 36 riksbanks-

295 2009 140 43 kontor,
470 2014 89 29 utan
599 2021 132 35 genom
772 2012 112 30 annat
909 2007 232 35 bankkontor
1168 2007 197 44 derstädes,
1395 2007 64 35 och
1487 2012 54 30 att
1567 2006 172 36 likaledes
1768 2010 136 31 statens

290 2059 305 47 jernvägstrafiks
635 2059 204 47 aflöningar
880 2059 98 34 inom
1018 2057 188 36 Jemtland
1245 2058 161 47 besörjas
1446 2057 39 36 af
1513 2070 44 23 en
1585 2056 142 37 enskild
1754 2056 108 43 bank,
1892 2057 12 34 i

294 2109 89 48 följd
423 2109 133 36 hvaraf
590 2109 257 36 företrädesvis
882 2108 341 48 privatbanksedlar
1249 2110 13 34 i
1290 2109 121 36 denna
1450 2114 57 30 ort
1534 2108 141 48 spridas
1702 2108 13 35 i
1740 2112 74 31 rätt
1840 2107 64 35 be-

294 2161 143 48 tydliga
464 2161 131 48 belopp
622 2160 80 36 från
731 2165 136 31 statens
891 2160 315 48 jernvägskassor:

833 2216 53 30 att
913 2210 186 36 Utskottet
1126 2211 155 36 rörande
1308 2211 100 36 detta
1433 2210 235 44 förhållande,
1688 2210 14 35 i
1720 2208 183 37 öfverens-

699 2263 206 36 stämmelse
936 2262 85 36 med
1050 2263 44 35 76
1124 2258 18 49 $
1169 2261 399 50 Riksdagsordningen,
1597 2261 130 49 begärt
1754 2261 149 48 upplys-
