2128 2654
345 211 19 31 6
797 209 129 32 Banko-
936 203 179 46 Utskottets
1121 208 167 32 Memorial
1311 207 63 32 N:o
1398 209 31 30 2.

341 302 13 35 i
380 300 211 48 Jönköping
619 299 115 37 under
761 298 43 37 de
821 295 69 50 2'/;
920 298 172 37 månader
1119 298 100 36 detta
1245 298 132 36 kontor
1389 297 117 37 under
1520 300 39 33 år
1577 298 91 35 1885
1686 297 90 36 var
1762 291 17 61 i
1796 297 106 36 verk-

304 349 140 58 samhet
924 401 3 2 |

528 404 132 36 mellan
691 406 106 42 1,600
826 404 64 35 och
919 404 109 44 5,400
1056 403 133 35 kronor
1215 405 46 45 på
1291 404 16 33 1
1337 402 56 35 till
1421 403 20 35 8
1470 401 209 48 räkningar.

437 508 52 36 De
523 507 114 37 under
663 506 278 49 ifrågavarande
969 516 39 25 år
1034 509 45 45 på
1106 494 203 59 deposition
1336 505 13 36 i
1376 504 233 37 Riksbanken
1637 504 135 36 insatta
1800 503 101 37 med-

302 561 57 35 len
387 559 153 36 vexlade

302 662 62 35 vid
392 661 311 36 hufvudkontoret

302 713 132 35 mellan
473 714 65 42 9,55
567 712 65 34 och
668 713 100 42 13,59,
798 711 86 35 eller
910 711 13 34 i
951 710 168 35 medeltal
1150 712 90 42 11,:0
1268 710 180 34 millioner
1476 710 132 34 kronor
1635 713 46 43 på
1709 711 108 42 2,044
1844 710 56 33 till

640 763 107 44 2,407
777 761 111 46 bevis,
918 766 103 40 samt,
1049 761 13 35 i
1085 760 125 47 jemna
1235 761 158 35 tusental
1420 759 166 45 räknadt,

301 865 63 36 vid
392 865 388 48 afdelningskontoret:

301 917 13 35 i
342 915 185 49 Göteborg
784 916 132 35 mellan
946 916 159 44 220,000
1133 915 66 35 och
1227 915 160 43 377,000
1415 914 52 35 kr.
1498 917 46 45 på
1573 915 45 35 60
1645 914 56 35 till
1722 915 43 34 81
1786 912 112 46 bevis,

300 968 14 36 i
340 967 133 36 Malmö
837 978 15 18 »
970 968 132 43 14,000
1155 978 15 18 »
1225 966 158 45 113,000
1435 977 14 19 »
1514 976 15 19 »
1595 967 21 33 4
1657 976 14 19 »
1727 966 42 34 13
1823 976 15 18 »

301 1019 13 35 i
340 1019 112 35 Luleå
837 1030 14 18 »
944 1019 157 43 -153,000
1156 1030 12 18 »
1222 1018 159 44 333,000
1434 1028 15 19 »
1514 1029 14 18 »
1570 1018 45 35 88
1656 1028 14 19 »
1701 1014 67 38 105
1823 1028 14 18 »

301 1071 13 35 i
342 1069 117 36 Vexiö
835 1081 14 18 »
968 1070 132 42 10,000
1153 1081 14 18 »
1247 1069 133 44 -25,000
1434 1080 14 18 »
1514 1079 14 19 »
1596 1068 18 35 6
1656 1079 14 18 »
1726 1069 43 33 12
1823 1079 15 18 »

301 1122 11 35 1
340 1121 118 49 Visby
832 1132 14 19 »
964 1121 133 44 77,000
1151 1131 15 19 »
1221 1120 158 44 127,000
1433 1131 14 18 »
1512 1131 15 18 »
1571 1121 41 33 15
1655 1130 14 19 »
1724 1120 44 35 28
1822 1130 15 19 »

301 1173 13 34 i
341 1165 204 42 Östersund
834 1183 15 18 »
966 1173 133 42 84,000
1152 1183 14 17 »
1223 1172 156 42 101,000
1432 1183 15 17 »
1513 1182 14 18 >»
1568 1172 45 33 59
1655 1182 15 18 »
1725 1172 46 33 64
1834 1171 66 34 och

301 1223 13 35 i
340 1222 215 48 Jönköping
586 1222 115 36 under
728 1222 94 36 före-

351 1273 161 36 nämnda
537 1273 55 36 tid
835 1285 14 18 »
992 1273 107 44 2,500
1152 1283 15 19 »
1246 1272 133 45 --10,600
1432 1283 15 18 »
1512 1282 15 19 »
1593 1274 20 33 3
1655 1283 15 18 »
1749 1273 19 34 6
1823 1283 14 18 »

434 1425 15 36 I
481 1426 265 48 sammanhang
772 1425 149 36 härmed
949 1426 66 35 har
1042 1425 185 36 Utskottet
1253 1424 123 37 funnit
1403 1425 57 48 sig
1486 1424 88 36 böra
1600 1425 120 35 lemna
1747 1437 44 24 en
1818 1425 82 35 kort

301 1476 327 49 sammanfattning
663 1477 135 47 jemväl
839 1476 39 36 af
914 1476 70 37 den
1015 1476 80 36 från
1129 1489 93 36 upp-
1250 1477 66 35 och
1344 1476 213 48 utlåningen
1585 1476 118 35 skilda
1728 1475 171 36 folioräk-

300 1529 269 47 ningsrörelsen
597 1528 116 35 under
739 1528 185 35 nästlidna
950 1531 39 32 år
1015 1528 13 35 i
1056 1527 233 36 Riksbanken
1316 1527 13 35 1
1357 1527 80 35 dess
1465 1527 121 35 helhet
1612 1527 65 35 och
1704 1526 62 36 vid
1794 1527 107 35 hvart

300 1579 66 35 och
394 1584 52 30 ett
473 1578 39 35 af
536 1579 43 35 de
607 1579 179 35 särskilda
813 1579 185 35 kontoren.

438 1629 51 36 De
530 1633 46 44 på
614 1630 245 48 folioräkning
885 1630 12 35 i
925 1629 233 36 Riksbanken
1185 1629 144 44 insatta,
1360 1628 132 36 snabbt
1518 1628 178 36 vexlande
1723 1628 175 49 beloppen

300 1681 142 48 belöpte
483 1681 56 48 sig
572 1681 116 35 under
716 1684 38 32 år
785 1683 92 34 1885
907 1681 56 35 till
990 1682 96 46 lägst
1115 1682 66 41 6,19
1209 1681 66 35 och
1302 1681 108 47 högst
1439 1681 91 43 16,62
1557 1680 183 36 millioner
1767 1680 132 36 kronor

300 1735 46 45 på
388 1733 67 35 108
497 1733 55 34 till
591 1733 70 34 110
688 1731 335 49 räkningshafvare.
1079 1731 140 49 Högsta
1246 1731 401 48 insättningsbeloppen
1673 1730 225 36 förekommo

299 1783 208 48 naturligen
548 1783 62 35 vid
651 1782 320 45 hufvudkontoret,
1012 1782 64 37 der
1108 1782 185 36 desamma
1320 1782 229 36 fiuktuerade
1577 1783 132 35 mellan
1739 1784 66 43 4,49
1833 1783 65 35 och

303 1836 87 42 14,71
422 1834 181 36 millioner
630 1834 132 35 kronor
789 1837 46 44 på
862 1835 45 34 86
936 1833 334 49 räkningshafvare.
1327 1833 418 48 Folioräkningsmedlen
1765 1833 63 36 vid
1844 1833 54 36 af-

299 1884 348 49 delningskontoren
674 1884 169 49 utgjorde
869 1885 13 34 i
904 1884 171 47 jemnade
1102 1886 64 34 tal:

498 1986 62 37 vid
587 1986 376 49 afdelningskontoret

523 2038 12 35 i
563 2036 185 50 Göteborg
784 2039 159 42 140,000
962 2038 56 35 till
1048 2038 196 43 1,206,000
1272 2038 51 34 kr.
1354 2041 46 44 på
1428 2039 19 34 6
1476 2038 200 48 räkningar

521 2089 13 35 i
561 2088 134 36 Malmö
781 2090 159 43 =361,000
993 2100 14 18 »
1050 2090 196 42 1,289,000
1291 2100 14 18 »
1370 2100 14 18 »
1425 2089 114 35 5till6
1568 2100 14 18 »

522 2140 13 35 1
562 2140 112 35 Luleå
779 2141 158 42 156,000
989 2151 14 18 »
1083 2140 160 43 562,000
1288 2151 14 18 »
1365 2151 15 18 >»
1421 2141 20 34 3
1470 2140 198 47 räkningar

524 2191 13 35 i
564 2190 118 36 Vexiö
782 2192 157 43 108,000
991 2201 15 19 »
1086 2191 158 42 410,000
1288 2201 14 19 »
1368 2202 14 18 >»
1423 2192 20 33 2
1559 2202 14 18 »

522 2242 12 35 1
562 2241 118 49 Visby
781 2243 159 43 243,000
993 2253 15 18 »
1083 2242 159 44 423,000
1286 2252 15 18 »
1366 2253 15 18 »
1422 2243 20 34 2
1558 2253 14 18 »

523 2293 12 36 i
563 2285 203 44 Östersund
806 2294 135 43 33,000
994 2304 14 18 »
1087 2293 159 44 -276,000
1290 2303 15 19 »
1370 2305 14 18 »
1424 2293 113 35 3till4
1559 2305 15 18 »
