1890 2814
495 170 395 38 Bevillningsutskottets
910 167 217 33 betänkande
1146 177 42 23 nr
1206 169 50 30 39.
1606 160 18 31 9

119 261 76 29 icke
217 261 59 29 äro
299 268 42 21 av
364 259 195 35 avgörande
580 257 183 37 betydelse,
794 256 4 30 i
820 255 201 32 nuvarande
1043 252 282 33 statsfinansiella
1348 252 74 37 läge
1443 254 47 27 ett
1511 249 111 33 avstå-

120 310 85 31 ende
226 309 78 32 från
324 309 223 37 möjligheten
568 311 48 28 att
637 307 130 31 erhålla
786 306 134 31 sådana
939 306 150 30 intäkter
1109 304 108 31 måste
1235 306 170 34 noggrant
1426 302 196 35 övervägas,

120 361 106 30 innan
245 370 42 21 en
307 359 201 38 avveckling
526 369 41 21 av
586 359 137 31 skatten
743 359 71 30 kan
832 357 265 37 ifrågakomma.
1118 355 170 31 Utskottet
1308 354 197 31 förutsätter
1526 354 96 29 näm-

122 411 97 37 ligen,
241 415 49 27 att
311 412 66 29 den
399 410 198 36 minskning
620 419 43 21 av
684 408 318 35 skatteintäkterna,
1025 416 74 21 som
1120 407 140 29 komme
1281 408 45 27 att
1352 403 126 37 uppstå
1500 411 124 28 genom

121 461 467 37 krigskonjunkturskattens
606 469 103 21 snara
729 457 241 38 avskaffande,
989 456 110 31 måste
1117 455 48 38 på
1183 459 46 27 ett
1246 455 80 30 eller
1346 457 106 28 annat
1470 453 67 31 sätt
1555 453 68 30 täc-

122 512 63 31 kas
202 520 123 29 genom
342 511 146 36 höjning
506 519 43 22 av
567 510 111 30 andra
695 510 138 29 skatter.

167 563 120 30 Ehuru
306 563 165 29 utskottet
489 560 149 31 sålunda
657 560 76 30 icke
753 559 115 30 finner
888 558 52 37 sig
958 558 119 30 kunna
1098 557 151 35 förorda,
1271 558 49 28 att
1340 554 157 37 åtgärder
1516 553 109 30 redan

120 624 50 21 nu
197 614 154 36 vidtagas
380 613 55 30 för
462 621 42 21 en
533 610 202 38 avveckling
763 620 42 21 av
834 607 458 39 krigskonjunkturskatten,
1322 615 100 28 synes
1451 606 56 29 det
1536 604 89 30 dock

121 665 163 30 utskottet
304 662 153 38 förtjäna
476 666 95 33 tagas
589 662 110 30 under
719 662 161 29 närmare
900 658 247 37 övervägande,
1167 657 58 31 vid
1242 657 116 30 vilken
1377 656 163 37 tidpunkt
1560 654 65 31 och

121 715 110 30 under
251 713 95 31 vilka
365 712 203 37 betingelser
589 721 42 20 en
653 711 202 37 avveckling
875 720 42 21 av
938 710 113 30 denna
1073 709 205 30 skatteform
1297 709 70 29 kan
1387 715 98 22 anses
1506 705 121 37 möjlig

122 767 49 28 att
188 764 212 38 genomföra.

167 815 78 31 Med
263 816 138 36 hänsyn
420 814 51 30 till
489 815 67 30 vad
575 812 147 32 sålunda
740 812 144 36 anförts,
905 811 114 31 finner
1038 810 50 38 sig
1106 810 164 30 utskottet
1288 809 110 30 under
1417 807 209 31 förhanden-

122 867 151 30 varande
298 864 291 37 omständigheter
614 865 85 30 böra
723 862 137 31 ansluta
884 862 52 38 sig
959 861 49 31 till
1034 862 55 30 det
1114 860 10 31 i
1150 859 257 39 propositionen
1432 858 194 37 framlagda

123 917 161 36 förslaget
300 926 57 21 om
373 914 466 38 krigskonjunkturskattens
854 911 243 33 bibehållande
1113 912 55 30 för
1181 910 234 31 innevarande
1429 909 37 32 år
1482 910 65 30 och
1562 908 64 32 till-

123 968 134 37 styrker
275 966 218 37 följaktligen
510 967 11 29 i
540 965 135 38 princip
696 965 92 30 detta
806 964 139 37 förslag.

169 1018 176 36 Förslaget
362 1017 51 31 till
431 1016 204 36 förordning
653 1025 58 21 om
728 1014 409 37 krigskonjunkturskatt
1153 1012 55 31 för
1229 1011 37 31 år
1288 1012 83 30 1944
1390 1010 144 31 innebär
1552 1009 76 31 icke

124 1068 107 37 några
251 1068 217 38 principiella
488 1067 191 31 avvikelser
701 1065 80 31 från
802 1066 42 30 de
865 1065 54 30 för
943 1064 37 31 år
1004 1065 83 29 1943
1110 1063 158 37 gällande
1289 1062 304 30 bestämmelserna
1618 1060 9 30 i

125 1120 116 30 ämnet
267 1123 85 27 utan
378 1119 121 30 endast
528 1118 91 31 vissa
646 1118 131 31 smärre
803 1116 223 37 jämkningar
1053 1115 11 30 i
1091 1124 134 21 samma
1251 1112 267 31 bestämmelser.
1548 1111 79 30 Vid-

125 1171 211 30 kommande
352 1170 180 36 förslagets
549 1169 144 36 detaljer
710 1168 54 31 får
781 1168 168 30 utskottet
963 1166 125 31 anföra
1104 1165 165 36 följande.

168 1222 309 30 Bestämmelserna
496 1220 177 38 angående
693 1218 378 37 utjämningsavdraget
1091 1218 47 29 ha
1156 1217 11 30 i
1187 1215 256 39 propositionen
1465 1213 163 31 avfattats

124 1274 11 29 i
156 1272 340 32 överensstämmelse
515 1272 81 30 med
615 1270 245 30 motsvarande
882 1268 215 32 föreskrifter
1118 1267 11 30 i
1154 1267 83 30 1943
1258 1266 55 32 års
1335 1264 213 37 förordning.
1572 1264 56 31 Ut-

125 1324 347 37 jämningsavdraget,
498 1322 106 30 vilket
631 1322 110 30 första
768 1320 134 38 gången
927 1319 153 31 infördes
1108 1320 10 29 i
1148 1318 82 30 1942
1258 1317 56 31 års
1343 1315 203 38 förordning
1572 1325 58 21 om

126 1373 412 39 krigskonjunkturskatt,
560 1373 99 37 utgör
680 1371 145 31 sålunda
850 1372 38 29 15
909 1373 150 34 procent,
1080 1379 76 21 som
1175 1369 9 29 i
1204 1368 90 37 regel
1312 1368 171 30 beräknas
1503 1366 20 31 å
1542 1366 86 37 jäm-

127 1425 329 32 förelseinkomsten.
473 1423 65 31 Vid
554 1422 228 37 medgivande
798 1431 43 21 av
857 1422 128 36 avdrag
1002 1421 55 30 för
1073 1418 352 36 inkomstminskning
1441 1417 21 31 å
1476 1418 70 30 viss
1561 1417 68 30 för-

127 1474 193 32 värvskälla
336 1475 111 30 under
464 1474 41 30 de
522 1472 287 36 beskattningsår,
826 1481 78 21 som
923 1471 81 30 1942
1023 1471 65 30 och
1109 1470 83 30 1943
1210 1469 57 31 års
1283 1468 195 37 taxeringar
1493 1466 136 38 avsågo,

126 1526 54 31 får
199 1527 137 35 hänsyn
354 1525 76 30 icke
449 1527 93 34 tagas
562 1523 50 31 till
632 1523 21 31 å
672 1522 279 32 förvärvskällan
968 1521 194 36 belöpande
1180 1519 354 37 utjämningsavdrag.
1555 1518 14 30 I
1589 1518 42 30 de

125 1576 223 37 likalydande
367 1574 214 31 motionerna
600 1575 28 29 I:
644 1574 63 30 324
727 1574 65 30 och
812 1573 45 30 II:
873 1573 63 29 514
956 1572 64 30 har
1037 1572 129 36 yrkats,
1186 1574 49 27 att
1252 1569 379 37 utjämningsavdraget

127 1627 104 31 måtte
251 1626 101 37 höjas
372 1626 52 29 till
445 1626 40 29 20
508 1628 142 34 procent
671 1626 89 29 samt
780 1627 49 26 att
850 1624 59 30 vid
928 1622 228 36 medgivande
1179 1631 41 21 av
1241 1621 129 36 avdrag
1391 1620 55 30 för
1465 1620 165 29 inkomst-

127 1678 198 36 minskning
349 1677 111 30 under
483 1676 246 30 ovannämnda
752 1673 277 37 beskattningsår
1054 1674 138 35 hänsyn
1213 1671 89 31 skall
1325 1674 96 34 tagas
1445 1671 50 30 till
1518 1670 21 31 å
1562 1670 68 31 för-

128 1728 218 31 värvskällan
365 1727 192 37 belöpande
575 1725 355 38 utjämningsavdrag.

172 1778 117 31 Redan
313 1778 11 29 i
349 1777 146 37 avgivna
517 1776 308 37 remissyttranden
849 1776 80 30 över
955 1774 162 37 förslaget
1143 1773 50 30 till
1217 1772 204 37 förordning
1444 1782 56 21 om
1525 1772 106 36 krigs-

128 1829 311 36 konjunkturskatt
461 1828 54 30 för
535 1827 40 31 år
598 1827 84 30 1943
703 1826 233 30 framställdes
958 1826 85 29 krav
1065 1824 44 37 på
1130 1823 146 38 höjning
1298 1834 41 20 av
1360 1822 271 37 utjämningsav-

128 1881 117 35 draget
265 1880 65 29 och
351 1881 67 28 rätt
439 1881 49 28 att
507 1878 58 30 vid
584 1877 193 37 beräkning
796 1886 43 21 av
859 1875 355 36 inkomstminskning
1234 1874 55 30 för
1309 1873 39 31 år
1371 1874 92 35 1942,
1484 1883 78 21 som
1581 1876 50 27 ut-

128 1930 172 37 nytljades
324 1930 55 30 för
402 1929 180 36 kvittning,
606 1926 244 38 tillgodonjuta
874 1925 345 37 utjämningsavdrag
1240 1924 131 37 jämväl
1393 1924 55 30 för
1470 1924 91 30 detta
1584 1922 48 31 år.

130 1978 386 38 Deparlementschefen
543 1978 147 30 anförde
717 1978 8 29 i
754 1976 187 37 anledning
966 1977 109 29 härav
1102 1975 10 29 i
1140 1974 256 37 propositionen
1423 1984 40 19 nr
1493 1974 61 29 193
1582 1973 51 29 till

133 2032 81 29 1943
230 2030 54 31 års
300 2030 149 36 riksdag,
466 2033 47 27 att
528 2030 56 30 det
599 2028 40 31 år
656 2029 81 29 1942
754 2027 183 37 medgivna
951 2025 379 38 utjämningsavdraget
1344 2024 102 36 enligt
1461 2025 67 30 vad
1542 2026 91 27 taxe-

129 2082 162 36 ringarna
313 2081 85 37 gåve
421 2081 56 30 vid
500 2080 141 30 handen
664 2080 156 29 avsevärt
843 2078 180 30 reducerat
1046 2078 152 29 skattens
1222 2076 126 37 belopp
1372 2076 65 29 och
1461 2075 174 30 inneburit

128 2143 44 20 en
191 2133 136 36 mycket
344 2131 195 36 betydande
556 2131 134 30 lättnad
708 2131 54 29 för
780 2130 42 29 de
838 2127 262 37 skattskyldiga.
1119 2127 56 30 Att
1192 2129 78 34 taga
1288 2128 47 27 ett
1351 2125 195 38 ytterligare
1562 2128 73 32 steg

130 2184 9 29 i
159 2192 132 21 samma
309 2181 154 38 riktning
481 2181 85 30 fann
586 2179 379 38 departementschefen
984 2178 107 30 bland
1109 2181 107 26 annat
1233 2177 79 30 med
1331 2177 135 36 hänsyn
1484 2175 51 30 till
1553 2184 80 28 pen-

130 2233 245 36 ningpolitiska
396 2232 214 36 synpunkter
629 2230 169 30 uteslutet.
820 2230 106 29 Dessa
947 2228 215 37 synpunkter
1180 2227 158 36 utgjorde
1357 2226 103 36 enligt
1480 2227 154 35 departe-

132 2282 252 31 mentschefens
411 2280 223 38 uppfattning
662 2279 104 31 också
793 2282 47 26 ett
867 2278 195 37 avgörande
1088 2278 75 30 skäl
1190 2280 91 27 emot
1308 2277 162 35 förslaget
1496 2279 48 27 att
1571 2275 63 30 till-

130 2331 200 36 godoräkna
363 2331 42 29 de
435 2329 249 36 skattskyldiga
715 2328 343 36 utjämningsavdrag
1089 2328 88 29 även
1206 2326 56 30 vid
1293 2326 190 35 beräkning
1512 2336 42 20 av
1586 2326 47 29 in-

131 2382 315 36 komstminskning
470 2381 54 30 för
548 2380 39 31 år
614 2381 93 29 1942.
732 2380 65 29 Vid
821 2378 254 36 behandlingen
1100 2388 41 20 av
1165 2377 154 30 nämnda
1343 2376 211 37 proposition
1579 2375 57 29 vid

134 2434 83 29 1943
233 2432 54 31 års
304 2432 149 35 riksdag,
470 2431 85 31 där
549 2422 16 49 i
571 2431 124 30 väckta
711 2428 168 32 motioner
895 2428 231 30 framställdes
1142 2428 179 37 yrkanden
1337 2437 42 20 av
1394 2436 132 21 samma
1542 2426 93 29 inne-

132 2484 85 29 börd
246 2493 74 20 som
348 2483 9 29 i
387 2482 41 30 de
457 2491 46 21 nu
532 2480 234 36 föreliggande
795 2479 225 35 motionerna,
1052 2479 111 29 anslöt
1191 2478 50 37 sig
1268 2477 369 37 bevillningsutskottet
