2198 2632
729 215 252 31 Statsutskottets
1006 213 164 30 utlåtande
1195 212 51 30 Nr
1272 214 46 28 17.
1787 207 18 31 3

213 301 136 37 mellan
378 301 406 48 vattenfallsstyrelsen
806 300 66 36 och
891 298 254 48 aktiebolaget
1165 296 322 49 Elektrosalpeter
1507 294 183 48 ingånget
1705 292 101 36 avtal

213 368 45 21 av
288 354 161 36 särskild
480 353 202 49 betydelse.
741 352 130 48 Enligt
899 351 104 36 detta
1031 350 99 36 avtal
1160 349 96 48 ägde
1287 347 165 47 bolaget,
1481 347 129 35 därest
1633 344 174 37 anmälan

213 406 129 36 härom
385 405 142 36 skedde
571 409 126 32 senast
739 404 73 36 den
848 406 17 32 1
904 403 68 48 juli
1015 403 109 42 1920,
1152 407 75 30 rätt
1255 400 55 36 till
1339 400 128 48 option
1496 398 118 35 under
1644 398 46 34 50
1721 399 40 33 år
1789 398 20 34 å

213 458 179 36 elektrisk
434 457 102 35 kraft
577 457 82 35 från
701 456 67 35 här
801 454 288 48 ifrågavarande
1130 451 225 50 utbyggnad
1384 450 97 37 intill
1510 453 115 44 något
1652 461 80 24 mer
1760 452 49 31 än

213 510 144 35 hälften
398 522 46 22 av
486 509 73 35 den
588 507 216 37 beräknade
833 506 127 46 effekt,
991 518 80 23 som
1101 504 120 36 skulle
1249 502 161 37 erhållas
1440 514 137 36 genom
1606 501 118 35 första
1752 504 57 30 ut-

212 560 245 50 byggnaden.
513 559 269 49 Optionstiden
811 558 85 36 blev
924 557 82 36 med
1035 555 140 49 Kungl.
1206 555 126 48 Maj:ts
1361 552 251 48 medgivande
1632 550 178 49 förlängd

214 614 94 35 först
335 611 57 36 till
421 612 72 35 den
525 614 17 33 1
574 611 160 36 oktober
763 609 69 37 och
861 609 126 36 vidare
1015 608 53 35 till
1100 608 72 35 den
1204 609 17 33 1
1252 606 205 36 november
1486 616 141 24 samma
1655 606 49 33 år.

317 663 221 37 Emellertid
567 663 67 36 har
662 662 154 48 bolaget
837 661 212 36 sedermera
1076 659 11 36 i
1117 659 183 36 skrivelse
1329 657 73 36 den
1431 659 22 33 4
1484 654 204 38 november
1710 655 97 35 1920

213 717 153 45 anmält,
396 721 53 30 att
489 715 154 49 bolaget
671 715 32 48 ej
735 713 159 37 ämnade
923 713 174 47 begagna
1127 711 59 48 sig
1215 724 46 23 av
1290 709 59 37 sin
1378 708 159 38 berörda
1565 707 241 49 optionsrätt.

214 768 53 36 På
308 767 125 49 grund
474 768 115 35 härav
634 767 69 36 har
745 779 46 23 av
833 766 45 35 de
915 770 88 30 utav
1034 765 97 35 1920
1161 765 60 33 års
1250 761 156 48 riksdag
1435 761 59 35 för
1522 759 288 48 anläggningen

217 820 177 36 anvisade
415 820 146 47 anslag,
577 819 158 48 tillhopa
757 818 202 46 7,000,000
983 817 151 45 kronor,
1153 814 135 37 endast
1308 818 52 31 ett
1380 813 138 47 belopp
1539 825 46 22 av
1609 811 200 46 1,000,000

216 872 143 36 kronor
401 871 122 36 ställts
564 870 56 36 till
648 868 427 48 vattenfallsstyrelsens
1105 865 240 49 förfogande,
1374 869 170 32 varemot
1574 862 235 37 återstående

218 924 203 46 6,000,000
464 923 138 35 kronor
631 922 31 47 ej
693 926 65 31 äro
788 920 262 50 disponerade.
1106 918 219 47 Riksdagen
1357 916 67 36 har
1452 915 224 47 visserligen
1706 913 104 36 med-

217 976 106 48 givit,
353 980 55 31 att
436 987 46 23 av
509 974 163 36 nämnda
701 973 139 49 belopp
870 972 201 47 2,000,000
1101 970 139 36 kronor
1268 968 120 37 skulle
1416 968 129 35 kunna
1564 966 36 36 få
1619 965 192 37 användas

217 1029 59 35 för
303 1026 265 49 bygdenätens
596 1025 244 49 utvidgning,
870 1037 84 23 men
984 1024 66 35 har
1079 1025 40 34 så
1146 1021 172 37 hitintills
1345 1020 82 36 icke
1456 1019 113 36 skett.

321 1078 220 37 Emellertid
582 1078 135 49 gjorde
750 1075 408 49 vattenfallsstyrelsen
1186 1074 12 36 i
1227 1072 183 38 skrivelse
1439 1071 73 36 den
1541 1072 47 35 23
1609 1068 205 37 november

221 1132 97 35 1920
360 1130 280 48 framställning
668 1143 60 23 om
757 1134 56 32 att
840 1134 134 31 utöver
1002 1127 63 36 det
1093 1127 59 36 för
1181 1128 39 34 år
1252 1126 97 36 1920
1378 1122 182 39 anvisade
1589 1122 176 47 anslaget
1793 1123 21 33 å

222 1184 201 47 1,000,000
453 1183 137 36 kronor
619 1183 36 35 få
684 1195 47 23 av
759 1180 243 50 tillgängliga
1030 1179 120 36 medel
1179 1177 172 37 använda
1379 1176 95 37 visst
1500 1174 221 50 ytterligare
1749 1172 64 37 be-

218 1236 90 49 lopp
351 1235 60 37 för
453 1235 199 36 arbetenas
681 1233 240 38 bedrivande.
978 1231 197 50 Styrelsen
1205 1228 171 38 erinrade
1404 1227 144 46 därvid,
1583 1231 54 31 att
1668 1225 143 48 Kungl.

218 1287 109 48 Maj:t
354 1287 12 36 i
394 1286 179 37 nästlidet
614 1289 58 33 års
714 1284 442 49 statsverksproposition
1198 1281 178 47 föreslog,
1406 1284 63 40 att,
1505 1279 5 36 i
1538 1278 180 37 händelse
1747 1289 67 37 op-

219 1339 226 36 tionsrätten
475 1339 33 48 ej
540 1338 118 36 skulle
687 1337 196 49 begagnas
912 1350 45 22 av
986 1335 256 47 aktiebolaget
1261 1331 336 49 Elektrosalpeter,
1617 1329 82 37 icke
1718 1328 97 37 blott

222 1392 202 47 1,000,000
466 1390 140 36 kronor
634 1390 58 36 för
720 1392 40 33 år
791 1390 97 35 1920
916 1393 88 31 utan
1032 1392 97 31 även
1158 1386 202 46 2,000,000
1389 1384 143 36 kronor
1559 1382 59 36 för
1646 1384 40 33 år
1715 1382 97 34 1921

221 1442 120 37 skulle
381 1448 135 31 utöver
557 1441 161 49 tidigare
760 1440 177 37 anvisade
970 1439 119 36 medel
1117 1439 38 35 få
1182 1435 279 39 användas.
1396 1428 71 66 för
1489 1434 201 37 arbetenas
1721 1432 94 36 fort-

221 1494 182 49 sättning.
458 1494 232 48 Riksdagen,
720 1506 81 23 som
827 1493 96 36 först
950 1492 73 36 den
1052 1493 46 34 29
1129 1489 95 50 april
1254 1490 97 35 1920
1380 1486 236 38 behandlade
1645 1484 170 47 ärendet,

220 1547 98 36 hade
347 1546 208 37 emellertid
583 1546 119 36 under
730 1558 93 36 nyss
853 1544 164 49 angivna
1045 1541 276 48 förutsättning
1340 1545 137 41 ansett,
1499 1543 54 32 att
1573 1538 71 36 den
1665 1536 151 50 odispo-

221 1598 140 37 nerade
391 1599 110 36 delen
531 1612 46 23 av
604 1598 162 48 tidigare
797 1596 177 38 anvisade
1004 1596 144 48 anslag,
1178 1592 183 38 förstärkt
1388 1591 86 37 med
1495 1591 62 37 det
1577 1590 58 36 för
1655 1592 40 33 år
1717 1590 99 35 1920

221 1651 166 37 avsedda
423 1650 332 49 tilläggsanslaget
785 1653 20 33 å
836 1649 198 46 1,000,000
1064 1648 150 45 kronor,
1244 1645 117 37 borde
1389 1657 90 24 vara
1507 1641 222 48 tillräckligt
1758 1640 59 37 för

222 1703 242 37 bestridande
493 1716 46 23 av
568 1701 256 38 kostnaderna
851 1701 58 37 för
937 1701 45 36 de
1011 1698 276 38 förberedande
1317 1697 164 43 arbeten,
1503 1708 80 24 som
1603 1693 122 37 under
1744 1692 74 37 den

222 1760 188 32 närmaste
438 1754 105 37 tiden
572 1755 70 36 och
669 1753 99 37 intill
798 1753 85 37 dess
914 1754 94 35 1921
1039 1754 59 34 års
1125 1751 158 48 riksdag
1311 1748 245 37 underkastat
1583 1745 156 37 ärendet
1766 1758 52 35 ny

222 1807 193 50 prövning
455 1806 118 38 borde
615 1807 151 35 komma
806 1805 58 37 till
905 1804 212 37 utförande.
1172 1802 75 38 Vid
1288 1801 168 37 fattande
1484 1813 48 23 av
1561 1798 104 37 detta
1692 1796 126 37 beslut

222 1860 97 36 hade
358 1859 204 48 riksdagen
603 1861 125 46 utgått
768 1858 83 36 från
893 1861 53 32 att
987 1857 133 47 frågan
1149 1868 58 23 om
1239 1853 298 50 optionsrättens
1565 1848 253 50 begagnande

224 1911 122 37 skulle
376 1917 163 42 avgöras
569 1915 128 32 senast
725 1910 74 37 den
831 1912 17 34 1
875 1908 69 49 juli
975 1910 109 43 1920,
1114 1908 47 36 då
1190 1904 305 51 giltighetstiden
1523 1903 59 36 för
1601 1902 218 36 densamma

223 1964 156 49 utlöpte.
435 1963 163 49 Bolaget
639 1962 97 37 hade
779 1961 204 38 emellertid
1025 1960 216 37 sedermera
1273 1958 87 36 med
1389 1956 142 48 Kungl.
1560 1954 127 49 Maj:ts
1716 1952 103 37 med-

223 2015 164 50 givande
406 2015 149 37 erhållit
574 2014 249 49 förlängning
843 2028 45 22 av
908 2013 176 49 optionen
1104 2013 97 35 först
1220 2010 56 37 till
1295 2010 73 36 den
1386 2012 18 34 1
1431 2007 157 38 oktober
1607 2006 71 37 och
1694 2004 127 38 seder-

224 2081 102 24 mera
352 2068 57 36 till
438 2068 72 36 den
541 2070 17 33 1
588 2067 205 36 november
822 2079 142 24 samma
992 2068 49 33 år.
1097 2064 54 36 På
1179 2063 124 49 grund
1332 2076 47 22 av
1406 2061 156 48 frågans
1591 2059 125 36 ovissa
1735 2058 86 48 läge

224 2121 98 37 hade
351 2119 187 50 styrelsen
566 2119 116 37 redan
710 2119 12 36 i
750 2119 134 48 början
912 2131 46 23 av
986 2120 40 33 år
1057 2117 97 36 1920
1182 2115 155 37 inriktat
1364 2113 179 38 arbetena
1571 2114 48 47 på
1647 2124 48 24 en
1714 2110 108 49 lång-

226 2185 185 24 sammare
448 2172 81 36 takt
559 2176 48 32 än
635 2184 82 23 som
746 2170 117 37 borde
892 2170 97 36 hava
1018 2168 219 49 tillämpats,
1267 2181 60 23 om
1356 2165 279 50 optionsrätten
1663 2161 159 38 kommit

226 2225 57 36 till
325 2224 247 48 användning
605 2224 80 36 före
715 2223 74 37 den
821 2225 17 34 1
865 2222 70 49 juli
966 2222 109 47 1920,
1104 2233 85 23 men
1219 2218 195 49 samtidigt
1440 2216 173 51 planlagt
1642 2215 181 37 arbetena

226 2277 85 36 med
341 2277 114 36 tanke
484 2279 48 46 på
561 2281 52 31 att
640 2276 104 36 vissa
773 2274 123 37 medel
925 2273 131 48 skulle,
1084 2273 13 36 i
1126 2272 170 48 enlighet
1324 2270 84 37 med
1428 2269 141 49 Kungl.
1592 2268 126 49 Maj:ts
1747 2266 76 36 för-

227 2330 96 48 slag,
353 2342 46 23 av
439 2328 205 49 riksdagen
672 2328 12 36 i
713 2328 74 36 alla
815 2327 200 37 händelser
1044 2325 153 37 anvisas
1225 2324 60 36 för
1313 2326 40 34 år
1384 2323 110 36 1921.
1549 2320 58 37 Då
1635 2318 189 51 styrelsen
