1884 2768
484 157 284 30 Statsutskottets
793 157 178 29 utlåtande
994 166 42 20 nr
1062 157 38 29 10
1123 157 39 29 år
1187 157 82 29 1964
1582 157 38 30 15

700 294 155 33 Teknisk
877 293 186 43 forskning

181 388 98 34 38:0)
300 389 125 35 Bidrag
440 389 54 29 till
512 388 599 36 Ingeniörsvetenskapsakademien.
1132 388 125 38 Kungl.
1278 387 105 39 Maj:t
1402 387 64 30 har
1491 387 127 39 (punkt

136 442 52 34 39,
209 451 26 20 s.
255 442 146 34 85—87)
427 442 178 40 föreslagit
625 442 188 39 riksdagen
836 444 49 28 att
907 442 54 29 för
983 441 267 39 ifrågavarande
1271 440 165 30 ändamål
1460 440 53 30 för
1536 440 84 30 bud-

135 496 131 38 getåret
289 495 149 37 1964/65
457 496 120 30 anvisa
598 498 47 28 ett
666 496 121 39 anslag
807 505 42 20 av
870 495 58 30 541
946 495 63 32 000
1031 495 51 30 kr.

181 575 163 38 Anslaget
363 576 38 28 är
421 575 8 29 i
450 575 160 38 gällande
627 575 146 30 riksstat
793 575 142 39 uppfört
954 575 78 29 med
1051 575 59 29 471
1128 575 63 29 000
1209 575 52 29 kr.

181 628 125 39 Kungl.
327 629 124 39 Maj:ts
473 629 130 38 förslag
623 629 146 29 innebär

179 685 52 27 att
253 683 156 39 anslaget
431 683 131 29 räknas
585 692 71 30 upp
680 683 79 29 med
785 682 39 30 50
839 682 63 30 000
926 683 52 29 kr.
1003 682 170 30 avseende
1198 682 195 38 ersättning
1417 682 52 29 till
1495 681 126 30 akade-

135 737 94 29 mien
252 736 54 29 för
329 737 78 29 dess
431 736 116 30 arbete
571 736 34 30 åt
629 736 456 39 forskningsberedningen;

179 791 92 29 samt
290 792 51 27 att
360 790 200 39 ytterligare
582 790 39 29 19
636 789 62 31 500
721 790 51 29 kr.
792 789 117 30 anslås
931 789 52 30 till
1005 790 65 29 den
1093 788 420 40 teknisk-vetenskapliga
1536 789 85 28 kon-

136 843 346 30 taktverksamheten
502 843 10 30 i
531 843 184 30 Amerikas
736 843 137 30 förenta
894 845 116 28 stater.

181 924 12 28 I
224 924 228 30 förevarande
484 923 255 40 sammanhang
769 924 63 29 har
863 924 170 29 utskottet
1063 923 52 29 till
1147 923 213 38 behandling
1392 922 153 30 förehaft
1577 932 40 19 en

135 978 95 28 inom
256 980 108 27 andra
391 979 205 28 kammaren
622 987 42 20 av
689 977 57 29 fru
772 977 131 39 Sjövall
928 977 102 29 väckt
1057 977 133 29 motion
1223 976 62 33 (II:
1302 976 96 34 369),
1424 976 74 30 vari
1525 976 95 30 hem-

135 1031 114 29 ställts
271 1033 49 27 att
343 1031 187 39 riksdagen
553 1031 107 29 måtte
683 1031 78 29 med
785 1031 148 39 höjning
956 1039 43 21 av
1021 1030 56 30 det
1102 1032 83 28 utav
1209 1030 125 39 Kungl.
1359 1029 107 40 Maj:t
1490 1029 129 30 äskade

134 1084 159 39 beloppet
318 1084 121 30 anvisa
464 1084 52 30 till
541 1084 126 39 Bidrag
691 1084 52 29 till
770 1083 599 40 Ingeniörsvetenskapsakademien
1397 1082 54 30 för
1478 1083 143 39 budget-

135 1138 73 29 året
232 1136 148 37 1964/65
402 1139 47 28 ett
470 1138 121 38 anslag
611 1147 42 20 av
675 1137 58 30 711
751 1137 62 30 000
834 1138 53 29 kr.

178 1190 226 29 Beträffande
428 1190 252 38 motiveringen
705 1190 54 29 för
783 1189 265 39 ifrågavarande
1073 1189 131 38 förslag
1229 1189 54 30 får
1308 1189 170 29 utskottet
1500 1189 121 29 hänvi-

135 1254 38 20 sa
193 1245 52 29 till
266 1245 189 29 motionen.

179 1351 184 30 Utskottet.
386 1351 126 39 Kungl.
534 1351 123 39 Maj:ts
680 1351 227 30 förevarande
930 1351 130 39 förslag
1083 1351 146 29 innebär
1253 1352 50 28 att
1326 1350 294 39 ingeniörsveten-

134 1405 335 39 skapsakademiens
495 1404 264 39 bidragsanslag
788 1404 111 30 skulle
928 1404 102 40 höjas
1058 1404 82 29 med
1169 1403 40 30 70
1224 1403 62 30 000
1316 1404 52 29 kr.
1398 1403 13 29 I
1441 1403 176 30 motionen

134 1458 45 30 11:
197 1458 62 29 369
282 1458 152 39 påyrkas
458 1467 42 20 en
523 1458 147 39 höjning
695 1458 77 29 med
796 1457 199 40 ytterligare
1022 1456 60 31 170
1097 1456 64 30 000
1186 1457 51 29 kr.
1263 1457 10 29 i
1298 1456 90 40 syfte
1413 1458 50 29 att
1488 1457 129 39 främja

132 1512 77 29 vårt
235 1512 100 29 lands
362 1511 261 39 vetenskapliga
651 1511 373 29 kontaktverksamhet
1051 1510 10 29 i
1088 1511 125 39 Japan.
1242 1510 94 30 även
1363 1519 57 20 om
1449 1510 168 30 utskottet

133 1566 71 29 inte
228 1565 38 29 är
290 1564 221 30 främmande
536 1564 54 30 för
615 1565 40 29 de
681 1565 218 39 synpunkter
925 1573 74 20 som
1025 1564 183 30 framförts
1234 1564 52 29 till
1313 1564 77 29 stöd
1416 1563 54 30 för
1496 1564 124 29 nämn-

133 1619 44 29 da
197 1618 310 39 motionsyrkande
528 1627 101 21 anser
650 1618 50 39 sig
722 1618 168 30 utskottet
912 1618 105 29 likväl
1038 1618 71 30 inte
1130 1617 84 30 böra
1236 1617 142 30 förorda
1400 1619 117 37 avsteg
1539 1617 78 29 från

133 1672 126 38 Kungl.
280 1672 123 39 Maj:ts
424 1671 266 39 ifrågavarande
712 1671 141 39 förslag.
876 1672 77 29 Med
976 1671 245 39 tillstyrkande
1244 1681 42 19 av
1306 1671 195 30 detsamma
1524 1671 95 29 hem-

133 1726 119 28 ställer
273 1726 168 28 utskottet
464 1725 230 34 fördenskull,

487 1780 50 28 att
562 1779 188 38 riksdagen
777 1778 66 34 må,
871 1779 77 29 med
976 1778 97 30 bifall
1102 1778 51 29 till
1182 1778 125 39 Kungl.
1336 1778 123 39 Maj:ts
1488 1778 130 37 förslag

445 1833 90 28 samt
562 1832 78 29 med
670 1832 118 38 avslag
817 1831 20 30 å
867 1831 177 29 motionen
1075 1831 46 29 II:
1138 1831 73 33 369,
1242 1831 52 29 till
1323 1831 129 38 Bidrag
1483 1831 52 29 till
1564 1832 56 28 In-

441 1884 558 39 geniörsvetenskapsakademien
1029 1884 53 29 för
1111 1884 203 38 budgetåret
1346 1883 149 36 1964/65
1524 1884 96 29 anvi-

444 1948 36 19 sa
500 1939 47 28 ett
566 1938 121 38 anslag
707 1947 41 20 av
769 1937 57 29 541
845 1937 62 30 000
928 1937 51 29 kr.

178 2107 96 30 39:0)
304 2107 124 34 Bidrag
451 2106 53 29 till
527 2106 153 29 Svenska
704 2106 439 34 träforskningsinstitutet.
1170 2105 11 29 I
1208 2105 150 39 enlighet
1386 2106 78 29 med
1493 2106 123 37 Kungl.

133 2160 123 38 Maj:ts
276 2159 130 39 förslag
430 2159 129 39 (punkt
576 2158 51 34 40,
647 2168 25 20 s.
693 2159 73 34 87),
787 2168 72 20 som
880 2159 144 29 innebär
1044 2168 41 20 en
1106 2158 274 39 anslagsökning
1401 2159 77 29 med
1502 2159 38 28 15
1554 2159 65 28 000

133 2212 61 33 kr.,
211 2211 201 29 hemställer
429 2211 179 34 utskottet,

486 2266 49 27 att
554 2265 187 38 riksdagen
761 2264 56 29 må
839 2265 49 28 till
909 2264 126 38 Bidrag
1057 2264 51 29 till
1127 2264 156 29 Svenska
1306 2264 313 38 träforskningsin-

441 2317 136 29 stitutet
597 2317 54 29 för
672 2317 202 37 budgetåret
899 2316 147 36 1964/65
1069 2317 120 29 anvisa
1212 2319 46 27 ett
1282 2317 272 38 förslagsanslag
1576 2327 41 19 av

446 2370 92 29 1975
553 2370 61 29 000
636 2370 51 28 kr.
