2195 2671
608 181 416 30 Konstilutionsutskoltets
1048 183 177 29 memorial
1250 183 49 29 Nr
1323 182 47 30 21.
1746 184 40 30 27

305 262 145 47 Frågan
480 274 54 23 om
566 263 235 47 principerna
825 263 55 36 för
899 264 315 47 regeringsbeslut
1234 269 86 31 över
1340 264 448 49 ortnamnsförändringar

199 328 64 23 var
293 328 75 23 som
397 316 140 36 bekant
565 316 63 37 vid
660 320 98 33 1908
791 320 56 33 års
872 317 153 49 riksdag
1057 319 153 35 föremål
1229 319 55 36 för
1304 319 227 48 behandling
1552 320 39 35 af
1607 320 180 36 konstitu-

197 370 292 45 tionsutskottet,
521 384 76 23 som
627 372 133 44 funnit,
793 375 54 33 att
874 373 140 47 Kungl.
1044 373 109 48 Maj:t
1180 376 47 45 på
1256 374 137 47 förslag
1423 386 45 24 av
1496 375 291 35 ortnamnskom-

199 425 139 44 mittén,
381 426 84 34 med
507 426 127 36 vilken
665 426 188 48 åtskilliga
883 427 259 47 myndigheter
1170 428 161 44 instämt,
1362 428 163 44 beslutit,
1557 432 54 32 att
1639 429 149 35 socken-

197 483 151 31 namnet
394 480 209 35 ”Timmelhed
644 481 120 34 skulle
806 482 190 34 förändras
1034 481 57 36 till
1120 481 187 36 Timmele.
1367 482 422 36 Ortnamnskommittén

199 533 93 35 hade
323 536 90 33 stött
441 534 64 35 sitt
532 533 139 48 förslag
700 535 77 35 deis
807 538 46 44 på
882 536 144 43 uttalet,
1045 536 77 35 dels
1142 539 48 44 på
1209 539 169 32 namnets
1399 537 119 35 äldsta
1539 536 248 37 skrivformer.

196 588 81 34 Mot
304 588 179 47 förslaget
511 588 96 36 hade
638 589 205 36 emellertid
872 602 163 35 gensaga
1063 590 137 48 inlagts
1233 590 78 36 dels
1341 603 44 23 av
1415 591 182 36 socknens
1626 591 163 36 kommu-

197 642 231 44 nalstämma,
461 643 77 34 dels
569 655 44 24 av
642 643 237 48 byamännen
908 644 55 35 uti
992 644 75 48 byn
1095 645 241 44 Timmelhed,
1366 645 102 36 vilka
1497 657 130 24 senare
1657 646 131 45 anfört,

195 695 115 36 bland
340 700 123 41 annat,
494 696 178 48 följande:

290 776 70 32 »Av
390 776 248 42 handlingarna
662 778 11 31 i
698 777 137 32 ärendet
858 778 89 32 hava
970 778 33 33 vi
1027 778 177 39 inhämtat,
1230 782 47 29 att
1301 782 139 30 namnet
1463 781 44 41 på
1529 782 61 31 vår
1614 780 45 42 by
1682 781 109 32 under

197 823 136 39 gångna
368 821 85 32 tider
481 824 125 30 stavats
631 824 43 40 på
699 823 239 41 mångahanda
962 823 89 32 olika
1075 827 71 28 sätt.
1196 824 148 42 Somliga
1368 836 42 21 av
1434 825 96 32 dessa
1554 826 235 32 namnvarian-

197 869 48 27 ter
281 866 116 32 kunna
432 866 55 33 väl
515 867 53 31 för
592 869 83 37 vårt,
703 867 346 40 nutidsmänniskans,
1075 873 63 38 öga
1162 869 60 32 och
1249 873 56 29 öra
1329 872 32 30 te
1386 870 50 42 sig
1460 872 102 41 något
1586 870 201 33 sällsamma.

197 911 40 31 Vi
265 916 56 27 äro
346 911 85 33 dock
456 913 213 41 övertygade,
696 924 55 21 om
775 916 48 28 att
846 913 41 32 de
911 913 229 40 allesamman,
1166 915 98 32 hvart
1288 915 63 31 och
1376 918 45 29 ett
1444 917 43 40 på
1501 916 51 31 sin
1570 915 57 40 tid,
1645 916 55 32 väl
1716 916 73 42 fyll-

196 956 40 31 de
272 956 56 32 sitt
363 956 168 37 ändamål,
562 961 87 28 samt
673 960 47 30 att
744 957 49 40 de,
820 969 72 21 som
916 958 155 33 använde
1095 959 87 39 dem,
1207 959 86 32 hade
1317 960 78 32 dem
1419 960 90 40 kära,
1535 960 62 33 och
1621 963 47 29 att
1692 961 40 32 de
1757 962 30 41 ej

195 1006 105 35 gärna
321 1001 87 32 hade
432 1001 112 42 utbytt
560 1002 77 32 dem
654 1006 70 28 mot
741 1002 113 33 andra.
895 1003 44 32 Vi
957 1003 88 34 hava
1062 1004 29 42 ej
1110 1004 103 32 heller
1230 1007 101 40 sport,
1348 1007 48 30 att
1412 1007 102 40 något
1530 1005 119 33 sådant
1665 1007 124 42 någon-

196 1046 51 32 sin
283 1046 162 42 föreslogs
482 1046 86 33 dem.
628 1048 80 32 Man
743 1048 87 32 hade
858 1048 55 33 väl
937 1048 43 33 då
1003 1052 104 29 annat
1130 1052 48 29 att
1200 1051 103 31 tänka
1326 1052 44 40 på
1394 1050 63 32 och
1481 1051 106 42 syssla
1610 1051 87 32 med.
1745 1052 44 32 Vi

195 1091 116 32 kunna
347 1092 30 40 ej
415 1091 105 33 heller
548 1095 64 29 rätt
635 1094 115 36 förstå,
775 1093 89 32 huru
887 1095 113 41 någon
1025 1093 210 43 (myndighet
1259 1095 79 32 eller
1362 1094 140 44 enskild)
1528 1095 105 33 skulle
1658 1096 131 32 kunnat

195 1136 44 31 ha
263 1138 103 40 något
389 1137 141 32 intresse
554 1148 42 22 av
621 1140 48 30 att
691 1141 140 29 namnet
854 1140 43 40 på
922 1138 94 33 deras
1034 1139 82 43 (vär)
1133 1139 45 42 by
1195 1139 106 33 skulle
1317 1140 46 32 ha
1378 1140 231 34 bokstaverats
1625 1143 44 41 på
1686 1149 104 25 annat

196 1184 73 37 sätt,
296 1187 40 26 än
363 1181 56 33 det
443 1184 43 40 på
510 1183 94 42 varje
628 1183 49 32 tid
700 1183 218 33 hävdvunna.

287 1227 12 31 I
335 1227 55 32 det
425 1227 142 33 anförda
603 1228 106 43 ligger
744 1232 110 29 svaret
889 1231 43 40 på
967 1229 65 32 den
1067 1229 50 32 till
1141 1241 53 21 oss
1219 1231 209 32 framställda
1452 1232 120 41 frågan
1597 1232 189 32 inneslutet.

196 1272 72 31 Den
301 1272 11 31 i
337 1272 112 32 denna
473 1272 92 33 tiden
590 1274 62 31 och
676 1273 116 32 ibland
816 1285 53 21 oss
894 1274 208 33 hävdvunna
1126 1275 282 43 bokstaveringen
1433 1288 42 21 av
1499 1280 139 30 namnet
1661 1279 44 41 på
1728 1279 61 31 vår

195 1316 45 42 by
265 1321 36 27 är
328 1317 193 33 Timmelhed.
570 1318 66 32 För
660 1329 53 22 oss
738 1324 36 26 är
798 1319 55 32 det
876 1323 139 29 namnet
1038 1320 83 40 kärt,
1147 1324 35 38 ty
1207 1320 55 33 det
1286 1326 37 27 är
1346 1322 53 31 för
1423 1324 124 40 många
1568 1333 42 23 av
1627 1333 53 22 oss
1697 1334 91 21 nam-

195 1364 57 29 net
276 1364 44 40 på
344 1364 60 31 vår
427 1362 138 33 födelse-
590 1364 62 32 och
676 1364 198 43 fosterbygd
898 1365 62 32 och
984 1367 81 31 våra
1088 1365 245 34 fäderneärvda
1357 1367 135 42 gårdar;
1518 1368 53 31 för
1595 1378 53 22 oss
1671 1368 65 32 alla
1752 1373 37 27 är

196 1407 55 32 det
285 1411 140 28 namnet
457 1410 44 40 på
539 1410 81 31 våra
654 1409 77 31 hem.
789 1410 44 31 Vi
867 1410 105 32 förstå
1004 1410 55 32 väl
1082 1411 370 42 vetenskapsmannens
1479 1413 149 39 intresse,
1654 1412 42 33 då
1719 1413 70 32 han

199 1452 128 32 forskar
362 1454 85 31 efter
482 1453 41 32 de
559 1454 145 33 svenska
738 1457 218 30 ortnamnens
984 1456 239 42 ursprungliga
1245 1458 99 31 form.
1393 1457 45 32 Vi
1461 1457 141 33 värdera
1626 1458 62 33 och
1712 1461 76 38 taga

195 1497 75 32 med
308 1498 79 41 nöje
422 1498 193 32 kännedom
651 1510 56 21 orm
731 1499 181 33 resultaten
947 1511 42 22 av
1018 1500 112 32 denna
1157 1501 86 32 hans
1267 1502 178 42 forskning
1470 1522 41 4 —
1535 1502 56 33 det
1613 1503 107 43 ligger
1744 1506 45 30 ett

196 1542 114 41 stycke
346 1554 42 21 av
423 1545 75 30 vårt
532 1543 89 33 folks
645 1544 137 32 historia
808 1545 80 32 däri.
936 1546 79 31 Men
1039 1546 153 32 kommer
1216 1547 68 31 han
1308 1548 53 31 för
1385 1550 47 29 att
1456 1548 115 32 rustad
1594 1549 78 31 med
1696 1552 92 29 stats-

195 1587 300 43 myndigheternas
530 1589 206 32 maktmedel
770 1589 119 43 ålägga
924 1601 53 21 oss
1013 1593 47 30 att
1083 1591 114 32 skriva
1220 1593 81 31 våra
1324 1594 156 30 ortnamn
1505 1594 44 41 på
1575 1595 102 41 något
1700 1594 88 32 forn-

196 1633 121 31 svenkt
341 1635 64 29 sätt
429 1634 60 30 och
515 1634 74 31 icke
614 1636 36 29 så
674 1645 71 20 som
771 1635 55 31 det
849 1635 122 32 vunnit
994 1635 148 42 burskap
1166 1637 10 30 i
1202 1636 110 33 denna
1336 1637 109 32 tidens
1470 1638 110 42 språk,
1606 1638 44 32 då
1665 1641 123 40 protes-

195 1679 69 29 lera
299 1677 34 32 vi
362 1679 44 40 på
430 1677 55 33 det
509 1677 235 34 bestämdaste.
794 1679 43 32 Vi
862 1682 183 40 protestera
1068 1684 71 28 mot
1162 1681 176 43 ifrågasatt
1361 1682 123 42 påbud,
1511 1685 47 30 att
1582 1687 139 29 namnet
1744 1686 44 40 på

195 1724 60 29 vår
288 1722 211 43 församling,
536 1725 61 31 vår
631 1724 45 42 by
711 1725 63 31 och
805 1726 80 31 våra
909 1725 121 42 gårdar
1054 1725 85 33 skall
1163 1726 215 34 bokstaveras
1403 1729 43 41 på
1470 1730 103 40 något
1596 1731 104 30 annat
1725 1732 64 29 sätt

195 1772 43 26 än
264 1767 55 32 det
342 1778 47 21 nu
414 1768 63 31 och
500 1768 116 33 ibland
640 1780 53 21 oss
718 1769 237 33 hävdvunna.»

302 1832 464 38 Konstitutionsutskottet
808 1835 152 36 anförde
1002 1835 55 36 för
1099 1836 58 36 sin
1191 1837 69 44 del,
1291 1837 113 36 bland
1434 1841 124 43 annat,
1590 1841 54 34 att
1672 1839 117 47 enligt

195 1887 201 36 utskottets
438 1888 243 47 uppfattning
728 1890 276 45 »förändringar
1046 1903 42 23 av
1118 1896 159 31 ortnamn
1306 1894 122 34 endast
1456 1894 81 35 böra
1558 1894 228 45 förekomma,

195 1943 46 33 då
278 1942 144 45 verkligt
464 1943 100 35 behov
606 1944 111 34 därav
738 1944 228 45 föreligger»,
998 1946 69 34 och
1095 1947 115 45 något
1238 1947 132 34 sådant
1399 1947 95 35 hade
1524 1948 182 36 utskottet
1733 1950 55 34 uti

194 1995 284 48 ifrågavarande
507 1996 65 36 fall
600 1996 84 36 icke
714 1997 145 36 kunnat
886 1998 102 36 finna
1018 1999 209 47 ådagalagt.
1277 2000 69 36 Att
1374 2003 47 45 på
1451 2002 44 35 de
1525 2001 153 37 anförda
1707 2003 80 36 skä-

195 2050 60 35 len
301 2072 47 3 —
390 2051 143 44 uttalet,
564 2050 159 48 tidigare
753 2052 177 36 skrivsätt
958 2053 69 35 och
1056 2054 72 34 den
1156 2054 210 47 föreslagna
1394 2056 275 36 namnformens
1697 2057 90 35 före-

195 2104 122 36 komst
357 2104 12 35 i
400 2104 97 36 vissa
526 2106 147 46 tryckta
703 2106 151 35 arbeten
884 2128 50 3 —
967 2107 165 47 företaga
1163 2120 46 22 en
1237 2109 331 48 namnförändring
1597 2113 103 45 synts
1733 2115 54 31 ut-

196 2158 138 36 skottet
361 2171 88 23 vara
479 2161 39 33 så
548 2159 149 48 mycket
734 2172 77 23 mer
840 2160 219 48 betänkligt,
1091 2174 74 23 som
1197 2165 53 32 ett
1279 2162 120 48 dylikt
1427 2163 209 36 förfarande
1667 2164 120 37 skulle

195 2212 84 35 leda
320 2212 57 36 till
417 2212 122 36 alltför
582 2213 168 47 orimliga
795 2214 287 36 konsekvenser.
1147 2216 103 36 »Vad
1294 2229 75 23 som
1404 2217 205 36 emellertid
1637 2219 151 36 framför

196 2266 66 34 allt
305 2267 144 46 ådragit
491 2267 57 47 sig
590 2267 200 36 utskottets
833 2269 339 46 uppmärksamhet,
1204 2275 76 38 är»,
1312 2272 145 46 yttrade
1486 2272 193 44 utskottet,
1717 2280 70 31 »att

1810 272 204 35 Ortnamnsför-

1837 309 154 35 ändringar

1833 345 78 35 inför
1930 346 73 26 1908

1820 379 46 29 års
1889 381 120 35 riksdag.
