2187 2674
599 184 422 40 Konstitutionsutskotteis
1044 200 179 30 memorial
1248 201 50 30 Nr
1323 205 52 29 21.
1751 215 42 30 d3

301 259 122 37 Innan
448 261 66 49 jag
541 267 115 45 något
684 274 169 32 närmare
895 275 157 47 redogör
1079 278 56 36 för
1170 280 277 53 behandlingen
1477 301 45 23 av
1553 291 107 37 dessa
1689 300 102 32 ären-

191 311 86 46 den,
310 326 109 24 anser
443 316 66 49 jag
537 319 77 48 mig
642 321 88 37 böra
747 324 95 37 fästa
862 331 379 44 uppmärksamheten
1258 338 124 48 därpå,
1401 345 54 33 att
1481 347 162 35 nämnda
1660 344 128 57 kungl.

188 365 230 49 kungörelse
450 372 72 35 den
554 376 46 33 16
626 375 84 48 juni
754 381 112 44 1905,
909 383 127 37 vilken
1065 399 153 26 numera
1252 391 107 39 blivit
1388 401 115 32 ersatt
1532 401 83 35 med
1659 398 129 57 kung.

192 420 252 48 kungörelsen
475 427 72 35 den
578 431 47 32 23
657 434 208 44 september
896 439 112 43 1912,
1038 440 165 38 innehöll
1228 445 116 47 jämte
1366 455 124 39 annat,
1514 457 53 31 att
1586 457 205 37 understöd

192 486 47 23 av
281 480 215 34 statsmedel
538 481 100 47 finge
680 489 90 42 utgå
812 488 58 35 till
912 490 233 41 skoldistrikt
1183 499 68 34 och
1280 500 220 40 kommuner
1529 512 173 34 ävensom
1732 512 58 36 till

191 528 123 36 lokala
342 530 225 50 föreningar,
599 537 101 36 vilka
730 552 46 24 av
803 542 140 49 Kungl.
974 547 108 48 Maj:t
1110 550 229 40 förklarades
1355 556 227 40 härutinnan
1597 562 192 40 likställda

190 583 84 35 med
316 584 235 40 skoldistrikt
593 591 90 36 eller
722 594 177 38 kommun
941 601 119 35 under
1089 604 99 36 vissa
1218 608 161 46 angivna
1415 612 144 46 villkor,
1592 617 197 39 däribland

190 637 64 34 det
283 643 95 30 även
405 640 14 34 i
451 643 99 34 1912
583 646 57 33 års
685 646 224 49 kungörelse
937 653 302 42 förekommande
1278 662 183 48 villkoret,
1493 671 54 32 att
1575 669 137 39 böcker
1741 687 46 22 av

188 691 161 48 osedligt
377 693 166 38 innehåll
573 697 31 49 ej
635 699 100 48 finge
764 705 83 34 med
876 705 181 39 bibliotek
1085 711 203 40 införlivas.
1338 718 261 49 Kungörelsen
1619 725 167 39 innehöll

188 744 140 46 vidare,
374 752 53 31 att
469 752 275 49 statsbidragen
787 758 131 46 skulle,
950 764 46 44 på
1024 764 221 39 rekvisition
1275 782 45 23 av
1349 774 275 40 vederbörande
1654 780 128 38 biblio-

186 798 256 49 teksstyrelse,
474 804 228 40 utbetalas
685 794 26 65 i
733 810 213 40 Stockholm
977 828 45 24 av
1047 821 268 39 statskontoret
1344 828 67 35 och
1442 831 20 33 å
1483 831 126 48 övriga
1626 838 97 32 orter
1738 849 44 23 av

187 852 234 49 Konungens
464 858 409 53 befallningshavande,
920 871 113 36 sedan
1076 873 389 54 folkskoleinspektör,
1498 886 89 35 eller
1614 887 14 36 i
1657 889 125 37 Stock-

186 906 98 37 holm
315 911 356 49 stadskonsistoriet,
703 919 191 46 vitsordat,
937 927 54 32 att
1031 927 231 39 föreskrivna
1294 934 134 38 villkor
1456 937 107 38 blivit
1586 943 196 47 uppfyllda

186 966 173 32 ävensom
405 968 64 37 att,
516 968 125 37 därest
681 971 102 37 lokal
810 974 172 50 förening
1010 980 87 36 ville
1134 984 139 36 erhålla
1301 992 73 32 rätt
1402 990 57 36 till
1488 994 217 47 åtnjutande
1736 1010 45 24 av

185 1016 236 48 statsbidrag,
452 1020 221 49 föreningen
702 1026 121 37 skulle
852 1030 67 36 hos
948 1032 140 49 Kungl.
1111 1036 109 49 Maj:t
1239 1041 91 35 söka
1355 1043 236 40 förklarande
1612 1053 53 32 att
1680 1051 99 37 bliva

183 1068 169 38 likställd
382 1075 85 33 med
503 1075 236 40 skoldistrikt
767 1082 90 36 eller
884 1084 178 39 kommun
1092 1097 95 29 samt
1216 1094 129 37 därvid
1366 1097 123 48 bifoga
1512 1101 44 35 de
1576 1105 200 46 uppgifter,

183 1125 47 43 på
272 1126 122 44 grund
435 1140 45 23 av
524 1130 101 36 vilka
669 1133 218 48 föreningen
931 1144 136 44 ansåge
1097 1144 57 47 sig
1190 1158 87 24 vara
1306 1150 153 49 förtjänt
1487 1166 47 24 av
1561 1158 213 38 understöd.

182 1176 59 35 Då
283 1179 157 36 sålunda
482 1182 263 49 förklarandet,
791 1194 54 31 att
880 1192 171 50 förening
1079 1197 207 40 likställdes
1317 1206 84 34 med
1425 1207 234 39 skoldistrikt
1688 1213 90 36 eller

181 1230 191 47 kommun,
403 1236 189 37 medförde
621 1243 74 33 rätt
723 1243 57 35 till
809 1246 235 50 statsbidrag,
1077 1254 115 34 måste
1222 1256 63 35 det
1313 1270 108 25 anses
1446 1261 96 37 hava
1562 1264 215 40 tillkommit

182 1284 409 46 departementschefen
621 1297 53 32 att
703 1296 62 35 vid
795 1298 121 47 dylikt
940 1304 154 35 ärendes
1115 1305 205 52 beredning
1340 1313 108 45 tillse,
1477 1319 53 33 att
1555 1317 220 41 biblioteket

179 1337 14 35 i
222 1338 104 47 fråga
352 1354 66 22 var
447 1344 141 46 sådant,
621 1352 54 30 att
704 1350 62 35 det
800 1351 125 38 kunde
955 1368 87 24 vara
1070 1359 154 49 förtjänt
1253 1376 45 23 av
1336 1371 306 37 statsunderstöd.
1704 1375 72 36 För

179 1394 55 33 att
262 1393 74 35 han
367 1395 121 37 skulle
517 1399 129 36 kunna
675 1408 89 40 göra
794 1406 100 36 detta
923 1409 96 37 hava
1062 1415 300 49 ansökningarne
1392 1427 93 31 även
1508 1426 134 46 plägat
1671 1429 101 36 åtföl-

170 1444 63 48 jas
255 1459 45 24 av
329 1448 194 49 kataloger
552 1459 87 31 över
668 1457 45 34 de
742 1458 229 40 biblioteken
1000 1465 187 50 tillhöriga
1221 1470 197 41 böckerna.
1481 1472 238 46 Åtminstone
1761 1485 11 34 i

177 1502 63 32 två
268 1501 77 45 fall,
378 1516 45 22 av
443 1506 101 35 vilka
575 1508 63 36 det
667 1522 69 24 ena
765 1513 67 35 här
859 1517 122 35 nedan
1010 1525 168 33 närmare
1208 1524 157 48 beröres,
1397 1530 67 36 har
1485 1529 284 55 departements-

178 1553 132 37 chefen
340 1557 112 36 också
481 1560 160 49 vidtagit
670 1567 172 44 åtgärder
869 1569 13 35 i
911 1571 94 48 syfte
1036 1577 54 33 att
1123 1576 137 38 böcker
1300 1584 83 34 med
1419 1587 158 47 osedligt
1604 1589 168 38 innehåll

178 1610 113 34 måtte
330 1615 224 35 utmönstras
598 1629 44 22 ur
684 1618 239 50 biblioteken,
959 1627 115 36 innan
1105 1632 300 50 ansökningarne
1435 1639 106 37 bleve
1571 1642 195 50 beviljade.

282 1662 174 39 Rörande
499 1668 164 50 Raggsjö
698 1672 392 56 biblioteksförenings
1120 1684 179 39 bibliotek
1327 1690 67 36 har
1422 1693 219 50 föreningen
1669 1699 14 35 i
1712 1700 57 36 sin

175 1716 258 50 underdåniga
473 1723 167 36 ansökan
681 1729 163 47 upplyst,
891 1735 54 33 att
972 1734 220 41 biblioteket
1215 1740 130 39 bestod
1375 1757 45 25 av
1454 1748 167 48 tjugonio
1652 1756 116 33 större

175 1769 69 35 och
273 1771 144 36 mindre
446 1774 111 37 band.
615 1779 231 50 Visserligen
881 1786 68 36 har
976 1789 429 52 folkskoleinspektören
1434 1800 12 35 i
1476 1803 199 48 distriktet,
1700 1809 67 35 »då

173 1822 285 48 ifrågavarande
488 1829 217 49 bibliotek»,
738 1839 119 34 såsom
886 1840 74 36 han
990 1848 118 42 säger,
1155 1860 128 35 »synes
1313 1852 91 47 fylla
1433 1859 53 32 ett
1515 1858 164 48 verkligt
1707 1861 58 36 be-

172 1876 73 36 hov
276 1880 67 34 och
385 1881 220 49 föreningen
644 1887 141 47 jämväl
814 1893 102 35 ställt
952 1896 58 46 sig
1037 1898 57 36 till
1124 1901 244 39 efterrättelse
1397 1907 327 43 bestämmelserna
1752 1916 14 35 i

171 1930 130 47 kungl.
343 1933 251 49 kungörelsen
633 1942 72 35 den
750 1946 46 33 16
836 1945 84 48 juni
964 1952 99 35 1905
1099 1957 192 44 angående
1335 1962 224 50 statsbidrag
1587 1967 57 35 till
1672 1968 91 36 folk-

170 1983 217 49 bibliotek»,
418 1990 199 48 hemställt,
650 1999 56 32 att
739 1997 233 51 Konungens
1013 2005 397 51 befallningshavande
1438 2016 14 35 i
1480 2018 282 41 Västerbottens

159 2038 73 35 län
260 2040 87 35 ville
381 2043 191 49 tillstyrka
615 2050 131 47 nådigt
774 2051 104 39 bifall
907 2056 56 36 till
992 2059 71 36 den
1092 2064 256 49 underdåniga
1383 2071 270 49 ansökningen,
1683 2089 78 24 var-

169 2092 93 36 efter
290 2095 232 48 Konungens
551 2100 398 52 befallningshavande
979 2114 134 36 uttalat
1155 2117 57 47 sig
1240 2119 12 35 i
1282 2125 366 40 överensstämmelse
1678 2133 83 34 med

167 2145 451 53 folkskoleinspektörens
660 2158 233 40 hemställan.
956 2166 89 36 Men
1089 2170 45 34 då
1178 2172 71 36 den
1297 2175 246 41 sistnämndes
1586 2185 173 45 yttrande

167 2210 112 36 synes
321 2215 89 24 vara
450 2209 188 47 tvetydigt
666 2211 13 36 i
709 2215 39 33 så
789 2218 124 43 måtto,
959 2223 54 33 att
1042 2222 62 36 det
1131 2223 76 37 kan
1236 2239 107 26 anses
1371 2231 179 39 innebära
1658 2238 101 38 bero-

166 2255 97 34 ende
305 2260 47 42 på
396 2259 98 36 olika
536 2263 175 50 tolkning
741 2289 48 4 —
820 2272 179 48 antingen
1029 2279 53 32 ett
1122 2278 109 49 intyg
1260 2283 90 36 eller
1378 2288 53 33 ett
1459 2292 210 44 antagande
1699 2293 58 36 be-

207 2326 136 41 Bihang
367 2330 51 30 till
440 2332 211 42 Riksdagens
669 2340 168 36 protokoll
860 2344 96 30 1913.
982 2347 20 28 5
1025 2350 98 29 saml.
1172 2353 42 28 19
1237 2353 79 39 häft.
1366 2356 64 38 (Nr
1454 2360 64 39 21)
1692 2365 19 30 3
