2232 2614
774 182 229 30 Statsutskottets
1026 184 147 29 utlåtande
1194 184 48 28 Nr
1264 185 28 28 8.
1777 186 58 30 121

225 257 41 36 af
290 263 119 31 staten
436 257 227 47 tillgodoses,
681 259 74 35 kan
775 259 52 36 bli
846 260 76 35 lika
941 266 77 30 stor
1037 273 79 23 som
1135 259 58 37 för
1210 261 244 46 närvarande,
1473 263 69 35 och
1562 262 47 37 då
1627 263 71 36 den
1722 264 112 47 hjälp,

224 321 79 23 som
344 308 386 37 vanföreanstalterna
768 310 147 46 begära,
941 311 117 36 redan
1085 311 120 36 under
1231 312 91 36 flera
1348 312 40 36 år
1414 313 100 36 varit
1538 313 12 36 i
1578 314 76 46 hög
1679 314 93 46 grad
1798 315 42 36 af

223 359 134 42 nöden,
398 359 116 46 vågar
547 360 67 45 jag
653 360 155 36 härmed
833 361 13 35 i
873 360 97 37 form
998 361 42 36 af
1063 363 143 35 motion
1246 361 209 48 framlägga
1493 363 132 47 frågan
1651 364 59 37 för
1735 366 100 36 inne-

222 410 165 36 varande
415 410 58 36 års
499 410 175 46 Riksdag,
701 411 184 37 förvissad
917 417 55 31 att
999 413 73 35 den
1099 413 334 45 behjärtansvärda
1459 415 66 35 sak
1552 415 63 36 det
1633 416 68 36 här
1718 417 120 44 gäller

223 461 96 36 skall
345 468 94 29 röna
465 465 54 31 ett
544 462 189 45 välvilligt
755 463 251 45 mottagande.

322 512 129 35 Redan
477 512 60 35 till
567 513 94 35 1909
690 514 59 34 års
776 513 165 46 Riksdag
966 513 167 36 frambar
1154 515 66 45 jag
1246 527 46 23 en
1325 516 224 36 hemställan
1572 529 60 23 om
1653 522 52 31 ett
1722 517 112 46 bygg-

221 562 227 46 nadsanslag
473 561 59 37 för
559 561 394 48 Göteborgsanstalten
981 564 41 35 af
1046 566 159 42 183,000
1232 566 148 35 kronor.
1434 565 292 47 Statsutskottet,
1753 581 80 23 som

222 612 115 46 ansåg
376 614 112 35 saken
529 613 315 46 behjärtansvärd,
884 614 182 45 afstyrkte
1107 615 95 36 dock
1228 616 191 37 motionen
1446 616 49 47 på
1521 618 72 36 den
1620 619 132 45 grund,
1780 625 54 30 att

224 664 179 35 utskottet
443 663 125 46 ansåg,
609 669 54 31 att
697 665 329 47 byggnadsanslag
1053 665 42 37 af
1118 666 38 36 så
1183 667 91 45 högt
1308 667 136 47 belopp
1472 681 80 23 som
1580 669 62 36 det
1669 669 48 36 då
1742 669 91 37 före-

222 715 130 45 slagna
377 715 81 36 icke
484 715 117 36 borde
628 716 58 35 till
713 716 145 36 enskild
884 716 174 46 förening
1085 718 154 44 lämnas,
1260 723 89 31 utan
1377 725 54 29 att
1457 718 133 47 frågan
1617 720 98 36 varit
1740 720 93 36 före-

221 764 75 37 mål
323 764 59 36 för
408 765 136 46 Kungl.
571 765 120 46 Maj:ts
718 766 185 46 pröfning.
957 767 16 36 I
1000 767 65 36 två
1092 767 196 37 afseenden
1316 776 40 28 är
1383 770 123 35 denna
1531 769 106 47 fråga
1663 784 52 22 nu
1740 772 13 35 i
1780 777 53 30 ett

220 816 204 45 lyckligare
462 816 92 45 läge.
607 816 88 36 Dels
735 818 152 45 begäres
914 831 52 22 nu
992 819 81 35 icke
1100 824 53 31 ett
1180 818 39 36 så
1245 824 95 32 stort
1366 820 136 47 belopp
1530 834 81 22 som
1640 823 95 34 1909
1764 823 68 35 och

221 866 78 36 dels
339 867 74 35 kan
454 867 152 35 ärendet
647 881 61 31 nu,
750 868 224 37 åtminstone
1012 870 14 35 i
1065 870 75 35 viss
1175 869 97 45 mån,
1300 877 105 39 sägas
1437 870 114 37 hafva
1576 872 98 36 varit
1700 872 131 36 under-

219 917 151 36 kastadt
396 917 135 46 Kungl.
559 917 120 47 Maj:ts
705 918 186 47 pröfning.
933 918 143 38 Genom
1102 920 139 46 nådiga
1266 923 171 35 remisser
1464 922 71 37 den
1565 924 45 34 16
1629 923 203 36 november

222 969 96 34 1909
347 968 68 36 och
443 968 70 36 den
544 971 46 33 10
618 969 68 35 och
716 971 44 34 19
789 970 208 46 september
1017 972 98 35 1910
1135 971 212 37 anbefallde
1364 974 189 44 nämligen
1572 973 137 46 Kungl.
1728 973 104 47 Maj:t

220 1024 138 30 statens
375 1019 192 46 inspektör
592 1018 59 37 för
677 1019 388 39 vanföreanstalterna
1091 1023 13 34 i
1130 1023 105 45 riket,
1262 1023 95 36 med.
1374 1023 136 36 doktor
1535 1023 133 37 Alfred
1685 1024 145 46 Petrén,

219 1076 55 28 att
300 1068 141 47 afgifva
467 1069 193 37 utlåtande
688 1070 104 37 öfver
819 1072 45 36 de
891 1073 253 46 ansökningar
1171 1086 61 23 om
1260 1074 226 46 statsbidrag
1511 1075 13 35 i
1546 1074 97 37 form
1663 1075 41 36 af
1718 1076 112 45 bygg-

218 1120 234 46 nadsanslag,
480 1134 79 22 som
586 1120 169 47 ingifvits
783 1121 41 37 af
845 1122 269 47 föreningarna
1139 1123 59 37 för
1216 1124 149 36 bistånd
1383 1125 38 36 åt
1438 1125 154 36 vanföre
1616 1127 6 34 i
1641 1124 189 48 Göteborg

219 1171 70 35 och
316 1169 129 38 Skåne.
481 1171 133 36 Denna
639 1172 257 46 inspektörens
924 1174 203 46 utredning
1152 1174 143 46 förelåg
1319 1175 124 46 färdig
1470 1176 72 36 den
1570 1178 47 34 30
1644 1177 185 36 nästlidne

219 1222 219 45 september;
479 1222 69 35 och
588 1224 185 45 antagligt
808 1231 41 28 är
874 1224 54 45 ju,
956 1230 56 30 att
1039 1225 64 35 det
1129 1232 41 28 är
1196 1225 92 36 efter
1316 1226 62 35 det
1403 1226 272 46 föredragande
1702 1227 128 47 depar-

218 1271 288 37 tementschefen
546 1273 95 45 tagit
681 1273 60 36 del
768 1273 42 36 af
833 1275 122 35 denna
990 1275 202 46 utredning
1218 1288 79 23 som
1325 1276 74 36 han
1426 1277 65 35 vid
1518 1276 311 47 föredragningen

219 1322 100 36 inför
346 1322 135 46 Kungl.
508 1322 104 46 Maj:t
638 1328 130 41 yttrar,
796 1330 54 30 att
877 1326 124 36 endast
1027 1326 192 47 hänsynen
1238 1327 59 35 till
1316 1327 45 36 de
1380 1331 101 32 stora
1499 1327 95 46 kraf,
1612 1340 80 24 som
1709 1328 117 37 måste

216 1373 227 45 framläggas
470 1372 59 36 för
554 1373 208 46 främjande
789 1375 41 36 af
853 1376 118 35 andra
997 1376 145 46 viktiga
1167 1376 136 46 frågor,
1329 1377 185 37 hindrade
1540 1379 140 36 honom
1705 1384 55 30 att
1777 1393 52 22 nu

219 1431 92 38 göra
349 1423 277 47 framställning
651 1425 14 35 i
692 1432 133 30 ämnet.
877 1426 124 36 Alltså
1034 1427 108 36 torde
1172 1428 129 35 kunna
1327 1436 116 38 sägas,
1470 1434 56 30 att
1553 1430 153 35 ärendet
1732 1431 97 34 varit

216 1473 159 38 föremål
400 1473 69 47 för,
497 1488 61 22 om
583 1476 81 35 icke
690 1475 137 47 Kungl.
854 1477 131 46 Maj:ts,
1009 1477 40 36 så
1075 1478 118 36 likväl
1212 1479 423 46 departementschefens
1652 1480 177 47 pröfning

218 1526 67 35 och
314 1526 135 35 vunnit
476 1525 138 37 dennes
641 1527 174 45 gillande.

316 1575 58 37 Då
399 1576 258 46 inspektörens
683 1578 175 44 yttrande
884 1579 107 35 torde
1009 1592 92 23 vara
1119 1578 41 37 af
1174 1578 204 47 afgörande
1395 1581 191 44 betydelse
1603 1580 60 37 för
1680 1581 148 46 frågans

216 1626 242 45 bedömande,
485 1632 59 30 tar
566 1627 67 45 jag
659 1629 76 45 mig
762 1628 157 37 friheten
947 1634 56 31 att
1029 1629 157 36 oaktadt
1212 1631 82 35 dess
1321 1631 228 46 omfattning
1566 1632 154 36 härmed
1738 1632 90 36 åter-

217 1676 101 45 gifva
345 1676 206 36 detsamma
576 1678 14 35 i
617 1678 81 35 dess
726 1679 134 36 helhet.
913 1679 73 36 Det
1012 1680 109 43 lyder
1147 1693 81 23 som
1254 1680 123 46 följer:

325 1725 153 37 ”Genom
505 1727 139 46 nådiga
668 1729 172 36 remisser
866 1729 71 36 den
968 1731 44 34 16
1041 1730 169 36 sistlidne
1236 1732 203 35 november
1466 1732 68 35 och
1562 1732 71 36 den
1665 1734 43 34 10
1727 1733 100 35 inne-

215 1777 164 36 varande
419 1777 136 36 månad
595 1778 68 35 har
697 1779 115 36 Eders
844 1779 136 46 Kungl.
1007 1780 105 46 Maj:t
1138 1780 180 37 anbefallt
1344 1782 77 46 mig
1448 1787 56 30 att
1530 1781 141 47 afgifva
1697 1783 131 36 under-

216 1827 129 46 dånigt
384 1828 192 36 utlåtande
616 1828 104 37 öfver
747 1830 42 35 af
811 1831 180 44 styrelsen
1018 1830 59 36 för
1102 1830 219 47 föreningen
1347 1831 59 37 för
1433 1832 147 36 bistånd
1608 1832 38 37 åt
1671 1833 158 36 vanföra

214 1880 11 33 i
255 1877 189 48 Göteborg
469 1878 144 46 ingifna
640 1880 256 47 underdåniga
922 1882 253 45 ansökningar
1193 1896 61 22 om
1273 1883 226 46 statsbidrag
1517 1884 58 35 till
1593 1883 234 47 uppförande

215 1928 41 36 af
279 1942 45 23 en
351 1942 52 31 ny
429 1929 296 37 vanföreanstalt
751 1932 13 34 i
792 1930 198 47 Göteborg,
1020 1932 191 37 äfvensom
1239 1947 133 32 genom
1399 1933 115 45 nådig
1540 1935 128 35 remiss
1687 1935 69 35 den
1780 1938 43 33 19

215 1980 252 36 innevarande
507 1980 138 36 månad
685 1987 53 29 att
778 1982 141 45 afgifva
954 1983 251 46 underdånigt
1231 1983 193 37 utlåtande
1452 1984 104 36 öfver
1583 1984 42 36 af
1647 1986 179 43 styrelsen

214 2029 58 35 för
298 2028 217 47 föreningen
543 2029 58 37 för
628 2031 149 36 bistånd
804 2031 38 36 åt
868 2032 157 36 vanföra
1050 2034 103 34 inom
1181 2033 121 36 Skåne
1328 2034 166 44 ingifven
1515 2035 234 45 underdånig
1767 2049 61 22 an-

213 2080 115 34 sökan
370 2093 60 22 om
471 2081 226 45 statsbidrag
736 2082 59 34 till
835 2095 45 22 en
920 2083 240 45 tillbyggnad
1196 2084 41 34 af
1267 2083 238 46 föreningens
1535 2086 13 34 i
1575 2085 253 45 Hälsingborg

214 2130 158 44 belägna
399 2131 149 35 anstalt.

316 2179 84 36 Med
440 2180 306 37 öfverlämnande
788 2181 41 36 af
864 2183 407 45 remisshandlingarna
1314 2203 40 4 —
1398 2185 58 34 till
1497 2185 127 35 hvilka
1668 2186 92 34 höra
1805 2188 20 31 9

214 2231 152 43 stycken
406 2230 185 46 ritningar
631 2231 103 36 öfver
774 2232 71 36 den
884 2233 203 45 plancrade
1127 2247 74 30 nya
1241 2235 184 35 anstalten
1452 2235 12 35 i
1493 2234 189 47 Göteborg
1708 2236 68 35 och
1804 2239 22 32 4

314 2293 112 34 Bihang
444 2294 42 26 till
503 2294 98 26 Riksd.
619 2295 136 33 protokoll
775 2296 82 26 1911.
895 2298 16 24 4
931 2297 85 26 Saml.
1055 2299 14 24 1
1090 2298 69 32 Afd.
1196 2298 18 26 &
1235 2298 78 33 Häft.
1696 2301 30 24 16
