2230 2620
782 205 230 31 Statsutskottets
1033 208 150 29 utlåtande
1206 209 46 28 Nr
1274 210 27 28 8.
1808 211 40 30 23

740 280 39 46 b)
816 282 197 47 medgifva,
1055 290 54 30 att
1150 286 311 46 kapellmästaren
1501 287 61 36 må
1593 295 69 39 äga
1689 295 74 30 rätt
1789 290 59 36 till

639 332 63 36 två
742 333 257 48 ålderstillägg
1039 335 22 36 å
1091 337 121 45 lönen,
1239 337 201 37 hvartdera
1467 338 21 36 å
1515 340 74 35 250
1617 340 149 46 kronor,
1794 347 55 30 att

639 383 89 46 utgå
768 383 92 37 efter
899 386 209 46 respektive
1150 389 19 34 5
1212 388 67 36 och
1317 390 46 35 10
1391 389 58 36 års
1476 390 258 47 tjänstgöring,
1762 393 86 35 med

637 440 75 30 rätt
750 433 59 38 för
848 435 71 37 den
958 437 217 37 nuvarande
1209 439 268 37 innehafvaren
1505 440 41 36 af
1570 442 278 46 kapellmästar-

638 484 258 48 befattningen
932 492 56 30 att
1023 488 12 35 i
1061 487 106 47 fråga
1193 502 61 23 om
1282 489 220 47 åtnjutande
1529 491 42 36 af
1594 492 254 48 ålderstillägg

637 536 118 35 räkna
795 536 57 46 sig
889 537 59 35 till
975 539 99 45 godo
1103 539 70 36 den
1200 540 56 35 tid
1283 541 75 36 han
1385 541 93 37 efter
1505 542 64 36 sitt
1594 543 167 37 tillträde
1787 545 60 36 till

637 585 258 48 befattningen
921 588 217 47 tjänstgjort
1163 590 14 36 i
1203 590 226 47 densamma,

738 634 34 49 c)
808 637 166 38 förklara
1014 640 32 46 ej
1088 641 154 46 mindre,
1282 648 54 30 att
1376 643 45 36 de
1457 644 118 46 enligt
1601 646 128 46 kungl.
1757 647 89 35 kun-

636 688 170 45 görelsen
845 689 71 36 den
955 692 45 34 13
1038 691 84 45 juni
1163 693 95 36 1908
1300 694 178 46 stadgade
1517 695 139 37 villkor
1691 697 70 36 och
1788 698 58 36 be-

636 740 231 35 stämmelser
901 739 59 37 för
991 741 219 46 åtnjutande
1237 743 42 36 af
1301 744 275 38 löneförmåner
1602 747 117 46 enligt
1749 749 94 36 1908

637 788 57 37 års
722 790 274 47 lönereglering
1021 792 65 36 vid
1112 794 266 37 universiteten
1405 796 12 35 i
1444 795 170 48 Uppsala
1640 799 69 35 och
1736 798 109 37 Lund

635 845 97 31 samt
766 841 215 37 karolinska
1017 843 373 48 mediko-kirurgiska
1416 847 187 37 institutet
1629 849 107 36 skola
1761 849 83 37 från

635 890 71 36 och
741 891 85 36 med
862 892 40 36 år
939 895 96 34 1912
1063 895 100 45 gälla
1187 895 14 36 i
1227 894 106 48 fråga
1359 910 60 23 om
1447 898 398 46 kapellmästarbefatt-

634 941 149 46 ningen,
812 943 85 36 med
922 943 242 47 iakttagande
1191 951 54 31 att
1272 947 231 37 beträffande
1529 954 75 31 rätt
1630 949 57 37 för
1705 951 139 46 kapell-

634 997 186 31 mästaren
860 999 56 31 att
955 995 86 36 med
1081 996 57 35 sin
1163 996 286 47 ifrågavarande
1476 999 212 48 befattning
1713 1001 131 37 förena

634 1055 123 24 annan
797 1043 116 46 tjänst
953 1045 22 36 å
1001 1046 123 45 rikets,
1163 1046 227 48 Riksdagens
1426 1051 92 35 eller
1544 1051 199 38 kommuns
1771 1058 73 31 stat

633 1093 96 36 skall
769 1095 100 44 gälla
907 1095 102 37 hvad
1049 1110 79 23 som
1158 1098 13 36 i
1199 1098 133 37 sådant
1358 1099 172 38 afseende
1556 1101 248 39 föreskrifvits
1830 1105 13 35 i

632 1143 105 47 fråga
778 1158 60 24 om
879 1147 336 38 musikdirektören
1251 1150 64 36 vid
1342 1151 258 38 universitetet
1634 1154 4 35 i
1665 1153 177 48 Uppsala,

632 1201 47 29 än
719 1194 110 37 äfven
870 1202 63 39 att,
974 1198 123 36 därest
1124 1199 72 36 den
1222 1201 219 37 nuvarande
1467 1203 314 46 kapellmästaren
1808 1206 32 45 ej

631 1244 80 36 före
750 1246 74 35 viss
865 1247 176 45 angifven
1081 1249 178 47 tidpunkt
1298 1252 175 45 anmäler,
1514 1258 55 31 att
1609 1255 74 35 han
1710 1256 132 36 under-

630 1295 127 36 kastar
797 1297 55 45 sig
893 1297 45 36 de
977 1311 76 32 nya
1093 1300 523 50 aflöningsbestämmelserna,
1643 1305 75 37 han
1745 1307 96 36 skall

629 1346 118 36 varda
786 1347 212 38 bibehållen
1038 1350 64 35 vid
1141 1350 139 37 honom
1319 1352 133 37 hittills
1480 1355 285 38 tillkommande
1792 1357 49 36 af-

629 1396 347 48 löningsförmåner,
1004 1399 189 38 äfvensom
1220 1402 64 36 vid
1311 1403 71 36 den
1405 1409 75 31 rätt
1497 1405 60 36 till
1574 1407 167 46 pension,
1760 1421 79 23 som

628 1447 134 36 hittills
789 1449 220 36 tillkommit
1036 1451 148 46 honom,
1212 1458 96 31 samt

730 1495 39 49 d)
797 1498 59 37 för
882 1500 212 38 beredande
1121 1502 41 36 af
1177 1503 251 38 omförmälda
1445 1505 303 49 löneförhöjning
1767 1510 72 35 öka

629 1549 167 45 anslaget
822 1550 60 36 till
909 1552 256 37 universitetet
1193 1554 1 35 i
1213 1554 108 36 Lund
1340 1556 85 36 med
1444 1562 53 30 ett
1515 1557 137 48 belopp
1672 1558 41 37 af
1731 1561 106 44 1,000

627 1595 149 41 kronor.

328 1744 97 43 16:0)
453 1744 135 48 Kungl.
616 1748 106 47 Maj:t
755 1750 69 36 har
858 1751 189 48 föreslagit
1073 1754 212 47 Riksdagen
1312 1761 55 31 att
1392 1757 60 36 för
1477 1757 211 38 beredande
1715 1759 37 37 åt
1780 1773 55 23 se-
1861 1768 109 32 Höjning
1987 1770 26 38 af

219 1793 176 37 minariet
425 1795 58 37 för
509 1797 157 38 klassisk
694 1799 256 50 fornkunskap
979 1804 68 36 och
1075 1806 168 35 antikens
1271 1807 154 36 historia
1451 1808 64 36 vid
1542 1810 255 37 universitetet
1823 1812 13 35 j
1854 1799 108 66 "nelaget
1979 1799 40 66 till

222 1842 109 38 Lund
359 1845 41 36 af
422 1847 121 37 medel
569 1850 60 35 till
654 1851 115 47 inköp
798 1852 41 36 af
861 1852 135 37 böcker
1022 1855 69 36 och
1110 1869 123 23 annan
1252 1857 472 48 undervisningsmateriell
1739 1869 96 29 samt
1848 1870 66 40 inom
1933 1870 87 25 huma-

222 1894 74 87 Eno
326 1896 86 86 liga
439 1898 154 46 utgifter
619 1901 88 46 höja
734 1903 168 46 anslaget
928 1905 59 35 till
1014 1907 164 35 nämnda
1204 1908 218 37 universitet
1448 1910 84 36 med
1560 1916 53 30 ett
1640 1912 136 47 belopp
1797 1913 41 36 af
1848 1904 173 57 "istiska
1965 1900 57 65 sek-

216 1972 4 2 .
349 1960 122 24 ronor.

471 1999 7 7 .
611 2001 7 7 .
836 2003 12 11 o
1061 2006 71 11 om
1378 2010 7 7 .
1533 2010 12 11 o
1910 1983 56 35 15.

324 1997 255 49 Utredningen
608 2014 12 22 i
648 2002 152 37 ärendet
832 2005 197 36 återfinnes
1058 2020 21 21 å
1105 2007 66 36 sid.
1201 2009 147 35 61—064
1376 2023 11 22 i
1415 2007 418 56 statsrådsprotokollet.
1891 1978 90 50 [15.]

323 2097 126 38 Under
476 2101 149 36 erinran
654 2115 60 23 om
743 2108 53 30 att
823 2105 182 36 utskottet
1031 2106 120 36 under
1167 2108 121 45 punkt
1309 2107 97 47 10:0)
1427 2110 67 35 här
1513 2110 113 36 ofvan
1645 2112 190 36 hemställt

221 2160 60 22 om
319 2152 53 31 ett
407 2151 132 45 anslag
565 2151 21 36 å
615 2153 71 35 500
714 2153 139 36 kronor
880 2155 58 35 till
967 2157 182 35 materiell
1178 2170 45 23 m.
1252 2171 46 22 m.
1326 2158 59 36 för
1412 2160 213 37 seminariet
1658 2162 6 35 i
1692 2175 142 24 samma

219 2204 136 30 ämnen
383 2212 79 23 som
490 2201 45 36 de
562 2215 51 22 nu
642 2202 249 38 omförmälda
916 2205 63 36 vid
1008 2207 255 36 universitetet
1297 2208 4 36 i
1329 2209 165 47 Uppsala
1522 2212 68 35 och
1609 2212 119 36 under
1747 2213 87 37 hän-

219 2248 148 47 visning
392 2250 59 36 till
478 2251 100 37 hvad
606 2254 179 36 utskottet
813 2255 59 35 till
899 2256 83 35 stöd
1010 2256 125 37 härför
1162 2257 133 48 anfört,
1313 2258 58 37 får
1390 2261 180 37 utskottet
1588 2258 206 55 hemställa,
