<?xml version="1.0" encoding="UTF-8"?>
<alto xmlns="http://www.loc.gov/standards/alto/ns-v3#" xmlns:xlink="http://www.w3.org/1999/xlink" xmlns:xsi="http://www.w3.org/2001/XMLSchema-instance" xsi:schemaLocation="http://www.loc.gov/standards/alto/ns-v3# http://www.loc.gov/alto/v3/alto-3-0.xsd">
	<Description>
		<MeasurementUnit>pixel</MeasurementUnit>
		<sourceImageInformation>
			<fileName>/tmp/tess_41lut6ul_input.PNG</fileName>
		</sourceImageInformation>
		<OCRProcessing ID="OCR_0">
			<ocrProcessingStep>
				<processingSoftware>
					<softwareName>tesseract 5.3.0</softwareName>
				</processingSoftware>
			</ocrProcessingStep>
		</OCRProcessing>
	</Description>
	<Layout>
		<Page WIDTH="2238" HEIGHT="2610" PHYSICAL_IMG_NR="0" ID="page_0">
			<PrintSpace HPOS="0" VPOS="0" WIDTH="2238" HEIGHT="2610">
				<ComposedBlock ID="cblock_0" HPOS="389" VPOS="203" WIDTH="1065" HEIGHT="42">
					<TextBlock ID="block_0" HPOS="389" VPOS="203" WIDTH="1065" HEIGHT="42">
						<TextLine ID="line_0" HPOS="389" VPOS="203" WIDTH="1065" HEIGHT="42">
							<String ID="string_0" HPOS="389" VPOS="215" WIDTH="39" HEIGHT="30" WC="0.96" CONTENT="20"/><SP WIDTH="505" VPOS="215" HPOS="428"/>
							<String ID="string_1" HPOS="933" VPOS="207" WIDTH="229" HEIGHT="30" WC="0.27" CONTENT="Statsutslkottets"/><SP WIDTH="23" VPOS="207" HPOS="1162"/>
							<String ID="string_2" HPOS="1185" VPOS="204" WIDTH="148" HEIGHT="28" WC="0.95" CONTENT="utlåtande"/><SP WIDTH="24" VPOS="204" HPOS="1333"/>
							<String ID="string_3" HPOS="1357" VPOS="203" WIDTH="47" HEIGHT="28" WC="0.96" CONTENT="Nr"/><SP WIDTH="22" VPOS="203" HPOS="1404"/>
							<String ID="string_4" HPOS="1426" VPOS="203" WIDTH="28" HEIGHT="27" WC="0.70" CONTENT="8."/>
						</TextLine>
					</TextBlock>
				</ComposedBlock>
				<ComposedBlock ID="cblock_1" HPOS="389" VPOS="273" WIDTH="1621" HEIGHT="659">
					<TextBlock ID="block_1" HPOS="389" VPOS="273" WIDTH="1621" HEIGHT="659">
						<TextLine ID="line_1" HPOS="389" VPOS="273" WIDTH="1611" HEIGHT="64">
							<String ID="string_5" HPOS="389" VPOS="293" WIDTH="150" HEIGHT="44" WC="0.96" CONTENT="kronor,"/><SP WIDTH="40" VPOS="293" HPOS="539"/>
							<String ID="string_6" HPOS="579" VPOS="290" WIDTH="68" HEIGHT="36" WC="0.96" CONTENT="har"/><SP WIDTH="37" VPOS="290" HPOS="647"/>
							<String ID="string_7" HPOS="684" VPOS="288" WIDTH="78" HEIGHT="36" WC="0.87" CONTENT="icke"/><SP WIDTH="40" VPOS="288" HPOS="762"/>
							<String ID="string_8" HPOS="802" VPOS="285" WIDTH="110" HEIGHT="48" WC="0.87" CONTENT="gifvit"/><SP WIDTH="38" VPOS="285" HPOS="912"/>
							<String ID="string_9" HPOS="950" VPOS="284" WIDTH="183" HEIGHT="36" WC="0.95" CONTENT="utskottet"/><SP WIDTH="33" VPOS="284" HPOS="1133"/>
							<String ID="string_10" HPOS="1166" VPOS="280" WIDTH="203" HEIGHT="45" WC="0.95" CONTENT="anledning"/><SP WIDTH="33" VPOS="280" HPOS="1369"/>
							<String ID="string_11" HPOS="1402" VPOS="278" WIDTH="60" HEIGHT="36" WC="0.95" CONTENT="till"/><SP WIDTH="34" VPOS="278" HPOS="1462"/>
							<String ID="string_12" HPOS="1496" VPOS="277" WIDTH="159" HEIGHT="36" WC="0.96" CONTENT="erinran."/><SP WIDTH="53" VPOS="277" HPOS="1655"/>
							<String ID="string_13" HPOS="1708" VPOS="274" WIDTH="42" HEIGHT="45" WC="0.87" CONTENT="Ej"/><SP WIDTH="37" VPOS="274" HPOS="1750"/>
							<String ID="string_14" HPOS="1787" VPOS="274" WIDTH="117" HEIGHT="35" WC="0.95" CONTENT="heller"/><SP WIDTH="26" VPOS="274" HPOS="1904"/>
							<String ID="string_15" HPOS="1930" VPOS="273" WIDTH="70" HEIGHT="35" WC="0.95" CONTENT="har"/>
						</TextLine>
						<TextLine ID="line_2" HPOS="390" VPOS="323" WIDTH="1610" HEIGHT="57">
							<String ID="string_16" HPOS="390" VPOS="343" WIDTH="183" HEIGHT="36" WC="0.96" CONTENT="utskottet"/><SP WIDTH="25" VPOS="343" HPOS="573"/>
							<String ID="string_17" HPOS="598" VPOS="339" WIDTH="124" HEIGHT="37" WC="0.96" CONTENT="funnit"/><SP WIDTH="26" VPOS="339" HPOS="722"/>
							<String ID="string_18" HPOS="748" VPOS="336" WIDTH="248" HEIGHT="44" WC="0.96" CONTENT="anmärkning"/><SP WIDTH="26" VPOS="336" HPOS="996"/>
							<String ID="string_19" HPOS="1022" VPOS="338" WIDTH="80" HEIGHT="31" WC="0.96" CONTENT="mot"/><SP WIDTH="27" VPOS="338" HPOS="1102"/>
							<String ID="string_20" HPOS="1129" VPOS="332" WIDTH="62" HEIGHT="36" WC="0.96" CONTENT="det"/><SP WIDTH="26" VPOS="332" HPOS="1191"/>
							<String ID="string_21" HPOS="1217" VPOS="329" WIDTH="211" HEIGHT="38" WC="0.95" CONTENT="beräknade"/><SP WIDTH="27" VPOS="329" HPOS="1428"/>
							<String ID="string_22" HPOS="1455" VPOS="327" WIDTH="141" HEIGHT="36" WC="0.93" CONTENT="antalet"/><SP WIDTH="27" VPOS="327" HPOS="1596"/>
							<String ID="string_23" HPOS="1623" VPOS="324" WIDTH="297" HEIGHT="44" WC="0.91" CONTENT="räknebiträden,"/><SP WIDTH="18" VPOS="324" HPOS="1920"/>
							<String ID="string_24" HPOS="1938" VPOS="323" WIDTH="62" HEIGHT="35" WC="0.96" CONTENT="det"/>
						</TextLine>
						<TextLine ID="line_3" HPOS="390" VPOS="374" WIDTH="1610" HEIGHT="57">
							<String ID="string_25" HPOS="390" VPOS="393" WIDTH="59" HEIGHT="37" WC="0.93" CONTENT="för"/><SP WIDTH="26" VPOS="393" HPOS="449"/>
							<String ID="string_26" HPOS="475" VPOS="391" WIDTH="157" HEIGHT="37" WC="0.90" CONTENT="arfvode"/><SP WIDTH="26" VPOS="391" HPOS="632"/>
							<String ID="string_27" HPOS="658" VPOS="389" WIDTH="37" HEIGHT="36" WC="0.96" CONTENT="åt"/><SP WIDTH="26" VPOS="389" HPOS="695"/>
							<String ID="string_28" HPOS="721" VPOS="389" WIDTH="106" HEIGHT="36" WC="0.96" CONTENT="dessa"/><SP WIDTH="26" VPOS="389" HPOS="827"/>
							<String ID="string_29" HPOS="853" VPOS="386" WIDTH="212" HEIGHT="45" WC="0.95" CONTENT="föreslagna"/><SP WIDTH="28" VPOS="386" HPOS="1065"/>
							<String ID="string_30" HPOS="1093" VPOS="384" WIDTH="183" HEIGHT="45" WC="0.93" CONTENT="beloppet,"/><SP WIDTH="30" VPOS="384" HPOS="1276"/>
							<String ID="string_31" HPOS="1306" VPOS="381" WIDTH="107" HEIGHT="45" WC="0.92" CONTENT="1,500"/><SP WIDTH="27" VPOS="381" HPOS="1413"/>
							<String ID="string_32" HPOS="1440" VPOS="379" WIDTH="151" HEIGHT="43" WC="0.96" CONTENT="kronor,"/><SP WIDTH="24" VPOS="379" HPOS="1591"/>
							<String ID="string_33" HPOS="1615" VPOS="377" WIDTH="91" HEIGHT="35" WC="0.96" CONTENT="eller"/><SP WIDTH="22" VPOS="377" HPOS="1706"/>
							<String ID="string_34" HPOS="1728" VPOS="376" WIDTH="62" HEIGHT="35" WC="0.97" CONTENT="det"/><SP WIDTH="18" VPOS="376" HPOS="1790"/>
							<String ID="string_35" HPOS="1808" VPOS="374" WIDTH="59" HEIGHT="36" WC="0.96" CONTENT="för"/><SP WIDTH="17" VPOS="374" HPOS="1867"/>
							<String ID="string_36" HPOS="1884" VPOS="374" WIDTH="116" HEIGHT="45" WC="0.96" CONTENT="inköp"/>
						</TextLine>
						<TextLine ID="line_4" HPOS="392" VPOS="424" WIDTH="1611" HEIGHT="57">
							<String ID="string_37" HPOS="392" VPOS="444" WIDTH="41" HEIGHT="36" WC="0.93" CONTENT="af"/><SP WIDTH="34" VPOS="444" HPOS="433"/>
							<String ID="string_38" HPOS="467" VPOS="441" WIDTH="303" HEIGHT="38" WC="0.92" CONTENT="räknemaskiner"/><SP WIDTH="35" VPOS="441" HPOS="770"/>
							<String ID="string_39" HPOS="805" VPOS="437" WIDTH="153" HEIGHT="37" WC="0.92" CONTENT="afsedda"/><SP WIDTH="35" VPOS="437" HPOS="958"/>
							<String ID="string_40" HPOS="993" VPOS="436" WIDTH="186" HEIGHT="45" WC="0.93" CONTENT="beloppet,"/><SP WIDTH="28" VPOS="436" HPOS="1179"/>
							<String ID="string_41" HPOS="1207" VPOS="433" WIDTH="108" HEIGHT="45" WC="0.91" CONTENT="5,000"/><SP WIDTH="26" VPOS="433" HPOS="1315"/>
							<String ID="string_42" HPOS="1341" VPOS="431" WIDTH="149" HEIGHT="35" WC="0.96" CONTENT="kronor."/><SP WIDTH="53" VPOS="431" HPOS="1490"/>
							<String ID="string_43" HPOS="1543" VPOS="428" WIDTH="201" HEIGHT="44" WC="0.96" CONTENT="Utskottet,"/><SP WIDTH="32" VPOS="428" HPOS="1744"/>
							<String ID="string_44" HPOS="1776" VPOS="439" WIDTH="80" HEIGHT="23" WC="0.96" CONTENT="som"/><SP WIDTH="27" VPOS="439" HPOS="1856"/>
							<String ID="string_45" HPOS="1883" VPOS="424" WIDTH="120" HEIGHT="36" WC="0.96" CONTENT="under"/>
						</TextLine>
						<TextLine ID="line_5" HPOS="392" VPOS="475" WIDTH="1611" HEIGHT="66">
							<String ID="string_46" HPOS="392" VPOS="495" WIDTH="122" HEIGHT="46" WC="0.96" CONTENT="punkt"/><SP WIDTH="41" VPOS="495" HPOS="514"/>
							<String ID="string_47" HPOS="555" VPOS="494" WIDTH="46" HEIGHT="35" WC="0.96" CONTENT="93"/><SP WIDTH="28" VPOS="494" HPOS="601"/>
							<String ID="string_48" HPOS="629" VPOS="492" WIDTH="67" HEIGHT="35" WC="0.96" CONTENT="här"/><SP WIDTH="25" VPOS="492" HPOS="696"/>
							<String ID="string_49" HPOS="721" VPOS="489" WIDTH="123" HEIGHT="37" WC="0.96" CONTENT="nedan"/><SP WIDTH="28" VPOS="489" HPOS="844"/>
							<String ID="string_50" HPOS="872" VPOS="495" WIDTH="67" HEIGHT="39" WC="0.96" CONTENT="gör"/><SP WIDTH="25" VPOS="495" HPOS="939"/>
							<String ID="string_51" HPOS="964" VPOS="486" WIDTH="223" HEIGHT="36" WC="0.95" CONTENT="hemställan"/><SP WIDTH="27" VPOS="486" HPOS="1187"/>
							<String ID="string_52" HPOS="1214" VPOS="496" WIDTH="61" HEIGHT="23" WC="0.96" CONTENT="om"/><SP WIDTH="28" VPOS="496" HPOS="1275"/>
							<String ID="string_53" HPOS="1303" VPOS="480" WIDTH="202" HEIGHT="38" WC="0.90" CONTENT="anvisande"/><SP WIDTH="27" VPOS="480" HPOS="1505"/>
							<String ID="string_54" HPOS="1532" VPOS="478" WIDTH="42" HEIGHT="36" WC="0.96" CONTENT="af"/><SP WIDTH="23" VPOS="478" HPOS="1574"/>
							<String ID="string_55" HPOS="1597" VPOS="477" WIDTH="121" HEIGHT="36" WC="0.96" CONTENT="medel"/><SP WIDTH="30" VPOS="477" HPOS="1718"/>
							<String ID="string_56" HPOS="1748" VPOS="475" WIDTH="59" HEIGHT="37" WC="0.93" CONTENT="för"/><SP WIDTH="30" VPOS="475" HPOS="1807"/>
							<String ID="string_57" HPOS="1837" VPOS="475" WIDTH="166" HEIGHT="46" WC="0.92" CONTENT="nybygg-"/>
						</TextLine>
						<TextLine ID="line_6" HPOS="393" VPOS="525" WIDTH="1611" HEIGHT="61">
							<String ID="string_58" HPOS="393" VPOS="544" WIDTH="122" HEIGHT="37" WC="0.93" CONTENT="naden"/><SP WIDTH="40" VPOS="544" HPOS="515"/>
							<String ID="string_59" HPOS="555" VPOS="557" WIDTH="48" HEIGHT="22" WC="0.86" CONTENT="m."/><SP WIDTH="36" VPOS="557" HPOS="603"/>
							<String ID="string_60" HPOS="639" VPOS="555" WIDTH="56" HEIGHT="31" WC="0.50" CONTENT="m,"/><SP WIDTH="40" VPOS="555" HPOS="695"/>
							<String ID="string_61" HPOS="735" VPOS="540" WIDTH="57" HEIGHT="37" WC="0.96" CONTENT="får"/><SP WIDTH="40" VPOS="540" HPOS="792"/>
							<String ID="string_62" HPOS="832" VPOS="540" WIDTH="110" HEIGHT="35" WC="0.96" CONTENT="alltså"/><SP WIDTH="35" VPOS="540" HPOS="942"/>
							<String ID="string_63" HPOS="977" VPOS="538" WIDTH="11" HEIGHT="35" WC="0.96" CONTENT="i"/><SP WIDTH="36" VPOS="538" HPOS="988"/>
							<String ID="string_64" HPOS="1024" VPOS="535" WIDTH="204" HEIGHT="45" WC="0.95" CONTENT="anledning"/><SP WIDTH="39" VPOS="535" HPOS="1228"/>
							<String ID="string_65" HPOS="1267" VPOS="532" WIDTH="41" HEIGHT="37" WC="0.96" CONTENT="af"/><SP WIDTH="36" VPOS="532" HPOS="1308"/>
							<String ID="string_66" HPOS="1344" VPOS="531" WIDTH="62" HEIGHT="37" WC="0.96" CONTENT="det"/><SP WIDTH="38" VPOS="531" HPOS="1406"/>
							<String ID="string_67" HPOS="1444" VPOS="543" WIDTH="52" HEIGHT="23" WC="0.96" CONTENT="nu"/><SP WIDTH="39" VPOS="543" HPOS="1496"/>
							<String ID="string_68" HPOS="1535" VPOS="527" WIDTH="256" HEIGHT="47" WC="0.95" CONTENT="föreliggande"/><SP WIDTH="35" VPOS="527" HPOS="1791"/>
							<String ID="string_69" HPOS="1826" VPOS="525" WIDTH="178" HEIGHT="46" WC="0.95" CONTENT="förslaget"/>
						</TextLine>
						<TextLine ID="line_7" HPOS="392" VPOS="595" WIDTH="207" HEIGHT="44">
							<String ID="string_70" HPOS="392" VPOS="595" WIDTH="207" HEIGHT="44" WC="0.76" CONTENT="hemställa,"/>
						</TextLine>
						<TextLine ID="line_8" HPOS="899" VPOS="627" WIDTH="1107" HEIGHT="55">
							<String ID="string_71" HPOS="899" VPOS="643" WIDTH="54" HEIGHT="31" WC="0.96" CONTENT="att"/><SP WIDTH="26" VPOS="643" HPOS="953"/>
							<String ID="string_72" HPOS="979" VPOS="637" WIDTH="211" HEIGHT="45" WC="0.96" CONTENT="Riksdagen"/><SP WIDTH="28" VPOS="637" HPOS="1190"/>
							<String ID="string_73" HPOS="1218" VPOS="633" WIDTH="60" HEIGHT="37" WC="0.94" CONTENT="må"/><SP WIDTH="26" VPOS="633" HPOS="1278"/>
							<String ID="string_74" HPOS="1304" VPOS="634" WIDTH="12" HEIGHT="35" WC="0.92" CONTENT="i"/><SP WIDTH="27" VPOS="634" HPOS="1316"/>
							<String ID="string_75" HPOS="1343" VPOS="631" WIDTH="254" HEIGHT="47" WC="0.92" CONTENT="utgiftsstaten"/><SP WIDTH="27" VPOS="631" HPOS="1597"/>
							<String ID="string_76" HPOS="1624" VPOS="629" WIDTH="59" HEIGHT="36" WC="0.96" CONTENT="för"/><SP WIDTH="27" VPOS="629" HPOS="1683"/>
							<String ID="string_77" HPOS="1710" VPOS="628" WIDTH="257" HEIGHT="36" WC="0.96" CONTENT="universitetet"/><SP WIDTH="26" VPOS="628" HPOS="1967"/>
							<String ID="string_78" HPOS="1993" VPOS="627" WIDTH="13" HEIGHT="34" WC="0.96" CONTENT="i"/>
						</TextLine>
						<TextLine ID="line_9" HPOS="797" VPOS="677" WIDTH="1210" HEIGHT="53">
							<String ID="string_79" HPOS="797" VPOS="690" WIDTH="109" HEIGHT="36" WC="0.96" CONTENT="Lund"/><SP WIDTH="35" VPOS="690" HPOS="906"/>
							<String ID="string_80" HPOS="941" VPOS="688" WIDTH="120" HEIGHT="37" WC="0.96" CONTENT="under"/><SP WIDTH="36" VPOS="688" HPOS="1061"/>
							<String ID="string_81" HPOS="1097" VPOS="686" WIDTH="237" HEIGHT="44" WC="0.93" CONTENT="afdelningen"/><SP WIDTH="35" VPOS="686" HPOS="1334"/>
							<String ID="string_82" HPOS="1369" VPOS="683" WIDTH="49" HEIGHT="45" WC="0.90" CONTENT="A)"/><SP WIDTH="37" VPOS="683" HPOS="1418"/>
							<String ID="string_83" HPOS="1455" VPOS="681" WIDTH="222" HEIGHT="44" WC="0.91" CONTENT="Aflöningar"/><SP WIDTH="26" VPOS="681" HPOS="1677"/>
							<String ID="string_84" HPOS="1703" VPOS="693" WIDTH="47" HEIGHT="22" WC="0.89" CONTENT="m."/><SP WIDTH="28" VPOS="693" HPOS="1750"/>
							<String ID="string_85" HPOS="1778" VPOS="692" WIDTH="48" HEIGHT="22" WC="0.91" CONTENT="m."/><SP WIDTH="28" VPOS="692" HPOS="1826"/>
							<String ID="string_86" HPOS="1854" VPOS="677" WIDTH="68" HEIGHT="36" WC="0.93" CONTENT="och"/><SP WIDTH="26" VPOS="677" HPOS="1922"/>
							<String ID="string_87" HPOS="1948" VPOS="690" WIDTH="59" HEIGHT="22" WC="0.92" CONTENT="ru-"/>
						</TextLine>
						<TextLine ID="line_10" HPOS="797" VPOS="727" WIDTH="1211" HEIGHT="50">
							<String ID="string_88" HPOS="797" VPOS="741" WIDTH="132" HEIGHT="36" WC="0.92" CONTENT="briken"/><SP WIDTH="38" VPOS="741" HPOS="929"/>
							<String ID="string_89" HPOS="967" VPOS="737" WIDTH="285" HEIGHT="38" WC="0.96" CONTENT="Astronomiska"/><SP WIDTH="40" VPOS="737" HPOS="1252"/>
							<String ID="string_90" HPOS="1292" VPOS="732" WIDTH="267" HEIGHT="38" WC="0.96" CONTENT="observatoriet"/><SP WIDTH="40" VPOS="732" HPOS="1559"/>
							<String ID="string_91" HPOS="1599" VPOS="730" WIDTH="58" HEIGHT="36" WC="0.92" CONTENT="för"/><SP WIDTH="40" VPOS="730" HPOS="1657"/>
							<String ID="string_92" HPOS="1697" VPOS="728" WIDTH="233" HEIGHT="38" WC="0.92" CONTENT="anställande"/><SP WIDTH="41" VPOS="728" HPOS="1930"/>
							<String ID="string_93" HPOS="1971" VPOS="727" WIDTH="37" HEIGHT="36" WC="0.95" CONTENT="af"/>
						</TextLine>
						<TextLine ID="line_11" HPOS="799" VPOS="780" WIDTH="1209" HEIGHT="54">
							<String ID="string_94" HPOS="799" VPOS="789" WIDTH="290" HEIGHT="39" WC="0.86" CONTENT="räknebiträden"/><SP WIDTH="30" VPOS="789" HPOS="1089"/>
							<String ID="string_95" HPOS="1119" VPOS="786" WIDTH="161" HEIGHT="48" WC="0.96" CONTENT="uppföra"/><SP WIDTH="27" VPOS="786" HPOS="1280"/>
							<String ID="string_96" HPOS="1307" VPOS="790" WIDTH="53" HEIGHT="31" WC="0.95" CONTENT="ett"/><SP WIDTH="26" VPOS="790" HPOS="1360"/>
							<String ID="string_97" HPOS="1386" VPOS="784" WIDTH="131" HEIGHT="44" WC="0.95" CONTENT="anslag"/><SP WIDTH="27" VPOS="784" HPOS="1517"/>
							<String ID="string_98" HPOS="1544" VPOS="781" WIDTH="42" HEIGHT="36" WC="0.93" CONTENT="af"/><SP WIDTH="26" VPOS="781" HPOS="1586"/>
							<String ID="string_99" HPOS="1612" VPOS="782" WIDTH="106" HEIGHT="44" WC="0.91" CONTENT="1,500"/><SP WIDTH="28" VPOS="782" HPOS="1718"/>
							<String ID="string_100" HPOS="1746" VPOS="780" WIDTH="139" HEIGHT="35" WC="0.96" CONTENT="kronor"/><SP WIDTH="26" VPOS="780" HPOS="1885"/>
							<String ID="string_101" HPOS="1911" VPOS="783" WIDTH="97" HEIGHT="31" WC="0.96" CONTENT="samt"/>
						</TextLine>
						<TextLine ID="line_12" HPOS="801" VPOS="829" WIDTH="1209" HEIGHT="52">
							<String ID="string_102" HPOS="801" VPOS="847" WIDTH="55" HEIGHT="31" WC="0.96" CONTENT="att"/><SP WIDTH="26" VPOS="847" HPOS="856"/>
							<String ID="string_103" HPOS="882" VPOS="841" WIDTH="58" HEIGHT="36" WC="0.96" CONTENT="för"/><SP WIDTH="27" VPOS="841" HPOS="940"/>
							<String ID="string_104" HPOS="967" VPOS="840" WIDTH="133" HEIGHT="36" WC="0.96" CONTENT="sådant"/><SP WIDTH="27" VPOS="840" HPOS="1100"/>
							<String ID="string_105" HPOS="1127" VPOS="836" WIDTH="174" HEIGHT="38" WC="0.95" CONTENT="ändamål"/><SP WIDTH="27" VPOS="836" HPOS="1301"/>
							<String ID="string_106" HPOS="1328" VPOS="836" WIDTH="87" HEIGHT="45" WC="0.96" CONTENT="höja"/><SP WIDTH="28" VPOS="836" HPOS="1415"/>
							<String ID="string_107" HPOS="1443" VPOS="833" WIDTH="168" HEIGHT="45" WC="0.96" CONTENT="anslaget"/><SP WIDTH="26" VPOS="833" HPOS="1611"/>
							<String ID="string_108" HPOS="1637" VPOS="832" WIDTH="59" HEIGHT="35" WC="0.96" CONTENT="till"/><SP WIDTH="28" VPOS="832" HPOS="1696"/>
							<String ID="string_109" HPOS="1724" VPOS="830" WIDTH="114" HEIGHT="46" WC="0.93" CONTENT="sagda"/><SP WIDTH="27" VPOS="830" HPOS="1838"/>
							<String ID="string_110" HPOS="1865" VPOS="829" WIDTH="145" HEIGHT="36" WC="0.92" CONTENT="univer-"/>
						</TextLine>
						<TextLine ID="line_13" HPOS="801" VPOS="884" WIDTH="864" HEIGHT="48">
							<String ID="string_111" HPOS="801" VPOS="894" WIDTH="85" HEIGHT="35" WC="0.92" CONTENT="sitet"/><SP WIDTH="26" VPOS="894" HPOS="886"/>
							<String ID="string_112" HPOS="912" VPOS="891" WIDTH="86" HEIGHT="36" WC="0.96" CONTENT="med"/><SP WIDTH="25" VPOS="891" HPOS="998"/>
							<String ID="string_113" HPOS="1023" VPOS="889" WIDTH="166" HEIGHT="37" WC="0.95" CONTENT="nämnda"/><SP WIDTH="25" VPOS="889" HPOS="1189"/>
							<String ID="string_114" HPOS="1214" VPOS="888" WIDTH="136" HEIGHT="44" WC="0.93" CONTENT="belopp"/><SP WIDTH="31" VPOS="888" HPOS="1350"/>
							<String ID="string_115" HPOS="1381" VPOS="886" WIDTH="106" HEIGHT="41" WC="0.91" CONTENT="1,500"/><SP WIDTH="27" VPOS="886" HPOS="1487"/>
							<String ID="string_116" HPOS="1514" VPOS="884" WIDTH="151" HEIGHT="35" WC="0.96" CONTENT="kronor."/>
						</TextLine>
					</TextBlock>
				</ComposedBlock>
				<ComposedBlock ID="cblock_2" HPOS="205" VPOS="1035" WIDTH="1826" HEIGHT="1218">
					<TextBlock ID="block_2" HPOS="205" VPOS="1035" WIDTH="1480" HEIGHT="66">
						<TextLine ID="line_14" HPOS="205" VPOS="1035" WIDTH="1480" HEIGHT="66">
							<String ID="string_117" HPOS="205" VPOS="1046" WIDTH="193" HEIGHT="55" WC="0.91" CONTENT="Lönereglering"/><SP WIDTH="106" VPOS="1046" HPOS="398"/>
							<String ID="string_118" HPOS="504" VPOS="1044" WIDTH="96" HEIGHT="48" WC="0.86" CONTENT="15:0)"/><SP WIDTH="29" VPOS="1044" HPOS="600"/>
							<String ID="string_119" HPOS="629" VPOS="1045" WIDTH="136" HEIGHT="45" WC="0.94" CONTENT="Kungl."/><SP WIDTH="27" VPOS="1045" HPOS="765"/>
							<String ID="string_120" HPOS="792" VPOS="1044" WIDTH="104" HEIGHT="45" WC="0.96" CONTENT="Maj:t"/><SP WIDTH="26" VPOS="1044" HPOS="896"/>
							<String ID="string_121" HPOS="922" VPOS="1043" WIDTH="69" HEIGHT="35" WC="0.96" CONTENT="har"/><SP WIDTH="27" VPOS="1043" HPOS="991"/>
							<String ID="string_122" HPOS="1018" VPOS="1041" WIDTH="129" HEIGHT="37" WC="0.96" CONTENT="vidare"/><SP WIDTH="26" VPOS="1041" HPOS="1147"/>
							<String ID="string_123" HPOS="1173" VPOS="1038" WIDTH="191" HEIGHT="45" WC="0.96" CONTENT="föreslagit"/><SP WIDTH="26" VPOS="1038" HPOS="1364"/>
							<String ID="string_124" HPOS="1390" VPOS="1035" WIDTH="212" HEIGHT="46" WC="0.96" CONTENT="Riksdagen"/><SP WIDTH="27" VPOS="1035" HPOS="1602"/>
							<String ID="string_125" HPOS="1629" VPOS="1039" WIDTH="56" HEIGHT="30" WC="0.96" CONTENT="att"/>
						</TextLine>
					</TextBlock>
					<TextBlock ID="block_3" HPOS="225" VPOS="1079" WIDTH="1789" HEIGHT="73">
						<TextLine ID="line_15" HPOS="225" VPOS="1079" WIDTH="1789" HEIGHT="73">
							<String ID="string_126" HPOS="225" VPOS="1091" WIDTH="47" HEIGHT="57" WC="0.72" CONTENT="för"/><SP WIDTH="11" VPOS="1091" HPOS="272"/>
							<String ID="string_127" HPOS="283" VPOS="1085" WIDTH="91" HEIGHT="67" WC="0.14" CONTENT="bapell-"/><SP WIDTH="128" VPOS="1085" HPOS="374"/>
							<String ID="string_128" HPOS="502" VPOS="1097" WIDTH="79" HEIGHT="36" WC="0.96" CONTENT="dels"/><SP WIDTH="36" VPOS="1097" HPOS="581"/>
							<String ID="string_129" HPOS="617" VPOS="1096" WIDTH="88" HEIGHT="46" WC="0.96" CONTENT="höja"/><SP WIDTH="26" VPOS="1096" HPOS="705"/>
							<String ID="string_130" HPOS="731" VPOS="1096" WIDTH="72" HEIGHT="35" WC="0.96" CONTENT="den"/><SP WIDTH="26" VPOS="1096" HPOS="803"/>
							<String ID="string_131" HPOS="829" VPOS="1095" WIDTH="14" HEIGHT="34" WC="0.96" CONTENT="i"/><SP WIDTH="27" VPOS="1095" HPOS="843"/>
							<String ID="string_132" HPOS="870" VPOS="1098" WIDTH="119" HEIGHT="32" WC="0.96" CONTENT="staten"/><SP WIDTH="26" VPOS="1098" HPOS="989"/>
							<String ID="string_133" HPOS="1015" VPOS="1092" WIDTH="60" HEIGHT="36" WC="0.96" CONTENT="för"/><SP WIDTH="26" VPOS="1092" HPOS="1075"/>
							<String ID="string_134" HPOS="1101" VPOS="1090" WIDTH="254" HEIGHT="37" WC="0.96" CONTENT="universitetet"/><SP WIDTH="34" VPOS="1090" HPOS="1355"/>
							<String ID="string_135" HPOS="1389" VPOS="1088" WIDTH="5" HEIGHT="35" WC="0.96" CONTENT="i"/><SP WIDTH="25" VPOS="1088" HPOS="1394"/>
							<String ID="string_136" HPOS="1419" VPOS="1086" WIDTH="119" HEIGHT="45" WC="0.96" CONTENT="Lund,"/><SP WIDTH="28" VPOS="1086" HPOS="1538"/>
							<String ID="string_137" HPOS="1566" VPOS="1084" WIDTH="239" HEIGHT="45" WC="0.96" CONTENT="afdelningen"/><SP WIDTH="28" VPOS="1084" HPOS="1805"/>
							<String ID="string_138" HPOS="1833" VPOS="1079" WIDTH="49" HEIGHT="48" WC="0.86" CONTENT="A)"/><SP WIDTH="28" VPOS="1079" HPOS="1882"/>
							<String ID="string_139" HPOS="1910" VPOS="1079" WIDTH="104" HEIGHT="38" WC="0.89" CONTENT="Aflö-"/>
						</TextLine>
					</TextBlock>
					<TextBlock ID="block_4" HPOS="251" VPOS="1131" WIDTH="1766" HEIGHT="216">
						<TextLine ID="line_16" HPOS="251" VPOS="1131" WIDTH="1764" HEIGHT="82">
							<String ID="string_140" HPOS="251" VPOS="1164" WIDTH="92" HEIGHT="49" WC="0.80" CONTENT="[14]"/><SP WIDTH="60" VPOS="1164" HPOS="343"/>
							<String ID="string_141" HPOS="403" VPOS="1149" WIDTH="134" HEIGHT="45" WC="0.93" CONTENT="ningar"/><SP WIDTH="40" VPOS="1149" HPOS="537"/>
							<String ID="string_142" HPOS="577" VPOS="1161" WIDTH="47" HEIGHT="22" WC="0.76" CONTENT="m,"/><SP WIDTH="33" VPOS="1161" HPOS="624"/>
							<String ID="string_143" HPOS="657" VPOS="1160" WIDTH="56" HEIGHT="30" WC="0.81" CONTENT="m.,"/><SP WIDTH="39" VPOS="1160" HPOS="713"/>
							<String ID="string_144" HPOS="752" VPOS="1145" WIDTH="121" HEIGHT="36" WC="0.96" CONTENT="under"/><SP WIDTH="43" VPOS="1145" HPOS="873"/>
							<String ID="string_145" HPOS="916" VPOS="1144" WIDTH="177" HEIGHT="35" WC="0.93" CONTENT="rubriken"/><SP WIDTH="41" VPOS="1144" HPOS="1093"/>
							<String ID="string_146" HPOS="1134" VPOS="1139" WIDTH="286" HEIGHT="46" WC="0.91" CONTENT="Musikkapellet"/><SP WIDTH="44" VPOS="1139" HPOS="1420"/>
							<String ID="string_147" HPOS="1464" VPOS="1141" WIDTH="193" HEIGHT="42" WC="0.95" CONTENT="upptagna"/><SP WIDTH="43" VPOS="1141" HPOS="1657"/>
							<String ID="string_148" HPOS="1700" VPOS="1133" WIDTH="211" HEIGHT="45" WC="0.91" CONTENT="aflöningen"/><SP WIDTH="45" VPOS="1133" HPOS="1911"/>
							<String ID="string_149" HPOS="1956" VPOS="1131" WIDTH="59" HEIGHT="36" WC="0.94" CONTENT="för"/>
						</TextLine>
						<TextLine ID="line_17" HPOS="404" VPOS="1184" WIDTH="1611" HEIGHT="61">
							<String ID="string_150" HPOS="404" VPOS="1200" WIDTH="313" HEIGHT="45" WC="0.96" CONTENT="kapellmästaren"/><SP WIDTH="25" VPOS="1200" HPOS="717"/>
							<String ID="string_151" HPOS="742" VPOS="1195" WIDTH="85" HEIGHT="37" WC="0.96" CONTENT="från"/><SP WIDTH="28" VPOS="1195" HPOS="827"/>
							<String ID="string_152" HPOS="855" VPOS="1195" WIDTH="80" HEIGHT="36" WC="0.96" CONTENT="dess"/><SP WIDTH="27" VPOS="1195" HPOS="935"/>
							<String ID="string_153" HPOS="962" VPOS="1192" WIDTH="218" HEIGHT="38" WC="0.96" CONTENT="nuvarande"/><SP WIDTH="19" VPOS="1192" HPOS="1180"/>
							<String ID="string_154" HPOS="1199" VPOS="1191" WIDTH="146" HEIGHT="45" WC="0.93" CONTENT="belopp,"/><SP WIDTH="20" VPOS="1191" HPOS="1345"/>
							<String ID="string_155" HPOS="1365" VPOS="1189" WIDTH="107" HEIGHT="44" WC="0.90" CONTENT="2,500"/><SP WIDTH="19" VPOS="1189" HPOS="1472"/>
							<String ID="string_156" HPOS="1491" VPOS="1188" WIDTH="150" HEIGHT="43" WC="0.96" CONTENT="kronor,"/><SP WIDTH="18" VPOS="1188" HPOS="1641"/>
							<String ID="string_157" HPOS="1659" VPOS="1186" WIDTH="60" HEIGHT="34" WC="0.91" CONTENT="till"/><SP WIDTH="20" VPOS="1186" HPOS="1719"/>
							<String ID="string_158" HPOS="1739" VPOS="1185" WIDTH="108" HEIGHT="41" WC="0.91" CONTENT="3,000"/><SP WIDTH="19" VPOS="1185" HPOS="1847"/>
							<String ID="string_159" HPOS="1866" VPOS="1184" WIDTH="149" HEIGHT="43" WC="0.96" CONTENT="kronor,"/>
						</TextLine>
						<TextLine ID="line_18" HPOS="405" VPOS="1233" WIDTH="1612" HEIGHT="61">
							<String ID="string_160" HPOS="405" VPOS="1249" WIDTH="109" HEIGHT="37" WC="0.88" CONTENT="däraf"/><SP WIDTH="42" VPOS="1249" HPOS="514"/>
							<String ID="string_161" HPOS="556" VPOS="1250" WIDTH="107" HEIGHT="44" WC="0.88" CONTENT="2,000"/><SP WIDTH="40" VPOS="1250" HPOS="663"/>
							<String ID="string_162" HPOS="703" VPOS="1248" WIDTH="141" HEIGHT="35" WC="0.96" CONTENT="kronor"/><SP WIDTH="39" VPOS="1248" HPOS="844"/>
							<String ID="string_163" HPOS="883" VPOS="1245" WIDTH="104" HEIGHT="36" WC="0.96" CONTENT="skola"/><SP WIDTH="39" VPOS="1245" HPOS="987"/>
							<String ID="string_164" HPOS="1026" VPOS="1248" WIDTH="135" HEIGHT="41" WC="0.96" CONTENT="utgöra"/><SP WIDTH="36" VPOS="1248" HPOS="1161"/>
							<String ID="string_165" HPOS="1197" VPOS="1243" WIDTH="64" HEIGHT="34" WC="0.96" CONTENT="lön"/><SP WIDTH="42" VPOS="1243" HPOS="1261"/>
							<String ID="string_166" HPOS="1303" VPOS="1240" WIDTH="68" HEIGHT="35" WC="0.93" CONTENT="och"/><SP WIDTH="43" VPOS="1240" HPOS="1371"/>
							<String ID="string_167" HPOS="1414" VPOS="1239" WIDTH="105" HEIGHT="44" WC="0.92" CONTENT="1,000"/><SP WIDTH="42" VPOS="1239" HPOS="1519"/>
							<String ID="string_168" HPOS="1561" VPOS="1238" WIDTH="141" HEIGHT="34" WC="0.95" CONTENT="kronor"/><SP WIDTH="34" VPOS="1238" HPOS="1702"/>
							<String ID="string_169" HPOS="1736" VPOS="1233" WIDTH="281" HEIGHT="48" WC="0.90" CONTENT="tjänstgörings-"/>
						</TextLine>
						<TextLine ID="line_19" HPOS="403" VPOS="1300" WIDTH="218" HEIGHT="47">
							<String ID="string_170" HPOS="403" VPOS="1300" WIDTH="218" HEIGHT="47" WC="0.96" CONTENT="penningar,"/>
						</TextLine>
					</TextBlock>
					<TextBlock ID="block_5" HPOS="407" VPOS="1333" WIDTH="1615" HEIGHT="312">
						<TextLine ID="line_20" HPOS="507" VPOS="1333" WIDTH="1512" HEIGHT="61">
							<String ID="string_171" HPOS="507" VPOS="1350" WIDTH="79" HEIGHT="36" WC="0.93" CONTENT="dels"/><SP WIDTH="27" VPOS="1350" HPOS="586"/>
							<String ID="string_172" HPOS="613" VPOS="1347" WIDTH="197" HEIGHT="47" WC="0.90" CONTENT="medgifva,"/><SP WIDTH="29" VPOS="1347" HPOS="810"/>
							<String ID="string_173" HPOS="839" VPOS="1351" WIDTH="54" HEIGHT="31" WC="0.96" CONTENT="att"/><SP WIDTH="26" VPOS="1351" HPOS="893"/>
							<String ID="string_174" HPOS="919" VPOS="1345" WIDTH="311" HEIGHT="46" WC="0.96" CONTENT="kapellmästaren"/><SP WIDTH="27" VPOS="1345" HPOS="1230"/>
							<String ID="string_175" HPOS="1257" VPOS="1341" WIDTH="61" HEIGHT="36" WC="0.96" CONTENT="må"/><SP WIDTH="28" VPOS="1341" HPOS="1318"/>
							<String ID="string_176" HPOS="1346" VPOS="1348" WIDTH="68" HEIGHT="37" WC="0.93" CONTENT="äga"/><SP WIDTH="26" VPOS="1348" HPOS="1414"/>
							<String ID="string_177" HPOS="1440" VPOS="1343" WIDTH="75" HEIGHT="31" WC="0.96" CONTENT="rätt"/><SP WIDTH="26" VPOS="1343" HPOS="1515"/>
							<String ID="string_178" HPOS="1541" VPOS="1338" WIDTH="59" HEIGHT="36" WC="0.96" CONTENT="till"/><SP WIDTH="26" VPOS="1338" HPOS="1600"/>
							<String ID="string_179" HPOS="1626" VPOS="1337" WIDTH="64" HEIGHT="36" WC="0.96" CONTENT="två"/><SP WIDTH="27" VPOS="1337" HPOS="1690"/>
							<String ID="string_180" HPOS="1717" VPOS="1335" WIDTH="254" HEIGHT="45" WC="0.73" CONTENT="ålderstillägg"/><SP WIDTH="27" VPOS="1335" HPOS="1971"/>
							<String ID="string_181" HPOS="1998" VPOS="1333" WIDTH="21" HEIGHT="35" WC="0.88" CONTENT="å"/>
						</TextLine>
						<TextLine ID="line_21" HPOS="407" VPOS="1385" WIDTH="1611" HEIGHT="61">
							<String ID="string_182" HPOS="407" VPOS="1403" WIDTH="124" HEIGHT="43" WC="0.93" CONTENT="lönen,"/><SP WIDTH="23" VPOS="1403" HPOS="531"/>
							<String ID="string_183" HPOS="554" VPOS="1399" WIDTH="200" HEIGHT="38" WC="0.92" CONTENT="hvartdera"/><SP WIDTH="27" VPOS="1399" HPOS="754"/>
							<String ID="string_184" HPOS="781" VPOS="1398" WIDTH="22" HEIGHT="35" WC="0.93" CONTENT="å"/><SP WIDTH="28" VPOS="1398" HPOS="803"/>
							<String ID="string_185" HPOS="831" VPOS="1398" WIDTH="73" HEIGHT="35" WC="0.96" CONTENT="250"/><SP WIDTH="27" VPOS="1398" HPOS="904"/>
							<String ID="string_186" HPOS="931" VPOS="1397" WIDTH="148" HEIGHT="43" WC="0.95" CONTENT="kronor,"/><SP WIDTH="21" VPOS="1397" HPOS="1079"/>
							<String ID="string_187" HPOS="1100" VPOS="1399" WIDTH="54" HEIGHT="31" WC="0.96" CONTENT="att"/><SP WIDTH="18" VPOS="1399" HPOS="1154"/>
							<String ID="string_188" HPOS="1172" VPOS="1392" WIDTH="89" HEIGHT="46" WC="0.96" CONTENT="utgå"/><SP WIDTH="18" VPOS="1392" HPOS="1261"/>
							<String ID="string_189" HPOS="1279" VPOS="1391" WIDTH="93" HEIGHT="36" WC="0.96" CONTENT="efter"/><SP WIDTH="17" VPOS="1391" HPOS="1372"/>
							<String ID="string_190" HPOS="1389" VPOS="1389" WIDTH="208" HEIGHT="47" WC="0.96" CONTENT="respektive"/><SP WIDTH="21" VPOS="1389" HPOS="1597"/>
							<String ID="string_191" HPOS="1618" VPOS="1389" WIDTH="19" HEIGHT="35" WC="0.96" CONTENT="5"/><SP WIDTH="22" VPOS="1389" HPOS="1637"/>
							<String ID="string_192" HPOS="1659" VPOS="1388" WIDTH="69" HEIGHT="35" WC="0.96" CONTENT="och"/><SP WIDTH="22" VPOS="1388" HPOS="1728"/>
							<String ID="string_193" HPOS="1750" VPOS="1388" WIDTH="44" HEIGHT="34" WC="0.96" CONTENT="10"/><SP WIDTH="20" VPOS="1388" HPOS="1794"/>
							<String ID="string_194" HPOS="1814" VPOS="1385" WIDTH="57" HEIGHT="36" WC="0.93" CONTENT="års"/><SP WIDTH="19" VPOS="1385" HPOS="1871"/>
							<String ID="string_195" HPOS="1890" VPOS="1385" WIDTH="128" HEIGHT="45" WC="0.91" CONTENT="tjänst-"/>
						</TextLine>
						<TextLine ID="line_22" HPOS="408" VPOS="1434" WIDTH="1612" HEIGHT="65">
							<String ID="string_196" HPOS="408" VPOS="1453" WIDTH="143" HEIGHT="46" WC="0.89" CONTENT="göring,"/><SP WIDTH="40" VPOS="1453" HPOS="551"/>
							<String ID="string_197" HPOS="591" VPOS="1450" WIDTH="86" HEIGHT="36" WC="0.96" CONTENT="med"/><SP WIDTH="37" VPOS="1450" HPOS="677"/>
							<String ID="string_198" HPOS="714" VPOS="1454" WIDTH="74" HEIGHT="30" WC="0.96" CONTENT="rätt"/><SP WIDTH="40" VPOS="1454" HPOS="788"/>
							<String ID="string_199" HPOS="828" VPOS="1447" WIDTH="58" HEIGHT="37" WC="0.97" CONTENT="för"/><SP WIDTH="36" VPOS="1447" HPOS="886"/>
							<String ID="string_200" HPOS="922" VPOS="1447" WIDTH="70" HEIGHT="35" WC="0.96" CONTENT="den"/><SP WIDTH="27" VPOS="1447" HPOS="992"/>
							<String ID="string_201" HPOS="1019" VPOS="1443" WIDTH="217" HEIGHT="38" WC="0.96" CONTENT="nuvarande"/><SP WIDTH="26" VPOS="1443" HPOS="1236"/>
							<String ID="string_202" HPOS="1262" VPOS="1440" WIDTH="270" HEIGHT="38" WC="0.91" CONTENT="innehafvaren"/><SP WIDTH="28" VPOS="1440" HPOS="1532"/>
							<String ID="string_203" HPOS="1560" VPOS="1438" WIDTH="42" HEIGHT="36" WC="0.93" CONTENT="af"/><SP WIDTH="22" VPOS="1438" HPOS="1602"/>
							<String ID="string_204" HPOS="1624" VPOS="1434" WIDTH="396" HEIGHT="50" WC="0.91" CONTENT="kapellmästarbefatt-"/>
						</TextLine>
						<TextLine ID="line_23" HPOS="408" VPOS="1485" WIDTH="1612" HEIGHT="63">
							<String ID="string_205" HPOS="408" VPOS="1504" WIDTH="139" HEIGHT="44" WC="0.96" CONTENT="ningen"/><SP WIDTH="27" VPOS="1504" HPOS="547"/>
							<String ID="string_206" HPOS="574" VPOS="1507" WIDTH="55" HEIGHT="30" WC="0.96" CONTENT="att"/><SP WIDTH="27" VPOS="1507" HPOS="629"/>
							<String ID="string_207" HPOS="656" VPOS="1501" WIDTH="12" HEIGHT="35" WC="0.96" CONTENT="i"/><SP WIDTH="25" VPOS="1501" HPOS="668"/>
							<String ID="string_208" HPOS="693" VPOS="1500" WIDTH="105" HEIGHT="45" WC="0.96" CONTENT="fråga"/><SP WIDTH="27" VPOS="1500" HPOS="798"/>
							<String ID="string_209" HPOS="825" VPOS="1512" WIDTH="62" HEIGHT="23" WC="0.96" CONTENT="om"/><SP WIDTH="32" VPOS="1512" HPOS="887"/>
							<String ID="string_210" HPOS="919" VPOS="1495" WIDTH="220" HEIGHT="47" WC="0.96" CONTENT="åtnjutande"/><SP WIDTH="28" VPOS="1495" HPOS="1139"/>
							<String ID="string_211" HPOS="1167" VPOS="1494" WIDTH="40" HEIGHT="36" WC="0.93" CONTENT="af"/><SP WIDTH="23" VPOS="1494" HPOS="1207"/>
							<String ID="string_212" HPOS="1230" VPOS="1492" WIDTH="255" HEIGHT="45" WC="0.91" CONTENT="ålderstillägg"/><SP WIDTH="26" VPOS="1492" HPOS="1485"/>
							<String ID="string_213" HPOS="1511" VPOS="1490" WIDTH="118" HEIGHT="35" WC="0.96" CONTENT="räkna"/><SP WIDTH="26" VPOS="1490" HPOS="1629"/>
							<String ID="string_214" HPOS="1655" VPOS="1489" WIDTH="56" HEIGHT="44" WC="0.96" CONTENT="sig"/><SP WIDTH="25" VPOS="1489" HPOS="1711"/>
							<String ID="string_215" HPOS="1736" VPOS="1487" WIDTH="60" HEIGHT="35" WC="0.95" CONTENT="till"/><SP WIDTH="27" VPOS="1487" HPOS="1796"/>
							<String ID="string_216" HPOS="1823" VPOS="1485" WIDTH="96" HEIGHT="47" WC="0.96" CONTENT="godo"/><SP WIDTH="29" VPOS="1485" HPOS="1919"/>
							<String ID="string_217" HPOS="1948" VPOS="1485" WIDTH="72" HEIGHT="36" WC="0.96" CONTENT="den"/>
						</TextLine>
						<TextLine ID="line_24" HPOS="408" VPOS="1539" WIDTH="1462" HEIGHT="50">
							<String ID="string_218" HPOS="408" VPOS="1553" WIDTH="56" HEIGHT="36" WC="0.96" CONTENT="tid"/><SP WIDTH="27" VPOS="1553" HPOS="464"/>
							<String ID="string_219" HPOS="491" VPOS="1554" WIDTH="75" HEIGHT="35" WC="0.96" CONTENT="han"/><SP WIDTH="29" VPOS="1554" HPOS="566"/>
							<String ID="string_220" HPOS="595" VPOS="1551" WIDTH="91" HEIGHT="37" WC="0.95" CONTENT="efter"/><SP WIDTH="27" VPOS="1551" HPOS="686"/>
							<String ID="string_221" HPOS="713" VPOS="1551" WIDTH="64" HEIGHT="35" WC="0.96" CONTENT="sitt"/><SP WIDTH="26" VPOS="1551" HPOS="777"/>
							<String ID="string_222" HPOS="803" VPOS="1548" WIDTH="164" HEIGHT="37" WC="0.96" CONTENT="tillträde"/><SP WIDTH="26" VPOS="1548" HPOS="967"/>
							<String ID="string_223" HPOS="993" VPOS="1547" WIDTH="60" HEIGHT="36" WC="0.96" CONTENT="till"/><SP WIDTH="27" VPOS="1547" HPOS="1053"/>
							<String ID="string_224" HPOS="1080" VPOS="1545" WIDTH="257" HEIGHT="44" WC="0.96" CONTENT="befattningen"/><SP WIDTH="26" VPOS="1545" HPOS="1337"/>
							<String ID="string_225" HPOS="1363" VPOS="1541" WIDTH="215" HEIGHT="47" WC="0.96" CONTENT="tjänstgjort"/><SP WIDTH="26" VPOS="1541" HPOS="1578"/>
							<String ID="string_226" HPOS="1604" VPOS="1540" WIDTH="12" HEIGHT="35" WC="0.96" CONTENT="i"/><SP WIDTH="28" VPOS="1540" HPOS="1616"/>
							<String ID="string_227" HPOS="1644" VPOS="1539" WIDTH="226" HEIGHT="43" WC="0.95" CONTENT="densamma,"/>
						</TextLine>
						<TextLine ID="line_25" HPOS="512" VPOS="1586" WIDTH="1510" HEIGHT="59">
							<String ID="string_228" HPOS="512" VPOS="1604" WIDTH="80" HEIGHT="35" WC="0.96" CONTENT="dels"/><SP WIDTH="26" VPOS="1604" HPOS="592"/>
							<String ID="string_229" HPOS="618" VPOS="1602" WIDTH="166" HEIGHT="36" WC="0.96" CONTENT="förklara"/><SP WIDTH="27" VPOS="1602" HPOS="784"/>
							<String ID="string_230" HPOS="811" VPOS="1600" WIDTH="32" HEIGHT="45" WC="0.96" CONTENT="ej"/><SP WIDTH="31" VPOS="1600" HPOS="843"/>
							<String ID="string_231" HPOS="874" VPOS="1598" WIDTH="153" HEIGHT="45" WC="0.96" CONTENT="mindre,"/><SP WIDTH="29" VPOS="1598" HPOS="1027"/>
							<String ID="string_232" HPOS="1056" VPOS="1602" WIDTH="55" HEIGHT="30" WC="0.96" CONTENT="att"/><SP WIDTH="27" VPOS="1602" HPOS="1111"/>
							<String ID="string_233" HPOS="1138" VPOS="1596" WIDTH="45" HEIGHT="35" WC="0.96" CONTENT="de"/><SP WIDTH="27" VPOS="1596" HPOS="1183"/>
							<String ID="string_234" HPOS="1210" VPOS="1596" WIDTH="116" HEIGHT="43" WC="0.96" CONTENT="enligt"/><SP WIDTH="26" VPOS="1596" HPOS="1326"/>
							<String ID="string_235" HPOS="1352" VPOS="1592" WIDTH="137" HEIGHT="45" WC="0.96" CONTENT="nådiga"/><SP WIDTH="27" VPOS="1592" HPOS="1489"/>
							<String ID="string_236" HPOS="1516" VPOS="1589" WIDTH="249" HEIGHT="46" WC="0.96" CONTENT="kungörelsen"/><SP WIDTH="19" VPOS="1589" HPOS="1765"/>
							<String ID="string_237" HPOS="1784" VPOS="1588" WIDTH="72" HEIGHT="35" WC="0.96" CONTENT="den"/><SP WIDTH="22" VPOS="1588" HPOS="1856"/>
							<String ID="string_238" HPOS="1878" VPOS="1588" WIDTH="44" HEIGHT="35" WC="0.95" CONTENT="13"/><SP WIDTH="15" VPOS="1588" HPOS="1922"/>
							<String ID="string_239" HPOS="1937" VPOS="1586" WIDTH="85" HEIGHT="46" WC="0.96" CONTENT="juni"/>
						</TextLine>
					</TextBlock>
					<TextBlock ID="block_6" HPOS="411" VPOS="1637" WIDTH="1620" HEIGHT="616">
						<TextLine ID="line_26" HPOS="413" VPOS="1637" WIDTH="1611" HEIGHT="62">
							<String ID="string_240" HPOS="413" VPOS="1656" WIDTH="95" HEIGHT="35" WC="0.96" CONTENT="1908"/><SP WIDTH="38" VPOS="1656" HPOS="508"/>
							<String ID="string_241" HPOS="546" VPOS="1652" WIDTH="180" HEIGHT="47" WC="0.96" CONTENT="stadgade"/><SP WIDTH="38" VPOS="1652" HPOS="726"/>
							<String ID="string_242" HPOS="764" VPOS="1651" WIDTH="140" HEIGHT="36" WC="0.96" CONTENT="villkor"/><SP WIDTH="39" VPOS="1651" HPOS="904"/>
							<String ID="string_243" HPOS="943" VPOS="1649" WIDTH="67" HEIGHT="36" WC="0.96" CONTENT="och"/><SP WIDTH="35" VPOS="1649" HPOS="1010"/>
							<String ID="string_244" HPOS="1045" VPOS="1646" WIDTH="277" HEIGHT="37" WC="0.96" CONTENT="bestämmelser"/><SP WIDTH="30" VPOS="1646" HPOS="1322"/>
							<String ID="string_245" HPOS="1352" VPOS="1643" WIDTH="58" HEIGHT="36" WC="0.96" CONTENT="för"/><SP WIDTH="26" VPOS="1643" HPOS="1410"/>
							<String ID="string_246" HPOS="1436" VPOS="1640" WIDTH="221" HEIGHT="47" WC="0.93" CONTENT="åtnjutande"/><SP WIDTH="27" VPOS="1640" HPOS="1657"/>
							<String ID="string_247" HPOS="1684" VPOS="1638" WIDTH="42" HEIGHT="37" WC="0.93" CONTENT="af"/><SP WIDTH="21" VPOS="1638" HPOS="1726"/>
							<String ID="string_248" HPOS="1747" VPOS="1637" WIDTH="277" HEIGHT="38" WC="0.91" CONTENT="löneförmåner"/>
						</TextLine>
						<TextLine ID="line_27" HPOS="412" VPOS="1688" WIDTH="1612" HEIGHT="63">
							<String ID="string_249" HPOS="412" VPOS="1706" WIDTH="116" HEIGHT="45" WC="0.96" CONTENT="enligt"/><SP WIDTH="40" VPOS="1706" HPOS="528"/>
							<String ID="string_250" HPOS="568" VPOS="1705" WIDTH="93" HEIGHT="35" WC="0.96" CONTENT="1908"/><SP WIDTH="38" VPOS="1705" HPOS="661"/>
							<String ID="string_251" HPOS="699" VPOS="1703" WIDTH="57" HEIGHT="35" WC="0.93" CONTENT="års"/><SP WIDTH="26" VPOS="1703" HPOS="756"/>
							<String ID="string_252" HPOS="782" VPOS="1699" WIDTH="274" HEIGHT="47" WC="0.91" CONTENT="lönereglering"/><SP WIDTH="25" VPOS="1699" HPOS="1056"/>
							<String ID="string_253" HPOS="1081" VPOS="1697" WIDTH="65" HEIGHT="36" WC="0.96" CONTENT="vid"/><SP WIDTH="27" VPOS="1697" HPOS="1146"/>
							<String ID="string_254" HPOS="1173" VPOS="1695" WIDTH="263" HEIGHT="36" WC="0.96" CONTENT="universiteten"/><SP WIDTH="26" VPOS="1695" HPOS="1436"/>
							<String ID="string_255" HPOS="1462" VPOS="1693" WIDTH="12" HEIGHT="35" WC="0.96" CONTENT="i"/><SP WIDTH="28" VPOS="1693" HPOS="1474"/>
							<String ID="string_256" HPOS="1502" VPOS="1691" WIDTH="168" HEIGHT="47" WC="0.96" CONTENT="Uppsala"/><SP WIDTH="27" VPOS="1691" HPOS="1670"/>
							<String ID="string_257" HPOS="1697" VPOS="1690" WIDTH="68" HEIGHT="36" WC="0.96" CONTENT="och"/><SP WIDTH="27" VPOS="1690" HPOS="1765"/>
							<String ID="string_258" HPOS="1792" VPOS="1688" WIDTH="108" HEIGHT="37" WC="0.96" CONTENT="Lund"/><SP WIDTH="27" VPOS="1688" HPOS="1900"/>
							<String ID="string_259" HPOS="1927" VPOS="1694" WIDTH="97" HEIGHT="30" WC="0.96" CONTENT="samt"/>
						</TextLine>
						<TextLine ID="line_28" HPOS="411" VPOS="1739" WIDTH="1615" HEIGHT="57">
							<String ID="string_260" HPOS="411" VPOS="1755" WIDTH="218" HEIGHT="37" WC="0.93" CONTENT="karolinska"/><SP WIDTH="39" VPOS="1755" HPOS="629"/>
							<String ID="string_261" HPOS="668" VPOS="1750" WIDTH="371" HEIGHT="46" WC="0.91" CONTENT="mediko-kirurgiska"/><SP WIDTH="31" VPOS="1750" HPOS="1039"/>
							<String ID="string_262" HPOS="1070" VPOS="1748" WIDTH="185" HEIGHT="36" WC="0.96" CONTENT="institutet"/><SP WIDTH="27" VPOS="1748" HPOS="1255"/>
							<String ID="string_263" HPOS="1282" VPOS="1745" WIDTH="106" HEIGHT="36" WC="0.96" CONTENT="skola"/><SP WIDTH="25" VPOS="1745" HPOS="1388"/>
							<String ID="string_264" HPOS="1413" VPOS="1743" WIDTH="84" HEIGHT="36" WC="0.96" CONTENT="från"/><SP WIDTH="28" VPOS="1743" HPOS="1497"/>
							<String ID="string_265" HPOS="1525" VPOS="1743" WIDTH="69" HEIGHT="35" WC="0.96" CONTENT="och"/><SP WIDTH="26" VPOS="1743" HPOS="1594"/>
							<String ID="string_266" HPOS="1620" VPOS="1741" WIDTH="86" HEIGHT="36" WC="0.96" CONTENT="med"/><SP WIDTH="27" VPOS="1741" HPOS="1706"/>
							<String ID="string_267" HPOS="1733" VPOS="1740" WIDTH="40" HEIGHT="36" WC="0.96" CONTENT="år"/><SP WIDTH="29" VPOS="1740" HPOS="1773"/>
							<String ID="string_268" HPOS="1802" VPOS="1741" WIDTH="94" HEIGHT="34" WC="0.96" CONTENT="1912"/><SP WIDTH="29" VPOS="1741" HPOS="1896"/>
							<String ID="string_269" HPOS="1925" VPOS="1739" WIDTH="101" HEIGHT="45" WC="0.69" CONTENT="gälla"/>
						</TextLine>
						<TextLine ID="line_29" HPOS="412" VPOS="1789" WIDTH="1611" HEIGHT="63">
							<String ID="string_270" HPOS="412" VPOS="1808" WIDTH="14" HEIGHT="35" WC="0.96" CONTENT="i"/><SP WIDTH="25" VPOS="1808" HPOS="426"/>
							<String ID="string_271" HPOS="451" VPOS="1806" WIDTH="107" HEIGHT="46" WC="0.96" CONTENT="fråga"/><SP WIDTH="27" VPOS="1806" HPOS="558"/>
							<String ID="string_272" HPOS="585" VPOS="1818" WIDTH="61" HEIGHT="23" WC="0.93" CONTENT="om"/><SP WIDTH="28" VPOS="1818" HPOS="646"/>
							<String ID="string_273" HPOS="674" VPOS="1799" WIDTH="534" HEIGHT="51" WC="0.90" CONTENT="kapellmästarbefattningen,"/><SP WIDTH="27" VPOS="1799" HPOS="1208"/>
							<String ID="string_274" HPOS="1235" VPOS="1796" WIDTH="86" HEIGHT="36" WC="0.96" CONTENT="med"/><SP WIDTH="25" VPOS="1796" HPOS="1321"/>
							<String ID="string_275" HPOS="1346" VPOS="1793" WIDTH="242" HEIGHT="47" WC="0.93" CONTENT="iakttagande"/><SP WIDTH="28" VPOS="1793" HPOS="1588"/>
							<String ID="string_276" HPOS="1616" VPOS="1797" WIDTH="54" HEIGHT="31" WC="0.96" CONTENT="att"/><SP WIDTH="26" VPOS="1797" HPOS="1670"/>
							<String ID="string_277" HPOS="1696" VPOS="1789" WIDTH="232" HEIGHT="38" WC="0.96" CONTENT="beträffande"/><SP WIDTH="22" VPOS="1789" HPOS="1928"/>
							<String ID="string_278" HPOS="1950" VPOS="1793" WIDTH="73" HEIGHT="31" WC="0.96" CONTENT="rätt"/>
						</TextLine>
						<TextLine ID="line_30" HPOS="413" VPOS="1841" WIDTH="1613" HEIGHT="61">
							<String ID="string_279" HPOS="413" VPOS="1857" WIDTH="58" HEIGHT="36" WC="0.96" CONTENT="för"/><SP WIDTH="39" VPOS="1857" HPOS="471"/>
							<String ID="string_280" HPOS="510" VPOS="1856" WIDTH="314" HEIGHT="46" WC="0.96" CONTENT="kapellmästaren"/><SP WIDTH="42" VPOS="1856" HPOS="824"/>
							<String ID="string_281" HPOS="866" VPOS="1857" WIDTH="55" HEIGHT="31" WC="0.96" CONTENT="att"/><SP WIDTH="38" VPOS="1857" HPOS="921"/>
							<String ID="string_282" HPOS="959" VPOS="1850" WIDTH="86" HEIGHT="37" WC="0.95" CONTENT="med"/><SP WIDTH="40" VPOS="1850" HPOS="1045"/>
							<String ID="string_283" HPOS="1085" VPOS="1850" WIDTH="57" HEIGHT="35" WC="0.95" CONTENT="sin"/><SP WIDTH="38" VPOS="1850" HPOS="1142"/>
							<String ID="string_284" HPOS="1180" VPOS="1846" WIDTH="284" HEIGHT="47" WC="0.96" CONTENT="ifrågavarande"/><SP WIDTH="35" VPOS="1846" HPOS="1464"/>
							<String ID="string_285" HPOS="1499" VPOS="1843" WIDTH="211" HEIGHT="44" WC="0.96" CONTENT="befattning"/><SP WIDTH="35" VPOS="1843" HPOS="1710"/>
							<String ID="string_286" HPOS="1745" VPOS="1841" WIDTH="130" HEIGHT="36" WC="0.96" CONTENT="förena"/><SP WIDTH="26" VPOS="1841" HPOS="1875"/>
							<String ID="string_287" HPOS="1901" VPOS="1852" WIDTH="125" HEIGHT="23" WC="0.96" CONTENT="annan"/>
						</TextLine>
						<TextLine ID="line_31" HPOS="414" VPOS="1889" WIDTH="1614" HEIGHT="64">
							<String ID="string_288" HPOS="414" VPOS="1908" WIDTH="116" HEIGHT="45" WC="0.93" CONTENT="tjänst"/><SP WIDTH="27" VPOS="1908" HPOS="530"/>
							<String ID="string_289" HPOS="557" VPOS="1907" WIDTH="22" HEIGHT="35" WC="0.93" CONTENT="å"/><SP WIDTH="26" VPOS="1907" HPOS="579"/>
							<String ID="string_290" HPOS="605" VPOS="1906" WIDTH="121" HEIGHT="44" WC="0.96" CONTENT="rikets,"/><SP WIDTH="24" VPOS="1906" HPOS="726"/>
							<String ID="string_291" HPOS="750" VPOS="1903" WIDTH="231" HEIGHT="45" WC="0.96" CONTENT="Riksdagens"/><SP WIDTH="27" VPOS="1903" HPOS="981"/>
							<String ID="string_292" HPOS="1008" VPOS="1901" WIDTH="91" HEIGHT="36" WC="0.95" CONTENT="eller"/><SP WIDTH="26" VPOS="1901" HPOS="1099"/>
							<String ID="string_293" HPOS="1125" VPOS="1901" WIDTH="199" HEIGHT="34" WC="0.95" CONTENT="kommuns"/><SP WIDTH="28" VPOS="1901" HPOS="1324"/>
							<String ID="string_294" HPOS="1352" VPOS="1902" WIDTH="72" HEIGHT="30" WC="0.96" CONTENT="stat"/><SP WIDTH="27" VPOS="1902" HPOS="1424"/>
							<String ID="string_295" HPOS="1451" VPOS="1895" WIDTH="96" HEIGHT="36" WC="0.96" CONTENT="skall"/><SP WIDTH="27" VPOS="1895" HPOS="1547"/>
							<String ID="string_296" HPOS="1574" VPOS="1894" WIDTH="101" HEIGHT="45" WC="0.95" CONTENT="gälla"/><SP WIDTH="26" VPOS="1894" HPOS="1675"/>
							<String ID="string_297" HPOS="1701" VPOS="1892" WIDTH="100" HEIGHT="36" WC="0.96" CONTENT="hvad"/><SP WIDTH="28" VPOS="1892" HPOS="1801"/>
							<String ID="string_298" HPOS="1829" VPOS="1904" WIDTH="80" HEIGHT="23" WC="0.96" CONTENT="som"/><SP WIDTH="27" VPOS="1904" HPOS="1909"/>
							<String ID="string_299" HPOS="1936" VPOS="1891" WIDTH="12" HEIGHT="35" WC="0.89" CONTENT="i"/><SP WIDTH="28" VPOS="1891" HPOS="1948"/>
							<String ID="string_300" HPOS="1976" VPOS="1889" WIDTH="52" HEIGHT="36" WC="0.89" CONTENT="så-"/>
						</TextLine>
						<TextLine ID="line_32" HPOS="416" VPOS="1940" WIDTH="1612" HEIGHT="56">
							<String ID="string_301" HPOS="416" VPOS="1959" WIDTH="91" HEIGHT="35" WC="0.96" CONTENT="dant"/><SP WIDTH="36" VPOS="1959" HPOS="507"/>
							<String ID="string_302" HPOS="543" VPOS="1956" WIDTH="171" HEIGHT="37" WC="0.93" CONTENT="afseende"/><SP WIDTH="34" VPOS="1956" HPOS="714"/>
							<String ID="string_303" HPOS="748" VPOS="1952" WIDTH="245" HEIGHT="39" WC="0.92" CONTENT="föreskrifvits"/><SP WIDTH="28" VPOS="1952" HPOS="993"/>
							<String ID="string_304" HPOS="1021" VPOS="1952" WIDTH="13" HEIGHT="35" WC="0.96" CONTENT="i"/><SP WIDTH="26" VPOS="1952" HPOS="1034"/>
							<String ID="string_305" HPOS="1060" VPOS="1950" WIDTH="106" HEIGHT="46" WC="0.96" CONTENT="fråga"/><SP WIDTH="27" VPOS="1950" HPOS="1166"/>
							<String ID="string_306" HPOS="1193" VPOS="1962" WIDTH="61" HEIGHT="23" WC="0.93" CONTENT="om"/><SP WIDTH="26" VPOS="1962" HPOS="1254"/>
							<String ID="string_307" HPOS="1280" VPOS="1946" WIDTH="337" HEIGHT="38" WC="0.90" CONTENT="musikdirektören"/><SP WIDTH="27" VPOS="1946" HPOS="1617"/>
							<String ID="string_308" HPOS="1644" VPOS="1943" WIDTH="64" HEIGHT="36" WC="0.96" CONTENT="vid"/><SP WIDTH="27" VPOS="1943" HPOS="1708"/>
							<String ID="string_309" HPOS="1735" VPOS="1941" WIDTH="254" HEIGHT="37" WC="0.96" CONTENT="universitetet"/><SP WIDTH="26" VPOS="1941" HPOS="1989"/>
							<String ID="string_310" HPOS="2015" VPOS="1940" WIDTH="13" HEIGHT="35" WC="0.96" CONTENT="i"/>
						</TextLine>
						<TextLine ID="line_33" HPOS="416" VPOS="1991" WIDTH="1612" HEIGHT="64">
							<String ID="string_311" HPOS="416" VPOS="2009" WIDTH="178" HEIGHT="46" WC="0.95" CONTENT="Uppsala,"/><SP WIDTH="41" VPOS="2009" HPOS="594"/>
							<String ID="string_312" HPOS="635" VPOS="2014" WIDTH="46" HEIGHT="29" WC="0.96" CONTENT="än"/><SP WIDTH="36" VPOS="2014" HPOS="681"/>
							<String ID="string_313" HPOS="717" VPOS="2005" WIDTH="109" HEIGHT="36" WC="0.96" CONTENT="äfven"/><SP WIDTH="37" VPOS="2005" HPOS="826"/>
							<String ID="string_314" HPOS="863" VPOS="2010" WIDTH="63" HEIGHT="38" WC="0.96" CONTENT="att,"/><SP WIDTH="28" VPOS="2010" HPOS="926"/>
							<String ID="string_315" HPOS="954" VPOS="2003" WIDTH="123" HEIGHT="36" WC="0.96" CONTENT="därest"/><SP WIDTH="27" VPOS="2003" HPOS="1077"/>
							<String ID="string_316" HPOS="1104" VPOS="2001" WIDTH="71" HEIGHT="36" WC="0.96" CONTENT="den"/><SP WIDTH="26" VPOS="2001" HPOS="1175"/>
							<String ID="string_317" HPOS="1201" VPOS="1998" WIDTH="218" HEIGHT="37" WC="0.94" CONTENT="nuvarande"/><SP WIDTH="26" VPOS="1998" HPOS="1419"/>
							<String ID="string_318" HPOS="1445" VPOS="1996" WIDTH="313" HEIGHT="46" WC="0.96" CONTENT="kapellmästaren"/><SP WIDTH="29" VPOS="1996" HPOS="1758"/>
							<String ID="string_319" HPOS="1787" VPOS="1993" WIDTH="31" HEIGHT="45" WC="0.94" CONTENT="ej"/><SP WIDTH="29" VPOS="1993" HPOS="1818"/>
							<String ID="string_320" HPOS="1847" VPOS="1991" WIDTH="78" HEIGHT="37" WC="0.96" CONTENT="före"/><SP WIDTH="29" VPOS="1991" HPOS="1925"/>
							<String ID="string_321" HPOS="1954" VPOS="1991" WIDTH="74" HEIGHT="35" WC="0.96" CONTENT="viss"/>
						</TextLine>
						<TextLine ID="line_34" HPOS="417" VPOS="2042" WIDTH="1613" HEIGHT="62">
							<String ID="string_322" HPOS="417" VPOS="2058" WIDTH="177" HEIGHT="46" WC="0.90" CONTENT="angifven"/><SP WIDTH="40" VPOS="2058" HPOS="594"/>
							<String ID="string_323" HPOS="634" VPOS="2057" WIDTH="177" HEIGHT="46" WC="0.96" CONTENT="tidpunkt"/><SP WIDTH="40" VPOS="2057" HPOS="811"/>
							<String ID="string_324" HPOS="851" VPOS="2055" WIDTH="175" HEIGHT="43" WC="0.96" CONTENT="anmäler,"/><SP WIDTH="40" VPOS="2055" HPOS="1026"/>
							<String ID="string_325" HPOS="1066" VPOS="2057" WIDTH="55" HEIGHT="31" WC="0.97" CONTENT="att"/><SP WIDTH="39" VPOS="2057" HPOS="1121"/>
							<String ID="string_326" HPOS="1160" VPOS="2052" WIDTH="75" HEIGHT="35" WC="0.96" CONTENT="han"/><SP WIDTH="40" VPOS="2052" HPOS="1235"/>
							<String ID="string_327" HPOS="1275" VPOS="2049" WIDTH="245" HEIGHT="36" WC="0.85" CONTENT="underkastar"/><SP WIDTH="41" VPOS="2049" HPOS="1520"/>
							<String ID="string_328" HPOS="1561" VPOS="2046" WIDTH="55" HEIGHT="45" WC="0.95" CONTENT="sig"/><SP WIDTH="35" VPOS="2046" HPOS="1616"/>
							<String ID="string_329" HPOS="1651" VPOS="2045" WIDTH="46" HEIGHT="36" WC="0.96" CONTENT="de"/><SP WIDTH="35" VPOS="2045" HPOS="1697"/>
							<String ID="string_330" HPOS="1732" VPOS="2057" WIDTH="75" HEIGHT="31" WC="0.93" CONTENT="nya"/><SP WIDTH="27" VPOS="2057" HPOS="1807"/>
							<String ID="string_331" HPOS="1834" VPOS="2042" WIDTH="196" HEIGHT="44" WC="0.91" CONTENT="aflönings-"/>
						</TextLine>
						<TextLine ID="line_35" HPOS="417" VPOS="2092" WIDTH="1614" HEIGHT="59">
							<String ID="string_332" HPOS="417" VPOS="2109" WIDTH="335" HEIGHT="42" WC="0.86" CONTENT="bestämmelserna,"/><SP WIDTH="40" VPOS="2109" HPOS="752"/>
							<String ID="string_333" HPOS="792" VPOS="2107" WIDTH="76" HEIGHT="35" WC="0.96" CONTENT="han"/><SP WIDTH="40" VPOS="2107" HPOS="868"/>
							<String ID="string_334" HPOS="908" VPOS="2105" WIDTH="95" HEIGHT="36" WC="0.93" CONTENT="skall"/><SP WIDTH="39" VPOS="2105" HPOS="1003"/>
							<String ID="string_335" HPOS="1042" VPOS="2103" WIDTH="118" HEIGHT="36" WC="0.91" CONTENT="varda"/><SP WIDTH="39" VPOS="2103" HPOS="1160"/>
							<String ID="string_336" HPOS="1199" VPOS="2100" WIDTH="209" HEIGHT="37" WC="0.96" CONTENT="bibehållen"/><SP WIDTH="36" VPOS="2100" HPOS="1408"/>
							<String ID="string_337" HPOS="1444" VPOS="2098" WIDTH="65" HEIGHT="36" WC="0.96" CONTENT="vid"/><SP WIDTH="31" VPOS="2098" HPOS="1509"/>
							<String ID="string_338" HPOS="1540" VPOS="2097" WIDTH="140" HEIGHT="35" WC="0.96" CONTENT="honom"/><SP WIDTH="27" VPOS="2097" HPOS="1680"/>
							<String ID="string_339" HPOS="1707" VPOS="2094" WIDTH="132" HEIGHT="37" WC="0.92" CONTENT="hittills"/><SP WIDTH="28" VPOS="2094" HPOS="1839"/>
							<String ID="string_340" HPOS="1867" VPOS="2092" WIDTH="164" HEIGHT="36" WC="0.90" CONTENT="tillkom-"/>
						</TextLine>
						<TextLine ID="line_36" HPOS="417" VPOS="2142" WIDTH="1614" HEIGHT="62">
							<String ID="string_341" HPOS="417" VPOS="2160" WIDTH="136" HEIGHT="35" WC="0.93" CONTENT="mande"/><SP WIDTH="28" VPOS="2160" HPOS="553"/>
							<String ID="string_342" HPOS="581" VPOS="2156" WIDTH="380" HEIGHT="48" WC="0.90" CONTENT="aflöningsförmåner,"/><SP WIDTH="37" VPOS="2156" HPOS="961"/>
							<String ID="string_343" HPOS="998" VPOS="2153" WIDTH="192" HEIGHT="37" WC="0.85" CONTENT="äfvensom"/><SP WIDTH="26" VPOS="2153" HPOS="1190"/>
							<String ID="string_344" HPOS="1216" VPOS="2151" WIDTH="64" HEIGHT="36" WC="0.96" CONTENT="vid"/><SP WIDTH="29" VPOS="2151" HPOS="1280"/>
							<String ID="string_345" HPOS="1309" VPOS="2151" WIDTH="71" HEIGHT="35" WC="0.96" CONTENT="den"/><SP WIDTH="27" VPOS="2151" HPOS="1380"/>
							<String ID="string_346" HPOS="1407" VPOS="2154" WIDTH="74" HEIGHT="31" WC="0.96" CONTENT="rätt"/><SP WIDTH="27" VPOS="2154" HPOS="1481"/>
							<String ID="string_347" HPOS="1508" VPOS="2148" WIDTH="61" HEIGHT="35" WC="0.95" CONTENT="till"/><SP WIDTH="27" VPOS="2148" HPOS="1569"/>
							<String ID="string_348" HPOS="1596" VPOS="2146" WIDTH="165" HEIGHT="47" WC="0.95" CONTENT="pension,"/><SP WIDTH="28" VPOS="2146" HPOS="1761"/>
							<String ID="string_349" HPOS="1789" VPOS="2156" WIDTH="79" HEIGHT="24" WC="0.96" CONTENT="som"/><SP WIDTH="27" VPOS="2156" HPOS="1868"/>
							<String ID="string_350" HPOS="1895" VPOS="2142" WIDTH="136" HEIGHT="36" WC="0.95" CONTENT="hittills"/>
						</TextLine>
						<TextLine ID="line_37" HPOS="418" VPOS="2209" WIDTH="393" HEIGHT="44">
							<String ID="string_351" HPOS="418" VPOS="2209" WIDTH="219" HEIGHT="36" WC="0.95" CONTENT="tillkommit"/><SP WIDTH="25" VPOS="2209" HPOS="637"/>
							<String ID="string_352" HPOS="662" VPOS="2209" WIDTH="149" HEIGHT="44" WC="0.95" CONTENT="honom,"/>
						</TextLine>
					</TextBlock>
				</ComposedBlock>
			</PrintSpace>
		</Page>
	</Layout>
</alto>
