2260 2636
724 158 345 34 Jordbruksutskottets
1091 156 164 33 utlåtande
1278 156 53 32 Nr
1355 158 27 29 1.
1795 153 19 32 9

257 242 296 50 avtappningar,
590 240 122 36 vilkas
741 238 175 37 ändamål
943 250 90 23 vore
1062 243 54 30 att
1144 235 148 37 minska
1319 233 343 49 frostländigheten
1692 233 57 36 för
1776 237 84 31 när-

259 294 182 49 liggande
485 292 118 50 bygd,
646 291 70 37 och
759 291 79 35 dels
880 290 62 36 det
975 288 119 37 under
1121 293 84 30 vart
1233 287 71 35 och
1332 291 54 31 ett
1414 299 47 23 av
1489 288 88 34 åren
1608 286 249 35 1907—1911

257 346 184 36 anvisade
471 345 188 35 allmänna
687 340 525 48 frostminskoingsanslaget.

390 396 87 37 Med
519 392 385 51 odlingslånefonden
946 389 288 38 närbesläktade
1266 388 195 53 uppgifter
1489 388 97 36 hava
1613 387 247 37 norrländska

259 446 349 51 nyodlingsfonden
649 446 70 36 och
760 441 512 50 täckdikningslånefonden.
1327 440 178 36 ÅArenden
1540 440 159 36 rörande
1727 439 61 36 lån
1816 452 44 23 ur

260 500 110 36 dessa
400 499 133 36 fonder
560 497 208 36 behandlas
797 494 210 37 emellertid
1036 494 133 36 endast
1198 506 45 22 av
1266 491 395 48 lantbruksstyrelsen.

391 549 210 49 Angående
628 547 341 48 handläggningen
999 559 46 22 av
1073 544 163 37 ärenden
1255 543 158 36 rörande
1431 543 63 35 lån
1516 542 83 36 från
1618 543 242 44 odlingslåne-

254 604 153 43 fonden,
422 602 113 36 såvitt
550 614 51 22 nu
617 605 40 30 är
672 600 12 35 i
699 599 119 48 fråga,
835 600 60 34 må
911 597 151 36 anföras
1078 595 179 49 följande.
1289 595 72 35 För
1375 594 105 48 varje
1496 593 160 48 företag,
1672 593 56 36 till
1744 593 116 36 vilket

260 655 63 36 lån
343 653 121 47 sökes,
481 652 96 37 skall
592 651 236 46 fullständig,
847 663 44 23 av
906 648 208 48 utredning
1128 647 197 46 angående
1337 645 156 48 jordens
1509 646 189 48 naturliga
1713 645 148 36 beskaf-

260 706 132 37 fenhet
411 705 71 36 och
511 709 120 31 större
651 703 90 37 eller
765 702 146 36 mindre
930 701 226 48 lämplighet
1175 700 57 36 för
1252 699 131 47 odling
1402 706 97 27 samt
1519 697 277 49 uppskattning
1815 710 45 22 av

259 758 186 37 beräknat
472 753 457 52 jordförbättringsvärde
962 751 133 49 åtföljd
1124 752 90 48 plan
1242 751 56 35 till
1327 750 164 36 arbetets
1518 749 201 36 utförande
1741 749 119 48 jämte

260 809 213 47 beräkning
501 812 90 31 över
620 807 45 35 de
684 806 103 35 såväl
809 805 85 35 med
914 803 388 47 vattenavledningen
1323 801 69 36 och
1413 801 258 47 avdikningen
1691 813 79 23 som
1792 800 69 35 ock

260 860 86 36 med
362 860 192 47 odlingen,
571 859 66 35 där
653 857 118 36 sådan
788 856 261 44 förekommer,
1067 854 179 36 förenade
1263 852 204 37 kostnader
1482 865 89 22 vara
1588 865 46 22 av
1645 851 217 47 sakkunnig

261 924 138 37 person
428 910 190 49 uppgjord
648 909 72 36 och
749 907 248 36 underställas
1025 906 143 47 Kungl.
1198 905 128 48 Maj:ts
1354 904 201 48 prövning,
1585 903 114 36 sedan
1722 903 138 48 planen

260 963 71 36 och
373 961 371 47 kostnadsförslaget
785 959 95 36 först
920 958 206 47 undergått
1168 956 239 49 granskning
1448 956 11 35 i
1495 959 93 44 väg-
1617 954 71 37 och
1715 960 146 30 vatten-

250 1014 401 49 "byggnadsstyrelsen
680 1017 97 31 samt
804 1009 395 49 lantbruksstyrelsen.
1256 1008 79 36 Lån
1361 1007 159 48 beviljas
1548 1007 47 47 ej,
1611 1006 85 36 med
1716 1005 144 37 mindre

261 1067 113 35 dessa
414 1065 179 48 styrelser
632 1062 180 46 vitsorda,
855 1067 66 41 att,
968 1062 112 35 såvitt
1120 1060 47 37 de
1208 1060 129 35 kunna
1364 1059 113 44 finna,
1507 1058 87 48 laga
1623 1058 133 36 hinder
1783 1063 78 30 mot

259 1118 209 47 företagets
510 1115 200 37 utförande
751 1115 32 48 ej
828 1114 214 35 förefinnes.
1098 1111 120 37 Lånet
1250 1112 226 35 bestämmes
1510 1123 46 23 av
1583 1109 141 49 Nungl.
1756 1109 105 47 Maj:t

262 1170 121 48 enligt
423 1169 104 36 vissa
568 1167 168 49 angivna
765 1166 134 49 regler,
929 1178 86 23 men
1043 1166 61 34 må
1131 1161 83 39 icke
1243 1163 191 47 överstiga
1465 1163 46 35 70
1540 1167 156 43 procent
1723 1174 47 22 av
1799 1161 63 36 det

257 1218 469 53 jordförbättringsvärde,
757 1231 81 23 som
871 1223 91 43 väg-
990 1217 71 35 och
1088 1214 528 50 vattenbyggnadsstyrelsen
1645 1219 97 31 samt
1769 1214 92 35 lant-

262 1272 307 48 bruksstyrelsen
599 1283 89 24 anse
716 1270 61 48 sig
804 1270 130 35 kunna
961 1268 178 36 vitsorda.
1196 1267 85 36 Med
1311 1267 83 44 den,
1424 1279 81 23 som
1534 1271 79 30 mot
1642 1265 219 48 åtnjutande

261 1338 48 22 av
351 1323 159 36 statslån
552 1325 130 45 åtager
723 1322 61 47 sig
827 1326 54 30 ett
913 1319 311 47 odlingsföretag,
1255 1318 95 36 skall
1378 1317 218 36 kontrakt
1586 1312 20 62 i
1624 1316 238 48 vederbörlig

262 1375 170 47 ordning.
456 1373 167 36 avslutas
652 1377 99 32 samt
780 1385 46 22 av
854 1376 89 43 väg-
972 1371 71 35 och
1071 1368 525 49 vattenbyggnadsstyrelsen
1622 1364 237 62 godkännas.

262 1427 74 36 För
364 1425 239 49 fullgörande
631 1437 47 23 av
706 1423 219 36 kontraktet
954 1427 179 31 ävensom
1162 1422 58 35 för
1249 1421 45 35 de
1318 1420 142 49 lyftade
1480 1420 266 36 statsmedlens
1767 1422 93 33 åter-

263 1478 147 47 bäring,
440 1477 80 35 ifall
549 1482 79 30 mot
655 1474 219 37 kontraktet
903 1474 139 48 brytes,
1072 1473 96 36 skall
1196 1472 129 36 ställas
1353 1471 126 36 sådan
1499 1471 186 46 säkerbet,
1715 1483 79 23 som
1814 1483 45 23 av

262 1535 92 42 väg-
394 1529 71 36 och
505 1526 527 50 vattenbyggnadsstyrelsen
1073 1524 235 49 godkännes.
1365 1522 123 37 BSedan
1531 1536 47 22 av
1600 1523 115 35 lånet
1755 1522 106 36 utbe-

262 1581 180 36 kommits
482 1579 74 36 vad
597 1592 81 23 som
721 1578 57 36 får
818 1577 114 49 lyftas
972 1579 48 46 på
1048 1576 125 49 grund
1203 1589 46 22 av
1277 1580 54 31 att
1359 1575 142 36 arbetet
1529 1574 108 36 blivit
1661 1574 123 47 börjat
1816 1597 43 5 —

259 1646 132 22 varom
421 1632 113 48 intyg
561 1631 94 36 skall
683 1629 99 36 hava
810 1630 168 35 företetts
1005 1650 63 24 —,
1098 1628 97 36 skall
1226 1627 61 35 vid
1316 1627 104 48 varje
1449 1640 46 22 av
1524 1626 45 36 de
1595 1626 162 48 följande
1776 1625 86 48 lvft-

262 1683 264 49 ningstiderna
567 1682 139 36 företes
749 1682 111 47 intyg
901 1694 47 22 av
989 1684 94 44 väg-
1125 1679 71 36 och
1232 1678 533 49 vattenbyggnadsstyrelsen,
1795 1683 66 41 att,

262 1736 122 48 enligt
425 1735 72 35 vad
540 1733 193 37 därstädes
775 1732 190 50 nöjaktigt
993 1732 154 49 styrkts,
1177 1733 41 34 så
1247 1730 151 49 mycket
1425 1744 46 21 av
1500 1729 143 37 arbetet
1671 1729 107 36 blivit
1805 1734 56 30 ut-

263 1788 87 47 fört,
393 1800 79 22 som
517 1786 172 47 skäligen
729 1785 75 35 kan
846 1797 108 23 anses
998 1790 188 29 motsvara
1219 1782 73 36 vad
1321 1782 11 35 i
1361 1781 245 36 förhållande
1625 1781 55 35 till
1708 1780 62 36 det
1798 1780 64 36 be-

262 1838 141 49 viljade
443 1836 334 37 låneunderstödet
818 1836 155 48 belöper
1012 1837 49 46 på
1101 1834 74 36 vad
1217 1847 46 22 av
1304 1833 101 36 lånet
1436 1832 117 36 redan
1580 1832 281 36 utbekommits.

263 1889 265 49 Förlängning
569 1889 11 35 i
622 1886 231 38 arbetstiden
894 1886 75 36 kan
1002 1885 197 49 medgivas
1228 1898 46 23 av
1302 1885 140 47 Kungl.
1473 1884 118 48 Maj:t,
1616 1883 245 48 naturligtvis

258 1942 102 36 efter
387 1940 249 50 styrelsernas
664 1939 179 36 hörande.

392 1991 241 38 Beträffande
670 1990 236 48 statsbidrag
933 1990 83 35 från
1054 1989 263 36 ovannämnda
1354 1988 126 48 bägge
1518 1989 344 45 avdikningsanslag

264 2044 119 50 gäller
417 2044 5 35 i
451 2042 197 38 huvudsak
683 2042 177 49 följande.
917 2041 74 36 För
1018 2041 103 47 varje
1150 2040 161 49 företag,
1341 2040 55 35 till
1434 2040 117 35 vilket
1578 2039 136 47 bidrag
1741 2040 120 46 sökes,

258 2099 126 33 måste
412 2094 89 50 plan
530 2095 57 40 till
615 2094 165 37 arbetets
808 2093 201 36 utförande
1034 2093 119 48 jämte
1174 2092 212 48 beräkning
1405 2097 89 31 över
1519 2091 138 36 därmed
1679 2091 183 36 förenade

262 2147 205 37 kostnader
506 2160 90 22 vara
636 2145 193 50 uppgjord
871 2144 70 37 och
982 2144 97 36 hava
1107 2144 137 35 vunnit
1270 2143 143 48 Kungl.
1457 2143 125 48 Maj:ts
1611 2143 251 36 fastställelse.

309 2207 128 42 Bihang
459 2207 50 31 till
531 2216 112 34 senare
665 2205 188 42 riksdagens
872 2205 156 41 protokoll
1051 2205 108 32 1914.
1195 2206 41 31 10
1259 2204 89 31 saml.
1395 2204 18 31 I
1438 2203 78 40 häft.
1562 2203 68 41 (Nr
1652 2204 45 37 1)
1799 2203 52 31 2.
