2218 2620
702 174 345 34 Jordbruksutskottets
1071 176 162 33 utlåtande
1255 177 53 32 Nr
1332 179 28 30 1.
1726 180 61 32 103

630 251 199 38 betalande
858 267 46 22 av
933 253 233 50 statsbidrag
1194 255 56 36 till
1278 255 230 50 nybyggare
1537 259 20 34 å
1585 258 151 36 Alträsk
1760 259 70 36 och

629 302 124 38 Svanå
785 305 258 49 kronoparker
1076 312 98 31 samt
1208 307 25 36 f.
1270 307 35 37 d.
1336 307 122 38 Selets
1494 309 336 51 stockfångstskog

626 369 82 23 som
737 356 96 49 dem,
862 357 104 37 vilka
994 371 50 23 nu
1073 358 218 50 föreslagits
1315 359 233 39 beträffande
1567 363 263 36 ovannämnda

627 407 273 49 skogstorpare
928 409 71 36 och
1027 410 443 48 lägenhetsinnehavare.

357 557 99 50 23:0)
486 558 242 39 Beträffande
765 561 135 50 övriga
941 562 189 37 ordinarie
1174 564 143 49 anslag,
1362 578 80 23 som
1485 566 12 36 i
1537 566 202 38 riksstaten
1771 567 57 37 för
1857 571 95 44 Övriga
1971 577 68 24 ordi-

225 609 258 38 innevarande
512 613 40 34 år
580 616 65 32 äro
674 613 189 49 uppförda
890 614 120 37 under
1037 615 139 36 nionde
1201 615 250 50 huvudtiteln,
1473 618 66 36 har
1559 618 142 49 Kungl.
1721 619 108 49 Maj:t
1847 612 188 65 rd

225 660 82 37 icke
350 661 196 49 föreslagit
588 676 124 24 annan
754 664 235 50 förändring,
1023 671 47 31 än
1099 672 53 30 att
1180 666 57 37 till
1260 668 206 48 jämnande
1496 683 46 23 av
1571 670 257 38 huvudtitelns
1876 681 145 31 ningskost-

225 711 226 38 slutsumma
491 714 218 49 föreslagits
750 729 46 23 en
839 716 162 50 höjning
1034 721 21 33 å
1094 718 62 36 det
1189 718 188 38 ordinarie
1406 720 338 51 förslagsanslaget
1771 723 57 36 till
1904 717 97 56 nader.

224 763 243 38 bestridande
503 779 47 23 av
587 767 430 50 tryckningskostnader
1045 769 85 37 från
1164 770 84 37 dess
1281 772 216 37 nuvarande
1525 773 136 50 belopp
1690 776 136 46 32,103
1882 767 136 67 (RA

226 815 139 38 kronor
394 816 85 38 med
511 820 44 34 17
586 818 141 38 kronor
756 820 55 37 till
840 821 138 47 32,120
1006 821 151 37 kronor.
1907 839 93 47 [21.]

356 919 193 38 Utskottet
576 921 230 49 hemställer,

760 1030 54 33 att
834 1027 176 49 samtliga
1030 1028 187 38 ordinarie
1237 1030 135 49 anslag
1390 1032 122 36 under
1531 1032 137 38 nionde
1682 1033 145 38 huvud-

627 1075 120 47 titeln,
788 1091 81 23 som
911 1079 69 36 här
1008 1093 99 23 ovan
1140 1081 82 37 icke
1249 1081 110 37 blivit
1388 1084 155 36 särskilt
1570 1085 256 49 omförmälda,

628 1130 61 34 må
724 1128 60 36 för
812 1131 40 34 år
883 1132 96 35 1915
1010 1131 207 38 fastställas
1245 1133 54 36 till
1328 1146 143 24 samma
1500 1135 137 50 belopp
1666 1150 80 23 som
1773 1139 55 35 uti

626 1178 254 39 innevarande
925 1184 59 34 års
1026 1182 171 46 riksstat;
1241 1184 95 37 dock
1369 1191 53 31 att
1450 1186 12 36 i
1490 1187 338 50 förslagsanslaget

628 1230 56 37 till
725 1230 244 39 bestridande
1012 1247 47 23 av
1101 1235 434 50 tryckningskostnader
1562 1241 60 34 må
1652 1239 35 36 få
1714 1245 113 44 göras

628 1282 72 37 den
723 1283 216 49 jämkning,
969 1297 82 25 som
1079 1286 61 37 för
1161 1287 208 49 jämnande
1393 1302 47 23 av
1460 1289 258 39 huvudtitelns
1738 1292 90 36 slut-
1861 1340 3 4 |

628 1346 147 25 summa
802 1335 76 37 kan
905 1336 103 38 bliva
1037 1338 234 49 erforderlig.

360 1433 221 40 Stockholm
610 1437 73 37 den
714 1439 45 35 16
785 1438 85 49 juni
903 1441 110 37 1914.

692 1541 52 37 På
768 1541 415 50 jordbruksutskottets
1207 1551 162 46 vägnar:

745 1644 45 38 D.
821 1644 228 41 PERSSON
1053 1625 30 78 i
1118 1649 190 50 Tällberg.

427 1952 219 28 Närvarande:
665 1953 47 27 hrr
739 1954 130 33 Persson,
898 1955 139 33 Ericsson,
1066 1957 148 36 Odelberg,
1243 1959 76 32 Pers,
1350 1960 113 31 Fahlén,
1494 1961 145 34 Lindblad,
1658 1959 169 45 Holmquist,

661 1996 116 28 Linders
805 1997 47 27 vid
880 1998 128 35 punkten
1033 1999 25 32 5,
1086 2000 116 28 Nilsson
1220 2003 9 25 i
1250 2002 107 36 Tånga,
1386 1997 101 43 Öberg,
1513 2005 144 28 Kronlund
1676 2008 86 32 (utom
1782 2007 45 27 vid

662 2040 91 35 punkt
778 2041 35 32 5),
840 2041 164 36 Ingeström,
1029 2043 177 34 Barthelson,
1230 2045 78 36 Tysk
1327 2047 86 33 (utom
1434 2047 46 27 vid
1499 2048 91 35 punkt
1608 2050 35 33 5),
1662 2049 165 29 Lundström

660 2084 47 26 vid
728 2084 92 35 punkt
838 2084 42 30 22,
900 2084 165 34 Wallentin,
1084 2087 111 27 Bosson
1213 2088 88 33 (utom
1320 2089 46 27 vid
1386 2091 91 34 punkt
1495 2091 53 35 22),
1562 2092 136 28 Nilsson
1690 2080 16 50 i
1717 2093 110 33 Linnås,

663 2126 141 28 Olausson
824 2127 45 27 vid
889 2128 91 35 punkt
998 2130 25 26 5.
