2236 2632
167 706 202 31 Hydrografisk-

206 741 137 30 biologiska

204 776 138 23 undersök.

220 810 96 31 ningar

184 845 10 23 i
212 845 148 25 Atlantiska

214 888 117 17 oceanen.

166 933 83 27 (extra
272 934 103 29 anslag.)

237 985 67 46 15.)

201 1224 139 32 Skogshög-

223 1260 98 25 skolan.

201 1311 137 29 (ordinarie

217 1348 104 29 anslag.)

236 1400 65 45 (6.]

443 165 41 29 32
885 168 346 33 Jordbruksutskottets
1254 170 165 33 utlåtande
1443 172 52 31 Nr
1523 174 23 29 1.

527 241 206 49 Utskottet,
761 257 79 23 som
870 245 81 36 icke
981 246 81 36 haft
1091 250 116 45 något
1237 253 53 30 att
1319 249 123 36 erinra
1471 255 78 30 mot
1579 250 61 37 det
1661 251 58 36 för
1739 252 124 36 denna
1877 253 125 49 bygg-

397 292 93 36 nads
514 293 235 50 uppförande
778 295 212 38 beräknade
1020 297 177 51 beloppet
1227 299 90 37 eller
1345 301 11 35 i
1385 300 136 50 övrigt,
1552 302 57 36 får
1638 302 127 38 därför
1789 303 211 50 hemställa,

927 407 53 30 att
1020 402 205 48 riksdagen
1268 406 59 33 må
1365 404 58 36 för
1451 405 234 48 uppförande
1713 420 47 23 av
1788 420 44 23 en
1863 409 137 35 musei-

796 451 183 48 byggnad
1021 453 63 35 vid
1125 454 141 48 Alnarp
1300 455 130 35 anvisa
1459 458 20 32 å
1508 462 105 29 extra
1641 462 76 30 stat
1745 458 58 35 för
1832 461 40 32 år
1902 460 96 34 1915

796 507 53 30 ett
891 503 134 48 anslag
1066 517 47 22 av
1155 506 139 46 20,950
1335 506 151 47 kronor,
1517 511 178 32 ävensom
1725 508 189 50 medgiva,
1945 515 55 31 att

797 553 141 50 Kungl.
983 554 106 51 Maj:t
1130 559 60 34 må
1231 557 120 37 under
1392 557 254 39 innevarande
1679 562 41 34 år
1748 560 74 37 låta
1851 574 46 23 av
1926 562 72 36 till-

794 607 185 48 gängliga
1021 608 121 37 medel
1184 609 240 37 förskottsvis
1466 612 213 36 utanordna
1717 613 103 36 detta
1847 613 149 50 belopp.

529 706 73 49 7:0)
631 707 17 35 I
676 709 121 47 punkt
839 711 20 33 5
903 723 46 22 av
991 711 240 36 huvudtiteln
1272 712 69 35 har
1370 712 140 49 Kungl.
1541 714 108 47 Maj:t
1678 714 196 50 föreslagit
1902 717 96 35 riks-

397 756 124 48 dagen
555 764 55 30 att
642 759 12 35 i
692 759 162 37 avbidan
882 764 47 45 på
958 761 72 36 den
1058 763 237 48 proposition
1323 764 195 47 angående
1546 766 134 48 anslag
1708 766 58 36 för
1794 767 202 37 utförande

397 822 45 22 av
480 809 499 52 hydrografisk-biologiska
1016 813 327 50 undersökningar
1392 816 11 36 1
1446 816 214 37 Atlantiska
1701 830 175 37 oceanen,
1915 832 80 24 som

396 864 60 33 må
484 861 152 37 komma
666 868 53 31 att
747 865 144 36 avlåtas
921 865 53 36 till
1003 866 216 49 riksdagen,
1249 867 59 36 för
1335 867 287 49 ifrågavarande
1651 869 173 38 ändamål
1853 874 20 33 å
1892 877 104 31 extra

396 918 76 30 stat
499 913 59 50 för
586 916 40 34 år
658 917 96 34 1915
784 916 168 36 beräkna
981 922 54 31 ett
1063 919 136 47 anslag
1227 932 46 22 av
1305 921 135 45 11,000
1470 921 151 35 kronor.

525 956 99 45 Över
665 966 124 36 denna
831 967 281 50 framställning
1153 970 171 36 kommer
1355 971 183 36 utskottet
1567 977 53 30 att
1649 972 198 37 framdeles
1876 974 119 36 under

395 1014 204 51 riksdagen
635 1017 138 49 avgiva
800 1019 204 48 utlåtande,
1034 1020 117 37 vilket
1179 1021 186 37 utskottet
1393 1022 154 36 härmed
1576 1023 100 36 velat
1703 1024 58 36 för
1789 1024 206 50 riksdagen

923 1125 156 35 anmäla.

523 1224 73 48 8:o)
639 1225 128 36 Under
807 1227 124 47 punkt
974 1229 20 33 6
1032 1240 46 22 av
1108 1227 245 38 förevarande
1381 1230 213 36 huvudtitel
1622 1230 68 36 har
1719 1231 137 47 Kungl.
1887 1232 106 48 Maj:t

394 1274 198 49 föreslagit
631 1275 205 51 riksdagen
877 1283 54 31 att
972 1279 75 35 dels
1090 1279 205 47 godkänna
1331 1280 10 36 i
1371 1281 414 49 statsrådsprotokollet
1813 1283 179 49 framlagt

393 1325 143 50 förslag
573 1328 56 35 till
669 1333 75 31 stat
785 1329 59 36 för
872 1330 343 49 skogshögskolan,
1246 1332 95 36 dock
1370 1338 54 30 att
1452 1333 119 36 under
1599 1336 40 33 år
1669 1335 96 35 1915
1797 1335 94 36 skall
1919 1336 73 35 till-

392 1378 143 48 lämpas
565 1379 62 36 det
654 1379 11 36 i
694 1381 413 49 statsrådsprotokollet
1130 1383 143 47 jämväl
1302 1384 211 48 framlagda
1537 1385 185 48 förslaget
1749 1386 57 36 till
1835 1391 74 31 stat
1934 1387 58 36 för

391 1429 211 48 högskolan
645 1430 58 36 för
743 1432 165 35 nämnda
950 1446 54 30 år;
1048 1434 75 35 dels
1159 1435 63 35 ock
1258 1435 206 47 godkänna
1493 1436 45 35 de
1566 1436 137 36 villkor
1731 1438 71 35 och
1830 1437 161 37 bestäm-

389 1481 145 47 melser,
559 1494 81 24 som
669 1483 10 35 i
705 1483 416 49 statsrådsprotokollet
1148 1485 216 49 föreslagits
1384 1487 59 35 för
1463 1487 219 49 åtnjutande
1703 1501 46 23 av
1771 1489 45 35 de
1835 1489 12 36 i
1867 1494 120 32 staten

391 1532 55 35 för
487 1532 332 51 skogshögskolan
862 1534 57 37 för
961 1535 184 38 ordinarie
1187 1537 261 50 befattningar
1485 1545 198 43 upptagna
1711 1540 278 50 avlöningsför-

387 1586 140 45 måner,
567 1586 84 36 med
695 1586 237 38 förklarande
961 1587 131 47 tillika,
1127 1594 53 31 att
1209 1589 58 36 för
1294 1590 104 36 tiden
1427 1590 96 37 intill
1549 1591 71 36 den
1653 1594 17 33 1
1702 1592 159 37 oktober
1891 1595 97 35 1915

387 1635 62 37 det
479 1637 96 35 skall
604 1638 128 48 åligga
759 1638 127 37 rektor
913 1639 63 36 vid
1006 1640 331 48 skogshögskolan
1367 1648 53 30 att
1447 1643 167 36 bestrida
1634 1643 354 50 direktörstjänsten

386 1687 63 35 vid
478 1687 308 48 skogsinstitutet
815 1696 97 30 samt
940 1691 354 48 skogshögskolans
1318 1694 235 47 professorer
1582 1699 54 30 att
1663 1695 166 36 bestrida
1857 1696 131 36 under-

385 1738 204 49 visningen
617 1740 64 36 vid
710 1753 142 23 samma
880 1741 162 48 institut,
1068 1755 117 24 envar
1213 1744 12 35 i
1254 1744 81 36 sina
1364 1744 230 38 läroämnen.

515 1842 52 36 På
596 1843 281 49 framställning
905 1858 47 22 av
980 1845 141 50 Kungl.
1152 1846 109 49 Maj:t
1289 1848 163 48 medgav
1484 1850 97 34 1912
1598 1852 60 34 års
1674 1850 168 49 riksdag,
1859 1856 55 31 att
1931 1851 57 36 för

384 1893 236 49 uppförande
663 1908 45 22 av
750 1909 75 35 nya
867 1896 226 49 byggnader
1122 1898 58 36 för
1208 1912 47 22 en
1283 1899 119 48 högre
1430 1900 557 50 skogsundervisningsanstalt

385 1950 97 30 samt
510 1945 59 36 för
597 1952 145 30 statens
771 1947 409 48 skogsförsöksanstalt
1208 1955 179 31 ävensom
1418 1951 241 49 anläggande
1687 1966 47 22 av
1762 1954 225 48 erforderlig

383 1995 392 51 undervisningspark
803 2004 96 31 samt
929 1999 218 38 försöksfält
1175 2014 48 22 m.
1254 2016 48 22 m.
1324 2002 103 49 finge
1446 2003 119 36 under
1580 2003 148 48 villkor,
1746 2018 81 23 som
1842 2005 142 49 Kungl.

383 2047 107 49 Maj:t
526 2054 171 32 närmare
738 2050 204 46 bestämde,
986 2057 109 44 tagas
1136 2053 12 35 i
1190 2054 163 48 anspråk
1395 2054 95 36 visst
1531 2056 156 48 angivet
1716 2056 152 37 område
1896 2063 90 30 utav

383 2098 227 49 lägenheten
652 2102 169 37 Frescati
864 2105 20 33 å
925 2102 122 38 Norra
1075 2104 255 49 Djurgården,
1359 2106 184 49 varjämte
1571 2107 207 49 riksdagen
1807 2109 178 37 anvisade

383 2156 53 30 ett
460 2151 138 51 belopp
628 2166 45 23 av
704 2155 163 46 693,900
896 2154 139 38 kronor
1062 2156 57 36 för
1137 2157 236 49 uppförande
1402 2161 20 32 å
1445 2158 156 37 berörda
1621 2160 152 36 område
1794 2173 46 23 av
1860 2160 125 49 bygg-

383 2203 114 36 nader
525 2204 58 36 för
611 2204 608 51 skogsundervisningsanstalten
1247 2209 84 36 med
1361 2209 123 37 därtill
1511 2211 167 36 hörande
1706 2216 102 44 yttre
1828 2213 156 47 anlägg-
