1880 2798
256 125 20 30 2
642 128 389 33 Jordbruksutskottets
1059 132 179 32 utlåtande
1264 143 44 21 nr
1332 136 53 30 63.

303 209 278 31 Statskontorets
599 213 162 37 yttrande
783 213 168 39 återgives
972 215 11 29 i
1003 215 235 42 huvudsaklig
1257 219 55 29 del
1331 219 11 29 i
1362 220 406 39 departementschefens

258 259 11 28 i
290 260 57 28 det
368 259 158 40 följande
549 261 179 39 återgivna
750 264 204 30 anförande.

301 310 394 41 Departementschefen
714 313 64 29 har
797 314 11 29 i
826 315 141 30 ärendet
986 316 119 30 anfört
1123 317 168 40 följande.

305 360 71 29 >Av
400 361 66 29 den
491 361 208 40 föregående
724 365 242 38 redogörelsen
992 367 155 39 framgår
1174 371 50 28 att
1251 370 57 29 det
1333 371 129 30 mellan
1490 372 155 40 Sveriges
1672 376 94 28 utsä-

257 411 224 39 desförening
502 413 65 28 och
590 413 153 30 Svenska
765 415 425 33 lantarbetareförbundet
1211 420 55 29 för
1287 421 38 29 år
1350 421 84 29 1948
1456 423 154 30 träffade
1634 424 131 31 kollek-

257 461 178 30 tivavtalet
464 463 138 29 medför
629 465 185 39 väsentligt
841 466 110 30 ökade
978 467 330 32 löneomkostnader
1336 471 55 29 för
1420 472 207 40 föreningen
1653 476 112 30 under

258 512 106 38 sagda
389 512 48 30 år.
463 513 72 29 Mot
563 513 238 41 beräkningen
828 519 41 26 av
894 517 67 29 den
989 518 267 39 ifrågavarande
1285 522 304 41 utgiftsökningen
1615 525 64 29 har
1704 527 60 38 jag

253 562 88 29 intet
362 564 49 27 att
431 563 127 30 erinra.

301 612 119 30 Såsom
440 614 92 29 skett
549 615 57 29 vid
625 615 146 39 tidigare
792 617 162 30 tillfällen
975 628 102 29 synes
1096 620 206 40 föreningen
1321 623 86 29 även
1427 624 115 30 denna
1563 625 89 40 gång
1670 627 94 39 prin-

255 663 129 39 cipiellt
412 663 85 30 böra
525 665 143 30 komma
695 667 11 28 i
736 667 209 39 åtnjutande
975 679 42 20 av
1048 670 121 40 bidrag
1200 681 42 20 av
1274 674 202 29 statsmedel
1506 675 53 29 till
1590 677 172 30 täckande

255 722 42 20 av
324 714 41 29 de
393 714 200 31 beräknade
621 716 402 41 kostnadsökningarna,
1056 720 93 30 vilka
1178 722 76 29 icke
1284 723 71 29 helt
1384 724 138 30 kunnat
1553 726 210 31 förutsättas

253 763 57 30 vid
335 765 242 38 uppgörandet
601 775 42 21 av
667 767 224 39 föreningens
917 771 79 28 stat.
1025 770 13 29 I
1064 771 109 30 likhet
1197 773 79 29 med
1301 774 66 29 vad
1394 776 252 30 statskontoret
1672 777 90 30 före-

254 813 102 39 slagit
387 814 207 31 förutsätter
624 816 60 40 jag
716 818 192 31 emellertid
938 820 134 34 därvid,
1104 824 49 28 att
1183 823 41 29 de
1256 824 161 39 speciella
1447 819 111 41 tåxor,
1592 836 74 20 som
1697 829 63 37 äga

251 864 223 40 tillämpning
493 865 222 32 beträffande
735 869 305 40 undersökningar
1062 871 142 31 utförda
1222 873 58 30 vid
1299 874 41 29 de
1359 875 161 30 kemiska
1541 877 65 29 och
1627 878 131 30 cereala

250 913 276 32 laboratorierna
549 916 35 30 åt
606 917 237 31 utomstående
867 919 302 38 uppdragsgivare,
1195 923 204 36 skyndsamt
1423 926 185 36 omprövas
1632 927 64 29 och
1719 928 41 29 de

250 964 270 40 taxehöjningar
544 966 157 39 vidtagas
726 977 74 20 som
825 977 41 21 ur
889 970 94 29 olika
1007 972 218 38 synpunkter
1248 975 33 28 te
1306 974 51 39 sig
1380 975 211 40 lämpligast.
1619 977 142 39 Härige-

250 1023 82 20 nom
354 1016 97 28 torde
474 1016 11 28 i
507 1016 190 30 framtiden
718 1018 42 29 de
779 1019 108 38 höjda
907 1020 263 31 arbetslönerna
1189 1023 123 30 kunna
1335 1026 190 38 motvägas.

294 1065 73 29 Vad
385 1065 173 30 beträffar
577 1067 56 29 det
654 1076 41 21 av
714 1068 206 39 föreningen
938 1070 56 29 för
1012 1071 96 29 tiden
1129 1072 66 29 den
1216 1073 14 28 1
1251 1073 231 38 januari---30
1500 1076 80 38 juni
1601 1077 83 29 1948
1702 1077 58 29 be-

248 1115 105 37 gärda
378 1115 171 39 beloppet,
575 1117 42 28 44
631 1117 62 29 550
719 1118 141 35 kronor,
886 1128 102 30 synes
1014 1121 95 29 detta
1133 1122 44 39 på
1203 1124 68 29 sätt
1298 1125 252 31 statskontoret
1576 1127 179 40 föreslagit

247 1164 85 30 böra
353 1166 186 30 reduceras
563 1168 78 28 med
666 1169 56 29 det
747 1169 134 40 belopp,
906 1172 143 28 varmed
1073 1172 225 40 föreningens
1321 1175 195 30 inkomster
1539 1177 143 30 komma
1706 1180 50 27 att

247 1216 68 29 öka
338 1216 44 39 på
409 1218 113 37 grund
547 1227 42 20 av
611 1218 41 29 de
678 1219 108 29 redan
813 1227 123 31 genom
960 1221 379 41 lantbruksstyrelsens
1363 1225 114 30 beslut
1502 1227 66 29 den
1593 1227 41 29 24
1661 1238 97 20 mars

249 1266 84 29 1948
357 1267 165 39 vidtagna
546 1269 327 39 taxehöjningarna.
900 1271 121 30 Såsom
1049 1274 251 30 statskontoret
1326 1275 10 29 i
1364 1277 59 28 sitt
1448 1278 164 37 yttrande
1637 1279 118 29 anfört

247 1317 98 29 torde
373 1318 194 30 emellertid
596 1319 213 39 svårigheter
838 1322 94 29 möta
963 1324 50 29 att
1043 1324 78 29 med
1152 1325 161 30 säkerhet
1341 1327 122 29 kunna
1494 1327 155 31 beräkna
1678 1330 77 29 sist-

246 1368 154 29 nämnda
420 1368 135 40 belopp.
577 1370 64 38 Jag
661 1379 102 21 anser
786 1371 71 40 mig
878 1372 106 30 likväl
1003 1373 85 30 böra
1108 1375 129 30 föreslå
1260 1378 50 27 att
1331 1377 57 29 det
1409 1387 41 20 av
1471 1378 207 40 föreningen
1700 1380 58 29 be-

246 1419 105 37 gärda
371 1418 156 40 bidraget
548 1420 158 30 minskas
725 1422 53 29 till
798 1424 47 27 ett
867 1424 172 30 avrundat
1059 1425 123 40 belopp
1204 1436 42 20 av
1265 1426 42 30 40
1322 1427 62 29 000
1404 1428 141 30 kronor.

289 1469 74 29 Vad
388 1469 164 40 slutligen
575 1471 107 38 angår
704 1472 67 29 den
796 1473 10 29 i
830 1474 368 40 utsädesföreningens
1222 1477 166 30 skrivelse
1413 1479 123 38 gjorda
1563 1480 190 30 framställ-

243 1519 129 39 ningen
393 1530 56 19 om
472 1521 211 39 statsbidrag
705 1522 55 30 för
784 1524 171 30 täckande
978 1534 42 21 av
1042 1526 41 29 de
1104 1527 110 29 ökade
1238 1528 380 32 löneomkostnaderna
1640 1532 113 29 under

244 1570 294 31 nästkommande
558 1572 165 37 budgetår
743 1582 101 28 synes
866 1574 112 30 denna
996 1575 99 38 fråga
1113 1577 84 30 böra
1215 1578 191 30 behandlas
1425 1580 11 28 i
1456 1582 47 27 ett
1523 1590 119 21 senare
1666 1591 88 20 sam-

242 1621 188 38 manhang,
454 1622 45 29 då
521 1622 111 30 ökade
655 1623 221 40 möjligheter
900 1627 50 28 att
974 1626 197 31 överblicka
1194 1628 225 40 föreningens
1444 1631 195 30 inkomster
1663 1633 90 29 kun-

242 1680 46 20 na
309 1671 181 30 förväntas
510 1673 198 39 föreligga.»

290 1772 184 31 Utskottet.
495 1774 176 29 Utskottet
692 1775 193 39 tillstyrker
906 1777 126 39 Kungl.
1055 1778 123 39 Maj:ts
1199 1780 263 41 framställning
1482 1784 112 29 under
1616 1784 136 30 föreva-

241 1823 108 28 rande
373 1824 114 38 punkt
512 1824 65 29 och
604 1824 201 31 hemställer
829 1826 112 35 alltså,

595 1910 49 27 att
666 1909 187 39 riksdagen
876 1911 58 29 må
956 1911 52 29 till
1034 1912 249 40 Befrämjande
1306 1924 42 20 av
1369 1916 221 40 fröodlingen
1615 1927 45 20 m.
1683 1928 65 20 m.:

552 1958 203 40 Ytterligare
777 1961 119 39 bidrag
919 1962 52 29 till
991 1963 157 39 Sveriges
1170 1965 305 41 utsädesförening
1495 1967 20 29 å
1538 1964 208 48 tilläggsstat

552 2009 29 29 I
607 2010 52 28 till
686 2010 190 30 riksstaten
903 2012 55 29 för
986 2013 204 39 budgelåret
1220 2015 150 36 1947/48
1398 2018 121 29 anvisa
1547 2020 48 28 ett
1626 2020 122 39 anslag

550 2069 42 21 av
617 2059 41 30 40
673 2060 62 30 000
760 2062 140 30 kronor.

281 2176 35 33 2)
344 2177 264 30 Förberedande
629 2179 292 34 organisatoriska
942 2181 160 35 åtgärder
1125 2183 10 28 i
1157 2184 168 29 samband
1349 2186 76 28 med
1447 2186 224 35 jordbrukets
1692 2198 54 19 ra-

235 2227 240 35 tionalisering
500 2237 44 20 m.
571 2238 43 19 m.
640 2229 66 29 För
733 2229 267 40 ifrågavarande
1027 2233 162 30 ändamål
1215 2234 65 29 har
1305 2235 20 29 å
1352 2235 190 31 riksstaten
1568 2238 55 29 för
1648 2238 96 30 inne-

234 2278 153 29 varande
409 2278 171 39 budgetår
602 2279 163 39 uppförts
789 2283 48 27 ett
860 2282 357 41 reservationsanslag
1241 2294 42 20 av
1307 2285 61 30 750
1383 2286 62 30 000
1469 2288 141 30 kronor.

280 2328 66 29 Till
364 2329 305 39 undersökningar
689 2331 149 30 rörande
858 2332 205 31 sambandet
1082 2334 129 30 mellan
1230 2336 199 39 ägofigurer
1450 2339 65 28 och
1533 2338 215 40 bruknings-

232 2378 190 30 kostnader
443 2379 65 30 har
529 2380 19 29 å
572 2380 209 39 tilläggsstat
802 2382 29 29 II
853 2382 51 29 till
926 2383 192 30 riksstaten
1142 2385 54 29 för
1217 2386 205 39 budgetåret
1448 2388 149 35 1946/47
1628 2390 113 40 (prop.

230 2437 43 20 nr
301 2430 71 33 163,
399 2430 57 29 bil.
484 2430 29 34 7,
540 2431 113 38 punkt
680 2431 36 34 2)
747 2432 154 30 anvisats
927 2435 50 28 ett
1001 2436 358 41 reservationsanslag
1384 2448 42 21 av
1454 2439 39 30 70
1509 2440 62 30 000
1598 2441 145 30 kronor.
