1884 2818
263 158 18 29 6
658 166 377 32 Jordbruksutskottets
1061 168 176 31 utlåtande
1261 179 42 21 nr
1328 171 50 29 70.

267 246 10 30 i
301 255 171 28 gynnsam
492 248 153 38 riktning
666 259 109 27 synes,
799 260 74 21 som
895 251 469 33 livsmedelskommissionen
1386 254 125 38 anfört,
1535 255 121 32 kunna
1678 259 93 28 över-

268 297 104 36 vägas
392 302 48 26 att
458 300 164 34 upphäva
642 301 332 37 ostransoneringen,
995 306 50 27 att
1065 303 83 36 höja
1167 303 172 36 mjölkens
1361 304 137 33 fetthalt
1519 309 79 29 med
1618 306 153 31 bibehål-

264 348 103 29 lande
386 358 42 21 av
448 349 527 37 standardiseringsförfarandet
992 356 91 26 samt
1107 356 48 28 att
1175 353 193 37 ytterligare
1388 355 84 36 höja
1491 359 114 28 ostens
1625 356 145 31 fetthalt.

312 431 13 30 I
357 431 107 32 likhet
493 433 78 30 med
601 434 469 33 livsmedelskommissionen
1101 447 101 20 anser
1231 438 58 36 jag
1320 442 50 26 att
1400 439 54 30 det
1483 441 203 29 nuvarande
1718 450 52 26 Sy-

266 483 122 29 stemet
409 483 54 29 för
485 483 223 38 prissättning
729 485 44 36 på
797 487 94 29 smör
912 487 65 29 och
1000 487 198 37 matnyttigt
1222 488 61 30 fett
1305 489 64 30 bör
1391 489 191 31 bibehållas
1604 490 11 29 i
1636 491 133 29 huvud-

266 532 63 29 sak
358 532 202 32 oförändrat
584 534 11 30 i
622 536 174 29 avvaktan
821 535 44 36 på
893 538 41 29 de
959 536 129 37 förslag
1115 547 74 20 som
1216 539 97 29 torde
1340 539 118 30 kunna
1486 539 178 31 förväntas
1692 539 79 31 från

268 583 83 29 1942
376 582 54 31 års
451 584 380 36 jordbrukskommitté.

310 633 14 30 I
351 635 147 36 enlighet
523 637 80 29 med
628 637 67 30 vad
721 638 272 31 kommissionen
1020 640 176 36 föreslagit
1221 643 97 29 torde
1346 643 121 36 Kungl.
1495 644 101 36 Maj:t
1624 644 146 31 sålunda

264 684 152 36 alltjämt
435 686 84 29 böra
539 686 64 36 äga
622 687 277 37 bemyndigande
918 693 48 26 att
984 693 119 33 uttaga
1123 691 225 36 tilläggsaccis
1370 692 20 31 å
1410 693 131 31 sådana
1560 704 111 26 varor,
1695 705 75 20 som

264 743 99 22 avses
382 735 11 30 i
410 735 247 38 förordningen
675 738 65 29 den
761 740 16 28 7
796 738 76 36 juni
895 740 82 30 1935
1001 736 54 40 (nr
1076 738 74 39 259)
1174 751 58 20 om
1252 742 90 30 accis
1361 742 20 30 å
1400 744 176 36 margarin
1594 745 65 29 och
1679 745 90 30 vissa

264 785 111 30 andra
395 786 173 36 fettvaror,
588 788 80 29 med
687 788 99 36 högst
810 790 13 28 1
845 790 110 30 krona
976 791 40 29 50
1035 792 58 28 öre
1112 800 61 26 per
1192 791 170 36 kilogram
1383 802 41 20 av
1445 803 125 21 varans
1590 795 177 30 nettovikt.

264 835 277 32 Kommissionen
560 838 65 29 har
644 838 10 29 i
675 839 91 29 detta
785 840 254 36 sammanhang
1059 839 180 37 ifrågasatt
1257 842 173 31 huruvida
1452 844 65 29 den
1537 845 125 35 rörliga
1682 845 86 30 clea-

262 886 196 37 ringavgift,
481 887 116 30 vilken
619 892 131 32 uttages
772 898 78 21 som
872 893 46 27 ett
941 891 56 29 led
1018 890 10 30 i
1051 890 314 38 prisutjämningen
1387 893 127 30 mellan
1536 893 21 31 å
1582 904 64 21 ena
1666 895 103 30 sidan

264 945 42 21 av
335 937 186 31 utländska
550 938 213 31 födoämnen
791 939 186 31 framställt
1007 941 137 30 matfett
1174 942 67 30 och
1273 941 20 31 å
1322 944 110 29 andra
1462 943 100 32 sidan
1592 945 177 36 margarin

262 987 194 35 respektive
481 988 214 38 slakterifett,
722 990 107 30 borde
854 992 142 29 ersättas
1023 1001 43 21 av
1093 1001 43 20 en
1161 991 69 31 fast
1257 993 109 36 avgift
1391 993 160 36 gällande
1578 995 67 30 tills
1673 995 93 31 vida-

262 1046 37 21 re
325 1039 82 29 eller
433 1037 44 37 på
505 1039 68 30 viss
601 1039 58 31 tid.
689 1040 96 30 Efter
814 1050 43 20 en
886 1041 95 36 dylik
1010 1042 221 37 omläggning
1257 1043 106 38 torde,
1394 1053 73 20 som
1494 1044 274 31 kommissionen

262 1087 202 37 framhållit,
488 1089 251 35 importörerna
763 1090 193 31 stimuleras
980 1091 44 36 på
1048 1093 71 29 helt
1142 1096 107 27 annat
1271 1095 67 28 sätt
1361 1095 44 29 än
1428 1094 143 36 tidigare
1597 1099 49 26 att
1670 1096 96 29 verk-

261 1138 100 29 ställa
379 1138 207 36 förmånliga
603 1138 116 38 inköp.
742 1141 284 36 Representanter
1043 1142 55 30 för
1116 1143 146 30 berörda
1280 1143 338 32 industribranscher
1636 1146 44 29 ha
1699 1146 68 30 för-

260 1188 114 30 klarat
393 1188 49 37 sig
460 1189 74 30 icke
555 1191 44 29 ha
620 1190 104 36 något
746 1194 47 27 att
815 1191 113 30 erinra
946 1195 73 28 mot
1037 1193 64 29 här
1121 1192 178 37 ifrågasatt
1319 1195 228 36 omläggning.
1571 1196 120 30 Ehuru
1713 1197 54 29 det

262 1239 71 30 kan
352 1249 84 21 vara
456 1241 172 30 tveksamt
647 1245 50 27 att
714 1251 48 20 nu
781 1243 110 30 ändra
912 1243 11 29 i
942 1246 46 28 ett
1008 1247 137 34 system,
1168 1254 75 20 som
1262 1244 155 37 betingas
1441 1255 42 20 av
1505 1244 155 33 rådande
1680 1247 85 29 kris-

260 1288 252 38 förhållanden,
536 1292 96 29 torde
656 1293 87 29 dock
766 1291 178 38 möjlighet
965 1294 84 29 böra
1071 1295 133 35 öppnas
1226 1296 55 29 för
1305 1295 123 36 Kungl.
1453 1295 100 37 Maj:t
1579 1299 48 28 att
1651 1306 57 20 om
1730 1297 37 30 så

259 1338 159 32 befinnes
442 1340 155 37 lämpligt
619 1342 204 36 genomföra
845 1344 64 30 här
932 1343 180 38 ifrågasatt
1137 1345 229 37 omläggning.

304 1390 483 34 Livsmedelskommissionen
815 1395 65 31 har
905 1396 185 37 föreslagit,
1116 1402 48 27 att
1189 1399 55 31 det
1270 1400 177 30 allmänna
1470 1401 295 37 mjölkpristilläg-

260 1444 54 32 get
341 1440 20 31 å
389 1442 65 30 den
480 1443 120 36 mjölk,
630 1453 73 22 som
731 1446 174 31 användes
934 1447 11 29 i
970 1448 232 36 beredningen
1231 1459 42 20 av
1302 1450 192 36 torrmjölk,
1523 1452 242 30 kondenserad

260 1491 112 36 mjölk
392 1493 64 29 och
476 1498 61 32 ost,
555 1494 117 36 slopas
694 1496 65 29 och
778 1499 49 27 att
848 1496 10 29 i
880 1497 110 30 stället
1010 1498 382 38 försäljningspriserna
1411 1499 20 31 å
1449 1502 240 35 nyssnämnda
1708 1512 55 20 va-

258 1551 60 21 ror
342 1541 37 31 få
401 1543 87 36 stiga
508 1543 11 30 i
542 1544 67 30 den
631 1546 85 35 grad
737 1555 74 21 som
834 1546 174 32 erfordras
1030 1548 55 31 för
1107 1548 244 33 bibehållande
1372 1561 42 20 av
1435 1551 106 35 priset
1564 1551 52 30 till
1639 1552 124 38 mjölk-

259 1592 287 32 leverantörerna.
587 1595 115 37 Enligt
740 1597 68 30 vad
845 1597 273 32 kommissionen
1148 1599 116 32 anfört
1291 1601 46 29 ha
1366 1601 86 30 efter
1480 1598 286 45 överläggningar

258 1643 81 29 med
372 1648 273 31 representanter
679 1646 54 30 för
765 1647 152 31 Svenska
949 1649 223 36 mejeriernas
1203 1650 233 37 riksförening
1468 1652 91 30 vissa
1592 1653 173 35 garantier

257 1691 137 32 kunnat
417 1693 146 32 erhållas
588 1698 50 28 att
661 1696 65 30 den
750 1697 146 31 berörda
922 1699 265 37 omläggningen
1208 1700 76 30 icke
1307 1701 111 31 skulle
1439 1701 136 32 behöva
1598 1704 165 35 äventyra

258 1743 67 29 den
348 1745 274 31 överenskomna
644 1746 189 37 höjningen
857 1757 43 21 av
922 1750 298 36 producentpriset
1251 1750 10 31 å
1283 1751 120 36 mjölk.
1430 1752 116 30 Under
1569 1754 99 29 dessa
1692 1763 70 20 om-

257 1794 234 36 ständigheter
514 1796 66 29 och
605 1796 45 31 då
673 1797 116 31 vidare
813 1800 107 29 större
947 1800 99 30 delen
1071 1810 44 20 av
1141 1800 65 31 den
1231 1802 261 30 kondenserade
1516 1802 156 37 mjölken
1698 1803 65 30 och

257 1844 228 36 torrmjölken
511 1846 160 36 försäljes
695 1847 54 30 för
774 1852 120 32 export
918 1850 81 30 eller
1023 1850 194 31 industriell
1241 1852 224 36 användning
1488 1853 66 29 och
1581 1852 180 36 verkning-

256 1903 87 22 arna
364 1895 56 30 för
440 1896 292 38 konsumenterna
756 1898 120 31 därför
899 1900 10 29 i
931 1900 184 30 huvudsak
1139 1901 96 30 torde
1258 1902 143 30 komma
1424 1905 48 27 att
1496 1903 193 30 inskränka
1713 1903 50 36 sig

256 1944 52 30 till
335 1948 47 28 ett
408 1946 79 36 höjt
507 1947 135 35 ostpris,
669 1957 102 27 synas
797 1948 80 36 inga
903 1950 210 36 berättigade
1140 1950 254 38 invändningar
1419 1953 119 30 kunna
1564 1954 100 34 göras
1690 1956 73 27 mot

255 1995 66 30 här
342 1995 194 37 föreslagna
560 1998 228 36 omläggning.
812 1998 64 37 Jag
898 2009 101 21 anser
1021 2000 70 36 mig
1115 2001 119 30 därför
1254 2002 120 30 kunna
1399 2002 170 37 tillstyrka
1591 2003 99 30 bifall
1712 2004 50 28 till

255 2045 291 32 kommissionens
569 2047 131 37 förslag
722 2052 48 27 att
791 2049 222 37 pristillägget
1035 2051 55 30 för
1112 2050 110 37 mjölk
1245 2061 74 21 som
1342 2053 174 29 användes
1540 2052 11 30 i
1575 2053 185 30 framställ-

255 2096 129 36 ningen
411 2106 42 21 av
478 2098 241 30 kondenserad
746 2099 120 36 mjölk,
896 2100 183 36 torrmjölk
1110 2101 65 30 och
1202 2104 52 27 ost
1282 2102 114 36 slopas
1425 2103 110 29 under
1560 2103 200 36 reglerings-

254 2144 74 32 året
350 2143 140 34 1946/47
509 2148 65 29 och
592 2152 51 27 att
660 2149 244 30 motsvarande
922 2150 124 36 belopp
1066 2150 143 31 tillföres
1227 2150 389 37 mjölkproducenterna
1636 2161 124 27 genom

255 2196 261 38 prishöjningar
533 2197 20 31 å
570 2199 148 31 berörda
735 2200 169 35 varuslag.
924 2200 79 31 Med
1020 2201 138 38 hänsyn
1176 2201 50 30 till
1246 2211 42 20 av
1309 2201 273 31 kommissionen
1600 2202 162 36 påtalade

254 2246 211 38 svårigheter
485 2248 11 30 i
516 2247 99 37 fråga
638 2258 58 21 om
718 2250 206 30 osthandeln
945 2250 63 31 bör
1028 2250 273 32 kommissionen
1323 2251 117 33 vidare
1462 2253 227 36 bemyndigas
1712 2257 48 26 att

253 2297 221 31 beträffande
497 2299 211 36 ystmjölken
733 2299 202 37 genomföra
959 2301 67 30 den
1051 2301 185 30 förordade
1262 2301 264 38 omläggningen
1552 2304 109 29 redan
1686 2303 74 29 före

254 2347 67 30 den
341 2350 14 28 1
376 2350 191 35 september
587 2350 93 30 1946.
698 2350 74 30 Vad
788 2350 273 31 kommissionen
1079 2351 11 29 i
1108 2353 91 29 detta
1217 2353 253 35 sammanhang
1487 2353 11 30 i
1516 2353 111 36 övrigt
1644 2353 116 30 anfört

254 2398 222 32 beträffande
499 2399 169 38 åtgärder,
690 2409 75 21 som
788 2400 118 31 kunde
926 2400 93 31 bliva
1041 2401 233 37 erforderliga,
1298 2402 114 31 därest
1433 2401 44 37 på
1497 2403 115 36 grund
1636 2413 42 21 av
1702 2412 56 20 av-

254 2448 382 38 sättningssvårigheter
655 2450 12 30 i
690 2449 98 37 fråga
810 2460 59 21 om
890 2454 53 27 ost
966 2451 275 36 producenterna
1263 2451 78 32 icke
1362 2453 111 30 skulle
1494 2452 121 31 kunna
1637 2452 121 30 tillför-

253 2499 122 30 säkras
392 2500 55 30 det
461 2501 150 30 avsedda
628 2500 105 36 priset
748 2500 44 36 på
810 2501 176 36 ystmjölk,
1003 2502 197 30 föranleder
1214 2501 102 37 ingen
1332 2502 138 31 erinran
1487 2502 79 30 från
1581 2502 74 30 min
1672 2502 84 31 sida.
