2232 2689
474 218 19 28 4
604 214 118 32 Andra
746 213 222 33 Kammarens
994 212 187 42 Tillfälliga
1210 212 145 34 Utskotts
1377 213 78 37 (N:o
1478 212 38 41 2)
1547 212 174 34 Utlåtande
1744 212 62 32 N:o
1828 215 51 30 20.

432 301 197 45 hvarjemte
669 302 82 34 herr
779 300 42 36 O.
851 300 203 35 Andersson
1081 300 11 34 i
1119 299 201 45 Lyckorna,
1349 303 86 32 utan
1463 303 55 32 att
1545 300 195 34 framställa
1768 297 107 47 något
1903 300 133 44 förslag

432 353 52 35 uti
524 353 112 35 denna
677 353 65 43 del,
783 349 120 48 utgått
942 350 79 37 från
1061 352 65 34 den
1166 351 265 44 förutsättning,
1468 354 53 32 att
1548 351 117 44 kongl.
1694 350 247 45 förordningen
1969 351 67 35 den

435 406 47 34 24
510 405 145 35 oktober
685 406 94 33 1885
808 404 111 35 skulle
935 404 137 34 komma
1088 405 54 33 att
1156 404 94 43 gälla
1266 404 123 34 endast
1403 404 42 34 de
1459 403 250 45 maltdrycker,
1726 402 121 36 hvilka
1861 403 174 34 innehöllo

432 466 95 25 mera
556 460 44 31 än
628 453 61 38 två
717 456 262 44 volymprocent
1006 455 150 34 alkohol.

569 607 120 39 Såsom
730 609 76 35 skäl
846 609 55 35 för
940 609 62 35 sitt
1041 619 47 24 nu
1126 606 271 46 ifrågavarande
1437 607 133 45 förslag
1609 606 101 36 anför
1736 607 83 35 herr
1845 607 84 35 Liss
1959 607 78 43 Olof

434 661 157 36 Larsson
630 661 105 35 bland
777 663 109 33 annat
926 660 168 45 följande:
1137 659 123 36 Redan
1291 661 93 34 1885
1413 657 57 37 års
1496 658 145 45 riksdag
1668 658 122 46 gjorde
1817 659 62 35 hos
1905 658 130 46 Kongl.

434 712 108 45 Maj:t
582 712 261 43 framställning
883 723 53 23 om
977 710 108 35 sådan
1125 711 205 43 förändring
1369 711 53 34 uti
1460 710 268 44 lagstiftningen
1763 708 180 45 angående
1971 711 66 32 för-

434 763 154 45 säljning
615 763 39 34 af
677 762 249 44 maltdrycker,
956 764 54 32 att
1038 762 76 43 den,
1144 771 70 24 som
1241 761 83 35 ville
1343 758 269 38 tillhandahålla
1636 760 238 44 maltdrycker
1892 760 54 34 till
1962 761 76 34 salu

434 815 55 35 för
529 814 220 45 afhemtning
788 814 54 34 till
869 814 134 34 mindre
1031 812 176 45 qvantitet
1234 816 43 31 än
1305 812 49 35 tio
1380 813 91 42 liter,
1500 812 112 35 skulle
1639 822 88 25 vara
1755 811 140 45 skyldig
1922 812 116 34 dertill

434 866 152 35 utverka
627 865 53 44 sig
706 863 168 45 tillstånd,
904 862 44 46 på
976 867 71 32 sätt
1074 874 53 24 om
1156 863 207 45 försäljning
1390 863 39 35 af
1453 864 59 34 vin
1541 863 53 34 till
1622 862 218 45 afhemtning
1866 863 12 34 i
1904 863 134 34 mindre

434 917 176 44 qvantitet
637 920 45 30 än
709 916 49 34 tio
785 916 81 34 liter
893 926 47 24 nu
969 919 40 30 är
1035 915 176 44 stadgadt.
1265 913 112 36 Detta
1404 914 132 44 förslag
1563 925 94 24 vann
1685 914 89 34 dock
1801 914 77 34 icke
1905 912 130 46 Kongl.

435 968 126 44 Maj:ts
600 967 100 35 bifall
728 968 74 42 och,
832 965 43 36 då
903 967 58 34 det
988 966 196 35 sedermera
1212 965 91 35 inom
1330 965 204 45 Riksdagen
1562 965 192 44 upptagits,
1783 965 65 34 har
1876 964 58 35 det
1960 965 78 34 icke

434 1020 110 34 heller
584 1019 126 35 vunnit
750 1018 266 45 godkännande.
1070 1016 116 36 Bland
1215 1017 40 34 de
1283 1017 88 43 skäl,
1400 1027 71 24 som
1500 1019 91 32 emot
1617 1016 170 44 förslaget
1814 1013 221 47 framhållits,

434 1071 100 34 torde
562 1070 58 35 det
647 1070 114 34 skälet
788 1069 108 36 hafva
923 1069 95 35 varit
1046 1071 87 32 mest
1160 1068 172 44 vägande,
1362 1071 54 32 att
1444 1071 51 32 ett
1522 1068 99 34 bifall
1647 1068 55 33 till
1730 1067 169 44 förslaget
1926 1068 112 34 skulle

434 1119 45 47 på
518 1124 52 32 ett
608 1121 199 43 betänkligt
846 1123 72 32 sätt
957 1117 160 38 försvåra
1157 1119 253 45 försäljningen
1439 1119 39 34 af
1502 1120 65 33 den
1596 1119 183 43 oskyldiga
1807 1119 155 43 drycken
1989 1142 48 3 —

435 1172 223 45 svagdricka.
713 1171 123 36 Under
880 1173 92 33 1889
1015 1168 57 37 års
1097 1171 146 43 riksdag
1269 1171 90 33 hade
1387 1171 81 33 herr
1495 1170 40 35 E.
1567 1168 174 37 Svensson
1770 1170 108 34 väckt
1904 1169 134 44 förslag

436 1234 52 23 om
530 1221 109 36 sådan
679 1223 150 43 ändring
868 1222 52 34 uti
960 1222 117 43 kongl.
1119 1221 248 44 förordningen
1400 1221 66 34 den
1496 1222 47 33 24
1570 1221 144 34 oktober
1746 1221 105 42 1885,
1880 1223 55 31 att
1962 1220 77 34 dess

434 1274 262 35 bestämmelser
735 1273 77 35 icke
853 1273 112 34 skulle
1003 1272 73 35 afse
1116 1272 243 45 svagdrickat;
1389 1272 64 35 och
1480 1269 44 37 då
1551 1272 42 34 de
1620 1271 88 44 skäl,
1737 1281 71 24 som
1835 1271 203 35 föranledde

435 1325 114 44 afslag
588 1322 33 37 å
648 1325 82 34 herr
770 1323 203 44 Svenssons,
1014 1324 38 33 af
1088 1324 174 34 utskottet
1301 1323 195 44 tillstyrkta
1526 1322 128 35 motion
1681 1322 78 35 icke
1787 1325 119 41 syntes
1934 1325 104 42 tungt

434 1376 173 44 vägande,
649 1373 130 46 ansåge
818 1376 83 33 herr
940 1374 80 34 Liss
1060 1373 84 36 Olof
1181 1373 154 35 Larsson
1376 1375 54 43 sig
1469 1375 86 33 böra
1582 1374 126 43 förnya
1735 1374 83 33 herr
1845 1372 194 37 Svenssons

433 1427 144 44 förslag.

569 1477 97 35 Herr
692 1477 44 35 E.
767 1477 170 35 Svensson
964 1475 88 44 åter,
1081 1486 71 24 som
1179 1476 53 35 uti
1259 1476 52 35 sin
1340 1476 56 35 vid
1425 1476 113 34 denna
1565 1475 145 45 riksdag
1738 1475 131 36 väckta
1896 1474 142 45 motion,

436 1528 172 45 åberopar
648 1528 51 35 sin
740 1529 59 35 vid
837 1530 92 32 1889
963 1525 57 37 års
1047 1528 145 43 riksdag
1218 1527 111 35 under
1356 1538 56 24 n:o
1442 1529 44 32 87
1516 1526 147 45 afgifna,
1692 1527 66 34 har
1785 1526 115 35 deruti
1927 1523 111 38 såsom

437 1581 76 34 stöd
541 1580 54 34 för
622 1580 52 34 sin
703 1577 43 37 då
773 1579 124 44 gjorda
925 1579 259 43 framställning
1211 1578 165 44 andragit
1402 1578 168 44 följande:

576 1645 12 15 »
596 1630 66 36 Uti
689 1631 117 43 kongl.
836 1629 248 44 förordningen
1111 1629 39 34 af
1174 1629 65 34 den
1269 1630 47 34 24
1344 1629 145 35 oktober
1513 1630 104 42 1885,
1639 1625 179 47 angående
1832 1627 209 45 försäljning

437 1682 39 35 af
505 1682 60 34 vin
593 1682 64 34 och
684 1681 238 43 maltdrycker
950 1691 41 23 m.
1022 1690 42 24 m.
1094 1680 154 44 stadgas,
1276 1680 11 34 i
1315 1679 21 46 &
1369 1681 15 33 1
1415 1690 99 24 mom.
1550 1681 29 42 1,
1609 1682 53 31 att
1688 1679 117 44 ingen,
1834 1688 86 26 vare
1948 1679 54 44 sig
2028 1679 12 34 i

437 1733 79 34 stad
557 1733 84 34 eller
681 1731 44 44 på
764 1732 130 42 landet,
936 1729 55 36 må
1018 1731 53 33 till
1099 1731 174 43 förtäring
1299 1729 45 45 på
1371 1731 118 34 stället
1516 1730 145 44 försälja
1688 1730 72 43 vin,
1791 1729 246 44 maltdrycker,

435 1784 135 34 kokadt
609 1782 105 44 kaffe,
756 1783 46 43 té,
842 1782 181 43 chokolad,
1066 1782 84 33 eller
1190 1782 109 34 andra
1327 1782 179 43 tillagade,
1536 1781 78 35 icke
1641 1780 205 44 sprirituösa
1875 1780 161 43 drycker,

435 1838 88 31 utan
550 1837 54 32 att
630 1834 120 43 hafva,
779 1831 44 46 på
851 1836 71 32 sätt
949 1833 151 34 nämnda
1128 1832 203 44 förordning
1360 1834 217 42 bestämmer,
1606 1831 201 36 förvärfvat
1821 1832 54 43 sig
1890 1831 149 35 särskild

436 1888 74 32 rätt
538 1885 126 35 dertill.

571 1935 128 35 Denna
738 1935 215 43 förordning,
996 1945 71 23 som
1109 1935 156 43 tydligen
1306 1934 201 35 tillkommit
1546 1934 11 34 i
1598 1933 92 45 syfte
1731 1935 54 32 att
1825 1932 213 35 förekomma

437 1987 212 44 oordningar
675 1984 44 46 på
747 1987 41 33 de
816 1986 364 44 försäljningsställen,
1208 1987 146 33 hvarest
1380 1985 59 35 vin
1468 1985 63 34 och
1559 1985 41 34 de
1628 1985 11 34 i
1659 1984 191 35 allmänhet
1869 1984 80 34 fullt
1967 1984 73 34 lika

435 2039 141 43 mycket
602 2038 195 35 berusande
825 2037 284 44 maltdryckerna
1138 2036 212 35 förekomma
1379 2036 52 35 till
1459 2036 219 44 försäljning,
1705 2045 102 33 synes
1827 2035 212 44 fullkomligt

435 2099 87 25 vara
550 2089 211 43 berättigad,
791 2085 43 37 då
861 2088 104 44 ingen
993 2087 137 34 skilnad
1158 2090 101 41 göres
1286 2085 44 46 på
1358 2088 41 33 de
1427 2088 193 34 berusande
1649 2086 63 34 och
1740 2086 78 34 icke
1845 2086 195 34 berusande

437 2136 295 52 maltdryckerna.
1232 2179 3 2 |

571 2190 205 36 Emellertid
816 2190 213 35 förekomma
1071 2190 91 34 inom
1202 2190 119 35 landet
1361 2193 52 31 ett
1453 2192 89 32 stort
1581 2190 99 34 antal
1715 2199 25 25 s.
1783 2189 33 34 k.
1859 2188 182 44 hembryg-

437 2242 126 44 gerier,
605 2243 144 34 hvarest
788 2242 238 42 maltdrycker
1066 2241 38 34 af
1141 2239 38 36 så
1218 2241 102 44 ringa
1360 2241 218 34 alkoholhalt
1617 2241 195 42 tillverkas,
1855 2241 54 32 att
1941 2239 101 34 dessa

437 2293 151 44 drycker
614 2293 77 35 icke
720 2293 120 34 kunna
868 2292 165 35 hänföras
1062 2292 54 35 till
1144 2293 86 43 dem,
1260 2303 70 24 som
1360 2302 99 24 anses
1478 2292 205 43 berusande,
1707 2290 147 35 hvarför
1868 2291 60 33 det
1943 2290 100 34 torde
