2123 2661
306 204 18 29 4
790 202 288 32 Banko-Utskottets
1105 202 161 33 Utlåtande
1288 202 63 33 N:o
1375 204 52 31 13.

406 283 106 37 Efter
541 282 269 50 föredragning
838 283 39 37 af
902 284 272 48 handlingarne
1204 284 70 36 och
1304 283 288 51 öfverläggning
1612 285 10 36 i
1644 291 127 31 ämnet
1790 286 121 36 beslöt

305 335 196 38 Utskottet
530 336 71 36 den
634 338 42 34 17
707 336 171 36 sistlidne
906 335 109 46 Mars,
1045 342 55 31 att
1128 336 72 37 den
1229 336 159 37 sålunda
1416 350 134 36 genom
1573 337 114 48 sagda
1713 337 137 50 utdrag
1875 337 39 37 af

305 388 258 48 fullmäktiges
605 388 192 47 protokoll
837 388 197 36 Utskottet
1075 388 336 45 tillhandakomna,
1454 387 40 37 af
1530 389 260 47 fullmäktiges
1828 390 84 35 ord-

306 438 168 46 förande,
517 440 10 34 i
562 439 187 47 egenskap
779 438 38 36 af
842 439 210 48 deputerad
1081 438 57 36 för
1167 439 70 36 den
1267 440 80 35 inre
1376 439 292 49 förvaltningen,
1698 441 213 48 uppgjorda

305 491 99 48 plan,
447 489 200 38 hvaröfver
687 489 240 50 fullmäktige
965 492 32 48 ej
1032 491 130 36 utlåtit
1190 491 66 49 sig,
1286 492 122 36 skulle
1437 492 58 36 till
1523 491 239 50 fullmäktige
1791 491 122 37 öfver-

305 543 141 36 lemnas
475 543 85 35 med
590 543 185 34 anmodan
805 543 56 35 till
893 543 83 35 dem
1006 549 55 30 att
1089 542 133 59 pröfva
1251 543 69 35 och
1356 543 188 35 behandla
1573 543 215 36 densamma
1817 550 96 30 samt

305 594 84 36 med
418 594 177 48 yttrande
625 592 174 37 deröfver
828 594 69 36 och
929 600 86 41 eget
1042 593 169 49 förslag
1200 588 23 59 i
1235 595 157 36 ärendet
1412 595 57 35 till
1489 594 199 37 Utskottet
1708 596 202 35 inkomma.

405 645 16 36 I
449 646 205 48 anledning
682 645 110 36 häraf
815 646 72 36 fick
916 624 196 58 Utskottet
1141 625 72 57 den
1245 648 42 34 19
1317 646 255 36 innevarande
1592 647 111 48 April
1724 646 82 37 från
1827 646 85 37 full-

305 694 166 54 mäktige
501 673 207 75 emottaga:

407 751 57 33 1:o
495 761 45 22 en
569 751 40 32 så
636 747 164 48 lydande
829 747 217 37 skrifvelse:

405 798 163 37 »Genom
597 800 138 47 utdrag
763 798 40 36 af
828 799 234 47 protokollet
1090 798 58 37 för
1177 799 71 35 den
1279 802 43 33 17
1352 799 188 36 nästlidne
1561 798 97 37 Mars
1680 800 66 35 har
1766 800 145 36 Banko-

304 851 198 36 Utskottet
543 850 178 36 anmodat
756 849 239 50 fullmäktige
1025 856 55 31 att
1116 850 131 49 pröfva
1282 851 71 36 och
1381 850 188 37 behandla
1598 864 45 23 en
1673 851 39 36 af
1736 851 174 37 fullmäk-

305 903 96 47 tiges
443 901 240 45 ordförande,
725 902 10 35 1
778 903 188 47 egenskap
1007 901 39 36 af
1080 902 212 48 deputerad
1319 901 59 36 för
1406 902 73 36 den
1508 903 80 34 inre
1617 902 293 49 förvaltningen,

304 954 151 36 lemnad
483 953 204 48 utredning
715 954 85 35 med
829 953 143 48 förslag
1000 954 70 35 och
1100 954 86 47 plan
1215 954 10 35 i
1255 954 70 36 och
1354 952 58 37 för
1440 954 261 36 anordnandet
1729 954 39 36 af
1784 955 128 36 åtskil-

304 1006 77 47 liga
409 983 353 70 afdelningskontor
790 1003 40 37 af
855 983 240 58 Riksbanken
1124 1011 96 30 samt
1245 1010 55 32 att
1319 1005 84 36 med
1431 1005 182 62 yttrande
1638 1005 174 37 deröfver
1841 1006 69 36 och

306 1035 85 70 eget
417 1055 142 50 förslag
587 1057 11 34 1
627 1056 158 36 ärendet
815 1057 55 35 till
898 1056 198 37 Utskottet
1124 1057 201 35 inkomma.

407 1107 71 36 Vid
521 1086 250 58 besvarandet
812 1108 40 36 af
890 1108 122 36 denna
1052 1108 132 36 remiss
1226 1108 122 36 tillåta
1388 1108 57 48 sig
1485 1107 238 49 fullmäktige
1765 1109 58 35 till
1866 1122 45 23 en

305 1160 131 46 början
467 1160 135 43 erinra,
631 1164 67 39 att,
728 1159 46 35 då
802 1158 258 48 fullmäktiges
1085 1159 121 35 under
1226 1160 72 35 den
1320 1161 43 34 29
1385 1159 171 36 sistlidne
1576 1159 183 36 Februari
1779 1159 133 49 gjorda

305 1209 244 49 afstyrkande
593 1208 40 37 af
671 1210 189 48 åtskilliga
901 1210 65 36 vid
1002 1210 255 36 innevarande
1293 1210 153 47 riksdag
1473 1210 136 36 väckta
1637 1211 188 35 motioner
1854 1217 58 29 rö-

305 1262 116 35 rande
462 1261 234 36 inrättandet
733 1260 40 36 af
806 1275 72 35 nya
907 1261 354 48 afdelningskontor
1288 1262 237 47 väsentligen
1554 1262 196 47 grundade
1780 1263 57 46 sig
1865 1265 48 45 på

305 1311 365 37 Banko-Utskottets
711 1313 196 35 uttalande
949 1312 60 37 vid
1045 1318 166 30 närmast
1239 1312 229 49 föregående
1497 1312 196 49 riksdagar
1722 1318 55 31 att
1805 1313 107 45 först,

306 1364 113 35 sedan
448 1363 63 35 det
540 1362 39 36 af
603 1363 269 35 bankkomitén
901 1364 224 36 utarbetade
1151 1364 70 35 och
1246 1364 59 35 till
1333 1363 135 48 Kongl.
1489 1362 104 49 Maj:t
1612 1363 141 49 afgifna
1773 1364 140 47 förslag

305 1414 126 36 blifvit
458 1414 292 48 vederbörligen
780 1414 176 48 pröfvadt
988 1419 95 31 samt
1111 1415 71 35 den
1211 1415 180 48 ställning
1417 1414 238 36 Riksbanken
1677 1415 69 36 och
1776 1415 46 36 de
1852 1429 61 21 en-

306 1466 121 35 skilda
455 1465 191 36 bankerna
675 1466 149 35 komme
854 1471 55 30 att
936 1467 128 47 intaga
1092 1466 59 35 till
1180 1466 72 35 den
1281 1466 188 36 allmänna
1497 1466 167 35 rörelsen
1700 1466 126 36 blifvit
1853 1465 59 36 för

304 1515 204 37 framtiden
536 1516 184 45 bestämd,
750 1517 104 35 tiden
881 1530 91 22 vore
1005 1517 87 35 inne
1121 1521 54 31 att
1207 1516 94 36 fatta
1329 1517 126 36 beslut
1484 1530 60 22 om
1572 1516 260 37 Riksbankens
1860 1517 52 35 vi-

307 1568 89 35 dare
425 1568 204 48 utgrening
657 1580 136 35 genom
822 1567 367 48 afdelningskontor,
1218 1571 40 32 så
1287 1568 95 36 hade
1418 1567 242 49 fullmäktige
1690 1568 109 36 äfven
1829 1569 83 34 här-

306 1619 56 35 uti
391 1619 204 47 anledning
624 1625 55 29 att
708 1618 49 35 då
784 1619 82 35 icke
895 1620 58 35 till
981 1627 172 28 närmare
1182 1596 179 71 pröfning
1388 1625 169 42 upptaga
1585 1620 64 35 det
1673 1619 40 36 af
1737 1619 175 36 fullmäk-

305 1670 98 47 tiges
432 1669 228 36 ordförande
688 1670 135 35 väckta
852 1669 191 48 förslaget.

407 1719 55 37 Då
490 1720 238 48 fallmäktige
758 1734 51 22 nu
839 1721 210 36 emellertid
1080 1721 58 36 till
1166 1720 92 48 följd
1288 1720 40 36 af
1351 1720 216 37 Utskottets
1596 1721 132 36 remiss
1757 1720 155 49 öfvergå

306 1772 59 35 till
392 1771 231 49 granskning
651 1771 38 36 af
720 1772 162 36 nämnda
920 1772 150 48 förslag,
1112 1775 40 32 så
1184 1772 108 36 torde
1321 1771 95 37 först
1443 1772 92 35 böra
1564 1773 154 43 erinras,
1748 1778 55 30 att
1832 1772 80 36 det-

306 1835 141 23 samma
488 1823 60 35 väl
587 1823 214 48 egentligen
841 1824 30 45 ej
903 1827 41 32 är
972 1828 54 31 att
1054 1823 175 36 betrakta
1257 1826 123 32 såsom
1409 1822 260 37 innefattande
1699 1837 45 22 en
1773 1824 137 35 allmän

306 1874 87 47 plan
437 1874 11 34 i
489 1874 162 35 nämnda
692 1874 215 36 hänseende
948 1881 91 29 utan
1080 1874 99 36 blott
1216 1878 122 32 såsom
1367 1880 55 30 ett
1449 1873 142 48 förslag
1618 1874 60 36 till
1706 1874 79 36 dels
1813 1875 99 35 vissa

303 1925 240 48 jemkningar
572 1926 10 34 i
611 1925 174 36 området
811 1924 59 36 för
900 1931 55 30 ett
983 1925 40 36 af
1047 1925 46 36 de
1123 1925 103 36 äldre
1255 1924 412 49 afdelningskontoren,
1697 1925 80 36 dels
1797 1925 115 36 inrät-

306 1976 132 36 tandet
466 1975 40 36 af
531 1976 189 48 åtskilliga
748 1990 72 34 nya
849 1977 149 35 sådana.

405 2026 17 36 I
451 2026 103 37 detta
582 2026 151 49 förslag,
763 2031 121 32 såsom
915 2028 136 35 allmän
1080 2028 99 47 plan,
1209 2028 133 35 saknas
1370 2028 190 48 nemligen
1590 2027 72 36 den
1683 2027 228 48 föregående

307 2078 204 48 utredning
553 2091 60 23 om
655 2078 72 37 den
769 2079 243 35 ekonomiska
1050 2079 70 35 och
1158 2079 73 35 den
1269 2079 238 35 industriella
1541 2079 225 47 ställningen
1793 2079 117 46 jemte

306 2129 103 36 förut
449 2129 195 48 befintliga
685 2129 264 36 lånetillfällen
990 2136 96 30 samt
1122 2130 64 36 det
1219 2129 109 36 deraf
1352 2130 190 35 beroende
1571 2128 180 37 behofvet
1771 2129 40 35 af
1835 2142 76 22 om-

307 2180 313 48 sättningsmedel
661 2181 102 35 inom
804 2180 46 36 de
892 2181 183 36 särskilda
1113 2186 162 39 orterna,
1305 2181 143 47 hvarpå
1477 2193 45 23 en
1550 2181 114 36 sådan
1694 2181 87 47 plan
1810 2181 61 35 väl
1900 2181 9 35 i

307 2232 185 47 väsentlig
532 2234 85 33 mån
658 2231 69 36 bör
763 2231 176 49 grundas,
975 2232 70 36 och
1075 2232 150 36 hvilken
1255 2231 204 48 utredning
1485 2232 138 47 jemväl
1652 2230 39 37 af
1715 2230 196 37 Utskottet

307 2282 62 37 vid
424 2282 177 37 ärendets
629 2281 230 50 föregående
887 2283 232 49 behandling
1146 2287 141 32 ansetts
1315 2295 89 25 vara
1432 2282 42 37 af
1496 2283 136 36 nöden.
1686 2282 86 36 Men
1801 2281 109 38 äfven
