1852 2776
470 183 123 40 Tredje
614 183 245 40 lagutskottets
881 182 178 30 utlåtande
1079 190 42 21 nr
1140 183 19 28 6
1178 182 40 29 år
1239 182 83 29 1965
1621 180 19 29 3

153 263 54 30 för
225 264 198 29 rekreation
443 264 65 29 och
526 262 194 30 friluftsliv.
740 263 13 29 I
774 262 220 30 sistnämnda
1012 261 197 30 hänseende
1228 261 66 30 har
1312 261 57 29 det
1388 261 132 29 ansetts
1539 260 102 38 högst

152 317 180 39 angeläget
352 319 50 27 att
422 316 162 30 effektivt
604 315 238 40 upprätthålla
864 316 66 29 den
951 314 172 30 särskilda
1145 314 339 39 strandregleringen
1504 313 11 29 i
1536 313 106 39 enlig-

153 371 58 29 het
230 370 80 29 med
330 370 243 39 strandlagens
594 369 100 40 syfte,
715 369 38 30 så
773 371 49 28 att
843 369 254 29 allmänhetens
1118 368 154 29 tillträde
1291 368 52 29 till
1364 367 136 30 landets
1521 367 122 29 kuster

152 424 64 29 och
237 423 218 39 sjöstränder
474 423 31 39 ej
528 423 146 30 hindras
695 432 41 20 av
756 422 260 30 okontrollerad
1036 422 213 39 bebyggelse.
1270 421 152 30 Behovet
1442 429 42 21 av
1504 419 139 30 kvalifi-

153 479 92 27 cerat
267 475 277 40 områdesskydd
566 475 200 40 tillgodoses
789 475 107 39 enligt
919 475 311 39 naturvårdslagen
1253 482 123 32 genom
1400 474 57 29 det
1480 473 79 30 från
1583 482 59 20 na-

152 529 295 39 turskyddslagen
466 528 184 30 överförda
669 529 175 29 institutet
864 529 257 39 nationalpark.
1142 528 66 29 För
1228 530 51 28 att
1298 527 208 39 möjliggöra
1526 527 116 29 säker-

153 582 171 30 ställande
343 592 43 21 av
404 582 183 30 kulturellt
606 582 82 30 eller
708 582 122 30 socialt
849 582 132 39 viktiga
1000 581 274 30 naturområden
1294 582 64 29 har
1376 581 118 29 vidare
1514 580 128 29 införts

152 638 48 28 ett
220 638 77 37 nytt
318 636 151 34 institut,
491 636 109 29 kallat
621 637 271 28 naturreservat.
914 636 119 29 Beslut
1056 644 57 21 om
1133 634 163 30 bildande
1319 644 43 20 av
1382 635 260 29 naturreservat

152 689 176 29 meddelas
346 699 42 20 av
405 688 259 40 länsstyrelsen.
683 689 67 29 För
767 691 50 27 att
834 689 35 29 åt
887 689 235 30 allmänheten
1140 691 123 37 trygga
1278 687 189 40 tillgången
1484 687 53 30 till
1555 687 87 39 plat-

155 754 54 20 ser
225 744 55 30 för
296 745 68 29 bad
382 745 65 29 och
463 743 185 30 friluftsliv
665 743 70 29 kan
752 743 250 39 länsstyrelsen
1020 741 166 30 förordna
1204 743 50 29 att
1270 742 88 29 visst
1376 740 266 30 strandområde

154 798 88 29 skall
266 807 84 20 vara
375 796 411 40 strandskyddsområde,
810 796 96 29 inom
931 796 107 29 vilket
1062 795 227 39 bebyggelsen
1314 795 71 29 kan
1409 793 233 30 kontrolleras

154 851 44 39 på
220 850 279 40 huvudsakligen
524 859 136 21 samma
682 850 69 29 sätt
774 858 76 21 som
873 849 107 39 enligt
1004 849 233 39 strandlagen.
1261 848 183 39 Härjämte
1467 848 64 29 har
1554 847 89 39 möj-

152 904 106 39 lighet
277 905 150 38 öppnats
446 904 52 30 till
517 904 145 39 ingrepp
682 905 72 28 mot
774 903 109 29 andra
903 902 250 39 anläggningar
1173 911 76 20 som
1267 901 211 30 inskränker
1497 900 146 30 allmän-

152 958 121 29 hetens
291 957 238 29 rörelsefrihet
545 957 95 29 inom
659 956 167 30 området.

198 1015 65 30 Vid
286 1014 100 30 sidan
410 1024 42 20 av
475 1013 291 30 säkerställandet
789 1023 42 20 av
853 1013 274 30 naturområden
1150 1013 38 29 är
1210 1013 108 39 enligt
1343 1012 81 30 1963
1449 1012 56 29 års
1528 1011 115 30 beslut

154 1067 323 40 landskapsvården
501 1069 48 28 ett
572 1067 126 38 viktigt
722 1066 193 30 arbetsfält.
941 1067 79 29 Som
1044 1066 191 39 angelägna
1260 1065 177 40 uppgifter
1461 1065 181 38 härvidlag

154 1122 63 29 har
235 1121 203 29 betecknats
456 1121 72 29 viss
548 1120 151 29 kontroll
721 1129 42 20 av
781 1119 228 40 bebyggelsen
1029 1120 65 29 och
1113 1129 42 20 av
1174 1119 94 30 olika
1287 1118 263 39 arbetsföretag,
1572 1119 71 29 sär-

154 1175 82 29 skilt
262 1174 348 29 täktverksamheten
636 1174 65 28 och
727 1173 444 39 bilskrotningsföretagen,
1200 1174 91 28 samt
1317 1172 162 39 åtgärder
1505 1171 11 29 i
1543 1171 100 39 fråga

154 1237 58 20 om
228 1226 349 30 utomhusreklamen
595 1227 66 29 och
678 1229 72 27 mot
767 1226 318 39 nedskräpningen.
1105 1226 12 29 I
1136 1226 101 30 dessa
1254 1225 224 30 hänseenden
1496 1224 146 30 innebär

154 1280 314 39 naturvårdslagen
493 1279 168 40 följande.
688 1280 66 29 Till
781 1280 113 39 skydd
921 1280 54 29 för
1000 1279 311 40 landskapsbilden
1337 1279 64 29 har
1427 1278 128 30 införts
1582 1278 61 29 all-

154 1336 97 29 mänt
268 1335 286 39 tillståndstvång
570 1334 55 30 för
641 1334 75 29 täkt
734 1343 41 20 av
792 1335 87 32 sten,
897 1341 92 31 grus,
1008 1332 86 30 sand
1111 1333 65 29 och
1193 1333 72 29 lera
1282 1332 54 29 för
1353 1334 108 27 annat
1478 1331 164 30 ändamål

153 1389 45 29 än
218 1388 360 30 markinnehavarens
599 1387 190 29 husbehov.
811 1386 266 39 Länsstyrelsen
1099 1386 80 38 äger
1200 1386 174 38 därjämte
1397 1385 167 29 förordna
1586 1394 56 20 om

153 1441 108 30 lokalt
279 1441 286 39 tillståndstvång
584 1440 54 29 för
657 1439 208 40 byggnader,
885 1439 128 39 upplag
1032 1439 64 29 och
1115 1439 111 29 andra
1244 1438 263 38 arbetsföretag.
1527 1437 116 30 Också

153 1494 222 30 beträffande
393 1493 373 39 reklamanordningar
783 1493 11 29 i
813 1494 149 28 naturen
981 1493 105 38 gäller
1104 1492 11 29 i
1132 1492 137 39 princip
1286 1491 147 30 allmänt
1451 1491 192 29 tillstånds-

155 1548 112 38 tvång.
289 1547 317 30 Bestämmelserna
627 1549 73 27 mot
721 1546 263 39 nedskräpning
1005 1546 11 28 i
1038 1547 149 27 naturen
1208 1545 65 29 har
1295 1545 151 39 skärpts.

197 1600 319 39 Naturvårdslagen
540 1599 194 30 innehåller
758 1599 163 39 slutligen
945 1598 477 39 ersättningsbestämmelser
1447 1607 74 20 som
1545 1598 11 28 i
1580 1598 63 29 hu-

153 1654 136 29 vudsak
308 1653 189 30 utformats
518 1652 89 30 efter
627 1653 154 29 mönster
801 1662 43 20 av
863 1651 245 30 motsvarande
1128 1652 110 39 regler
1258 1652 10 29 i
1290 1651 351 39 naturskyddslagen,

155 1706 224 39 strandlagen
396 1707 66 29 och
478 1706 291 39 byggnadslagen.
787 1705 65 30 Vid
871 1706 130 38 vägran
1019 1715 42 20 av
1078 1705 159 30 tillstånd
1254 1705 53 29 till
1325 1705 86 33 täkt,
1431 1714 74 20 som
1524 1706 39 28 är
1580 1714 63 19 un-

154 1760 188 29 derkastad
363 1760 56 30 det
439 1760 178 29 allmänna
637 1759 330 39 tillståndstvånget,
988 1758 89 29 skall
1098 1759 10 28 i
1128 1758 347 29 överensstämmelse
1496 1758 79 28 med
1596 1758 47 29 la-

154 1824 82 31 gens
253 1815 264 29 bestämmelser
534 1814 11 29 i
562 1813 112 39 övrigt
691 1822 55 20 om
765 1812 194 39 ersättning
976 1812 58 29 vid
1050 1811 128 39 vägrad
1196 1812 141 38 dispens
1356 1811 164 29 markens
1538 1811 105 29 värde

155 1869 56 29 vid
237 1868 97 29 tiden
361 1867 55 29 för
442 1868 117 37 lagens
585 1865 282 30 ikraftträdande
892 1874 85 20 vara
1002 1865 195 38 avgörande
1225 1864 56 29 för
1306 1864 338 38 ersättningsberäk-

155 1922 137 38 ningen.
317 1920 83 29 1964
422 1920 55 29 års
499 1919 142 39 riksdag
662 1919 63 28 har
746 1918 180 29 hemställt
947 1920 50 27 att
1018 1918 372 38 ersättningsreglerna
1412 1917 10 29 i
1443 1918 94 28 vissa
1558 1918 85 28 hän-

155 1974 149 29 seenden
325 1973 201 39 ytterligare
548 1972 89 29 skall
661 1972 196 38 övervägas.
881 1970 342 39 Ersättningsfrågor
1247 1971 88 29 skall
1358 1970 57 29 vid
1438 1970 82 30 tvist
1543 1971 101 38 avgö-

154 2037 56 20 ras
229 2037 41 19 av
289 2025 443 41 expropriationsdomstol.

198 2080 101 29 Vissa
321 2089 42 19 av
384 2077 444 39 naturvårdsutredningen
850 2077 216 29 behandlade
1088 2077 331 38 allemansrättsliga
1441 2077 118 38 frågor
1580 2077 63 29 har

155 2142 41 20 av
222 2132 82 29 1964
329 2132 56 29 års
409 2131 141 39 riksdag
574 2131 184 29 förutsatts
782 2131 47 28 bli
852 2130 199 39 ytterligare
1075 2130 150 29 beredda
1248 2130 95 29 inom
1368 2132 133 27 statens
1524 2133 119 26 natur-

153 2185 249 30 vårdsnämnd.

730 2306 194 35 Motionen
943 2305 48 35 II:
1000 2305 71 35 275

199 2390 506 36 Naturvårdsorganisationen.
725 2391 169 28 Ansvarct
914 2390 53 28 för
987 2390 39 29 de
1047 2390 234 36 samhälleliga
1301 2389 204 37 åtgärderna
1523 2389 43 37 på
1586 2398 58 20 na-

155 2445 208 29 turvårdens
382 2444 141 29 område
544 2443 152 30 fördelas
715 2443 106 39 enligt
845 2443 81 29 1963
946 2442 56 30 års
1023 2442 112 30 beslut
1155 2443 44 38 på
1218 2452 44 20 en
1280 2442 131 30 central
1432 2442 146 34 instans,
1599 2441 44 39 på

156 2499 185 37 länsorgan
360 2498 64 29 och
443 2497 43 39 på
504 2497 266 29 kommunerna.

162 2560 34 27 1:
210 2576 44 4 —
266 2559 136 38 Bihang
423 2559 51 28 till
494 2558 204 38 riksdagens
718 2558 176 38 protokoll
916 2558 92 29 1965.
1029 2559 18 28 9
1068 2558 99 29 saml.
1187 2558 19 29 3
1227 2557 76 30 avd.
1324 2557 48 29 Nr
1391 2558 19 28 6
