1932 2804
279 194 42 32 52
771 196 230 29 Statsutskottets
1024 196 148 27 utlåtande
1194 196 49 27 Nr
1267 194 28 29 5.

332 270 181 33 Utskottet
535 270 207 39 hemställer,

602 350 50 29 att
672 347 185 41 riksdagen
880 349 55 29 må

602 399 29 35 a)
664 398 53 31 till
749 397 222 32 bestridande
1005 409 40 19 av
1079 397 231 31 kostnaderna
1332 397 53 30 för
1406 399 122 29 statens
1549 396 90 31 skola
1655 395 60 41 för
1737 398 47 29 ut-

549 448 149 39 bildning
720 459 41 20 av
783 447 328 32 distriktssköterskor
1133 447 53 31 för
1208 447 204 41 budgetåret
1436 446 207 31 1926—1927
1666 446 120 31 anvisa

549 499 50 30 ett
621 500 95 29 extra
739 498 118 40 anslag
880 508 40 20 av
943 497 94 40 8,000
1059 497 139 39 kronor;

600 547 34 42 b)
660 548 54 31 till
736 548 178 41 stipendier
925 547 61 41 för
1000 548 252 40 sjuksköterskor
1259 546 60 42 för
1332 548 233 39 genomgående
1580 558 40 20 av
1641 546 145 32 nämnda

549 599 88 31 skola
673 599 53 31 för
763 609 129 21 samma
930 599 168 40 budgetår
1131 598 118 31 anvisa
1276 600 49 29 ett
1348 600 94 29 extra
1465 597 118 41 anslag
1607 608 40 20 av
1671 597 115 38 16,000

550 649 140 38 kronor;
715 650 89 30 samt

603 698 28 41 e)
653 699 53 30 för
728 698 194 31 beredande
938 709 40 20 av
995 698 116 40 bidrag
1119 697 60 40 för
1195 697 199 40 anställning
1409 708 40 20 av
1465 697 326 31 distriktssköterskor

549 749 53 31 för
628 759 129 21 samma
780 748 167 42 budgetår
973 748 118 31 anvisa
1114 750 49 29 ett
1186 749 94 30 extra
1302 747 267 42 förslagsanslag
1590 758 40 20 av
1655 747 136 38 180,000

551 800 134 32 kronor.

71 941 183 40 Dyrtidshjälp
294 929 18 56 —
336 935 84 41 70:0)
442 935 83 31 Med
548 935 241 42 tillstyrkande
812 946 40 20 av
874 935 97 31 bifall
993 935 53 31 till
1070 935 126 40 Kungl.
1221 935 117 39 Maj:ts
1361 934 128 41 förslag
1511 934 120 41 (punkt
1654 933 51 41 88)
1726 933 65 31 och

78 976 30 59 år
124 972 126 67 distrikts.
282 985 109 32 under
423 985 208 42 hänvisning
656 985 54 31 till
732 985 65 31 vad
821 985 379 41 statsrådsprotokollet
1223 984 74 41 (sid.
1322 984 72 41 258)
1417 984 11 31 i
1452 986 114 29 ämnet
1589 983 201 38 innehåller,

116 1053 93 47 [88.]
283 1035 199 33 hemställer
505 1036 178 38 utskottet,

604 1106 50 30 att
676 1104 181 41 riksdagen
881 1106 63 36 må,
969 1104 11 31 i
1002 1104 109 31 likhet
1134 1104 78 31 med
1227 1103 66 32 vad
1307 1104 53 31 för
1375 1103 230 31 innevarande
1622 1103 169 41 budgetår

552 1157 56 39 ägt
641 1166 85 27 rum,
761 1155 53 31 till
847 1155 194 31 beredande
1075 1165 41 20 av
1149 1154 219 40 dyrtidshjälp
1402 1156 36 29 åt
1464 1153 331 32 distriktssköterskor

551 1206 53 31 för
636 1205 204 42 budgetåret
874 1205 206 31 1926—1927
1116 1204 117 31 anvisa
1266 1206 50 30 ett
1345 1206 95 29 extra
1462 1203 268 41 förslagsanslag
1752 1214 40 20 av

552 1256 95 38 5,000
669 1256 134 31 kronor.

64 1381 199 58 [89—90.]
337 1384 83 42 71:0)
442 1384 219 32 Beträffande
684 1384 126 42 Kungl.
835 1384 116 40 Maj:ts
974 1384 128 41 förslag
1121 1383 176 41 angående
1313 1383 119 41 anslag
1447 1383 67 31 dels
1529 1383 52 31 för
1596 1382 197 32 beredande

284 1446 40 20 av
346 1434 121 42 bidrag
488 1435 54 30 till
564 1434 161 42 avlöning
746 1436 35 29 åt
797 1434 402 32 distriktsbarnmorskor
1215 1433 65 31 och
1295 1433 361 32 reservbarnmorskor
1671 1432 122 42 (punkt

284 1484 50 42 89)
368 1485 66 32 dels
468 1485 53 31 ock
554 1484 54 31 till
640 1484 195 32 beredande
868 1495 41 20 av
942 1484 231 41 dyrtidshjälp
1207 1486 34 29 åt
1264 1483 405 32 distriktsbarnmorskor
1691 1494 42 20 m.
1757 1483 34 31 fi.

283 1535 121 41 (punkt
426 1534 52 42 90)
500 1535 154 31 kommer
676 1535 169 31 utskottet
868 1536 49 29 att
940 1534 182 32 framdeles
1142 1534 110 31 under
1267 1533 182 42 riksdagen
1466 1534 118 41 avgiva
1599 1533 194 38 utlåtande;

285 1585 104 31 vilket
411 1585 170 31 utskottet
604 1585 111 32 skolat
737 1585 199 41 härigenom
959 1585 53 31 för
1034 1584 182 41 riksdagen

608 1651 143 32 anmäla.

72 1779 184 24 Barnmorske-
298 1765 17 52 —
339 1771 82 42 72:0)
445 1771 126 42 Kungl.
595 1771 98 42 Maj:t
716 1771 62 31 har
800 1770 175 38 föreslagit
997 1770 184 41 riksdagen
1205 1770 122 41 (punkt
1350 1769 51 42 91)

89 1814 162 65 KN
339 1823 65 31 dels
436 1822 146 38 besluta,
617 1823 50 30 att
699 1821 406 41 avlöningsreglementet
1137 1821 53 31 för
1212 1820 337 42 befattningshavare
1571 1820 58 31 vid
1652 1820 145 32 statsde-

89 1883 153 24 barnbörds-
286 1874 192 39 partement
511 1872 66 31 och
610 1871 93 32 vissa
735 1871 106 31 andra
873 1871 90 37 verk,
997 1871 208 31 tillhörande
1229 1871 66 31 den
1319 1870 99 32 civila
1441 1870 351 42 statsförvaltningen,

123 1919 91 22 husen.
287 1923 86 31 gkall
395 1923 74 30 från
503 1922 65 31 och
591 1922 79 31 med
692 1922 67 31 den
784 1923 15 29 1
822 1921 64 41 juli
910 1922 81 31 1926
1014 1924 62 39 äga
1099 1921 218 41 tillämpning
1338 1923 20 29 å
1379 1921 337 41 befattningshavare
1738 1921 59 31 vid

117 1955 94 62 [91.]
286 1972 522 38 barnmorskeläroanstalterna;

340 2023 67 32 dels
438 2023 191 32 bestämma
661 2023 130 31 antalet
824 2022 171 32 ordinarie
1028 2022 336 42 befattningshavare
1397 2022 58 31 vid
1484 2022 310 32 barnmorskeläro-

287 2074 210 31 anstalterna
530 2073 65 32 och
628 2073 102 31 dessa
762 2072 355 42 befattningshavares
1150 2072 176 42 placering
1357 2073 12 30 i
1392 2072 164 42 lönegrad
1578 2074 45 40 på
1645 2072 151 41 följande

289 2126 81 30 sätt:

1466 2175 163 32 Avdelning
1648 2175 54 24 och
1720 2175 79 24 löne-

442 2210 171 32 Befattning
1530 2210 72 31 grad
1621 2210 91 32 enligt

1535 2244 172 31 löneplanen

289 2288 19 30 2
332 2286 189 32 ÖVErlÄrare
544 2311 15 4 so
578 2310 890 6 sosmmrrssssrerererressrassrerere
954 2280 136 47 kertreserrss
1095 2280 28 47 sr
1131 2280 62 47 serie
1198 2280 30 47 rer
1236 2280 25 47 bra
1272 2280 36 47 sar
1313 2280 6 47 r
1324 2280 19 47 ne
1348 2280 18 47 nr
1374 2280 4 47 r
1383 2280 51 47 sera
1442 2280 30 47 nan
1578 2286 30 31 B
1632 2287 40 31 28

289 2338 20 30 2
331 2336 333 33 barnmorskelärare
680 2329 109 48 .....oc00
807 2360 661 6 ssenssesrsrseerersrsrererserrsnrrr
1203 2329 24 48 ber
1233 2329 27 48 ee
1275 2329 21 48 as
1302 2329 30 48 era
1335 2329 30 48 ren
1380 2329 48 48 nana
1443 2329 27 48 ana
1577 2337 31 31 B
1631 2338 39 30 21

342 2388 67 31 dels
440 2387 137 31 besluta
609 2386 151 42 följande
787 2386 169 32 särskilda
977 2387 242 31 bestämmelse
1242 2388 50 30 att
1314 2387 74 31 från
1412 2387 65 31 och
1499 2387 79 31 med
1601 2387 66 32 den
1693 2389 15 29 1
1731 2388 66 41 juli

292 2438 80 31 1926
394 2437 100 31 lända
518 2437 54 31 till
595 2437 227 32 efterrättelse
844 2436 212 33 beträffande
1080 2437 169 32 ordinarie
1265 2437 208 41 tjänstemän
1489 2437 57 32 vid
1561 2437 237 33 barnmorske-

290 2488 300 32 läroanstalterna:
