<?xml version="1.0" encoding="UTF-8"?>
<alto xmlns="http://www.loc.gov/standards/alto/ns-v3#" xmlns:xlink="http://www.w3.org/1999/xlink" xmlns:xsi="http://www.w3.org/2001/XMLSchema-instance" xsi:schemaLocation="http://www.loc.gov/standards/alto/ns-v3# http://www.loc.gov/alto/v3/alto-3-0.xsd">
	<Description>
		<MeasurementUnit>pixel</MeasurementUnit>
		<sourceImageInformation>
			<fileName>/tmp/tess_6npg50uu_input.PNG</fileName>
		</sourceImageInformation>
		<OCRProcessing ID="OCR_0">
			<ocrProcessingStep>
				<processingSoftware>
					<softwareName>tesseract 5.3.0</softwareName>
				</processingSoftware>
			</ocrProcessingStep>
		</OCRProcessing>
	</Description>
	<Layout>
		<Page WIDTH="1938" HEIGHT="2802" PHYSICAL_IMG_NR="0" ID="page_0">
			<PrintSpace HPOS="0" VPOS="0" WIDTH="1938" HEIGHT="2802">
				<ComposedBlock ID="cblock_0" HPOS="77" VPOS="2418" WIDTH="136" HEIGHT="63">
					<TextBlock ID="block_0" HPOS="77" VPOS="2418" WIDTH="136" HEIGHT="63">
						<TextLine ID="line_0" HPOS="77" VPOS="2418" WIDTH="136" HEIGHT="23">
							<String ID="string_0" HPOS="77" VPOS="2418" WIDTH="136" HEIGHT="23" WC="0.95" CONTENT="Utskottets"/>
						</TextLine>
						<TextLine ID="line_1" HPOS="85" VPOS="2452" WIDTH="119" HEIGHT="29">
							<String ID="string_1" HPOS="85" VPOS="2452" WIDTH="119" HEIGHT="29" WC="0.96" CONTENT="yttrande."/>
						</TextLine>
					</TextBlock>
				</ComposedBlock>
				<ComposedBlock ID="cblock_1" HPOS="264" VPOS="160" WIDTH="1007" HEIGHT="37">
					<TextBlock ID="block_1" HPOS="264" VPOS="160" WIDTH="1007" HEIGHT="37">
						<TextLine ID="line_2" HPOS="264" VPOS="160" WIDTH="1007" HEIGHT="37">
							<String ID="string_2" HPOS="264" VPOS="160" WIDTH="19" HEIGHT="29" WC="0.91" CONTENT="8"/><SP WIDTH="478" VPOS="160" HPOS="283"/>
							<String ID="string_3" HPOS="761" VPOS="167" WIDTH="224" HEIGHT="29" WC="0.90" CONTENT="Statsutskottets"/><SP WIDTH="24" VPOS="167" HPOS="985"/>
							<String ID="string_4" HPOS="1009" VPOS="168" WIDTH="145" HEIGHT="29" WC="0.95" CONTENT="utlåtande"/><SP WIDTH="21" VPOS="168" HPOS="1154"/>
							<String ID="string_5" HPOS="1175" VPOS="169" WIDTH="47" HEIGHT="28" WC="0.96" CONTENT="Nr"/><SP WIDTH="22" VPOS="169" HPOS="1222"/>
							<String ID="string_6" HPOS="1244" VPOS="170" WIDTH="27" HEIGHT="27" WC="0.77" CONTENT="5."/>
						</TextLine>
					</TextBlock>
				</ComposedBlock>
				<ComposedBlock ID="cblock_2" HPOS="262" VPOS="236" WIDTH="1516" HEIGHT="2109">
					<TextBlock ID="block_2" HPOS="262" VPOS="236" WIDTH="1516" HEIGHT="1143">
						<TextLine ID="line_3" HPOS="265" VPOS="236" WIDTH="1513" HEIGHT="54">
							<String ID="string_7" HPOS="265" VPOS="237" WIDTH="138" HEIGHT="30" WC="0.92" CONTENT="menten"/><SP WIDTH="35" VPOS="237" HPOS="403"/>
							<String ID="string_8" HPOS="438" VPOS="236" WIDTH="64" HEIGHT="32" WC="0.96" CONTENT="och"/><SP WIDTH="35" VPOS="236" HPOS="502"/>
							<String ID="string_9" HPOS="537" VPOS="237" WIDTH="42" HEIGHT="32" WC="0.95" CONTENT="de"/><SP WIDTH="34" VPOS="237" HPOS="579"/>
							<String ID="string_10" HPOS="613" VPOS="238" WIDTH="159" HEIGHT="42" WC="0.96" CONTENT="psykiskt"/><SP WIDTH="34" VPOS="238" HPOS="772"/>
							<String ID="string_11" HPOS="806" VPOS="239" WIDTH="136" HEIGHT="32" WC="0.96" CONTENT="defekta"/><SP WIDTH="33" VPOS="239" HPOS="942"/>
							<String ID="string_12" HPOS="975" VPOS="252" WIDTH="40" HEIGHT="20" WC="0.93" CONTENT="av"/><SP WIDTH="33" VPOS="252" HPOS="1015"/>
							<String ID="string_13" HPOS="1048" VPOS="242" WIDTH="191" HEIGHT="32" WC="0.91" CONTENT="anstaltens"/><SP WIDTH="23" VPOS="242" HPOS="1239"/>
							<String ID="string_14" HPOS="1262" VPOS="243" WIDTH="141" HEIGHT="32" WC="0.93" CONTENT="klientel"/><SP WIDTH="23" VPOS="243" HPOS="1403"/>
							<String ID="string_15" HPOS="1426" VPOS="263" WIDTH="40" HEIGHT="4" WC="0.91" CONTENT="—"/><SP WIDTH="24" VPOS="263" HPOS="1466"/>
							<String ID="string_16" HPOS="1490" VPOS="245" WIDTH="61" HEIGHT="32" WC="0.96" CONTENT="har"/><SP WIDTH="23" VPOS="245" HPOS="1551"/>
							<String ID="string_17" HPOS="1574" VPOS="248" WIDTH="204" HEIGHT="42" WC="0.96" CONTENT="upprepade"/>
						</TextLine>
						<TextLine ID="line_4" HPOS="263" VPOS="286" WIDTH="1512" HEIGHT="52">
							<String ID="string_18" HPOS="263" VPOS="288" WIDTH="127" HEIGHT="39" WC="0.63" CONTENT="gånger"/><SP WIDTH="23" VPOS="288" HPOS="390"/>
							<String ID="string_19" HPOS="413" VPOS="286" WIDTH="144" HEIGHT="42" WC="0.95" CONTENT="tidigare"/><SP WIDTH="23" VPOS="286" HPOS="557"/>
							<String ID="string_20" HPOS="580" VPOS="288" WIDTH="87" HEIGHT="32" WC="0.96" CONTENT="varit"/><SP WIDTH="22" VPOS="288" HPOS="667"/>
							<String ID="string_21" HPOS="689" VPOS="289" WIDTH="143" HEIGHT="32" WC="0.96" CONTENT="föremål"/><SP WIDTH="23" VPOS="289" HPOS="832"/>
							<String ID="string_22" HPOS="855" VPOS="291" WIDTH="53" HEIGHT="31" WC="0.96" CONTENT="för"/><SP WIDTH="22" VPOS="291" HPOS="908"/>
							<String ID="string_23" HPOS="930" VPOS="292" WIDTH="290" HEIGHT="42" WC="0.96" CONTENT="framställningar"/><SP WIDTH="16" VPOS="292" HPOS="1220"/>
							<String ID="string_24" HPOS="1236" VPOS="294" WIDTH="52" HEIGHT="31" WC="0.96" CONTENT="till"/><SP WIDTH="16" VPOS="294" HPOS="1288"/>
							<String ID="string_25" HPOS="1304" VPOS="295" WIDTH="126" HEIGHT="41" WC="0.95" CONTENT="Kungl."/><SP WIDTH="18" VPOS="295" HPOS="1430"/>
							<String ID="string_26" HPOS="1448" VPOS="296" WIDTH="107" HEIGHT="42" WC="0.94" CONTENT="Maj:t."/><SP WIDTH="29" VPOS="296" HPOS="1555"/>
							<String ID="string_27" HPOS="1584" VPOS="298" WIDTH="61" HEIGHT="31" WC="0.96" CONTENT="Att"/><SP WIDTH="16" VPOS="298" HPOS="1645"/>
							<String ID="string_28" HPOS="1661" VPOS="299" WIDTH="114" HEIGHT="31" WC="0.96" CONTENT="denna"/>
						</TextLine>
						<TextLine ID="line_5" HPOS="263" VPOS="337" WIDTH="1509" HEIGHT="52">
							<String ID="string_29" HPOS="263" VPOS="337" WIDTH="53" HEIGHT="30" WC="0.93" CONTENT="för"/><SP WIDTH="23" VPOS="337" HPOS="316"/>
							<String ID="string_30" HPOS="339" VPOS="338" WIDTH="190" HEIGHT="31" WC="0.90" CONTENT="anstaltens"/><SP WIDTH="23" VPOS="338" HPOS="529"/>
							<String ID="string_31" HPOS="552" VPOS="339" WIDTH="218" HEIGHT="32" WC="0.96" CONTENT="verksamhet"/><SP WIDTH="23" VPOS="339" HPOS="770"/>
							<String ID="string_32" HPOS="793" VPOS="341" WIDTH="235" HEIGHT="42" WC="0.95" CONTENT="otvivelaktigt"/><SP WIDTH="23" VPOS="341" HPOS="1028"/>
							<String ID="string_33" HPOS="1051" VPOS="344" WIDTH="218" HEIGHT="40" WC="0.96" CONTENT="synnerligen"/><SP WIDTH="23" VPOS="344" HPOS="1269"/>
							<String ID="string_34" HPOS="1292" VPOS="344" WIDTH="265" HEIGHT="42" WC="0.95" CONTENT="betydelsefulla"/><SP WIDTH="15" VPOS="344" HPOS="1557"/>
							<String ID="string_35" HPOS="1572" VPOS="348" WIDTH="94" HEIGHT="41" WC="0.96" CONTENT="fråga"/><SP WIDTH="14" VPOS="348" HPOS="1666"/>
							<String ID="string_36" HPOS="1680" VPOS="351" WIDTH="92" HEIGHT="29" WC="0.96" CONTENT="ännu"/>
						</TextLine>
						<TextLine ID="line_6" HPOS="264" VPOS="387" WIDTH="1510" HEIGHT="43">
							<String ID="string_37" HPOS="264" VPOS="387" WIDTH="74" HEIGHT="31" WC="0.96" CONTENT="icke"/><SP WIDTH="23" VPOS="387" HPOS="338"/>
							<String ID="string_38" HPOS="361" VPOS="387" WIDTH="122" HEIGHT="31" WC="0.96" CONTENT="vunnit"/><SP WIDTH="23" VPOS="387" HPOS="483"/>
							<String ID="string_39" HPOS="506" VPOS="399" WIDTH="42" HEIGHT="20" WC="0.96" CONTENT="en"/><SP WIDTH="24" VPOS="399" HPOS="548"/>
							<String ID="string_40" HPOS="572" VPOS="389" WIDTH="139" HEIGHT="41" WC="0.96" CONTENT="lösning"/><SP WIDTH="22" VPOS="389" HPOS="711"/>
							<String ID="string_41" HPOS="733" VPOS="390" WIDTH="98" HEIGHT="31" WC="0.96" CONTENT="torde"/><SP WIDTH="23" VPOS="390" HPOS="831"/>
							<String ID="string_42" HPOS="854" VPOS="402" WIDTH="80" HEIGHT="20" WC="0.96" CONTENT="vara"/><SP WIDTH="23" VPOS="402" HPOS="934"/>
							<String ID="string_43" HPOS="957" VPOS="394" WIDTH="50" HEIGHT="29" WC="0.96" CONTENT="att"/><SP WIDTH="23" VPOS="394" HPOS="1007"/>
							<String ID="string_44" HPOS="1030" VPOS="392" WIDTH="169" HEIGHT="32" WC="0.96" CONTENT="tillskriva"/><SP WIDTH="22" VPOS="392" HPOS="1199"/>
							<String ID="string_45" HPOS="1221" VPOS="394" WIDTH="43" HEIGHT="31" WC="0.96" CONTENT="de"/><SP WIDTH="24" VPOS="394" HPOS="1264"/>
							<String ID="string_46" HPOS="1288" VPOS="396" WIDTH="281" HEIGHT="32" WC="0.93" CONTENT="statsfinansiella"/><SP WIDTH="25" VPOS="396" HPOS="1569"/>
							<String ID="string_47" HPOS="1594" VPOS="398" WIDTH="180" HEIGHT="32" WC="0.92" CONTENT="förhållan-"/>
						</TextLine>
						<TextLine ID="line_7" HPOS="265" VPOS="437" WIDTH="1513" HEIGHT="52">
							<String ID="string_48" HPOS="265" VPOS="437" WIDTH="76" HEIGHT="38" WC="0.96" CONTENT="den,"/><SP WIDTH="36" VPOS="437" HPOS="341"/>
							<String ID="string_49" HPOS="377" VPOS="448" WIDTH="74" HEIGHT="21" WC="0.96" CONTENT="som"/><SP WIDTH="35" VPOS="448" HPOS="451"/>
							<String ID="string_50" HPOS="486" VPOS="438" WIDTH="110" HEIGHT="31" WC="0.96" CONTENT="under"/><SP WIDTH="34" VPOS="438" HPOS="596"/>
							<String ID="string_51" HPOS="630" VPOS="439" WIDTH="42" HEIGHT="31" WC="0.96" CONTENT="de"/><SP WIDTH="24" VPOS="439" HPOS="672"/>
							<String ID="string_52" HPOS="696" VPOS="442" WIDTH="137" HEIGHT="29" WC="0.96" CONTENT="senaste"/><SP WIDTH="24" VPOS="442" HPOS="833"/>
							<String ID="string_53" HPOS="857" VPOS="443" WIDTH="80" HEIGHT="29" WC="0.96" CONTENT="åren"/><SP WIDTH="23" VPOS="443" HPOS="937"/>
							<String ID="string_54" HPOS="960" VPOS="442" WIDTH="88" HEIGHT="31" WC="0.96" CONTENT="varit"/><SP WIDTH="22" VPOS="442" HPOS="1048"/>
							<String ID="string_55" HPOS="1070" VPOS="443" WIDTH="159" HEIGHT="32" WC="0.94" CONTENT="rådande."/><SP WIDTH="47" VPOS="443" HPOS="1229"/>
							<String ID="string_56" HPOS="1276" VPOS="445" WIDTH="156" HEIGHT="31" WC="0.96" CONTENT="Behovet"/><SP WIDTH="23" VPOS="445" HPOS="1432"/>
							<String ID="string_57" HPOS="1455" VPOS="458" WIDTH="39" HEIGHT="19" WC="0.96" CONTENT="av"/><SP WIDTH="23" VPOS="458" HPOS="1494"/>
							<String ID="string_58" HPOS="1517" VPOS="447" WIDTH="261" HEIGHT="42" WC="0.96" CONTENT="ifrågavarande"/>
						</TextLine>
						<TextLine ID="line_8" HPOS="264" VPOS="487" WIDTH="1508" HEIGHT="53">
							<String ID="string_59" HPOS="264" VPOS="487" WIDTH="182" HEIGHT="42" WC="0.96" CONTENT="avdelning"/><SP WIDTH="34" VPOS="487" HPOS="446"/>
							<String ID="string_60" HPOS="480" VPOS="499" WIDTH="103" HEIGHT="31" WC="0.96" CONTENT="synes"/><SP WIDTH="34" VPOS="499" HPOS="583"/>
							<String ID="string_61" HPOS="617" VPOS="490" WIDTH="70" HEIGHT="41" WC="0.96" CONTENT="mig"/><SP WIDTH="33" VPOS="490" HPOS="687"/>
							<String ID="string_62" HPOS="720" VPOS="491" WIDTH="191" HEIGHT="31" WC="0.96" CONTENT="emellertid"/><SP WIDTH="33" VPOS="491" HPOS="911"/>
							<String ID="string_63" HPOS="944" VPOS="493" WIDTH="79" HEIGHT="31" WC="0.96" CONTENT="med"/><SP WIDTH="23" VPOS="493" HPOS="1023"/>
							<String ID="string_64" HPOS="1046" VPOS="493" WIDTH="134" HEIGHT="42" WC="0.95" CONTENT="hänsyn"/><SP WIDTH="24" VPOS="493" HPOS="1180"/>
							<String ID="string_65" HPOS="1204" VPOS="494" WIDTH="51" HEIGHT="32" WC="0.95" CONTENT="till"/><SP WIDTH="23" VPOS="494" HPOS="1255"/>
							<String ID="string_66" HPOS="1278" VPOS="496" WIDTH="65" HEIGHT="30" WC="0.95" CONTENT="vad"/><SP WIDTH="23" VPOS="496" HPOS="1343"/>
							<String ID="string_67" HPOS="1366" VPOS="497" WIDTH="318" HEIGHT="43" WC="0.90" CONTENT="anstaltsstyrelsen"/><SP WIDTH="24" VPOS="497" HPOS="1684"/>
							<String ID="string_68" HPOS="1708" VPOS="500" WIDTH="64" HEIGHT="31" WC="0.96" CONTENT="och"/>
						</TextLine>
						<TextLine ID="line_9" HPOS="264" VPOS="538" WIDTH="1513" HEIGHT="48">
							<String ID="string_69" HPOS="264" VPOS="538" WIDTH="278" HEIGHT="42" WC="0.93" CONTENT="socialstyrelsen"/><SP WIDTH="34" VPOS="538" HPOS="542"/>
							<String ID="string_70" HPOS="576" VPOS="539" WIDTH="209" HEIGHT="33" WC="0.91" CONTENT="härutinnan"/><SP WIDTH="34" VPOS="539" HPOS="785"/>
							<String ID="string_71" HPOS="819" VPOS="543" WIDTH="112" HEIGHT="30" WC="0.96" CONTENT="anfört"/><SP WIDTH="34" VPOS="543" HPOS="931"/>
							<String ID="string_72" HPOS="965" VPOS="555" WIDTH="78" HEIGHT="19" WC="0.96" CONTENT="vara"/><SP WIDTH="27" VPOS="555" HPOS="1043"/>
							<String ID="string_73" HPOS="1070" VPOS="555" WIDTH="41" HEIGHT="20" WC="0.96" CONTENT="av"/><SP WIDTH="23" VPOS="555" HPOS="1111"/>
							<String ID="string_74" HPOS="1134" VPOS="546" WIDTH="38" HEIGHT="30" WC="0.96" CONTENT="så"/><SP WIDTH="22" VPOS="546" HPOS="1172"/>
							<String ID="string_75" HPOS="1194" VPOS="546" WIDTH="188" HEIGHT="40" WC="0.96" CONTENT="trängande"/><SP WIDTH="23" VPOS="546" HPOS="1382"/>
							<String ID="string_76" HPOS="1405" VPOS="549" WIDTH="61" HEIGHT="35" WC="0.96" CONTENT="art,"/><SP WIDTH="25" VPOS="549" HPOS="1466"/>
							<String ID="string_77" HPOS="1491" VPOS="551" WIDTH="50" HEIGHT="28" WC="0.93" CONTENT="att"/><SP WIDTH="22" VPOS="551" HPOS="1541"/>
							<String ID="string_78" HPOS="1563" VPOS="549" WIDTH="214" HEIGHT="33" WC="0.89" CONTENT="detsammas."/>
						</TextLine>
						<TextLine ID="line_10" HPOS="264" VPOS="588" WIDTH="1506" HEIGHT="50">
							<String ID="string_79" HPOS="264" VPOS="588" WIDTH="273" HEIGHT="41" WC="0.90" CONTENT="tillgodoseende"/><SP WIDTH="34" VPOS="588" HPOS="537"/>
							<String ID="string_80" HPOS="571" VPOS="602" WIDTH="47" HEIGHT="19" WC="0.94" CONTENT="nu"/><SP WIDTH="23" VPOS="602" HPOS="618"/>
							<String ID="string_81" HPOS="641" VPOS="591" WIDTH="73" HEIGHT="31" WC="0.96" CONTENT="icke"/><SP WIDTH="24" VPOS="591" HPOS="714"/>
							<String ID="string_82" HPOS="738" VPOS="592" WIDTH="116" HEIGHT="41" WC="0.96" CONTENT="längre"/><SP WIDTH="23" VPOS="592" HPOS="854"/>
							<String ID="string_83" HPOS="877" VPOS="593" WIDTH="64" HEIGHT="31" WC="0.96" CONTENT="bör"/><SP WIDTH="22" VPOS="593" HPOS="941"/>
							<String ID="string_84" HPOS="963" VPOS="593" WIDTH="33" HEIGHT="31" WC="0.93" CONTENT="få"/><SP WIDTH="22" VPOS="593" HPOS="996"/>
							<String ID="string_85" HPOS="1018" VPOS="594" WIDTH="261" HEIGHT="41" WC="0.66" CONTENT="undanskjutas."/><SP WIDTH="45" VPOS="594" HPOS="1279"/>
							<String ID="string_86" HPOS="1324" VPOS="596" WIDTH="67" HEIGHT="41" WC="0.96" CONTENT="Jag"/><SP WIDTH="22" VPOS="596" HPOS="1391"/>
							<String ID="string_87" HPOS="1413" VPOS="598" WIDTH="59" HEIGHT="30" WC="0.96" CONTENT="vill"/><SP WIDTH="23" VPOS="598" HPOS="1472"/>
							<String ID="string_88" HPOS="1495" VPOS="598" WIDTH="62" HEIGHT="31" WC="0.96" CONTENT="här"/><SP WIDTH="23" VPOS="598" HPOS="1557"/>
							<String ID="string_89" HPOS="1580" VPOS="603" WIDTH="190" HEIGHT="35" WC="0.95" CONTENT="omnämna,"/>
						</TextLine>
						<TextLine ID="line_11" HPOS="263" VPOS="640" WIDTH="1511" HEIGHT="52">
							<String ID="string_90" HPOS="263" VPOS="640" WIDTH="50" HEIGHT="29" WC="0.93" CONTENT="att"/><SP WIDTH="22" VPOS="640" HPOS="313"/>
							<String ID="string_91" HPOS="335" VPOS="640" WIDTH="191" HEIGHT="31" WC="0.91" CONTENT="anstaltens"/><SP WIDTH="24" VPOS="640" HPOS="526"/>
							<String ID="string_92" HPOS="550" VPOS="641" WIDTH="145" HEIGHT="41" WC="0.96" CONTENT="styrelse"/><SP WIDTH="24" VPOS="641" HPOS="695"/>
							<String ID="string_93" HPOS="719" VPOS="642" WIDTH="11" HEIGHT="30" WC="0.96" CONTENT="i"/><SP WIDTH="24" VPOS="642" HPOS="730"/>
							<String ID="string_94" HPOS="754" VPOS="653" WIDTH="41" HEIGHT="20" WC="0.96" CONTENT="en"/><SP WIDTH="24" VPOS="653" HPOS="795"/>
							<String ID="string_95" HPOS="819" VPOS="654" WIDTH="45" HEIGHT="30" WC="0.96" CONTENT="ny"/><SP WIDTH="25" VPOS="654" HPOS="864"/>
							<String ID="string_96" HPOS="889" VPOS="643" WIDTH="164" HEIGHT="32" WC="0.96" CONTENT="skrivelse"/><SP WIDTH="23" VPOS="643" HPOS="1053"/>
							<String ID="string_97" HPOS="1076" VPOS="645" WIDTH="11" HEIGHT="30" WC="0.96" CONTENT="i"/><SP WIDTH="24" VPOS="645" HPOS="1087"/>
							<String ID="string_98" HPOS="1111" VPOS="647" WIDTH="114" HEIGHT="29" WC="0.96" CONTENT="ämnet"/><SP WIDTH="23" VPOS="647" HPOS="1225"/>
							<String ID="string_99" HPOS="1248" VPOS="646" WIDTH="66" HEIGHT="31" WC="0.96" CONTENT="den"/><SP WIDTH="19" VPOS="646" HPOS="1314"/>
							<String ID="string_100" HPOS="1333" VPOS="648" WIDTH="37" HEIGHT="30" WC="0.96" CONTENT="11"/><SP WIDTH="18" VPOS="648" HPOS="1370"/>
							<String ID="string_101" HPOS="1388" VPOS="647" WIDTH="180" HEIGHT="33" WC="0.96" CONTENT="december"/><SP WIDTH="18" VPOS="647" HPOS="1568"/>
							<String ID="string_102" HPOS="1586" VPOS="650" WIDTH="81" HEIGHT="31" WC="0.96" CONTENT="1925"/><SP WIDTH="16" VPOS="650" HPOS="1667"/>
							<String ID="string_103" HPOS="1683" VPOS="652" WIDTH="91" HEIGHT="40" WC="0.96" CONTENT="ånyo"/>
						</TextLine>
						<TextLine ID="line_12" HPOS="262" VPOS="689" WIDTH="1511" HEIGHT="51">
							<String ID="string_104" HPOS="262" VPOS="689" WIDTH="238" HEIGHT="32" WC="0.90" CONTENT="understrukit"/><SP WIDTH="22" VPOS="689" HPOS="500"/>
							<String ID="string_105" HPOS="522" VPOS="691" WIDTH="302" HEIGHT="42" WC="0.96" CONTENT="nödvändigheten"/><SP WIDTH="24" VPOS="691" HPOS="824"/>
							<String ID="string_106" HPOS="848" VPOS="705" WIDTH="40" HEIGHT="19" WC="0.96" CONTENT="av"/><SP WIDTH="23" VPOS="705" HPOS="888"/>
							<String ID="string_107" HPOS="911" VPOS="694" WIDTH="67" HEIGHT="31" WC="0.96" CONTENT="den"/><SP WIDTH="24" VPOS="694" HPOS="978"/>
							<String ID="string_108" HPOS="1002" VPOS="695" WIDTH="115" HEIGHT="32" WC="0.96" CONTENT="slutna"/><SP WIDTH="23" VPOS="695" HPOS="1117"/>
							<String ID="string_109" HPOS="1140" VPOS="696" WIDTH="235" HEIGHT="43" WC="0.95" CONTENT="avdelningen."/><SP WIDTH="41" VPOS="696" HPOS="1375"/>
							<String ID="string_110" HPOS="1416" VPOS="697" WIDTH="177" HEIGHT="43" WC="0.57" CONTENT="Styrelsen"/><SP WIDTH="23" VPOS="697" HPOS="1593"/>
							<String ID="string_111" HPOS="1616" VPOS="700" WIDTH="62" HEIGHT="32" WC="0.93" CONTENT="har"/><SP WIDTH="22" VPOS="700" HPOS="1678"/>
							<String ID="string_112" HPOS="1700" VPOS="701" WIDTH="73" HEIGHT="32" WC="0.92" CONTENT="här-"/>
						</TextLine>
						<TextLine ID="line_13" HPOS="262" VPOS="740" WIDTH="1515" HEIGHT="53">
							<String ID="string_113" HPOS="262" VPOS="740" WIDTH="56" HEIGHT="31" WC="0.96" CONTENT="vid"/><SP WIDTH="18" VPOS="740" HPOS="318"/>
							<String ID="string_114" HPOS="336" VPOS="741" WIDTH="209" HEIGHT="32" WC="0.96" CONTENT="överlämnat"/><SP WIDTH="15" VPOS="741" HPOS="545"/>
							<String ID="string_115" HPOS="560" VPOS="742" WIDTH="93" HEIGHT="32" WC="0.96" CONTENT="vissa"/><SP WIDTH="16" VPOS="742" HPOS="653"/>
							<String ID="string_116" HPOS="669" VPOS="754" WIDTH="40" HEIGHT="20" WC="0.93" CONTENT="av"/><SP WIDTH="16" VPOS="754" HPOS="709"/>
							<String ID="string_117" HPOS="725" VPOS="744" WIDTH="190" HEIGHT="32" WC="0.91" CONTENT="anstaltens"/><SP WIDTH="16" VPOS="744" HPOS="915"/>
							<String ID="string_118" HPOS="931" VPOS="745" WIDTH="141" HEIGHT="42" WC="0.96" CONTENT="ledning"/><SP WIDTH="15" VPOS="745" HPOS="1072"/>
							<String ID="string_119" HPOS="1087" VPOS="748" WIDTH="206" HEIGHT="40" WC="0.96" CONTENT="upprättade"/><SP WIDTH="16" VPOS="748" HPOS="1293"/>
							<String ID="string_120" HPOS="1309" VPOS="750" WIDTH="257" HEIGHT="39" WC="0.94" CONTENT="promemorior,"/><SP WIDTH="18" VPOS="750" HPOS="1566"/>
							<String ID="string_121" HPOS="1584" VPOS="751" WIDTH="193" HEIGHT="42" WC="0.96" CONTENT="belysande"/>
						</TextLine>
						<TextLine ID="line_14" HPOS="262" VPOS="790" WIDTH="1511" HEIGHT="48">
							<String ID="string_122" HPOS="262" VPOS="790" WIDTH="42" HEIGHT="31" WC="0.96" CONTENT="de"/><SP WIDTH="33" VPOS="790" HPOS="304"/>
							<String ID="string_123" HPOS="337" VPOS="791" WIDTH="236" HEIGHT="33" WC="0.96" CONTENT="internerades"/><SP WIDTH="34" VPOS="791" HPOS="573"/>
							<String ID="string_124" HPOS="607" VPOS="793" WIDTH="246" HEIGHT="40" WC="0.96" CONTENT="beskaffenhet,"/><SP WIDTH="24" VPOS="793" HPOS="853"/>
							<String ID="string_125" HPOS="877" VPOS="796" WIDTH="162" HEIGHT="40" WC="0.95" CONTENT="varjämte"/><SP WIDTH="34" VPOS="796" HPOS="1039"/>
							<String ID="string_126" HPOS="1073" VPOS="798" WIDTH="170" HEIGHT="40" WC="0.93" CONTENT="styrelsen"/><SP WIDTH="32" VPOS="798" HPOS="1243"/>
							<String ID="string_127" HPOS="1275" VPOS="799" WIDTH="204" HEIGHT="39" WC="0.70" CONTENT="omförmält,"/><SP WIDTH="24" VPOS="799" HPOS="1479"/>
							<String ID="string_128" HPOS="1503" VPOS="803" WIDTH="50" HEIGHT="29" WC="0.96" CONTENT="att"/><SP WIDTH="22" VPOS="803" HPOS="1553"/>
							<String ID="string_129" HPOS="1575" VPOS="802" WIDTH="129" HEIGHT="32" WC="0.91" CONTENT="antalet"/><SP WIDTH="22" VPOS="802" HPOS="1704"/>
							<String ID="string_130" HPOS="1726" VPOS="803" WIDTH="47" HEIGHT="31" WC="0.91" CONTENT="in-"/>
						</TextLine>
						<TextLine ID="line_15" HPOS="264" VPOS="841" WIDTH="1507" HEIGHT="49">
							<String ID="string_131" HPOS="264" VPOS="841" WIDTH="188" HEIGHT="39" WC="0.91" CONTENT="ternerade,"/><SP WIDTH="19" VPOS="841" HPOS="452"/>
							<String ID="string_132" HPOS="471" VPOS="853" WIDTH="73" HEIGHT="20" WC="0.95" CONTENT="som"/><SP WIDTH="25" VPOS="853" HPOS="544"/>
							<String ID="string_133" HPOS="569" VPOS="843" WIDTH="66" HEIGHT="31" WC="0.96" CONTENT="den"/><SP WIDTH="25" VPOS="843" HPOS="635"/>
							<String ID="string_134" HPOS="660" VPOS="844" WIDTH="39" HEIGHT="30" WC="0.96" CONTENT="28"/><SP WIDTH="24" VPOS="844" HPOS="699"/>
							<String ID="string_135" HPOS="723" VPOS="845" WIDTH="137" HEIGHT="40" WC="0.96" CONTENT="augusti"/><SP WIDTH="25" VPOS="845" HPOS="860"/>
							<String ID="string_136" HPOS="885" VPOS="846" WIDTH="81" HEIGHT="31" WC="0.92" CONTENT="1925"/><SP WIDTH="22" VPOS="846" HPOS="966"/>
							<String ID="string_137" HPOS="988" VPOS="846" WIDTH="88" HEIGHT="31" WC="0.96" CONTENT="varit"/><SP WIDTH="22" VPOS="846" HPOS="1076"/>
							<String ID="string_138" HPOS="1098" VPOS="858" WIDTH="92" HEIGHT="30" WC="0.96" CONTENT="uppe"/><SP WIDTH="23" VPOS="858" HPOS="1190"/>
							<String ID="string_139" HPOS="1213" VPOS="848" WIDTH="12" HEIGHT="30" WC="0.96" CONTENT="i"/><SP WIDTH="24" VPOS="848" HPOS="1225"/>
							<String ID="string_140" HPOS="1249" VPOS="849" WIDTH="66" HEIGHT="30" WC="0.96" CONTENT="den"/><SP WIDTH="24" VPOS="849" HPOS="1315"/>
							<String ID="string_141" HPOS="1339" VPOS="849" WIDTH="88" HEIGHT="41" WC="0.96" CONTENT="höga"/><SP WIDTH="17" VPOS="849" HPOS="1427"/>
							<String ID="string_142" HPOS="1444" VPOS="851" WIDTH="115" HEIGHT="31" WC="0.96" CONTENT="siffran"/><SP WIDTH="18" VPOS="851" HPOS="1559"/>
							<String ID="string_143" HPOS="1577" VPOS="853" WIDTH="71" HEIGHT="37" WC="0.96" CONTENT="290,"/><SP WIDTH="18" VPOS="853" HPOS="1648"/>
							<String ID="string_144" HPOS="1666" VPOS="853" WIDTH="105" HEIGHT="31" WC="0.96" CONTENT="sedan"/>
						</TextLine>
						<TextLine ID="line_16" HPOS="264" VPOS="890" WIDTH="1509" HEIGHT="54">
							<String ID="string_145" HPOS="264" VPOS="890" WIDTH="80" HEIGHT="32" WC="0.96" CONTENT="dess"/><SP WIDTH="22" VPOS="890" HPOS="344"/>
							<String ID="string_146" HPOS="366" VPOS="892" WIDTH="199" HEIGHT="41" WC="0.96" CONTENT="ytterligare"/><SP WIDTH="24" VPOS="892" HPOS="565"/>
							<String ID="string_147" HPOS="589" VPOS="893" WIDTH="96" HEIGHT="41" WC="0.96" CONTENT="stigit"/><SP WIDTH="23" VPOS="893" HPOS="685"/>
							<String ID="string_148" HPOS="708" VPOS="894" WIDTH="64" HEIGHT="31" WC="0.96" CONTENT="och"/><SP WIDTH="17" VPOS="894" HPOS="772"/>
							<String ID="string_149" HPOS="789" VPOS="895" WIDTH="65" HEIGHT="31" WC="0.96" CONTENT="den"/><SP WIDTH="18" VPOS="895" HPOS="854"/>
							<String ID="string_150" HPOS="872" VPOS="896" WIDTH="41" HEIGHT="30" WC="0.96" CONTENT="30"/><SP WIDTH="15" VPOS="896" HPOS="913"/>
							<String ID="string_151" HPOS="928" VPOS="896" WIDTH="186" HEIGHT="32" WC="0.96" CONTENT="november"/><SP WIDTH="17" VPOS="896" HPOS="1114"/>
							<String ID="string_152" HPOS="1131" VPOS="898" WIDTH="81" HEIGHT="31" WC="0.96" CONTENT="1925"/><SP WIDTH="16" VPOS="898" HPOS="1212"/>
							<String ID="string_153" HPOS="1228" VPOS="899" WIDTH="130" HEIGHT="40" WC="0.96" CONTENT="utgjort"/><SP WIDTH="15" VPOS="899" HPOS="1358"/>
							<String ID="string_154" HPOS="1373" VPOS="900" WIDTH="70" HEIGHT="31" WC="0.93" CONTENT="304."/><SP WIDTH="35" VPOS="900" HPOS="1443"/>
							<String ID="string_155" HPOS="1478" VPOS="901" WIDTH="23" HEIGHT="30" WC="0.93" CONTENT="J"/><SP WIDTH="2" VPOS="901" HPOS="1501"/>
							<String ID="string_156" HPOS="1503" VPOS="912" WIDTH="42" HEIGHT="30" WC="0.96" CONTENT="ag"/><SP WIDTH="15" VPOS="912" HPOS="1545"/>
							<String ID="string_157" HPOS="1560" VPOS="902" WIDTH="128" HEIGHT="31" WC="0.96" CONTENT="tillåter"/><SP WIDTH="16" VPOS="902" HPOS="1688"/>
							<String ID="string_158" HPOS="1704" VPOS="903" WIDTH="69" HEIGHT="41" WC="0.96" CONTENT="mig"/>
						</TextLine>
						<TextLine ID="line_17" HPOS="262" VPOS="941" WIDTH="1510" HEIGHT="51">
							<String ID="string_159" HPOS="262" VPOS="941" WIDTH="117" HEIGHT="32" WC="0.95" CONTENT="vidare"/><SP WIDTH="22" VPOS="941" HPOS="379"/>
							<String ID="string_160" HPOS="401" VPOS="942" WIDTH="12" HEIGHT="31" WC="0.96" CONTENT="i"/><SP WIDTH="23" VPOS="942" HPOS="413"/>
							<String ID="string_161" HPOS="436" VPOS="942" WIDTH="95" HEIGHT="31" WC="0.96" CONTENT="detta"/><SP WIDTH="23" VPOS="942" HPOS="531"/>
							<String ID="string_162" HPOS="554" VPOS="944" WIDTH="246" HEIGHT="42" WC="0.96" CONTENT="sammanhang"/><SP WIDTH="23" VPOS="944" HPOS="800"/>
							<String ID="string_163" HPOS="823" VPOS="945" WIDTH="112" HEIGHT="32" WC="0.96" CONTENT="erinra"/><SP WIDTH="22" VPOS="945" HPOS="935"/>
							<String ID="string_164" HPOS="957" VPOS="957" WIDTH="56" HEIGHT="20" WC="0.96" CONTENT="om"/><SP WIDTH="27" VPOS="957" HPOS="1013"/>
							<String ID="string_165" HPOS="1040" VPOS="949" WIDTH="50" HEIGHT="29" WC="0.96" CONTENT="att"/><SP WIDTH="23" VPOS="949" HPOS="1090"/>
							<String ID="string_166" HPOS="1113" VPOS="948" WIDTH="106" HEIGHT="41" WC="0.96" CONTENT="enligt"/><SP WIDTH="22" VPOS="948" HPOS="1219"/>
							<String ID="string_167" HPOS="1241" VPOS="949" WIDTH="157" HEIGHT="41" WC="0.96" CONTENT="gällande"/><SP WIDTH="24" VPOS="949" HPOS="1398"/>
							<String ID="string_168" HPOS="1422" VPOS="951" WIDTH="120" HEIGHT="41" WC="0.96" CONTENT="stadga"/><SP WIDTH="23" VPOS="951" HPOS="1542"/>
							<String ID="string_169" HPOS="1565" VPOS="952" WIDTH="52" HEIGHT="31" WC="0.96" CONTENT="för"/><SP WIDTH="24" VPOS="952" HPOS="1617"/>
							<String ID="string_170" HPOS="1641" VPOS="955" WIDTH="131" HEIGHT="30" WC="0.96" CONTENT="statens"/>
						</TextLine>
						<TextLine ID="line_18" HPOS="263" VPOS="993" WIDTH="1510" HEIGHT="49">
							<String ID="string_171" HPOS="263" VPOS="993" WIDTH="406" HEIGHT="40" WC="0.90" CONTENT="tvångsarbetsanstalter"/><SP WIDTH="23" VPOS="993" HPOS="669"/>
							<String ID="string_172" HPOS="692" VPOS="994" WIDTH="57" HEIGHT="42" WC="0.93" CONTENT="(sv."/><SP WIDTH="18" VPOS="994" HPOS="749"/>
							<String ID="string_173" HPOS="767" VPOS="995" WIDTH="184" HEIGHT="33" WC="0.90" CONTENT="förf.-saml."/><SP WIDTH="18" VPOS="995" HPOS="951"/>
							<String ID="string_174" HPOS="969" VPOS="1009" WIDTH="40" HEIGHT="19" WC="0.96" CONTENT="nr"/><SP WIDTH="16" VPOS="1009" HPOS="1009"/>
							<String ID="string_175" HPOS="1025" VPOS="998" WIDTH="61" HEIGHT="31" WC="0.95" CONTENT="945"/><SP WIDTH="16" VPOS="998" HPOS="1086"/>
							<String ID="string_176" HPOS="1102" VPOS="1000" WIDTH="37" HEIGHT="29" WC="0.96" CONTENT="år"/><SP WIDTH="17" VPOS="1000" HPOS="1139"/>
							<String ID="string_177" HPOS="1156" VPOS="998" WIDTH="92" HEIGHT="43" WC="0.96" CONTENT="1920)"/><SP WIDTH="23" VPOS="998" HPOS="1248"/>
							<String ID="string_178" HPOS="1271" VPOS="1000" WIDTH="91" HEIGHT="41" WC="0.93" CONTENT="varje"/><SP WIDTH="23" VPOS="1000" HPOS="1362"/>
							<String ID="string_179" HPOS="1385" VPOS="1002" WIDTH="278" HEIGHT="40" WC="0.92" CONTENT="tvångsarbetare"/><SP WIDTH="24" VPOS="1002" HPOS="1663"/>
							<String ID="string_180" HPOS="1687" VPOS="1004" WIDTH="86" HEIGHT="31" WC="0.96" CONTENT="skall"/>
						</TextLine>
						<TextLine ID="line_19" HPOS="263" VPOS="1042" WIDTH="1511" HEIGHT="53">
							<String ID="string_181" HPOS="263" VPOS="1042" WIDTH="128" HEIGHT="32" WC="0.96" CONTENT="erhålla"/><SP WIDTH="23" VPOS="1042" HPOS="391"/>
							<String ID="string_182" HPOS="414" VPOS="1054" WIDTH="41" HEIGHT="20" WC="0.96" CONTENT="en"/><SP WIDTH="23" VPOS="1054" HPOS="455"/>
							<String ID="string_183" HPOS="478" VPOS="1044" WIDTH="53" HEIGHT="31" WC="0.96" CONTENT="för"/><SP WIDTH="23" VPOS="1044" HPOS="531"/>
							<String ID="string_184" HPOS="554" VPOS="1044" WIDTH="127" HEIGHT="31" WC="0.96" CONTENT="honom"/><SP WIDTH="23" VPOS="1044" HPOS="681"/>
							<String ID="string_185" HPOS="704" VPOS="1045" WIDTH="137" HEIGHT="41" WC="0.96" CONTENT="lämpad"/><SP WIDTH="16" VPOS="1045" HPOS="841"/>
							<String ID="string_186" HPOS="857" VPOS="1047" WIDTH="219" HEIGHT="41" WC="0.92" CONTENT="behandling."/><SP WIDTH="33" VPOS="1047" HPOS="1076"/>
							<String ID="string_187" HPOS="1109" VPOS="1049" WIDTH="527" HEIGHT="44" WC="0.92" CONTENT="Individualiseringsprincipen"/><SP WIDTH="16" VPOS="1049" HPOS="1636"/>
							<String ID="string_188" HPOS="1652" VPOS="1054" WIDTH="12" HEIGHT="30" WC="0.96" CONTENT="i"/><SP WIDTH="16" VPOS="1054" HPOS="1664"/>
							<String ID="string_189" HPOS="1680" VPOS="1054" WIDTH="94" HEIGHT="41" WC="0.96" CONTENT="fråga"/>
						</TextLine>
						<TextLine ID="line_20" HPOS="264" VPOS="1093" WIDTH="1510" HEIGHT="50">
							<String ID="string_190" HPOS="264" VPOS="1103" WIDTH="55" HEIGHT="20" WC="0.96" CONTENT="om"/><SP WIDTH="24" VPOS="1103" HPOS="319"/>
							<String ID="string_191" HPOS="343" VPOS="1093" WIDTH="255" HEIGHT="42" WC="0.95" CONTENT="behandlingen"/><SP WIDTH="24" VPOS="1093" HPOS="598"/>
							<String ID="string_192" HPOS="622" VPOS="1106" WIDTH="41" HEIGHT="20" WC="0.93" CONTENT="av"/><SP WIDTH="22" VPOS="1106" HPOS="663"/>
							<String ID="string_193" HPOS="685" VPOS="1097" WIDTH="278" HEIGHT="40" WC="0.91" CONTENT="tvångsarbetare"/><SP WIDTH="24" VPOS="1097" HPOS="963"/>
							<String ID="string_194" HPOS="987" VPOS="1099" WIDTH="37" HEIGHT="29" WC="0.96" CONTENT="är"/><SP WIDTH="23" VPOS="1099" HPOS="1024"/>
							<String ID="string_195" HPOS="1047" VPOS="1098" WIDTH="145" HEIGHT="32" WC="0.96" CONTENT="sålunda"/><SP WIDTH="21" VPOS="1098" HPOS="1192"/>
							<String ID="string_196" HPOS="1213" VPOS="1100" WIDTH="12" HEIGHT="30" WC="0.96" CONTENT="i"/><SP WIDTH="24" VPOS="1100" HPOS="1225"/>
							<String ID="string_197" HPOS="1249" VPOS="1100" WIDTH="143" HEIGHT="41" WC="0.92" CONTENT="stadgan"/><SP WIDTH="17" VPOS="1100" HPOS="1392"/>
							<String ID="string_198" HPOS="1409" VPOS="1102" WIDTH="195" HEIGHT="41" WC="0.90" CONTENT="fastslagen."/><SP WIDTH="36" VPOS="1102" HPOS="1604"/>
							<String ID="string_199" HPOS="1640" VPOS="1103" WIDTH="68" HEIGHT="32" WC="0.96" CONTENT="För"/><SP WIDTH="15" VPOS="1103" HPOS="1708"/>
							<String ID="string_200" HPOS="1723" VPOS="1106" WIDTH="51" HEIGHT="29" WC="0.96" CONTENT="att"/>
						</TextLine>
						<TextLine ID="line_21" HPOS="264" VPOS="1143" WIDTH="1514" HEIGHT="52">
							<String ID="string_201" HPOS="264" VPOS="1143" WIDTH="112" HEIGHT="31" WC="0.95" CONTENT="denna"/><SP WIDTH="22" VPOS="1143" HPOS="376"/>
							<String ID="string_202" HPOS="398" VPOS="1144" WIDTH="136" HEIGHT="41" WC="0.96" CONTENT="princip"/><SP WIDTH="25" VPOS="1144" HPOS="534"/>
							<String ID="string_203" HPOS="559" VPOS="1144" WIDTH="86" HEIGHT="32" WC="0.96" CONTENT="skall"/><SP WIDTH="23" VPOS="1144" HPOS="645"/>
							<String ID="string_204" HPOS="668" VPOS="1145" WIDTH="116" HEIGHT="32" WC="0.96" CONTENT="kunna"/><SP WIDTH="22" VPOS="1145" HPOS="784"/>
							<String ID="string_205" HPOS="806" VPOS="1147" WIDTH="11" HEIGHT="30" WC="0.95" CONTENT="i"/><SP WIDTH="24" VPOS="1147" HPOS="817"/>
							<String ID="string_206" HPOS="841" VPOS="1147" WIDTH="180" HEIGHT="41" WC="0.96" CONTENT="praktiken"/><SP WIDTH="21" VPOS="1147" HPOS="1021"/>
							<String ID="string_207" HPOS="1042" VPOS="1150" WIDTH="217" HEIGHT="39" WC="0.96" CONTENT="genomföras"/><SP WIDTH="16" VPOS="1150" HPOS="1259"/>
							<String ID="string_208" HPOS="1275" VPOS="1150" WIDTH="134" HEIGHT="32" WC="0.96" CONTENT="fordras"/><SP WIDTH="28" VPOS="1150" HPOS="1409"/>
							<String ID="string_209" HPOS="1437" VPOS="1153" WIDTH="190" HEIGHT="31" WC="0.93" CONTENT="emellertid"/><SP WIDTH="16" VPOS="1153" HPOS="1627"/>
							<String ID="string_210" HPOS="1643" VPOS="1165" WIDTH="135" HEIGHT="30" WC="0.92" CONTENT="uppen-"/>
						</TextLine>
						<TextLine ID="line_22" HPOS="266" VPOS="1193" WIDTH="1507" HEIGHT="51">
							<String ID="string_211" HPOS="266" VPOS="1193" WIDTH="164" HEIGHT="41" WC="0.89" CONTENT="barligen,"/><SP WIDTH="24" VPOS="1193" HPOS="430"/>
							<String ID="string_212" HPOS="454" VPOS="1196" WIDTH="50" HEIGHT="29" WC="0.96" CONTENT="att"/><SP WIDTH="23" VPOS="1196" HPOS="504"/>
							<String ID="string_213" HPOS="527" VPOS="1195" WIDTH="172" HEIGHT="31" WC="0.96" CONTENT="anstalten"/><SP WIDTH="23" VPOS="1195" HPOS="699"/>
							<String ID="string_214" HPOS="722" VPOS="1197" WIDTH="79" HEIGHT="40" WC="0.96" CONTENT="äger"/><SP WIDTH="23" VPOS="1197" HPOS="801"/>
							<String ID="string_215" HPOS="824" VPOS="1197" WIDTH="180" HEIGHT="41" WC="0.95" CONTENT="möjlighet"/><SP WIDTH="23" VPOS="1197" HPOS="1004"/>
							<String ID="string_216" HPOS="1027" VPOS="1199" WIDTH="53" HEIGHT="30" WC="0.96" CONTENT="till"/><SP WIDTH="23" VPOS="1199" HPOS="1080"/>
							<String ID="string_217" HPOS="1103" VPOS="1210" WIDTH="42" HEIGHT="20" WC="0.96" CONTENT="en"/><SP WIDTH="24" VPOS="1210" HPOS="1145"/>
							<String ID="string_218" HPOS="1169" VPOS="1200" WIDTH="215" HEIGHT="42" WC="0.96" CONTENT="uppdelning"/><SP WIDTH="22" VPOS="1200" HPOS="1384"/>
							<String ID="string_219" HPOS="1406" VPOS="1213" WIDTH="40" HEIGHT="19" WC="0.91" CONTENT="av"/><SP WIDTH="23" VPOS="1213" HPOS="1446"/>
							<String ID="string_220" HPOS="1469" VPOS="1204" WIDTH="304" HEIGHT="40" WC="0.91" CONTENT="tvångsarbetarna"/>
						</TextLine>
						<TextLine ID="line_23" HPOS="266" VPOS="1244" WIDTH="1508" HEIGHT="51">
							<String ID="string_221" HPOS="266" VPOS="1244" WIDTH="92" HEIGHT="31" WC="0.95" CONTENT="såväl"/><SP WIDTH="33" VPOS="1244" HPOS="358"/>
							<String ID="string_222" HPOS="391" VPOS="1244" WIDTH="12" HEIGHT="31" WC="0.91" CONTENT="i"/><SP WIDTH="34" VPOS="1244" HPOS="403"/>
							<String ID="string_223" HPOS="437" VPOS="1244" WIDTH="218" HEIGHT="42" WC="0.91" CONTENT="logementen"/><SP WIDTH="24" VPOS="1244" HPOS="655"/>
							<String ID="string_224" HPOS="679" VPOS="1257" WIDTH="74" HEIGHT="21" WC="0.95" CONTENT="som"/><SP WIDTH="24" VPOS="1257" HPOS="753"/>
							<String ID="string_225" HPOS="777" VPOS="1247" WIDTH="58" HEIGHT="32" WC="0.96" CONTENT="vid"/><SP WIDTH="22" VPOS="1247" HPOS="835"/>
							<String ID="string_226" HPOS="857" VPOS="1248" WIDTH="141" HEIGHT="32" WC="0.96" CONTENT="arbetet."/><SP WIDTH="49" VPOS="1248" HPOS="998"/>
							<String ID="string_227" HPOS="1047" VPOS="1249" WIDTH="113" HEIGHT="32" WC="0.93" CONTENT="Sådan"/><SP WIDTH="24" VPOS="1249" HPOS="1160"/>
							<String ID="string_228" HPOS="1184" VPOS="1251" WIDTH="180" HEIGHT="41" WC="0.96" CONTENT="möjlighet"/><SP WIDTH="23" VPOS="1251" HPOS="1364"/>
							<String ID="string_229" HPOS="1387" VPOS="1254" WIDTH="37" HEIGHT="29" WC="0.96" CONTENT="är"/><SP WIDTH="22" VPOS="1254" HPOS="1424"/>
							<String ID="string_230" HPOS="1446" VPOS="1253" WIDTH="153" HEIGHT="42" WC="0.96" CONTENT="tydligen"/><SP WIDTH="23" VPOS="1253" HPOS="1599"/>
							<String ID="string_231" HPOS="1622" VPOS="1254" WIDTH="75" HEIGHT="32" WC="0.96" CONTENT="icke"/><SP WIDTH="23" VPOS="1254" HPOS="1697"/>
							<String ID="string_232" HPOS="1720" VPOS="1255" WIDTH="54" HEIGHT="32" WC="0.96" CONTENT="för"/>
						</TextLine>
						<TextLine ID="line_24" HPOS="264" VPOS="1294" WIDTH="1508" HEIGHT="52">
							<String ID="string_233" HPOS="264" VPOS="1294" WIDTH="145" HEIGHT="39" WC="0.95" CONTENT="handen,"/><SP WIDTH="36" VPOS="1294" HPOS="409"/>
							<String ID="string_234" HPOS="445" VPOS="1297" WIDTH="38" HEIGHT="29" WC="0.96" CONTENT="så"/><SP WIDTH="22" VPOS="1297" HPOS="483"/>
							<String ID="string_235" HPOS="505" VPOS="1296" WIDTH="99" HEIGHT="41" WC="0.96" CONTENT="länge"/><SP WIDTH="24" VPOS="1296" HPOS="604"/>
							<String ID="string_236" HPOS="628" VPOS="1298" WIDTH="171" HEIGHT="31" WC="0.96" CONTENT="anstalten"/><SP WIDTH="25" VPOS="1298" HPOS="799"/>
							<String ID="string_237" HPOS="824" VPOS="1299" WIDTH="124" HEIGHT="31" WC="0.96" CONTENT="saknar"/><SP WIDTH="22" VPOS="1299" HPOS="948"/>
							<String ID="string_238" HPOS="970" VPOS="1311" WIDTH="154" HEIGHT="20" WC="0.92" CONTENT="resurser"/><SP WIDTH="24" VPOS="1311" HPOS="1124"/>
							<String ID="string_239" HPOS="1148" VPOS="1301" WIDTH="52" HEIGHT="31" WC="0.95" CONTENT="till"/><SP WIDTH="23" VPOS="1301" HPOS="1200"/>
							<String ID="string_240" HPOS="1223" VPOS="1301" WIDTH="233" HEIGHT="42" WC="0.96" CONTENT="betryggande"/><SP WIDTH="23" VPOS="1301" HPOS="1456"/>
							<String ID="string_241" HPOS="1479" VPOS="1303" WIDTH="165" HEIGHT="43" WC="0.96" CONTENT="isolering"/><SP WIDTH="22" VPOS="1303" HPOS="1644"/>
							<String ID="string_242" HPOS="1666" VPOS="1317" WIDTH="40" HEIGHT="19" WC="0.96" CONTENT="av"/><SP WIDTH="24" VPOS="1317" HPOS="1706"/>
							<String ID="string_243" HPOS="1730" VPOS="1306" WIDTH="42" HEIGHT="31" WC="0.96" CONTENT="de"/>
						</TextLine>
						<TextLine ID="line_25" HPOS="263" VPOS="1346" WIDTH="482" HEIGHT="33">
							<String ID="string_244" HPOS="263" VPOS="1347" WIDTH="88" HEIGHT="29" WC="0.93" CONTENT="mest"/><SP WIDTH="22" VPOS="1347" HPOS="351"/>
							<String ID="string_245" HPOS="373" VPOS="1346" WIDTH="148" HEIGHT="31" WC="0.91" CONTENT="asociala"/><SP WIDTH="23" VPOS="1346" HPOS="521"/>
							<String ID="string_246" HPOS="544" VPOS="1347" WIDTH="201" HEIGHT="32" WC="0.96" CONTENT="elementen."/>
						</TextLine>
					</TextBlock>
					<TextBlock ID="block_3" HPOS="263" VPOS="1395" WIDTH="1515" HEIGHT="501">
						<TextLine ID="line_26" HPOS="316" VPOS="1395" WIDTH="1455" HEIGHT="51">
							<String ID="string_247" HPOS="316" VPOS="1395" WIDTH="49" HEIGHT="31" WC="0.96" CONTENT="På"/><SP WIDTH="21" VPOS="1395" HPOS="365"/>
							<String ID="string_248" HPOS="386" VPOS="1396" WIDTH="112" HEIGHT="40" WC="0.96" CONTENT="grund"/><SP WIDTH="23" VPOS="1396" HPOS="498"/>
							<String ID="string_249" HPOS="521" VPOS="1408" WIDTH="40" HEIGHT="20" WC="0.96" CONTENT="av"/><SP WIDTH="23" VPOS="1408" HPOS="561"/>
							<String ID="string_250" HPOS="584" VPOS="1397" WIDTH="65" HEIGHT="31" WC="0.96" CONTENT="vad"/><SP WIDTH="22" VPOS="1397" HPOS="649"/>
							<String ID="string_251" HPOS="671" VPOS="1398" WIDTH="57" HEIGHT="41" WC="0.96" CONTENT="jag"/><SP WIDTH="22" VPOS="1398" HPOS="728"/>
							<String ID="string_252" HPOS="750" VPOS="1409" WIDTH="46" HEIGHT="20" WC="0.96" CONTENT="nu"/><SP WIDTH="23" VPOS="1409" HPOS="796"/>
							<String ID="string_253" HPOS="819" VPOS="1399" WIDTH="113" HEIGHT="31" WC="0.96" CONTENT="anfört"/><SP WIDTH="22" VPOS="1399" HPOS="932"/>
							<String ID="string_254" HPOS="954" VPOS="1400" WIDTH="51" HEIGHT="31" WC="0.96" CONTENT="får"/><SP WIDTH="14" VPOS="1400" HPOS="1005"/>
							<String ID="string_255" HPOS="1019" VPOS="1401" WIDTH="57" HEIGHT="41" WC="0.96" CONTENT="jag"/><SP WIDTH="14" VPOS="1401" HPOS="1076"/>
							<String ID="string_256" HPOS="1090" VPOS="1401" WIDTH="180" HEIGHT="42" WC="0.96" CONTENT="tillstyrka,"/><SP WIDTH="18" VPOS="1401" HPOS="1270"/>
							<String ID="string_257" HPOS="1288" VPOS="1404" WIDTH="50" HEIGHT="29" WC="0.96" CONTENT="att"/><SP WIDTH="15" VPOS="1404" HPOS="1338"/>
							<String ID="string_258" HPOS="1353" VPOS="1403" WIDTH="120" HEIGHT="42" WC="0.96" CONTENT="anslag"/><SP WIDTH="14" VPOS="1403" HPOS="1473"/>
							<String ID="string_259" HPOS="1487" VPOS="1404" WIDTH="53" HEIGHT="31" WC="0.96" CONTENT="för"/><SP WIDTH="14" VPOS="1404" HPOS="1540"/>
							<String ID="string_260" HPOS="1554" VPOS="1406" WIDTH="217" HEIGHT="40" WC="0.96" CONTENT="uppförande"/>
						</TextLine>
						<TextLine ID="line_27" HPOS="263" VPOS="1446" WIDTH="1513" HEIGHT="48">
							<String ID="string_261" HPOS="263" VPOS="1457" WIDTH="40" HEIGHT="19" WC="0.96" CONTENT="av"/><SP WIDTH="34" VPOS="1457" HPOS="303"/>
							<String ID="string_262" HPOS="337" VPOS="1457" WIDTH="42" HEIGHT="19" WC="0.95" CONTENT="en"/><SP WIDTH="35" VPOS="1457" HPOS="379"/>
							<String ID="string_263" HPOS="414" VPOS="1446" WIDTH="115" HEIGHT="32" WC="0.95" CONTENT="sluten"/><SP WIDTH="34" VPOS="1446" HPOS="529"/>
							<String ID="string_264" HPOS="563" VPOS="1447" WIDTH="184" HEIGHT="42" WC="0.95" CONTENT="avdelning"/><SP WIDTH="32" VPOS="1447" HPOS="747"/>
							<String ID="string_265" HPOS="779" VPOS="1449" WIDTH="57" HEIGHT="31" WC="0.93" CONTENT="vid"/><SP WIDTH="36" VPOS="1449" HPOS="836"/>
							<String ID="string_266" HPOS="872" VPOS="1449" WIDTH="328" HEIGHT="42" WC="0.31" CONTENT="Svartsjöanstalten"/><SP WIDTH="35" VPOS="1449" HPOS="1200"/>
							<String ID="string_267" HPOS="1235" VPOS="1452" WIDTH="143" HEIGHT="42" WC="0.96" CONTENT="beviljas"/><SP WIDTH="34" VPOS="1452" HPOS="1378"/>
							<String ID="string_268" HPOS="1412" VPOS="1454" WIDTH="53" HEIGHT="31" WC="0.96" CONTENT="för"/><SP WIDTH="21" VPOS="1454" HPOS="1465"/>
							<String ID="string_269" HPOS="1486" VPOS="1455" WIDTH="290" HEIGHT="33" WC="0.96" CONTENT="nästkommande"/>
						</TextLine>
						<TextLine ID="line_28" HPOS="264" VPOS="1496" WIDTH="1507" HEIGHT="50">
							<String ID="string_270" HPOS="264" VPOS="1496" WIDTH="175" HEIGHT="41" WC="0.95" CONTENT="budgetår."/><SP WIDTH="47" VPOS="1496" HPOS="439"/>
							<String ID="string_271" HPOS="486" VPOS="1497" WIDTH="76" HEIGHT="31" WC="0.96" CONTENT="Mot"/><SP WIDTH="33" VPOS="1497" HPOS="562"/>
							<String ID="string_272" HPOS="595" VPOS="1498" WIDTH="58" HEIGHT="31" WC="0.93" CONTENT="det"/><SP WIDTH="33" VPOS="1498" HPOS="653"/>
							<String ID="string_273" HPOS="686" VPOS="1499" WIDTH="286" HEIGHT="43" WC="0.91" CONTENT="ritningsförslag,"/><SP WIDTH="37" VPOS="1499" HPOS="972"/>
							<String ID="string_274" HPOS="1009" VPOS="1512" WIDTH="73" HEIGHT="20" WC="0.96" CONTENT="som"/><SP WIDTH="35" VPOS="1512" HPOS="1082"/>
							<String ID="string_275" HPOS="1117" VPOS="1513" WIDTH="40" HEIGHT="20" WC="0.95" CONTENT="av"/><SP WIDTH="28" VPOS="1513" HPOS="1157"/>
							<String ID="string_276" HPOS="1185" VPOS="1504" WIDTH="169" HEIGHT="40" WC="0.96" CONTENT="styrelsen"/><SP WIDTH="24" VPOS="1504" HPOS="1354"/>
							<String ID="string_277" HPOS="1378" VPOS="1504" WIDTH="176" HEIGHT="42" WC="0.96" CONTENT="framlagts"/><SP WIDTH="24" VPOS="1504" HPOS="1554"/>
							<String ID="string_278" HPOS="1578" VPOS="1506" WIDTH="64" HEIGHT="31" WC="0.96" CONTENT="och"/><SP WIDTH="23" VPOS="1506" HPOS="1642"/>
							<String ID="string_279" HPOS="1665" VPOS="1518" WIDTH="41" HEIGHT="19" WC="0.96" CONTENT="av"/><SP WIDTH="23" VPOS="1518" HPOS="1706"/>
							<String ID="string_280" HPOS="1729" VPOS="1507" WIDTH="42" HEIGHT="31" WC="0.96" CONTENT="de"/>
						</TextLine>
						<TextLine ID="line_29" HPOS="263" VPOS="1546" WIDTH="1510" HEIGHT="51">
							<String ID="string_281" HPOS="263" VPOS="1546" WIDTH="109" HEIGHT="31" WC="0.96" CONTENT="hörda"/><SP WIDTH="32" VPOS="1546" HPOS="372"/>
							<String ID="string_282" HPOS="404" VPOS="1547" WIDTH="284" HEIGHT="41" WC="0.96" CONTENT="myndigheterna"/><SP WIDTH="33" VPOS="1547" HPOS="688"/>
							<String ID="string_283" HPOS="721" VPOS="1549" WIDTH="146" HEIGHT="32" WC="0.96" CONTENT="lämnats"/><SP WIDTH="37" VPOS="1549" HPOS="867"/>
							<String ID="string_284" HPOS="904" VPOS="1552" WIDTH="79" HEIGHT="29" WC="0.96" CONTENT="utan"/><SP WIDTH="24" VPOS="1552" HPOS="983"/>
							<String ID="string_285" HPOS="1007" VPOS="1551" WIDTH="144" HEIGHT="39" WC="0.96" CONTENT="erinran,"/><SP WIDTH="25" VPOS="1551" HPOS="1151"/>
							<String ID="string_286" HPOS="1176" VPOS="1552" WIDTH="62" HEIGHT="31" WC="0.96" CONTENT="har"/><SP WIDTH="21" VPOS="1552" HPOS="1238"/>
							<String ID="string_287" HPOS="1259" VPOS="1553" WIDTH="56" HEIGHT="41" WC="0.96" CONTENT="jag"/><SP WIDTH="21" VPOS="1553" HPOS="1315"/>
							<String ID="string_288" HPOS="1336" VPOS="1554" WIDTH="74" HEIGHT="31" WC="0.96" CONTENT="icke"/><SP WIDTH="24" VPOS="1554" HPOS="1410"/>
							<String ID="string_289" HPOS="1434" VPOS="1555" WIDTH="186" HEIGHT="42" WC="0.95" CONTENT="anledning"/><SP WIDTH="22" VPOS="1555" HPOS="1620"/>
							<String ID="string_290" HPOS="1642" VPOS="1556" WIDTH="52" HEIGHT="31" WC="0.93" CONTENT="till"/><SP WIDTH="24" VPOS="1556" HPOS="1694"/>
							<String ID="string_291" HPOS="1718" VPOS="1568" WIDTH="55" HEIGHT="19" WC="0.92" CONTENT="an-"/>
						</TextLine>
						<TextLine ID="line_30" HPOS="264" VPOS="1596" WIDTH="1507" HEIGHT="51">
							<String ID="string_292" HPOS="264" VPOS="1596" WIDTH="186" HEIGHT="41" WC="0.92" CONTENT="märkning."/><SP WIDTH="47" VPOS="1596" HPOS="450"/>
							<String ID="string_293" HPOS="497" VPOS="1597" WIDTH="74" HEIGHT="31" WC="0.93" CONTENT="Vad"/><SP WIDTH="35" VPOS="1597" HPOS="571"/>
							<String ID="string_294" HPOS="606" VPOS="1598" WIDTH="403" HEIGHT="43" WC="0.90" CONTENT="kostnadsberäkningen"/><SP WIDTH="34" VPOS="1598" HPOS="1009"/>
							<String ID="string_295" HPOS="1043" VPOS="1604" WIDTH="112" HEIGHT="38" WC="0.95" CONTENT="angår,"/><SP WIDTH="36" VPOS="1604" HPOS="1155"/>
							<String ID="string_296" HPOS="1191" VPOS="1603" WIDTH="98" HEIGHT="30" WC="0.96" CONTENT="torde"/><SP WIDTH="24" VPOS="1603" HPOS="1289"/>
							<String ID="string_297" HPOS="1313" VPOS="1603" WIDTH="56" HEIGHT="31" WC="0.96" CONTENT="vid"/><SP WIDTH="25" VPOS="1603" HPOS="1369"/>
							<String ID="string_298" HPOS="1394" VPOS="1603" WIDTH="131" HEIGHT="32" WC="0.93" CONTENT="dennas"/><SP WIDTH="23" VPOS="1603" HPOS="1525"/>
							<String ID="string_299" HPOS="1548" VPOS="1607" WIDTH="223" HEIGHT="40" WC="0.91" CONTENT="uppgörande"/>
						</TextLine>
						<TextLine ID="line_31" HPOS="263" VPOS="1646" WIDTH="1509" HEIGHT="52">
							<String ID="string_300" HPOS="263" VPOS="1646" WIDTH="134" HEIGHT="41" WC="0.96" CONTENT="hänsyn"/><SP WIDTH="34" VPOS="1646" HPOS="397"/>
							<String ID="string_301" HPOS="431" VPOS="1646" WIDTH="86" HEIGHT="32" WC="0.96" CONTENT="hava"/><SP WIDTH="23" VPOS="1646" HPOS="517"/>
							<String ID="string_302" HPOS="540" VPOS="1648" WIDTH="104" HEIGHT="41" WC="0.96" CONTENT="tagits"/><SP WIDTH="24" VPOS="1648" HPOS="644"/>
							<String ID="string_303" HPOS="668" VPOS="1648" WIDTH="53" HEIGHT="31" WC="0.96" CONTENT="till"/><SP WIDTH="24" VPOS="1648" HPOS="721"/>
							<String ID="string_304" HPOS="745" VPOS="1651" WIDTH="49" HEIGHT="29" WC="0.93" CONTENT="att"/><SP WIDTH="23" VPOS="1651" HPOS="794"/>
							<String ID="string_305" HPOS="817" VPOS="1650" WIDTH="191" HEIGHT="32" WC="0.91" CONTENT="anstaltens"/><SP WIDTH="23" VPOS="1650" HPOS="1008"/>
							<String ID="string_306" HPOS="1031" VPOS="1651" WIDTH="339" HEIGHT="42" WC="0.92" CONTENT="befattningshavare"/><SP WIDTH="24" VPOS="1651" HPOS="1370"/>
							<String ID="string_307" HPOS="1394" VPOS="1654" WIDTH="64" HEIGHT="31" WC="0.96" CONTENT="och"/><SP WIDTH="23" VPOS="1654" HPOS="1458"/>
							<String ID="string_308" HPOS="1481" VPOS="1654" WIDTH="196" HEIGHT="33" WC="0.93" CONTENT="internerad"/><SP WIDTH="23" VPOS="1654" HPOS="1677"/>
							<String ID="string_309" HPOS="1700" VPOS="1668" WIDTH="72" HEIGHT="30" WC="0.91" CONTENT="per-"/>
						</TextLine>
						<TextLine ID="line_32" HPOS="265" VPOS="1697" WIDTH="1507" HEIGHT="44">
							<String ID="string_310" HPOS="265" VPOS="1697" WIDTH="98" HEIGHT="31" WC="0.92" CONTENT="sonal"/><SP WIDTH="34" VPOS="1697" HPOS="363"/>
							<String ID="string_311" HPOS="397" VPOS="1697" WIDTH="12" HEIGHT="31" WC="0.96" CONTENT="i"/><SP WIDTH="34" VPOS="1697" HPOS="409"/>
							<String ID="string_312" HPOS="443" VPOS="1699" WIDTH="73" HEIGHT="30" WC="0.96" CONTENT="stor"/><SP WIDTH="34" VPOS="1699" HPOS="516"/>
							<String ID="string_313" HPOS="550" VPOS="1699" WIDTH="238" HEIGHT="42" WC="0.96" CONTENT="utsträckning"/><SP WIDTH="27" VPOS="1699" HPOS="788"/>
							<String ID="string_314" HPOS="815" VPOS="1700" WIDTH="168" HEIGHT="33" WC="0.96" CONTENT="beräknas"/><SP WIDTH="22" VPOS="1700" HPOS="983"/>
							<String ID="string_315" HPOS="1005" VPOS="1701" WIDTH="116" HEIGHT="32" WC="0.96" CONTENT="kunna"/><SP WIDTH="23" VPOS="1701" HPOS="1121"/>
							<String ID="string_316" HPOS="1144" VPOS="1703" WIDTH="174" HEIGHT="32" WC="0.96" CONTENT="användas"/><SP WIDTH="24" VPOS="1703" HPOS="1318"/>
							<String ID="string_317" HPOS="1342" VPOS="1704" WIDTH="56" HEIGHT="31" WC="0.96" CONTENT="vid"/><SP WIDTH="23" VPOS="1704" HPOS="1398"/>
							<String ID="string_318" HPOS="1421" VPOS="1705" WIDTH="93" HEIGHT="31" WC="0.96" CONTENT="vissa"/><SP WIDTH="22" VPOS="1705" HPOS="1514"/>
							<String ID="string_319" HPOS="1536" VPOS="1717" WIDTH="41" HEIGHT="20" WC="0.96" CONTENT="av"/><SP WIDTH="22" VPOS="1717" HPOS="1577"/>
							<String ID="string_320" HPOS="1599" VPOS="1707" WIDTH="173" HEIGHT="31" WC="0.96" CONTENT="arbetena."/>
						</TextLine>
						<TextLine ID="line_33" HPOS="263" VPOS="1747" WIDTH="1510" HEIGHT="52">
							<String ID="string_321" HPOS="263" VPOS="1747" WIDTH="68" HEIGHT="41" WC="0.96" CONTENT="Jag"/><SP WIDTH="22" VPOS="1747" HPOS="331"/>
							<String ID="string_322" HPOS="353" VPOS="1759" WIDTH="101" HEIGHT="20" WC="0.96" CONTENT="anser"/><SP WIDTH="22" VPOS="1759" HPOS="454"/>
							<String ID="string_323" HPOS="476" VPOS="1749" WIDTH="70" HEIGHT="41" WC="0.96" CONTENT="mig"/><SP WIDTH="23" VPOS="1749" HPOS="546"/>
							<String ID="string_324" HPOS="569" VPOS="1749" WIDTH="87" HEIGHT="32" WC="0.96" CONTENT="dock"/><SP WIDTH="23" VPOS="1749" HPOS="656"/>
							<String ID="string_325" HPOS="679" VPOS="1750" WIDTH="12" HEIGHT="31" WC="0.96" CONTENT="i"/><SP WIDTH="16" VPOS="1750" HPOS="691"/>
							<String ID="string_326" HPOS="707" VPOS="1750" WIDTH="224" HEIGHT="33" WC="0.96" CONTENT="betraktande"/><SP WIDTH="16" VPOS="1750" HPOS="931"/>
							<String ID="string_327" HPOS="947" VPOS="1763" WIDTH="41" HEIGHT="20" WC="0.96" CONTENT="av"/><SP WIDTH="16" VPOS="1763" HPOS="988"/>
							<String ID="string_328" HPOS="1004" VPOS="1754" WIDTH="234" HEIGHT="40" WC="0.96" CONTENT="nyssnämnda"/><SP WIDTH="16" VPOS="1754" HPOS="1238"/>
							<String ID="string_329" HPOS="1254" VPOS="1755" WIDTH="257" HEIGHT="42" WC="0.96" CONTENT="omständighet"/><SP WIDTH="15" VPOS="1755" HPOS="1511"/>
							<String ID="string_330" HPOS="1526" VPOS="1756" WIDTH="115" HEIGHT="32" WC="0.93" CONTENT="kunna"/><SP WIDTH="14" VPOS="1756" HPOS="1641"/>
							<String ID="string_331" HPOS="1655" VPOS="1757" WIDTH="118" HEIGHT="42" WC="0.91" CONTENT="ifråga-"/>
						</TextLine>
						<TextLine ID="line_34" HPOS="266" VPOS="1799" WIDTH="1512" HEIGHT="50">
							<String ID="string_332" HPOS="266" VPOS="1800" WIDTH="90" HEIGHT="29" WC="0.96" CONTENT="sätta"/><SP WIDTH="21" VPOS="1800" HPOS="356"/>
							<String ID="string_333" HPOS="377" VPOS="1800" WIDTH="113" HEIGHT="40" WC="0.96" CONTENT="någon"/><SP WIDTH="23" VPOS="1800" HPOS="490"/>
							<String ID="string_334" HPOS="513" VPOS="1799" WIDTH="199" HEIGHT="42" WC="0.96" CONTENT="minskning"/><SP WIDTH="24" VPOS="1799" HPOS="712"/>
							<String ID="string_335" HPOS="736" VPOS="1812" WIDTH="40" HEIGHT="20" WC="0.96" CONTENT="av"/><SP WIDTH="23" VPOS="1812" HPOS="776"/>
							<String ID="string_336" HPOS="799" VPOS="1801" WIDTH="59" HEIGHT="31" WC="0.96" CONTENT="det"/><SP WIDTH="22" VPOS="1801" HPOS="858"/>
							<String ID="string_337" HPOS="880" VPOS="1802" WIDTH="150" HEIGHT="41" WC="0.96" CONTENT="begärda"/><SP WIDTH="22" VPOS="1802" HPOS="1030"/>
							<String ID="string_338" HPOS="1052" VPOS="1803" WIDTH="174" HEIGHT="42" WC="0.93" CONTENT="beloppet,"/><SP WIDTH="24" VPOS="1803" HPOS="1226"/>
							<String ID="string_339" HPOS="1250" VPOS="1805" WIDTH="137" HEIGHT="38" WC="0.92" CONTENT="307,000"/><SP WIDTH="15" VPOS="1805" HPOS="1387"/>
							<String ID="string_340" HPOS="1402" VPOS="1806" WIDTH="136" HEIGHT="31" WC="0.96" CONTENT="kronor."/><SP WIDTH="28" VPOS="1806" HPOS="1538"/>
							<String ID="string_341" HPOS="1566" VPOS="1807" WIDTH="62" HEIGHT="31" WC="0.96" CONTENT="Ett"/><SP WIDTH="15" VPOS="1807" HPOS="1628"/>
							<String ID="string_342" HPOS="1643" VPOS="1807" WIDTH="135" HEIGHT="42" WC="0.95" CONTENT="belopp"/>
						</TextLine>
						<TextLine ID="line_35" HPOS="264" VPOS="1849" WIDTH="1201" HEIGHT="47">
							<String ID="string_343" HPOS="264" VPOS="1860" WIDTH="40" HEIGHT="19" WC="0.93" CONTENT="av"/><SP WIDTH="23" VPOS="1860" HPOS="304"/>
							<String ID="string_344" HPOS="327" VPOS="1849" WIDTH="137" HEIGHT="37" WC="0.90" CONTENT="300,000"/><SP WIDTH="22" VPOS="1849" HPOS="464"/>
							<String ID="string_345" HPOS="486" VPOS="1849" WIDTH="128" HEIGHT="32" WC="0.95" CONTENT="kronor"/><SP WIDTH="22" VPOS="1849" HPOS="614"/>
							<String ID="string_346" HPOS="636" VPOS="1851" WIDTH="99" HEIGHT="31" WC="0.95" CONTENT="torde"/><SP WIDTH="24" VPOS="1851" HPOS="735"/>
							<String ID="string_347" HPOS="759" VPOS="1851" WIDTH="107" HEIGHT="41" WC="0.96" CONTENT="enligt"/><SP WIDTH="22" VPOS="1851" HPOS="866"/>
							<String ID="string_348" HPOS="888" VPOS="1852" WIDTH="70" HEIGHT="31" WC="0.96" CONTENT="min"/><SP WIDTH="24" VPOS="1852" HPOS="958"/>
							<String ID="string_349" HPOS="982" VPOS="1853" WIDTH="139" HEIGHT="41" WC="0.96" CONTENT="mening"/><SP WIDTH="22" VPOS="1853" HPOS="1121"/>
							<String ID="string_350" HPOS="1143" VPOS="1854" WIDTH="92" HEIGHT="31" WC="0.96" CONTENT="bliva"/><SP WIDTH="23" VPOS="1854" HPOS="1235"/>
							<String ID="string_351" HPOS="1258" VPOS="1855" WIDTH="207" HEIGHT="41" WC="0.96" CONTENT="tillräckligt."/>
						</TextLine>
					</TextBlock>
					<TextBlock ID="block_4" HPOS="264" VPOS="1899" WIDTH="1510" HEIGHT="249">
						<TextLine ID="line_36" HPOS="316" VPOS="1899" WIDTH="1458" HEIGHT="45">
							<String ID="string_352" HPOS="316" VPOS="1899" WIDTH="119" HEIGHT="41" WC="0.95" CONTENT="Enligt"/><SP WIDTH="33" VPOS="1899" HPOS="435"/>
							<String ID="string_353" HPOS="468" VPOS="1899" WIDTH="64" HEIGHT="31" WC="0.96" CONTENT="vad"/><SP WIDTH="32" VPOS="1899" HPOS="532"/>
							<String ID="string_354" HPOS="564" VPOS="1900" WIDTH="57" HEIGHT="41" WC="0.96" CONTENT="jag"/><SP WIDTH="22" VPOS="1900" HPOS="621"/>
							<String ID="string_355" HPOS="643" VPOS="1901" WIDTH="74" HEIGHT="30" WC="0.93" CONTENT="från"/><SP WIDTH="23" VPOS="1901" HPOS="717"/>
							<String ID="string_356" HPOS="740" VPOS="1901" WIDTH="319" HEIGHT="42" WC="0.92" CONTENT="anstaltsstyrelsen"/><SP WIDTH="22" VPOS="1901" HPOS="1059"/>
							<String ID="string_357" HPOS="1081" VPOS="1903" WIDTH="178" HEIGHT="39" WC="0.96" CONTENT="inhämtat,"/><SP WIDTH="24" VPOS="1903" HPOS="1259"/>
							<String ID="string_358" HPOS="1283" VPOS="1906" WIDTH="36" HEIGHT="29" WC="0.96" CONTENT="är"/><SP WIDTH="23" VPOS="1906" HPOS="1319"/>
							<String ID="string_359" HPOS="1342" VPOS="1905" WIDTH="58" HEIGHT="31" WC="0.96" CONTENT="det"/><SP WIDTH="23" VPOS="1905" HPOS="1400"/>
							<String ID="string_360" HPOS="1423" VPOS="1908" WIDTH="111" HEIGHT="29" WC="0.96" CONTENT="avsett"/><SP WIDTH="23" VPOS="1908" HPOS="1534"/>
							<String ID="string_361" HPOS="1557" VPOS="1909" WIDTH="58" HEIGHT="35" WC="0.95" CONTENT="att,"/><SP WIDTH="25" VPOS="1909" HPOS="1615"/>
							<String ID="string_362" HPOS="1640" VPOS="1918" WIDTH="55" HEIGHT="20" WC="0.90" CONTENT="om"/><SP WIDTH="24" VPOS="1918" HPOS="1695"/>
							<String ID="string_363" HPOS="1719" VPOS="1918" WIDTH="55" HEIGHT="20" WC="0.90" CONTENT="an-"/>
						</TextLine>
						<TextLine ID="line_37" HPOS="265" VPOS="1949" WIDTH="1508" HEIGHT="49">
							<String ID="string_364" HPOS="265" VPOS="1949" WIDTH="72" HEIGHT="42" WC="0.96" CONTENT="slag"/><SP WIDTH="22" VPOS="1949" HPOS="337"/>
							<String ID="string_365" HPOS="359" VPOS="1949" WIDTH="53" HEIGHT="32" WC="0.96" CONTENT="för"/><SP WIDTH="22" VPOS="1949" HPOS="412"/>
							<String ID="string_366" HPOS="434" VPOS="1949" WIDTH="194" HEIGHT="33" WC="0.96" CONTENT="ändamålet"/><SP WIDTH="22" VPOS="1949" HPOS="628"/>
							<String ID="string_367" HPOS="650" VPOS="1951" WIDTH="154" HEIGHT="41" WC="0.95" CONTENT="beviljas,"/><SP WIDTH="23" VPOS="1951" HPOS="804"/>
							<String ID="string_368" HPOS="827" VPOS="1951" WIDTH="141" HEIGHT="32" WC="0.96" CONTENT="bedriva"/><SP WIDTH="23" VPOS="1951" HPOS="968"/>
							<String ID="string_369" HPOS="991" VPOS="1953" WIDTH="163" HEIGHT="32" WC="0.96" CONTENT="arbetena"/><SP WIDTH="22" VPOS="1953" HPOS="1154"/>
							<String ID="string_370" HPOS="1176" VPOS="1954" WIDTH="11" HEIGHT="31" WC="0.96" CONTENT="i"/><SP WIDTH="24" VPOS="1954" HPOS="1187"/>
							<String ID="string_371" HPOS="1211" VPOS="1954" WIDTH="107" HEIGHT="32" WC="0.96" CONTENT="sådan"/><SP WIDTH="16" VPOS="1954" HPOS="1318"/>
							<String ID="string_372" HPOS="1334" VPOS="1955" WIDTH="82" HEIGHT="39" WC="0.96" CONTENT="takt,"/><SP WIDTH="17" VPOS="1955" HPOS="1416"/>
							<String ID="string_373" HPOS="1433" VPOS="1958" WIDTH="50" HEIGHT="29" WC="0.96" CONTENT="att"/><SP WIDTH="15" VPOS="1958" HPOS="1483"/>
							<String ID="string_374" HPOS="1498" VPOS="1956" WIDTH="204" HEIGHT="42" WC="0.95" CONTENT="byggnaden"/><SP WIDTH="16" VPOS="1956" HPOS="1702"/>
							<String ID="string_375" HPOS="1718" VPOS="1960" WIDTH="55" HEIGHT="29" WC="0.96" CONTENT="må"/>
						</TextLine>
						<TextLine ID="line_38" HPOS="264" VPOS="2001" WIDTH="1510" HEIGHT="48">
							<String ID="string_376" HPOS="264" VPOS="2001" WIDTH="116" HEIGHT="30" WC="0.96" CONTENT="kunna"/><SP WIDTH="22" VPOS="2001" HPOS="380"/>
							<String ID="string_377" HPOS="402" VPOS="2012" WIDTH="79" HEIGHT="20" WC="0.95" CONTENT="vara"/><SP WIDTH="21" VPOS="2012" HPOS="481"/>
							<String ID="string_378" HPOS="502" VPOS="2001" WIDTH="112" HEIGHT="41" WC="0.94" CONTENT="färdig"/><SP WIDTH="22" VPOS="2001" HPOS="614"/>
							<String ID="string_379" HPOS="636" VPOS="2002" WIDTH="157" HEIGHT="41" WC="0.96" CONTENT="omkring"/><SP WIDTH="23" VPOS="2002" HPOS="793"/>
							<String ID="string_380" HPOS="816" VPOS="2002" WIDTH="64" HEIGHT="32" WC="0.96" CONTENT="den"/><SP WIDTH="28" VPOS="2002" HPOS="880"/>
							<String ID="string_381" HPOS="908" VPOS="2004" WIDTH="14" HEIGHT="30" WC="0.96" CONTENT="1"/><SP WIDTH="24" VPOS="2004" HPOS="922"/>
							<String ID="string_382" HPOS="946" VPOS="2003" WIDTH="64" HEIGHT="42" WC="0.96" CONTENT="juli"/><SP WIDTH="26" VPOS="2003" HPOS="1010"/>
							<String ID="string_383" HPOS="1036" VPOS="2005" WIDTH="88" HEIGHT="30" WC="0.93" CONTENT="1927."/><SP WIDTH="47" VPOS="2005" HPOS="1124"/>
							<String ID="string_384" HPOS="1171" VPOS="2005" WIDTH="82" HEIGHT="31" WC="0.96" CONTENT="Med"/><SP WIDTH="23" VPOS="2005" HPOS="1253"/>
							<String ID="string_385" HPOS="1276" VPOS="2005" WIDTH="134" HEIGHT="42" WC="0.96" CONTENT="hänsyn"/><SP WIDTH="23" VPOS="2005" HPOS="1410"/>
							<String ID="string_386" HPOS="1433" VPOS="2007" WIDTH="116" HEIGHT="31" WC="0.95" CONTENT="härtill"/><SP WIDTH="24" VPOS="2007" HPOS="1549"/>
							<String ID="string_387" HPOS="1573" VPOS="2019" WIDTH="103" HEIGHT="30" WC="0.96" CONTENT="synes"/><SP WIDTH="20" VPOS="2019" HPOS="1676"/>
							<String ID="string_388" HPOS="1696" VPOS="2009" WIDTH="78" HEIGHT="31" WC="0.96" CONTENT="hela"/>
						</TextLine>
						<TextLine ID="line_39" HPOS="265" VPOS="2050" WIDTH="1509" HEIGHT="48">
							<String ID="string_389" HPOS="265" VPOS="2050" WIDTH="58" HEIGHT="32" WC="0.96" CONTENT="det"/><SP WIDTH="30" VPOS="2050" HPOS="323"/>
							<String ID="string_390" HPOS="353" VPOS="2051" WIDTH="221" HEIGHT="42" WC="0.95" CONTENT="erforderliga"/><SP WIDTH="22" VPOS="2051" HPOS="574"/>
							<String ID="string_391" HPOS="596" VPOS="2052" WIDTH="165" HEIGHT="41" WC="0.96" CONTENT="beloppet"/><SP WIDTH="22" VPOS="2052" HPOS="761"/>
							<String ID="string_392" HPOS="783" VPOS="2053" WIDTH="84" HEIGHT="31" WC="0.97" CONTENT="böra"/><SP WIDTH="23" VPOS="2053" HPOS="867"/>
							<String ID="string_393" HPOS="890" VPOS="2054" WIDTH="137" HEIGHT="31" WC="0.96" CONTENT="anvisas"/><SP WIDTH="23" VPOS="2054" HPOS="1027"/>
							<String ID="string_394" HPOS="1050" VPOS="2055" WIDTH="52" HEIGHT="30" WC="0.96" CONTENT="för"/><SP WIDTH="22" VPOS="2055" HPOS="1102"/>
							<String ID="string_395" HPOS="1124" VPOS="2055" WIDTH="284" HEIGHT="32" WC="0.96" CONTENT="nästkommande"/><SP WIDTH="24" VPOS="2055" HPOS="1408"/>
							<String ID="string_396" HPOS="1432" VPOS="2057" WIDTH="177" HEIGHT="41" WC="0.93" CONTENT="budgetår."/><SP WIDTH="45" VPOS="2057" HPOS="1609"/>
							<String ID="string_397" HPOS="1654" VPOS="2059" WIDTH="120" HEIGHT="30" WC="0.92" CONTENT="Ansla-"/>
						</TextLine>
						<TextLine ID="line_40" HPOS="264" VPOS="2101" WIDTH="1275" HEIGHT="47">
							<String ID="string_398" HPOS="264" VPOS="2103" WIDTH="56" HEIGHT="38" WC="0.96" CONTENT="get"/><SP WIDTH="24" VPOS="2103" HPOS="320"/>
							<String ID="string_399" HPOS="344" VPOS="2101" WIDTH="98" HEIGHT="31" WC="0.96" CONTENT="torde"/><SP WIDTH="24" VPOS="2101" HPOS="442"/>
							<String ID="string_400" HPOS="466" VPOS="2102" WIDTH="191" HEIGHT="31" WC="0.96" CONTENT="emellertid"/><SP WIDTH="23" VPOS="2102" HPOS="657"/>
							<String ID="string_401" HPOS="680" VPOS="2103" WIDTH="84" HEIGHT="31" WC="0.95" CONTENT="böra"/><SP WIDTH="23" VPOS="2103" HPOS="764"/>
							<String ID="string_402" HPOS="787" VPOS="2103" WIDTH="127" HEIGHT="31" WC="0.95" CONTENT="erhålla"/><SP WIDTH="22" VPOS="2103" HPOS="914"/>
							<String ID="string_403" HPOS="936" VPOS="2103" WIDTH="158" HEIGHT="32" WC="0.96" CONTENT="karaktär"/><SP WIDTH="23" VPOS="2103" HPOS="1094"/>
							<String ID="string_404" HPOS="1117" VPOS="2116" WIDTH="41" HEIGHT="20" WC="0.92" CONTENT="av"/><SP WIDTH="22" VPOS="2116" HPOS="1158"/>
							<String ID="string_405" HPOS="1180" VPOS="2106" WIDTH="359" HEIGHT="42" WC="0.90" CONTENT="reservationsanslag."/>
						</TextLine>
					</TextBlock>
					<TextBlock ID="block_5" HPOS="264" VPOS="2151" WIDTH="1513" HEIGHT="194">
						<TextLine ID="line_41" HPOS="318" VPOS="2151" WIDTH="1456" HEIGHT="49">
							<String ID="string_406" HPOS="318" VPOS="2151" WIDTH="50" HEIGHT="31" WC="0.96" CONTENT="På"/><SP WIDTH="33" VPOS="2151" HPOS="368"/>
							<String ID="string_407" HPOS="401" VPOS="2153" WIDTH="68" HEIGHT="30" WC="0.93" CONTENT="sätt"/><SP WIDTH="34" VPOS="2153" HPOS="469"/>
							<String ID="string_408" HPOS="503" VPOS="2152" WIDTH="351" HEIGHT="42" WC="0.91" CONTENT="byggnadsstyrelsen"/><SP WIDTH="33" VPOS="2152" HPOS="854"/>
							<String ID="string_409" HPOS="887" VPOS="2153" WIDTH="187" HEIGHT="42" WC="0.96" CONTENT="ifrågasatt,"/><SP WIDTH="29" VPOS="2153" HPOS="1074"/>
							<String ID="string_410" HPOS="1103" VPOS="2166" WIDTH="103" HEIGHT="30" WC="0.96" CONTENT="synes"/><SP WIDTH="24" VPOS="2166" HPOS="1206"/>
							<String ID="string_411" HPOS="1230" VPOS="2156" WIDTH="58" HEIGHT="31" WC="0.96" CONTENT="det"/><SP WIDTH="22" VPOS="2156" HPOS="1288"/>
							<String ID="string_412" HPOS="1310" VPOS="2167" WIDTH="79" HEIGHT="20" WC="0.93" CONTENT="vara"/><SP WIDTH="22" VPOS="2167" HPOS="1389"/>
							<String ID="string_413" HPOS="1411" VPOS="2157" WIDTH="166" HEIGHT="42" WC="0.89" CONTENT="Jämpligt,"/><SP WIDTH="24" VPOS="2157" HPOS="1577"/>
							<String ID="string_414" HPOS="1601" VPOS="2160" WIDTH="51" HEIGHT="29" WC="0.93" CONTENT="att"/><SP WIDTH="21" VPOS="2160" HPOS="1652"/>
							<String ID="string_415" HPOS="1673" VPOS="2158" WIDTH="101" HEIGHT="42" WC="0.91" CONTENT="bygg-"/>
						</TextLine>
						<TextLine ID="line_42" HPOS="269" VPOS="2202" WIDTH="1508" HEIGHT="48">
							<String ID="string_416" HPOS="269" VPOS="2202" WIDTH="251" HEIGHT="32" WC="0.91" CONTENT="nadsarbetena"/><SP WIDTH="24" VPOS="2202" HPOS="520"/>
							<String ID="string_417" HPOS="544" VPOS="2203" WIDTH="131" HEIGHT="31" WC="0.96" CONTENT="utföras"/><SP WIDTH="23" VPOS="2203" HPOS="675"/>
							<String ID="string_418" HPOS="698" VPOS="2214" WIDTH="123" HEIGHT="31" WC="0.93" CONTENT="genom"/><SP WIDTH="23" VPOS="2214" HPOS="821"/>
							<String ID="string_419" HPOS="844" VPOS="2204" WIDTH="371" HEIGHT="42" WC="0.90" CONTENT="byggnadsstyrelsens"/><SP WIDTH="23" VPOS="2204" HPOS="1215"/>
							<String ID="string_420" HPOS="1238" VPOS="2206" WIDTH="143" HEIGHT="42" WC="0.96" CONTENT="försorg,"/><SP WIDTH="24" VPOS="2206" HPOS="1381"/>
							<String ID="string_421" HPOS="1405" VPOS="2207" WIDTH="106" HEIGHT="32" WC="0.96" CONTENT="vilket"/><SP WIDTH="21" VPOS="2207" HPOS="1511"/>
							<String ID="string_422" HPOS="1532" VPOS="2208" WIDTH="145" HEIGHT="42" WC="0.96" CONTENT="givetvis"/><SP WIDTH="23" VPOS="2208" HPOS="1677"/>
							<String ID="string_423" HPOS="1700" VPOS="2209" WIDTH="77" HEIGHT="32" WC="0.96" CONTENT="icke"/>
						</TextLine>
						<TextLine ID="line_43" HPOS="265" VPOS="2253" WIDTH="1510" HEIGHT="47">
							<String ID="string_424" HPOS="265" VPOS="2254" WIDTH="102" HEIGHT="40" WC="0.96" CONTENT="utgör"/><SP WIDTH="22" VPOS="2254" HPOS="367"/>
							<String ID="string_425" HPOS="389" VPOS="2253" WIDTH="123" HEIGHT="32" WC="0.96" CONTENT="hinder"/><SP WIDTH="22" VPOS="2253" HPOS="512"/>
							<String ID="string_426" HPOS="534" VPOS="2254" WIDTH="53" HEIGHT="31" WC="0.95" CONTENT="för"/><SP WIDTH="23" VPOS="2254" HPOS="587"/>
							<String ID="string_427" HPOS="610" VPOS="2255" WIDTH="49" HEIGHT="30" WC="0.93" CONTENT="att"/><SP WIDTH="23" VPOS="2255" HPOS="659"/>
							<String ID="string_428" HPOS="682" VPOS="2256" WIDTH="20" HEIGHT="29" WC="0.91" CONTENT="å"/><SP WIDTH="22" VPOS="2256" HPOS="702"/>
							<String ID="string_429" HPOS="724" VPOS="2255" WIDTH="171" HEIGHT="31" WC="0.95" CONTENT="anstalten"/><SP WIDTH="24" VPOS="2255" HPOS="895"/>
							<String ID="string_430" HPOS="919" VPOS="2255" WIDTH="139" HEIGHT="42" WC="0.96" CONTENT="intagen"/><SP WIDTH="23" VPOS="2255" HPOS="1058"/>
							<String ID="string_431" HPOS="1081" VPOS="2257" WIDTH="161" HEIGHT="40" WC="0.96" CONTENT="personal"/><SP WIDTH="24" VPOS="2257" HPOS="1242"/>
							<String ID="string_432" HPOS="1266" VPOS="2257" WIDTH="10" HEIGHT="31" WC="0.96" CONTENT="i"/><SP WIDTH="24" VPOS="2257" HPOS="1276"/>
							<String ID="string_433" HPOS="1300" VPOS="2259" WIDTH="128" HEIGHT="30" WC="0.96" CONTENT="största"/><SP WIDTH="23" VPOS="2259" HPOS="1428"/>
							<String ID="string_434" HPOS="1451" VPOS="2259" WIDTH="140" HEIGHT="41" WC="0.93" CONTENT="möjliga"/><SP WIDTH="19" VPOS="2259" HPOS="1591"/>
							<String ID="string_435" HPOS="1610" VPOS="2260" WIDTH="165" HEIGHT="31" WC="0.48" CONTENT="utsträck-"/>
						</TextLine>
						<TextLine ID="line_44" HPOS="264" VPOS="2303" WIDTH="817" HEIGHT="42">
							<String ID="string_436" HPOS="264" VPOS="2303" WIDTH="83" HEIGHT="42" WC="0.96" CONTENT="ning"/><SP WIDTH="22" VPOS="2303" HPOS="347"/>
							<String ID="string_437" HPOS="369" VPOS="2304" WIDTH="153" HEIGHT="31" WC="0.96" CONTENT="kommer"/><SP WIDTH="22" VPOS="2304" HPOS="522"/>
							<String ID="string_438" HPOS="544" VPOS="2306" WIDTH="50" HEIGHT="29" WC="0.96" CONTENT="att"/><SP WIDTH="22" VPOS="2306" HPOS="594"/>
							<String ID="string_439" HPOS="616" VPOS="2305" WIDTH="173" HEIGHT="31" WC="0.96" CONTENT="användas"/><SP WIDTH="23" VPOS="2305" HPOS="789"/>
							<String ID="string_440" HPOS="812" VPOS="2305" WIDTH="57" HEIGHT="31" WC="0.96" CONTENT="vid"/><SP WIDTH="23" VPOS="2305" HPOS="869"/>
							<String ID="string_441" HPOS="892" VPOS="2306" WIDTH="189" HEIGHT="31" WC="0.96" CONTENT="arbetena.»"/>
						</TextLine>
					</TextBlock>
				</ComposedBlock>
				<ComposedBlock ID="cblock_3" HPOS="308" VPOS="2405" WIDTH="1468" HEIGHT="48">
					<TextBlock ID="block_6" HPOS="308" VPOS="2405" WIDTH="1468" HEIGHT="48">
						<TextLine ID="line_45" HPOS="308" VPOS="2405" WIDTH="1468" HEIGHT="48">
							<String ID="string_442" HPOS="308" VPOS="2406" WIDTH="18" HEIGHT="30" WC="0.96" CONTENT="I"/><SP WIDTH="24" VPOS="2406" HPOS="326"/>
							<String ID="string_443" HPOS="350" VPOS="2405" WIDTH="110" HEIGHT="32" WC="0.96" CONTENT="likhet"/><SP WIDTH="23" VPOS="2405" HPOS="460"/>
							<String ID="string_444" HPOS="483" VPOS="2406" WIDTH="77" HEIGHT="31" WC="0.92" CONTENT="med"/><SP WIDTH="24" VPOS="2406" HPOS="560"/>
							<String ID="string_445" HPOS="584" VPOS="2407" WIDTH="380" HEIGHT="40" WC="0.92" CONTENT="departementschefen"/><SP WIDTH="24" VPOS="2407" HPOS="964"/>
							<String ID="string_446" HPOS="988" VPOS="2408" WIDTH="61" HEIGHT="30" WC="0.96" CONTENT="har"/><SP WIDTH="23" VPOS="2408" HPOS="1049"/>
							<String ID="string_447" HPOS="1072" VPOS="2408" WIDTH="169" HEIGHT="31" WC="0.96" CONTENT="utskottet"/><SP WIDTH="23" VPOS="2408" HPOS="1241"/>
							<String ID="string_448" HPOS="1264" VPOS="2411" WIDTH="122" HEIGHT="36" WC="0.96" CONTENT="ansett,"/><SP WIDTH="25" VPOS="2411" HPOS="1386"/>
							<String ID="string_449" HPOS="1411" VPOS="2412" WIDTH="51" HEIGHT="29" WC="0.96" CONTENT="att"/><SP WIDTH="23" VPOS="2412" HPOS="1462"/>
							<String ID="string_450" HPOS="1485" VPOS="2411" WIDTH="41" HEIGHT="30" WC="0.96" CONTENT="de"/><SP WIDTH="25" VPOS="2411" HPOS="1526"/>
							<String ID="string_451" HPOS="1551" VPOS="2411" WIDTH="81" HEIGHT="37" WC="0.92" CONTENT="skäl,"/><SP WIDTH="26" VPOS="2411" HPOS="1632"/>
							<String ID="string_452" HPOS="1658" VPOS="2412" WIDTH="118" HEIGHT="41" WC="0.92" CONTENT="styrel-"/>
						</TextLine>
					</TextBlock>
				</ComposedBlock>
				<ComposedBlock ID="cblock_4" HPOS="1018" VPOS="2459" WIDTH="8" HEIGHT="9">
					<TextBlock ID="block_7" HPOS="1018" VPOS="2459" WIDTH="8" HEIGHT="9">
						<TextLine ID="line_46" HPOS="1018" VPOS="2459" WIDTH="8" HEIGHT="9">
							<String ID="string_453" HPOS="1018" VPOS="2459" WIDTH="8" HEIGHT="9" WC="0.71" CONTENT="o"/>
						</TextLine>
					</TextBlock>
				</ComposedBlock>
				<ComposedBlock ID="cblock_5" HPOS="267" VPOS="2457" WIDTH="1510" HEIGHT="44">
					<TextBlock ID="block_8" HPOS="267" VPOS="2457" WIDTH="1510" HEIGHT="44">
						<TextLine ID="line_47" HPOS="267" VPOS="2457" WIDTH="1510" HEIGHT="44">
							<String ID="string_454" HPOS="267" VPOS="2469" WIDTH="59" HEIGHT="21" WC="0.96" CONTENT="sen"/><SP WIDTH="35" VPOS="2469" HPOS="326"/>
							<String ID="string_455" HPOS="361" VPOS="2457" WIDTH="54" HEIGHT="30" WC="0.95" CONTENT="för"/><SP WIDTH="34" VPOS="2457" HPOS="415"/>
							<String ID="string_456" HPOS="449" VPOS="2457" WIDTH="130" HEIGHT="30" WC="0.93" CONTENT="statens"/><SP WIDTH="35" VPOS="2457" HPOS="579"/>
							<String ID="string_457" HPOS="614" VPOS="2457" WIDTH="367" HEIGHT="40" WC="0.88" CONTENT="tvångsarbetsanstalt"/><SP WIDTH="32" VPOS="2457" HPOS="981"/>
							<String ID="string_458" HPOS="1013" VPOS="2470" WIDTH="20" HEIGHT="18" WC="0.90" CONTENT="å"/><SP WIDTH="34" VPOS="2470" HPOS="1033"/>
							<String ID="string_459" HPOS="1067" VPOS="2457" WIDTH="154" HEIGHT="42" WC="0.90" CONTENT="Svartsjö"/><SP WIDTH="28" VPOS="2457" HPOS="1221"/>
							<String ID="string_460" HPOS="1249" VPOS="2461" WIDTH="89" HEIGHT="29" WC="0.96" CONTENT="samt"/><SP WIDTH="23" VPOS="2461" HPOS="1338"/>
							<String ID="string_461" HPOS="1361" VPOS="2460" WIDTH="276" HEIGHT="41" WC="0.96" CONTENT="socialstyrelsen"/><SP WIDTH="25" VPOS="2460" HPOS="1637"/>
							<String ID="string_462" HPOS="1662" VPOS="2462" WIDTH="115" HEIGHT="31" WC="0.96" CONTENT="anfört"/>
						</TextLine>
					</TextBlock>
				</ComposedBlock>
			</PrintSpace>
		</Page>
	</Layout>
</alto>
