1886 2824
492 174 251 33 Statsutskottets
758 172 160 32 utlåtande
932 181 37 20 nr
982 169 44 31 46
1040 169 35 31 år
1091 168 86 31 1969
1538 168 39 28 41

416 257 74 39 ning
509 266 38 21 av
566 255 237 39 åldersgränsen
820 253 50 30 för
888 251 186 40 deltagande
1092 251 10 30 i
1120 245 380 41 statsbidragsberättigad
1517 248 63 26 stu-

418 308 358 37 diecirkelverksamhet,

464 364 29 31 3.
517 369 44 26 att
581 363 167 38 riksdagen
769 360 102 32 avslår
890 360 198 30 motionerna
1107 356 93 32 1:457
1223 356 59 30 och
1302 353 109 32 I1:569
1433 354 8 29 i
1461 352 62 31 vad
1542 351 39 31 de

418 428 90 21 avser
524 416 256 32 hushållslärares
796 414 206 40 tjänstgöring
1018 413 10 30 i
1042 410 226 36 studiecirklar,

462 472 31 30 4.
520 476 44 26 att
580 469 167 40 riksdagen
766 466 101 33 avslår
882 466 199 32 motionerna
1097 465 24 30 I:
1137 464 64 31 457
1219 462 61 32 och
1297 463 41 30 II:
1355 461 64 31 569
1438 460 10 31 i
1464 459 62 31 vad
1543 459 39 31 de

419 536 89 21 avser
525 525 189 38 statsbidrag
729 524 46 30 till
793 522 273 31 studiecirklarnas
1085 517 252 33 studiemateriel.

145 636 52 30 44,
224 635 117 39 Bidrag
358 634 47 31 till
423 631 252 33 studieförbund.
694 630 115 39 Kungl.
829 629 95 40 Maj:t
940 628 59 30 har
1018 626 114 41 (punkt
1150 626 30 30 G
1194 626 30 36 7,
1244 635 24 20 s.
1288 623 192 36 446—447)
1500 621 83 31 före-

100 691 90 38 slagit
216 689 167 39 riksdagen
409 692 43 27 att
477 688 45 30 till
547 686 116 40 Bidrag
686 685 46 31 till
756 683 241 32 studieförbund
1021 682 51 30 för
1094 679 185 40 budgetåret
1306 677 144 40 1969/70
1476 676 108 31 anvisa

101 749 43 26 ett
158 744 108 38 anslag
280 752 39 22 av
332 742 19 31 6
365 742 65 31 900
443 741 66 30 000
523 741 46 30 kr.

147 852 13 29 I
185 851 86 30 detta
295 848 228 39 sammanhang
544 848 57 30 har
622 846 153 31 utskottet
797 844 169 32 behandlat
989 843 38 31 de
1048 840 200 41 likalydande
1270 839 199 32 motionerna
1491 836 93 33 1:454

102 915 39 21 av
164 905 51 30 fru
239 904 118 30 Diesen
380 902 62 31 och
464 901 108 31 I1:571
600 910 38 21 av
661 900 107 30 herrar
789 897 222 32 Nordstrandh
1033 896 61 31 och
1115 894 121 40 Thylén
1257 894 66 30 vari
1345 891 173 32 hemställts
1542 894 43 27 att

104 959 167 39 riksdagen
288 958 10 30 i
316 956 149 32 skrivelse
481 956 46 30 till
545 954 114 39 Kungl.
679 952 94 40 Maj:t
789 951 97 31 måtte
902 951 98 31 uttala
1018 954 44 26 att
1079 947 187 40 statsbidrag
1284 946 78 31 skall
1378 945 75 40 utgå
1467 945 47 32 till
1531 944 54 31 all-

103 1014 74 29 män
200 1009 291 41 arbetsgivaravgift
513 1009 50 30 för
582 1007 207 31 instruktörer
809 1005 60 31 och
891 1004 130 31 centralt
1043 1002 134 32 anställd
1198 1001 146 40 personal
1364 1001 86 29 inom
1471 998 115 31 studie-

103 1066 189 32 förbunden.

148 1177 60 30 Till
232 1176 70 31 stöd
324 1175 50 31 för
396 1173 153 41 yrkandet
572 1173 9 30 i
602 1172 199 31 motionerna
822 1169 140 41 påpekas
985 1173 43 26 att
1050 1168 51 30 det
1122 1168 10 30 i
1150 1165 239 42 propositionen
1410 1161 176 40 föreslagits

105 1235 44 27 att
167 1229 188 39 statsbidrag
374 1227 79 32 skall
470 1226 74 40 utgå
563 1226 45 31 till
628 1225 116 31 allmän
763 1221 290 41 arbetsgivaravgift
1071 1221 50 30 för
1139 1218 229 33 ledararvoden
1388 1217 11 31 i
1416 1217 62 30 den
1498 1220 90 27 stats-

104 1283 217 32 understödda
342 1279 442 34 studiecirkelverksamheten
805 1287 73 21 men
900 1281 44 27 att
965 1275 96 40 något
1082 1272 222 33 motsvarande
1326 1272 63 31 inte
1412 1270 177 40 ifrågasatts

105 1338 100 31 under
223 1347 42 21 nu
284 1335 209 33 förevarande
513 1334 116 39 anslag.

157 1449 158 31 Utskottet
338 1448 49 31 får
410 1447 73 31 med
509 1446 168 39 anledning
701 1454 38 21 av
763 1442 294 40 motionsyrkandet
1081 1441 102 31 erinra
1208 1449 53 21 om
1286 1443 43 27 att
1354 1438 52 30 det
1430 1438 9 30 i
1463 1437 62 30 den
1546 1437 42 29 av

107 1503 168 40 riksdagen
298 1501 170 40 godkända
491 1499 238 41 propositionen
756 1497 139 32 1968:77
918 1495 199 32 beträffande
1140 1493 299 32 kostnadsansvaret
1458 1491 50 30 för
1530 1489 61 31 den

108 1558 159 30 allmänna
296 1553 331 40 arbetsgivaravgiften
656 1552 53 31 vid
739 1550 271 32 statsunderstödd
1038 1547 200 32 verksamhet
1265 1545 127 32 uttalats
1420 1549 44 27 att
1491 1547 101 27 staten

109 1611 59 30 bör
188 1609 139 31 bestrida
348 1609 104 30 denna
471 1607 137 31 kostnad
628 1607 10 30 i
657 1606 39 30 de
716 1605 55 31 fall
791 1604 41 31 då
852 1603 218 39 statsbidraget
1090 1611 90 21 avser
1199 1599 200 32 verksamhet
1418 1598 49 30 för
1486 1596 106 32 vilken

110 1665 103 38 statlig
231 1662 227 40 lönereglering
475 1662 96 39 gäller
588 1660 61 31 och
666 1660 56 30 där
740 1663 100 26 staten
857 1667 106 21 svarar
979 1656 51 31 för
1044 1655 220 40 huvudparten
1282 1663 38 21 av
1338 1652 176 39 avlönings-
1531 1650 61 31 och

109 1716 374 42 pensionskostnaderna.
504 1715 67 30 När
592 1714 52 30 det
664 1722 43 21 nu
728 1713 10 30 i
759 1709 409 41 statsverkspropositionen
1188 1706 132 32 föreslås
1340 1711 44 26 att
1405 1704 188 38 statsbidrag

111 1772 78 30 skall
208 1770 73 39 utgå
299 1770 45 30 till
363 1769 116 30 allmän
498 1765 289 41 arbetsgivaravgift
803 1765 50 29 för
870 1763 228 31 ledararvoden
1114 1763 9 29 i
1141 1757 450 36 studiecirkelverksamheten,

113 1834 94 30 anges
233 1824 52 30 det
309 1822 209 40 uttryckligen
541 1825 43 26 att
609 1820 85 30 detta
718 1819 71 30 sker
812 1822 77 26 trots
913 1821 43 26 att
980 1816 92 30 dessa
1095 1814 139 32 arvoden
1257 1813 27 40 ej
1311 1815 33 28 är
1367 1812 116 39 statligt
1506 1811 87 31 löne-

112 1878 169 40 reglerade.
299 1878 63 30 Det
378 1878 33 29 är
426 1875 89 32 alltså
530 1875 11 30 i
555 1874 104 31 denna
673 1873 51 31 del
738 1871 89 41 fråga
840 1881 53 21 om
907 1875 43 27 ett
965 1874 107 35 avsteg
1084 1868 70 32 från
1168 1868 62 31 vad
1243 1877 69 21 som
1326 1866 136 31 normalt
1477 1869 116 27 ansetts

111 1933 80 30 böra
207 1932 90 38 gälla.
316 1929 234 39 Statsbidragen
565 1928 46 30 till
626 1925 282 32 studieförbunden
924 1926 32 28 är
971 1933 38 21 av
1023 1933 39 21 en
1076 1923 63 30 helt
1153 1931 104 22 annan
1272 1920 60 32 och
1346 1930 67 20 mer
1428 1919 166 31 schablon-

113 1985 89 32 artad
218 1985 149 30 karaktär
384 1985 40 29 än
439 1982 152 39 bidragen
606 1981 46 31 till
668 1977 441 34 studiecirkelverksamheten
1124 1976 60 31 och
1199 1974 152 32 utskottet
1366 1983 91 22 anser
1472 1973 46 39 sig
1532 1973 62 30 inte

114 2040 79 30 böra
211 2038 117 31 föreslå
346 2037 168 39 riksdagen
533 2040 44 26 att
595 2034 123 31 besluta
736 2034 10 30 i
763 2032 135 40 enlighet
916 2031 73 31 med
1008 2030 153 40 yrkandet
1180 2029 10 31 i
1207 2028 207 31 motionerna.
1435 2027 161 31 Utskottet

112 2093 169 39 tillstyrker
293 2091 115 39 Kungl.
423 2089 110 39 Maj:ts
547 2089 117 37 förslag
677 2087 61 31 och
751 2086 180 31 hemställer

481 2144 26 29 1.
535 2146 44 27 att
604 2141 167 39 riksdagen
795 2140 45 30 till
865 2139 117 36 Bidrag
1005 2138 45 30 till
1074 2135 242 37 studieförbund
1339 2135 50 30 för
1412 2133 186 40 budgetåret

438 2196 144 39 1969/70
597 2195 124 31 anvisar
735 2198 42 26 ett
792 2193 108 38 anslag
914 2202 38 21 av
967 2192 19 30 6
999 2191 65 31 900
1077 2190 66 31 000
1157 2190 56 37 kr.,

479 2250 29 30 2.
525 2254 44 26 att
583 2248 166 39 riksdagen
765 2246 100 32 avslår
879 2246 198 30 motionerna
1092 2243 93 31 1:454
1199 2243 60 31 och
1273 2242 120 31 II:571.
