2236 2622
656 156 387 32 Konstilutionsutskottets
1067 156 164 31 memorial
1254 156 54 30 Nr
1331 157 51 30 19.
1735 157 40 31 53

209 248 93 33 intet
321 258 91 23 vara
433 250 55 31 att
507 246 191 42 anmärka,
719 246 48 34 då
786 247 161 42 otslaget
962 246 132 34 endast
1109 246 94 43 tagit
1219 246 147 42 hänsyn
1383 246 55 33 till
1454 246 171 34 formella
1640 246 175 43 grunder.

214 299 6 32 I
254 298 205 42 anledning
486 309 47 22 av
568 298 161 42 utslaget
758 300 144 40 upptog
930 297 181 43 styrelsen
1141 296 99 42 själv
1260 296 382 43 tillsättningsfrågan
1665 298 67 32 och
1754 308 63 22 av-

209 348 133 43 gjorde
384 348 70 34 den
484 360 47 31 på
559 359 144 22 samma
732 350 85 39 sätt,
848 358 77 23 som
955 348 101 33 förut
1083 358 132 33 genom
1246 347 251 34 ordföranden
1527 347 68 33 och
1624 348 194 42 inspektor

208 399 106 34 skett.
370 398 163 34 Därmed
562 410 67 22 var
655 398 140 42 Kungl.
826 397 128 42 Maj:ts
983 398 121 33 beslut
1131 398 111 33 också
1269 399 124 41 åtvlytt.

341 449 73 32 Fru
458 449 143 33 Ahlner
641 448 155 34 anförde
838 448 202 33 emellertid
1082 447 98 43 ånvo
1213 448 143 40 besvär,
1386 459 76 22 som
1493 460 46 21 av
1568 447 249 44 domkapitlet

208 500 97 41 anyo
347 499 193 33 lämnades
583 502 89 30 utan
714 498 118 41 bifall,
874 501 169 30 varemot
1083 498 140 42 Kungl.
1266 496 108 43 Maj:t
1406 498 72 32 den
1507 498 46 33 30
1582 501 92 39 sept.
1709 498 106 41 1921,

208 551 90 31 enär
326 549 276 42 skolstyrelsen,
632 548 115 34 sedan
776 548 291 42 ifrågavarande
1096 547 117 42 tjänst
1244 548 108 33 blivit
1379 548 8 32 i
1420 548 83 42 laga
1522 547 161 43 ordning
1702 547 114 43 ledig-

209 599 203 41 förklarad,
441 599 78 33 icke
548 601 62 40 ägt
640 599 218 41 bestämma,
888 600 56 32 att
971 598 82 33 med
1083 597 187 43 tjänstens
1299 597 232 34 tillsättande
1555 598 118 33 skulle
1694 599 120 40 anstä,

208 649 91 34 fann
329 650 137 42 skäligt
494 652 65 38 att,
589 649 83 33 med
701 648 161 43 ändring
889 659 46 22 av
964 648 265 43 domkapitlets
1258 648 126 42 utslag
1411 648 65 33 och
1500 647 316 43 undanrödjande

208 711 47 22 av
295 699 206 34 klandrade
542 699 172 36 beslutet,
743 698 222 35 återförvisa
1007 698 155 34 ärendet
1195 699 56 33 till
1286 698 178 43 styrelsen
1496 698 57 33 för
1581 698 236 43 laglikmätig

210 750 241 43 behandling.
506 750 199 43 Lagenligt
734 749 124 34 kunde
887 749 104 34 detta
1018 749 139 43 Kungl.
1188 748 127 43 Maj:ts
1340 749 126 43 utslag
1485 748 32 43 ej
1540 749 138 42 betyda
1698 753 115 29 annat

209 801 88 34 eller
336 812 102 22 mera
479 804 46 30 än
568 802 56 31 att
656 800 182 42 styrelsen
868 811 87 23 vore
984 799 149 43 skyldig
1160 799 87 43 ingå
1275 800 11 32 i
1314 800 187 42 prövning
1528 810 47 22 av
1603 799 212 34 sökandens

208 852 218 42 kompetens
468 851 67 33 och
576 850 222 43 lämplighet
838 853 97 30 samt
967 849 174 42 därefter,
1176 861 58 22 om
1264 849 124 34 denna
1415 849 136 34 funnes
1580 849 131 43 styrkt,
1741 850 74 33 till-

209 905 98 30 sätta
349 902 159 42 platsen.
563 900 193 43 Styrelsen
798 900 135 34 ställde
974 900 57 43 sig
1070 900 67 33 ock
1178 900 163 43 utslaget
1381 900 55 33 till
1470 899 248 34 efterrättelse
1747 900 67 33 och

208 951 214 34 förklarade
462 951 59 33 fru
550 951 144 33 Ahlner
721 950 80 34 icke
829 951 129 33 kunna
986 953 170 41 antagas,
1185 949 186 43 varjämte
1400 950 194 42 styrelsen,
1624 950 113 34 sedan
1769 961 44 22 en

208 1014 47 21 av
296 1002 152 33 skolans
488 1001 210 34 lärarinnor
738 1000 134 35 avlidit
912 1001 68 34 och
1021 1001 129 43 skärpt
1192 1000 119 34 behov
1343 1012 47 22 av
1418 1000 242 34 lärarkrafter
1687 1001 128 33 därför

207 1052 248 44 uppkommit,
484 1053 53 33 lät
556 1052 168 43 kungöra
745 1063 45 23 en
811 1051 187 34 ordinarie
1017 1050 312 43 lärarinnetjänst
1348 1050 100 44 ledig
1467 1054 55 31 att
1541 1051 188 34 tillträdas
1749 1051 64 33 vid

209 1103 132 42 början
371 1114 47 23 av
446 1103 269 34 höstterminen
747 1102 106 34 1922.

341 1154 75 33 Fru
459 1154 143 33 Ahlner
641 1152 159 44 klagade
828 1152 99 44 ånyo
955 1152 67 34 hos
1050 1152 248 44 domkapitlet
1324 1152 12 33 i
1363 1152 180 43 Uppsala,
1573 1163 79 23 som
1682 1153 20 32 4
1733 1152 75 41 maj

214 1205 102 41 1922,
358 1207 90 31 enär
487 1203 212 44 klaganden
752 1203 128 43 »>»styrkt
920 1203 95 34 både
1043 1203 57 34 sin
1127 1203 173 34 formella
1328 1203 68 34 och
1424 1203 113 34 reella
1565 1203 246 43 behörighet,

207 1255 68 34 och
317 1257 91 32 enär
447 1255 181 42 styrelsen
669 1254 80 34 icke
790 1254 126 34 kunde
957 1265 108 23 anses
1106 1256 71 41 äga
1217 1254 132 44 giltiga
1389 1253 80 34 skäl
1500 1254 59 33 för
1586 1253 66 34 sitt
1680 1253 133 41 beslut,

207 1305 237 43 undanröjde
485 1305 103 34 detta
629 1306 69 33 och
738 1304 130 35 visade
909 1304 155 34 ärendet
1095 1304 80 34 åter
1202 1305 56 33 till
1287 1304 183 43 styrelsen
1498 1303 59 34 för
1584 1304 229 34 utfärdande

210 1367 47 22 av
296 1356 265 34 förordnande.
616 1355 190 43 Styrelsen
849 1354 156 35 anförde
1045 1355 134 34 besvär
1211 1355 66 33 hos
1304 1354 140 43 Kungl.
1474 1353 110 43 Maj:t
1611 1354 120 34 under
1758 1366 55 22 er-

207 1407 108 34 inran
349 1409 56 31 att
432 1406 182 43 styrelsen
642 1406 182 43 lagenligt
851 1417 88 22 vore
968 1416 126 23 ensam
1124 1405 215 43 avgörande
1367 1404 234 34 beträffande
1629 1404 185 34 sökandes

208 1457 230 43 kompetens,
479 1456 133 34 varvid
645 1456 94 34 dock
767 1456 183 42 styrelsen
979 1467 87 23 vore
1094 1455 151 34 bunden
1273 1454 64 35 vid
1366 1455 45 34 de
1440 1454 373 45 minimifordringar,

206 1519 80 22 som
322 1507 12 34 i
375 1505 22 44 $&
435 1508 43 33 22
521 1519 47 22 av
609 1506 371 44 dövstumskollagen
1013 1506 136 34 funnes
1179 1506 228 43 uppställda.
1461 1505 58 34 Då
1546 1505 266 44 kompetensen

209 1558 116 34 måste
357 1561 136 41 prövas
526 1558 85 34 med
639 1558 147 43 hänsyn
815 1557 57 35 till
901 1557 45 34 de
975 1557 174 44 speciella
1177 1556 204 44 uppgifter,
1411 1568 79 22 som
1516 1568 90 22 voro
1634 1556 180 34 förenade

208 1608 82 35 med
332 1620 45 22 en
418 1609 75 34 viss
525 1608 101 44 ledig
657 1608 225 44 befattning,
912 1608 68 34 och
1009 1607 47 35 då
1084 1608 183 42 styrelsen
1296 1607 211 34 ansvarade
1534 1607 58 34 för
1620 1607 194 34 undervis-

208 1660 159 43 ningens
400 1661 100 33 rätta
526 1658 231 35 bedrivande
786 1659 68 34 och
886 1658 58 34 för
971 1658 45 34 de
1045 1659 117 34 härav
1200 1657 223 35 föranledda
1451 1655 217 46 utgifterna,
1698 1658 114 33 borde

206 1710 80 34 icke
314 1710 117 34 heller
457 1711 11 32 i
497 1710 227 43 besvärsväg
751 1709 125 44 någon
904 1709 164 34 sökande
1096 1709 128 34 kunna
1250 1708 202 44 påtvingas
1472 1709 194 42 styrelsen,
1687 1708 125 34 vilken

206 1761 182 43 styrelsen
430 1760 139 44 ansåge
595 1760 59 34 för
681 1760 169 42 tjänsten
878 1760 268 43 inkompetent.
1200 1760 134 33 Denna
1362 1759 57 34 sin
1448 1758 265 44 uppfattnings
1740 1759 74 33 rik-

206 1811 120 44 tighet
365 1810 93 35 fann
486 1811 183 43 styrelsen
697 1810 199 35 bekräftad
923 1821 133 33 genom
1088 1810 93 34 1889
1211 1810 60 34 års
1298 1811 73 43 lag,
1401 1810 68 33 och
1497 1809 211 44 åberopade
1737 1812 77 32 sär-

206 1862 88 34 skilt
334 1861 80 35 dels
447 1861 84 35 dess
559 1858 48 45 $$
637 1862 20 34 8
687 1861 68 34 och
785 1862 100 41 23:3,
915 1861 79 34 dels
1022 1861 221 34 uttalanden
1271 1860 65 34 vid
1363 1861 130 43 lagens
1521 1860 215 44 antagande
1765 1871 48 22 av

206 1912 217 34 dåvarande
464 1911 132 35 chefen
636 1912 58 34 för
726 1911 548 44 ecklesiastikdepartementet,
1304 1911 79 34 dels
1411 1911 68 34 ock
1506 1911 307 43 skolöverstyrel-

206 1974 85 23 sens
319 1962 195 35 utlåtande
542 1966 88 31 över
656 1962 259 45 föreliggande
942 1962 142 44 förslag
1111 1962 56 34 till
1197 1962 317 44 omorganisation
1544 1973 47 22 av
1619 1961 193 34 dövstum-

205 2013 332 44 undervisningen.
592 2013 192 44 Styrelsen
812 2013 212 35 förklarade
1053 2014 57 42 sig
1136 2024 91 23 vara
1255 2024 48 23 av
1331 2012 71 35 den
1431 2012 190 44 enhälliga
1648 2012 163 44 mening,

205 2067 57 31 att
303 2066 53 33 ett
396 2064 214 44 antagande
652 2076 47 22 av
734 2064 61 34 fru
823 2064 144 34 Ahlner
995 2064 117 34 skulle
1141 2064 206 33 »inneburit
1375 2066 53 31 ett
1455 2061 281 36 åsidosättande
1765 2074 48 23 av

205 2116 204 42 styrelsens
448 2115 289 43 vårdnadsplikt
778 2126 60 23 om
866 2115 336 43 undervisningen»
1231 2114 69 33 och
1328 2116 53 32 ett
1408 2113 208 35 »bristande
1644 2114 168 33 tillvara-

205 2165 163 44 tagande
396 2177 47 23 av
472 2166 107 34 deras
606 2166 195 42 intressen,
831 2177 79 23 som
939 2166 98 33 hava
1064 2168 57 31 att
1147 2164 211 35 vidkännas
1386 2164 206 44 utgifterna
1620 2164 57 34 till
1695 2164 116 33 lärar-

205 2227 65 26 nes
310 2217 131 44 löner»,
484 2216 33 35 d.
547 2228 33 25 v.
611 2228 27 24 s.
668 2227 95 37 resp.
793 2216 193 46 landsting
1013 2216 68 35 och
1110 2214 342 48 stadsfullmäktige
1480 2215 100 37 imom
1610 2215 199 37 distriktet,
