2184 2620
656 146 345 32 Jordbruksutskottets
1023 145 164 33 utlåtande
1211 146 52 31 Nr
1285 146 52 31 22.
1715 147 37 31 17

195 226 155 37 komma
377 231 56 31 att
460 228 58 34 stå
542 225 85 37 med
648 224 243 50 obebyggda,
912 224 129 37 osålda
1059 224 114 37 lotter
1192 223 82 48 och,
1296 224 46 36 då
1362 223 109 37 dessa
1491 224 120 36 skulle
1630 230 167 32 utarren-

197 278 109 37 deras
347 281 49 46 på
433 280 41 34 så
506 277 85 36 kort
618 277 57 36 tid
704 290 81 24 som
815 276 230 50 exempelvis
1073 279 65 33 två
1167 278 40 34 år
1234 276 12 35 i
1274 276 146 46 sänder,
1448 276 108 36 bleve
1583 276 213 37 inkomsten

196 335 136 31 nästan
361 332 41 34 så
430 333 87 44 gott
545 342 82 23 som
656 329 130 48 ingen,
817 328 70 37 och
915 328 63 36 det
1005 327 127 36 kunde
1159 328 190 47 knappast
1372 328 199 46 undvikas,
1593 334 54 30 att
1662 329 134 47 jorden

196 381 109 36 bleve
332 381 223 49 ytterligare
583 380 159 49 utpinad
770 380 71 36 och
869 379 148 36 mindre
1046 379 172 48 begärlig
1243 378 64 37 vid
1335 378 119 36 utbud
1482 379 57 35 till
1558 379 236 49 försäljning.

197 432 72 36 Till
296 432 96 48 följd
421 445 46 23 av
496 431 257 49 egendomens
782 433 120 46 något
930 431 184 48 avlägsna
1141 430 87 48 läge
1256 430 71 36 och
1351 430 62 36 det
1433 430 126 49 dåliga
1579 431 116 46 skick,
1716 432 80 35 vari

198 484 72 37 den
311 484 198 47 befunnes,
551 496 91 24 vore
684 483 63 36 det
789 487 54 32 att
883 482 141 47 befara,
1068 486 55 32 att
1163 481 64 37 det
1260 482 119 36 skulle
1413 482 102 37 bliva
1543 484 102 34 svårt
1673 496 60 23 om
1762 483 32 49 ej

198 536 175 48 omöjligt
414 540 55 31 att
510 535 38 36 få
584 535 198 48 antagliga
819 534 128 36 anbud
980 536 21 33 å
1029 534 85 36 hela
1142 534 169 35 området
1337 533 64 36 vid
1429 534 367 49 försäljningsutbud

197 592 96 31 även
320 587 59 35 till
406 586 88 49 låga
521 586 130 49 priser,
680 586 121 36 under
828 586 63 36 det
920 590 54 31 att
1002 585 125 36 anbud
1155 587 21 33 å
1205 585 156 36 arrende
1389 598 47 23 av
1465 585 235 49 egendomen
1719 599 78 36 nog

198 638 108 36 alltid
335 638 107 36 stode
471 642 54 31 att
553 637 153 36 erhålla.

328 689 16 36 I
385 688 181 37 händelse
610 702 46 23 av
697 687 256 49 egendomens
995 687 183 50 förnyade
1215 687 292 49 utarrendering
1534 687 116 37 borde
1678 688 119 48 enligt

198 740 486 51 uppskattningsmännens
726 740 98 36 åsikt
853 739 243 37 arrendatorn
1125 740 157 48 åläggas
1311 744 54 31 att
1393 739 103 36 inom
1525 742 197 47 utgången
1752 754 44 22 av

199 793 45 37 de
274 793 84 49 fyra
388 793 118 36 första
534 792 250 36 arrendeåren
812 791 164 49 uppföra
1003 797 87 43 nytt
1117 791 241 49 boningshus
1387 791 70 36 och
1482 792 168 46 svinhus,
1671 792 126 36 varför

199 845 213 36 kostnaden
453 844 204 36 beräknats
698 844 58 35 till
798 844 177 46 omkring
1011 844 113 46 9,700
1157 843 149 36 kronor.
1362 842 129 37 Under
1525 844 272 48 förutsättning

199 910 47 22 av
272 895 109 37 bifall
409 895 57 36 till
495 896 105 35 detta
626 894 353 50 byggnadsförslag
1007 894 96 36 hade
1132 894 61 36 det
1222 894 117 48 årliga
1364 894 172 36 arrendet
1556 895 240 48 uppskattats

198 947 59 36 till
288 948 112 45 1,400
429 947 141 35 kronor
598 946 58 36 för
683 959 46 23 en
759 948 127 34 20-års
914 946 140 48 period.

330 998 71 36 Om
429 998 66 36 vid
522 997 234 49 försäljning
783 1010 46 23 av
859 997 265 36 ovannämnda
1153 997 84 35 med
1265 997 71 35 litt.
1366 997 69 47 Aa,
1464 997 71 45 Ab,
1565 997 66 46 Ac,
1651 998 71 46 Ad,
1743 999 54 35 Ae

200 1050 71 35 och
298 1050 54 35 Af
376 1049 234 36 betecknade
639 1062 66 23 sex
733 1049 112 36 lotter
873 1048 46 37 de
947 1048 216 48 föreslagna
1192 1048 260 44 saluvärdena,
1481 1048 159 49 tillhopa
1660 1051 135 45 26,055

199 1102 153 47 kronor,
382 1101 121 36 skulle
531 1103 161 46 uppnås,
721 1100 126 36 kunde
875 1100 146 35 kronan
1049 1100 83 35 icke
1160 1100 165 36 beräkna
1352 1100 119 48 högre
1498 1100 165 36 inkomst
1683 1101 114 35 därav

200 1157 49 32 än
287 1155 54 34 3.6
374 1158 158 44 procent
560 1152 90 36 eller
680 1152 146 48 årligen
855 1153 73 34 938
957 1152 151 42 kronor,
1137 1152 265 35 motsvarande
1431 1151 58 36 för
1518 1153 48 34 20
1595 1154 40 33 år
1662 1154 135 44 18,760

201 1205 149 35 kronor.
422 1203 70 37 Om
539 1203 235 48 egendomen
815 1206 79 33 åter
934 1203 225 48 bebyggdes
1201 1203 69 36 och
1312 1203 71 36 den
1425 1203 214 36 beräknade
1681 1204 116 47 årliga

201 1256 374 36 arrendeinkomsten
605 1268 47 23 av
684 1256 111 46 1,400
824 1255 141 36 kronor
992 1254 233 50 uppnåddes,
1255 1255 175 48 utgjorde
1459 1254 122 36 denna
1610 1255 57 35 för
1692 1257 47 34 20
1760 1258 38 33 år

201 1309 139 45 28,000
363 1308 151 47 kronor,
542 1306 167 37 varifrån
738 1306 95 36 dock
862 1306 116 36 borde
1006 1306 138 48 dragas
1173 1306 61 36 det
1261 1307 149 48 belopp,
1441 1306 46 36 de
1512 1320 51 22 nu
1583 1306 216 49 föreslagna

199 1359 278 48 byggnaderna
522 1358 204 36 beräknats
772 1358 121 46 kosta,
942 1358 89 35 eller
1074 1359 111 46 9,700
1227 1358 151 46 kronor,
1420 1357 166 36 varefter
1613 1358 185 36 återstode

203 1411 137 46 18,300
382 1409 151 36 kronor.
590 1409 130 36 Under
760 1413 110 31 nästa
912 1408 290 49 arrendeperiod
1232 1409 119 35 skulle
1380 1408 146 36 således
1554 1409 164 35 kronans
1746 1409 52 35 in-

200 1462 169 35 komster
398 1474 46 23 av
473 1460 249 49 egendomen,
752 1460 127 36 därest
907 1460 117 48 ingen
1052 1465 109 31 ränta
1190 1460 242 47 beräknades,
1463 1460 102 36 bliva
1592 1460 11 35 i
1633 1460 63 36 det
1715 1466 83 30 när-

200 1518 120 31 maste
347 1513 78 35 lika
453 1517 113 42 stora,
595 1525 89 23 vare
714 1512 61 48 sig
803 1511 232 48 försäljning
1063 1512 89 35 eller
1170 1511 291 48 utarrendering
1480 1511 98 48 ägde
1596 1525 95 33 rum,
1712 1525 86 23 men

199 1565 13 35 i
254 1577 131 23 senare
426 1564 103 36 fallet
570 1563 97 36 hade
709 1563 96 36 dock
846 1563 147 36 kronan
1025 1563 95 36 kvar
1148 1576 47 23 en
1223 1563 197 48 egendom,
1451 1575 80 23 som
1561 1563 94 36 efter
1683 1565 47 34 20
1760 1566 40 33 år

199 1615 118 37 borde
345 1616 99 36 hava
472 1620 53 31 ett
552 1615 153 49 mycket
732 1615 120 47 högre
879 1614 115 36 värde
1023 1614 71 36 och
1123 1627 81 24 som
1232 1614 116 36 borde
1376 1615 130 35 kunna
1527 1615 61 35 väl
1609 1615 189 46 motivera,

202 1672 54 31 att
287 1667 147 37 kronan
462 1667 158 36 nedlade
646 1667 222 48 ytterligare
896 1666 162 36 kostnad
1087 1666 59 36 för
1173 1666 237 49 nybyggnad
1440 1666 71 36 och
1540 1666 258 49 täckdikning.

199 1719 75 37 Det
313 1732 92 24 vore
447 1718 191 47 nämligen
675 1718 133 37 endast
837 1718 62 36 det
927 1717 127 48 dåliga
1082 1718 117 47 skick,
1228 1719 81 34 vari
1338 1717 226 50 byggnader
1591 1718 69 36 och
1688 1718 111 47 hävd,

200 1771 58 36 till
298 1771 93 48 följd
433 1784 45 23 av
519 1770 179 49 ständiga
739 1770 180 48 ombyten
953 1783 46 22 av
1027 1770 259 36 arrendatorer
1314 1770 84 36 med
1428 1770 11 35 i
1468 1770 203 36 allmänhet
1699 1770 102 47 dålig

201 1823 188 47 ekonomi,
432 1822 165 36 befunne
625 1822 73 47 sig,
727 1834 81 24 som
836 1821 145 36 vållade
1009 1822 256 47 egendomens
1293 1822 87 47 låga
1408 1821 196 36 saluvärde
1633 1822 58 35 för
1718 1827 83 30 när-

199 1874 176 36 varande.
430 1873 477 49 Uppskattningsmännen
936 1875 139 46 ansåge
1105 1873 125 35 därför
1258 1873 261 48 övervägande
1549 1873 81 35 skäl
1651 1873 74 35 tala
1745 1873 56 35 för

201 1926 256 47 egendomens
485 1925 183 48 förnyade
696 1924 304 48 utarrendering,
1029 1924 110 47 helst,
1168 1927 123 33 såsom
1321 1937 97 23 ovan
1447 1924 236 46 framhållits,
1713 1938 86 22 man

200 1977 126 36 kunde
368 1976 139 47 befara,
550 1981 54 31 att
646 1976 142 48 köpare
828 1975 57 36 till
926 1976 73 35 alla
1040 1976 165 35 lotterna
1245 1978 47 45 på
1333 1989 46 22 en
1421 1978 105 46 gång
1562 1976 83 36 icke
1677 1976 124 35 kunde

201 2028 172 36 erhållas.

331 2079 241 36 Beträffande
614 2078 274 49 dispositionen
924 2092 47 22 av
1001 2079 237 48 egendomen
1268 2081 119 45 ansåg
1416 2079 61 48 sig
1503 2078 142 48 Kungl.
1675 2078 126 49 Maj:ts

200 2130 410 48 befallningshavande
651 2130 12 36 i
704 2130 102 36 länet
833 2150 51 5 —
913 2130 130 35 oaktat
1084 2130 237 48 egendomen
1363 2130 116 35 sedan
1521 2133 38 32 år
1594 2131 97 34 1904
1719 2130 82 35 haft

200 2182 83 36 icke
316 2181 146 37 mindre
495 2187 48 31 än
572 2182 75 36 fem
677 2181 262 36 arrendatorer
967 2181 85 36 med
1080 2181 12 36 i
1121 2181 204 36 allmänhet
1353 2181 104 48 dålig
1485 2181 186 47 ekonomi,
1699 2181 103 36 vilka

200 2234 183 36 vanskött
424 2234 106 36 såväl
566 2233 226 48 jordbruket
828 2246 82 23 som
945 2232 280 50 byggnaderna
1254 2255 46 5 —
1329 2233 92 36 böra
1448 2236 48 46 på
1524 2233 92 47 skäl,
1646 2245 79 24 som
1756 2246 45 22 av

244 2293 130 42 Bihang
397 2293 49 32 till
467 2303 113 21 senare
602 2293 189 41 riksdagens
808 2292 160 41 protokoll
990 2293 97 32 1914.
1113 2294 41 31 10
1170 2294 89 31 saml.
1299 2295 19 29 7
1342 2292 80 41 höft.
1446 2293 66 40 (Nr
1528 2292 153 38 18—22)
1739 2293 18 30 3
