1880 2818
508 147 379 32 Jordbruksutskottets
910 148 176 31 utlåtande
1110 158 42 21 nr
1177 149 48 30 17.
1606 145 18 30 3

117 227 212 39 Föreningen
351 230 363 32 Värmlandsstuteriet
737 232 199 37 Norenberg
957 242 33 20 u.
1012 242 31 26 p.
1065 242 30 21 a.
1125 256 161 6 ........
1316 234 129 29 kronor
1479 229 18 44 =
1516 235 15 27 7
1547 233 64 31 000

119 282 185 38 Göteborgs
319 284 68 30 och
399 284 117 32 Bohus
532 286 74 30 läns
621 285 334 37 hästavelsförening
971 295 32 21 u.
1020 295 33 27 p.
1070 295 28 22 a.
1123 309 161 6 ........
1374 297 11 14 »
1515 286 93 30 1500

118 333 215 32 Halländska
349 335 378 36 hästavelsföreningen
743 344 32 21 uUu.
792 345 32 27 P.
843 345 30 21 A.
897 358 382 7 .....ssssssssrsor
1248 329 33 48 rs
1371 346 11 14 »
1515 336 94 30 1500

119 384 107 32 Södra
241 380 182 42 Älvsborgs
438 386 75 30 läns
531 386 333 37 hästavelsförening
878 396 32 21 u.
926 396 33 27 Pp.
979 396 29 21 åa.
1032 409 250 7 ............
1372 397 11 14 >
1515 387 93 30 1500

118 434 152 38 Sveriges
288 435 350 37 stuteriboksstyrelse
676 459 605 7 ......sssssessessser
1118 430 57 47 ere
1183 430 54 47 rer
1247 430 37 47 st
1370 447 11 15 »
1512 437 19 30 6
1545 437 64 30 000

118 485 215 38 Föreningen
350 486 156 37 Belgiske
524 487 121 30 hästen
669 487 4 31 i
692 486 197 33 Malmöhus
908 489 59 29 län
992 510 291 7 ..............
1373 498 11 15 »
1545 487 64 31 300

117 535 215 38 Föreningen
358 537 52 30 till
436 538 66 30 den
527 536 239 38 varmblodiga
792 538 197 30 hästavelns
1018 537 196 38 främjande
1241 537 44 38 på

162 586 147 31 Gotland
325 597 44 20 m.
387 588 32 30 b.
436 596 33 29 P.
489 598 29 20 A.
543 610 735 8 ssssrsererersererrr
918 582 37 47 rr
962 582 57 47 rrr
1033 582 54 47 ere
1095 582 36 47 rs
1142 582 139 47 reses
1370 599 11 14 »
1511 589 18 29 2
1544 588 63 31 000

118 637 255 32 Västerbottens
395 639 76 30 läns
496 637 395 38 hushållningssällskap
921 633 13 47 =
945 662 336 6 ......ssssocscscoc>c-c-
1373 650 11 14 »
1513 639 20 29 6
1546 639 65 30 000

119 687 157 32 Skånska
292 688 278 31 fältrittklubben
592 712 692 6 .......s.sesssesseserrs
1014 683 36 46 rr
1058 683 35 46 rrs
1104 683 107 46 reser
1233 683 55 46 rss
1375 700 11 15 »
1494 689 40 30 10
1546 688 64 31 000

119 738 48 30 De
185 739 145 31 svenska
347 738 142 37 lantliga
508 738 373 37 ryttarföreningarnas
900 739 284 31 centralförbund
1209 763 72 6 ....
1371 750 11 15 »
1492 740 39 30 10
1545 740 63 30 000

1149 787 146 50 Summa
1315 787 136 51 kronor
1466 787 18 49 1
1491 808 41 29 29
1545 807 73 31 000.

161 913 388 38 Departementschefen
567 915 63 30 har
648 914 10 30 i
676 915 140 30 ärendet
839 915 117 30 anfört
975 915 168 37 följande:

165 984 12 15 »
184 973 114 37 Enligt
318 974 161 36 gällande
500 975 262 31 bestämmelser
780 974 56 31 för
856 974 202 32 erhållande
1080 985 42 21 av
1144 974 59 32 lån
1223 985 41 21 ur
1286 978 129 28 statens
1437 976 187 30 hästavels-

118 1024 85 32 fond
222 1025 56 31 för
295 1025 106 36 inköp
419 1035 43 21 av
481 1026 251 36 avelshingstar
748 1036 43 21 av
809 1027 215 30 nordsvensk
1040 1027 83 30 eller
1138 1027 303 36 gudbrandsdalsk
1458 1036 58 22 ras
1535 1027 89 31 före-

119 1077 139 36 skrives,
277 1077 107 30 bland
402 1080 116 33 annat,
539 1080 49 28 att
607 1076 58 31 lån
687 1077 56 31 för
761 1077 107 37 inköp
886 1087 44 21 av
951 1077 110 32 sådan
1079 1078 210 37 avelshingst
1306 1078 77 31 icke
1401 1077 59 32 må
1479 1078 147 37 beviljas

116 1128 51 31 till
187 1129 107 35 högre
310 1129 126 36 belopp
459 1128 57 32 för
535 1128 97 37 varje
649 1128 114 37 hingst
783 1130 45 32 än
851 1130 19 30 5
884 1130 64 30 000
969 1130 138 30 kronor.
1133 1129 119 32 Såsom
1275 1130 350 37 lantbruksstyrelsen

118 1179 192 31 framhållit
326 1180 66 30 har
411 1180 107 31 sedan
536 1179 39 32 år
594 1181 94 35 1918,
709 1179 46 32 då
773 1181 156 30 nämnda
947 1181 259 31 bestämmelser
1225 1182 120 31 trädde
1365 1182 11 30 i
1396 1181 105 37 kraft,
1520 1181 105 37 priset

117 1230 44 37 på
183 1232 89 36 goda
295 1231 252 37 avelshingstar
569 1241 43 21 av
633 1231 266 38 ifrågavarande
920 1242 56 21 ras
1001 1232 181 38 undergått
1207 1243 43 20 en
1272 1234 168 30 avsevärd
1465 1233 158 37 stegring.

118 1282 79 31 Med
216 1283 137 37 hänsyn
371 1283 117 31 härtill
511 1283 115 31 finner
648 1283 60 37 jag
726 1283 11 31 i
758 1284 109 30 likhet
887 1286 80 30 med
989 1285 348 36 lantbruksstyrelsen
1359 1285 193 37 motiverat,
1576 1287 49 29 att

117 1333 58 31 lån
197 1344 43 21 ur
260 1334 131 31 fonden
415 1334 58 31 må
494 1335 120 30 kunna
636 1334 150 31 erhållas
808 1335 51 31 till
880 1336 106 36 högre
1010 1336 125 37 belopp
1159 1337 45 29 än
1230 1346 75 22 som
1329 1336 57 31 för
1407 1337 218 30 närvarande

118 1387 39 29 är
178 1386 104 30 fallet.
307 1386 201 30 Emellertid
532 1396 101 20 anser
654 1386 59 37 jag
736 1387 70 36 mig
828 1387 78 30 icke
928 1387 57 32 för
1005 1388 217 30 närvarande
1243 1388 86 31 böra
1350 1388 142 31 förorda
1517 1389 109 30 större

117 1437 147 37 höjning
286 1447 43 21 av
352 1437 306 37 maximibeloppet
681 1439 45 29 än
750 1438 51 30 till
826 1439 19 29 8
859 1439 64 30 000
951 1439 138 32 kronor.
1116 1439 122 30 Denna
1263 1439 242 31 bestämmelse
1528 1439 98 31 torde

118 1488 84 32 böra
229 1489 173 36 tillämpas
427 1488 79 31 från
530 1489 67 30 den
627 1490 14 29 1
668 1488 139 37 januari
835 1490 93 29 1947.
958 1489 121 33 Därest
1102 1490 185 36 riksdagen
1311 1490 141 31 bifaller
1474 1491 68 30 vad
1567 1491 59 36 jag

122 1549 48 20 nu
197 1539 164 36 förordat,
389 1540 98 32 torde
514 1540 56 32 det
596 1539 37 32 få
660 1540 188 31 ankomma
873 1541 46 36 på
944 1541 122 36 Kungl.
1095 1542 100 39 Maj:t
1222 1545 48 28 att
1294 1542 139 37 vidtaga
1457 1542 169 32 erforder-

121 1589 69 37 liga
212 1589 422 37 författningsändringar.

163 1640 384 36 Lantbruksstyrelsens
564 1640 130 37 förslag
709 1640 179 37 angående
903 1641 249 36 dispositionen
1171 1651 42 21 av
1230 1642 250 37 avkastningen
1497 1652 43 21 av
1558 1647 67 27 sta-

117 1695 77 28 tens
215 1691 262 31 hästavelsfond
501 1691 56 31 för
578 1691 289 37 räkenskapsåret
894 1689 138 43 1945/46
1054 1693 66 31 har
1139 1693 77 31 icke
1237 1693 84 37 givit
1345 1694 72 37 mig
1440 1694 186 36 anledning

118 1743 50 30 till
187 1742 115 37 någon
319 1743 168 30 erinran.»

168 1844 79 30 Med
273 1844 138 37 hänsyn
439 1844 52 30 till
520 1843 153 32 rådande
700 1845 222 36 prisstegring
948 1846 67 30 har
1038 1846 164 31 utskottet
1230 1847 84 32 intet
1342 1851 50 28 att
1415 1848 116 30 erinra
1556 1851 73 27 mot

119 1893 65 30 den
206 1903 42 21 av
269 1894 380 35 departementschefen
669 1894 195 37 föreslagna
887 1895 190 36 höjningen
1098 1905 43 21 av
1165 1896 305 36 maximibeloppet
1493 1897 56 30 för
1567 1896 60 31 lån

123 1954 42 20 ur
183 1947 127 27 statens
329 1944 263 31 hästavelsfond
611 1944 79 31 från
710 1946 18 29 5
743 1946 63 30 000
826 1946 50 31 till
894 1947 20 29 8
927 1947 65 29 000
1012 1947 129 30 kronor
1158 1947 56 30 för
1231 1947 106 37 inköp
1358 1958 42 20 av
1419 1949 210 36 avelshingst

119 2004 42 20 av
177 1995 214 30 nordsvensk
407 1996 84 29 eller
508 1996 301 35 gudbrandsdalsk
825 2005 65 21 ras.
909 1995 53 31 Då
980 1996 229 30 förevarande
1224 1996 257 39 framställning
1495 1998 131 36 jämväl

120 2046 8 29 i
148 2047 67 29 vad
234 2046 64 30 den
316 2055 98 21 avser
433 2046 249 36 dispositionen
698 2056 43 21 av
758 2047 251 36 avkastningen
1028 2057 43 20 av
1089 2048 305 31 hästavelsfonden
1412 2049 151 31 biträdes
1583 2059 45 21 av

123 2097 164 30 utskottet
305 2097 208 35 hemställes,

472 2193 49 26 att
545 2190 183 35 riksdagen
751 2189 57 31 må

476 2242 26 28 1.
528 2241 168 35 medgiva,
722 2244 49 26 att
795 2240 57 31 lån
876 2251 43 21 ur
942 2245 127 27 statens
1093 2241 258 32 hästavelsfond
1373 2243 56 30 för
1452 2243 107 36 inköp
1583 2253 45 21 av

429 2291 250 35 avelshingstar
699 2302 43 19 av
763 2293 213 29 nordsvensk
998 2293 82 29 eller
1096 2293 301 35 gudbrandsdalsk
1417 2303 56 21 ras
1492 2293 58 31 må
1571 2295 54 29 be-

428 2342 101 35 viljas
549 2342 86 29 intill
655 2345 45 27 ett
719 2342 125 36 belopp
866 2352 42 20 av
927 2343 99 35 högst
1045 2344 19 29 8
1078 2344 63 29 000
1162 2344 128 29 kronor
1309 2344 56 30 för
1383 2344 96 36 varje
1497 2345 126 36 hingst;

474 2394 28 28 2.
528 2393 220 30 beträffande
774 2395 66 29 den
865 2394 111 29 under
1001 2393 289 37 räkenskapsåret
1315 2391 139 41 1945/46
1480 2397 145 35 upplup-

433 2453 44 20 na
503 2444 248 35 avkastningen
777 2453 41 21 av
843 2448 127 27 statens
995 2446 258 30 hästavelsfond
1275 2447 142 35 besluta,
1442 2451 58 32 att,
1523 2449 104 29 sedan

1679 1856 130 26 Utskottet.
