1870 2786
465 163 286 30 Statsutskottets
772 164 180 29 utlåtande
973 174 42 19 nr
1036 165 41 29 93
1097 165 39 29 år
1157 164 83 30 1957
1567 165 40 30 55

100 246 105 38 gäller
232 246 44 29 bl.
305 255 29 21 a.
363 247 55 29 för
446 247 131 29 sådana
605 247 139 30 kortare
772 248 237 39 anvisningar,
1039 249 264 34 meddelanden,
1333 249 63 30 råd
1425 249 63 28 och
1517 258 86 30 upp-

101 288 178 40 lysningar
301 298 75 20 som
397 290 60 28 äro
479 290 151 29 avsedda
652 290 54 29 för
728 290 218 30 allmännare
969 290 182 40 spridning
1174 292 90 28 samt
1287 291 56 29 för
1365 291 131 29 sådana
1517 291 86 39 pub-

101 331 185 29 likationer
311 340 75 20 som
412 333 60 28 äro
498 332 149 38 angivna
673 332 10 29 i
709 342 42 20 en
776 333 57 29 vid
860 333 234 39 kungörelsen
1121 334 119 29 såsom
1263 333 115 39 bilaga
1404 333 104 39 fogad
1534 334 69 30 för-

100 374 172 39 teckning.
296 374 74 29 Råd
394 375 63 28 och
481 374 226 39 anvisningar
729 375 10 28 i
763 375 334 39 socialvårdsfrågor
1120 376 115 29 finnes
1259 377 30 39 ej
1316 378 177 37 upptagen
1515 376 87 30 däri.

100 416 76 29 Med
200 416 137 39 hänsyn
362 416 52 30 till
437 417 44 29 bl.
505 427 29 19 a.
559 418 115 29 denna
697 417 240 40 publikations
962 418 213 39 omfattning
1199 418 65 29 och
1288 419 44 29 då
1357 418 246 30 motsvarande

99 459 269 39 publikationer,
394 468 75 20 som
493 459 135 39 utgivas
652 469 43 20 av
717 461 110 29 andra
853 460 139 40 statliga
1017 461 253 39 myndigheter,
1296 461 178 39 upptagits
1498 461 11 29 i
1533 461 70 30 för-

99 501 217 39 teckningen,
340 502 96 29 torde
457 502 115 30 denna
592 502 54 30 för
667 502 331 40 fullständighetens
1021 503 92 29 skull
1134 504 10 28 i
1167 503 158 40 lämpligt
1347 504 255 39 sammanhang

95 544 84 30 böra
201 544 250 39 kompletteras
476 545 77 29 med
576 544 267 40 ifrågavarande
867 545 231 39 publikation.

143 587 121 29 Såsom
290 587 157 39 framgår
474 597 42 19 av
542 587 56 30 det
625 588 208 39 föregående
861 589 64 28 har
953 588 279 39 socialstyrelsen
1259 588 11 29 i
1299 588 53 29 sin
1380 588 221 40 förteckning

98 630 80 28 över
206 629 493 39 författningskommentarer
726 631 96 28 inom
851 631 443 38 nykterhetsvårdsbyråns
1324 631 279 30 ämbetsområde

97 671 174 30 redovisat
291 672 158 33 artiklar,
469 681 74 20 som
562 672 128 30 införts
710 673 10 28 i
740 673 175 29 Tidskrift
934 673 55 30 för
1008 673 444 38 Nykterhetsnäminderna.
1473 673 48 29 Ur
1541 673 61 29 fle-

98 723 39 20 ra
162 714 218 39 synpunkter
406 724 101 29 synes
532 715 58 29 det
613 715 193 29 emellertid
831 716 190 38 angeläget,
1048 717 50 28 att
1123 716 171 38 styrelsen
1318 716 56 29 för
1397 716 42 29 de
1464 716 138 29 författ-

95 756 366 39 ningskommentarer
485 766 43 19 m.
554 767 44 19 m.
623 766 74 20 som
723 758 170 38 styrelsen
917 758 197 38 publicerar
1138 758 10 29 i
1173 758 110 29 första
1307 758 96 29 hand
1428 758 174 39 utnyttjar

98 799 54 28 sin
171 807 85 31 egen
273 799 222 39 publikation
515 800 74 30 Råd
608 800 63 29 och
692 800 227 39 anvisningar
937 800 11 29 i
968 800 344 39 socialvårdsfrågor.

144 841 228 30 Revisorerna
403 851 82 20 anse
516 842 158 34 sålunda,
706 844 50 29 att
787 842 281 39 socialstyrelsen
1100 845 138 28 snarast
1268 843 64 29 bör
1360 844 169 38 överväga
1559 851 44 21 en

97 884 224 40 omläggning
340 894 43 20 av
402 885 54 29 sin
475 885 466 39 publikationsverksamhet
961 885 10 29 i
992 885 152 39 enlighet
1164 886 79 29 med
1263 885 66 30 här
1348 885 150 39 angivna
1517 885 85 29 rikt-

98 926 114 39 linjer.

143 995 212 29 Utlåtanden
373 995 46 29 ha
439 995 145 39 avgivits
605 1005 42 20 av
665 995 280 39 socialstyrelsen
966 996 65 29 och
1051 995 255 30 statskontoret
1331 996 78 33 (Del
1431 996 39 34 II,
1493 1005 25 21 s.
1542 995 60 31 130

97 1045 141 34 —L133).

143 1095 286 39 Socialstyrelsen
455 1096 64 29 har
541 1096 76 30 icke
642 1098 113 27 ansett
781 1096 51 39 sig
856 1096 122 30 kunna
1002 1097 77 29 dela
1103 1097 236 29 revisorernas
1365 1096 237 40 uppfattning,

98 1148 50 29 att
166 1146 267 40 publikationen
453 1147 74 30 Råd
545 1148 64 29 och
628 1147 227 40 anvisningar
874 1148 11 29 i
904 1147 334 40 socialvårdsfrågor
1256 1148 170 40 uppdelas
1446 1148 44 39 på
1509 1147 94 30 olika

99 1197 107 30 serier
234 1198 55 29 för
317 1198 115 29 skilda
460 1198 292 30 ämnesområden
781 1200 90 28 samt
900 1200 50 28 att
978 1198 268 40 publikationen
1274 1200 98 38 utges
1401 1198 10 29 i
1441 1198 92 29 form
1561 1207 41 21 av

98 1249 144 29 lösblad.
264 1249 13 28 I
299 1249 204 39 anslutning
524 1249 118 29 härtill
664 1249 64 29 har
750 1249 171 39 styrelsen
942 1249 196 30 framhållit
1160 1249 168 39 följande.

140 1307 75 29 Den
238 1307 220 39 ståndpunkt
482 1317 75 20 som
579 1308 169 38 styrelsen
772 1308 149 29 sålunda
943 1308 65 29 har
1030 1308 125 38 intagit
1178 1308 51 29 till
1253 1307 236 30 revisorernas
1512 1307 91 30 båda

96 1359 47 20 nu
164 1349 147 30 berörda
331 1350 131 39 förslag
482 1350 146 29 innebär
647 1351 193 29 emellertid
861 1351 82 34 inte,
965 1352 50 29 att
1036 1351 170 38 styrelsen
1228 1350 116 29 finner
1366 1350 235 29 revisorernas

96 1392 278 39 anmärkningar
393 1402 83 20 vara
498 1393 211 38 ogrundade.
733 1393 176 38 Styrelsen
930 1402 99 20 avser
1051 1393 147 29 sålunda
1222 1394 49 27 att
1293 1400 241 31 noggrannare
1557 1393 45 28 än

96 1436 66 28 vad
180 1435 124 29 hittills
321 1435 64 29 har
402 1435 88 29 varit
509 1435 96 29 fallet
623 1435 90 29 tillse
732 1437 50 27 att
798 1434 228 39 erforderliga
1044 1434 254 39 hänvisningar
1316 1434 143 39 inflyter
1476 1434 11 29 i
1504 1434 98 39 varje

97 1486 171 25 nummer,
302 1486 75 20 som
408 1477 44 39 på
483 1478 113 38 grund
627 1486 42 20 av
699 1477 208 39 lagändring
938 1477 82 29 eller
1051 1486 43 20 av
1124 1486 117 19 annan
1272 1476 190 40 anledning
1493 1476 110 30 delvis

98 1521 107 28 ersatt
226 1521 47 26 ett
295 1519 146 38 tidigare
465 1519 129 38 utgivet
616 1528 171 20 nummer.
811 1520 51 28 Av
882 1520 66 29 vad
971 1519 146 38 tidigare
1139 1519 135 29 anförts
1298 1519 156 38 framgår
1474 1519 129 33 vidare,

97 1564 51 27 att
174 1562 170 38 styrelsen
370 1562 102 29 söker
498 1563 116 28 sträva
638 1562 88 29 efter
752 1564 50 27 att
828 1562 42 29 de
895 1561 95 30 olika
1015 1570 151 20 numren
1190 1561 11 29 i
1228 1561 185 39 görligaste
1440 1561 81 30 mån
1547 1561 55 30 får

97 1606 49 28 ett
173 1603 168 40 enhetligt
369 1604 166 30 innehåll.
565 1604 48 31 På
640 1613 42 20 en
711 1605 114 38 punkt
853 1606 38 28 är
921 1605 169 38 styrelsen
1119 1604 128 29 beredd
1276 1605 50 28 att
1354 1604 73 29 helt
1454 1604 147 38 godtaga

96 1647 235 29 revisorernas
360 1646 245 40 anmärkning,
633 1647 176 38 nämligen
837 1647 10 29 i
875 1647 98 39 fråga
1001 1656 59 20 om
1085 1647 201 38 betydelsen
1314 1656 43 19 av
1383 1646 219 39 nykterhets-

96 1689 235 38 vårdsbyråns
364 1689 213 30 medverkan
607 1689 10 29 i
648 1689 277 39 publikationen.
957 1690 122 28 Denna
1111 1689 98 38 fråga
1240 1689 64 29 har
1339 1689 142 39 tidigare
1511 1688 92 29 varit

96 1732 147 29 föremål
272 1732 55 29 för
355 1732 238 38 övervägande
622 1732 94 28 inom
747 1732 180 38 styrelsen,
957 1732 65 28 och
1051 1731 424 39 nykterhetsvårdsbyrån
1505 1731 97 29 kom-

98 1783 73 20 mer
199 1773 188 30 framdeles
417 1776 50 27 att
495 1774 155 39 utnyttja
679 1774 268 39 publikationen
974 1774 45 39 på
1048 1783 134 20 samma
1212 1775 68 28 sätt
1309 1782 77 20 som
1413 1774 188 38 styrelsens

98 1816 302 38 barnavårdsbyrå
424 1816 64 29 och
515 1816 310 38 socialvårdsbyrå.
850 1816 93 29 Även
968 1817 188 38 styrelsens
1182 1815 164 39 skolbyrå
1371 1816 158 28 kommer
1553 1816 50 28 att

98 1859 186 28 medverka
311 1859 9 28 i
347 1858 266 39 publikationen
639 1859 222 29 beträffande
887 1858 110 39 byrån
1024 1859 192 28 berörande
1243 1858 118 38 frågor
1388 1867 42 20 av
1456 1858 147 28 allmänt

98 1901 121 28 socialt
242 1900 158 31 intresse.
425 1900 174 38 Styrelsen
623 1900 117 29 finner
761 1900 57 29 det
841 1900 118 30 vidare
982 1910 83 19 vara
1088 1900 121 37 riktigt
1231 1902 50 28 att
1304 1899 73 30 Råd
1401 1900 62 28 och
1489 1899 113 29 anvis-

97 1943 124 39 ningar
239 1943 134 38 intages
393 1943 10 28 i
423 1944 66 28 den
509 1943 220 38 förteckning
749 1952 75 19 som
844 1944 38 28 är
902 1943 103 38 fogad
1026 1943 115 28 såsom
1162 1942 112 38 bilaga
1296 1942 51 28 till
1368 1942 233 38 kungörelsen

96 1987 65 28 den
184 1986 38 29 25
244 1985 69 38 maj
340 1985 82 30 1945
448 1985 58 32 (nr
526 1985 80 33 311)
631 1986 178 37 angående
831 1985 399 38 statsmyndigheternas
1252 1985 69 28 rätt
1341 1986 51 27 att
1412 1984 190 29 verkställa

97 2027 186 39 tryckning
301 2037 43 19 av
361 2027 269 39 publikationer.

142 2071 73 28 Vad
239 2070 163 37 slutligen
426 2070 107 37 angår
557 2070 122 38 frågan
704 2079 55 19 om
785 2069 212 39 sakregister
1018 2070 65 28 har
1107 2069 170 39 styrelsen
1300 2069 78 29 med
1402 2068 93 29 vissa
1518 2068 84 29 tids-

97 2113 209 28 mellanrum
331 2112 75 29 låtit
430 2113 163 38 upprätta
618 2113 131 28 sådana
773 2112 154 38 register,
951 2112 218 29 omfattande
1193 2111 284 39 publikationens
1502 2120 100 19 num-

99 2164 72 19 mer
197 2154 155 29 alltifrån
381 2154 244 38 begynnelsen.
654 2154 49 28 Av
730 2154 219 29 förbiseende
976 2154 81 28 kom
1087 2154 295 37 registernumren
1410 2153 192 28 emellertid

97 2197 75 29 icke
195 2198 48 27 att
267 2197 154 37 biläggas
444 2197 55 28 det
524 2196 167 35 material,
716 2206 74 19 som
814 2197 216 28 revisorerna
1055 2196 173 28 infordrat
1251 2196 63 28 och
1340 2205 73 19 som
1439 2196 86 37 legat
1549 2194 51 29 till

97 2240 111 36 grund
232 2239 53 27 för
307 2238 100 29 deras
430 2238 225 37 granskning.

143 2283 10 27 I
175 2280 188 38 anledning
384 2290 42 18 av
446 2280 235 28 revisorernas
701 2280 197 37 erinringar
919 2280 54 28 får
995 2280 168 37 styrelsen
1188 2279 146 29 sålunda
1358 2279 244 28 sammanfatt-

98 2322 154 37 ningsvis
278 2322 197 32 framhålla,
500 2323 49 27 att
574 2322 168 38 styrelsen
767 2323 39 28 är
829 2322 126 29 beredd
980 2323 49 27 alt
1054 2321 8 28 i
1087 2321 184 38 görligaste
1297 2321 79 28 mån
1403 2320 199 38 undanröja

98 2364 159 39 påtalade
285 2364 127 28 brister
441 2365 8 27 i
479 2365 72 28 Råd
580 2364 62 28 och
672 2363 227 38 anvisningar
928 2373 77 19 men
1034 2365 49 27 att
1113 2363 169 38 styrelsen
1310 2363 76 28 icke
1415 2372 102 18 anser
1545 2363 56 28 det

99 2407 156 39 lämpligt
282 2408 48 27 att
359 2406 264 39 publikationen
651 2407 175 36 omlägges
855 2407 47 33 så,
930 2408 49 26 alt
1005 2406 66 28 den
1100 2405 167 39 uppdelas
1295 2406 43 38 på
1365 2405 90 28 olika
1485 2404 116 34 serier,

98 2459 73 18 som
193 2451 96 35 utges
310 2449 8 28 i
342 2449 89 28 form
452 2458 41 19 av
515 2448 141 29 lösblad.
