1866 2784
477 132 286 30 Statsutskotiets
785 131 179 30 utlåtande
985 141 42 19 nr
1048 131 41 30 93
1109 130 39 30 år
1170 130 82 30 1957
1556 129 56 29 101

108 218 58 29 det
187 218 95 28 inom
304 217 150 39 angivna
475 217 262 29 verksamheter
759 216 65 29 har
846 216 126 29 hittills
995 215 126 30 främst
1144 216 110 28 avsett
1277 213 270 39 användningen
1570 221 41 20 av

107 260 351 30 hålkortsmaskiner.
483 259 130 29 Härvid
636 258 88 40 pågå
748 258 54 30 för
826 258 220 29 närvarande
1071 257 78 29 med
1174 257 196 29 beaktande
1394 265 42 19 av
1459 255 153 30 erfaren-

108 303 145 29 heterna
275 312 41 20 av
339 302 197 29 nämndens
559 301 367 30 försöksverksamhet
949 299 246 30 utarbetandet
1218 308 41 21 av
1283 298 243 39 detaljförslag
1549 297 65 29 och

108 345 418 38 kostnadsberäkningar,
547 344 95 29 vilka
663 343 173 30 beräknas
859 343 168 39 föreligga
1049 342 99 29 klara
1170 342 111 29 under
1305 341 236 29 innevarande
1564 340 49 29 år.

108 388 116 30 Under
255 388 240 29 sistförflutna
525 386 39 30 år
594 386 45 29 ha
670 386 194 29 emellertid
895 386 44 39 på
969 386 67 29 den
1068 385 149 29 svenska
1249 383 218 30 marknaden
1497 383 118 39 börjat

114 431 174 29 saluföras
323 429 238 30 elektroniska
594 428 509 39 databehandlingsmaskiner,
1136 428 95 28 vilka
1263 427 10 29 i
1306 426 137 41 princip
1478 426 137 40 möjlig-

109 474 83 38 göra
214 482 42 20 en
280 482 74 19 mer
376 472 230 39 långtgående
629 471 260 41 mekanisering
912 472 45 28 än
979 471 67 29 vad
1073 479 76 21 som
1171 471 41 30 de
1235 470 284 29 konventionella
1541 470 73 29 hål-

111 516 327 29 kortsmaskinerna
465 515 158 39 erbjuda.
652 515 76 28 Med
757 514 138 38 hänsyn
923 514 118 28 härtill
1070 513 64 29 har
1161 513 177 30 nämnden
1367 513 119 29 funnit
1513 520 101 31 ange-

112 559 89 37 läget
232 560 50 27 att
314 558 117 29 såsom
461 559 48 28 ett
542 557 184 30 alternativ
758 557 51 28 till
841 557 48 29 ett
920 556 293 39 hålkortssystem
1244 555 132 39 jämväl
1409 557 81 36 göra
1521 555 93 29 vissa

110 601 306 38 undersökningar
441 599 148 31 rörande
614 599 271 38 användningen
913 608 42 21 av
980 599 101 29 dessa
1107 607 67 29 nya
1200 598 179 29 maskiner
1404 598 96 28 inom
1526 598 89 29 före-

110 644 153 29 varande
290 642 273 29 verksamheter.
591 642 108 29 Dessa
728 641 306 38 undersökningar
1063 640 93 39 syfta
1184 641 8 28 i
1222 641 112 29 första
1361 641 94 28 hand
1484 640 51 29 till
1564 642 50 27 att

111 686 178 38 klarlägga
320 685 73 29 dels
425 685 40 29 de
496 684 299 39 organisatoriska
825 683 343 38 förutsättningarna
1199 683 55 29 för
1285 683 244 29 maskinernas
1562 684 52 27 ut-

111 728 195 39 nyttjande,
335 728 73 29 dels
436 727 41 29 de
504 727 218 38 ungefärliga
749 726 240 29 kostnaderna
1016 726 54 29 för
1098 727 47 27 ett
1173 725 44 39 på
1244 725 170 38 grundval
1445 734 42 20 av
1513 726 101 28 dessa

111 771 178 29 maskiner
311 770 177 39 uppbyggt
510 771 130 37 system
662 769 54 29 för
739 768 277 40 skatteuppbörd
1038 768 64 29 och
1125 767 274 39 folkbokföring.
1422 767 193 30 Resultatet

111 823 41 19 av
172 813 220 29 sistnämnda
411 811 304 39 undersökningar
733 811 70 29 kan
823 810 174 30 beräknas
1017 810 167 39 föreligga
1203 810 142 38 tidigast
1362 810 58 29 vid
1440 809 174 40 utgången

111 865 42 21 av
175 855 237 30 innevarande
434 854 48 29 år.

156 898 117 39 Enligt
292 898 196 29 nämndens
508 896 141 39 mening
670 905 102 30 synes
792 896 184 29 resultatet
996 905 41 20 av
1057 896 79 29 dess
1156 895 247 29 ovannämnda
1424 895 191 29 undersök-

112 941 124 38 ningar
261 941 9 28 i
296 940 99 38 fråga
420 949 56 19 om
503 940 41 29 de
569 939 56 29 två
650 939 230 29 alternativen
907 938 54 29 för
987 938 56 29 det
1069 938 163 29 tekniska
1258 939 166 37 systemet
1450 937 82 30 böra
1559 946 55 20 av-

105 984 134 33 vaktas,
267 983 110 29 innan
404 983 40 29 de
472 991 41 20 av
539 981 217 29 revisorerna
783 981 149 29 berörda
959 980 166 39 frågorna
1153 982 171 37 upptagas
1353 980 52 29 till
1433 979 180 40 prövning,

108 1027 84 28 enär
215 1035 81 19 man
321 1025 89 29 först
431 1024 44 29 då
497 1024 97 30 torde
617 1024 44 28 ha
684 1023 183 39 möjlighet
892 1025 50 27 att
963 1023 198 29 överblicka
1184 1023 41 29 de
1249 1024 161 27 närmare
1434 1023 181 28 förutsätt-

112 1068 171 38 ningarna
305 1067 54 29 för
380 1076 42 20 en
443 1066 108 30 sådan
573 1066 187 38 utredning
781 1067 165 28 ävensom
966 1065 41 29 de
1028 1065 118 38 övriga
1167 1064 211 39 följdfrågor
1399 1073 74 20 som
1494 1065 121 28 kunna

112 1111 226 38 uppkomma.
360 1109 183 29 Nämnden
563 1108 59 29 vill
646 1109 10 28 i
677 1109 95 28 detta
794 1107 256 39 sammanhang
1072 1108 200 32 omnämna,
1295 1109 60 31 att,
1377 1107 116 28 därest
1515 1107 100 28 alter-

112 1153 130 28 nativet
269 1152 78 29 med
374 1151 236 30 elektroniska
636 1150 498 39 databehandlingsmaskiner
1158 1149 122 39 väljes,
1306 1149 200 39 ytterligare
1533 1149 82 29 tids-

109 1195 178 29 krävande
326 1194 305 38 undersökningar
668 1193 149 29 rörande
856 1193 58 28 det
953 1192 163 29 tekniska
1144 1193 184 38 systemets
1356 1191 259 40 detaljutform-

113 1238 83 38 ning
216 1239 59 28 äro
297 1237 230 38 nödvändiga,
549 1237 109 28 innan
679 1237 166 37 systemet
866 1236 70 29 kan
957 1235 177 39 tillämpas
1155 1235 10 28 i
1188 1234 196 40 praktiken.

157 1312 185 31 Utskottet.
366 1313 77 29 Med
468 1312 264 40 utgångspunkt
755 1311 81 30 från
859 1311 178 39 pågående
1061 1310 367 30 försöksverksamhet
1450 1310 45 40 på
1517 1309 44 30 bl.
1585 1319 29 21 a.

108 1364 374 39 skattedebiteringens
507 1364 141 29 område
672 1364 46 28 ha
741 1363 220 30 revisorerna
986 1364 114 28 ansett
1126 1362 50 40 sig
1199 1362 84 29 böra
1309 1361 213 30 aktualisera
1547 1360 69 30 frå-

111 1422 67 31 gan
204 1423 56 21 om
286 1416 49 28 ett
360 1413 256 40 överflyttande
642 1422 42 20 av
708 1412 317 30 landsfiskalernas
1053 1411 197 39 befattning
1277 1411 78 29 med
1381 1410 234 39 indrivnings-

110 1465 65 29 och
204 1464 379 38 utsökningsväsendet
613 1464 52 28 till
695 1463 328 30 häradsskrivarna.
1054 1463 68 28 För
1152 1471 42 20 en
1225 1461 110 30 sådan
1365 1461 250 39 överflyttning

111 1515 132 33 kunna,
267 1515 104 29 såvitt
394 1523 47 20 nu
465 1514 59 39 går
547 1515 50 28 att
619 1513 157 34 bedöma,
800 1513 177 38 åtskilliga
1000 1512 76 30 skäl
1099 1512 179 39 åberopas.
1303 1512 77 29 Med
1403 1511 136 39 hänsyn
1562 1511 52 29 till

111 1565 142 39 frågans
277 1565 259 39 komplicerade
558 1564 65 29 och
645 1564 234 29 vittutseende
904 1563 168 29 karaktär
1096 1572 101 30 synes
1221 1562 67 29 den
1312 1562 100 33 dock,
1434 1562 110 29 innan
1567 1563 48 28 ett

112 1616 196 39 avgörande
326 1615 137 34 träffas,
480 1615 84 29 böra
581 1614 47 30 bli
645 1614 147 30 föremål
810 1613 56 30 för
884 1615 163 29 närmare
1064 1613 198 38 utredning.
1280 1612 199 39 Lösningen
1496 1612 120 39 påver-

112 1667 64 29 kas
202 1668 97 31 även,
326 1666 117 29 såsom
469 1665 217 30 revisorerna
712 1665 112 39 själva
851 1664 205 37 framhållit,
1083 1672 43 21 av
1151 1665 58 28 det
1235 1664 146 28 resultat
1406 1663 115 29 vartill
1549 1663 67 29 den

111 1717 248 29 ovannämnda
383 1715 410 30 försöksverksamheten
817 1715 71 28 kan
912 1715 88 28 leda.
1024 1714 176 30 Utskottet
1226 1714 117 29 finner
1368 1714 120 29 därför
1511 1713 105 30 ända-

113 1767 198 38 målsenligt
333 1768 51 28 att
406 1768 131 27 statens
559 1765 404 40 organisationsnämnd,
985 1765 10 28 i
1019 1774 80 20 vars
1121 1765 71 38 regi
1213 1764 270 29 verksamheten
1504 1763 113 29 bedri-

112 1827 70 24 ves,
207 1818 54 29 får
286 1818 10 28 i
322 1817 158 39 uppdrag
505 1818 50 28 att
579 1817 57 29 vid
661 1816 144 39 lämplig
830 1815 167 40 tidpunkt
1022 1816 162 29 närmare
1209 1816 107 38 pröva
1342 1815 57 29 det
1424 1824 41 20 av
1489 1814 127 29 reviso-

113 1877 102 19 rerna
236 1867 197 29 framförda
455 1867 175 38 förslaget.
654 1867 130 29 Därvid
805 1866 62 28 bör
890 1865 190 39 självfallet
1103 1865 137 39 hänsyn
1262 1867 97 36 tagas
1383 1864 51 29 till
1456 1865 41 28 de
1520 1872 97 30 orga-

114 1918 214 29 nisatoriska
355 1917 247 37 förändringar
627 1925 74 21 som
726 1916 122 29 kunna
872 1915 48 29 bli
945 1924 42 20 en
1014 1915 89 39 följd
1129 1924 42 19 av
1195 1915 67 29 den
1287 1915 109 29 redan
1420 1914 195 39 igångsatta

114 1968 231 38 utredningen
368 1977 58 19 om
448 1967 181 29 städernas
653 1966 173 29 särskilda
849 1965 238 39 skyldigheter
1109 1965 63 29 och
1195 1965 206 38 rättigheter
1422 1964 195 39 respektive

111 2019 67 28 den
200 2028 41 19 av
267 2018 187 38 riksdagen
477 2017 151 38 begärda
650 2016 233 39 utredningen
907 2025 58 20 om
987 2015 381 39 huvudmannaskapet
1393 2015 55 29 för
1470 2014 148 40 polisvä-

113 2069 130 29 sendet.

159 2119 176 29 Utskottet
357 2118 211 33 hemställer,

467 2170 50 27 att
536 2167 185 37 riksdagen
742 2167 57 28 må
818 2166 9 29 i
848 2166 167 29 skrivelse
1035 2166 51 28 till
1107 2166 125 37 Kungl.
1254 2166 105 38 Maj:t
1379 2174 74 20 som
1473 2165 53 28 sin
1548 2173 67 20 me-

424 2219 82 39 ning
529 2218 75 39 giva
627 2218 49 29 till
700 2218 119 29 känna
840 2218 68 29 vad
929 2217 172 29 utskottet
1123 2217 127 29 anfört.

159 2353 95 34 32:0)
279 2352 353 35 Räddningstjänsten
653 2353 11 29 i
685 2352 42 29 de
747 2351 149 30 svenska
918 2350 132 35 fjällen.
1072 2351 114 29 Under
1209 2350 410 37 inrikesdepartementet,

117 2404 14 33 8
158 2404 50 32 39,
234 2403 62 28 har
320 2402 216 28 revisorerna
562 2401 123 29 uttalat
712 2401 50 38 sig
787 2401 54 28 för
865 2409 42 20 en
932 2401 147 37 översyn
1104 2409 41 19 av
1170 2399 159 38 gällande
1356 2399 263 30 bestämmelser

113 2454 147 30 rörande
289 2452 429 40 fjällräddningstjänsten
753 2452 78 33 (Del
859 2452 23 32 I,
911 2460 25 20 s.
964 2450 206 33 388—396).
