2190 2642
667 147 232 42 Lagutskottets
927 145 170 32 Utlåtande
1120 144 63 32 N:o
1208 144 53 32 30.
1688 141 40 32 13

563 236 138 44 delade,
739 235 130 36 varder
901 234 72 37 den
1001 234 149 48 mening
1160 233 149 45 beslut,
1337 245 77 24 som
1442 230 244 38 ordföranden
1714 229 56 36 bi-

563 287 133 36 träder.

1117 419 23 45 $
1168 422 59 34 59.

698 538 407 39 Kommunalnämnden
1150 539 90 35 skall
1285 538 195 36 verkställa
1522 536 250 49 fyrktalssätt-

564 592 135 47 ningen
744 591 67 37 och
855 589 169 38 deröfver
1061 594 175 44 upprätta
1275 601 45 23 en
1359 587 125 49 längd,
1524 586 248 50 upptagande,

565 642 170 38 särskildt
766 641 61 37 för
858 641 125 48 hvarje
1011 639 246 51 skattskyldig
1284 639 66 36 och
1377 639 13 35 i
1418 637 179 38 särskilda
1623 638 149 35 kolum-

564 707 80 23 ner:
683 693 58 37 för
773 694 13 35 i
814 693 137 35 mantal
978 696 73 32 satt
1073 691 96 48 jord,
1198 689 59 37 för
1279 688 377 50 jordbruksfastighet
1683 693 89 30 utan

566 745 136 37 mantal
734 744 68 36 och
834 742 58 37 för
919 756 119 23 annan
1067 742 172 46 fastighet
1266 740 186 37 debiterad
1479 740 202 46 bevillning
1709 752 64 23 en-

566 796 69 47 ligt
660 794 171 49 gällande
850 793 219 47 förordning
1088 792 186 46 angående
1293 791 203 46 bevillning
1515 790 39 36 af
1570 790 71 36 fast
1659 802 114 36 egen-

566 847 83 35 dom
677 851 95 32 samt
798 844 40 36 af
861 845 163 35 inkomst
1052 842 128 47 (eller,'
1199 843 59 36 der
1284 842 204 47 bevillning
1514 841 30 48 ej
1570 844 119 45 utgår,
1711 840 63 35 det

567 898 143 47 belopp,
740 909 89 30 som,
857 895 200 36 uträknadt
1083 893 93 37 efter
1204 893 333 48 taxeringsvärdet,
1564 897 74 30 mot
1661 891 113 36 sådan

566 948 206 46 bevillning
811 943 156 47 svarar);
1008 945 57 36 för
1093 944 120 48 öfriga
1240 943 404 47 beskattningsföremål
1671 942 103 36 debi-

566 998 102 37 terad
695 996 191 38 enahanda
912 996 219 46 bevillning;
1156 995 62 36 det
1237 998 116 33 åsatta
1369 994 177 49 fyrktalet
1564 992 57 37 för
1646 993 5 35 i
1670 1005 104 23 man-

566 1050 50 35 tal
643 1053 72 32 satt
737 1047 102 48 jord;
867 1046 179 51 fyrktalet
1072 1046 56 37 för
1150 1044 379 49 jordbruksfastighet
1555 1049 86 30 utan
1669 1056 105 23 man-

566 1101 66 42 tal;
660 1099 178 50 fyrktalet
864 1097 56 37 för
946 1110 120 24 annan
1085 1096 191 47 fastighet;
1296 1096 176 50 fyrktalet
1490 1095 147 37 för'alla
1655 1093 121 49 öfriga

567 1148 408 49 beskattningsföremål
1016 1149 67 35 och
1123 1160 168 25 summan
1329 1146 39 36 af
1392 1146 71 36 den
1491 1145 285 49 skattskyldiges

564 1201 149 50 fyrktal,
742 1200 204 48 hvarjemte
973 1200 12 35 i
1004 1198 158 48 längden
1189 1198 91 36 skall
1307 1198 195 36 antecknas
1530 1197 245 35 kommunens

568 1252 79 36 hela
673 1251 156 49 fyrktal;
857 1251 66 35 allt
951 1253 45 45 på
1022 1255 73 31 sätt
1122 1249 62 36 det
1212 1248 116 37 under
1354 1248 70 36 litt.
1454 1248 32 35 A
1511 1247 169 48 bifogade
1699 1245 77 37 for-

568 1303 121 36 mulär
715 1302 58 36 till
800 1300 273 50 fyrktalslängd
1099 1306 168 30 närmare
1293 1299 151 35 utvisar.

702 1352 130 36 Denna
867 1351 123 47 längd,
1032 1364 79 24 som
1149 1350 117 47 ligger
1292 1350 57 35 till
1374 1348 122 48 grund
1523 1348 56 36 för
1606 1349 169 34 kommu-

568 1403 318 50 nalutskyldernas
914 1401 220 48 debitering,
1163 1406 120 41 utgör,
1313 1400 81 36 med
1421 1398 236 49 iakttagande
1676 1397 40 36 af
1732 1397 45 36 de

567 1454 274 38 bestämmelser
879 1453 68 36 och
988 1452 188 48 undantag
1214 1450 49 45 $$
1300 1453 33 41 8,
1363 1453 19 34 9
1411 1451 66 35 och
1509 1453 40 32 11
1580 1449 195 43 innehålla,

568 1506 119 35 tillika
714 1505 243 35 kommunens
986 1502 200 49 röstlängd.
1232 1501 87 45 Har,
1347 1501 109 36 sedan
1484 1500 157 47 längden
1656 1500 121 48 juste-

568 1556 114 43 rades,
711 1569 52 35 ny
791 1566 107 35 egare
925 1555 89 35 eller
1041 1554 157 35 brukare
1226 1552 157 37 tillträdt
1409 1551 73 37 fast
1501 1551 190 48 egendom,
1711 1550 66 35 och

569 1607 128 35 varder
738 1606 130 36 sådant
899 1604 99 36 inför
1025 1604 395 35 kommunalstämman
1448 1602 129 50 styrkt,
1606 1600 171 49 uppföres

569 1657 69 36 den
678 1670 72 36 nye
782 1668 132 35 egaren
942 1656 89 35 eller
1057 1655 182 35 brukaren
1267 1655 12 34 i
1305 1653 157 49 längden
1492 1656 116 32 såsom
1636 1652 141 35 röstbe-

567 1707 161 46 rättigad
757 1706 58 36 för
840 1706 237 46 fastigheten;
1105 1704 161 37 börande
1294 1704 215 48 kungörelse
1532 1716 58 22 om
1610 1708 167 37 stämma,

570 1758 64 35 der
673 1757 123 49 dylikt
836 1756 133 36 ärende
1009 1756 90 35 skall
1139 1754 234 44 förekomma,
1415 1753 81 36 från
1532 1753 245 48 predikstolen

572 1809 170 47 uppläsas
770 1808 112 35 minst
909 1820 44 22 en
981 1807 111 34 vecka
1118 1805 112 37 förut.
1272 1805 15 35 I
1314 1804 67 36 den
1410 1805 58 35 för
1495 1803 284 47 anmärkningar

570 1858 151 36 afsedda
749 1859 149 35 kolumn
927 1857 208 40 antecknas,
1165 1855 77 36 dels
1271 1868 58 22 om
1349 1855 39 35 af
1402 1854 108 36 ofvan
1527 1853 172 49 angifven
1719 1861 60 28 or-

571 1910 61 35 sak
659 1914 153 31 rösträtt
838 1908 58 36 för
923 1907 73 36 fast
1019 1907 179 48 egendom
1218 1905 184 47 öfvergått
1420 1906 58 35 till
1497 1918 118 23 annan
1634 1917 144 35 person,

571 1960 87 43 dels,
699 1960 65 35 der
799 1959 251 47 begränsning
1077 1958 114 46 enligt
1218 1956 23 45 $
1272 1959 41 33 11
1344 1968 85 35 eger
1455 1970 93 30 rum,
1577 1956 200 43 röstetalet,

571 2011 77 35 dels
688 2011 67 34 ock
796 2023 58 22 om
893 2009 66 35 och
1001 2012 45 43 på
1073 2008 146 36 hvilken
1247 2007 120 47 grund
1394 2008 13 34 i
1435 2006 93 49 följd
1557 2006 38 35 af
1618 2007 161 35 bestäm-

572 2062 177 34 melserna
784 2061 12 34 i
833 2059 47 44 $$
909 2062 20 33 8
959 2059 67 35 och
1057 2061 19 33 9
1105 2061 119 44 någon
1253 2059 11 33 i
1292 2057 157 46 längden
1477 2056 158 48 uppförd
1664 2057 115 35 skatt-

572 2110 147 48 skyldig
759 2110 78 35 icke
870 2122 85 33 eger
982 2108 126 35 utöfva
1134 2112 163 31 rösträtt.
1351 2106 172 48 Längden
1551 2112 190 43 upprättas
1769 2107 12 34 i

572 2165 61 31 två
673 2161 199 47 exemplar,
914 2159 40 36 af
990 2159 125 35 hvilka
1143 2158 61 35 det
1231 2170 67 23 ena
1325 2158 10 34 i
1364 2158 267 46 sockenstugan
1661 2158 119 35 anslås

572 2211 64 36 och
665 2211 63 35 det
755 2210 113 36 andra
895 2210 66 35 hos
990 2208 398 37 kommunalnämnden
1415 2207 174 37 förvaras.
