1936 2808
74 1816 172 31 Furagering.

116 1858 93 46 [37.]

285 213 40 32 36
778 215 225 30 Statsutskottets
1025 216 147 29 utlåtande
1194 217 48 28 Nr
1264 214 29 33 4.

338 290 218 31 Beträffande
590 290 115 41 övriga
738 293 118 38 poster
879 292 108 30 under
1009 291 406 42 remonteringsanslaget
1437 292 62 31 har
1521 292 170 32 utskottet
1713 292 73 32 icke

284 340 113 31 funnit
430 340 185 41 anledning
648 340 52 31 till
734 352 111 19 annan
880 342 134 30 erinran
1048 344 42 28 än
1126 353 73 20 som
1222 342 157 40 betingas
1404 353 39 19 av
1467 343 64 30 den
1556 354 40 19 av
1618 343 169 30 utskottet

284 390 193 41 föreslagna
498 390 188 41 höjningen
710 401 39 20 av
773 391 230 41 medelpriset.

337 440 118 42 Enligt
484 441 188 31 utskottets
706 441 138 42 mening
876 441 63 32 bör
972 441 220 32 förevarande
1221 441 118 42 anslag
1361 442 52 31 för
1436 441 203 42 budgetåret
1664 443 120 31 1926—

286 492 79 31 1927
388 491 168 33 beräknas
578 493 44 40 på
644 491 149 43 följande
817 493 81 30 sätt:

964 577 152 40 Utgifter.

283 635 112 41 Inköp
418 646 40 20 av
480 637 172 29 remOnter
696 659 497 6 o.esmessrsrssrrrsrssrrrrersreresrr
1132 630 19 50 sr
1169 630 26 50 en
1219 636 127 30 kronor
1367 636 144 37 440,000:
1526 653 35 5 —

284 685 208 41 Transport-,
517 696 86 20 rese-
626 685 64 31 och
714 684 132 32 diverse
873 685 186 32 kostnader
1075 710 118 4 ...........
1286 699 11 14 »
1388 686 122 37 75,000:
1525 703 39 5 —

284 735 253 32 Omkostnader
559 735 57 31 vid
643 735 550 41 depåernå......eseeseeess
1287 750 11 13 »
1390 737 120 35 17,500:
1526 755 37 3 —

283 779 30 38 Å
336 786 88 41 depå
447 785 152 32 störtade
622 788 172 28 remonter
824 810 369 5 =.....e.
972 775 53 56 see
1042 810 151 5 msn
1220 799 141 33 or
1384 787 180 46 12,875:
1538 781 28 56 —
1587 804 143 37 545.375:
1746 823 37 2 —

943 878 186 31 Inkomster.

283 935 235 43 Utrangerade
543 936 205 32 stamhästar
773 931 107 51 omssmm
899 961 279 5 memsessrrsrsrssresenn
1216 937 126 31 kronor
1367 937 142 38 100,000:
1525 956 39 3 —

282 987 203 42 Ersättning
506 988 53 31 för
581 987 53 32 till
657 987 245 42 tjänstehästar
928 989 141 40 uttagna
1093 990 97 29 stam-

323 1038 117 32 hästar
476 1063 60 4 KUNNA
545 1063 83 4 SIASESSE
658 1062 61 5 MUST
729 1063 151 4 OINSJAGNGNANA
892 1063 57 4 OER
957 1063 15 4 SS
991 1064 15 3 dn
1020 1064 67 4 nandan
1097 1043 94 31 onmftnlrå
1284 1052 11 14 »
1386 1039 121 46 15,000:
1522 1058 40 27 —
1587 1056 142 37 115,000:
1744 1075 39 3 —

1250 1106 164 40 Återstod
1437 1115 127 31 kronor
1585 1115 145 37 430,375:
1743 1134 41 3 —

335 1207 286 31 Medelsbehovet
655 1217 102 32 synes
791 1207 11 31 i
836 1207 199 41 anslutning
1068 1207 52 31 till
1154 1208 231 31 ovanstående
1413 1208 189 41 beräkning
1623 1208 84 32 böra
1730 1208 54 31 be-

282 1259 162 29 stämmas
478 1257 53 31 till
563 1257 137 38 431,000
722 1257 134 31 kronor.
902 1257 53 31 Då
978 1258 191 31 emellertid
1192 1258 294 31 reservationerna
1509 1260 19 29 å
1551 1259 153 40 anslaget
1727 1259 56 30 vid

280 1308 170 40 ingången
474 1319 39 19 av
535 1308 204 40 budgetåret
763 1308 206 31 1925—1926
993 1308 174 41 uppgingo
1191 1309 53 30 till
1266 1309 137 36 498,000
1425 1309 126 30 kronor
1566 1309 97 31 torde
1680 1311 103 38 något

281 1357 139 32 särskilt
443 1357 117 41 anslag
582 1357 74 31 icke
680 1357 170 32 erfordras
873 1358 53 30 för
947 1358 204 40 budgetåret
1180 1359 214 30 1926—1927.

333 1407 49 31 På
405 1407 110 41 grund
539 1418 40 20 av
601 1407 64 32 vad
689 1407 169 32 utskottet
882 1407 144 31 sålunda
1049 1408 112 31 anfört
1183 1408 198 31 hemställer
1403 1408 178 38 utskottet,

602 1486 50 29 att
673 1484 183 42 riksdagen
879 1486 54 29 må

601 1534 29 42 a)
653 1535 11 30 i
687 1535 185 31 riksstaten
900 1535 52 31 för
974 1535 203 41 budgetåret
1205 1536 77 31 1926
1298 1536 109 31 —1927
1435 1538 151 39 upptaga
1612 1535 170 32 ordinarie

548 1585 387 41 reservationsanslaget
957 1585 52 31 till
1032 1586 231 40 remontering
1286 1588 81 28 utan
1391 1586 135 40 angivet
1548 1586 142 41 belopp:

602 1635 33 40 b)
669 1635 11 30 i
715 1635 185 41 anledning
932 1646 40 20 av
1006 1635 78 31 herr
1116 1635 31 31 J.
1173 1635 186 41 Fjellmans
1394 1636 234 31 ovanberörda
1651 1636 129 31 motion

549 1685 57 41 (IT:
627 1685 69 41 142)
709 1685 149 31 beräkna
880 1685 222 41 medelpriset
1125 1686 52 30 för
1199 1687 134 29 remont
1357 1685 52 31 till
1436 1686 91 36 1,100
1549 1686 134 31 kronor.

331 1803 84 41 35:o0)
438 1802 126 41 Kungl.
589 1803 98 41 Maj:t
709 1803 61 31 har
792 1803 175 41 föreslagit
989 1802 182 41 riksdagen
1194 1803 121 41 (punkt
1330 1803 50 41 37)
1397 1805 50 29 att
1463 1803 133 31 minska
1612 1804 170 32 ordinarie

279 1853 301 41 förslagsanslaget
603 1853 52 31 till
678 1853 202 41 furagering,
905 1864 47 20 nu
974 1853 168 38 4,633,000
1164 1853 135 38 kronor,
1324 1853 77 31 med
1428 1854 133 37 167,000
1583 1853 126 32 kronor
1729 1854 51 31 till

278 1903 168 39 4,466,000
467 1904 135 31 kronor.

331 1953 218 32 Beträffande
583 1953 227 42 utredningen
844 1954 11 31 i
878 1954 141 31 ärendet
1041 1954 50 31 tår
1114 1954 169 31 utskottet
1305 1954 143 31 hänvisa
1471 1954 51 31 till
1545 1954 62 31 sid.
1635 1956 54 30 141
1717 1955 63 31 och

282 2005 58 31 142
363 2015 40 21 av
425 2004 192 42 åberopade
642 2004 386 41 statsrådsprotokollet.

333 2097 181 32 Ordinarie
544 2097 303 41 förslagsanslaget
880 2097 53 31 till
960 2097 194 42 furagering
1176 2098 62 30 har
1260 2098 11 30 i
1293 2097 187 32 riksstaten
1504 2098 52 31 för
1579 2098 202 41 budgetåret

281 2147 207 31 1925—1926
511 2146 177 42 upptagits
711 2147 78 31 med
811 2147 169 38 4,633,000
1002 2147 134 31 kronor.
1183 2147 165 41 Anslaget
1371 2147 61 31 här
1455 2147 118 31 därvid
1597 2147 183 32 beräknats

278 2198 85 31 efter
387 2199 15 30 1
427 2198 106 31 krona
565 2197 40 32 25
628 2199 57 30 öre
709 2198 53 31 för
783 2197 79 32 häst
885 2197 64 32 och
973 2197 65 42 dag
1060 2200 94 29 utom
1178 2198 52 31 för
1253 2198 41 31 de
1318 2197 57 32 vid
1397 2197 307 42 remontdepåerna
1727 2198 53 31 be-

277 2248 132 42 fintliga
442 2250 226 36 remonterna,
703 2248 52 31 för
788 2248 89 31 vilka
909 2248 183 31 beräknats
1117 2257 40 23 en
1182 2249 85 41 årlig
1289 2248 344 41 utfodringskostnad
1656 2260 40 19 av
1719 2249 61 31 309

276 2299 127 31 kronor
425 2299 52 31 för
499 2299 91 40 varje
613 2301 142 29 remont.

329 2349 260 41 Ifrågavarande
624 2349 118 41 anslag
775 2349 61 31 har
869 2360 46 20 nu
938 2349 52 31 för
1013 2349 202 41 budgetåret
1240 2350 206 30 1926—1927
1470 2349 78 31 med
1570 2349 133 42 hänsyn
1727 2349 52 31 till

277 2399 42 31 de
343 2399 156 41 stegrade
522 2399 383 41 normalrationsprisen
928 2399 183 31 beräknats
1135 2400 85 30 efter
1244 2401 14 29 1
1284 2400 106 30 krona
1413 2400 40 31 39
1476 2401 57 29 öre
1554 2400 52 30 för
1621 2399 78 31 häst
1716 2400 63 30 och

278 2449 64 42 dag
364 2449 52 31 för
439 2449 42 32 de
504 2449 58 31 vid
585 2449 296 42 truppförbanden
904 2450 176 40 befintliga
1102 2450 170 31 hästarna.
1306 2450 76 32 Vad
1398 2450 161 31 beträffar
1574 2450 205 41 utfodrings-

277 2499 191 33 kostnaden
501 2500 53 31 för
587 2500 43 31 de
661 2500 56 31 vid
738 2500 307 41 remontdepåerna
1067 2500 177 42 befintliga
1266 2502 218 30 remonterna
1505 2500 63 31 har
1589 2500 115 32 härför
1726 2500 53 32 be-
