1940 2812
640 204 230 28 Statsutskottets
893 204 147 27 utlåtande
1062 204 48 27 Nr
1132 200 27 32 Å.
1611 199 40 31 30

205 279 126 41 Kungl.
367 279 98 41 Maj:t
497 279 62 31 har
591 289 47 21 nu
671 278 176 41 föreslagit
880 280 49 29 att
956 278 109 31 under
1086 278 203 40 budgetåret
1314 278 202 30 1926—1927
1542 277 109 31 skulle

152 330 146 41 inköpas
333 331 50 30 ett
415 329 92 31 antal
540 340 40 20 av
612 329 63 31 400
708 330 173 29 remonter
914 330 88 29 samt
1032 329 48 30 att
1109 327 346 41 medelinköpspriset
1477 328 52 30 för
1552 327 101 31 dessa

153 380 107 32 borde
282 380 169 31 beräknas
474 379 52 31 till
551 379 92 38 1,000
665 379 134 31 kronor.
845 378 273 42 Anslagsposten
1141 379 52 30 för
1215 378 105 41 inköp
1344 390 39 19 av
1405 381 170 29 remonter
1589 379 64 31 bör

153 430 213 42 följaktligen
389 431 169 40 upptagas
581 429 78 32 med
683 431 49 29 ett
754 429 128 41 belopp
899 440 40 20 av
953 429 136 36 400,000
1104 429 134 31 kronor.
1271 429 67 31 För
1358 431 192 39 transport-,
1567 440 85 20 rese-

154 481 64 31 och
241 480 134 32 diverse
398 479 186 32 kostnader
606 480 61 31 har
689 480 125 31 liksom
838 479 125 31 hittills
986 479 182 31 beräknats
1191 482 49 28 ett
1263 479 126 41 belopp
1412 491 39 19 av
1467 480 134 40 (187:50
1621 487 25 25 x

153 531 63 31 400
227 530 51 41 =)
312 530 115 38 75,000
459 530 134 31 kronor.
640 529 122 32 Såsom
796 529 244 32 omkostnader
1072 529 57 31 vid
1162 529 171 42 depåerna
1366 530 84 31 hava
1472 530 181 31 beräknats

154 580 151 43 följande
328 580 154 42 utgifter:

288 640 53 31 för
364 639 348 32 Herrevadsklosters
735 639 224 41 remontdepå
975 664 197 4 .................
1198 640 125 31 kronor
1367 640 100 34 8,000:
1482 659 38 2 —

314 702 11 16 >»
367 690 184 31 Utnäslöts
820 702 249 15 derereeea
1089 715 83 3 sraernea
1255 703 11 14 »
1369 691 97 37 1,500:
1482 709 38 3 —

314 753 12 14 >»
368 740 179 31 Gudhems
821 752 11 15 Po
976 765 198 4 drrrsererererer
1144 737 34 43 ner
1257 754 10 13 »
1369 741 98 37 7,000:
1482 760 39 3 —

316 802 11 15 »
369 790 109 31 Frösö
819 803 10 13 oo
973 814 26 4 SR
1008 814 164 5 se
1255 803 10 14 »
1369 792 98 32 1.000:
1483 810 35 2 —

1033 849 140 32 Summa
1197 850 126 31 kronor
1347 852 119 33 17,500:
1484 869 37 3 —

208 916 140 32 Antalet
371 918 19 30 å
413 916 88 42 depå
524 916 152 32 störtade
699 919 172 29 remonter
894 917 61 31 har
977 918 181 31 beräknats
1182 921 114 39 uppgå
1312 919 51 31 till
1383 920 37 30 10
1436 920 139 41 stycken
1593 920 62 31 och

156 968 86 31 hava
264 967 233 32 kostnaderna
519 967 53 31 för
594 966 120 33 dessas
738 968 196 31 ersättande
956 968 183 32 beräknats
1164 969 51 31 till
1240 970 112 39 11,875
1374 971 133 31 kronor.

210 1017 122 32 Såsom
355 1017 191 32 inkomster
568 1017 110 42 under
700 1018 154 41 anslaget
876 1018 86 32 hava
984 1019 143 41 tidigare
1150 1020 183 31 beräknats
1357 1021 73 31 dels
1453 1022 113 34 90,600
1585 1022 71 31 kro-

157 1079 63 21 nor
242 1068 53 32 för
318 1068 61 31 755
401 1068 225 41 utrangerade
649 1068 117 31 hästar
789 1069 86 31 efter
891 1071 48 29 ett
962 1070 72 41 pris
1057 1081 39 20 av
1115 1071 59 31 120
1189 1071 126 31 kronor
1330 1083 61 30 per
1407 1072 104 41 styck.
1536 1072 120 31 Denna

156 1120 82 40 post
259 1118 62 32 har
343 1129 142 21 numera
507 1120 132 30 ansetts
662 1118 116 32 kunna
801 1119 82 31 ökas
906 1119 54 31 till
990 1121 131 37 100,000
1148 1121 134 32 kronor.
1339 1122 242 41 Ersättningen
1605 1123 53 31 för

157 1171 143 39 uttagna
323 1169 207 31 stamhästar
551 1169 62 31 har
635 1169 183 31 beräknats
842 1172 115 39 uppgå
979 1171 53 30 till
1056 1171 113 38 15,000
1191 1172 133 31 kronor.

210 1219 421 42 Remonteringsanslaget
663 1219 62 32 har
758 1220 53 32 för
843 1220 202 42 budgetåret
1080 1222 204 32 1926—1927
1318 1223 180 33 beräknats
1532 1226 43 40 på
1601 1225 56 31 föl-

155 1270 103 42 jande
282 1272 80 29 sätt:

839 1313 151 41 Utgifter.

159 1363 112 41 Inköp
295 1374 40 20 av
357 1364 173 30 remMONter.
555 1387 136 4 .msmmssees
711 1388 73 4 seereer
802 1388 28 4 ser
850 1388 439 8 serisresrerrerrerr
1064 1358 57 50 kisar
1133 1358 76 50 kessess
1214 1358 32 50 sen
1248 1358 11 50 e
1261 1358 32 50 ana
1314 1368 126 32 kronor
1461 1370 143 33 400,000:
1619 1389 38 2 —-

159 1413 199 41 Transport,
382 1423 87 21 rese-
492 1413 64 31 och
579 1413 134 32 diverse
735 1414 187 31 kostnader
953 1440 334 6 s.mssmmumnssrressnena
1372 1432 11 14 »
1484 1421 120 33 75,000:
1622 1439 32 3 —

159 1463 256 31 Omkostnader
436 1463 57 31 vid
514 1463 170 41 depåerna
721 1488 566 8 oimesmmmmosrrsrrissrrsrerer
1064 1459 81 49 sereesr
1153 1459 105 49 seraenne
1263 1459 29 49 na
1373 1482 10 14 »
1486 1471 119 34 17,500:
1620 1490 38 2 —

159 1504 31 40 Å
213 1513 88 41 depå
324 1513 152 31 störtade
499 1516 173 29 remOnter..
676 1539 610 7 sommesmsmrssressrrrsrrer
1020 1509 22 49 is
1051 1509 102 49 seresrisr
1164 1509 22 49 er
1207 1509 50 49 een
1259 1509 32 49 ina
1372 1532 11 14 >
1485 1522 119 35 11,875:
1619 1540 39 3 —

1154 1578 140 31 Summa
1316 1579 125 31 kronor
1462 1581 143 37 504,375:
1620 1600 39 2 —

821 1633 187 33 Inkomster.

160 1681 203 42 Ersättning
385 1682 53 31 för
460 1682 224 42 utrangerade
707 1683 117 32 hästar
850 1709 437 8 s.mmssmsmnssrisrsnsrsrsnssen
1261 1677 30 52 ana
1314 1689 124 32 kronor
1464 1691 139 37 100,000:
1619 1710 38 3 —

160 1732 203 41 Ersättning
385 1732 53 31 för
460 1732 53 32 till
536 1732 245 42 tjänstehästar
804 1736 141 39 uttagna
969 1736 205 32 stamhästar
1193 1762 94 5 .........
1373 1752 11 14 >
1486 1742 119 33 15,000:
1620 1761 38 2 —

1155 1797 140 32 Summa
1317 1799 124 32 kronor
1466 1801 193 35 115,000:
1635 1793 26 51 —

161 1840 227 40 Återstående
412 1849 140 42 utgifter
585 1875 50 4 =...
654 1875 635 11 m.m
1375 1871 11 14 >
1433 1846 16 62 >
1463 1860 143 37 389,375:
1620 1879 40 3 —

213 1925 19 31 I
255 1925 152 42 enlighet
430 1926 78 33 med
531 1928 230 32 ovanstående
784 1929 325 44 anslagsberäkning
1125 1932 60 31 har
1201 1934 125 41 Kungl.
1344 1935 96 42 Maj:t
1455 1936 52 31 för
1522 1937 138 41 budget-

162 1976 72 31 året
258 1976 207 32 1926—1927
490 1979 114 30 ansett
620 1980 48 29 ett
683 1979 129 42 belopp
829 1991 40 20 av
885 1980 11 31 i
912 1982 166 31 avrundat
1101 1984 46 30 tal
1171 1984 135 38 390,000
1328 1985 125 32 kronor
1468 1998 78 20 vara
1562 1989 99 30 erfor-

162 2025 132 43 derligt.
340 2027 82 31 Med
460 2027 132 42 hänsyn
626 2028 52 32 till
711 2029 205 43 förefintliga
943 2034 248 31 reservationer
1210 2037 19 29 å
1259 2037 402 43 remonteringsanslaget

161 2077 62 31 har
246 2078 105 40 något
374 2078 139 32 särskilt
546 2079 119 42 anslag
687 2080 53 31 för
763 2081 193 32 ändamålet
979 2083 72 32 icke
1074 2084 177 34 befunnits
1275 2087 208 42 nödvändigt
1506 2089 51 31 för
1580 2090 80 31 bud-

161 2128 131 40 getåret
317 2128 216 32 1926—1927.

215 2203 18 32 I
265 2203 94 42 fråga
382 2215 54 21 om
460 2205 128 32 antalet
609 2209 182 37 remonter,
816 2219 73 21 som
913 2209 109 32 under
1044 2211 202 42 budgetåret
1270 2215 203 32 1926—1927
1498 2217 95 31 skola
1615 2217 46 31 in-

162 2254 118 41 köpas,
314 2255 62 31 har
408 2256 170 32 utskottet
610 2257 74 32 icke
717 2258 115 32 funnit
864 2259 185 43 anledning
1071 2262 52 31 till
1147 2263 134 32 erinran
1305 2267 70 29 mot
1398 2266 123 41 Kungl.
1546 2268 115 41 Maj:ts

163 2304 135 41 förslag.
344 2305 76 32 Vad
443 2307 73 30 åter
536 2309 103 39 angår
655 2308 350 43 medelinköpspriset
1020 2313 44 40 på
1080 2312 100 32 dessa
1195 2317 179 37 remonter,
1392 2316 60 31 har
1467 2317 167 32 utskottet
1650 2319 11 30 i

163 2354 187 42 anledning
382 2367 41 20 av
450 2356 64 32 vad
538 2357 213 33 motionären
774 2359 178 42 föreslagit
975 2361 63 31 och
1062 2363 42 30 då
1127 2374 42 20 en
1194 2365 151 42 stegring
1367 2377 39 20 av
1429 2367 233 41 hästpriserna

162 2404 110 32 under
295 2404 66 33 den
386 2408 136 30 senaste
546 2407 94 32 tiden
663 2410 57 39 ägt
741 2420 85 28 rum,
852 2412 113 30 ansett
988 2411 52 42 sig
1061 2412 83 32 böra
1167 2414 124 32 föreslå
1307 2418 50 29 att
1373 2416 92 32 detta
1477 2418 71 40 pris
1564 2419 97 40 höjes

162 2454 75 32 från
270 2466 41 20 av
344 2455 126 42 Kungl.
495 2457 98 42 Maj:t
618 2458 194 42 föreslagna
837 2460 91 38 1,000
950 2461 126 32 kronor
1098 2463 52 31 till
1176 2466 91 36 1,100
1289 2466 133 32 kronor.
1467 2468 68 31 För
1556 2469 106 41 inköp

163 2515 41 21 av
226 2507 173 30 remonter
422 2507 111 32 skulle
556 2508 101 32 alltså
680 2509 170 32 erfordras
875 2512 49 30 ett
946 2511 127 44 belopp
1097 2525 39 20 av
1158 2516 137 37 440,000
1317 2516 133 33 kronor.

1711 2222 134 23 Utskottets

1718 2257 128 29 yttrande.
