1928 2802
642 194 228 29 Statsutskottets
892 193 147 28 utlåtande
1061 193 49 27 Nr
1132 190 28 29 4.
1616 188 38 30 al

208 269 190 38 Utskottet,
433 279 74 21 som
541 268 73 32 icke
637 268 114 32 funnit
773 267 186 42 anledning
981 267 52 31 till
1056 266 135 32 erinran
1214 267 72 30 mot
1308 265 125 41 Kungl.
1457 264 115 41 Maj:ts
1597 263 61 31 för-

155 320 83 40 slag,
261 320 52 30 får
335 319 191 35 hemställa,

478 387 50 29 att
550 385 182 41 riksdagen
755 386 55 30 må
832 384 135 31 minska
983 383 170 32 ordinarie
1169 382 300 41 förslagsanslaget
1484 381 52 31 till
1552 380 106 41 tryck-

425 435 298 42 ningskostnader,
757 446 48 20 nu
842 435 136 38 300,000
1014 434 135 38 kronor,
1187 433 78 31 med
1299 432 115 38 50,000
1445 432 127 31 kronor
1606 430 51 31 till

425 487 136 38 250,000
583 486 136 32 kronor.

208 589 84 41 27:0)
315 589 127 41 Kungl.
466 589 99 41 Maj:t
587 589 62 31 har
670 588 177 41 föreslagit
869 587 183 41 riksdagen
1075 587 121 41 (punkt
1219 585 50 42 29)
1292 587 50 30 att
1364 585 52 31 till
1435 584 222 32 bestridande

154 651 41 19 av
228 639 233 32 kostnaderna
486 640 61 33 för,
560 639 94 31 vissa
676 638 140 31 arbeten
840 640 19 28 å
882 636 373 41 mobiliseringsverket
1277 636 52 31 för
1351 635 201 40 budgetåret
1577 635 80 30 1926

156 690 122 31 —1927
303 689 118 32 anvisa
444 691 50 29 ett
516 691 94 29 extra
632 688 351 40 reservationsanslag
1005 698 40 20 av
1067 687 115 38 30,000
1204 686 135 31 kronor.

207 739 220 32 Beträffande
460 739 229 41 utredningen
722 738 12 31 i
768 737 141 32 ärendet
942 738 50 31 får
1014 737 169 32 utskottet
1205 736 144 32 hänvisa
1371 735 52 31 till
1447 734 61 32 sid.
1535 735 60 30 124
1617 745 40 20 av

154 790 194 41 åberopade
372 789 389 42 statsrådsprotokollet.

208 874 121 33 Under
362 886 43 20 en
438 874 86 42 följd
557 885 40 20 av
620 875 36 30 år
678 873 87 31 hava
788 873 169 31 särskilda
979 871 112 32 medel
1113 871 152 32 anvisats
1289 871 52 31 till
1363 870 91 31 vissa
1477 870 139 31 arbeten
1640 871 19 29 å

155 925 386 41 mobiliseringsverket.
586 924 69 31 För
676 923 204 41 budgetåret
905 922 207 32 1924—1925
1134 921 163 31 anvisade
1318 920 142 32 sålunda
1475 919 182 41 riksdagen

155 978 50 29 ett
227 978 95 29 extra
344 974 352 41 reservationsanslag
718 985 41 20 av
781 973 116 38 35,000
919 973 135 31 kronor.
1098 972 83 31 Med
1204 971 134 42 hänsyn
1361 970 52 32 till
1429 970 172 32 storleken
1618 980 40 20 av

155 1026 44 32 de
232 1028 19 29 å
284 1026 154 41 anslaget
471 1025 206 41 förefintliga
710 1024 224 42 besparingar
966 1024 62 31 har
1061 1023 155 31 däremot
1245 1022 73 31 icke
1341 1023 102 40 något
1466 1021 118 40 anslag
1606 1020 53 31 för

155 1077 195 31 ändamålet
372 1076 177 41 upptagits
572 1076 12 30 i
606 1075 186 32 riksstaten
816 1075 52 31 för
892 1074 201 41 budgetåret
1117 1073 216 31 1925—1926.

208 1161 83 32 Med
313 1160 241 42 tillstyrkande
577 1171 40 20 av
639 1159 127 41 Kungl.
790 1159 116 41 Maj:ts
930 1158 126 40 förslag
1078 1157 199 32 hemställer
1299 1156 177 37 utskottet,

478 1238 50 29 att
560 1235 182 41 riksdagen
776 1236 54 30 må
860 1234 52 31 till
938 1233 223 32 bestridande
1184 1244 41 19 av
1247 1231 229 32 kostnaderna
1499 1231 52 30 för
1575 1231 83 30 vissa

425 1288 129 30 arbeten
587 1288 20 29 å
639 1285 343 40 mobiliseringsverket
1013 1284 52 31 för
1087 1284 203 40 budgetåret
1315 1281 204 32 1926—1927
1543 1280 116 31 anvisa

426 1338 50 29 ett
499 1338 94 38 extra
615 1335 351 39 reservationsanslag
989 1345 40 20 av
1051 1334 115 37 30,000
1188 1333 136 31 kronor.

210 1446 84 42 28:0)
316 1447 128 40 Kungl.
468 1446 98 41 Maj:t
588 1446 62 31 har
672 1445 177 41 föreslagit
871 1444 182 41 riksdagen
1077 1443 121 41 (punkt
1220 1442 51 41 30)
1288 1444 49 29 att
1352 1442 52 31 för
1419 1441 240 32 fullbordande

157 1508 41 20 av
231 1497 162 31 arbetena
426 1497 53 31 för
512 1495 183 42 utgivande
728 1506 41 20 av
801 1494 280 42 generalstabens
1115 1493 266 31 översiktskarta
1414 1493 79 30 över
1521 1491 138 41 Sverige

157 1548 12 30 i
193 1547 118 32 skalan
336 1547 188 37 1:400,000
556 1546 52 31 för
633 1545 205 41 budgetåret
863 1544 204 31 1926—1927
1092 1543 118 31 anvisa
1233 1545 49 29 ett
1305 1545 93 28 extra
1421 1542 238 31 reservations-

158 1598 120 41 anslag
300 1609 40 19 av
365 1597 114 38 13,100
500 1597 135 31 kronor.

212 1647 240 42 Utredningen
474 1647 13 31 i
509 1647 142 31 ärendet
683 1647 184 30 återfinnes
891 1647 19 29 å
933 1645 62 31 sid.
1023 1645 59 30 124
1105 1644 63 32 och
1194 1644 59 31 125
1276 1655 40 19 av
1339 1642 192 41 åberopade
1562 1644 98 30 stats-

158 1698 301 42 rådsprotokollet.

213 1784 18 30 I
264 1783 153 41 enlighet
451 1783 78 31 med
562 1793 39 20 av
635 1782 119 31 chefen
789 1782 52 30 för
868 1780 260 42 generalstaben
1151 1779 172 41 uppgjord
1346 1778 79 41 plan
1448 1778 53 30 för
1523 1777 138 31 fortsatt

160 1834 179 40 utgivning
361 1844 41 20 av
424 1833 63 31 här
508 1832 254 41 ifrågavarande
786 1831 193 31 kartarbete
1001 1831 61 30 har
1084 1830 183 40 riksdagen
1291 1830 51 30 för
1364 1830 73 29 vart
1460 1828 63 31 och
1548 1829 48 29 ett
1619 1838 41 20 av

160 1884 212 41 budgetåren
398 1883 208 31 1924—1925
629 1884 88 29 samt
742 1882 208 31 1925—1926
973 1881 132 31 anvisat
1128 1882 49 29 ett
1199 1880 128 40 belopp
1343 1890 40 20 av
1397 1879 111 37 11,500
1523 1878 136 30 kronor.

161 1934 119 41 Enligt
312 1934 150 31 nämnda
494 1934 80 41 plan
609 1933 109 31 skulle
750 1932 53 31 för
835 1931 228 32 kartarbetets
1096 1930 240 32 fullbordande
1370 1929 52 31 för
1457 1928 203 41 budgetåret

163 1985 206 31 1926—1927
405 1984 170 31 erfordras
609 1986 50 29 ett
692 1983 119 41 anslag
843 1994 41 20 av
911 1983 94 37 6,700
1026 1982 134 31 kronor.
1206 1980 182 32 Minskade
1410 1979 189 31 inkomster
1621 1990 40 19 av

160 2035 325 42 kartförsäljningen
497 2034 279 41 nödvändiggöra
788 2033 191 32 emellertid
991 2044 41 20 en
1048 2031 197 42 förhöjning
1260 2042 40 20 av
1313 2030 209 32 sistberörda
1534 2029 127 41 belopp

161 2086 54 31 till
240 2086 112 38 13,700
375 2086 135 30 kronor.
1583 2089 3 2 |

215 2171 18 30 I
256 2169 152 42 enlighet
431 2170 78 31 med
531 2169 126 41 Kungl.
682 2169 116 41 Maj:ts
821 2168 129 40 förslag
971 2167 198 31 hemställer
1191 2166 177 31 utskottet,

486 2238 49 29 att
557 2236 182 40 riksdagen
767 2237 54 29 må
854 2235 52 31 för
931 2234 232 40 fullbordande
1185 2245 40 19 av
1247 2233 148 31 arbetena
1411 2232 59 39 för
1493 2230 170 41 utgivande

433 2298 40 20 av
494 2286 258 41 generalstabens
784 2285 248 31 översiktskarta
1056 2286 70 29 över
1150 2283 130 40 Sverige
1302 2283 11 30 i
1337 2282 115 31 skalan
1477 2281 186 36 1:400,000

432 2337 53 32 för
507 2336 211 41 budgetåret.
745 2335 206 32 1926—1927
979 2334 117 31 anvisa
1127 2336 48 29 ett
1199 2336 93 29 extra
1315 2330 348 41 reservationsanslag

433 2399 40 20 av
498 2387 113 38 13,700
632 2387 135 31 kronor.

1677 588 73 24 Vissa
1765 589 104 22 arbeten

1694 623 14 22 å
1729 622 128 23 mobilise-

1693 657 166 29 ringsverket.

1733 698 92 46 [29.]

1724 1441 121 24 General-

1728 1477 104 21 stabens

1679 1510 202 24 översiktskarta

1689 1549 57 19 över
1770 1545 111 29 Sverige.

1735 1587 91 46 [30.]
