1874 2790
551 167 286 31 Statsutskottets
863 168 180 31 utlåtande
1068 177 43 22 nr
1134 169 52 30 27.
1600 170 18 30 5

156 251 243 39 Statförslaget
421 252 111 29 slutar
552 251 45 40 på
618 253 49 29 ett
687 252 124 39 belopp
834 262 41 20 av
897 252 42 30 46
955 252 61 30 178
1029 253 63 30 000
1115 253 139 34 kronor,
1277 253 108 31 vilket
1407 254 145 30 innebär
1575 263 42 20 en

111 301 131 39 ökning
268 311 42 20 av
335 302 403 40 omslutningssumman
763 303 80 29 med
871 302 94 31 3602
980 303 62 30 000
1069 304 139 33 kronor,
1235 303 164 40 betingad
1425 304 107 30 bland
1558 314 60 20 an-

112 353 61 28 nat
202 361 42 21 av
274 353 248 29 ovannämnda
551 352 190 40 höjningar
771 363 43 21 av
843 355 166 38 posterna
1039 354 234 40 reparations-
1303 355 65 30 och
1399 354 219 31 underhålls-

111 403 189 29 kostnader
318 413 46 19 m.
384 413 45 20 m.
449 405 91 28 samt
558 404 200 39 avsättning
775 404 53 29 till
846 404 444 40 värdeminskningskonto
1307 415 81 20 men
1408 407 87 29 även
1514 415 42 21 av
1575 415 43 20 en

111 453 224 40 uppräkning
355 463 43 21 av
417 454 383 39 ersättningsanslagen
820 455 52 29 till
894 455 131 30 fonden
1046 456 79 30 med
1146 456 19 30 3
1179 456 63 30 094
1256 456 63 30 000
1339 457 131 29 kronor
1491 456 55 30 för
1567 466 51 20 er-

111 503 133 30 nående
263 513 42 21 av
322 504 123 30 balans
464 505 10 29 i
494 507 124 30 staten.
639 505 65 30 Det
722 506 188 37 överskott,
931 515 75 21 som
1028 507 69 29 kan
1116 506 150 31 tillföras
1287 507 209 30 riksstatens
1516 507 100 30 drift-

109 555 139 38 budget,
269 555 136 39 uppgår
425 555 53 30 till
502 556 38 30 15
558 555 61 30 128
633 556 62 30 000
717 556 140 30 kronor.

154 655 175 30 Utskottet
352 656 64 29 har
440 656 75 30 icke
539 657 119 29 funnit
681 657 189 38 anledning
893 657 53 29 till
970 657 141 30 erinran
1135 660 72 27 mot
1230 658 58 29 det
1312 658 196 39 framlagda
1532 661 83 27 stat-

109 706 166 39 förslaget
295 706 65 30 och
382 707 212 34 hemställer,

467 759 51 28 att
544 757 187 40 riksdagen
760 758 57 30 må
844 759 187 38 godkänna
1058 759 138 39 bilagda
1224 760 132 39 förslag
1384 760 53 30 till
1459 760 74 30 stat
1561 761 55 30 för

419 809 132 28 statens
573 808 179 30 allmänna
773 808 275 40 fastighetsfond
1069 810 55 29 för
1144 809 205 40 budgetåret
1373 810 149 36 1953/54
1549 811 65 34 (bi-

418 858 109 40 laga).

156 924 200 30 Stockholm
380 926 66 28 den
470 926 18 29 3
513 925 155 31 februari
693 927 93 30 1953.

601 1018 48 30 På
670 1019 279 30 statsutskottets
971 1021 146 37 vägnar:

639 1111 172 30 MARTIN
836 1112 247 30 SKOGLUND.

152 1312 241 29 Närvarande:
416 1312 39 29 Se
475 1313 110 40 under
606 1314 195 29 utlåtandet
822 1324 40 19 nr
883 1314 52 29 25.
