1872 2802
523 163 275 30 Statsutskottets
821 162 176 32 utlåtande
1017 173 43 21 nr
1092 164 69 30 164.
1569 158 36 31 13

99 249 209 31 bostäderna
331 249 66 30 och
418 249 178 30 lokalerna
620 248 56 30 för
697 248 165 30 bibliotek
885 248 66 30 och
973 247 343 31 studieverksamhet.
1340 247 151 30 Numera
1514 245 88 32 före-

100 299 160 37 liggande
285 299 249 37 upplysningar
560 308 104 27 synas
688 299 87 30 även
801 298 76 37 giva
905 297 57 33 vid
988 298 149 35 handen,
1163 301 50 27 att
1236 297 156 30 nämnda
1416 296 130 37 förslag
1570 295 32 37 ej

100 350 108 31 heller
233 349 46 38 på
306 349 317 31 tillfredsställande
652 349 66 30 sätt
745 349 89 30 löser
860 346 303 32 centralförrådets
1189 345 204 38 lokalfråga.
1421 346 181 34 Utskottet,

100 410 76 22 som
192 401 81 30 med
287 401 137 35 hänsyn
439 399 117 30 härtill
572 399 117 30 funnit
706 396 50 39 sig
771 399 85 30 böra
872 398 12 30 i
900 398 109 30 likhet
1024 397 81 31 med
1121 397 257 31 motionärerna
1396 396 142 31 förorda
1554 399 51 28 att

101 451 164 30 arbetena
291 450 143 31 komma
459 449 51 31 till
536 449 187 31 utförande
747 448 11 30 i
784 448 151 36 enlighet
960 448 80 30 med
1064 447 372 36 medicinalstyrelsens
1463 446 140 36 förslag,

100 511 103 21 anser
220 505 50 27 att
287 505 47 27 ett
350 501 125 36 belopp
496 509 42 21 av
557 500 63 30 675
634 500 66 30 000
716 500 130 29 kronor
862 499 65 31 bör
944 498 173 31 beräknas
1134 497 57 31 för
1208 496 207 32 ändamålet.

145 551 279 31 Vidkommande
444 550 159 37 slutligen
624 550 57 30 det
702 550 11 30 i
735 549 177 31 motionen
934 548 44 31 II:
994 549 62 30 565
1078 548 220 30 framställda
1317 547 171 37 yrkandet
1509 547 95 30 inne-

99 602 65 31 bär
186 603 203 34 detsamma,
410 605 50 27 att
480 604 47 27 ett
557 600 10 31 å
587 600 281 36 beredskapsstat
890 599 31 30 II
943 598 54 31 för
1018 597 236 32 innevarande
1272 596 169 37 budgetår
1461 596 145 37 uppfört

100 653 122 36 anslag
249 651 21 32 å
297 653 63 30 880
374 652 63 30 000
463 652 131 29 kronor
619 650 52 30 till
699 649 220 37 uppförande
944 658 42 21 av
1011 658 47 27 ny
1084 647 179 37 paviljong
1289 647 57 30 för
1372 647 150 30 kvinnor
1547 646 59 30 vid

101 703 202 37 Vipeholms
325 702 147 36 sjukhus
494 702 11 30 i
528 701 100 31 Lund
651 701 89 29 skall
762 700 56 30 för
838 700 100 29 nästa
961 697 167 37 budgetår
1149 698 11 31 i
1183 698 112 30 stället
1316 696 136 31 anvisas
1476 695 22 31 å
1517 696 87 30 riks-

102 757 121 27 staten.
248 753 152 30 Behovet
422 761 43 21 av
487 761 43 21 en
551 751 96 36 dylik
669 749 178 37 paviljong
869 749 126 30 liksom
1019 758 42 21 av
1084 748 91 30 vissa
1198 747 120 36 andra,
1343 747 12 30 i
1377 746 229 31 förevarande

101 803 216 38 proposition
343 802 33 37 ej
404 801 213 31 omnämnda
644 800 324 37 byggnadsarbeten
993 799 59 30 vid
1079 802 128 27 statens
1235 796 265 37 sinnessjukhus
1528 796 77 30 blev

101 854 150 36 klarlagt
273 853 96 31 förra
390 852 73 31 året
485 852 11 30 i
518 850 261 38 propositionen
800 848 178 38 angående
1002 849 131 30 allmän
1156 847 289 36 beredskapsstat.
1470 845 136 37 Frågan

101 904 12 31 i
129 904 117 31 vilken
263 903 146 36 ordning
425 902 99 31 dessa
540 901 93 31 olika
649 901 113 30 behov
778 900 86 30 böra
880 898 196 37 tillgodoses
1093 898 65 30 bör
1173 899 11 30 i
1202 897 109 31 första
1327 897 96 30 hand
1439 896 166 31 bedömas

102 964 43 21 av
168 954 124 37 Kungl.
317 953 111 37 Maj:t.
454 953 180 34 Utskottet,
659 960 75 21 som
759 950 203 30 förutsätter
983 953 49 28 att
1054 948 131 36 förslag
1207 947 12 30 i
1242 948 117 30 ämnet
1381 947 59 30 vid
1463 945 143 37 lämplig

101 1004 165 37 tidpunkt
283 1004 89 31 skall
387 1003 192 36 föreläggas
597 1001 195 36 riksdagen,
810 1001 38 29 är
865 999 32 37 ej
915 999 110 30 berett
1042 998 172 37 tillstyrka
1231 1001 50 27 att
1297 996 112 31 medel
1427 996 56 30 för
1499 996 106 30 ända-

102 1054 106 32 målet
224 1055 171 30 beräknas
412 1052 20 32 å
450 1052 184 31 riksstaten
651 1052 108 29 redan
776 1050 56 30 för
848 1050 102 30 nästa
966 1047 177 38 budgetår.

146 1105 80 32 Med
245 1103 258 38 utgångspunkt
523 1101 80 31 från
623 1101 69 31 vad
709 1101 166 30 utskottet
894 1098 146 32 sålunda
1060 1097 177 37 föreslagit
1256 1097 65 31 bör
1340 1095 266 38 ifrågavarande

101 1156 122 36 anslag
238 1154 168 37 uppföras
422 1153 80 31 med
517 1156 46 27 ett
576 1152 127 35 belopp
721 1160 42 21 av
783 1147 32 40 (2
830 1150 63 30 600
907 1150 63 30 000
992 1146 31 31 +
1045 1149 62 30 675
1122 1147 75 39 000)
1220 1148 19 30 3
1253 1148 63 30 275
1330 1147 63 30 000
1409 1147 138 30 kronor.

147 1206 118 31 Under
284 1203 220 38 åberopande
524 1212 42 21 av
588 1202 69 30 vad
678 1200 146 31 sålunda
845 1199 134 31 anförts
1001 1197 56 32 får
1075 1198 166 31 utskottet
1260 1197 193 34 hemställa,

456 1273 49 27 att
524 1268 186 36 riksdagen
728 1265 57 32 må

457 1320 24 30 I.
499 1318 80 32 med
595 1317 102 31 bifall
715 1317 51 30 till
782 1316 123 36 Kungl.
925 1314 119 37 Maj:ts
1062 1314 130 36 förslag

456 1366 32 40 a)
511 1369 144 34 besluta,
675 1371 50 27 att
743 1367 57 31 vid
819 1366 210 30 Furunäsets
1048 1364 148 37 sjukhus
1214 1363 58 31 vid
1291 1361 96 32 Piteå
1405 1362 97 31 skola
1519 1361 11 30 i
1550 1371 56 21 en-

412 1420 106 36 lighet
538 1420 80 29 med
637 1427 43 21 av
700 1417 123 30 chefen
844 1416 56 30 för
919 1415 378 35 socialdepartementet
1317 1412 12 30 i
1348 1411 259 40 propositionen

413 1480 42 20 nr
476 1470 60 30 281
562 1468 51 31 till
637 1468 83 30 1944
743 1466 56 31 års
819 1466 142 36 riksdag
983 1464 157 31 förordat
1159 1463 130 36 förslag
1309 1462 202 30 verkställas
1534 1471 72 20 om-

413 1519 191 37 byggnads-
630 1518 67 30 och
720 1515 363 38 utvidgningsarbeten
1107 1514 55 30 för
1185 1524 43 20 en
1252 1512 240 36 sammanlagd
1514 1511 92 30 kost-

413 1571 70 30 nad
506 1580 42 21 av
570 1570 102 35 högst
698 1568 93 30 1723
806 1568 64 29 800
895 1567 138 35 kronor,

457 1620 34 37 b)
517 1619 210 37 bemyndiga
749 1618 123 36 Kungl.
896 1616 103 37 Maj:t
1020 1619 50 27 att
1091 1614 70 31 låta
1185 1613 108 32 träffa
1315 1613 93 31 avtal
1430 1610 177 38 angående

414 1671 138 31 förvärv
581 1670 56 30 för
666 1672 127 27 statens
824 1666 148 37 räkning
1001 1675 43 21 av
1073 1664 72 31 dels
1174 1664 226 36 stadsägorna
1432 1662 71 35 108,
1535 1661 72 34 109,

416 1721 171 31 112—116
610 1721 12 30 i
643 1719 174 30 Vadstena
838 1719 77 30 stad
937 1717 11 30 i
971 1716 120 36 utbyte
1112 1718 72 27 mot
1207 1714 225 36 stadsägorna
1455 1713 61 29 237
1541 1711 67 30 och

416 1772 62 30 238
503 1776 90 26 samt
617 1773 73 27 mot
716 1767 206 37 erläggande
946 1776 42 21 av
1013 1775 43 22 en
1079 1763 238 37 mellanavgift
1342 1763 53 30 till
1419 1762 121 31 staden
1565 1770 43 22 av

416 1822 40 29 292
472 1822 60 29 730
552 1821 139 33 kronor,
711 1818 71 31 dels
801 1817 66 30 ock
885 1815 98 37 Haga
1003 1814 84 38 gård
1104 1814 56 31 för
1178 1823 43 21 en
1237 1813 150 31 kostnad
1406 1822 42 21 av
1469 1811 60 31 110
1544 1811 64 30 000

414 1865 139 46 kronor,
1371 1860 3 2 |

460 1920 40 30 II.
520 1920 10 29 i
551 1918 187 36 anledning
758 1927 42 21 av
821 1916 123 36 Kungl.
964 1914 119 37 Maj:ts
1104 1913 130 36 förslag
1253 1913 65 30 och
1340 1914 79 29 med
1438 1910 100 31 bifall
1558 1910 51 30 till

415 1970 216 31 motionerna
658 1969 28 29 I:
701 1968 63 30 348
789 1967 66 30 och
881 1966 44 30 II:
942 1965 59 30 547
1029 1967 90 28 samt
1142 1963 80 30 med
1245 1963 117 35 avslag
1388 1960 21 31 å
1432 1960 178 31 motionen

416 2021 43 30 II:
476 2020 61 30 565
563 2019 52 31 till
640 2018 98 31 Vissa
764 2013 319 40 byggnadsarbeten
1109 2012 56 31 vid
1190 2013 128 29 statens
1344 2009 265 37 sinnessjukhus

415 2080 45 21 m.
483 2079 45 21 m.
548 2069 56 30 för
624 2066 202 38 budgetåret
848 2061 144 35 1945/46
1013 2063 111 31 under
1144 2066 128 27 statens
1293 2061 177 31 allmänna
1490 2059 118 36 fastig-

414 2120 163 31 hetsfond
597 2118 121 31 anvisa
740 2121 46 27 ett
805 2114 347 36 investeringsanslag
1171 2122 42 21 av
1234 2113 18 29 3
1267 2112 62 30 275
1344 2111 63 30 000
1427 2111 139 29 kronor.

151 2190 201 31 Stockholm
372 2188 66 30 den
460 2188 13 29 1
495 2185 74 37 juni
590 2184 94 31 1945.

605 2257 48 31 På
676 2256 267 31 statsutskottets
964 2254 142 35 vägnar:

661 2331 28 30 J.
719 2331 34 30 B.
782 2327 270 32 JOHANSSON.

144 2484 197 26 Närvarande:
365 2491 29 17 se
416 2482 90 25 under
527 2480 159 25 ultlåtandet
708 2486 33 17 nr
767 2478 55 24 163.
