1876 2806
98 803 126 26 Utskottet.

271 156 38 30 42
725 163 275 32 Statsutskottets
1025 165 175 31 utlåtande
1224 176 42 20 nr
1291 167 70 29 162.

272 244 9 30 i
303 245 192 35 begränsad
517 245 208 38 omfattning
747 256 41 21 av
812 248 121 29 kurser
954 248 54 30 för
1031 249 225 30 meddelande
1279 259 42 21 av
1347 250 299 38 yrkesutbildning
1671 252 34 30 åt
1726 262 51 20 ar-

271 287 163 30 betslösa.
461 286 113 37 Några
599 289 104 29 säkra
726 288 227 37 hållpunkter
978 290 54 31 för
1055 290 235 37 beräkningen
1314 302 42 20 av
1381 294 55 28 det
1460 293 151 37 verkliga
1637 295 141 29 medels-

271 328 146 30 behovet
441 329 55 30 för
519 329 94 37 dylik
640 330 432 37 utbildningsverksamhet
1095 334 108 30 under
1228 335 99 29 nästa
1351 334 166 36 budgetår
1540 335 165 36 föreligga
1733 337 44 35 gi-

271 370 107 30 vetvis
403 370 84 31 icke.
511 371 122 31 Därest
654 373 55 30 det
730 373 110 30 skulle
863 373 73 31 visa
958 374 48 37 sig
1027 375 156 36 lämpligt
1204 377 65 29 och
1291 376 216 37 erforderligt
1530 380 48 27 att
1601 379 79 29 med
1700 379 78 30 stöd

271 420 42 21 av
331 413 154 30 nämnda
504 414 204 35 kungörelse
727 415 156 30 anordna
903 416 439 37 yrkesutbildningskurser
1360 418 57 31 för
1437 420 188 29 arbetslösa
1642 420 10 30 i
1671 422 108 28 större

271 454 218 36 omfattning,
514 457 97 28 torde
633 459 126 27 statens
784 457 145 36 utgifter
952 458 56 30 för
1031 459 200 31 ändamålet
1253 460 146 30 komma
1423 463 50 28 att
1497 462 160 29 avsevärt
1682 463 95 29 över-

271 494 86 37 stiga
377 497 55 30 det
451 497 252 38 medelsbehov,
724 501 140 29 varmed
884 500 141 30 räknats
1044 501 57 31 vid
1121 500 259 38 avväggningen
1399 511 42 21 av
1463 504 236 35 nyssnämnda
1719 513 58 21 an-

271 537 81 36 slag.
377 538 64 31 Det
462 548 99 27 synes
586 539 69 37 mig
678 550 40 20 ur
738 542 265 35 budgetteknisk
1026 544 176 35 synpunkt
1224 543 166 37 lämpligt,
1416 548 50 26 att
1489 548 126 27 statens
1639 545 141 37 utgifter

270 580 88 29 även
385 580 55 31 för
467 581 93 36 dylik
587 582 165 31 händelse
780 583 169 31 bestridas
976 584 80 30 från
1084 586 106 35 sagda
1216 586 129 35 anslag,
1378 596 74 20 som
1479 587 65 30 har
1570 587 206 36 förslagsan-

271 621 88 37 slags
380 626 112 26 natur.
517 623 123 30 Därest
662 624 184 36 riksdagen
867 625 76 31 icke
964 625 114 32 finner
1103 627 184 37 anledning
1309 628 49 30 till
1379 627 136 31 erinran
1537 632 72 27 mot
1631 631 65 29 vad
1721 630 58 36 jag

270 662 147 32 sålunda
440 665 164 36 förordat,
629 667 97 30 torde
749 667 120 30 därför
889 667 137 31 särskilt
1047 669 119 37 anslag
1188 669 54 31 för
1267 669 199 32 ändamålet
1487 670 74 31 icke
1586 671 84 30 böra
1692 681 84 27 upp-

270 705 94 31 föras
385 706 20 31 å
424 707 128 30 allmän
569 708 280 37 beredskapsstat
867 710 55 30 för
938 711 100 29 nästa
1057 710 176 37 budgetår.

316 797 76 31 Vad
413 798 379 36 departementschefen
816 801 117 30 anfört
956 802 10 29 i
987 802 228 31 förevarande
1236 803 254 37 sammanhang
1512 804 65 30 har
1598 804 75 31 icke
1695 804 81 37 givit

271 848 167 31 utskottet
457 850 187 36 anledning
664 850 50 30 till
734 851 149 31 erinran.
907 851 171 32 Utskottet
1097 853 199 30 hemställer
1316 853 110 36 alltså,

627 946 48 27 att
694 943 183 37 riksdagen
897 943 58 31 må
970 945 10 29 i
1000 945 163 31 skrivelse
1179 946 51 30 till
1248 946 123 36 Kungl.
1391 946 100 36 Maj:t
1509 947 78 36 giva
1604 947 172 30 tillkänna

581 994 68 29 vad
673 994 164 30 utskottet
863 993 146 32 sålunda
1033 995 124 31 anfört.

815 1216 411 52 Kapitalbudgeten.

654 1343 156 35 Statens
834 1345 205 35 allmänna
1063 1346 316 44 fastighetsfond.

311 1447 69 41 8:0)
411 1449 339 37 Magasinsbyggnad
774 1451 59 30 vid
859 1453 133 29 statens
1014 1453 241 36 etnografiska
1280 1463 173 21 museum.
1479 1455 14 30 I
1519 1455 152 36 enlighet
1695 1456 82 30 med

270 1499 123 36 Kungl.
414 1499 118 37 Maj:ts
549 1500 130 37 förslag
702 1500 126 39 (bilaga
849 1503 49 34 13,
917 1503 113 35 punkt
1051 1504 26 34 1,
1096 1513 24 20 s.
1140 1504 41 29 99
1200 1513 42 21 av
1261 1504 108 36 bilagt
1386 1505 123 36 utdrag
1528 1515 43 21 av
1592 1504 181 32 statsråds-

269 1550 208 35 protokollet
504 1552 82 29 över
613 1552 370 31 ecklesiastikärenden
1012 1553 55 30 för
1096 1554 66 30 den
1191 1555 18 29 5
1243 1556 89 34 april
1367 1555 94 39 1946)
1495 1556 199 30 hemställer
1721 1559 52 27 ut-

269 1601 135 35 skottet,

624 1672 48 27 att
699 1670 184 36 riksdagen
912 1669 58 31 må
996 1671 51 30 till
1074 1672 337 37 Magasinsbyggnad
1439 1673 56 30 vid
1522 1677 129 27 statens
1680 1677 93 27 etno-

577 1720 155 37 grafiska
765 1730 159 21 museum
957 1720 20 31 å
1008 1722 130 30 allmän
1171 1723 283 36 beredskapsstat
1485 1724 56 30 för
1572 1723 202 37 budgetåret

581 1767 135 42 1946/47
744 1771 153 35 uppföra
923 1774 46 27 ett
992 1773 119 35 anslag
1134 1782 43 21 av
1201 1773 62 30 300
1278 1774 64 29 000
1366 1774 137 31 kronor.

309 1901 69 40 9:0)
405 1903 343 37 Iordningställande
773 1914 44 21 av
843 1905 284 38 undervisnings-
1151 1908 65 29 och
1242 1908 408 37 konserveringslokaler
1674 1910 11 30 i
1710 1910 63 30 vit-

264 1954 157 36 terhets-,
438 1953 160 31 historie-
618 1956 68 30 och
703 1955 435 32 antikvitetsakademiens
1157 1958 310 36 ämbetsbyggnad.
1485 1959 13 30 I
1522 1960 153 36 enlighet
1693 1960 81 30 med

267 2004 123 36 Kungl.
416 2004 118 36 Maj:ts
557 2005 131 37 förslag
715 2005 124 39 (punkt
862 2008 29 34 2,
915 2016 25 21 s.
964 2008 41 28 99
1028 2008 65 29 och
1119 2007 72 39 100)
1220 2009 200 30 hemställer
1440 2010 175 36 utskottet,

621 2059 50 27 att
695 2056 184 37 riksdagen
904 2056 58 31 må
987 2058 49 30 till
1064 2059 335 36 Iordningställande
1423 2070 42 20 av
1493 2061 278 36 undervisnings-

577 2107 66 30 och
668 2107 396 38 konserveringslokaler
1089 2110 10 29 i
1124 2110 200 37 vitterhets-,
1351 2111 155 30 historie-
1534 2112 65 29 och
1624 2112 146 29 antikvi-

577 2158 289 30 tetsakademiens
891 2159 295 37 ämbetsbyggnad
1211 2160 20 30 å
1254 2161 130 30 allmän
1409 2162 280 36 beredskapsstat
1716 2162 56 30 för

575 2207 202 37 budgetåret
796 2204 137 42 1946/47
950 2210 151 35 uppföra
1116 2213 46 27 ett
1179 2211 119 36 anslag
1313 2221 42 20 av
1371 2212 40 30 32
1426 2213 63 29 000
1506 2213 138 29 kronor.

309 2339 89 40 10:0)
424 2340 285 33 Iståndsättande
732 2352 42 21 av
795 2352 127 21 muren
944 2344 163 37 omkring
1128 2345 186 31 botaniska
1338 2345 212 38 trädgården
1574 2347 11 30 i
1608 2347 164 36 Uppsala.

265 2391 124 36 Kungl.
408 2391 101 37 Maj:t
525 2393 65 30 har
614 2392 122 39 (punkt
753 2394 29 35 3,
801 2403 25 20 s.
849 2395 61 29 100
927 2395 65 29 och
1014 2393 72 40 101)
1109 2395 176 37 föreslagit
1304 2396 184 37 riksdagen
1506 2401 50 27 att
1573 2398 51 29 till
1641 2396 128 31 istånd-

264 2442 159 30 sättande
443 2452 42 21 av
506 2453 123 20 muren
649 2444 159 36 omkring
827 2445 184 30 botaniska
1030 2445 207 36 trädgården
1258 2446 10 29 i
1290 2446 153 36 Uppsala
1462 2446 21 31 å
1501 2448 129 30 allmän
1650 2447 118 31 bered-

261 2492 174 36 skapsstat
456 2493 55 31 för
531 2494 202 36 budgetåret
756 2492 141 33 1946/47
922 2495 119 31 anvisa
1064 2499 45 28 ett
1131 2497 119 38 anslag
1275 2507 42 20 av
1339 2498 41 30 35
1395 2499 63 29 000
1480 2499 137 30 kronor.
