1906 2824
1626 171 18 29 7

205 253 49 29 De
285 252 202 30 redovisade
521 252 193 29 direktiven
745 251 63 30 har
841 251 196 39 uppfattats
1070 251 115 29 såsom
1217 251 237 29 innebärande
1486 250 157 37 följande

159 306 300 40 huvuduppgifter
475 306 54 30 för
544 305 246 40 utredningen:

203 360 39 30 A.
268 360 150 40 Lagring
432 360 65 29 och
512 360 220 39 återvinning
746 369 42 20 av
802 359 238 30 information.

205 424 28 20 a.
260 414 232 30 Information
506 414 220 29 tillkommen
740 414 95 29 inom
850 413 197 39 riksdagen.

206 468 189 40 Uppgiften
414 468 146 30 innebär
579 467 263 40 undersökning
862 477 41 20 av
924 467 40 30 de
983 467 155 40 problem
1160 476 73 20 som
1254 467 38 29 är
1312 467 233 40 förknippade
1565 466 80 30 med

162 522 295 39 databehandling
476 531 42 20 av
535 521 206 40 riksdagens
760 523 74 37 eget
851 521 418 34 informationsmaterial,
1290 521 72 32 dvs.
1381 521 263 39 riksdagstryck

161 577 65 29 och
248 576 269 39 registreringen
540 585 42 20 av
603 575 324 30 händelsemoment
948 575 11 29 i
981 575 305 39 riksdagsarbetet.
1310 575 64 29 Det
1397 584 102 30 synes
1523 574 122 30 därvid

160 630 46 29 ha
223 630 186 29 förutsatts
426 631 50 28 att
492 629 197 39 framlagda
704 629 289 39 lösningsförslag
1010 629 70 29 kan
1096 628 222 29 kombineras
1334 628 80 29 med
1431 628 213 29 automatisk

163 683 155 40 sättning
353 683 65 29 och
452 683 187 40 tryckning
675 692 42 20 av
750 682 430 40 riksdagshandlingarna.
1216 682 52 29 En
1304 682 53 29 del
1394 691 40 20 av
1470 681 175 39 riksdags-

161 737 196 30 materialet
383 737 211 40 produceras
622 737 94 29 inom
745 736 373 40 statsdepartementen
1151 735 270 41 (propositioner
1449 737 90 28 samt
1568 744 77 21 svar

162 791 45 40 på
229 791 298 40 interpellationer
550 790 65 30 och
638 791 103 29 enkla
764 790 149 40 frågor).
936 790 92 30 Bl.a.
1053 799 42 20 av
1118 790 94 29 detta
1235 790 75 29 skäl
1333 790 62 29 bör
1420 789 225 39 samordning

163 845 225 30 eftersträvas
409 845 80 29 med
510 844 231 40 utredningen
763 853 56 20 om
839 844 274 30 rättsväsendets
1134 843 379 39 informationssystem
1535 843 10 29 i
1568 843 77 30 dess

162 901 103 38 etapp
280 899 88 29 ADB
384 909 42 20 av
439 899 138 39 lagtext,
594 908 74 20 som
683 907 98 21 avser
796 898 78 30 hela
889 898 66 30 den
971 907 25 20 s.
1009 898 33 29 k.
1057 897 384 40 lagstiftningscirkeln.

206 953 31 30 b.
264 953 231 29 Information
509 952 220 30 tillkommen
744 952 142 30 utanför
901 952 197 39 riksdagen.

208 1007 14 29 I
242 1007 194 40 uppdraget
456 1006 100 40 ingår
577 1006 86 29 även
684 1008 50 27 att
754 1006 133 30 bevaka
906 1006 206 39 riksdagens
1132 1005 222 39 möjligheter
1375 1007 50 27 att
1445 1005 37 29 få
1502 1004 144 40 tillgång

164 1061 52 29 till
235 1060 274 30 informationen
527 1060 11 29 i
557 1060 41 30 de
618 1060 214 29 databanker
852 1068 74 21 som
944 1059 162 40 planeras
1126 1059 81 30 eller
1227 1059 37 29 är
1283 1059 110 29 under
1413 1058 233 40 uppbyggnad

162 1114 45 39 på
221 1114 94 30 olika
329 1114 71 29 håll
414 1114 96 29 inom
526 1113 358 40 statsförvaltningen.

209 1168 13 28 I
244 1167 170 30 samband
434 1167 146 30 härmed
600 1167 65 29 har
687 1176 74 20 som
783 1167 139 39 uppgift
943 1166 55 30 för
1020 1166 195 30 försludien
1237 1165 200 40 ytterligare
1459 1165 187 39 uppställts

165 1223 50 28 att
242 1221 145 30 >utreda
412 1221 179 29 formerna
616 1221 54 29 för
695 1220 211 40 bedömning
932 1229 43 21 av
999 1219 327 31 relevansområden
1352 1229 42 20 av
1419 1220 146 28 intresse
1592 1219 54 29 för

163 1275 187 39 riksdagen
369 1274 66 30 och
452 1274 55 30 för
524 1274 179 39 initiering
721 1274 65 30 och
805 1274 226 39 samordning
1051 1282 42 21 av
1110 1272 327 40 expertutlåtanden
1454 1272 12 29 i
1485 1274 48 27 ett
1552 1272 97 29 ären-

165 1329 41 29 de
227 1330 90 28 samt
338 1330 50 28 att
408 1329 190 34 inventera,
620 1328 170 30 definiera
810 1327 65 30 och
895 1328 172 39 avgränsa
1087 1327 41 30 de
1149 1326 260 35 fackområden,
1432 1326 61 30 där
1515 1328 132 37 expert-

165 1382 206 30 utlåtanden
395 1383 71 29 kan
488 1381 184 31 behövas».
697 1382 102 29 Detta
822 1382 168 39 uppdrag,
1017 1390 74 21 som
1115 1381 72 29 inte
1211 1380 267 39 nödvändigtvis
1502 1380 145 29 innebär

164 1436 224 39 tillämpning
418 1445 41 21 av
489 1435 238 35 ADB-teknik,
757 1436 61 29 bör
848 1435 160 30 bedrivas
1037 1435 12 29 i
1080 1434 140 30 samråd
1248 1434 81 30 med
1358 1433 290 40 grundlagbered-

165 1491 140 38 ningen.
329 1490 65 30 Det
417 1490 97 29 torde
537 1489 11 30 i
571 1489 187 30 huvudsak
781 1498 79 21 avse
884 1489 125 40 frågan
1032 1497 56 21 om
1112 1489 67 29 hur
1203 1488 187 39 riksdagen
1415 1488 88 29 skall
1527 1488 120 28 kunna

164 1544 218 29 tillförsäkra
402 1544 51 39 sig
471 1544 67 29 den
559 1543 238 40 sakkunskap,
818 1543 126 29 främst
963 1542 12 30 i
993 1542 164 30 tekniska
1176 1542 65 29 och
1261 1541 109 30 andra
1389 1540 262 40 vetenskapliga

165 1597 182 41 spörsmål,
362 1606 75 21 som
451 1597 176 30 erfordras
642 1606 74 21 som
730 1596 169 40 underlag
911 1596 56 30 för
980 1596 79 30 dess
1072 1596 124 30 beslut.

209 1652 37 29 B.
271 1650 230 41 Utvärdering
516 1660 42 21 av
571 1650 375 40 handlingsalternativ

210 1705 409 40 Utredningsuppdraget
638 1705 167 29 omfattar
825 1704 163 40 slutligen
1007 1706 48 28 ett
1075 1704 156 29 studium
1251 1713 42 20 av
1312 1702 268 40 möjligheterna
1600 1704 49 27 att

168 1759 161 29 använda
348 1759 88 29 ADB
456 1759 55 29 för
531 1760 50 28 att
600 1759 80 29 med
698 1758 99 39 hjälp
818 1767 42 20 av
877 1758 166 29 modeller
1062 1758 156 29 beräkna
1237 1757 82 29 eller
1337 1757 148 29 bedöma
1504 1756 56 30 det
1580 1756 70 29 för-

166 1812 150 30 väntade
346 1812 139 30 utfallet
515 1814 86 30 t.ex.
634 1821 41 20 av
704 1812 94 29 vissa
828 1811 229 30 ekonomiska
1087 1810 195 40 åtaganden
1318 1809 332 35 (konsekvenskart-

167 1866 196 40 läggning).
397 1866 122 29 Denna
550 1866 139 39 uppgift
721 1865 88 30 skall
842 1865 88 30 dock
962 1865 106 39 enligt
1100 1864 193 30 direktiven
1325 1864 142 29 komma
1497 1863 12 30 i
1541 1863 110 30 andra

166 1920 106 30 hand.

166 2059 23 34 2
488 2057 274 48 Angränsande
781 2057 167 35 aktuella
966 2056 246 47 utredningar

169 2162 117 30 Under
314 2162 131 30 arbetet
472 2162 95 29 inom
595 2161 232 39 utredningen
853 2170 56 20 om
936 2160 89 29 ADB
1052 2160 11 29 i
1090 2160 295 39 riksdagsarbetet
1411 2159 65 30 har
1503 2159 148 29 kontakt

170 2216 185 29 etablerats
389 2215 80 30 med
503 2215 110 30 andra
647 2214 227 39 utredningar
909 2214 81 30 eller
1025 2214 267 39 arbetsgrupper
1326 2213 95 29 inom
1456 2212 64 30 och
1554 2215 97 27 utom

169 2270 198 39 riksdagen,
392 2269 112 30 vilkas
529 2268 177 41 uppgifter
732 2268 107 30 delvis
865 2267 262 30 sammanfaller
1152 2267 80 30 med
1256 2267 81 30 eller
1362 2268 162 38 tangerar
1549 2266 103 29 ADB-

168 2324 262 39 utredningens.

165 2431 51 29 2.1
244 2429 413 41 Grundlagberedningen

170 2511 118 31 Under
312 2511 262 30 höstsessionen
601 2510 83 30 1968
710 2518 63 31 gav
797 2510 188 39 riksdagen
1008 2509 12 29 i
1045 2508 187 40 anledning
1258 2518 42 20 av
1324 2508 171 30 motioner
1520 2507 64 30 och
1609 2507 48 40 på
