1903 2832
271 159 37 30 16
550 153 404 41 Bevillningsutskottets
972 150 218 32 betänkande
1207 159 43 20 nr
1266 150 41 29 44
1325 149 39 30 år
1382 148 83 29 1968

312 239 75 29 Den
410 236 223 31 verksamhet
657 236 11 29 i
692 235 93 29 form
809 243 42 20 av
876 233 132 30 studier
1034 232 64 29 och
1123 240 117 21 annan
1266 227 387 42 fritidssysselsättning
1679 234 75 21 som

267 293 138 30 bedrivs
428 292 95 29 inom
546 289 324 41 organisationerna
893 287 210 30 finansieras
1127 286 52 29 till
1205 287 71 28 stor
1301 284 54 30 del
1380 283 79 30 med
1482 282 183 30 medlems-
1690 280 64 29 och

270 346 244 40 kursavgifter,
531 345 65 30 och
612 345 67 29 den
695 343 199 39 föreslagna
911 339 369 41 arbetsgivaravgiften
1297 339 158 29 kommer
1474 338 49 28 att
1540 336 47 30 bli
1606 344 43 21 en
1666 334 89 30 hård

268 401 197 39 belastning
482 409 74 21 som
572 400 11 29 i
600 400 67 38 hög
684 398 84 40 grad
785 398 158 29 kommer
961 397 50 29 att
1027 394 144 40 menligt
1188 393 145 31 inverka
1351 392 45 41 på
1413 390 341 41 organisationernas

269 466 42 19 av
330 456 68 29 alla
415 454 156 31 erkända
591 452 304 39 samhällsnyttiga
914 450 233 30 verksamhet.
1169 449 127 29 Utöver
1318 446 132 31 studier
1471 446 65 29 och
1557 444 198 38 utbildning

270 511 55 29 för
346 519 117 20 vuxna
485 508 158 30 bedriver
666 506 106 30 också
795 505 151 31 flertalet
971 514 41 20 av
1034 504 64 29 här
1121 501 267 41 ifrågavarande
1413 499 275 40 organisationer
1714 506 43 21 en

270 563 218 31 omfattande
514 560 406 42 ungdomsverksamhet,
949 568 74 20 som
1051 558 111 39 syftar
1188 557 52 29 till
1268 556 64 29 och
1359 563 58 32 ger
1445 554 242 39 ungdomarna
1714 561 42 20 en

272 616 413 38 samhällsbefrämjande
704 616 65 29 och
788 613 250 40 meningsfylld
1059 611 276 41 sysselsättning.

317 673 122 39 Statlig
458 671 252 40 lönereglering
728 670 106 39 gäller
854 669 71 29 inte
947 669 107 28 annat
1074 667 44 29 än
1139 667 11 28 i
1170 664 263 40 undantagsfall
1454 663 45 29 då
1520 661 151 31 arvoden
1693 661 65 29 och

271 727 235 39 ersättningar
529 726 52 29 till
606 726 112 28 lärare
743 724 65 29 och
831 723 116 30 ledare
971 722 55 29 för
1051 721 115 30 denna
1189 718 223 31 verksamhet
1439 717 89 30 skall
1554 715 203 31 fastställas.

274 783 12 28 I
305 781 261 41 propositionen
585 780 38 29 är
642 778 169 41 uppställt
831 786 74 21 som
924 776 125 30 villkor
1068 775 55 30 för
1143 776 50 28 att
1213 775 113 28 staten
1347 772 89 30 skall
1456 771 118 30 ikläda
1594 770 52 39 sig
1665 770 93 28 kost-

273 836 252 29 nadsansvaret
542 834 54 29 för
613 831 369 41 arbetsgivaravgiften
1000 830 72 29 dels
1091 831 50 28 att
1157 828 117 39 statlig
1291 826 252 40 lönereglering
1562 824 88 30 skall
1670 824 89 39 gälla

273 889 65 29 och
357 889 72 29 dels
448 890 50 27 att
518 889 112 27 staten
650 886 89 29 skall
759 894 101 20 svara
879 885 54 28 för
952 883 246 38 huvudparten
1218 891 42 19 av
1279 880 196 38 avlönings-
1495 879 65 28 och
1580 878 179 39 pensions-

274 942 247 30 kostnaderna.
538 940 94 30 Även
649 941 11 28 i
677 940 41 29 de
737 939 62 30 fall
818 938 43 30 då
879 939 114 29 staten
1010 936 80 30 med
1107 936 139 38 hänsyn
1263 934 53 30 till
1336 932 264 39 statsbidragets
1619 930 141 30 omfatt-

274 997 84 38 ning
373 996 185 29 förutsätts
572 995 118 28 lämna
705 993 122 38 bidrag
843 992 51 29 till
913 991 169 29 täckande
1099 999 42 20 av
1157 988 237 30 kostnaderna
1411 987 54 29 för
1483 986 130 30 allmän
1631 985 129 29 arbets-

275 1049 216 41 givaravgift,
510 1049 158 28 kommer
687 1047 94 29 detta
799 1048 51 28 att
869 1046 60 29 ske
948 1044 123 31 endast
1089 1043 52 30 till
1160 1042 70 30 viss
1250 1042 65 30 del.
1335 1040 206 31 Återstoden
1561 1039 110 29 måste
1691 1038 70 29 täc-

275 1105 63 29 kas
356 1114 41 19 av
414 1103 111 30 medel
544 1111 74 21 som
636 1100 282 41 organisationen
937 1099 90 37 själv
1044 1098 63 29 har
1126 1099 50 28 att
1195 1095 176 31 anskaffa.
1390 1094 49 30 På
1458 1094 38 30 så
1516 1094 68 29 sätt
1602 1093 159 29 kommer

275 1160 66 28 den
364 1158 178 29 allmänna
564 1154 370 41 arbetsgivaravgiften
957 1154 50 28 att
1029 1152 113 29 direkt
1165 1151 107 29 verka
1295 1148 211 31 hämmande
1530 1148 65 29 och
1618 1146 144 39 begrän-

276 1213 106 29 sande
409 1212 45 39 på
480 1208 486 41 frivilligorganisationernas
995 1205 277 31 arbetsinsatser.
1301 1200 461 41 Gränsdragningsproblem

276 1267 70 28 kan
368 1265 137 40 uppstå,
528 1273 81 20 men
631 1263 41 30 de
694 1263 64 29 här
780 1261 148 30 berörda
950 1259 341 40 organisationernas
1316 1256 319 31 samhällsinsatser
1660 1255 37 28 är
1722 1263 41 20 av

278 1321 37 29 så
338 1322 87 28 stort
446 1319 105 29 värde
575 1320 50 27 att
647 1316 323 40 organisationerna
994 1315 70 28 inte
1088 1313 55 30 får
1166 1314 124 38 tyngas
1315 1311 79 29 med
1418 1319 68 31 nya
1510 1309 152 40 pålagor,
1689 1316 74 21 som

276 1373 200 40 ytterligare
492 1372 189 39 begränsar
700 1370 101 29 deras
819 1368 233 30 verksamhet.

278 1455 46 29 II:
342 1454 83 29 1132

321 1508 68 30 För
417 1507 131 30 sådana
575 1506 124 29 ideella
727 1504 166 30 stiftelser
921 1503 64 29 och
1014 1500 369 39 sammanslutningar,
1414 1508 74 20 som
1516 1496 249 31 kostnadsfritt

279 1561 284 31 tillhandahåller
580 1560 150 36 tjänster
748 1559 54 29 för
819 1558 93 29 vissa
930 1565 150 31 grupper
1098 1565 43 19 av
1158 1555 225 37 medborgare
1402 1553 65 29 och
1486 1561 74 20 som
1578 1551 54 30 för
1651 1550 115 30 finan-

280 1616 173 38 sieringen
470 1624 42 20 av
530 1614 53 29 sin
600 1612 223 31 verksamhet
841 1612 38 28 är
896 1609 170 31 beroende
1085 1619 42 19 av
1145 1609 113 39 gåvor,
1278 1607 209 38 avkastning
1506 1615 41 20 av
1566 1600 199 48 fondmedel

279 1670 65 29 och
366 1668 193 31 insamlade
583 1667 121 34 medel,
728 1666 158 29 kommer
910 1664 66 30 den
1000 1663 178 30 allmänna
1202 1660 370 40 arbetsgivaravgiften
1597 1660 50 28 att
1671 1658 96 29 inne-

279 1724 86 28 bära
389 1732 42 20 en
454 1720 312 38 kostnadsökning,
793 1719 55 29 för
873 1718 116 29 vilken
1016 1726 82 20 man
1124 1715 275 40 uppenbarligen
1425 1713 55 30 får
1507 1713 139 39 mycket
1674 1712 93 29 svårt

282 1779 50 27 att
351 1776 37 30 få
406 1774 268 41 kompensation
694 1781 124 32 genom
838 1772 110 30 ökade
968 1770 164 30 intäkter.
1153 1769 148 37 Följden
1322 1768 70 29 kan
1413 1768 47 29 bli
1482 1768 50 28 att
1553 1775 82 20 man
1657 1765 110 29 måste

281 1831 170 38 begränsa
467 1830 41 28 de
526 1829 147 36 tjänster
690 1836 73 20 som
780 1835 82 20 man
878 1827 11 28 i
904 1825 127 39 många
1047 1825 61 28 fall
1126 1824 38 29 är
1180 1822 142 40 tvingad
1339 1824 50 27 att
1407 1829 48 31 ge,
1474 1820 119 30 därför
1611 1821 50 28 att
1680 1828 88 20 sam-

282 1884 106 29 hället
405 1884 72 29 inte
493 1883 63 28 har
574 1882 82 29 eller
674 1881 64 29 har
756 1879 209 39 otillräcklig
982 1877 224 31 verksamhet
1224 1876 45 40 på
1287 1875 157 30 området
1463 1875 11 28 i
1493 1874 109 39 fråga.

327 1938 64 29 Det
412 1935 300 31 inkomstbortfall
735 1934 55 30 för
814 1932 208 31 stalsverket
1046 1940 75 21 som
1144 1940 43 21 en
1210 1930 161 30 befrielse
1395 1928 80 30 från
1500 1927 67 30 den
1591 1927 179 29 allmänna

282 1990 370 40 arbetsgivaravgiften
677 1989 55 29 för
757 1988 63 29 här
846 1987 151 29 avsedda
1021 1985 124 30 ideella
1170 1984 276 39 organisationer
1472 1982 112 29 skulle
1611 1980 159 30 medföra

283 2045 98 29 torde
404 2045 121 28 kunna
547 2044 48 28 bli
618 2042 166 38 tämligen
807 2041 186 39 begränsat
1016 2048 80 20 men
1121 2038 112 29 skulle
1255 2037 56 30 för
1336 2037 101 29 dessa
1460 2035 168 30 innebära
1654 2035 50 28 att
1729 2033 41 30 de

285 2099 128 39 slipper
435 2100 49 27 att
505 2097 79 29 med
606 2095 195 39 säkerligen
824 2096 92 28 stora
939 2093 212 39 svårigheter
1173 2091 65 30 och
1260 2090 134 30 kanske
1416 2090 11 29 i
1450 2089 126 39 många
1599 2088 62 30 fall
1685 2089 85 28 utan

284 2151 184 40 framgång
485 2150 143 30 försöka
644 2150 67 29 öka
728 2149 76 29 sina
821 2147 228 39 insamlingar
1066 2155 30 20 o.
1114 2146 32 29 d.
1164 2146 55 29 för
1237 2146 50 28 att
1305 2144 181 29 motverka
1504 2143 66 29 den
1587 2141 183 30 kostnads-

286 2205 161 39 stegring,
466 2213 74 21 som
558 2205 85 28 utan
661 2203 109 29 sådan
786 2201 162 30 befrielse
966 2200 110 29 måste
1095 2199 226 39 uppkomma.

285 2313 242 35 Egenavgifter
545 2322 43 19 m.
609 2321 42 19 m.

286 2395 30 28 1:
332 2393 62 30 877

330 2447 273 39 Avdragsrätten
626 2445 55 29 för
704 2443 196 40 egenavgift
923 2442 186 29 motiveras
1133 2441 11 29 i
1167 2439 263 41 propositionen
1456 2438 153 30 1968:77
1641 2437 43 35 (s.
1712 2437 56 33 13)

286 2501 45 40 på
349 2501 11 29 i
378 2499 187 30 huvudsak
584 2497 157 38 följande
762 2498 78 29 sätt.
860 2496 67 30 För
947 2494 233 40 arbetsgivare
1201 2493 38 30 är
1259 2493 67 29 den
1347 2492 178 30 allmänna
1546 2491 227 39 arbetsgivar-
