1906 2822
430 145 404 40 Bevillningsutskottets
852 151 217 31 betänkande
1087 163 42 19 nr
1145 156 42 28 44
1204 156 39 29 år
1261 157 84 29 1968
1595 162 37 30 17

147 221 154 39 avgiften
331 223 208 41 avdragsgill
570 226 115 31 såsom
715 229 156 31 likställd
902 232 79 30 med
1011 233 241 33 lönekostnad.
1284 237 251 41 Egenavgiften
1566 241 66 29 blir

147 274 156 30 däremot
329 277 70 29 inte
425 279 208 40 avdragsgill
660 282 105 40 enligt
792 293 47 20 nu
866 285 158 39 gällande
1050 288 388 34 skattebestiämmelser.
1466 293 13 29 I
1507 294 125 30 under-

146 328 90 39 laget
256 329 54 30 för
331 332 240 39 egenavgiften
591 335 99 39 ingår
711 337 192 31 emellertid
924 340 253 41 avkastningen
1199 353 42 20 av
1262 344 57 30 det
1341 345 132 41 kapital
1496 356 75 21 som
1594 349 37 29 är

145 383 139 39 nedlagt
303 384 10 29 i
332 384 290 34 förvärvskällan.
642 389 67 30 För
728 391 154 31 inkomst
901 402 43 20 av
962 394 131 40 kapital
1114 397 11 28 i
1146 397 252 42 skatterättslig
1417 402 141 39 mening
1578 404 53 28 ut-

144 436 61 38 gär
221 437 71 29 inte
309 440 206 38 egenavgift.
532 441 73 30 Den
623 443 343 43 kapitalavkastning
985 457 74 20 som
1078 450 98 39 ingår
1193 451 11 29 i
1222 452 200 31 inkomsten
1441 464 42 20 av
1501 456 129 30 rörelse

144 489 81 30 celler
246 490 360 44 jordbruksfastighet
628 497 61 29 bör
711 498 120 30 därför
852 500 183 41 rätteligen
1056 512 84 21 vara
1161 504 47 30 fri
1230 505 80 30 från
1333 509 206 39 egenavgift.
1561 510 68 30 För

143 545 50 27 att
212 545 84 29 ernå
315 545 94 30 detta
429 547 146 31 föreslår
595 550 385 39 departementschefen
1000 558 50 28 att
1070 559 240 39 egenavgiften
1331 561 55 30 får
1408 562 80 30 dras
1510 573 42 20 av
1572 564 57 30 vid

144 597 435 44 inkomstbeskattningen.

186 651 393 40 Departementschefen
602 666 101 21 anser
725 659 57 30 det
804 660 147 31 sålunda
973 663 71 30 inte
1066 664 11 29 i
1100 665 64 29 och
1187 666 54 29 för
1265 667 50 40 sig
1337 678 84 20 vara
1443 670 185 41 berättigat

141 706 50 27 att
212 705 58 30 vid
292 706 360 44 inkomsttaxeringen
676 713 119 39 medge
820 715 128 40 avdrag
971 716 55 30 för
1049 720 240 39 egenavgiften
1314 722 51 29 till
1391 723 66 30 den
1482 724 53 30 del
1561 725 65 30 den

140 758 101 30 faller
257 760 45 39 på
318 761 66 29 den
401 762 10 29 i
429 763 199 31 inkomsten
645 766 168 39 ingående
831 770 238 40 ersättningen
1087 772 54 29 för
1159 776 74 36 eget
1251 775 116 30 arbete
1391 777 235 34 (inkomstens

141 812 210 36 »lönedel>»).
371 815 73 30 Den
463 817 219 40 avdragsrätt
702 829 73 21 som
795 821 384 40 departementschefen
1199 827 147 31 föreslår
1366 830 63 30 har
1449 832 176 40 nämligen

140 867 221 31 uteslutande
385 870 50 28 till
458 871 162 30 ändamål
642 875 50 27 att
714 882 38 31 ge
775 875 267 41 kompensation
1065 880 54 29 för
1142 880 66 30 den
1231 882 54 30 del
1309 893 42 20 av
1373 886 251 39 egenavgiften,

139 929 74 20 som
237 921 100 30 faller
360 923 44 39 på
425 924 66 30 den
515 926 10 28 i
548 926 199 31 inkomsten
771 929 168 40 ingående
964 933 253 41 avkastningen
1241 936 45 39 på
1309 937 11 29 i
1344 938 280 32 förvärvskällan

137 974 140 40 nedlagt
295 976 132 39 kapital
452 978 234 34 (inkomstens
708 982 263 40 »kapitaldel»).
992 987 74 29 Den
1086 987 197 41 föreslagna
1303 991 320 42 schablonlösning-

136 1036 42 20 en
200 1028 155 36 innebär,
379 1032 50 28 att
450 1032 218 32 inkomstens
693 1036 229 40 »kapilaldel»
948 1049 101 21 anses
1073 1043 175 29 motsvara
1272 1053 134 22 samma
1428 1049 194 37 procenttal

137 1090 74 20 som
234 1084 324 39 marginalskatten.
583 1088 105 39 Utgör
713 1090 113 30 denna
849 1091 41 30 40
914 1096 152 36 procent,
1092 1103 58 31 ger
1175 1097 211 32 schablonen
1411 1102 48 27 ett
1483 1102 139 30 rättvist

134 1136 147 29 resultat
304 1146 57 20 om
383 1139 389 43 kapitalavkastningen
794 1146 133 39 uppgår
951 1147 52 29 till
1027 1148 41 29 40
1091 1152 143 36 procent
1259 1161 42 19 av
1324 1154 297 31 nettoinkomsten

134 1188 11 29 i
165 1189 280 32 förvärvskällan
465 1202 29 21 o.
516 1203 25 20 s.
562 1204 30 20 v.
614 1196 121 30 Denna
755 1198 249 32 konstruktion
1024 1211 43 20 av
1088 1203 210 31 schablonen
1320 1207 38 29 är
1379 1208 54 28 väl
1455 1208 107 40 riktig
1584 1210 37 29 så

137 1242 48 29 till
209 1244 79 29 vida
313 1253 74 21 som
411 1246 218 32 inkomstens
656 1250 228 39 »kapitaldel>
911 1254 11 29 i
947 1254 191 31 allmänhet
1162 1258 98 30 torde
1284 1269 84 20 vara
1392 1262 138 30 relativt
1554 1266 66 27 sett

134 1297 110 29 större
261 1297 40 36 ju
319 1298 105 39 högre
442 1300 199 32 inkomsten
660 1303 47 30 är.
727 1305 164 30 Däremot
910 1307 63 30 har
989 1310 222 39 naturligtvis
1230 1312 176 41 ökningen
1424 1315 72 31 inte
1515 1316 105 40 något

134 1358 75 20 som
227 1351 90 29 helst
336 1354 170 29 samband
524 1356 79 29 med
623 1357 391 41 skatteprogressionen.
1036 1363 12 28 I
1068 1364 127 39 många
1214 1365 61 30 fall
1296 1367 97 30 torde
1414 1368 67 30 den
1501 1379 43 20 av
1563 1371 56 30 de-

132 1406 342 36 partementschefen
491 1408 197 41 föreslagna
704 1412 211 31 schablonen
932 1416 110 29 under
1059 1417 41 30 de
1117 1418 293 42 förutsättningar
1427 1424 108 38 varpå
1552 1425 66 29 den

132 1457 127 39 bygger
278 1466 38 32 ge
335 1468 43 21 en
395 1460 70 30 viss
483 1462 350 41 överkompensation
853 1476 74 21 som
946 1469 11 29 i
976 1469 130 31 kronor
1125 1472 135 30 räknad
1280 1474 70 29 kan
1370 1485 83 20 vara
1473 1478 69 29 rätt
1562 1478 56 30 be-

134 1511 150 38 tydande
301 1513 9 29 i
328 1513 105 40 högre
451 1516 267 41 inkomstlägen.

175 1565 411 39 Departementschefens
607 1572 306 43 schablonlösning
933 1577 101 39 utgår
1054 1580 193 30 emellertid
1267 1581 80 30 från
1369 1592 42 20 en
1431 1580 186 49 väsentligt

130 1618 146 41 felaktig
293 1620 253 42 förutsättning
562 1625 64 29 och
644 1626 70 29 kan
732 1627 119 31 därför
866 1630 71 29 inte
955 1631 165 40 godtagas
1138 1634 11 28 i
1167 1634 67 30 den
1252 1635 198 41 föreslagna
1468 1639 148 30 utform-

129 1672 139 39 ningen.
291 1674 206 41 Egenavgift
519 1678 62 29 bör
639 1697 8 2 —
669 1689 74 21 som
767 1682 384 39 departementschefen
1175 1687 179 42 föreslagit
1377 1709 44 2 —
1443 1692 12 29 i
1478 1693 137 40 princip

129 1726 82 39 ulgå
230 1728 123 29 endast
372 1729 45 39 på
435 1730 218 32 inkomstens
676 1734 187 31 »lönedel>.
885 1738 164 30 Däremot
1068 1740 62 29 bör
1151 1742 154 39 avgiften
1325 1744 45 39 på
1392 1745 220 31 »lönedelen»

128 1789 83 19 vara
232 1781 208 41 avdragsgill
463 1784 43 39 på
529 1794 134 21 samma
685 1788 68 29 sätt
776 1798 74 20 som
871 1800 42 19 av
935 1792 232 39 arbetsgivare
1190 1796 118 39 erlagd
1331 1798 130 29 allmän
1485 1800 129 30 arbets-

128 1833 218 40 givaravgift.
365 1836 64 30 Det
447 1838 38 28 är
502 1838 64 29 här
585 1839 99 40 fråga
701 1850 55 20 om
776 1852 41 20 en
838 1844 93 29 skatt
949 1845 45 39 på
1012 1847 213 31 arbetskraft
1244 1850 65 29 och
1327 1851 72 30 inte
1418 1861 57 21 om
1495 1863 42 20 en
1558 1864 55 20 av-

127 1886 65 39 gift
214 1888 5 28 i
237 1888 207 40 vederlagen
462 1892 150 40 mening.
633 1894 51 29 En
703 1895 193 40 företagare
916 1907 75 20 som
1010 1900 115 39 lägger
1144 1902 66 29 ned
1228 1903 78 30 hela
1326 1905 54 28 sin
1400 1907 213 30 arbetskraft

126 1940 11 28 i
156 1940 154 30 rörelsen
329 1942 62 30 bör
411 1944 70 29 inte
502 1954 81 21 vara
604 1947 112 30 sämre
738 1950 102 29 ställd
861 1951 44 28 än
925 1961 42 19 en
988 1953 194 40 företagare
1203 1965 74 21 som
1298 1958 71 29 inte
1391 1959 90 36 själv
1501 1961 110 29 deltar

126 1993 10 28 i
154 1994 132 30 arbetet
304 1997 86 28 utan
407 1997 87 30 låter
512 1999 94 29 detta
624 2000 71 30 helt
714 2002 135 31 utföras
866 2013 42 20 av
926 2007 183 30 anställda.
1129 2008 67 30 Om
1215 2019 42 20 en
1277 2010 193 41 företagare
1490 2015 121 29 ombil-

126 2047 62 28 dar
204 2048 59 29 sitt
279 2049 134 40 förelag
429 2051 50 29 till
496 2053 205 40 aktiebolag,
717 2056 66 29 blir
799 2057 66 29 den
882 2059 178 30 allmänna
1076 2062 324 42 arbetsgivaravgift
1418 2076 74 20 som
1510 2069 101 39 utgår

124 2100 45 38 på
192 2101 89 30 hans
305 2102 58 30 lön
387 2104 207 41 avdragsgill
620 2107 54 30 för
698 2109 135 40 bolaget
858 2112 64 28 och
947 2113 113 39 någon
1086 2117 195 38 egenavgift
1306 2119 100 39 utgår
1432 2120 81 30 inte.
1540 2122 70 30 Allt

125 2153 95 30 detta
233 2155 88 29 talar
336 2156 55 29 för
406 2160 50 27 alt
471 2159 66 29 den
553 2162 204 39 egenavgift,
775 2172 74 21 som
866 2165 112 39 fysisk
993 2176 126 30 person
1136 2169 63 29 har
1216 2172 50 28 att
1282 2172 146 40 erlägga,
1446 2174 11 29 i
1472 2175 136 41 princip

125 2207 89 29 skall
229 2218 83 20 vara
328 2210 218 41 avdragsgill.

168 2261 73 30 Den
270 2272 42 20 av
340 2263 386 41 departementschefen
755 2270 197 41 föreslagna
982 2274 211 32 schablonen
1223 2278 62 30 bör
1315 2279 120 31 därför
1465 2283 144 29 omkon-

123 2317 164 33 sirueras,
311 2317 37 29 så
369 2321 50 26 att
441 2320 128 40 avdrag
591 2323 138 39 medges
752 2324 73 29 dels
846 2326 54 29 för
923 2327 66 29 den
1012 2330 195 39 egenavgift
1231 2341 73 20 som
1328 2333 139 41 belöper
1490 2337 45 38 på
1557 2338 51 28 in-

121 2369 181 31 komstens
325 2372 187 36 »lönedel>,
534 2374 73 30 dels
629 2377 77 29 med
728 2380 48 27 ett
797 2378 123 41 belopp
944 2390 74 20 som
1040 2390 58 31 ger
1120 2393 42 20 en
1185 2385 251 32 skattelättnad
1458 2392 149 28 motsva-

120 2423 108 29 rande
244 2426 241 38 egenavgiften
501 2427 44 39 på
561 2428 218 33 inkomstens
798 2433 242 39 »kapitaldel>.
1065 2436 6 29 I
1088 2437 403 40 departementschefens
1510 2444 96 30 sechza-

119 2476 81 29 blon
225 2478 38 28 är
289 2478 218 32 sistnämnda
532 2482 124 40 belopp
681 2484 71 29 lika
777 2486 79 29 med
879 2489 259 39 egenavgiftens
1165 2493 220 41 totalbelopp.
1413 2496 193 41 Rätteligen
