1906 2823
440 168 403 39 Bevillningsutskottets
861 165 218 31 betänkande
1098 174 41 20 nr
1156 165 38 29 44
1214 164 39 30 år
1272 164 83 29 1968
1605 165 38 28 19

158 278 146 29 Särskilt
323 278 154 35 yrkande

159 359 30 28 I:
205 358 60 30 871
286 358 62 29 och
366 358 48 29 II:
431 357 81 29 1131

205 413 74 28 Den
295 414 93 27 stora
403 411 202 30 övervikten
621 411 54 29 för
691 409 136 30 mindre
843 409 134 39 förelag
992 408 96 30 inom
1105 407 41 30 de
1163 405 407 31 arbetskraftsintensiva
1586 405 59 28 nä-

162 466 164 39 ringarna
351 483 1 2 —
421 467 20 27 1.
455 474 51 20 ex.
532 465 95 28 inom
654 463 128 30 service
809 463 65 29 och
899 462 127 29 handel
1055 479 41 3 —
1121 461 98 29 torde
1245 459 168 35 medföra,
1441 461 51 28 att
1519 459 127 39 många

162 520 133 29 mindre
319 519 134 38 företag
475 518 221 39 missgynnas
719 525 124 31 genom
865 515 202 31 införandet
1089 525 42 19 av
1154 524 42 20 en
1220 514 131 29 allmän
1375 512 271 40 arbetsgivarav-

160 574 75 40 gifl.
258 573 127 30 Därför
406 573 63 29 bör
490 573 109 29 innan
619 572 113 29 beslut
755 571 106 29 faltas
884 579 57 20 om
963 569 166 40 tidpunkt
1152 568 55 30 för
1230 567 268 39 förordningens
1522 566 124 30 ikraft-

161 627 169 29 trädande
353 636 43 20 en
419 625 325 39 förulsättningslös
767 624 171 40 prövning
961 623 114 29 vidlas
1099 632 42 19 av
1165 622 268 38 möjligheterna
1458 622 50 27 att
1532 620 115 29 lindra

162 680 240 39 belastningen
428 680 54 29 för
508 679 41 30 de
575 679 136 29 mindre
738 678 196 39 företagens
961 677 74 29 ofta
1061 674 407 32 arbetskraftsintensiva
1494 673 153 40 produk-

165 735 80 28 Lion.

816 897 180 33 Utskottet

210 1004 64 29 Det
305 1004 10 28 i
348 1003 67 29 den
445 1002 228 30 förevarande
705 1001 262 40 propositionen
1000 999 196 39 framlagda
1228 998 166 39 förslaget
1427 1006 56 20 om
1518 997 130 29 allmän

165 1056 324 40 arbetsgivaravgift
508 1057 38 29 är
564 1058 50 27 att
631 1056 160 29 betrakta
810 1064 74 21 som
903 1063 43 21 en
964 1053 242 40 integrerande
1226 1052 53 30 del
1299 1052 11 29 i
1329 1060 42 21 en
1391 1051 110 30 större
1521 1051 128 29 skatte-

166 1112 140 33 reform,
328 1120 74 20 som
424 1111 9 28 i
454 1110 111 39 övrigt
586 1109 166 30 omfattar
774 1109 66 29 den
860 1109 12 29 i
892 1116 97 32 prop.
1014 1107 98 30 1968:
1130 1106 61 30 100
1214 1106 198 39 föreslagna
1433 1103 216 41 övergången

166 1165 79 29 från
266 1165 130 29 allmän
415 1165 182 28 varuskall
617 1164 51 28 till
689 1162 287 30 mervärdeskatt.
996 1161 120 30 Redan
1135 1161 12 29 i
1168 1160 91 30 årets
1280 1159 202 39 finansplan
1504 1158 146 29 anförde

165 1219 124 29 chefen
311 1219 54 29 för
385 1217 396 40 finansdeparlementet
802 1218 50 27 att
874 1216 56 29 det
952 1214 268 34 skaltebortfall,
1243 1222 74 21 som
1339 1212 311 30 mervärdeskatte-

165 1273 176 29 reformen
365 1271 146 35 medför,
536 1279 123 31 genom
683 1272 50 28 all
757 1269 243 39 näringslivets
1024 1268 252 38 investeringar
1300 1267 66 29 blir
1390 1266 155 30 befriade
1571 1265 80 29 från

167 1326 110 30 sådan
299 1326 103 34 skatt,
425 1325 105 29 borde
552 1325 249 39 kompenseras
824 1331 123 31 genom
970 1331 43 21 en
1035 1322 132 29 allmän
1189 1320 334 40 arbetsgivaravgift.

210 1380 179 38 Förslaget
414 1380 10 28 i
448 1378 261 40 propositionen
734 1377 144 30 innebär
904 1378 50 28 alt
979 1376 130 29 allmän
1135 1373 324 41 arbelsgivaravgift
1484 1382 57 20 om
1569 1373 15 28 1

168 1434 89 29 skall
281 1434 156 38 erläggas
462 1442 41 19 av
527 1431 232 40 arbelsgivare
784 1431 65 28 och
874 1440 41 19 av
939 1430 114 39 fysisk
1077 1438 126 30 person
1230 1437 74 21 som
1329 1428 77 29 haft
1431 1427 155 29 inkomst
1611 1436 40 19 av

168 1488 64 28 här
258 1488 10 28 i
294 1487 90 29 riket
409 1486 164 30 bedriven
599 1485 128 30 rörelse
754 1485 82 29 eller
863 1493 42 20 av
931 1484 64 28 här
1021 1483 144 39 belägen
1191 1481 359 39 jordbruksfastighet
1578 1489 74 20 som

169 1541 70 29 han
258 1540 89 37 själv
365 1540 141 30 brukar.
525 1539 174 39 Underlag
718 1538 54 30 för
790 1537 193 39 beräkning
1003 1546 42 20 av
1064 1536 250 39 arbetsgivares
1333 1535 108 39 avgift
1462 1534 89 30 skall
1570 1543 83 20 vara

170 1594 142 39 utgivna
336 1594 97 29 löner
458 1594 10 29 i
492 1601 130 32 pengar
647 1593 82 29 eller
754 1591 306 30 naturaförmåner
1086 1591 11 28 i
1123 1590 92 29 form
1241 1599 41 20 av
1307 1589 79 29 kost
1412 1588 82 30 eller
1520 1587 133 30 bostad.

169 1648 67 29 Till
263 1648 113 39 grund
401 1647 54 29 för
480 1646 238 39 beräkningen
745 1655 42 20 av
812 1645 113 39 fysisk
950 1653 145 31 persons
1122 1643 195 40 egenavgift
1345 1643 88 29 skall
1460 1642 118 39 läggas
1603 1642 51 29 in-

170 1702 162 29 komsten
354 1711 42 20 av
415 1699 361 40 jordbruksfastighet
797 1699 65 29 och
884 1708 42 20 av
947 1698 139 34 rörelse,
1110 1698 60 29 allt
1198 1698 5 29 i
1227 1697 67 29 den
1317 1696 82 30 mån
1423 1696 231 39 arbetsgivare

173 1756 69 28 inte
260 1755 63 29 har
343 1757 49 27 att
411 1754 137 39 erlägga
567 1754 130 28 allmän
716 1752 324 39 arbetsgivaravgift
1059 1751 55 29 för
1133 1751 210 29 inkomsten.

216 1808 162 40 Avgiflen
401 1808 38 29 är
462 1807 128 30 avsedd
613 1808 49 28 att
685 1806 83 40 utgå
790 1806 55 29 för
868 1805 96 30 löner
989 1813 74 21 som
1087 1806 99 38 ulges
1210 1804 146 29 fr.o.m.
1381 1803 66 29 den
1474 1803 15 29 1
1514 1802 141 37 januari

175 1863 82 29 1969
276 1863 64 28 och
359 1862 44 40 på
421 1862 194 29 inkomster
635 1869 74 21 som
728 1862 127 37 upptas
875 1859 51 30 till
946 1858 224 40 beskattning
1189 1857 57 31 vid
1268 1857 83 30 1970
1372 1858 65 28 och
1458 1866 120 21 senare
1599 1856 56 30 års

174 1917 206 38 laxeringar.

216 1971 89 29 Herr
322 1968 202 31 Ferdinand
542 1968 139 29 Nilsson
700 1967 106 40 yrkar
826 1967 11 29 i
857 1966 177 29 motionen
1055 1965 28 30 I:
1100 1965 61 30 875
1184 1965 116 39 avslag
1320 1964 45 40 på
1385 1964 272 40 propositionen.

221 2023 385 39 Bevillningsutskottet
627 2022 60 28 vill
709 2021 116 29 erinra
846 2029 57 20 om
925 2021 49 28 att
998 2020 178 29 allmänna
1199 2018 367 39 skatteberedningens
1589 2018 68 29 för-

178 2079 73 37 slag
268 2078 51 29 till
339 2079 76 37 nytt
433 2077 246 37 skaltesystem
701 2074 100 34 (SOU
823 2073 187 34 1964:25),
1030 2082 73 20 som
1122 2073 44 28 bl.
1185 2082 29 20 a.
1233 2072 103 39 avsåg
1354 2072 184 29 införande
1556 2081 41 20 av
1615 2081 42 19 en

175 2131 277 30 mervärdeskall
472 2138 57 20 om
552 2129 70 34 11,5
647 2128 46 37 &,
714 2127 105 30 också
838 2127 211 30 innefattade
1071 2128 46 28 ett
1139 2127 129 38 system
1290 2125 55 30 för
1365 2125 230 39 finansiering
1617 2134 41 20 av

174 2185 93 29 vissa
293 2184 177 29 förmåner
496 2184 96 28 inom
619 2181 363 38 socialförsäkringen.
1011 2180 102 29 Detta
1141 2181 129 38 system
1297 2179 145 29 innebar
1471 2179 188 39 uttagande

175 2248 42 20 av
239 2238 93 29 såväl
355 2246 42 21 en
419 2235 324 40 arbelsgivaravgift
766 2243 74 21 som
862 2243 43 20 en
927 2233 205 40 egenavgift,
1154 2233 94 29 vilka
1271 2242 61 20 var
1354 2233 76 29 icke
1454 2232 206 40 oväsentligt

178 2292 103 38 högre
307 2292 43 28 än
376 2291 66 29 den
465 2299 48 19 nu
538 2289 198 39 föreslagna
762 2287 163 40 avgiften.
953 2286 373 39 Skatteberedningens
1352 2286 131 39 förslag
1509 2286 10 29 i
1547 2286 114 30 denna

176 2346 54 30 del
254 2345 178 29 biträddes
456 2353 42 20 av
523 2343 160 38 samtliga
706 2342 96 29 inom
826 2341 235 38 beredningen
1086 2340 282 39 representerade
1394 2340 164 39 politiska
1584 2350 77 29 par-

180 2400 75 29 tiier.
277 2399 47 29 På
345 2398 113 40 grund
477 2397 109 29 härav
606 2396 65 29 och
691 2395 44 30 då
755 2395 169 29 utskottet
945 2394 11 29 i
975 2394 66 29 bet.
1065 2393 99 30 1968:
1180 2393 40 30 45
1242 2393 167 40 enhälligt
1428 2394 168 39 tillstyrkt
1618 2404 42 19 en

180 2453 173 39 övergång
378 2452 52 28 till
458 2450 276 30 mervärdeskalt
761 2449 70 28 kan
858 2448 169 29 utskottet
1055 2448 70 28 inte
1152 2447 136 29 biträda
1315 2447 307 39 avslagsyrkandet
1651 2448 10 28 i

177 2507 178 29 molionen
375 2506 28 29 I:
420 2505 73 29 875.
