1903 2832
277 166 40 29 22
551 165 404 41 Bevillningsutskottets
976 167 218 31 betänkande
1215 177 43 20 nr
1277 169 41 29 44
1339 168 40 31 år
1400 169 83 30 1968

320 245 73 29 Vad
412 246 170 30 utskottet
600 247 117 30 anfört
735 248 10 29 i
765 247 56 30 det
840 248 208 40 föregående
1067 249 145 30 innebär
1231 249 107 30 också
1357 252 48 27 ett
1424 250 207 30 bemötande
1652 260 42 20 av
1713 260 47 20 nu

275 299 146 31 berörda
445 301 193 39 yrkanden.
664 302 58 29 Ett
749 302 165 40 slopande
941 313 42 20 av
1007 304 240 39 egenavgiften
1275 304 112 31 skulle
1415 305 168 30 innebära
1610 307 48 28 ett
1685 306 75 30 icke

279 355 205 39 oväsentligt
507 356 257 30 skattebortfall
785 358 65 28 och
872 357 144 30 därmed
1038 358 109 30 strida
1167 361 72 27 mot
1262 359 105 40 syftet
1389 360 79 29 med
1490 360 271 40 arbetsgivarav-

275 409 119 39 giften.
418 410 176 30 Utskottet
618 420 101 21 anser
744 411 51 40 sig
819 412 119 30 därför
962 413 71 29 inte
1057 413 122 29 kunna
1203 413 138 30 bilräda
1363 414 174 39 yrkandet
1562 423 56 20 om
1644 415 118 39 avslag

274 463 44 40 på
346 464 166 40 förslaget
540 474 57 20 om
626 466 205 39 egenavgift.
862 466 110 30 Innan
1003 467 161 30 närmare
1194 467 238 31 erfarenheter
1460 468 143 30 vunnits
1635 478 43 20 av
1705 469 56 30 be-

275 518 284 31 stämmelsernas
589 519 222 41 tillämpning
840 521 10 29 i
880 521 188 39 praktiken
1098 522 38 29 är
1167 522 57 30 det
1254 522 71 30 inte
1356 522 108 30 heller
1495 523 184 30 motiverat
1710 525 50 28 att

274 572 83 37 höja
379 573 308 40 inkomstgränsen
711 574 54 30 för
789 575 410 41 egenavgiftsberäkning
1223 577 53 29 till
1301 577 18 30 2
1334 576 62 30 000
1422 577 52 30 kr.
1500 578 176 30 Utskottet
1700 578 60 29 vill

274 627 115 29 erinra
413 637 56 20 om
495 630 49 27 att
569 628 65 30 den
660 629 103 39 gräns
786 629 45 40 på
855 629 63 30 500
944 630 52 29 kr.
1023 639 73 21 som
1122 630 198 40 föreslagits
1346 632 10 28 i
1382 631 261 40 propositionen
1671 633 89 29 skall

272 681 129 30 räknas
427 682 142 30 särskilt
594 683 55 30 för
674 685 48 28 ett
747 686 76 27 varl
849 693 42 20 av
916 684 40 31 de
981 684 91 30 båda
1097 685 276 40 inkomstslagen
1399 686 360 40 jordbruksfastighet

272 736 65 29 och
358 737 128 29 rörelse
508 737 64 29 och
594 739 50 28 att
666 738 56 29 det
745 738 195 39 avgörande
963 739 54 30 för
1039 748 56 20 om
1119 740 196 39 egenavgift
1338 741 89 29 skall
1451 741 83 39 utgå
1557 742 82 29 eller
1662 741 30 37 ej
1720 742 37 29 är

272 792 50 27 alt
342 790 199 31 inkomsten
561 791 95 30 inom
676 792 97 37 varje
794 792 231 41 inkomstslag
1046 793 134 40 uppgår
1202 794 52 29 till
1276 794 63 30 500
1362 794 51 30 kr.

316 845 175 30 Utskottet
515 846 63 29 har
604 846 162 39 slutligen
791 848 50 28 att
865 849 36 27 la
925 847 165 40 ställning
1115 848 52 29 till
1193 848 41 30 de
1258 849 183 39 yrkanden
1468 859 74 20 som
1569 850 110 39 syftar
1708 850 49 29 till

272 898 49 27 ati
343 897 125 29 bereda
492 898 40 29 de
556 899 256 39 skattskyldiga
834 900 269 39 kompensation
1126 901 54 29 för
1205 903 49 27 att
1277 902 71 29 viss
1372 902 54 29 del
1452 911 42 20 av
1517 904 238 38 egenavgiften

271 951 157 30 kommer
447 953 49 28 att
514 952 173 30 beräknas
705 953 45 40 på
767 953 155 30 inkomst
941 963 75 21 som
1033 955 100 39 utgör
1152 955 355 41 kapitalavkastning.

317 1005 65 30 Om
407 1015 82 20 man
512 1016 101 20 anser
637 1009 49 27 att
710 1008 241 39 egenavgiften
1003 1027 14 2 —
1039 1010 10 28 i
1071 1009 111 29 likhet
1205 1010 79 29 med
1308 1010 251 40 arbetsgivares
1583 1012 107 38 avgift
1713 1030 43 2 —

270 1060 61 29 bör
353 1061 122 38 utgöra
496 1070 42 20 en
560 1061 10 29 i
593 1061 275 30 inkomstkällan
890 1063 208 39 avdragsgill
1120 1063 232 30 lönekostnad
1375 1065 89 29 talar
1485 1065 94 30 vissa
1603 1065 75 30 skäl
1702 1066 54 29 för

269 1116 50 26 att
344 1115 241 38 egenavgiften
607 1115 62 30 bör
694 1116 173 30 beräknas
892 1117 88 29 efter
1006 1126 42 21 en
1074 1126 117 20 annan
1218 1118 64 29 och
1309 1118 93 39 lägre
1429 1121 217 37 procentsats
1674 1120 82 29 eller

269 1169 50 27 att
336 1168 129 39 avdrag
482 1168 54 30 för
554 1169 204 30 densamma
775 1170 62 29 bör
854 1171 139 39 medges
1011 1171 80 30 med
1108 1173 49 28 ett
1174 1172 10 29 i
1203 1172 220 30 förhållande
1442 1173 52 29 till
1514 1173 153 39 avgiften
1686 1174 69 29 för-

269 1222 76 36 höjt
371 1222 135 40 belopp.
533 1223 60 29 Att
620 1231 123 31 genom
772 1233 42 21 en
843 1225 259 40 schablonregel
1131 1226 165 39 generellt
1324 1226 120 40 medge
1474 1227 281 40 egenföretagare

269 1276 245 40 skaltemässig
543 1277 268 40 kompensation
841 1278 54 30 för
925 1279 259 39 egenavgiftens
1214 1280 190 40 kapitaldel
1435 1281 97 30 torde
1563 1282 192 29 emellertid

268 1330 174 39 knappast
463 1340 83 20 vara
570 1331 194 30 motiverat.
790 1332 64 30 Det
878 1333 10 29 i
912 1333 276 30 inkomstkällan
1213 1334 171 40 nedlagda
1408 1335 168 39 kapitalet
1601 1336 154 30 varierar

268 1384 168 39 naturligt
456 1392 66 31 nog
541 1384 101 40 högst
662 1386 158 29 avsevärt
840 1386 10 29 i
870 1386 93 29 olika
983 1386 72 30 fall.
1077 1387 165 30 Effekten
1263 1397 42 20 av
1325 1390 50 27 att
1396 1389 240 39 egenavgiften
1658 1389 96 30 kom-

269 1446 73 20 mer
374 1440 50 27 att
455 1438 174 30 beräknas
662 1439 106 30 också
800 1439 45 40 på
878 1440 344 41 kapitalavkastning
1254 1442 97 30 torde
1385 1442 107 30 oftast
1527 1443 142 30 komma
1704 1446 49 27 att

267 1491 71 29 helt
358 1491 198 30 elimineras
577 1502 42 20 av
638 1493 41 30 de
700 1493 221 40 möjligheter
941 1494 233 36 jordbrukare
1196 1496 64 29 och
1281 1496 253 30 rörelseidkare
1554 1497 64 29 har
1640 1499 51 28 att
1711 1516 42 2 —

266 1545 213 29 omedelbart
506 1546 82 29 eller
615 1554 124 31 genom
767 1547 108 39 årliga
901 1548 461 41 värdeminskningsavdrag
1389 1568 44 2 —
1462 1551 117 29 skriva
1607 1561 42 19 av
1678 1552 75 29 sina

266 1598 184 39 tillgångar
477 1600 10 28 i
514 1599 286 31 inkomstkällan.
828 1601 176 30 Utskottet
1031 1602 58 29 vill
1123 1603 5 28 i
1156 1603 290 40 sammanhanget
1474 1604 115 30 erinra
1618 1614 56 20 om
1703 1608 49 27 att

266 1661 82 20 man
375 1653 58 29 vid
461 1653 193 40 beräkning
683 1663 43 20 av
751 1655 372 39 pensionsgrundande
1153 1657 155 29 inkomst
1338 1658 107 39 enligt
1475 1658 99 39 lagen
1605 1668 56 20 om
1692 1659 60 30 all-

266 1706 82 28 män
378 1707 201 39 försäkring
608 1707 88 30 låter
726 1708 235 30 löneinkomst
993 1710 64 29 och
1088 1710 333 40 företagarinkomst
1452 1712 11 29 i
1494 1712 72 29 lika
1598 1713 82 29 mån
1713 1721 38 31 ge

268 1759 166 40 underlag
454 1760 55 29 för
529 1761 247 38 pensionsrätt.
798 1762 81 29 Man
900 1763 134 29 bortser
1057 1763 132 30 således
1212 1764 80 30 från
1315 1767 49 27 att
1386 1765 11 29 i
1420 1765 330 40 företagarinkomst

268 1813 150 29 normalt
443 1813 98 39 ingår
566 1814 481 41 förmögenhetsavkastning.

309 1867 77 30 Med
411 1867 55 30 det
491 1868 148 30 anförda
663 1869 64 29 och
752 1869 43 30 då
820 1879 42 20 en
887 1870 90 39 regel
1002 1880 57 20 om
1084 1871 270 41 särbehandling
1380 1882 41 20 av
1447 1874 240 39 egenavgiften
1713 1875 38 29 är

264 1920 112 39 ägnad
403 1923 49 27 att
478 1921 214 40 komplicera
717 1922 267 40 tillämpningen
1012 1933 41 20 av
1079 1925 265 40 lagstiftningen
1372 1927 181 39 avstyrker
1581 1929 169 29 utskottet

266 1975 219 29 motionerna
501 1975 28 30 I:
546 1975 62 29 874
623 1976 65 29 och
703 1976 44 29 II:
767 1977 80 29 1127
864 1977 10 29 i
889 1986 47 20 nu
951 1978 146 29 berörda
1112 1978 53 30 del
1182 1981 88 27 samt
1285 1980 179 30 motionen
1480 1981 28 30 1:
1524 1981 74 30 877.

307 2029 71 29 Mot
403 2029 40 30 de
469 2029 95 30 delar
589 2039 42 20 av
654 2031 262 39 propositionen
943 2041 74 20 som
1042 2033 11 29 i
1079 2032 57 30 det
1162 2033 207 40 föregående
1395 2035 72 30 inte
1493 2036 178 39 upptagits
1697 2037 52 29 till

264 2082 150 30 särskild
436 2083 213 40 behandling
671 2084 63 29 har
758 2085 170 30 utskottet
951 2086 71 29 inte
1046 2086 118 30 funnit
1188 2087 188 40 anledning
1400 2089 53 29 till
1477 2089 151 31 erinran.
1653 2091 96 29 Dock

263 2137 63 28 har
350 2137 170 29 utskottet
544 2140 114 27 ansett
681 2138 159 40 lämpligt
865 2141 50 27 att
938 2140 10 29 i
973 2139 257 40 förtydligande
1256 2142 90 39 syfte
1372 2143 83 38 göra
1479 2145 49 28 ett
1552 2144 119 40 tillägg
1696 2145 52 29 till

262 2190 19 29 4
301 2190 15 37 $
336 2190 110 30 första
465 2191 134 39 stycket
617 2192 11 28 i
646 2192 166 39 förslaget
831 2192 51 29 till
902 2192 205 41 förordning
1126 2203 56 20 om
1202 2195 130 29 allmän
1352 2196 334 41 arbetsgivaravgift.

306 2298 77 29 Med
402 2298 218 39 åberopande
639 2308 41 20 av
699 2299 54 29 det
774 2300 148 29 anförda
941 2300 201 31 hemställer
1162 2302 170 30 utskottet

623 2352 46 33 A)
704 2354 50 28 all
781 2353 188 39 riksdagen
996 2372 44 3 —
1068 2355 79 29 med
1177 2356 188 40 anledning
1395 2367 41 20 av
1466 2359 126 39 Kungl.
1623 2360 123 37 Maj:ts

579 2406 216 39 proposition
816 2416 41 20 nr
879 2407 37 29 77
938 2408 65 29 och
1022 2408 79 30 med
1122 2409 117 40 avslag
1259 2410 45 39 på

625 2464 36 30 a)
689 2461 178 29 motionen
891 2461 28 30 I:
936 2462 72 34 875,
1033 2463 10 28 i
1067 2463 66 29 vad
1156 2463 66 29 den
1245 2464 191 31 behandlas
1460 2476 43 19 av
1524 2467 220 40 bevillnings-

580 2514 170 29 utskottet

626 2567 38 31 b)
695 2567 218 30 motionerna
933 2568 28 29 I:
977 2568 61 30 871
1059 2569 65 29 och
1143 2570 45 30 II:
1207 2570 92 35 1131,
1320 2571 11 29 i
1349 2572 64 29 vad
1433 2572 41 30 de
1493 2573 191 31 behandlas
1703 2585 41 20 av
