2138 2619
667 177 133 31 Bunko-
815 175 169 33 Utskottets
1008 174 217 31 Betänkande
1249 174 66 31 N:o
1340 177 49 28 16.

223 259 140 36 bankeu
394 259 81 35 med
504 258 55 35 sin
591 259 317 48 utlåningsrörelse
928 272 89 35 upp-

220 311 100 36 hört
304 307 20 49 :

271 385 54 30 2:0
355 381 122 33 derest
514 380 240 47 fullmäktige,
797 381 8 33 i
835 381 183 34 öfverens-

220 431 210 36 stämmelse
470 431 81 34 med
586 427 18 48 $
640 433 57 38 27,
739 431 115 34 skulle
894 432 125 46 pröfva

221 483 239 34 riksbaukens
508 482 169 34 säkerhet
718 483 129 33 sådant
887 483 131 38 fordra,

218 535 47 33 då
293 534 69 34 den
379 533 184 35 filialbank
580 533 176 48 beviljade
781 533 238 39 kreditivrätt,

220 586 92 33 efter
346 597 61 22 sex
438 585 189 34 månaders
662 585 237 46 förutgången
930 598 89 34 upp-

221 636 151 48 sägning
423 636 64 34 hos
536 635 252 35 filialbankens
829 636 190 38 direktion,

223 688 163 34 komraer
414 694 53 27 att
495 687 220 34 förminskas
745 687 82 34 med
856 700 43 21 en
928 688 92 33 fem-

220 738 95 35 tedel
359 738 86 35 hvar
475 738 105 47 sjette
612 739 146 39 månad;
787 738 231 34 filialbanken

220 790 92 34 dock
353 789 219 35 förbehållet
613 796 61 29 att,
706 802 58 21 om
793 789 226 34 direktionen

221 842 130 34 sådant
380 841 117 40 äskar,
516 841 122 34 kunna
659 841 69 34 den
744 841 178 34 förlorade
941 841 80 33 kre-

223 892 209 35 ditivrätten
450 893 126 39 återfå,
594 897 64 29 när
674 891 236 36 riksbankens
921 892 100 34 ställ-

224 944 86 47 ning
338 944 60 34 det
427 943 214 48 medgifver;

277 1015 53 31 3:0
361 1012 120 34 derest
523 1011 387 35 filialbanksdirektion
952 1012 70 34 för-

225 1076 162 21 summar
416 1070 61 32 att,
507 1064 97 33 inom
627 1063 150 47 stadgad
791 1063 63 38 tid,
871 1063 153 47 fullgöra

226 1114 243 34 föreskrifven
507 1114 218 46 ränteliqvid
766 1114 55 35 till
860 1114 165 35 riksban-

226 1165 80 40 ken,
348 1165 47 33 då
430 1165 230 47 fullmäktige
704 1178 65 34 ega
803 1172 61 32 att,
894 1178 56 21 om
981 1166 42 33 de

228 1216 41 34 så
297 1216 54 33 för
376 1216 85 47 godt
489 1216 106 40 finna,
620 1216 192 35 kreditivet
841 1217 54 34 till
912 1223 112 28 större

228 1266 88 35 eller
358 1267 138 34 mindre
526 1267 57 34 del
613 1272 162 43 uppsäga
803 1267 54 35 till
887 1268 139 34 återbe-

228 1317 140 48 talning
409 1317 98 35 inom
545 1325 52 27 ett
636 1320 38 33 år
698 1319 91 34 efter
819 1319 59 34 det
907 1319 118 34 direk-

229 1368 122 35 tionen
389 1369 123 34 derom
555 1370 38 34 af
630 1369 228 49 fullmäktige
883 1370 144 34 erhållit

230 1420 242 48 uppsägning;
502 1421 66 34 och

283 1494 54 29 4:0
367 1489 38 34 af
433 1489 68 34 den
531 1489 193 48 anledning
748 1489 181 35 och
825 1485 18 56 i
863 1489 60 35 den
946 1490 81 34 ord-

232 1539 83 47 ning
345 1541 160 45 punkten
535 1541 65 34 litt.
624 1541 28 38 /)
678 1541 240 35 omförmäler.

282 1590 30 40 i)
341 1591 18 34 I
387 1591 68 34 den
497 1592 166 39 revision,
695 1604 75 22 som
802 1592 133 47 årligen
966 1592 61 35 bör

234 1644 169 32 förrättas
432 1642 99 35 öfver
559 1643 204 34 filialbanks
784 1644 244 48 räkenskaper

233 1694 67 34 och
328 1694 217 47 förvaltning
574 1695 113 33 under
707 1695 60 34 det
790 1696 239 47 förutgångna

233 1746 87 37 året,
363 1744 90 35 skall
495 1754 51 25 ett
585 1746 38 33 af
649 1746 229 47 fullmäktige
907 1748 122 33 utsedt

233 1795 136 34 ombud
414 1795 158 48 deltaga;
618 1797 135 46 egande
800 1797 227 47 fullmäktige

233 1846 187 34 dessutom
460 1853 52 27 att
548 1852 64 29 när
651 1859 77 22 som
770 1848 104 39 helst,
899 1861 127 34 genom

233 1897 146 39 ombud,
403 1905 83 39 taga
515 1898 201 34 kännedom
742 1912 58 21 om
823 1899 205 35 filialbanks

235 1947 244 48 räkenskaper
507 1948 67 35 och
602 1949 226 48 förvaltning.

286 1995 38 47 k)
352 1998 72 35 Vid
470 1999 119 48 hvarje
631 2001 284 48 räkenskapsårs
957 2002 73 34 slut

236 2049 91 35 skall
366 2050 195 41 filialbank,
602 2052 184 47 angående
822 2052 55 35 sin
906 2053 123 34 dervid

237 2100 156 35 befunna
430 2101 170 48 ställning
633 2110 96 27 samt
756 2103 132 34 rörelse
917 2104 114 34 under

238 2151 168 35 förflutna
434 2153 86 40 året,
548 2153 55 34 till
631 2153 217 35 riksbanken
878 2154 153 35 aflemna

239 2203 143 47 uppgift
410 2203 112 48 enligt
548 2204 272 48 vederbörligen
845 2206 187 35 faststäldt

239 2254 186 42 formulär,
455 2255 143 35 hvilken
630 2256 143 48 uppgift
801 2270 127 35 genom
946 2258 84 35 full-
