2137 2616
705 188 127 31 Buvko-
847 188 166 31 Utskottets
1040 187 211 32 Betänkande
1275 187 67 31 N:o
1366 190 50 28 16.

232 285 76 22 som
353 272 7 34 i
399 271 148 35 Januari
590 272 128 33 månad
747 271 120 47 hvarje
897 271 38 33 år
963 271 65 33 och

233 325 125 38 oftare,
388 324 61 33 der
478 324 37 33 så
547 322 123 48 nödigt
686 323 153 47 pröfvas,
858 322 171 34 anställes

233 376 45 46 på
310 380 71 29 sätt
414 374 128 47 Konol
573 348 102 77 Maj.t
703 374 113 34 finner
845 374 84 44 godt
958 374 71 33 för-

232 427 118 32 ordna.
406 406 124 53 Skulle
559 425 133 38 dervid,
723 425 8 33 i
757 425 91 33 hvad
883 424 145 34 Banken

232 484 105 30 rörer,
368 478 107 44 något
503 475 114 34 finnas
647 482 52 38 att
727 475 126 40 erinra,
871 477 53 32 ma
945 474 84 34 full-

233 527 157 48 mäktige
415 507 70 55 OS
514 524 143 47 Kongl.
676 526 105 48 Maj:t
799 527 122 33 derom
945 532 83 41 aöra

235 557 223 68 underdånig
487 556 177 56 Ne

581 710 17 48 I
628 716 56 33 71.

285 766 242 43 Fullmäktige
561 765 109 39 skola,
712 766 110 33 minst
863 778 43 20 eu
936 766 92 44 sång

231 818 119 47 hvarje
381 819 48 38 år,
458 818 148 34 förrätta
639 816 223 44 inventering
886 811 27 58 i
933 815 94 35 Ban-

233 870 86 34 kens
341 869 69 34 alla
427 869 124 33 kassor
580 868 67 34 och
671 867 113 45 öfriga
808 867 220 47 förvarings”

231 935 89 23 rum,
369 920 111 47 enligt
521 919 120 34 dertill
684 920 37 33 af
760 918 265 34 vederbörande

231 972 208 48 uppgjorda,
463 971 235 47 fullständiga
714 970 67 34 och
798 970 227 34 verificerade

226 1021 487 49 inventarii-förteckningar.

278 1074 219 35 Afvenledes
538 1074 84 33 böra
663 1072 238 47 fullmäktige,
931 1085 94 21 sam-

228 1125 93 35 fäldt
349 1125 87 34 eller
464 1137 126 34 genom
622 1123 232 47 deputerade,
875 1136 42 20 en
935 1124 91 46 gång

229 1189 56 21 om
316 1178 77 32 året
422 1175 153 34 anställa
595 1174 204 47 besigtning
819 1175 20 32 å
859 1173 167 35 Bankens

231 1227 66 35 hus
337 1226 66 35 och
444 1225 218 36 inventarier
703 1226 36 34 så
775 1225 53 34 väl
861 1220 17 51 I
899 1224 127 35 Stock-

230 1278 108 40 holm,
363 1291 76 21 som
470 1278 57 34 vid
557 1277 142 35 Tumba
728 1277 99 34 bruk.

578 1342 17 48 $$
627 1348 55 32 80.

283 1397 74 35 Har
386 1398 127 46 någon,
542 1409 78 22 som
653 1396 119 35 häftar
801 1396 10 33 i
836 1395 105 35 skuld
970 1395 55 34 till

229 1449 141 35 banker
408 1448 10 34 i
458 1448 179 47 egenskap
680 1448 37 34 af
755 1453 157 29 trassent
941 1446 84 34 eller

228 1501 197 34 endossent
459 1500 20 33 å
520 1499 100 35 vexel
655 1499 9 34 i
695 1498 187 35 utländskt
906 1504 120 41 mynt-

228 1552 86 44 slag,
343 1551 144 33 hvilken
517 1558 75 26 mot
620 1557 138 40 protest
786 1551 164 45 återgätt,
971 1548 55 35 till

227 1604 236 46 borgenärers
505 1601 209 47 förnöjande
756 1601 52 33 sin
852 1600 173 47 eoendom

229 1654 145 39 afträdt,
399 1653 41 35 då
473 1654 59 33 må
560 1651 360 47 bankofullmäktige,
937 1651 90 35 efter

228 1718 183 35 noggrann
438 1704 166 47 pröfning
619 1705 38 32 af
669 1702 359 48 omständigheterna

226 1758 8 33 1
266 1735 120 68 hvarje
416 1755 172 34 särskildt
617 1755 72 36 fall,
714 1755 54 33 för
782 1731 109 57 sådan
911 1753 116 34 vexcl-

227 1807 105 35 skuld
362 1805 130 47 bevilja
521 1805 149 36 ackord:
696 1818 81 21 men
806 1804 9 34 i
841 1804 164 45 öfrigt
987 1817 42 20 ega

227 1859 42 33 de
304 1857 78 35 icke
423 1862 51 29 att
503 1857 114 46 någon
647 1855 162 48 eftergift
838 1833 190 68 medgifva,

229 1916 84 27 utan
355 1907 91 35 skall
488 1908 101 46 fråga
628 1907 122 34 derom
786 1886 242 54 USS

228 1959 314 34 banko-utskottet
580 1957 52 34 till
674 1958 193 46 afgörande
909 1956 10 34 i
960 1957 66 33 den

230 2010 161 45 ordning,
430 2008 265 35 instruktionen
736 2009 54 33 för
832 2008 99 34 detta
970 2014 56 27 ut-

231 2062 97 34 skott
357 2060 154 47 stadgar.

616 2112 80 33 127.

281 2162 110 34 Mom.
422 2165 30 31 2.
496 2160 149 31 Diskont-
683 2161 52 30 och
765 2160 265 40 lånekontors-sty-

231 2213 130 31 relserna
398 2212 162 41 berättigas
595 2217 51 31 att,
668 2212 74 42 efter
765 2223 157 31 noggrann
941 2210 89 43 pröf-

229 2265 73 41 ning
338 2263 37 43 af
406 2263 292 41 omständigheterna
720 2264 11 30 i
753 2263 101 41 hvarje
890 2262 142 31 särskildt

1780 189 39 28 33

1067 271 15 33 åä
1127 269 131 48 Kongl.
1292 269 244 47 Myntverket,
1565 282 76 22 som
1673 283 10 21 i
1711 269 149 35 Januari

1068 321 131 35 månad
1239 321 119 48 hvarje
1399 322 37 33 år
1476 321 65 34 och
1572 321 125 40 oftare,
1732 321 61 35 der
1823 322 39 34 så

1066 372 125 48 nördigt
1218 373 155 46 pröfvas,
1393 372 171 34 anställes
1582 373 47 46 på
1644 378 73 29 sätt
1732 372 130 47 Kongl.

1067 422 103 47 Maj:t
1198 423 115 34 finner
1341 424 85 46 godt
1454 423 181 34 förordna.

1116 473 122 35 Skulle
1283 474 135 40 dervid,
1458 473 8 34 i
1511 473 93 34 hvad
1644 473 219 35 riksbauken

1065 532 107 33 rörer,
1195 526 107 46 något
1327 525 115 35 finnas
1472 531 52 28 att
1548 524 127 43 erinra,
1706 526 59 34 må
1779 525 85 35 full-

1065 576 157 47 mäktige
1252 576 65 35 hos
1348 576 131 47 Kongl.
1504 575 103 49 Maj:t
1635 576 124 34 derom
1779 583 85 41 göra

1066 627 223 47 underdånig
1318 627 180 34 anmälan.

1415 708 17 49 I
1462 715 57 33 48.

1116 763 243 47 Fullmäktige
1401 764 101 34 skola
1544 763 111 35 minst
1695 776 44 22 en
1772 764 92 47 gång

1066 815 118 47 hvarje
1214 816 38 33 är
1280 814 77 35 icke
1387 814 152 35 allenast
1566 814 151 35 förrätta
1741 814 124 35 inven-

1065 867 114 45 tering
1208 867 37 33 af
1272 865 236 35 riksbankens
1550 865 70 35 alla
1644 865 125 36 kassor
1798 866 66 35 och

1064 918 114 45 öfriga
1220 917 292 47 förvaringsrum,
1553 924 83 28 utan
1672 917 105 35 äfven
1803 930 62 22 au-

1064 969 105 34 ställa
1211 968 201 48 besigtning
1459 969 21 34 å
1517 968 238 35 riksbankens
1797 968 68 35 hus

1063 1020 67 35 och
1158 1019 226 35 inventarier.

1412 1338 17 47 $
1460 1346 56 30 49.

1115 1392 242 47 Fullmäktige
1380 1392 196 48 berättigas
1598 1399 62 33 att,
1675 1393 91 34 efter
1782 1406 86 34 nog-

1064 1457 109 35 grann
1204 1444 168 48 pröfovivg
1401 1446 38 32 af
1471 1444 357 47 omständigheterna
1857 1444 9 34 i

1064 1496 122 47 hvarje
1216 1495 174 35 särskildt
1418 1495 74 41 fall,
1534 1495 131 49 bevilja
1695 1495 42 34 de
1776 1495 91 35 riks-

1066 1547 159 34 bankens
1279 1545 53 30 och
1379 1545 225 32 lånekontorens
1645 1546 222 57 gäldenärer,

1066 1611 77 21 som
1184 1597 52 35 till
1280 1596 234 48 borgenärers
1562 1597 210 47 förnöjande
1812 1597 55 34 sin

1065 1649 175 47 egendom
1270 1648 145 40 afträdt,
1451 1649 130 35 ackord
1620 1648 59 35 vid
1708 1648 160 47 liqviden

1066 1701 37 34 af
1136 1700 103 34 deras
1270 1699 146 35 skulder
1456 1700 53 34 till
1552 1699 218 35 riksbanken
1799 1698 70 32 eller

1065 1751 219 42 lånekontoren,
1330 1763 78 22 men
1453 1764 64 32 ega
1554 1751 54 34 för
1643 1751 108 60 öfrigt
1779 1750 88 40 icke,

1067 1802 81 34 med
1178 1780 182 69 undantag
1389 1780 105 56 dock
1508 1802 93 34 hvad
1635 1802 109 56 angår
1772 1801 96 35 vissa

1066 1853 95 34 inom
1205 1852 109 34 linien
1340 1830 118 57 förda
1491 1852 213 47 fordringar.
1733 1852 10 34 i
1773 1852 95 34 afse-

1067 1904 89 34 ende
1199 1905 45 46 på
1283 1904 118 34 hvilka
1444 1904 119 34 blifvit
1602 1904 37 33 af
1676 1903 192 47 riksdagen

1067 1954 173 35 särskildt
1274 1955 240 40 föreskrifvet,
1556 1961 51 28 att
1635 1954 233 35 efterskänka

1068 2007 108 45 något
1204 2006 37 33 af
1269 2006 90 34 hvad
1390 2006 111 42 enligt
1522 2006 99 47 gifna
1642 2005 226 35 föreskrifter

1068 2056 65 34 och
1163 2056 165 47 gällande
1348 2057 255 47 författningar
1617 2056 62 34 bör
1695 2056 172 48 erläggas,

1068 2115 85 27 utan
1182 2107 101 34 skola
1312 2108 69 34 alla
1408 2108 120 47 frågor
1550 2120 58 22 om
1625 2107 161 48 eftergift
1802 2120 66 21 un-

1068 2158 191 35 derställas
1294 2159 267 35 nästblifvande
1591 2158 278 35 banko-utskott

1067 2210 58 34 till
1153 2209 193 48 afgörande
1375 2211 11 33 i
1415 2210 66 34 den
1512 2210 162 47 ordning,
1709 2209 158 36 instruk-

1068 2261 122 35 tionen
1215 2261 55 34 för
1299 2262 95 34 detta
1426 2261 139 35 utskott
1594 2261 154 48 stadgar.
