2192 2610
1768 156 12 17 ct

687 183 134 31 Banko-
831 183 171 32 Utskottets
1024 183 216 31 Betänkande
1263 182 66 31 N:o
1356 186 46 27 16.
1798 183 17 29 ö

281 268 66 34 och
387 268 171 47 derjemte
600 266 106 34 hafva
734 265 226 47 fulhnäktige
989 265 9 34 i
1028 278 42 21 en
1099 278 116 21 annan
1244 265 57 34 del
1330 265 37 34 af
1392 266 60 33 det
1480 264 231 35 förevarande
1739 270 121 29 ämnet

280 318 184 48 föreslagit
492 331 42 20 en
563 317 161 48 ändring,
753 329 75 22 som
863 316 184 36 Utskottet
1074 316 104 35 äfven
1207 316 54 36 för
1289 316 53 35 sin
1372 316 56 35 del
1449 316 216 47 godkänner,
1681 315 177 48 nemligen

279 370 11 34 i
319 370 99 47 fråga
446 383 58 20 om
532 369 242 46 beräkningen
799 369 36 33 af
862 368 234 34 riksbankeus
1123 367 195 35 sedelstock.

416 436 286 36 Bestämmelsen
740 449 56 21 om
832 436 92 34 hvad
953 448 75 22 som
1059 435 89 34 skall
1178 448 103 22 anses
1309 435 144 34 tillhöra
1480 434 235 36 riksbankens
1744 434 116 35 sedel-

279 489 100 34 stock
408 489 65 34 har
497 488 151 48 alltjemt
677 487 112 35 hvilat
816 488 46 47 på
890 488 68 33 den
987 487 248 47 grundsatsen,
1263 493 52 28 att
1342 487 134 34 sådana
1503 485 235 35 riksbankens
1761 486 98 34 skul-

278 540 63 34 der
369 540 121 34 hvilka
514 540 119 34 kunna
660 545 65 28 när
753 552 77 21 som
859 539 93 34 helst
980 538 194 40 utkräfvas,
1202 538 109 34 borde
1340 538 9 33 i
1380 538 98 34 detta
1493 538 167 34 afseende
1677 536 181 36 betraktas

277 590 73 35 lika
379 591 81 34 med
489 590 214 49 utelöpande
733 590 126 35 sedlar.

411 659 125 47 Enligt
575 663 46 31 24
663 656 18 48 $
720 659 11 35 i
769 672 46 21 nu
852 658 163 49 gällande
1048 658 216 47 reglemente
1307 656 174 36 beräknas
1510 658 118 34 såsom
1658 657 200 35 sedelstock

279 710 75 35 dels
384 711 214 47 utelöpande
628 710 127 40 sedlar,
784 710 75 34 dels
889 709 127 40 medel,
1044 709 233 35 innestående
1305 709 46 47 på
1379 708 376 48 depositionsräkning
1773 716 84 27 utan

277 767 102 28 ränta
418 762 65 34 och
517 762 210 34 utkräfbara
754 761 57 34 vid
841 761 202 38 anfordran,
1071 760 76 34 dels
1176 759 226 48 obegagnade
1431 760 146 33 andelar
1604 760 38 33 af
1667 759 97 34 låne-
1792 760 66 34 och

277 812 285 48 kreditivförlag;
602 813 76 35 dels
722 812 64 35 ock
826 811 213 48 utelöpande
1080 811 213 48 postvexlar.
1358 809 357 49 Bankofullmäktige
1753 810 107 36 hafva

276 864 112 34 fästat
428 864 368 47 uppmärksamheten
835 864 120 46 derpå,
997 869 51 29 att
1088 875 43 21 en
1169 862 107 47 riktig
1313 862 230 47 tillärapning
1583 862 39 34 af
1657 862 68 34 den
1754 862 105 34 ofvan

277 915 157 35 nämnda
461 916 237 46 grundsatsen
727 915 150 39 fordrar,
901 915 60 33 det
988 914 105 34 äfven
1121 913 42 35 de
1192 913 128 40 medel,
1348 925 77 22 som
1449 912 141 35 innestå
1616 913 47 47 på
1687 926 90 34 upp-
1793 913 66 35 och

277 966 399 48 afskrifningsräkning,
704 966 183 34 betraktas
917 966 118 34 såsom
1064 964 308 40 sedelstock,
1305 959 64 59 men
1389 970 51 28 att
1455 963 162 35 deremot
1631 963 227 48 obegagnade

279 1017 146 34 andelar
464 1018 39 33 af
540 1017 98 34 låne-
674 1017 67 34 och
781 1016 279 47 kreditivförlag,
1098 1016 72 33 lika
1204 1016 78 34 litet
1310 1027 76 22 som
1415 1015 43 33 de
1486 1015 21 33 å
1534 1014 174 48 beviljade
1736 1015 123 34 kassa-

277 1068 153 35 kreditiv
459 1074 171 41 outtagna
657 1067 142 48 belopp,
827 1067 109 35 borde
964 1067 169 34 hänföras
1161 1066 55 35 till
1245 1065 256 36 sedelstocken.

408 1135 59 36 Nu
506 1136 211 47 ifrågasatta
754 1136 191 47 ändringar
979 1136 10 34 i
1021 1135 322 35 bestämmelserna
1366 1133 148 35 rörande
1543 1134 20 33 å
1591 1146 66 21 ena
1685 1133 101 35 sidan
1816 1134 42 34 de

275 1187 149 40 valutor,
466 1187 120 34 hvilka
615 1187 84 34 böra
723 1187 114 34 finnas
866 1188 117 33 såsom
1014 1186 257 47 motsvarighet
1298 1185 54 35 till
1381 1198 42 21 en
1452 1185 57 34 del
1537 1184 37 35 af
1600 1184 259 41 sedelstocken,

275 1238 66 35 och
370 1239 21 33 å
413 1239 66 33 den
511 1239 110 34 andra
648 1238 243 47 beräkningen
919 1238 38 34 af
981 1237 258 40 sedelstocken,
1268 1242 59 29 äro
1356 1236 171 48 följande:

409 1314 52 27 att
485 1307 78 34 från
593 1307 43 35 de
665 1307 249 34 förstnämnda
942 1306 114 35 skulle
1086 1306 175 35 uteslutas
1290 1305 129 40 vexlar,
1447 1304 183 35 betalbara
1657 1305 46 47 på
1723 1304 135 35 utrikes

276 1364 70 34 ort;
376 1364 52 28 att
450 1359 81 33 från
559 1357 467 48 sedelstocksberäkningen
1055 1357 113 35 skulle
1197 1356 176 35 uteslutas
1402 1356 226 48 obegagnade
1657 1355 146 36 andelar
1823 1355 39 35 af

275 1409 99 35 låne-
403 1410 68 34 och
499 1409 280 48 kreditivförlag,
807 1422 81 21 men
918 1410 161 33 deremot
1105 1408 165 48 tilläggas
1300 1408 41 34 de
1369 1408 47 47 på
1443 1420 92 35 upp-
1562 1407 66 34 och
1644 1406 215 48 afskrifning

275 1460 236 35 innestående
550 1460 127 35 medel.
741 1461 195 47 Angående
978 1460 436 47 sedelutgifningsrättens
1455 1458 271 35 bestämmande
1768 1458 90 34 efter

275 1512 112 34 andra
427 1512 156 47 grunder
621 1517 44 29 än
706 1512 42 34 de
782 1525 46 21 nu
858 1518 162 41 antagna,
1050 1511 63 34 har
1141 1510 188 36 Utskottet
1357 1516 117 29 ansett
1502 1509 53 48 sig
1583 1509 77 35 icke
1688 1509 85 35 böra
1800 1508 59 35 vid

277 1563 116 34 denna
420 1563 145 47 riksdag
589 1563 201 34 framställa
819 1563 107 47 något
955 1575 97 21 mera
1079 1561 301 49 genomgripande
1409 1560 142 48 förslag.

410 1629 54 37 De
504 1631 152 35 sålunda
695 1631 202 47 föreslagna
933 1629 293 48 förändringarne
1264 1629 107 35 verka
1397 1628 209 48 visserligen
1634 1627 135 35 derhän
1798 1633 61 35 att,

276 1682 218 36 åtminstone
537 1683 112 34 under
681 1683 96 35 vissa
804 1682 260 40 förhållanden,
1092 1681 236 35 riksbankens
1357 1679 367 48 sedelutgifningsrätt
1752 1679 108 46 något

277 1734 223 41 inskränkes,
543 1747 81 21 men
665 1734 78 34 icke
783 1735 40 33 så
863 1740 51 28 att
954 1734 115 46 någon
1107 1732 146 35 effektiv
1282 1730 206 47 minskning
1515 1730 11 34 1
1554 1730 160 34 bankens
1744 1729 116 35 sedel-

276 1784 181 48 utgifning
493 1784 170 35 behöfver
702 1785 85 47 följa
825 1790 84 29 enär
941 1784 140 34 banken
1110 1782 158 47 ständigt
1295 1782 79 34 haft
1396 1794 42 22 en
1467 1781 161 47 betydlig
1656 1780 56 35 del
1741 1780 38 34 af
1804 1780 54 34 sin

276 1835 377 48 sedelutgifningsrätt
691 1835 215 48 obegagnad.
969 1834 127 48 Någon
1125 1833 220 49 upplysning
1373 1832 148 35 rörande
1545 1832 313 46 förändringarnes

275 1887 132 34 verkan
436 1887 114 34 under
578 1887 95 34 olika
700 1887 249 35 förhållanden
976 1886 101 35 torde
1099 1885 266 35 nedanstående
1382 1882 477 48 siffersammanställningar

275 1939 56 34 för
359 1939 85 33 åren
474 1940 95 33 1868
598 1937 65 36 och
691 1939 91 34 1871
814 1938 119 34 kunna
961 1937 128 40 lemna,
1117 1936 114 35 ehuru
1255 1934 231 49 jemförelsen
1514 1934 152 35 emellan
1695 1934 42 34 de
1766 1932 93 36 båda

276 1989 157 35 nämnda
470 1990 84 34 åren
596 1989 78 35 icke
703 1989 68 35 kan
801 1988 110 35 blifva
938 1988 83 35 fullt
1047 1986 345 39 tillfredsställande,
1421 1985 37 35 af
1484 1985 191 47 anledning
1702 1984 76 36 dels
1807 1991 52 28 att

276 2041 43 34 de
358 2053 27 22 s.
424 2040 31 34 k.
490 2040 99 35 låne-
632 2041 66 34 och
727 2039 314 48 kreditivförlagen
1070 2040 37 33 år
1137 2041 94 33 1868
1260 2050 82 22 voro
1371 2043 112 29 större
1508 2041 43 30 än
1580 2037 38 34 år
1647 2036 106 40 1871,
1782 2035 75 35 dels

277 2098 51 28 att
365 2091 249 49 förändringar
654 2092 10 35 i
701 2097 109 30 sättet
850 2092 55 34 för
946 2090 125 49 sjelfva
1109 2088 384 48 sifferberäkningarne
1533 2087 109 35 sedan
1683 2088 39 33 år
1763 2089 94 33 1868

276 2148 58 42 egt
361 2155 89 23 rum,
