2146 2626
324 195 38 31 56

283 277 172 50 styrelser
484 282 61 34 att,
562 275 111 48 enligt
687 275 37 34 af
738 273 226 48 fullmäktige
982 272 99 35 ined-

283 330 126 35 delade
452 328 180 35 allmänna
666 327 234 39 föreskrifter,
931 324 151 36 förvalta

283 383 67 34 och
392 381 122 35 utlåna
554 381 47 47 på
629 385 73 29 sätt
731 378 229 48 styrelserna,
990 378 92 33 efter

283 441 80 41 eget
392 432 240 48 bepröfvande
651 431 64 34 och
748 430 79 34 med
857 429 143 35 rättvist
1028 428 53 34 af-

284 486 129 35 seende
443 486 16 33 äå
491 484 42 34 de
563 484 94 34 olika
687 481 270 40 lånebehofven,
985 480 94 35 finna

285 538 53 35 för
348 544 159 28 orternas
525 535 132 35 rörelse
674 541 94 28 mest
783 533 190 48 gagneligt,
991 533 89 33 dock

285 590 111 34 under
425 587 227 48 iakttagande
692 587 111 39 deraf,
837 592 51 28 att
917 585 19 34 å
966 585 113 47 någon

284 641 223 47 betydligare
537 639 56 34 del
610 640 38 32 af
659 637 421 47 utlåningstillgångarne

284 692 152 34 kreditiv
476 690 147 47 beviljas
664 688 52 34 till
747 688 60 34 det
836 687 140 47 belopp,
1006 693 74 41 sty-

287 744 158 34 relserna
470 742 211 35 bestämma.

633 789 17 48 $
683 795 54 32 50.

333 846 70 36 Vid
433 844 250 36 användandet
712 844 37 34 af
775 843 43 34 de
847 843 45 48 på
910 856 88 34 upp-
1016 842 65 34 och

284 898 255 48 afskrifnings-
578 904 94 28 samt
706 895 297 48 depositräkning
1031 894 52 34 in-

283 952 113 34 flutna
450 949 116 35 medel
612 948 187 47 iakttages,
842 954 51 27 att
932 947 104 34 deraf
1074 946 8 34 i

283 1003 108 34 kassa
419 1001 86 35 eller
533 1002 47 47 på
608 1000 151 47 räkning
795 998 199 35 bibehålles
1024 998 59 34 det

283 1054 142 48 belopp,
442 1066 76 21 som
535 1054 55 33 för
603 1051 155 35 skeende
788 1057 100 40 uttag
904 1051 58 33 må
978 1062 104 21 anses

285 1105 239 46 erforderligt,
550 1103 64 35 och
645 1111 61 32 att,
736 1116 56 21 om
816 1102 58 34 vid
891 1102 107 46 något
1012 1101 70 34 till-

285 1157 86 34 fälle
417 1155 273 47 uttagningarne
734 1153 115 34 skulle
888 1153 195 45 öfverstiga

286 1206 241 49 nyssberörda
555 1205 141 47 belopp,
735 1203 265 35 vederbörande
1030 1203 54 34 di-

286 1260 124 34 skont-
438 1257 89 35 eller
555 1256 212 35 lånekontor
796 1256 59 33 må
868 1255 54 34 för
938 1254 60 35 det
1011 1254 72 34 bri-

286 1311 126 34 stande
467 1309 169 47 beloppet
677 1308 112 33 undfå
829 1306 254 46 förstärkning,

289 1361 142 35 hvilken
461 1360 90 34 dock
566 1360 39 34 så
627 1359 71 34 fort
719 1358 53 47 sig
788 1365 83 40 göra
887 1357 88 35 låter
992 1358 92 33 åter-

288 1412 137 35 betalas
442 1424 127 35 genom
587 1409 246 47 innehållning
857 1409 38 34 af
921 1409 42 34 de
992 1408 11 34 i
1032 1408 53 34 di-

288 1463 254 47 skonterings-,
585 1461 199 47 utlånings-
818 1460 67 35 och
914 1460 171 35 kreditiv-

288 1514 155 35 rörelsen
473 1513 196 47 inflytande
699 1512 127 34 medel.

637 1611 18 48 I
687 1618 55 31 56.

341 1667 112 35 Mom.
485 1672 30 30 1.
570 1666 259 46 Diskontering
849 1665 134 34 tillåtes
1001 1664 85 34 alle-

289 1726 81 27 nast
411 1720 38 33 af
487 1717 111 41 vexel,
640 1730 88 22 som,
764 1717 107 34 ställd
901 1716 10 34 i
940 1716 147 34 svenskt

290 1778 103 40 mynt
432 1770 65 34 och
536 1769 161 34 betalbar
739 1768 96 34 inom
877 1768 106 47 högst
1025 1780 62 21 sex

290 1822 171 34 månader
502 1821 91 34 efter
625 1819 394 47 diskonteringsdagen,
1049 1824 38 28 är

290 1874 131 45 dragen
463 1874 46 46 på
551 1871 94 34 mom
689 1871 92 33 riket
809 1870 119 34 bosatt
957 1870 129 34 svensk

290 1924 192 33 undersåte
512 1929 94 27 samt
634 1921 355 47 inrättad
805 1917 18 55 i
832 1921 157 47 enlighet
1007 1921 79 33 med

290 1975 68 33 den
399 1974 9 34 i
452 1973 207 47 vexellagen
699 1974 38 32 af
763 1973 68 33 den
861 1975 44 31 23
930 1972 156 47 Augusti

293 2028 88 32 1851
416 2025 171 47 stadgade
616 2025 92 33 form
738 2023 65 35 och
822 2023 190 47 behörigen
1031 2036 57 22 ac-

290 2077 179 47 cepterad.
561 2114 10 9 .

344 2127 111 34 Mom.
481 2131 30 30 2.
552 2126 48 34 Ar
625 2132 232 41 acceptanten
875 2125 76 35 icke
969 2125 119 35 bosatt

290 2180 20 32 å
338 2178 382 46 diskonteringsorten,
749 2176 108 34 elleri
876 2175 210 35 Stockholm

291 2229 85 35 eller
404 2230 21 33 å
449 2236 64 32 ort,
542 2229 62 33 der
635 2228 209 34 !ånekontor
871 2227 86 35 eller
972 2241 114 20 annan

292 2280 302 47 bankinrättning,
623 2279 80 34 med
735 2278 141 35 hvilken
906 2280 182 33 öfverens-

733 190 134 32 Banko-
878 190 173 31 Utskottets
1079 186 213 33 Betänkande
1317 186 66 31 N:o
1409 186 46 29 16.

1288 1560 250 50 Diskontering
1568 1563 45 49 af
1637 1562 131 37 vealar.

1467 1610 17 48 $
1514 1618 59 32 28.

1177 1664 104 35 Mom.
1309 1666 29 33 1.
1392 1663 262 50 Diskontering
1679 1665 137 35 tillåtes
1837 1665 88 34 alle-

1125 1723 80 28 nast
1243 1717 39 33 af
1320 1716 110 41 vexel,
1475 1730 87 27 som,
1600 1716 108 35 ställd
1738 1717 11 34 i
1778 1716 146 35 svenskt

1124 1776 104 39 mynt
1269 1767 66 35 och
1378 1767 160 35 betalbar
1575 1768 97 34 inom
1714 1768 106 47 högst
1862 1780 61 21 sex

1124 1819 172 34 manader
1335 1820 91 33 efter
1461 1819 395 47 diskonteringsdagen,
1885 1823 40 29 är

1124 1870 132 47 dragen
1298 1870 46 47 på
1385 1870 95 34 inom
1521 1870 93 35 riket
1642 1870 120 34 bosatt
1791 1869 131 34 svensk

1126 1921 190 34 undersåte
1346 1927 94 28 samt
1467 1921 158 34 inrättad
1642 1921 10 34 i
1666 1920 160 47 enlighet
1841 1920 82 33 med

1124 1972 67 34 den
1220 1972 10 34 i
1260 1971 163 47 gällande
1452 1972 160 46 vexellag
1642 1971 171 48 stadgade
1830 1971 93 34 form

1125 2023 65 34 och
1220 2023 200 49 behörigen
1443 2023 221 48 accepterad.

1175 2074 107 35 Mom,
1311 2076 33 33 2.
1402 2074 48 35 År
1479 2080 232 41 acceptanten
1754 2072 79 35 icke
1862 2071 65 35 bo-

1125 2133 71 27 satt
1224 2127 19 32 å
1267 2125 381 47 diskonteringsorten,
1669 2124 87 34 eller
1772 2124 9 34 i
1797 2123 131 35 Stock-

1126 2177 108 39 holm,
1263 2177 86 33 eller
1373 2178 16 32 å
1421 2183 64 33 ort,
1514 2177 62 33 der
1600 2176 213 34 lånekontor
1841 2174 87 34 eller

1125 2241 115 21 annan
1296 2228 294 46 bankinrättning
1634 2227 65 34 har
1736 2226 63 34 sitt
1840 2230 87 33 säte,

1126 2279 89 34 skall
1258 2280 20 33 å
1321 2279 124 35 vexeln
1485 2278 191 48 uppgifvas
1707 2283 148 29 namnet
1883 2277 46 46 på
