2145 2631
351 159 54 30 108

307 252 222 46 skaffenhet,
559 258 54 32 att
640 253 149 37 verkets
815 253 179 49 trygghet
1014 255 91 35 eller

309 304 187 38 anseende
539 305 248 49 ovilkorligen
831 304 147 38 fordrar
1013 306 90 37 hans

308 357 278 49 entledigande,
628 357 109 38 hafve
771 358 102 48 gjort
905 359 57 48 sig
989 358 114 36 förlu-

308 410 75 48 stig
430 410 57 35 sin
536 409 64 37 vid
652 410 130 37 verket
826 409 277 38 innehafvande

308 462 124 47 tjenst.

358 514 325 48 Pensionstagare,
703 527 81 23 som
806 513 127 38 dömes
953 515 58 36 till
1031 514 73 36 för-

307 567 77 35 lust
412 564 39 37 af
475 566 298 49 medborgerligt
800 565 218 38 förtroende
1047 566 57 36 för

308 617 106 37 alltid
443 618 92 37 eller
562 618 57 37 för
647 619 75 37 viss
750 617 70 46 tid,
848 617 110 39 hafve
984 618 119 38 förlo-

307 673 58 30 rat
404 670 232 45 rättigheten
677 674 55 30 att
773 670 158 46 pension
972 670 130 34 vidare

308 718 183 51 uppbära.

640 769 17 48 $
689 774 80 33 118.

358 832 81 36 Den
481 837 107 31 extra
633 832 201 45 ordinarie,
880 845 91 31 som,
1014 838 89 29 utan

309 884 158 36 erhållet
499 883 170 37 tillstånd
704 884 92 36 eller
825 883 168 37 anmäldt
1022 885 72 46 lags

307 935 141 44 förfall,
493 934 202 37 uteblifver
733 934 82 37 från
855 936 250 47 tjenstgöring

308 993 131 30 trenne
468 990 48 46 på
543 986 213 38 hvarandra
783 986 166 49 följande
980 990 123 33 måna-

309 1038 78 44 der,
425 1040 91 34 eller
550 1038 121 37 under
704 1045 138 30 tvänne
871 1042 47 45 på
947 1039 156 35 hvaran-

308 1090 66 37 dra
414 1089 164 49 följande
620 1091 146 48 qvartal
807 1091 99 36 visar
941 1091 160 48 märklig

307 1141 260 36 försummelse
589 1143 69 34 och
680 1141 268 47 undandrager
965 1143 55 46 sig
1041 1143 63 34 be-

308 1192 125 48 hörigt
462 1192 224 48 deltagande
715 1193 9 34 i
745 1193 232 48 göromålen,
998 1206 107 22 anses

308 1244 80 35 icke
418 1244 129 36 vidare
577 1251 109 29 ämna
715 1250 55 30 att
794 1245 90 35 söka
904 1243 202 37 fortkomst

308 1296 10 33 i
360 1295 172 37 Bankens
566 1296 114 47 tjenst
714 1296 68 35 och
813 1295 133 36 afföres
974 1301 131 41 genast

308 1345 82 36 från
418 1347 112 35 listan
559 1347 105 36 öfver
692 1352 107 31 extra
829 1347 219 35 ordinarier.

646 1421 17 47 $
696 1424 79 34 119,

361 1480 70 37 Om
475 1485 122 44 någon
626 1481 39 37 af
688 1481 174 37 Bankens
892 1482 210 47 vaktbetje-

311 1533 90 47 ning
435 1533 98 35 visar
566 1533 240 35 ohörsamhet
835 1539 79 29 mot
942 1532 163 36 förmäns

311 1583 261 48 befallningar,
603 1585 91 35 eller
722 1588 46 45 på
790 1590 110 30 annat
920 1590 74 30 sätt
1014 1583 92 37 felar

311 1636 10 34 i
350 1636 176 47 tjensten,
556 1636 92 35 eller
676 1641 102 30 utom
800 1636 216 35 densamma
1035 1635 71 36 för-

311 1687 118 35 håller
470 1687 56 47 sig
559 1686 227 44 tadelvärdt,
815 1688 198 34 ankomme
1043 1687 64 36 det

312 1741 46 43 på
385 1736 239 49 fullmäktige
655 1744 66 37 att,
750 1737 95 37 efter
874 1739 170 34 anmälan
1073 1738 39 36 af

312 1787 131 37 chefen
490 1788 56 37 för
590 1789 377 43 revisionskontoret,
1014 1788 94 37 efter

313 1840 383 48 omständigheterna,
747 1841 176 47 antingen
971 1840 138 36 ufhålla

314 1890 70 36 den
414 1890 177 48 felaktige
620 1890 83 36 från
723 1892 250 46 tjenstgöring
989 1891 119 36 under

312 1942 129 48 längre
471 1943 91 35 eller
590 1943 149 35 kortare
768 1942 68 44 tid,
865 1942 86 36 med
976 1942 133 36 förlust

314 1992 39 36 af
389 1999 118 30 större
541 1994 91 35 eller
660 1993 144 36 mindre
834 1993 60 36 del
923 1993 39 36 af
986 1994 121 44 lönen,

313 2044 91 35 eller
445 2045 67 35 ock
553 2052 134 41 genast
719 2045 108 47 skilja
856 2045 138 35 honom
1025 2045 79 35 från

313 2095 174 47 tjensten.

653 2145 17 47 $
703 2149 79 33 105.

365 2205 73 36 Vid
474 2206 267 48 pensionering
770 2206 39 36 af
833 2207 171 36 Bankens
1033 2220 74 23 em-

313 2258 98 34 bets-
441 2258 67 34 och
530 2258 233 47 tjenstemän,
781 2259 240 34 konstidkare
1039 2258 67 35 och

794 160 297 35 Banko-Utskottets
1115 163 209 32 Betänkande
1349 165 59 31 N:o
1431 168 47 28 16.

1141 253 224 47 skaffenhet,
1398 261 54 31 att
1485 256 245 37 riksbankens
1763 258 178 50 trygghet

1141 307 93 36 eller
1275 307 188 37 anseende
1505 309 248 49 ovilkorligen
1791 310 150 37 fordrar

1141 359 91 36 hans
1274 360 279 48 entledigande,
1596 360 109 38 hafve
1746 363 103 47 gjort
1883 364 58 47 sig

1140 410 176 50 förlustig
1357 413 56 35 sin
1454 413 10 35 i
1506 413 225 37 riksbanken
1767 414 175 37 innehaf-

1142 463 120 36 vande
1291 464 123 47 tjenst.

1487 771 17 48 $
1535 775 57 34 78.

1192 833 80 36 Den
1315 838 106 31 extra
1463 833 189 37 ordinarie
1694 834 247 48 tjensteman,

1142 898 79 23 som
1252 891 90 30 utan
1371 885 159 36 erhållet
1558 886 170 35 tillstånd
1757 887 92 36 eller
1881 900 62 22 an-

1142 936 120 36 mäldt
1309 937 83 47 laga
1438 936 124 36 förfall
1612 937 201 36 uteblifver
1859 938 83 36 från

1141 988 248 49 tjenstgöring
1418 993 56 31 tre
1504 988 178 36 månader
1710 990 93 35 eller
1832 990 109 48 eljest

1142 1041 98 34 visar
1272 1040 160 45 märklig
1464 1039 259 36 försummelse
1753 1041 91 35 eller
1873 1054 69 22 un-

1143 1091 210 48 dandrager
1386 1092 54 48 sig
1469 1091 176 48 behörigt
1673 1091 225 50 deltagande
1930 1093 10 35 i

1142 1145 229 41 söromålen,
1399 1144 107 42 skall,
1536 1146 46 43 på
1602 1143 252 47 deputerades
1877 1157 65 22 an-

1142 1194 136 44 mälan,
1312 1193 81 35 från
1428 1194 112 35 listan
1570 1192 107 37 öfver
1705 1199 107 31 extra
1840 1194 102 36 ordi-

1143 1246 101 35 narie
1273 1246 228 47 tjenstemän
1530 1244 146 37 afföras.

1193 1480 71 38 Om
1299 1487 122 44 någon
1451 1483 39 36 af
1514 1484 244 36 riksbankens
1788 1484 153 37 vaktbe-

1142 1534 146 47 tjening
1328 1536 99 34 visar
1469 1535 241 36 ohörsamhet
1753 1541 77 30 mot
1863 1535 76 36 för-

1143 1593 103 27 mäns
1276 1585 260 49 befallningar,
1559 1587 91 35 eller
1671 1590 47 45 på
1735 1592 114 30 annat
1866 1593 75 30 sätt

1142 1635 93 37 felar
1258 1637 10 35 i
1290 1637 175 47 tjensten,
1488 1638 91 35 eller
1601 1644 104 29 utom
1723 1637 219 37 densamma

1142 1686 179 38 förhåller
1341 1689 57 46 sig
1420 1688 223 45 tadelvärdt,
1661 1689 197 36 ankomme
1876 1689 64 36 det

1143 1742 48 44 på
1218 1739 237 48 fullmäktige
1485 1745 66 39 att,
1579 1740 95 36 efter
1702 1741 173 35 anmälan
1904 1740 38 36 af

1145 1789 244 49 deputerade,
1424 1790 94 37 efter
1552 1791 384 47 omständigheterna,

1144 1842 178 47 antingen
1364 1841 139 37 afhålla
1545 1842 72 36 den
1651 1842 177 48 felaktige
1856 1841 80 37 från

1144 1893 252 47 tjenstgöring
1429 1893 119 36 under
1576 1894 130 46 längre
1737 1895 90 34 eller
1856 1894 83 35 kor-

1145 1949 78 30 tare
1259 1944 66 44 tid,
1360 1944 84 36 med
1472 1943 136 38 förlust
1637 1944 39 37 af
1699 1951 118 30 större
1846 1945 94 35 eller

1146 1994 145 36 mindre
1322 1995 60 36 del
1411 1995 38 36 af
1473 1996 123 44 lönen,
1614 1997 91 35 eller
1722 1996 67 36 ock
1805 2007 135 36 genast

1144 2046 109 47 skilja
1283 2046 136 35 honom
1449 2045 80 37 från
1559 2048 174 46 tjensten.

1494 2146 17 47 $
1542 2151 52 33 80.

1194 2207 74 35 Vid
1312 2207 266 48 pensionering
1619 2207 40 35 af
1691 2207 245 36 riksbankens

1144 2258 236 47 tjeustemän,
1414 2258 241 35 konstidkare
1686 2259 67 35 och
1785 2259 152 35 vaktbe-
