2150 2617
666 155 302 32 Banko-Utskottets
992 156 208 32 Betänkande
1226 159 58 30 N:o
1307 161 48 31 16,

208 241 40 39 af
273 242 45 37 de
347 243 74 45 lån,
450 242 129 37 hvilka
606 241 65 37 vid
700 242 45 38 de
776 243 118 49 årliga
913 244 96 37 revi-

207 295 177 36 sionerna
424 294 130 36 kunna
594 293 117 37 varda
751 295 104 36 inom
892 296 116 36 linien

206 345 122 45 förda,
344 344 95 38 efter
467 347 194 46 utgången
690 344 40 38 af
753 346 129 49 hvarje
899 360 110 36 qvar-

207 398 66 43 tal,
301 401 39 31 så
368 397 76 36 fort
472 397 65 35 ske
571 397 86 44 kan,
685 398 59 35 till
771 397 155 37 Banken
955 400 54 34 in-

207 449 198 35 levereras.
477 446 238 51 Styrelserna
760 447 106 39 öfver
909 450 100 36 låne-

206 500 189 36 kontoren
437 500 121 48 åligge
602 499 65 37 det
696 500 143 48 jemväl
868 506 55 31 att
951 502 57 35 till

204 550 156 38 Banken
380 551 159 36 insända
559 550 45 37 de
621 551 386 49 kassabehållningar,

205 615 82 24 som
315 602 82 37 icke
425 603 11 35 i
466 603 68 36 och
564 601 57 38 för
648 604 168 36 rörelsen
845 604 163 37 ovilkor-

206 654 103 49 ligen
338 653 202 53 erfordras,

540 729 18 48 $
589 733 82 35 126.

254 790 74 36 Till
369 790 240 49 fullmäktige
652 792 177 36 aflemnas
875 793 129 47 hvarje

201 843 118 35 vecka
334 848 158 42 rapport
508 843 194 48 angående
718 843 286 37 vederbörande

204 893 169 36 diskont-
402 893 70 36 och
501 894 245 37 lånekontors
766 896 153 43 rörelse,
936 896 69 36 och

202 944 131 48 hvarje
375 945 135 35 månad
553 945 139 48 utdrag
720 945 40 36 af
783 946 222 36 lånekonto-

202 1008 86 23 rens
317 996 284 47 kassaräkning.

535 1112 18 49 8
585 1117 82 35 123.

249 1173 114 37 Mom.
395 1176 30 35 6.
469 1174 323 49 Tjenstemännen
809 1177 68 37 och
895 1179 108 35 vakt-

198 1226 246 48 betjeningen
485 1226 64 37 vid
590 1227 205 37 hvartdera
822 1229 180 37 lånekon-

199 1282 101 31 toret
328 1283 155 42 antagas
513 1278 69 36 och
610 1277 199 39 förordnas
838 1279 40 37 af
901 1282 101 35 låne-

198 1328 198 37 kontorets
423 1330 173 48 styrelse,
626 1344 80 22 som
735 1344 89 35 eger
852 1337 67 40 att,
935 1340 68 29 när

198 1382 40 33 så
265 1379 160 46 fordras,
453 1381 83 35 från
556 1381 164 48 tjensten
742 1383 69 35 och
829 1383 173 37 densam-

198 1444 60 22 ma
278 1430 206 49 åtföljande
500 1432 191 37 förmåner
707 1434 193 49 entlediga
917 1435 84 45 den,

197 1481 85 37 med
312 1482 154 37 hvilken
482 1485 187 48 styrelsen
684 1485 123 36 finner
821 1487 181 36 lånekon-

198 1537 101 32 toret
328 1534 81 36 icke
439 1548 90 23 vara
556 1535 152 37 belåtet.

535 1601 18 48 $
586 1605 79 35 123.

246 1659 113 38 Mom.
390 1664 30 33 7.
463 1661 55 37 De
539 1662 40 37 af
594 1664 296 37 lånekontorens
906 1666 96 47 tjen-

195 1716 159 40 stemän,
371 1725 82 23 som
469 1713 204 38 innehafva
689 1716 190 48 uppbörd,
896 1717 106 36 skola

193 1763 112 35 ställa
346 1762 40 37 af
423 1766 187 46 styrelsen
644 1767 181 47 godkänd
853 1768 147 48 borgen

195 1814 92 35 eller
316 1827 122 23 annan
468 1817 176 36 säkerhet
661 1819 58 35 till
736 1819 152 48 belopp,
906 1819 94 36 hvil-

194 1864 63 36 ket
285 1865 287 39 vederbörande
593 1870 158 47 styrelse
767 1871 123 35 finner
905 1870 94 48 godt

194 1914 222 39 bestämma.

532 1975 18 49 $
581 1980 82 34 130.

244 2033 109 38 Mom.
397 2038 32 35 2.
484 2037 53 36 Af
566 2039 294 38 lånekontorens
894 2042 12 35 i
940 2055 57 23 or-

191 2089 112 32 terna
347 2085 231 53 förvaltning
625 2090 69 36 och
741 2092 257 49 räkenskaper

192 2137 223 37 verkställes
443 2140 183 36 likaledes
655 2142 145 48 årligen
829 2145 167 35 revision

189 2200 137 35 genom
343 2188 76 37 fem
436 2204 191 34 personer,
649 2193 84 36 utaf
745 2194 128 37 hvilka
887 2195 108 38 Riks-

190 2238 142 49 dagens
362 2240 198 39 Kammare
590 2250 82 31 utse
702 2244 186 38 hvardera
914 2251 82 46 två,

1745 163 57 30 119

1388 735 18 49 $
1436 739 56 36 94.

1091 795 240 51 Styrelserna
1359 797 112 37 hafva
1500 803 55 31 att
1570 799 78 36 låta
1662 805 181 44 upprätta

1042 848 68 35 och
1149 849 103 35 inom
1281 848 226 37 föreskrifna
1535 849 100 37 tider
1662 852 60 35 till
1749 851 94 37 riks-

1040 899 150 36 banken
1206 899 159 37 insända
1384 900 143 45 vecko-,
1549 902 174 44 månads-,
1738 915 105 36 qvar-

1040 950 86 35 tals-
1154 957 94 29 samt
1277 951 254 49 ärsuppgifter
1560 952 69 36 och
1658 966 184 24 samman-

1041 1000 93 49 drag
1162 1002 196 48 angående
1387 1003 294 38 lånekontorens
1701 1005 141 36 rörelse

1039 1053 11 34 1
1080 1052 83 37 dess
1192 1053 185 38 särskilda
1405 1054 117 38 delar.

1391 1120 18 49 $
1439 1125 58 35 95.

1090 1182 111 36 Mom.
1231 1184 31 35 I.
1304 1183 321 49 Tjenstemännen
1646 1185 70 36 och
1733 1185 108 37 vakt-

1038 1234 245 48 betjeningen
1324 1235 65 37 vid
1430 1236 205 37 hvartdera
1662 1237 180 38 lånekon-

1038 1291 102 31 toret
1168 1292 155 42 antagas
1352 1287 69 36 och
1449 1286 200 39 förordnas
1678 1288 40 38 af
1741 1290 101 35 låne-

1038 1337 200 37 kontorets
1267 1339 172 48 styrelse,
1467 1352 81 23 som
1577 1353 90 36 eger
1688 1347 66 39 att,
1775 1348 68 29 när

1038 1392 40 32 så
1106 1387 159 47 fordras,
1294 1389 83 37 från
1398 1391 165 47 tjensten
1580 1392 69 36 och
1666 1392 175 37 densam-

1039 1453 60 23 ma
1113 1439 206 50 åtföljande
1340 1440 191 38 förmåner
1546 1443 193 49 entlediga
1756 1443 85 45 den,

1038 1491 87 36 med
1167 1492 153 37 hvilken
1361 1494 189 48 styrelsen
1589 1495 121 36 finner
1737 1496 104 36 låne-

1038 1542 180 37 kontoret
1245 1544 83 36 icke
1357 1558 90 23 vara
1474 1545 155 37 belåtet.

1088 1671 111 37 Mom.
1228 1672 35 36 2.
1307 1672 55 37 De
1380 1672 345 39 aflånekontorens
1746 1676 96 48 tjen-

1037 1728 158 40 stemän,
1212 1736 81 23 som
1309 1723 203 38 innehafva
1529 1725 191 50 uppbörd,
1735 1727 107 36 skola

1036 1775 111 36 ställa
1189 1774 40 37 af
1265 1776 185 48 styrelsen
1487 1777 182 47 godkänd
1696 1778 145 47 borgen

1038 1826 93 36 eller
1160 1839 124 24 annan
1304 1827 177 36 säkerhet
1502 1828 58 36 till
1576 1829 155 49 belopp,
1747 1829 94 36 hvil-

1034 1877 65 36 ket
1119 1878 285 37 vederbörande
1426 1881 160 46 styrelse
1606 1881 123 36 finner
1747 1881 94 47 godt

1035 1928 221 38 bestämma.

1386 1990 22 47 $
1439 1993 57 35 96.

1084 2050 112 37 Mom.
1224 2052 31 36 1.
1305 2051 312 38 Lånekontorens
1635 2053 205 37 räkenska-

1035 2114 67 35 per
1131 2102 70 37 och
1229 2101 232 50 förvaltning
1487 2104 181 47 granskas
1693 2106 144 47 årligen

1032 2165 138 35 genom
1198 2152 76 38 fem
1302 2167 194 35 personer,
1525 2155 40 36 af
1589 2155 127 38 hvilka
1732 2156 108 38 Riks-

1034 2203 142 49 dagens
1205 2204 200 38 Kammare
1442 2211 82 32 utse
1557 2207 187 38 hvardera
1772 2212 64 32 två

1033 2256 70 37 och
1130 2255 240 51 fullmäktige
1402 2257 73 37 den
1503 2257 127 39 femte.
