2142 2627
321 196 39 30 36
774 195 126 32 Banko-
909 194 174 33 Utskottets

279 279 79 40 ken,
404 278 181 35 beräknad
625 278 109 48 enligt
777 278 227 36 förestående
1046 275 30 48 $,

278 343 77 23 som
398 330 77 36 icke
510 336 198 29 motsvaras
738 331 38 34 af
801 330 172 37 Baukens
1001 344 75 21 me-

279 382 146 36 talliska
453 383 115 41 kassa,
592 383 200 35 fastställes
810 383 55 35 till
881 390 52 28 ett
947 383 129 48 belopp

279 435 39 34 af
343 434 122 35 trettio
495 434 178 35 millioner
702 435 185 35 riksdaler.

623 946 17 48 $
679 953 49 32 14.

326 1000 125 48 Enligt
478 996 18 49 $
530 1005 15 31 1
576 1001 10 34 i
615 1002 103 47 lagen
747 1001 54 35 för
826 1001 127 36 Rikets
969 1001 106 36 Stän-

276 1053 82 34 ders
386 1052 106 34 Bank
521 1053 38 33 af
585 1053 68 35 den
685 1057 17 31 1
734 1052 100 36 Mars
866 1057 104 37 1830,
986 1054 90 48 jem-

276 1103 80 36 förd
395 1104 82 35 med
514 1100 39 48 $$
598 1109 16 31 1
652 1104 66 35 och
747 1109 21 31 2
798 1105 10 34 i
837 1105 102 48 lagen
968 1108 108 46 angå-

278 1155 91 34 ende
385 1155 383 48 myntbestämningen
790 1156 38 33 af
842 1169 138 22 samma
998 1158 78 47 dag,

278 1211 41 30 är
345 1205 218 35 riksbanken
588 1206 234 48 ovilkorligen
851 1208 145 48 skyldig
1016 1215 61 33 att,

279 1262 66 29 när
392 1259 40 32 så
476 1258 201 46 påfordras,
720 1258 78 34 sina
839 1259 118 34 sedlar
994 1260 82 34 med

278 1308 148 35 svenskt
463 1308 231 48 silfvermynt
733 1309 114 35 inlösa
888 1311 91 33 efter
1008 1311 68 34 den

277 1359 127 48 grund,
446 1366 55 39 att
532 1362 69 33 128
631 1359 186 49 skillingar
845 1360 116 35 banko
990 1361 88 35 eller

278 1414 21 30 4
341 1409 177 35 riksdaler
558 1410 181 48 riksmynt
777 1411 93 48 gälla
893 1412 73 35 lika
994 1413 82 34 med

277 1474 43 21 en
360 1461 176 35 riksdaler
572 1461 10 35 i
616 1461 124 36 silfver
768 1462 10 35 i
807 1463 159 48 enlighet
994 1463 81 35 med

277 1512 165 48 gällande
484 1513 209 48 förordning
729 1527 58 21 om
817 1514 112 35 rikets
958 1522 118 39 mynt;

278 1563 156 35 börande
476 1563 227 49 fullmäktige
743 1564 95 36 tillse
868 1572 61 33 att,
959 1565 118 35 såvidt

278 1614 62 35 ske
382 1614 80 41 kan,
489 1615 168 48 prägladt
678 1616 237 48 silfvermynt
943 1618 38 33 af
1006 1617 70 34 alla

277 1666 207 35 fastställda
513 1674 114 27 sorter
642 1667 122 35 städse
787 1668 115 35 finnes
918 1668 10 35 i
945 1669 129 34 förråd.

276 1814 9 26 i
305 1814 79 34 lagen
403 1815 43 26 för
464 1815 95 27 Rikets
578 1815 128 27 Ständers
726 1816 72 27 bank
812 1817 31 25 af
851 1817 28 26 d.
891 1818 13 25 1
916 1817 71 26 Mars
999 1818 74 26 1830.

327 1870 139 49 Vägrar
506 1871 158 41 Banken,
706 1873 113 34 under
861 1873 92 35 hvad
986 1874 87 34 sken

278 1922 62 34 det
373 1935 84 22 vara
485 1924 68 39 må,
583 1930 52 28 att
663 1924 98 34 sedel
791 1924 58 34 vid
878 1924 196 48 uppvisan-

278 1973 61 34 det
371 1972 116 36 inlösa
526 1975 83 33 med
647 1975 61 34 det
737 1974 142 49 belopp,
907 1988 79 22 som
1014 1989 61 33 ge-

278 2036 84 21 nom
392 2023 102 48 lagen
523 2037 59 21 om
612 2025 381 49 myntbestämningen
1014 2026 59 35 vid

278 2074 119 35 denna
442 2074 164 49 Riksdag
634 2076 188 36 faststäldt
857 2077 130 41 blifvit,
1015 2079 58 33 må

277 2125 78 41 den,
384 2137 73 23 som
485 2126 94 35 sedel
606 2127 218 42 innehafver,
852 2128 119 35 derom
984 2133 88 43 göra

277 2176 154 49 skriftlig
473 2178 170 34 anmmälan
683 2179 60 34 hos
782 2179 127 46 Kongl.
950 2179 122 47 Maj:ts

278 2227 60 35 och
365 2227 121 36 Rikets
514 2227 91 37 Svea
621 2228 190 49 Hof-lätt,
822 2230 148 43 hvilken,
987 2231 86 44 efter

279 2284 46 29 att
352 2278 165 49 deröfver
544 2280 110 47 hafva
682 2281 75 34 hört
772 2280 301 50 Bankofullmäk-

1106 196 212 32 Betänkande
1341 196 64 32 N:o
1429 199 50 29 16.

1113 279 150 41 räknad,
1294 278 57 38 får
1378 278 117 47 aldrig
1524 280 122 48 uppgå
1670 281 51 35 till
1748 295 96 23 mera
1866 287 47 32 än

1114 332 96 48 högst
1237 331 122 36 trettio
1384 331 180 37 millioner
1588 332 176 38 riksdaler
1779 337 135 48 utöfver

1113 383 275 48 sammanlagda
1416 384 152 48 beloppet
1595 385 38 46 af
1643 385 164 49 följande
1824 388 90 36 riks-

1115 435 152 36 bankens
1293 435 204 48 tillgångar,
1520 436 191 48 nemligen:

1165 485 39 45 a)
1232 487 195 36 metalliska
1455 488 133 36 kassan
1610 488 104 49 enligt
1741 494 172 36 nästföre-

1112 538 136 48 gående
1277 535 29 49 $.

1165 588 34 45 b)
1221 590 57 49 på
1299 591 131 36 utrikes
1459 598 51 29 ort
1532 592 136 36 nedsatt
1695 593 81 36 eller
1800 595 113 35 under

1113 649 176 40 transport
1329 643 163 42 derifrån
1520 645 159 34 varande
1706 645 120 37 silfver
1854 648 59 32 och

1111 692 89 48 guld
1240 693 13 35 i
1292 693 146 48 myntad
1478 693 81 36 eller
1600 695 166 48 omyntad
1799 697 115 47 form;

1115 745 59 35 och

1164 794 33 45 c)
1225 796 117 35 andra
1382 797 60 35 hos
1470 797 334 50 bankinrättningar
1832 799 81 37 eller

1114 847 212 36 handelshus
1367 848 22 36 a
1428 848 131 36 utrikes
1600 856 51 30 ort
1688 850 225 38 innestdende

1114 899 117 36 medel.

1478 948 17 49 S
1525 954 31 34 7.

1164 1002 237 36 Riksbanken
1435 1009 39 29 är
1502 1004 236 50 ovilkorligen
1768 1007 145 49 skyldig

1114 1061 61 33 att,
1205 1059 62 30 när
1296 1056 40 33 så
1364 1055 198 47 påfordras,
1592 1057 78 35 sina
1696 1058 119 34 sedlar
1831 1060 81 34 med

1114 1106 147 35 svenskt
1304 1107 232 47 silfvermynt
1577 1108 114 36 inlösa
1724 1110 91 34 efter
1843 1111 69 34 den

1115 1157 124 47 grund,
1263 1157 161 48 Konung
1452 1158 67 35 och
1548 1158 163 49 Riksdag
1727 1161 188 41 fastställt,

1115 1208 139 34 hvadan
1293 1209 118 34 sedlar
1453 1210 20 33 å
1514 1209 176 36 riksdaler
1731 1211 181 49 riksmynt

1115 1259 132 35 inlösas
1289 1261 91 33 efter
1421 1260 104 36 deras
1568 1261 149 47 lydelse,
1746 1263 119 35 sedlar
1893 1270 20 28 ä

1114 1310 118 47 specie
1274 1311 86 34 eller
1400 1311 117 35 banko
1558 1313 92 34 efter
1690 1314 69 34 den
1787 1316 126 44 grund,

1114 1368 52 28 att
1206 1374 43 22 en
1290 1362 176 35 riksdaler
1506 1364 120 47 specie
1667 1364 87 35 eller
1795 1365 117 36 banko

1114 1412 110 48 gäller
1265 1413 71 34 lika
1378 1414 81 34 med
1503 1427 43 22 en
1581 1415 176 35 riksdaler
1785 1417 127 35 femtio

1113 1470 58 29 öre
1214 1464 190 48 riksmynt,
1447 1474 95 27 samt
1574 1467 119 35 sedlar
1721 1468 20 34 å
1772 1472 44 32 14
1845 1469 66 35 och

1116 1519 44 31 10
1202 1516 188 47 skillingar
1431 1518 51 33 uti
1518 1518 137 47 koppar
1696 1519 91 34 efter
1828 1532 83 22 ena-

1114 1565 118 36 handa
1260 1567 125 47 grund,
1415 1581 77 22 som
1516 1569 55 34 för
1587 1569 138 36 inlösen
1742 1571 35 34 af
1791 1571 119 35 sedlar

1113 1617 156 48 lydande
1299 1620 20 33 å
1347 1618 127 36 banko.

1146 1665 46 31 (Se
1219 1665 93 33 Lagen
1340 1666 42 26 för
1408 1667 96 26 Rikets
1531 1668 126 26 Ständers
1681 1669 79 26 Bank
1779 1671 30 25 af
1826 1671 51 26 den
1898 1672 12 25 I

1111 1699 71 26 Mars
1211 1700 64 25 1830
1302 1700 51 26 och
1381 1700 100 35 Kongl.
1507 1702 90 33 Maj:ts
1615 1702 108 35 Nådiga
1741 1704 171 35 Förordning

1111 1742 43 17 om
1173 1734 95 26 Rikets
1287 1739 76 28 mynt
1381 1736 31 25 af
1428 1736 52 26 den
1499 1737 16 25 3
1533 1737 130 26 Februari
1683 1738 88 33 1855.)

1499 1806 18 48 $
1547 1813 31 32 8

1166 1875 135 48 Vägrar
1349 1876 151 42 banken,
1537 1879 114 34 under
1687 1880 93 35 hvad
1820 1881 88 35 sken

1111 1926 61 34 det
1205 1940 84 21 vara
1322 1929 59 33 må
1413 1935 53 28 att
1493 1930 97 34 sedel
1626 1930 58 35 vid
1713 1931 190 48 uppvisan-

1111 1977 60 34 det
1200 1978 91 34 efter
1319 1979 183 35 fastställd
1531 1982 116 46 grund
1675 1982 125 38 inlösa,
1825 1996 83 34 eger

1111 2028 360 36 sedelinnehafvaren
1488 2038 52 28 att
1556 2032 122 34 derom
1688 2039 85 41 göra
1782 2034 125 34 skrift-

1110 2078 48 49 lig
1199 2080 168 35 anmälan
1405 2081 64 36 hos
1508 2082 131 49 Kongl.
1681 2083 124 48 Maj:ts
1839 2085 67 35 och

1111 2129 128 36 Rikets
1269 2130 93 36 Svea
1391 2132 157 36 Hofrätt.

1111 2211 11 25 ;
1143 2177 46 32 (Se
1209 2177 91 33 Lagen
1320 2178 43 26 för
1381 2179 95 27 Rikets
1495 2180 126 27 Ständers
1640 2181 78 26 Bank
1730 2182 31 25 af
1769 2182 26 26 d.
1809 2183 13 25 1
1835 2183 72 26 Mars

1125 2212 58 25 830.
