1884 2834
276 149 39 31 48

400 154 235 31 Sammansatt
657 153 217 36 bevillnings-
896 152 66 30 och
983 151 339 37 jordbruksutskotts
1344 149 178 32 utlåtande
1543 150 48 30 Nr
1614 150 28 29 2.

587 237 57 30 het
664 239 50 27 att
734 236 158 30 meddela
912 235 235 30 förordnande
1168 234 135 36 jämligt
1326 235 14 29 1
1365 234 18 36 $
1404 233 249 35 förordningen
1673 233 68 30 den
1764 234 15 28 7

589 287 75 36 juni
687 287 83 30 1935
793 283 54 40 (nr
866 282 73 40 259)
964 295 58 21 om
1040 285 91 31 accis
1150 284 21 32 å
1187 284 175 37 margarin
1380 284 66 30 och
1465 283 91 31 vissa
1575 283 109 30 andra
1704 282 77 31 fett-

587 346 110 26 varor,

631 386 30 39 2)
692 389 127 33 antaga
838 385 156 37 följande

1073 439 228 44 Förslag

1150 503 51 32 till

992 559 351 43 Förordning

587 630 206 44 angående
827 630 157 34 ändrad
1019 629 150 44 lydelse
1204 640 50 22 av
1289 630 21 32 2
1335 627 17 44 $
1387 627 290 43 förordningen
1707 626 77 34 den

588 685 20 32 7
631 684 85 43 juni
739 684 88 33 1935
863 682 67 43 (nr
952 683 84 42 259)
1072 694 64 22 om
1171 682 106 33 accis
1301 681 24 33 å
1348 680 206 44 margarin
1578 679 74 34 och
1676 679 108 33 vissa

994 735 128 34 andra
1144 735 206 33 fettvaror.

634 818 211 36 Härigenom
862 817 195 36 förordnas,
1076 820 48 27 att
1141 818 18 29 2
1179 817 19 37 8
1216 815 247 36 förordningen
1482 815 67 30 den
1567 815 16 29 7
1603 813 75 38 juni
1700 813 83 30 1935

596 867 53 40 (nr
666 867 75 41 259)
767 878 57 20 om
844 868 89 30 accis
952 867 21 31 å
993 868 173 35 margarin
1186 867 66 30 och
1271 866 89 30 vissa
1380 866 112 30 andra
1511 865 164 30 fettvaror
1695 864 88 29 skall

591 918 129 31 erhålla
738 918 155 36 följande
909 918 155 30 ändrade
1081 917 139 38 lydelse:

1150 984 74 36 28.

634 1043 142 31 Accisen
800 1042 98 37 utgår
921 1043 57 30 för
1002 1042 95 37 varje
1120 1043 72 35 slag
1215 1052 43 20 av
1282 1040 214 37 accispliktig
1520 1050 83 21 vara
1626 1040 79 30 med
1728 1039 57 30 det

590 1093 135 37 belopp,
748 1094 99 35 högst
869 1093 40 30 75
932 1094 58 29 öre
1012 1093 56 30 för
1088 1092 94 37 varje
1203 1092 170 36 kilogram
1394 1101 42 20 av
1458 1099 126 22 varans
1605 1090 178 34 nettovikt,

592 1154 74 21 som
689 1144 123 36 Kungl.
834 1143 100 37 Maj:t
956 1144 218 30 bestämmer.

634 1194 160 30 Accisens
824 1194 125 37 belopp
979 1193 58 31 må
1065 1194 209 29 bestämmas
1304 1192 92 30 olika
1426 1191 57 30 för
1513 1190 273 31 fettemulsioner

592 1245 79 30 med
694 1245 93 35 lägre
811 1245 66 29 och
899 1245 80 29 med
1003 1245 104 35 högre
1130 1243 147 31 fetthalt.

635 1336 121 30 Denna
781 1336 202 36 förordning
1006 1335 115 31 träder
1143 1336 10 30 i
1176 1335 95 31 kraft
1294 1335 65 30 den
1385 1335 15 29 1
1424 1333 66 38 juli
1516 1334 93 30 1939.

635 1410 31 40 3)
696 1411 135 30 besluta
857 1413 58 35 att,
949 1410 5 30 i
982 1411 67 30 den
1076 1409 80 32 mån
1183 1410 235 31 förordnande
1446 1418 57 22 om
1528 1408 188 37 uttagande
1743 1417 42 21 av

592 1461 89 30 accis
700 1461 106 36 enligt
824 1460 247 36 förordningen
1089 1470 56 20 om
1164 1460 91 30 accis
1274 1459 20 31 å
1312 1460 176 36 margarin
1507 1460 66 30 och
1593 1459 90 30 vissa
1701 1458 84 30 and-

592 1521 38 21 ra
656 1511 168 31 fettvaror
850 1520 42 21 av
920 1511 124 36 Kungl.
1074 1509 99 37 Maj:t
1200 1510 185 36 meddelas,
1415 1510 124 36 Kungl.
1568 1507 100 38 Maj:t
1697 1509 88 30 skall

593 1562 62 36 äga
673 1565 49 27 att
741 1561 55 30 för
813 1561 59 36 tid,
889 1561 175 30 varunder
1081 1560 106 31 sådan
1207 1561 90 30 accis
1315 1559 108 38 utgår,
1443 1560 177 36 förordna,
1639 1562 50 28 att
1706 1559 80 30 med

592 1611 342 31 accisförordnandet
956 1611 130 30 avsedd
1110 1620 82 21 vara
1216 1611 89 30 skall
1327 1611 161 35 beläggas
1512 1610 79 30 med
1613 1610 73 37 tull,
1711 1619 76 21 som

592 1664 193 28 motsvarar
805 1662 66 30 den
892 1661 56 31 för
968 1661 203 30 densamma
1191 1661 180 30 bestämda
1391 1660 147 37 accisen,
1560 1660 89 36 eller,
1672 1660 116 30 därest

592 1712 62 30 tull
675 1711 20 31 å
717 1720 108 22 varan
846 1711 107 30 redan
974 1710 109 37 utgår,
1106 1721 41 20 en
1169 1712 80 29 med
1271 1710 253 37 accisbeloppet
1546 1709 141 38 förhöjd
1709 1710 80 44 tull;

593 1762 87 30 dock
698 1765 50 28 att
767 1761 80 31 från
866 1760 108 32 sådan
994 1762 63 30 tull
1076 1762 80 30 eller
1174 1761 267 36 tullförhöjning
1460 1761 89 30 skall
1569 1761 217 36 undantagas

593 1822 91 27 vara,
708 1821 76 21 som
808 1811 127 31 införes
957 1812 217 30 uteslutande
1197 1811 57 30 för
1274 1811 221 37 tillverkning
1518 1812 10 30 i
1550 1812 65 29 och
1639 1811 56 30 för
1718 1811 68 30 för-

593 1860 150 39 säljning
762 1871 43 21 av
825 1871 117 21 annan
962 1861 215 36 accisbelagd
1198 1871 97 26 vara;

636 1945 37 40 C)
704 1949 49 27 att
771 1944 156 38 följande
945 1945 180 37 motioner,
1144 1945 174 36 nämligen

639 1997 25 29 I:
684 1997 38 29 15
744 1997 67 29 och
833 1996 42 30 II:
894 1997 48 34 17,
963 1996 233 36 likalydande,
1220 1996 28 29 I:
1264 1996 62 30 219
1348 1997 65 29 och
1436 1997 43 29 II:
1496 1997 74 35 318,
1593 1996 194 37 likalydan-

594 2047 50 36 de,
671 2047 27 29 I:
714 2047 64 29 220
805 2047 64 29 och
896 2046 44 30 II:
959 2046 72 37 141,
1057 2046 231 37 likalydande,
1316 2046 27 30 I:
1359 2047 60 29 221
1449 2047 66 29 och
1541 2047 45 29 II:
1602 2047 72 36 342,
1701 2046 86 31 lika-

594 2097 159 36 lydande,
793 2097 25 29 I:
836 2097 61 29 222
922 2097 67 30 och
1014 2096 42 30 II:
1073 2097 72 35 338,
1171 2096 233 37 likalydande,
1431 2097 26 30 I:
1474 2097 64 30 313
1562 2097 65 30 och
1653 2097 43 30 II:
1713 2097 74 36 463,

595 2147 231 36 likalydande,
859 2146 27 30 I:
901 2147 64 29 314
995 2147 66 30 och
1091 2146 44 30 II:
1151 2147 73 35 461,
1255 2147 232 36 likalydande,
1520 2147 27 30 I:
1562 2147 73 36 315,
1667 2147 29 30 I:
1712 2148 74 34 316,

594 2198 27 29 I:
636 2199 63 29 329
717 2198 66 30 och
802 2198 44 30 II:
861 2198 73 36 487,
953 2197 231 37 likalydande,
1205 2198 27 29 I:
1248 2198 73 36 330,
1340 2198 27 30 I:
1382 2198 60 30 331
1464 2198 66 30 och
1550 2198 44 30 II:
1608 2198 74 37 482,
1702 2198 86 30 lika-

593 2248 159 36 lydande,
778 2248 28 29 I:
827 2248 56 30 332
907 2248 66 30 och
996 2248 45 29 II:
1060 2248 68 35 483,
1151 2247 231 37 likalydande,
1409 2248 46 30 II:
1471 2248 72 36 444,
1569 2248 46 30 II:
1632 2249 71 34 462,
1740 2247 46 31 II:

596 2300 72 35 484,
695 2299 43 30 II:
754 2300 75 35 485,
854 2299 42 30 II:
913 2299 74 36 486,
1014 2299 42 30 II:
1073 2299 72 36 488,
1174 2299 42 30 II:
1233 2299 74 36 490,
1333 2299 42 30 II:
1392 2299 74 36 491,
1494 2299 43 30 II:
1554 2300 72 35 492,
1654 2299 42 30 II:
1714 2299 73 35 493,

597 2350 42 30 I1:
655 2350 73 35 494,
751 2349 43 30 II:
810 2350 63 30 495
893 2351 165 29 ävensom
1079 2349 42 31 I1I:
1137 2350 74 35 496,

638 2399 66 37 må,
726 2400 10 30 i
758 2400 66 30 den
846 2398 80 32 mån
948 2400 43 30 de
1011 2400 75 30 icke
1107 2400 118 30 kunna
1248 2409 98 21 anses
1366 2400 191 31 besvarade
1577 2408 123 28 genom
1722 2400 67 30 vad

593 2451 166 30 utskottet
784 2451 64 29 här
872 2460 89 20 ovan
985 2450 116 31 anfört
1126 2450 64 30 och
1216 2450 183 37 hemställt,
1425 2460 43 21 av
1494 2450 183 36 riksdagen
1703 2450 84 30 läm-

595 2510 60 21 nas
674 2503 85 28 utan
779 2500 149 36 åtgärd.»
