1886 2838
301 145 40 31 28
433 151 232 31 Sammansatt
690 152 216 37 bevillnings-
929 153 64 30 och
1014 153 339 36 jordbruksutskotts
1376 154 175 31 utlåtande
1573 156 49 30 Nr
1644 156 29 29 2.

306 243 145 22 vumera
476 235 49 30 till
552 236 108 29 större
686 236 98 29 delen
810 235 143 31 bundits
979 236 201 36 därigenom
1205 240 47 28 att
1276 237 136 37 bolaget
1437 239 108 30 under
1571 239 240 31 innevarande

305 284 282 31 konsumtionsår
610 286 123 35 inköpt
757 286 152 30 brödsäd
935 287 10 29 i
971 287 266 37 stödköpssyfte.
1285 288 68 30 För
1377 291 49 28 att
1450 289 152 36 bolagets
1626 290 112 30 behov
1764 300 42 21 av

305 336 257 35 rörelsekapital
584 337 111 29 under
716 335 216 32 återstående
952 338 98 30 delen
1071 347 43 21 av
1136 338 317 32 konsumtionsåret
1474 340 86 30 skall
1582 340 94 32 bliva
1697 341 108 36 tillgo-

304 386 112 31 dosett
437 386 63 30 har
520 386 56 37 jag
598 386 96 31 förut
715 388 112 30 denna
848 388 67 35 dag
935 388 174 31 hemställt
1132 398 56 21 om
1212 390 277 36 bemyndigande
1510 390 55 31 för
1587 391 223 37 fullmäktige

303 436 10 29 i
342 436 331 36 riksgäldskontoret
702 441 47 27 att
776 437 86 31 efter
888 438 112 31 beslut
1026 449 42 21 av
1097 439 123 37 Kungl.
1251 440 100 36 Maj:t
1379 440 265 32 tillhandahålla
1671 442 135 37 bolaget

303 487 196 36 ytterligare
520 488 311 36 statsobligationer
855 489 51 30 till
930 492 45 27 ett
998 490 180 30 nominellt
1201 491 123 36 belopp
1350 501 43 20 av
1419 492 38 29 15
1481 492 162 36 miljoner
1667 493 137 31 kronor.

304 537 123 31 Därest
451 538 144 37 stödköp
620 539 87 30 även
732 540 109 30 under
864 540 100 30 nästa
987 540 281 32 konsumtionsår
1288 542 135 31 behöva
1446 542 181 37 företagas,
1652 543 118 36 måste,
1795 544 11 29 i

303 588 65 30 den
397 587 84 31 mån
507 589 10 29 i
544 589 153 36 bolagets
726 590 125 30 rörelse
879 590 143 31 bundna
1049 592 113 29 medel
1189 592 75 30 icke
1291 592 244 32 dessförinnan
1562 593 161 37 lösgjorts
1751 604 54 28 ge-

304 647 82 21 nom
416 639 196 30 realisation
641 650 43 20 av
713 640 122 36 inköpt
864 641 193 36 spannmål,
1089 646 75 32 nytt
1194 643 259 36 rörelsekapital
1483 644 147 31 tillföras
1659 645 145 36 bolaget.

303 689 82 30 Som
408 689 365 36 jordbruksnämnden
796 691 117 31 anfört
937 693 38 29 är
997 691 123 37 frågan
1142 703 58 20 om
1222 694 95 36 dylik
1342 694 197 31 realisation
1564 696 111 30 under
1699 705 105 21 nuva-

301 740 109 30 rande
435 740 293 37 utrikespolitiska
754 741 244 32 förhållanden
1023 744 219 36 synnerligen
1267 745 101 30 oviss.
1396 745 77 30 Med
1498 746 137 36 hänsyn
1662 747 50 29 till
1739 747 66 30 vad

302 789 148 32 sålunda
472 791 132 30 anförts
627 792 186 36 tillstyrker
834 792 68 37 jag,
927 797 48 27 att
997 793 218 37 fullmäktige
1238 795 9 30 i
1271 795 331 36 riksgäldskontoret
1625 797 179 36 bemyndi-

301 848 59 28 gas
383 844 50 27 att
456 841 84 30 efter
563 842 123 36 Kungl.
711 843 117 36 Maj:ts
851 844 113 30 beslut
987 845 263 31 tillhandahålla
1272 846 137 36 bolaget
1430 847 311 36 statsobligationer
1762 858 43 21 av

302 890 95 31 förut
420 893 121 30 nämnt
562 893 72 36 slag
656 893 88 30 intill
768 894 195 36 ytterligare
985 895 124 37 belopp
1134 906 42 20 av
1199 897 41 29 25
1262 896 162 36 miljoner
1448 898 137 30 kronor.

347 942 69 30 För
430 943 169 30 täckande
614 952 43 21 av
673 944 122 30 förlust
810 943 21 32 å
845 945 383 38 brödsädsregleringen
1244 950 88 27 samt
1349 947 55 30 för
1419 947 220 32 bestridande
1655 958 42 21 av
1714 949 91 30 kost-

301 993 155 30 naderna
479 993 53 30 för
554 994 321 37 beredskapslagret
898 996 65 30 och
987 997 147 31 svenska
1157 997 448 38 spannmålsaktiebolagets
1629 1000 174 30 verksam-

301 1042 57 30 het
379 1043 10 29 i
409 1044 109 35 övrigt
535 1044 62 30 bör
617 1045 183 36 veteavgift
830 1046 1 29 i
853 1045 84 31 mån
957 1056 41 21 av
1017 1047 112 30 behov
1151 1048 118 31 kunna
1289 1052 145 32 uttagas.
1457 1049 14 30 I
1492 1050 149 36 enlighet
1662 1052 79 29 med
1762 1052 43 29 de

300 1094 161 35 grunder,
483 1104 73 20 som
577 1094 180 32 fastställts
778 1096 55 30 för
854 1097 234 31 innevarande
1110 1098 292 37 konsumtionsår,
1424 1100 63 30 bör
1507 1100 154 37 avgiften
1682 1101 10 30 i
1714 1103 89 35 regel

300 1143 77 30 icke
399 1145 168 36 överstiga
591 1146 194 30 skillnaden
808 1148 130 30 mellan
960 1148 20 31 å
1004 1158 63 21 ena
1091 1149 101 31 sidan
1215 1151 40 29 20
1279 1150 130 30 kronor
1432 1151 41 30 50
1496 1152 58 29 öre
1577 1152 112 30 under
1711 1153 91 32 höst-

301 1193 213 32 månaderna
533 1197 64 29 och
618 1197 41 29 22
680 1197 128 30 kronor
825 1199 112 29 under
955 1199 365 32 sommarmånaderna
1339 1204 89 27 samt
1447 1200 20 31 å
1486 1202 109 30 andra
1615 1203 100 30 sidan
1734 1200 68 44 gäl-

299 1245 103 30 lande
425 1247 262 35 producentpris
711 1247 20 30 å
755 1249 139 29 svenskt
918 1252 73 27 vete
1013 1250 110 30 under
1144 1252 244 30 motsvarande
1410 1252 96 30 tider.
1554 1252 141 32 Oavsett
1717 1254 85 36 pris-

300 1295 90 36 läget
420 1296 63 30 bör
513 1297 87 30 dock
631 1298 183 36 veteavgift
845 1299 51 29 till
927 1299 134 31 mindre
1091 1300 126 38 belopp
1248 1300 36 31 få
1314 1305 136 33 uttagas
1479 1303 50 30 till
1561 1304 168 31 täckande
1760 1314 43 21 av

300 1346 450 38 spannmålsaktiebolagets
774 1349 188 30 kostnader
984 1350 10 30 i
1019 1351 170 30 samband
1210 1352 79 30 med
1312 1353 221 36 regleringen.

843 1496 415 45 Potatisregleringen.

343 1592 66 30 Till
433 1592 181 37 stödjande
636 1603 42 21 av
700 1595 344 35 potatismarknaden
1068 1596 147 36 regleras
1237 1597 263 38 tillverkningen
1523 1609 42 20 av
1587 1600 215 37 potatismjöl

298 1646 90 27 samt
412 1643 238 37 avsättningen
674 1654 42 20 av
739 1645 125 35 potatis
890 1645 56 30 för
968 1646 336 33 bränneriändamål.
1341 1648 68 31 För
1431 1649 221 38 tillverkning
1675 1661 42 20 av
1742 1661 59 26 po-

297 1693 169 36 tatismjöl
490 1693 136 31 fordras
648 1695 106 30 licens
777 1705 42 20 av
841 1698 129 28 statens
992 1697 375 36 potatismjölshämnd.
1405 1700 213 31 Innehavare
1641 1711 42 20 av
1705 1702 96 36 dylik

297 1743 107 30 licens
432 1744 161 30 ävensom
621 1745 389 32 brännvinstillverkare
1037 1748 61 29 äro
1127 1748 157 36 skyldiga
1311 1752 50 28 att
1388 1750 57 30 vid
1470 1750 106 37 inköp
1606 1761 43 20 av
1674 1752 128 36 potatis

297 1793 159 36 tillämpa
478 1795 64 29 den
563 1795 233 38 prissättning,
818 1806 75 20 som
915 1797 120 36 Kungl.
1058 1797 102 37 Maj:t
1182 1798 196 32 fastställer.
1410 1800 248 37 Avsättningen
1679 1812 41 21 av
1741 1812 58 27 po-

296 1843 204 36 tatismjölet
522 1845 127 31 ordnas
673 1854 122 28 genom
820 1847 93 30 avtal
937 1848 125 30 mellan
1086 1848 175 31 nämnden
1286 1851 65 29 och
1377 1850 151 37 Sveriges
1555 1853 244 36 stärkelsepro-

297 1894 182 31 ducenters
500 1895 158 37 förening
679 1906 32 20 u.
733 1906 31 26 p.
787 1906 28 21 a.
851 1897 69 30 För
939 1898 212 30 innebörden
1173 1900 10 29 i
1205 1909 46 20 nu
1272 1901 160 35 gällande
1452 1902 101 36 avtal,
1577 1902 106 31 vilket
1703 1913 101 21 avser

296 1943 313 38 tillverkningsåret
642 1947 13 28 1
686 1947 144 30 oktober
858 1948 171 30 1938—30
1057 1950 192 35 september
1279 1951 93 35 1939,
1402 1952 64 29 har
1495 1952 57 36 jag
1579 1952 96 31 förut
1703 1954 96 30 redo-

296 1993 100 36 gjort.
430 1994 64 30 Vid
513 1996 255 35 godkännande
789 2007 41 20 av
851 1998 107 36 sagda
978 1999 90 30 avtal
1087 2000 66 29 har
1173 2000 120 36 Kungl.
1316 2001 102 36 Maj:t
1439 2001 88 37 gjort
1548 2002 172 32 förbehåll
1742 2013 57 21 om

296 2047 49 27 att
363 2045 67 29 den
448 2045 10 29 i
474 2046 18 36 8
512 2047 37 28 10
567 2055 42 21 av
624 2047 176 30 nämnden
817 2047 124 36 gjorda
956 2049 202 31 utfästelsen
1177 2051 200 35 godkännes
1395 2062 42 20 av
1454 2052 194 37 riksdagen.
1678 2054 121 31 Denna

295 2094 180 31 utfästelse
494 2096 62 29 har
576 2096 202 37 föreningen
800 2097 138 31 erhållit
959 2099 49 30 till
1029 2100 113 38 skydd
1162 2104 72 27 mot
1254 2101 41 30 de
1314 2102 120 36 risker,
1456 2112 73 21 som
1549 2103 62 30 äro
1631 2104 167 31 förbund-

295 2153 45 21 na
360 2145 81 29 med
461 2145 219 37 föreningens
699 2147 10 29 i
729 2148 125 30 avtalet
873 2148 122 36 gjorda
1016 2149 170 37 åtagande
1208 2154 48 27 att
1274 2152 51 29 till
1345 2153 174 36 reglerade
1538 2154 111 35 priser
1669 2155 129 36 inköpa

295 2194 65 30 den
382 2195 105 36 enligt
507 2196 203 31 meddelade
730 2197 383 38 tillverkningslicenser
1136 2200 20 31 å
1177 2202 231 37 sammanlagt
1428 2204 98 35 högst
1548 2204 142 36 250,000
1710 2206 87 30 deci-

295 2247 60 27 ton
387 2245 203 36 uppgående
623 2245 333 40 årstillverkningen.
1001 2249 267 39 Framställning
1301 2262 58 20 om
1392 2253 220 31 utfästelsens
1645 2255 152 35 godkän-

295 2295 115 29 nande
433 2296 95 30 torde
552 2306 47 20 nu
621 2297 86 30 böra
732 2297 130 32 avlåtas
887 2299 50 30 till
963 2299 193 37 riksdagen.
1195 2301 62 37 Jag
1280 2302 211 38 förutsätter,
1515 2307 49 28 att
1588 2305 120 30 hittills
1732 2306 65 30 till-

294 2344 163 36 lämpade
482 2346 271 36 huvudgrunder
777 2348 55 30 för
856 2349 340 38 potatisregleringen
1221 2353 96 30 skola
1343 2354 91 35 gälla
1459 2354 86 31 även
1571 2355 112 30 under
1706 2356 90 30 näst-

293 2394 213 32 kommande
529 2396 287 38 tillverkningsår.
