1874 2812
580 171 263 29 Statsutskottets
865 171 167 28 utlåtande
1055 180 39 18 nr
1120 171 68 28 198.
1593 166 41 31 43

183 244 178 33 Utskottet
379 245 62 31 har
460 245 73 31 icke
553 247 103 39 något
676 247 51 30 att
746 244 111 32 erinra
878 247 89 29 emot
988 247 49 29 att
1057 244 127 41 Kungl.
1205 243 102 41 Maj:t
1326 243 172 32 meddelar
1517 243 115 32 beslut

131 296 11 30 i
164 295 198 41 anslutning
382 296 54 30 till
458 295 65 31 vad
545 294 374 42 departementschefen
939 306 48 19 nu
1010 294 177 41 föreslagit
1209 293 143 32 rörande
1373 293 259 42 tjänstgörings-

131 345 257 42 skyldighetens
410 345 207 41 omfattning
637 356 41 20 m.
702 356 41 20 m.
767 344 54 31 för
842 343 416 42 reservstatspersonalen.

541 446 29 24 ce.
592 437 107 33 Löne-
721 437 67 32 och
810 435 430 43 pensionsförhållanden.

182 505 120 41 Enligt
325 517 46 19 nu
397 505 74 31 från
497 507 37 29 år
560 505 80 31 1936
665 504 156 41 gällande
846 504 258 32 bestämmelser
1129 504 54 31 för
1207 504 425 41 reservstatspersonalens

132 556 95 32 löner
248 555 63 32 och
332 555 183 41 pensioner
537 556 53 30 stå
611 555 100 31 dessa
733 554 170 31 förmåner
923 554 11 31 i
956 554 71 31 viss
1050 553 144 32 relation
1216 554 53 31 till
1292 554 41 31 de
1355 553 54 32 för
1429 555 203 40 personalen

132 608 20 30 å
184 605 92 33 aktiv
312 608 67 29 stat
414 603 195 34 fastställda
644 604 237 32 motsvarande
918 605 224 31 förmånerna.
1178 604 360 32 Reservstatslönerna
1574 605 58 30 äro

132 656 274 43 genomsnittligt
426 658 68 29 sett
516 655 159 32 tillmätta
697 657 43 39 på
762 655 58 31 det
842 657 76 36 sätt,
942 657 50 29 att
1014 655 41 31 de
1077 657 170 29 motsvara
1267 655 143 40 ungefär
1431 655 40 31 60
1493 656 140 39 procent

131 719 41 20 av
194 707 42 32 de
259 707 11 30 i
294 707 79 31 1927
397 708 55 29 års
476 704 528 42 officersavlöningsreglemente
1028 707 173 39 upptagna
1223 705 250 41 lönebeloppen
1496 707 20 29 å
1537 705 97 31 A-ort

132 757 12 31 i
163 756 236 32 motsvarande
418 755 210 41 beställning
646 757 18 29 å
683 754 92 32 aktiv
794 757 76 29 stat.
901 755 123 40 Någon
1042 755 170 40 reglering
1230 766 40 20 av
1289 754 345 32 reservstatslönerna

133 808 11 30 i
162 807 198 40 anslutning
378 806 54 31 till
451 806 81 31 1939
552 807 53 30 års
623 805 149 31 militära
790 804 251 41 lönereglering
1058 805 62 31 har
1137 805 72 31 icke
1229 806 57 39 ägt
1303 816 82 20 rum.
1415 804 76 32 Vad
1509 815 125 21 reserv-

133 856 316 43 statspensionerna
468 854 174 39 beträffar,
664 855 43 31 ha
729 855 100 31 dessa
850 855 11 31 1
883 857 86 29 stort
991 857 69 29 sett
1080 856 138 40 avvägts
1240 857 50 29 att
1310 856 170 30 motsvara
1500 854 41 32 90
1562 865 73 30 pro-

133 910 77 30 cent
230 919 39 20 av
290 907 142 31 lönerna
452 908 19 29 å
491 907 193 36 reservstat,
706 905 230 31 innebärande
957 907 51 29 att
1029 905 188 40 pensionen
1238 905 12 31 i
1271 916 43 20 en
1334 904 70 32 viss
1425 904 210 41 beställning

133 957 20 30 å
180 958 184 29 reservstat
392 956 12 31 i
433 956 134 42 princip
596 958 187 29 motsvarar
812 955 66 32 den
907 955 73 32 före
1012 957 136 29 senaste
1177 955 337 41 pensionsreglering
1543 956 91 40 utgå-

133 1006 85 32 ende
237 1007 189 40 pensionen
445 1007 10 30 i
474 1009 150 29 närmast
640 1006 92 42 lägre
751 1006 212 41 tjänstegrad
981 1008 20 29 å
1019 1005 92 32 aktiv
1129 1008 77 29 stat.

186 1082 53 31 De
261 1081 212 42 sakkunniga
495 1082 45 32 ha
563 1082 122 38 anfört,
710 1084 49 29 att
783 1082 42 31 de
849 1081 140 42 nyligen
1013 1081 222 42 genomförda
1258 1082 89 31 löne-
1373 1081 63 31 och
1460 1081 175 41 pensions-

134 1132 251 42 regleringarna
403 1133 54 31 för
474 1133 66 31 den
559 1132 113 32 aktiva
689 1132 204 42 personalen
911 1132 148 32 medfört
1077 1143 42 21 en
1137 1131 233 42 förskjutning
1388 1142 40 21 av
1446 1131 190 32 relationen

134 1183 123 32 mellan
272 1183 111 32 denna
396 1183 178 42 personals
590 1183 63 32 och
667 1183 427 42 reservstatspersonalens
1109 1183 88 31 löne-
1212 1182 62 32 och
1289 1182 346 42 pensionsförmåner.

133 1234 68 32 Det
223 1236 118 39 syntes
364 1234 58 31 vid
445 1234 122 32 sådant
591 1233 213 32 förhållande
827 1244 79 21 vara
928 1233 79 32 med
1030 1233 142 32 rättvisa
1195 1233 62 31 och
1280 1232 160 41 billighet
1463 1232 171 41 förenligt,

133 1287 51 30 att
200 1285 111 31 denna
328 1285 178 41 personals
524 1284 89 32 löne-
632 1283 62 33 och
712 1283 290 42 pensionsvillkor
1018 1283 138 41 bragtes
1175 1284 12 31 i
1204 1283 111 32 bättre
1334 1282 144 32 relation
1496 1282 55 32 till
1570 1282 65 32 den

133 1335 112 31 aktiva
266 1335 222 41 personalens
510 1334 238 32 motsvarande
770 1334 171 32 förmåner
961 1336 44 29 än
1027 1344 73 21 som
1122 1333 54 32 för
1195 1333 209 32 närvarande
1426 1344 80 20 vore
1529 1333 105 31 fallet.

186 1385 19 31 I
223 1385 96 41 fråga
337 1395 55 21 om
410 1383 347 33 reservstatslönerna
775 1383 110 32 skulle
905 1394 41 21 en
965 1383 221 42 tillämpning
1203 1394 41 20 av
1264 1383 41 32 de
1326 1383 194 32 nuvarande
1541 1394 97 31 grun-

135 1435 103 32 derna
260 1434 55 32 för
335 1435 190 31 desammas
547 1434 216 32 beräknande
786 1433 171 39 innebära,
981 1436 50 29 att
1053 1433 250 42 lönebeloppen
1325 1433 206 42 avpassades
1555 1435 50 29 att
1626 1432 12 31 i

136 1488 86 30 stort
248 1488 69 29 sett
342 1487 170 30 motsvara
537 1485 41 31 60
603 1486 141 40 procent
770 1495 41 21 av
836 1484 252 42 lönebeloppen
1115 1486 20 30 å
1159 1484 95 31 A-ort
1281 1484 107 41 enligt
1412 1483 150 33 militära
1586 1495 52 20 av-

134 1536 370 42 löningsreglementet.
532 1534 31 32 Å
580 1535 296 31 löneförmånerna
892 1534 110 33 skulle
1021 1534 165 42 därjämte
1203 1536 81 40 utgå
1301 1534 119 41 rörligt
1437 1534 121 41 tillägg
1575 1533 63 33 och

131 1587 193 41 kristillägg
348 1586 107 41 enligt
480 1585 42 32 de
534 1585 53 31 för
598 1585 65 32 den
674 1584 114 32 aktiva
798 1584 202 42 personalen
1012 1584 157 42 gällande
1180 1583 200 42 grunderna.
1407 1582 69 32 Vid
1487 1593 42 21 en
1542 1582 95 42 dylik

133 1637 190 42 avvägning
345 1637 109 33 skulle
478 1636 59 32 det
559 1635 190 32 emellertid
772 1635 73 32 icke
868 1646 78 20 vara
968 1635 137 41 möjligt
1116 1636 51 30 att
1177 1633 174 33 bibehålla
1363 1633 65 32 den
1441 1633 195 31 nuvarande

134 1688 188 32 relationen
340 1687 124 32 mellan
482 1686 346 33 reservstatslönerna
845 1685 63 32 och
925 1685 238 42 pensionerna,
1182 1686 80 31 enär
1279 1684 42 32 de
1339 1695 119 21 senare
1471 1683 43 32 då
1526 1683 110 32 skulle

132 1739 134 31 komma
288 1741 50 29 att
360 1740 156 29 avsevärt
537 1736 199 43 understiga
758 1736 43 32 de
822 1736 108 42 enligt
940 1736 171 31 allmänna
1120 1734 517 43 tjänstepensionsreglementet

134 1788 168 43 utgående
325 1787 337 43 pensionsbeloppen
683 1787 12 31 i
716 1786 248 42 beställningar
984 1786 95 31 inom
1100 1787 149 30 närmast
1270 1785 91 41 lägre
1383 1783 213 43 tjänstegrad
1618 1785 20 30 å

133 1839 91 32 aktiv
240 1841 76 30 stat.
332 1839 126 32 Därest
472 1849 77 21 man
565 1838 72 31 icke
652 1837 81 32 ville
749 1837 118 41 frångå
880 1837 65 31 den
958 1835 275 32 hittillsvarande
1246 1835 186 42 principen,
1444 1836 51 29 att
1505 1833 132 42 pensio-

135 1901 65 21 nen
220 1890 12 31 i
252 1901 42 20 en
313 1890 71 31 viss
404 1888 210 41 beställning
632 1890 20 29 å
670 1889 185 30 reservstat
875 1887 11 30 i
906 1889 88 29 stort
1013 1888 68 29 sett
1099 1885 106 32 borde
1226 1887 170 29 motsvara
1415 1884 190 42 pensionen
1626 1883 12 31 i

134 1942 150 30 närmast
298 1940 92 41 lägre
406 1938 212 42 tjänstegrad
633 1939 19 30 å
667 1937 91 32 aktiv
774 1939 77 36 stat,
867 1938 117 40 syntes
1001 1936 58 31 det
1073 1935 213 32 fördenskull
1302 1945 79 21 vara
1395 1933 242 42 ofrånkomligt

135 1993 50 29 att
225 1992 129 30 utmäta
393 1989 381 42 pensionsförmånerna
814 1987 55 31 för
907 1985 408 42 reservstatspersonalen
1346 1985 87 31 efter
1463 1995 41 20 en
1535 1985 104 40 något

136 2051 258 31 gynnsammare
421 2039 328 42 beräkningsgrund,
778 2038 137 32 varmed
944 2037 191 32 emellertid
1163 2036 117 42 följde,
1310 2038 50 30 att
1387 2047 42 20 en
1458 2036 71 31 viss
1558 2047 81 30 upp-

136 2091 143 41 räkning
296 2093 107 29 måste
423 2092 61 40 äga
502 2101 75 20 rum
594 2092 84 29 även
697 2101 41 20 av
755 2088 355 32 reservstatslönerna.
1140 2087 155 31 Behovet
1312 2098 41 20 av
1371 2097 42 20 en
1433 2085 207 41 förbättring

136 2141 118 42 gjorde
279 2141 53 42 sig
355 2141 138 31 särskilt
518 2140 156 41 gällande
697 2139 216 32 beträffande
938 2139 41 31 de
1003 2138 105 41 högre
1134 2136 503 41 reservstatsbeställningarna.

137 2193 52 31 Av
214 2192 365 41 rekryteringshänsyn
606 2191 104 31 funne
738 2190 42 31 de
808 2189 211 41 sakkunniga
1046 2189 58 31 det
1131 2199 79 20 vara
1236 2187 219 41 nödvändigt,
1484 2189 50 29 att
1562 2197 76 31 pen-

138 2243 159 32 sionerna
315 2242 11 31 i
346 2242 100 31 dessa
464 2241 247 40 beställningar
730 2242 162 29 utmättes
911 2241 47 36 så,
979 2241 50 29 att
1049 2239 41 31 de
1111 2237 235 33 sammanfölle
1367 2237 76 31 med
1464 2236 174 41 pensions-

136 2292 170 41 beloppen
326 2293 11 30 i
355 2293 149 29 närmast
523 2291 91 41 lägre
634 2290 120 41 grader
773 2292 20 29 å
810 2290 92 30 aktiv
920 2291 68 30 stat
1011 2289 25 40 (i
1055 2287 392 42 generalmajorsgraden
1467 2286 77 31 med
1562 2296 77 30 pen-

137 2341 223 42 sionsbelopp
375 2341 11 31 i
400 2341 208 41 lönegraden
624 2340 52 32 Ob
691 2340 44 41 1).
750 2339 69 32 Vid
834 2351 41 19 en
891 2339 95 41 dylik
1000 2338 190 41 avvägning
1204 2349 39 20 av
1259 2336 381 42 pensionsförmånerna

137 2393 11 31 i
170 2393 41 31 de
234 2392 104 41 högre
360 2392 292 41 beställningarna
673 2393 118 39 syntes
814 2389 190 32 emellertid
1026 2388 250 41 lönebeloppen
1298 2387 115 31 kunna
1433 2386 206 31 bestämmas

139 2445 50 30 att
212 2442 171 42 överstiga
408 2442 228 41 pensionerna
662 2441 76 31 med
764 2440 19 32 5
808 2442 149 40 procent.
994 2439 19 31 I
1039 2439 95 41 fråga
1158 2449 55 21 om
1237 2436 313 42 kompaniofficers-
1577 2435 63 31 och

139 2491 542 42 underofficersbeställningarna
697 2493 87 29 samt
801 2491 41 31 de
859 2490 230 32 civilmilitära
1105 2488 291 41 beställningarna
1412 2486 80 31 ville
1511 2485 42 31 de
1570 2484 71 32 sak-

1690 246 132 23 Utskottet.
