2196 2636
454 233 45 31 22
800 231 412 31 Konstitutionsutskottets
1239 230 177 31 Memorial
1443 230 65 31 N:o
1538 232 54 29 24.

398 312 214 49 senstjerna
640 311 121 48 enligt
788 312 174 49 uppdrag
991 311 42 37 af
1055 312 88 36 herr
1169 311 203 36 statsrådet
1392 310 70 37 och
1484 309 136 38 chefen
1639 310 59 35 för
1717 309 129 48 kongl.
1868 309 123 37 eckle-

399 363 449 49 siastikdepartementet.
868 386 41 3 —
929 364 76 36 För
1033 363 258 49 aktiebolaget
1318 363 40 36 P.
1389 362 44 37 A.
1464 361 230 37 Norstedt
1677 356 23 60 &
1715 360 134 37 Söner:
1878 361 47 37 G.
1946 361 42 37 B.

397 417 43 35 A.
464 415 144 47 Holm»,
632 414 182 38 öfverläts
834 419 37 33 åt
897 416 164 36 nämnda
1087 415 116 49 bolag
1229 415 61 36 för
1317 414 104 37 tiden
1448 414 57 36 till
1534 414 70 36 och
1632 413 87 36 med
1749 415 39 34 år
1811 415 95 34 1902
1937 419 54 31 att

398 468 41 36 af
476 467 149 49 trycket
665 466 148 48 utgifva
842 468 69 36 och
940 467 56 36 till
1024 471 54 33 ett
1106 467 46 36 då
1181 467 59 36 för
1268 466 46 37 de
1342 466 57 36 till
1427 465 306 49 stereotypering
1760 465 148 49 färdiga
1937 466 53 36 af-

398 519 248 48 delningarna
675 518 191 38 bestämdt
894 519 78 49 pris
1000 519 156 49 försälja
1177 518 178 37 Läsebok
1372 518 60 36 för
1459 517 226 37 folkskolan.
1744 516 148 37 Genom
1917 517 73 36 till-

400 571 295 49 läggskontrakt
732 570 73 38 den
834 574 20 33 2
879 571 83 50 juni
994 573 109 45 1892,
1144 570 316 37 undertecknadt:
1516 568 108 37 »Carl
1657 569 185 36 Kastman
1871 568 120 48 enligt

400 623 177 48 uppdrag
605 623 40 36 af
671 623 135 37 chefen
833 623 59 37 för
919 622 130 50 kongl.
1080 622 550 48 ecklesiastikdepartementet.
1685 620 75 37 För
1787 620 205 37 aktiebola-

397 679 68 44 get
506 675 40 36 P.
590 674 43 36 A.
676 674 183 38 Norstedt
891 675 30 36 &
951 674 136 37 Söner:
1119 674 45 37 G.
1194 674 41 36 B.
1267 673 45 37 A.
1342 673 145 47 Holm»,
1516 674 68 36 har
1612 673 32 49 ej
1674 672 98 37 blott
1801 673 64 36 det
1894 672 98 37 före-

397 727 149 48 gående
574 727 219 36 kontraktet
821 726 281 49 fullständigats
1132 726 85 37 med
1245 726 148 49 hänsyn
1421 725 57 37 till
1497 725 45 37 de
1562 725 150 36 dåmera
1731 724 261 49 tryckfärdiga

398 779 85 48 fyra
524 778 92 37 sista
657 778 287 48 afdelningarna
985 780 42 35 af
1063 778 219 48 läseboken,
1324 783 89 31 utan
1455 776 180 49 derjemte
1673 779 36 33 åt
1736 776 154 48 bolaget
1917 776 73 36 till-

398 831 153 35 erkänts
580 831 222 36 uteslutande
828 836 79 40 rätt,
932 831 119 36 under
1080 830 114 36 ofvan
1211 830 119 48 sagda
1348 828 264 47 kontraktstid,
1634 833 55 32 att
1707 828 147 48 utgifva
1872 828 115 36 Läse-

400 882 75 36 bok
504 882 59 36 för
591 881 218 37 folkskolan
838 883 70 36 och
935 882 258 49 tillgodogöra
1222 882 60 48 sig
1309 881 48 37 all
1384 881 168 36 inkomst
1579 881 40 36 af
1644 880 104 37 detta
1774 879 135 48 förlag.

501 933 55 37 Af
579 934 248 48 protokollets
856 934 156 49 ordalag
1041 935 181 48 framgår,
1252 938 55 32 att
1335 933 63 37 det
1424 933 83 37 icke
1535 938 40 31 är
1603 932 139 48 Kongl.
1773 932 118 49 Maj:t,
1908 945 81 23 som

397 986 114 36 fattat
537 985 125 38 beslut
696 999 61 23 om
784 986 229 49 upplåtande
1043 989 37 34 åt
1107 985 256 49 aktiebolaget
1390 985 40 36 P.
1460 985 43 36 A.
1532 984 185 37 Norstedt
1745 984 31 35 &
1805 983 120 37 Söner
1953 983 42 36 af

400 1038 65 36 det
505 1040 48 47 på
594 1037 80 37 dels
719 1040 47 34 10
807 1038 80 36 dels
928 1040 45 34 12
1025 1041 39 33 år
1110 1037 221 37 meddelade
1371 1036 218 49 monopolet
1629 1039 21 33 å
1690 1035 221 49 utgifvande
1953 1036 41 36 af

398 1090 177 36 Läsebok
602 1089 59 37 för
688 1089 230 48 folkskolan,
947 1094 90 32 utan
1065 1095 55 31 att
1149 1089 162 37 beslutet
1340 1089 129 36 fattats
1499 1089 41 35 af
1565 1088 135 36 chefen
1728 1088 59 35 för
1811 1086 179 38 ecklesia-

399 1142 391 49 stikdepartementet.
845 1141 71 37 Väl
956 1142 108 36 heter
1100 1141 64 37 det
1190 1141 12 36 i
1232 1140 438 49 departementschefens
1700 1139 205 36 anförande
1935 1139 56 36 till

397 1194 164 36 nämnda
589 1194 389 48 statsrådsprotokoll,
1014 1198 54 32 att
1096 1193 153 48 bolaget
1277 1191 145 49 besörjt
1448 1192 144 37 bokens
1620 1191 223 48 utgifvande
1871 1191 121 36 »efter

399 1245 91 37 aftal
519 1245 84 37 med
632 1246 323 48 departementets
985 1245 92 49 byrå
1104 1245 60 36 för
1190 1244 389 37 folkskoleärenden».
1635 1243 88 36 Men
1752 1256 47 23 en
1818 1243 172 48 departe-

397 1297 219 49 mentsbyrå
643 1297 161 49 intager,
833 1311 81 22 som
943 1311 47 23 en
1018 1298 93 35 hvar
1138 1301 75 42 vet,
1242 1296 84 37 icke
1356 1309 46 23 en
1422 1296 114 36 sådan
1557 1295 180 49 ställning
1757 1294 101 37 inom
1879 1300 111 31 stats-

399 1349 294 49 förvaltningen,
723 1354 54 31 att
805 1349 73 37 den
908 1363 91 35 eger
1027 1363 46 23 en
1102 1349 115 36 sådan
1242 1348 251 48 befogenhet;
1524 1347 69 37 och
1611 1347 60 36 för
1692 1346 119 49 öfrigt
1829 1346 162 50 upplysa

398 1401 50 36 de
479 1401 210 49 åberopade
726 1401 241 47 kontrakten,
1005 1406 54 31 att
1080 1400 62 37 det
1170 1405 41 31 är
1238 1400 139 48 »enligt
1404 1399 193 49 uppdrag»
1626 1400 41 35 af
1692 1399 300 48 departements-

399 1453 147 47 chefen,
589 1466 80 23 som
698 1466 49 23 en
774 1453 319 49 byråtjensteman
1133 1452 273 36 undertecknat
1435 1452 95 36 dem.
1585 1451 137 48 Någon
1750 1450 241 49 förflyttning

399 1504 42 37 af
478 1510 176 32 ansvaret
696 1505 60 36 för
797 1505 182 48 åtgärden
1015 1504 56 37 till
1097 1504 119 49 byrån
1246 1503 92 37 eller
1364 1503 216 48 fördelning
1607 1503 110 36 deraf
1741 1505 49 46 på
1818 1502 173 50 departe-

402 1557 263 37 mentschefen
708 1557 70 37 och
818 1557 119 49 byrån
966 1569 92 36 eger
1099 1556 147 37 således
1280 1556 76 36 lika
1384 1555 92 36 liten
1505 1555 140 37 faktisk
1672 1554 207 49 anledning
1907 1568 83 23 som

398 1609 151 48 rättslig
576 1609 135 48 grund.

502 1660 47 37 Vi
588 1661 114 37 hafva
742 1661 122 36 funnit
906 1660 244 49 synnerligen
1184 1654 394 70 anmärkningsvärdt,
1608 1663 54 31 att
1691 1662 54 32 ett
1773 1657 217 49 regerings-

398 1713 151 47 ärende,
593 1713 71 36 och
706 1713 103 36 detta
837 1712 41 37 af
902 1713 106 47 långt
1037 1716 119 33 större
1185 1710 197 49 betydelse
1419 1715 47 31 än
1508 1715 55 31 ett
1590 1710 146 48 ganska
1766 1714 96 31 stort
1889 1710 101 36 antal

399 1765 41 36 af
478 1742 97 70 dem,
605 1778 57 22 om
698 1764 127 36 hvilka
854 1764 137 48 Kongl.
1022 1763 104 50 Maj:t
1155 1763 120 48 enligt
1303 1762 370 49 regeringsformens
1702 1761 197 37 föreskrift
1927 1761 63 37 be-

399 1816 110 37 sluter
530 1816 12 36 i
558 1790 215 79 statsrådet,
794 1816 123 36 blifvit
944 1815 264 48 undandraget
1236 1814 139 49 Kongl.
1405 1814 125 47 Maj:ts
1559 1813 181 49 pröfning
1772 1814 70 36 och
1866 1813 125 37 beslut

399 1873 98 32 samt
526 1868 41 36 af
591 1882 46 23 en
665 1868 41 37 af
722 1846 236 71 Konungens
987 1867 214 48 rådgifvare
1232 1866 178 49 afgjordt,
1441 1866 115 36 ehuru
1585 1865 119 49 enligt
1731 1865 258 49 grundlagens

398 1920 230 49 uttryckliga
668 1920 71 37 och
782 1919 220 50 otvetydiga
1041 1919 75 37 bud
1145 1919 236 48 Konungens
1410 1917 214 48 rådgifvare
1653 1917 82 37 icke
1765 1930 72 36 ega
1864 1920 125 45 någon

397 1972 310 37 beslutanderätt.

501 2025 87 36 Med
616 2024 257 48 grundlagens
903 2023 207 46 föreskrift,
1140 2028 55 31 att
1221 2022 13 36 i
1263 2022 128 48 hvarje
1419 2021 335 49 regeringsåtgärd
1781 2042 50 4 —
1856 2021 135 36 endast

399 2076 88 37 med
517 2081 53 31 ett
597 2076 195 48 vilkorligt
819 2075 194 48 undantag
1040 2076 59 36 för
1127 2073 302 38 kommandomål
1453 2095 46 5 —
1521 2073 163 37 beslutet
1700 2072 94 38 skall
1810 2077 109 44 tagas
1935 2073 56 36 till

398 2128 202 48 protokoll,
630 2128 298 47 sammanhänga
955 2130 48 46 på
1031 2127 64 36 det
1122 2131 192 31 närmaste
1343 2126 335 36 bestämmelserna
1707 2139 61 22 om
1797 2128 115 33 sättet
1936 2129 54 32 att

397 2186 94 42 göra
531 2180 175 47 gällande
735 2180 238 48 Konungens
1002 2178 237 49 rådgifvares
1268 2177 335 62 grundlagsenliga
1631 2190 148 23 ansvar.
1835 2176 154 37 Konsti-

396 2232 349 36 tutionsutskottets
774 2232 238 46 granskning
1041 2231 40 36 af
1107 2229 425 49 statsrådsprotokollen
1560 2234 40 32 är
1626 2229 13 36 i
1666 2228 106 48 regel
1800 2240 47 25 en
1871 2229 118 36 förut-

400 2284 169 47 sättning
608 2284 59 36 för
709 2283 246 49 möjligheten
990 2287 55 32 att
1071 2282 169 48 tillämpa
1268 2282 103 36 detta
1398 2294 147 24 ansvar.
1600 2275 127 42 Äfven
1757 2280 81 36 från
1867 2280 121 36 denna

400 2336 194 49 synpunkt
634 2336 67 36 har
743 2298 154 74 chefens
940 2335 59 36 för
1042 2334 544 49 ecklesiastikdepartementet
1626 2332 181 48 vidtagna
1842 2332 145 48 åtgärd.
