1886 2780
286 157 19 28 6
706 157 290 30 Statsutskottets
1023 157 180 30 utlåtande
1229 167 42 19 nr
1298 158 73 28 152.

290 246 87 28 relse
404 246 54 29 för
486 246 82 29 1949
595 245 57 30 års
678 245 537 37 skärgårdstrafikkommisions
1240 255 47 20 nu
1313 246 197 37 framlagda
1535 246 132 37 förslag
1691 247 64 28 och
1782 247 9 29 i

288 298 206 37 anslutning
519 299 119 29 härtill
665 299 119 29 anfört
810 299 169 36 följande.

330 388 49 29 De
399 387 172 37 åtgärder,
591 397 75 20 som
686 387 84 30 böra
788 388 160 36 vidtagas
968 388 55 29 för
1041 390 51 27 att
1111 388 234 37 åvägabringa
1363 398 43 20 en
1425 398 96 20 mera
1539 388 163 30 definitiv
1721 389 66 29 lös-

286 432 84 37 ning
386 441 42 20 av
444 432 443 37 Stockholmskärgårdens
902 432 281 37 trafikproblem,
1199 433 111 30 måste
1325 433 108 36 enligt
1448 433 73 29 min
1536 433 142 37 mening
1693 433 94 36 syfta

284 477 52 29 till
363 478 51 28 att
439 476 35 30 få
498 476 51 30 till
574 476 104 31 stånd
702 486 43 20 en
768 476 162 37 ordning,
953 486 75 20 som
1052 477 186 37 möjliggör
1261 479 51 28 att
1334 477 277 30 helårstrafiken
1634 478 89 29 efter
1745 486 43 21 en

286 521 116 37 rimlig
419 521 245 37 övergångstid
680 521 71 29 kan
767 521 118 30 drivas
901 523 86 28 utan
1002 522 123 37 bidrag
1141 522 79 29 från
1236 523 57 29 det
1310 522 191 29 allmänna.
1528 522 79 30 Med
1623 522 165 37 utgångs-

286 566 115 36 punkt
421 565 79 30 från
519 575 47 20 nu
587 565 155 30 rådande
761 565 248 30 förhållanden
1028 575 102 21 anser
1148 566 69 37 jag,
1236 568 51 28 att
1305 568 49 29 ett
1374 566 203 35 fristående,
1595 567 45 36 på
1658 567 130 29 direkt-

283 610 133 37 gående
442 610 110 30 trafik
576 610 141 31 baserat
742 610 307 37 sjötrafikföretag
1072 628 44 3 —
1140 613 134 28 oavsett
1298 621 62 20 var
1385 611 368 37 majoritetsintresset
1777 612 11 28 i

284 656 197 28 detsamma
504 656 38 28 är
562 655 156 36 placerat
737 672 45 3 —
802 655 177 37 knappast
999 655 65 30 har
1084 656 83 29 eller
1187 656 70 29 kan
1278 656 35 29 få
1335 656 299 37 förutsättningar
1653 656 133 29 härför.

285 698 51 30 Än
360 700 137 29 mindre
519 699 67 30 blir
608 700 97 29 detta
727 699 150 37 möjligt,
900 700 44 29 då
967 700 65 29 den
1055 700 237 37 upprustning
1315 710 42 20 av
1378 700 178 30 områdets
1578 702 211 35 vägsystem,

284 744 119 29 vilken
422 744 111 29 under
551 744 69 30 alla
638 744 302 36 omständigheter
957 745 99 29 torde
1073 754 83 20 vara
1173 745 211 36 nödvändig,
1402 744 67 30 blir
1486 745 219 37 genomförd.
1723 745 65 36 Jag

284 789 98 29 delar
401 789 76 29 icke
495 789 66 29 den
581 798 42 20 av
640 789 94 29 vissa
752 789 372 37 remissmyndigheter
1143 789 196 30 framförda
1357 789 287 37 uppfattningen,
1662 792 51 27 att
1731 790 57 29 det

285 833 182 30 allmänna
486 833 65 30 har
573 834 51 28 att
644 833 95 37 välja
760 833 129 30 mellan
911 833 19 30 å
951 842 64 21 ena
1036 833 101 30 sidan
1158 836 50 28 att
1228 834 233 36 understödja
1482 834 80 29 från
1584 834 203 29 Stockholm

284 878 251 37 direktgående
558 878 169 36 båtlinijer
749 878 66 29 och
839 878 20 29 å
882 879 111 29 andra
1016 878 101 30 sidan
1141 880 51 28 att
1215 878 71 30 låta
1309 879 119 29 utföra
1451 879 94 29 vissa
1567 879 221 36 vägprojekt.

284 923 111 29 Dessa
420 931 122 21 senare
568 922 136 38 företag
727 923 99 29 torde
851 923 11 29 i
886 924 89 29 stort
999 924 67 28 sett
1090 923 111 29 under
1225 923 68 30 alla
1318 923 248 30 förhållanden
1591 923 36 30 få
1650 923 139 30 utföras

287 967 95 29 inom
402 976 43 20 en
464 967 76 30 icke
558 967 165 37 avlägsen
743 967 157 34 framtid,
919 967 103 30 alltså
1040 968 87 29 även
1145 977 56 20 om
1221 977 82 20 man
1321 968 101 29 valde
1441 970 50 28 att
1510 968 86 30 söka
1614 968 174 29 vidmakt-

284 1011 96 30 hålla
401 1012 66 29 den
486 1012 10 29 i
516 1012 41 29 de
576 1011 117 37 gamla
712 1011 180 30 formerna
912 1012 189 30 arbetande
1120 1012 224 36 sjötrafiken.
1374 1012 341 37 Valmöjligheterna
1733 1013 56 28 be-

284 1057 148 35 gränsas
455 1056 52 29 till
530 1057 49 28 ett
602 1055 288 37 framskjutande
912 1065 43 20 av
975 1056 369 37 väganläggningarna
1365 1057 203 37 ytterligare
1590 1057 115 36 någon
1727 1057 61 30 tid.

288 1101 72 29 Den
383 1110 42 20 av
446 1100 277 30 kommissionen
744 1101 167 30 anvisade
931 1101 398 37 trafikorganisationen
1350 1111 104 27 synes
1475 1102 70 36 mig
1565 1102 121 29 därför
1705 1111 83 20 vara

285 1146 78 33 den,
387 1155 75 20 som
484 1145 130 37 skapar
635 1146 67 29 den
724 1145 100 30 bästa
846 1145 65 29 och
933 1145 44 36 på
999 1145 80 37 lång
1099 1146 71 30 sikt
1190 1146 225 30 ekonomiskt
1436 1146 109 30 minst
1565 1146 224 36 betungande

287 1190 194 37 lösningen.
514 1190 134 30 Endast
668 1198 125 29 genom
814 1192 51 27 att
886 1190 150 30 inordna
1055 1190 177 30 ötrafiken
1252 1191 10 29 i
1283 1191 41 29 de
1343 1191 10 29 i
1373 1191 205 29 kustlandet
1598 1191 191 29 arbetande

285 1236 96 27 stora
404 1234 398 37 landtrafikföretagens
822 1234 226 30 verksamhet
1067 1234 71 30 kan
1159 1234 137 37 uppnås
1317 1236 67 28 den
1406 1235 383 36 resultatsutjämning,

285 1288 75 20 som
379 1279 178 30 erfordras
576 1279 55 29 för
648 1280 51 29 att
715 1279 186 30 balansera
918 1279 210 30 underskott
1145 1282 72 27 mot
1233 1280 180 30 överskott
1430 1280 43 36 på
1490 1280 94 29 olika
1602 1279 105 37 linjer
1723 1280 64 29 och

297 1324 100 28 inder
423 1323 114 30 skilda
562 1323 160 30 årstider.

330 1377 83 29 Som
434 1376 342 30 biltrafiknämnden
796 1377 164 36 påpekat,
981 1377 69 29 kan
1071 1378 106 36 enligt
1200 1377 83 29 1940
1303 1378 57 30 års
1381 1378 208 37 förordning
1610 1378 179 36 angående

285 1422 239 36 yrkesmässig
545 1421 307 30 automobiltrafik
873 1431 45 20 m.
940 1431 45 20 m.
1005 1422 223 37 bussföretag
1248 1423 141 36 åläggas
1410 1424 51 28 att
1481 1423 98 29 driva
1601 1423 187 29 samtrafik

287 1466 78 29 med
387 1466 53 29 till
462 1467 78 29 dess
562 1466 106 36 linjer
689 1467 183 29 anknuten
893 1466 183 29 båttrafik.
1108 1467 64 36 Jag
1193 1467 131 29 saknar
1344 1466 191 38 anledning
1555 1469 51 28 att
1626 1467 64 29 här
1711 1468 78 28 när-

286 1520 97 20 mare
403 1511 180 29 diskutera
603 1511 214 29 räckvidden
836 1511 65 29 och
920 1511 294 37 tillräckligheten
1234 1521 42 19 av
1294 1512 101 29 dessa
1414 1512 107 36 enligt
1540 1512 161 36 gällande
1720 1512 69 36 lag-

285 1555 166 37 stiftning
475 1555 238 37 föreliggande
738 1555 239 37 förpliktelser
1001 1555 55 29 för
1080 1555 389 37 landtrafikföretagen.
1504 1556 74 29 Vad
1602 1557 108 35 gäller
1732 1557 57 28 det

285 1600 207 37 privatägda
510 1600 146 36 företag,
674 1609 75 21 som
767 1600 10 29 i
794 1601 96 29 detta
907 1600 258 37 sammanhang
1181 1601 158 29 närmast
1355 1601 141 29 beröres
1513 1611 42 19 av
1572 1601 135 36 frågan,
1724 1601 65 29 har

284 1645 96 29 detta
406 1645 106 29 redan
538 1644 160 37 frivilligt
722 1644 109 37 åtagit
855 1645 52 36 sig
930 1645 244 36 prestationer,
1198 1654 75 20 som
1297 1645 72 29 tills
1392 1645 120 30 vidare
1536 1645 35 29 få
1596 1655 101 20 anses
1721 1646 68 28 till-

286 1689 282 34 fredsställande,
592 1689 65 29 och
680 1689 60 37 jag
763 1689 209 30 förutsätter
994 1690 51 28 att
1068 1690 41 29 de
1132 1690 222 36 allmänägda
1378 1689 144 37 företag,
1548 1699 74 20 som
1646 1690 142 29 komma

285 1735 51 28 att
359 1734 154 33 beröras,
537 1734 71 29 lika
632 1733 75 30 litet
731 1733 99 30 skola
853 1734 231 36 undandraga
1108 1734 50 36 sig
1181 1735 247 29 motsvarande
1452 1734 248 37 skyldigheter,
1724 1736 65 27 när

285 1778 134 30 sådana
445 1779 244 29 aktualiseras.

330 1831 40 36 Ej
395 1831 109 30 helier
525 1840 41 20 ur
588 1832 111 29 andra
720 1832 222 35 synpunkter
963 1840 102 27 synes
1088 1833 65 28 den
1175 1832 208 36 ifrågasatta
1403 1832 383 36 trafikomläggningen

284 1876 135 30 behöva
437 1877 94 29 möta
549 1877 198 36 avgörande
763 1876 137 29 hinder.
929 1877 64 29 Det
1010 1876 62 29 bör
1090 1876 134 30 erinras
1240 1886 57 19 om
1315 1878 51 28 att
1383 1877 41 29 de
1442 1877 345 36 landtrafikföretag,

285 1930 75 20 som
383 1921 65 29 här
470 1921 269 36 ifrågakomma,
762 1922 98 28 utom
883 1921 155 29 trafiken
1059 1921 10 28 i
1091 1921 204 29 kustlandet
1316 1921 99 29 driva
1436 1921 45 29 bl.
1503 1931 29 19 a.
1555 1931 42 19 en
1619 1922 168 29 avsevärd

285 1966 113 29 stads-
413 1965 65 30 och
494 1965 254 30 förortstrafik.
775 1965 13 28 I
805 1966 66 29 den
887 1965 247 37 utsträckning
1149 1966 100 29 deras
1266 1965 237 36 fordonspark
1518 1966 212 29 bestämmes
1747 1976 41 19 av

284 2011 68 28 den
374 2019 123 21 senare
518 2010 174 29 trafikens
713 2010 112 29 behov
847 2019 103 27 synes
972 2019 41 20 en
1035 2010 131 29 utökad
1188 2010 268 29 sommartrafik
1477 2011 77 28 med
1576 2010 138 37 hänsyn
1735 2011 51 29 till

285 2055 67 29 den
369 2054 205 37 minskning
589 2063 43 20 av
647 2054 341 37 transportbehoven
1004 2054 55 30 för
1074 2054 262 35 lokaltrafiken,
1352 2064 76 20 som
1444 2054 171 37 reguljärt
1631 2056 157 29 inträder

284 2100 114 28 under
414 2098 385 34 sommarmånaderna,
816 2099 123 29 kunna
955 2099 159 29 medföra
1130 2100 49 28 ett
1194 2099 114 30 bättre
1324 2099 229 36 utnyttjande
1570 2109 41 20 av
1628 2100 160 29 fordons-

283 2143 196 30 beståndet.
518 2143 52 30 Då
597 2153 83 20 man
707 2143 177 37 därjämte
910 2151 125 29 genom
1061 2143 299 37 privatbilismens
1387 2144 202 37 utveckling
1616 2144 54 30 för
1695 2145 93 29 vissa

285 2188 366 37 resandekategoriers
673 2188 275 29 vidkommande
969 2188 64 29 har
1055 2189 51 28 att
1129 2188 110 29 räkna
1261 2189 78 28 med
1362 2198 42 20 en
1427 2188 205 37 fortgående
1654 2189 135 36 avgång

286 2231 80 30 från
383 2233 42 29 de
442 2232 191 30 kollektiva
649 2232 334 36 transportmedlen,
999 2232 63 29 bör
1078 2233 56 29 det
1151 2233 10 28 i
1176 2231 71 31 viss
1263 2233 85 36 grad
1366 2233 90 36 ligga
1472 2234 10 28 i
1499 2233 289 30 landtrafikföre-

284 2278 124 36 tagens
429 2278 75 36 eget
525 2277 149 30 intresse
695 2278 50 29 att
766 2277 10 29 i
797 2277 91 29 ökad
909 2277 247 36 utsträckning
1176 2284 170 29 engagera
1368 2277 51 36 sig
1439 2277 55 29 för
1513 2278 42 28 de
1576 2287 67 26 nya
1663 2278 125 29 trafik-

285 2322 190 36 uppgifter,
492 2331 74 20 som
583 2322 67 29 den
666 2322 252 29 kombinerade
933 2322 97 29 land-
1044 2321 65 30 och
1126 2321 212 36 sjötrafiken
1353 2322 11 29 i
1379 2322 216 36 skärgården
1612 2322 175 36 erbjuder.

284 2365 397 37 Landtrafikföretagen
705 2366 85 29 böra
813 2365 125 30 härvid
963 2366 10 29 i
997 2366 76 29 sina
1096 2366 197 36 åtaganden
1317 2367 88 28 även
1428 2366 122 29 kunna
1574 2367 140 29 sträcka
1738 2367 51 36 sig

284 2412 125 28 utöver
430 2412 66 28 den
520 2420 85 24 ram,
629 2420 75 20 som
726 2410 70 29 kan
818 2410 159 36 betingas
999 2420 42 19 av
1062 2410 132 34 kravet,
1215 2412 51 28 att
1287 2411 66 29 den
1374 2411 237 35 nytillkomna
1633 2411 153 30 trafiken

284 2455 178 30 inklusive
480 2455 214 37 sjötrafiken
712 2454 90 30 skall
820 2455 48 29 bli
887 2454 224 30 ekonomiskt
1130 2454 201 37 självbärig.
1361 2455 144 29 Likaväl
1525 2464 75 21 som
1618 2456 171 35 exempel-

284 2500 52 30 vis
359 2500 224 37 bussföretag
606 2500 99 29 driva
728 2499 116 37 linjer,
868 2508 75 21 som
967 2499 110 30 ehuru
1101 2500 76 29 icke
1199 2500 161 29 räntabla
1383 2500 100 36 tjäna
1505 2494 283 36 beaktansvärda
