1882 2862
566 176 252 30 Bankoutskottets
841 174 148 30 memorial
1012 174 46 29 Nr
1083 174 28 29 1.
1540 168 43 32 35

532 289 276 33 Riksbankens
832 287 168 43 styrelse
1024 296 48 24 m.
1096 296 48 24 m.

802 376 74 42 81.

137 444 117 34 Under
277 444 92 33 tiden
394 444 84 32 efter
501 442 204 43 avgivandet
729 452 42 22 av
795 440 231 42 fullmäktiges
1050 439 175 33 berättelse
1249 438 50 32 till
1321 438 196 41 riksdagens
1539 447 44 22 se-

93 501 76 30 nast
185 497 204 33 församlade
413 496 161 33 revisorer
597 496 63 33 och
684 495 88 33 intill
798 496 82 31 1931
907 496 53 30 års
984 493 67 33 slut
1075 493 61 32 har
1159 494 114 40 någon
1298 491 198 41 förändring
1512 490 72 32 icke

94 555 57 39 ägt
174 563 76 21 rum
274 551 94 32 inom
388 550 221 33 riksbankens
634 549 146 42 styrelse.

138 606 128 33 Utöver
301 605 66 33 vad
402 602 21 44 $
452 606 19 31 9
495 604 11 32 i
534 604 226 33 revisorernas
783 601 176 34 berättelse
983 600 187 33 innehåller
1194 600 141 32 rörande
1360 598 224 43 suppleanter-

94 670 61 22 nas
179 659 227 42 tjänstgöring
429 658 89 33 hava
542 657 70 33 dels
637 657 66 32 den
727 668 43 21 av
786 656 127 41 Kungl.
931 656 98 40 Maj:t
1044 653 204 34 förordnade
1270 652 222 43 suppleanten
1509 651 78 33 herr

95 705 90 41 Örne
209 713 196 41 tjänstgjort
429 713 110 31 såsom
564 710 196 41 fullmäktig
783 711 20 31 5
828 709 113 42 dagar,
967 708 71 32 dels
1062 708 62 31 ock
1149 707 66 32 den
1231 717 44 23 av
1291 706 181 41 riksdagen
1488 705 98 33 valde

95 767 224 42 suppleanten
349 766 76 32 herr
448 764 242 34 Wilhelmsson
714 763 197 42 tjänstgjort
939 764 109 30 såsom
1078 760 198 42 fullmäktig
1303 761 42 31 30
1373 759 112 42 dagar,
1515 758 72 33 där-

94 821 59 33 vid
177 821 68 32 han
270 819 188 43 uppehållit
480 818 230 34 förordnande
735 819 110 31 såsom
870 816 104 33 andre
998 814 195 44 deputerad.

805 915 22 43 &
851 918 29 31 2.

141 984 220 32 Gemensamt
393 982 78 32 med
502 981 215 42 fullmäktige
749 981 11 31 i
791 979 323 42 riksgäldskontoret
1136 978 90 32 hava
1249 976 213 41 fullmäktige
1486 977 101 30 utsett

96 1037 228 33 ordföranden
364 1037 53 31 för
455 1035 214 41 fullmäktige
709 1033 170 33 därstädes
915 1033 43 33 K.
995 1031 212 33 Hildebrand
1246 1030 62 32 och
1347 1028 241 34 förutvarande

96 1091 240 41 fullmäktigen
369 1090 10 32 i
413 1089 204 32 riksbanken
650 1088 40 32 R.
716 1087 152 42 Norberg
903 1089 48 30 att
985 1086 108 32 under
1125 1087 37 30 år
1197 1085 84 32 1932
1315 1085 19 30 å
1366 1082 222 33 riksbankens

97 1145 63 32 och
192 1143 339 43 riksgäldskontorets
562 1147 130 37 vägnar
724 1141 143 42 deltaga,
898 1141 77 31 herr
1009 1138 212 33 Hildebrand
1256 1139 111 30 såsom
1401 1136 147 33 ledamot
1578 1135 10 31 i

97 1198 212 32 direktionen
332 1198 54 31 för
410 1196 86 32 Göta
519 1195 185 33 kanalverk
729 1195 63 32 och
815 1195 77 32 herr
912 1193 153 41 Norberg
1089 1194 110 31 såsom
1225 1190 128 34 ombud
1376 1189 59 34 vid
1457 1188 132 34 revisio-

97 1262 68 22 nen
188 1262 42 22 av
255 1262 131 22 samma
408 1250 92 33 verk.

807 1300 21 43 8
852 1303 29 31 3.

142 1367 66 33 Till
237 1366 196 43 delegerade
455 1367 55 31 för
531 1366 198 41 riksdagens
761 1365 82 33 verk
875 1365 54 31 för
961 1365 37 31 år
1028 1363 84 32 1932
1136 1362 90 32 hava
1248 1360 215 41 fullmäktige
1486 1361 102 31 utsett

98 1420 273 34 undertecknade
394 1420 128 32 Amnér
545 1419 63 33 och
632 1418 132 33 Widell.

804 1496 22 43 8
849 1500 29 29 4.

143 1564 143 34 Jämlikt
309 1561 22 43 8
354 1564 43 31 40
421 1573 102 22 mom.
548 1564 21 30 4
590 1560 335 43 bankoreglementet
940 1560 90 31 hava
1045 1557 218 41 fullmäktige
1280 1558 102 30 utsett
1398 1556 193 41 professorn

99 1618 60 33 vid
183 1617 215 33 Stockholms
421 1615 165 42 högskola
609 1616 92 31 Arne
725 1614 141 33 Fredrik
890 1614 178 40 Westgren
1092 1614 48 30 att
1163 1609 221 40 fortfarande,
1410 1610 53 31 för
1486 1620 40 20 en
1543 1608 49 32 tid

100 1683 43 21 av
168 1675 48 29 tre
249 1673 36 30 år
317 1671 77 32 från
427 1670 64 32 och
515 1669 78 33 med
617 1669 66 32 den
710 1669 15 31 1
751 1667 134 42 janueri
912 1667 95 38 1932,
1032 1676 82 23 vara
1137 1665 149 32 ledamot
1310 1664 11 31 i
1345 1663 66 33 den
1435 1662 158 33 kommis-

101 1726 85 38 sion,
222 1735 73 23 som
320 1723 217 34 omförmäles
561 1723 11 32 i
599 1724 38 31 17
663 1719 22 44 8
708 1721 250 33 instruktionen
983 1721 54 31 för
1060 1722 109 38 mynt-
1193 1718 64 33 och
1280 1716 312 43 justeringsverket.

811 1818 21 43 8
856 1821 29 31 5.

146 1886 225 33 Föreskrivna
404 1885 251 41 inventeringar
690 1894 42 22 av
767 1882 292 34 huvudkontorets
1094 1881 116 32 kassor
1238 1880 63 32 och
1324 1877 268 42 förvaringsrum

102 1941 89 31 hava
225 1939 108 33 under
356 1941 36 30 år
418 1939 83 31 1931
526 1940 44 39 på
593 1937 161 41 behöriga
778 1936 84 32 tider
886 1938 57 39 ägt
967 1946 86 27 rum,
1078 1936 83 29 utan
1185 1936 48 29 att
1257 1932 184 41 anledning
1464 1930 50 32 till
1537 1941 55 21 an-

102 1993 183 41 märkning
309 1992 119 33 därvid
452 1991 227 32 förekommit.

812 2066 22 43 8
858 2070 28 30 6.

148 2133 215 33 Beträffande
388 2133 40 32 de
452 2132 252 41 inventeringar
727 2131 62 32 och
813 2129 302 41 undersökningar,
1141 2139 73 21 som
1238 2127 108 33 under
1370 2128 36 31 år
1432 2127 80 31 1931
1540 2128 56 39 ägt

104 2199 76 21 rum
214 2188 57 32 vid
305 2187 375 40 avdelningskontoren,
715 2186 36 30 få
783 2183 214 41 fullmäktige
1031 2182 142 32 hänvisa
1203 2181 49 32 till
1276 2178 22 43 &
1324 2182 39 30 12
1388 2180 11 32 i
1422 2179 174 33 revisions-

104 2240 210 33 berättelsen.
362 2240 95 32 Efter
492 2239 64 32 den
595 2240 39 30 16
660 2237 188 42 september
871 2237 79 31 eller
974 2236 91 32 tiden
1091 2236 53 31 för
1168 2233 428 41 revisionsförrättningens

105 2294 120 41 början
261 2294 89 32 hava
382 2292 250 41 inventeringar
661 2291 62 32 och
759 2289 293 41 undersökningar
1083 2290 172 30 förrättats
1279 2298 42 21 av
1345 2285 252 33 undertecknad

106 2347 122 32 Amnér
243 2347 57 31 vid
318 2346 155 31 kontoret
489 2346 8 30 i
517 2344 170 38 Karlstad,
706 2354 42 21 av
765 2342 253 33 undertecknad
1034 2342 141 31 Larsson
1188 2340 57 32 vid
1259 2340 164 31 kontoren
1441 2339 5 31 i
1461 2338 135 38 Malmö,

106 2400 119 37 Falun,
251 2399 115 38 Gävle,
392 2398 191 37 Halmstad,
609 2396 214 38 Härnösand,
849 2395 151 37 Kalmar,
1027 2394 218 37 Karlskrona,
1264 2392 194 41 Nyköping,
1476 2391 123 32 Sunds-

106 2452 78 39 vall,
215 2452 151 42 Uppsala
401 2451 62 32 och
497 2450 121 41 Växjö,
656 2453 88 28 samt
780 2460 41 21 av
856 2449 77 31 herr
976 2448 221 31 Wilhelmsson
1222 2446 57 33 vid
1300 2446 163 31 kontoren
1489 2444 9 31 i
1525 2444 74 31 Lin-

107 2507 137 41 köping,
270 2505 217 42 Norrköping
510 2504 62 32 och
598 2491 137 59 Örebro.

153 2559 175 41 Därjämte
352 2558 88 33 hava
464 2557 163 33 särskilda
651 2556 293 42 undersökningar
967 2565 122 32 genom
1108 2553 110 33 därtill
1235 2552 141 32 utsedda
1394 2552 204 41 tjänstemän

1640 441 147 28 Bankens

1635 477 145 35 styrelse.

1615 980 76 27 Göta
1713 978 107 28 kanal-

1673 1014 81 28 verk.

1624 1364 198 35 Delegerade

1624 1402 52 27 för
1690 1400 120 29 riksda-

1625 1444 84 28 gens
1729 1436 81 28 verk.

1611 1561 153 29 Ledamot
1786 1568 38 20 av

1629 1597 175 35 myntkom-

1628 1634 181 28 missionen.

1649 1884 142 27 Invente-

1638 1920 106 33 ringar
1761 1919 50 27 vid

1629 1954 182 29 huvudkon-

1676 1990 90 28 toret.

1669 2129 106 27 Inven-

1616 2165 140 32 teringar
1770 2163 58 28 och

1638 2199 173 29 undersök-

1634 2236 112 33 ningar
1764 2234 50 27 vid

1623 2270 198 33 avdelnings-

1647 2307 163 28 kontoren.
