2230 2626
445 172 42 45 530
901 184 258 34 Statsutskottets
1191 187 174 35 Utlåtande
1387 191 66 32 N:o
1477 196 51 28 93.

506 263 57 36 till
592 265 117 36 andra
737 278 192 38 gruppen:
959 269 225 50 kamrerare,
1206 273 242 50 sekreterare,
1469 277 117 37 förste
1606 279 181 52 aktuarie,
1807 284 212 50 intendent,

401 314 263 48 ombudsman,
695 316 331 50 öfverkontrollör;

504 366 57 35 till
588 367 123 49 tredje
738 381 192 38 gruppen:
962 373 118 36 förste
1107 374 223 50 kontrollör,
1360 378 181 50 aktuarie,
1567 381 364 56 förrådsförvaltare,
1952 403 66 24 no-

400 417 104 47 tarie,
533 418 237 48 registrator,
799 422 157 49 revisor,
985 425 144 37 revisor
1157 427 71 37 och
1257 428 235 48 bokhållare;

502 467 57 37 till
587 469 116 38 femte
730 485 191 38 gruppen:
952 475 116 38 förste
1086 480 298 48 postexpeditör.

504 521 33 34 3.
594 521 56 36 Af
683 522 141 50 Kungl.
856 525 109 50 Maj:t
992 528 194 38 utfärdadt
1214 531 254 39 förordnande
1497 535 57 36 för
1581 536 232 49 tjänsteman
1842 546 55 31 att
1926 556 90 24 vara

397 570 286 51 postinspektör
721 588 110 25 anses
863 577 185 39 likställdt
1076 582 85 36 med
1190 582 280 40 innehafvande
1500 587 41 36 af
1565 588 187 39 ordinarie
1780 592 131 49 tjänst,
1941 595 74 36 till-

397 621 167 39 hörande
593 625 119 37 första
739 640 188 38 gruppen.

500 675 87 37 Med
615 677 283 40 innehafvande
927 683 42 35 af
993 683 186 38 ordinarie
1208 686 118 50 tjänst
1353 688 184 38 likställes
1567 691 129 38 äfven:

502 727 41 35 af
566 731 432 50 generalpoststyrelsen
1026 730 194 44 utfärdadt
1249 738 252 40 förordnande
1530 743 58 36 för
1615 744 230 49 tjänsteman
1875 753 56 31 att
1950 748 63 37 be-

395 777 118 37 strida
554 792 47 23 en
643 781 131 49 tjänst,
817 784 47 36 då
905 786 135 37 sådant
1073 788 208 39 föranledts
1310 791 117 49 däraf,
1458 799 53 31 att
1538 795 233 49 tjänsteman
1800 799 41 36 af
1864 799 145 51 Kungl.

393 827 109 52 Maj:t
539 831 216 39 förordnats
793 835 166 38 bestrida
996 838 420 54 byråchefsbefattning
1449 846 88 36 eller
1563 848 448 50 postinspektörsbefatt-

393 894 111 36 ning;

498 934 254 39 förordnande
794 944 54 31 att
890 940 76 37 tills
1003 942 128 38 vidare
1168 944 167 38 bestrida
1372 950 129 46 någon
1535 950 42 35 af
1600 950 47 37 de
1675 952 59 36 för
1761 956 41 33 år
1832 955 98 36 1909
1959 959 50 46 på

392 989 106 32 extra
526 991 75 32 stat
629 989 190 49 uppförda
848 991 145 38 femton
1020 997 493 51 postmästarbefattningar
1541 1001 42 37 af
1606 1004 60 35 4:e
1694 1004 167 46 klassen;

496 1037 41 36 af
560 1041 434 51 generalpoststyrelsen
1027 1047 192 37 utfärdadt
1247 1050 175 49 uppdrag
1450 1052 59 36 för
1534 1055 286 50 postexpeditör
1848 1063 55 31 att
1931 1059 76 37 tills

389 1087 129 37 vidare
546 1091 216 50 tjänstgöra
790 1097 126 34 såsom
946 1097 478 51 afdelningsföreståndare
1453 1104 89 37 eller
1570 1106 116 37 förste
1704 1105 301 58 postexpeditör;

389 1146 98 30 samt

493 1191 256 41 förordnande
791 1198 58 35 för
886 1211 30 23 e.
952 1212 33 23 o.
1022 1203 287 49 postexpeditör
1337 1210 54 31 att
1419 1206 76 37 tills
1524 1208 129 37 vidare
1681 1210 165 38 bestrida
1874 1216 131 46 någon

388 1242 41 36 af
455 1242 45 37 de
527 1244 60 36 för
615 1248 41 33 år
687 1248 98 36 1909
815 1252 49 46 på
892 1256 106 31 extra
1026 1257 75 32 stat
1128 1255 190 48 uppförda
1337 1257 202 38 etthundra
1557 1262 448 49 postexpeditörsbefatt-

385 1307 149 36 ningar.

489 1346 199 40 Likaledes
732 1364 108 24 anses
878 1354 177 50 uppdrag
1090 1356 60 36 för
1186 1358 230 49 tjänsteman
1445 1367 55 31 att
1527 1363 76 37 tills
1631 1364 129 38 vidare
1787 1380 90 24 vara
1906 1369 97 36 före-

385 1398 178 38 ståndare
599 1400 60 36 för
694 1401 320 52 filialpostkontor
1048 1407 185 38 likställdt
1265 1411 86 36 med
1378 1412 281 40 innehafvande
1688 1417 41 36 af
1753 1415 248 57 postmästar-

384 1448 118 49 tjänst
529 1451 13 35 i
570 1451 74 37 den
672 1453 114 49 klass,
816 1468 81 24 som
916 1457 177 38 kontoret
1111 1459 172 39 kommer
1301 1468 55 31 att
1375 1464 150 38 tillhöra
1545 1466 85 37 från
1653 1469 99 36 1910
1771 1472 61 34 årg
1851 1471 147 49 början.

487 1504 35 33 4.
582 1503 259 52 Tjänsteman,
890 1521 82 24 som
1013 1510 172 38 innehaft
1228 1515 233 49 anställning
1502 1519 184 48 antingen
1729 1524 125 34 såsom
1895 1529 105 43 post-

382 1557 164 33 mästare
583 1556 42 35 af
659 1558 60 35 4:e
755 1558 101 37 klass
891 1560 120 49 enligt
1041 1563 99 35 1902
1170 1567 60 33 års
1259 1570 75 31 stat
1362 1567 72 36 och
1461 1568 13 35 i
1504 1571 98 35 1903
1632 1573 61 34 års
1722 1578 74 31 stat
1823 1573 175 39 hänförts

381 1604 57 36 till
475 1605 105 48 lägre
616 1607 103 37 klass
757 1615 48 31 än
843 1611 72 36 den
945 1614 60 35 2:a
1033 1614 90 36 eller
1151 1615 71 37 ock
1250 1620 124 33 såsom
1402 1618 210 40 kontrollör
1639 1624 21 34 å
1691 1625 99 35 1902
1820 1628 60 34 årg
1910 1632 87 44 stat,

380 1658 73 46 må,
493 1656 124 38 därest
654 1659 77 37 han
758 1661 13 36 i
799 1662 251 39 föreskrifven
1079 1666 167 50 ordning
1272 1669 143 37 inträdt
1443 1673 21 34 å
1494 1673 99 36 1903
1624 1676 61 35 års
1713 1680 86 44 stat,
1828 1682 74 44 äga
1929 1685 68 42 att,

375 1707 146 48 Jämväl
561 1710 65 36 vid
667 1711 243 40 tillträdande
947 1716 43 36 af
1017 1716 219 52 befattning
1264 1720 102 37 inom
1394 1735 126 37 grupp
1549 1726 151 36 utöfver
1728 1727 72 37 den
1828 1735 170 32 närmast

378 1759 133 49 högre,
554 1762 86 36 med
682 1764 197 51 undantag
919 1768 43 35 af
1000 1768 72 37 den
1108 1770 132 48 första,
1277 1773 119 37 räkna
1429 1774 63 49 sig
1519 1776 56 36 till
1603 1778 103 47 godo
1735 1779 262 53 tjänstgöring

379 1811 95 36 efter
515 1814 235 50 anställning
790 1820 125 34 såsom
956 1825 253 44 postmästare
1247 1824 41 36 af
1320 1826 59 35 4:e
1415 1826 103 38 klass
1552 1829 121 49 enligt
1704 1831 98 36 1902
1831 1836 60 33 års
1920 1839 76 31 stat

378 1862 90 36 eller
496 1866 124 34 såsom
648 1866 211 39 kontrollör
886 1871 122 49 enligt
1036 1872 239 39 sistnämnda
1303 1881 85 32 stat.

481 1915 112 37 Hvad
629 1917 13 36 i
680 1918 102 37 detta
818 1933 114 24 mom.
966 1923 154 49 stadgas
1150 1925 97 37 skall
1275 1927 233 39 beträffande
1536 1927 457 62 begynnelseaflöningen

377 1965 59 36 för
472 1966 243 52 tjänsteman,
755 1984 81 23 som
873 1973 13 35 i
918 1987 143 24 samma
1089 1989 114 24 mom.
1234 1978 111 50 afses,
1375 1985 73 45 äga
1475 1982 257 52 tillämpning,
1757 1987 144 49 jämväl
1931 2002 61 23 om

333 2046 6 3 -
375 2017 76 36 han
480 2018 196 39 befordras
706 2022 95 37 efter
831 2026 100 35 1910
961 2029 59 34 års
1049 2027 157 51 ingång.

1142 2113 21 50 å
1192 2117 34 34 2.

478 2173 249 49 Tjänsteman
765 2178 41 35 af
838 2179 107 49 lägre
973 2182 108 48 grad,
1111 2196 82 24 som
1222 2184 65 37 vid
1315 2185 196 52 ingången
1539 2189 41 36 af
1605 2192 42 34 år
1677 2192 100 36 1910
1805 2193 186 38 tillträder

373 2226 128 47 någon
539 2226 41 35 af
613 2226 46 37 de
696 2231 50 46 på
774 2235 74 31 stat
876 2233 189 48 uppförda
1092 2234 119 39 förste
1238 2239 540 52 postmannabefattningarna
1806 2245 71 37 och
1906 2259 82 23 som

371 2275 98 37 intill
506 2280 198 48 utgången
742 2281 41 36 af
808 2284 40 34 år
878 2285 99 36 1909
1006 2285 174 39 innehaft
1208 2289 174 50 uppdrag
1411 2297 53 31 att
1492 2292 75 38 tills
1596 2293 129 39 vidare
1753 2309 90 24 vara
1870 2297 119 38 förste
