2232 2630
411 183 46 47 34
871 190 259 34 Statsutskottets
1160 192 173 33 Utlåtande
1355 193 65 33 N:o
1443 198 53 29 93.

372 274 218 37 hänseende
616 275 193 37 inkomme
837 275 58 37 till
922 276 233 50 Riksdagen,
1185 277 123 37 denna
1335 278 285 51 framställning
1647 281 151 39 komme
1827 289 57 31 att
1901 284 85 36 med

371 327 156 48 välvilja
555 327 166 49 pröfvas.

475 378 74 36 För
591 383 55 31 att
678 378 139 37 bereda
850 379 72 36 den
949 379 291 49 ifrågavarande
1267 383 225 48 personalen
1522 382 425 54 aflöningsförbättring
1974 388 13 36 i

371 429 277 49 hufvudsaklig
684 430 392 38 öfverensstämmelse
1113 433 86 36 med
1228 433 45 37 de
1301 433 42 36 af
1366 434 239 37 motionären
1634 435 158 49 angifna
1820 440 167 45 grunder

371 480 133 48 skulle,
546 480 66 37 vid
653 481 106 37 bifall
800 483 57 36 till
897 483 101 36 hvad
1025 484 188 37 utskottet
1230 485 226 37 hemställer
1482 487 164 37 rörande
1674 487 263 50 aflöningarna
1966 494 21 33 å

373 533 102 35 1910
516 536 60 33 års
605 538 88 43 stat,
722 534 121 36 under
877 537 42 34 år
948 536 101 35 1909
1078 535 188 38 erfordras
1294 542 54 31 ett
1376 536 138 52 belopp
1543 538 44 37 af
1611 539 180 49 omkring
1821 541 167 46 580,000

369 584 153 37 kronor.
581 585 74 36 Till
691 586 243 37 bestridande
975 587 41 36 af
1055 587 125 38 denna
1216 588 123 50 utgift
1368 590 109 36 torde
1505 590 124 37 medel
1656 591 210 50 lämpligen
1894 593 92 37 böra

370 635 159 38 beredas
557 640 50 46 på
635 637 63 37 det
726 642 87 44 sätt,
842 643 56 32 att
926 638 220 50 Riksdagen
1166 643 21 33 å
1206 645 107 32 extra
1341 646 75 31 stat
1444 641 59 37 för
1531 650 40 28 är
1601 644 99 36 1910
1724 644 122 36 under
1873 645 112 49 sjätte

369 688 260 37 hufvudtiteln
671 689 152 37 anvisar
864 695 54 31 ett
947 690 304 50 förslagsanslag
1278 695 21 33 å
1330 694 165 47 580,000
1524 693 155 49 kronor,
1708 696 86 36 med
1821 701 78 32 rätt
1927 697 58 36 för

369 739 144 50 Kungl.
543 740 111 51 Maj:t
696 746 54 32 att
791 742 76 36 låta
896 742 247 38 förskottsvis
1172 744 120 36 under
1318 743 258 39 innevarande
1606 749 41 33 år
1674 747 42 36 af
1739 748 245 50 tillgängliga

369 791 122 37 medel
520 792 169 37 anordna
717 793 241 50 erforderligt
986 794 141 50 belopp
1138 807 30 34 ;»

474 901 97 31 samt
600 902 54 31 att
681 897 208 37 utskottets
918 898 144 48 förslag
1090 901 117 34 måtte
1236 899 150 37 affattas
1415 903 48 46 på
1491 901 169 49 följande
1689 907 91 31 sätt:

879 949 68 37 »II.
978 955 54 31 att
1057 950 234 50 Riksdagen,
1311 952 13 36 i
1345 952 208 49 anledning
1576 953 43 36 af
1642 954 87 36 herr
1748 954 237 49 Thylanders

773 1001 147 37 motion
947 1015 58 23 n:r
1036 1004 59 46 78,
1124 1005 62 33 må

878 1052 34 49 a)
924 1054 207 48 medgifva,
1149 1059 54 31 att
1217 1054 233 48 tjänsteman
1464 1056 64 36 vid
1539 1057 243 48 postverkets
1794 1057 189 38 distrikts-

773 1105 90 36 eller
876 1105 396 50 lokalförvaltningar,
1288 1106 169 49 hvilken,
1473 1108 87 36 med
1574 1109 237 37 inräknande
1827 1114 35 32 at
1879 1116 105 31 extra

771 1157 212 36 inkomster
1016 1157 71 36 och
1122 1158 173 49 sportler,
1326 1161 21 33 å
1375 1155 60 40 sin
1466 1159 281 38 innehafvande
1775 1161 121 49 tjänst
1919 1163 65 36 vid

770 1208 222 49 postverket
1021 1209 125 36 skulle
1173 1209 120 37 under
1322 1213 41 34 år
1393 1212 97 35 1909
1521 1212 141 37 erhålla
1689 1210 105 52 lägre
1818 1213 166 38 inkomst

772 1265 49 30 än
860 1260 71 50 den
960 1259 181 50 aflöning,
1171 1274 80 24 som
1279 1262 89 48 han,
1397 1263 119 49 enligt
1545 1264 439 50 aflöningsreglementet

772 1311 71 37 och
872 1312 569 49 öfvergångsbestämmelserna
1469 1317 58 34 för
1557 1317 100 35 1910
1677 1319 58 34 års
1755 1322 87 43 stat,
1864 1318 120 37 skulle

771 1363 116 36 hafva
929 1364 168 49 åtnjutit,
1139 1364 127 38 därest
1306 1366 166 37 nämnda
1498 1367 235 49 reglemente
1761 1369 71 36 och
1860 1370 124 37 öfver-

771 1415 415 48 gångsbestämmelser
1205 1420 41 33 år
1267 1418 98 36 1909
1381 1419 100 35 varit
1495 1419 189 48 gällande,
1699 1423 73 45 må,
1788 1421 13 35 i
1816 1421 168 49 enlighet

771 1466 88 37 med
874 1472 172 32 närmare
1061 1467 296 50 bestämmelser,
1368 1483 82 23 som
1465 1471 41 35 af
1516 1470 145 50 Kungl.
1676 1471 108 49 Maj:t
1798 1472 184 49 utfärdas,

771 1521 126 33 såsom
925 1519 212 49 personligt
1166 1520 327 51 aflöningstillägg
1515 1523 122 36 under
1656 1526 40 33 år
1718 1524 97 36 1909
1837 1528 73 45 äga
1928 1530 55 32 att

772 1569 42 36 af
828 1570 211 48 postmedel
1058 1571 173 48 uppbära
1246 1572 211 37 skillnaden
1473 1574 138 36 mellan
1626 1575 161 36 berörda
1800 1575 184 38 inkomst-

771 1621 71 36 och
884 1621 346 51 aflöningsbelopp;
1274 1623 98 37 dock
1408 1630 56 31 att
1491 1625 233 49 tjänsteman
1751 1626 86 38 icke
1863 1628 119 37 under

771 1675 122 46 något
917 1673 236 37 förhållande
1171 1677 62 34 må
1251 1688 141 36 genom
1416 1676 102 37 detta
1536 1678 223 49 personliga
1777 1679 206 50 aflönings-

770 1724 142 50 tillägg
938 1725 153 37 komma
1118 1726 13 36 i
1161 1726 222 50 åtnjutande
1412 1728 40 36 af
1476 1728 120 49 högre
1620 1730 175 37 behållen
1813 1731 170 37 inkomst

772 1776 43 36 af
847 1776 168 48 tjänsten
1052 1782 50 31 än
1133 1777 141 38 honom
1303 1779 121 37 skulle
1451 1779 316 50 tillgodokomma
1794 1783 121 37 under
1942 1787 41 33 år

775 1829 100 35 1910
917 1828 95 37 efter
1055 1829 136 50 afdrag
1232 1830 41 37 af
1309 1831 207 49 afgifterna
1558 1833 60 37 för
1659 1847 97 36 egen
1783 1835 200 49 pensione-

770 1879 106 49 ring;
905 1885 98 31 samt

881 1931 37 49 b)
948 1932 58 37 för
1037 1932 292 50 ifrågavarande
1366 1935 175 37 ändamål
1571 1939 21 33 å
1620 1942 106 32 extra
1753 1944 76 31 stat
1856 1938 59 37 för
1942 1942 41 34 år

775 1984 103 35 1910
925 1984 122 37 under
1089 1985 115 48 sjätte
1244 1986 260 38 hufvudtiteln
1545 1989 134 37 anvisa
1716 1994 54 32 ett
1798 1990 184 50 förslags-

771 2035 138 49 anslag
946 2038 21 34 å
1006 2038 168 46 580,000
1204 2037 153 49 kronor,
1386 2040 85 36 med
1508 2044 78 32 rätt
1614 2040 59 38 för
1700 2040 144 51 Kungl.
1873 2040 109 52 Maj:t

772 2091 58 31 att
857 2087 77 36 låta
962 2087 247 38 förskottsvis
1237 2090 120 36 under
1383 2091 258 38 innevarande
1670 2096 40 33 år
1733 2094 42 36 af
1798 2094 184 50 tillgäng-

771 2138 81 49 liga
880 2139 122 37 medel
1030 2140 171 38 anordna
1229 2142 242 50 erforderligt
1498 2144 158 50 belopp;
