2238 2628
427 193 41 32 26
881 194 258 32 Statsutskottets
1170 194 174 32 Utlåtande
1365 195 66 31 N:o
1454 198 53 29 93.

386 282 41 33 år
467 279 207 36 beräknats
717 278 58 37 för
816 279 350 49 statsregleringen,
1210 280 75 35 dels
1311 278 216 37 beräknade
1556 280 357 39 öfverskottsmedel
1941 283 59 36 för

386 334 40 33 år
457 333 112 45 1910,
613 331 76 36 dels
730 331 71 45 ock,
840 343 62 23 om
931 330 101 37 detta
1061 331 33 48 ej
1127 331 121 36 skulle
1275 330 128 47 förslå,
1433 331 112 36 äfven
1573 331 192 49 behöfliga
1793 334 138 50 belopp
1960 335 42 35 af

384 383 121 36 under
533 382 168 48 följande
730 385 41 33 år
798 382 310 50 uppkommande
1137 382 221 36 öfverskott.

487 434 75 35 För
604 439 54 30 att
691 434 139 36 bereda
859 434 73 36 den
960 434 292 48 ifrågavarande
1280 434 226 49 personalen
1532 434 426 52 aflöningsförbättring
1986 438 12 36 i

384 484 276 50 hufvudsaklig
688 485 392 37 öfverensstämmelse
1109 486 85 36 med
1223 486 46 36 de
1297 486 42 35 af
1362 486 238 36 motionären
1629 486 157 49 angifna
1815 489 182 47 grunder,

385 536 133 48 skulle,
561 537 65 36 vid
667 537 106 36 bifall
815 537 59 36 till
906 537 100 37 hvad
1034 537 186 36 utskottet
1248 537 219 37 hemställer
1494 537 161 37 rörande
1684 538 262 48 aflöningarna
1975 543 21 33 å

386 590 99 35 1910
515 592 60 33 års
605 593 87 42 stat,
720 588 122 37 under
870 591 40 33 år
942 591 96 34 1909
1069 589 187 36 erfordras
1285 595 53 30 ett
1365 590 223 48 ytterligare
1613 589 137 51 belopp
1770 591 44 36 af
1831 592 165 46 580,000

383 641 153 36 kronor.

486 692 76 37 För
603 695 41 33 år
682 693 98 36 1910
809 692 126 46 hafva,
965 696 124 33 såsom
1118 693 103 36 förut
1249 698 40 30 är
1316 693 170 47 nämndt,
1514 693 242 49 postverkets
1784 694 213 37 inkomster

383 744 41 35 af
448 743 143 50 Kungl.
621 744 109 49 Maj:t
757 744 203 36 beräknats
988 744 57 36 till
1075 745 230 47 21,500,000
1333 745 150 36 kronor.
1530 745 58 36 Då
1615 758 52 23 nu
1687 745 45 36 de
1753 746 41 36 af
1809 746 187 37 utskottet

383 796 219 48 föreslagna
629 796 308 48 utgiftsstaterna
964 796 59 36 för
1051 809 145 23 samma
1224 799 41 33 år
1288 796 98 36 sluta
1405 799 49 46 på
1473 810 46 23 en
1539 810 146 23 summa
1706 797 40 36 af
1762 799 233 46 21,065,000

381 847 153 48 kronor,
565 847 122 37 skulle
715 847 159 37 sålunda
902 848 62 36 det
991 848 61 36 för
1081 850 42 34 år
1154 849 98 35 1910
1280 847 215 37 beräknade
1524 848 250 37 öfverskottet
1802 849 82 37 icke
1903 864 91 22 vara

382 899 59 36 för
480 899 291 49 ifrågavarande
814 899 172 36 ändamål
1027 899 233 49 tillräckligt.
1316 900 74 36 Det
1431 900 69 36 har
1527 900 114 36 äfven
1670 906 107 43 synts
1806 901 189 37 utskottet

382 950 158 50 oriktigt
587 955 66 42 att,
692 954 127 34 såsom
861 951 237 37 motionären
1140 951 203 48 hemställt,
1386 952 60 36 för
1486 951 291 50 ifrågavarande
1819 952 175 37 ändamål

381 1003 125 36 lämna
533 1003 209 49 anvisning
769 1006 50 46 på
846 1003 193 37 blifvande
1059 1003 368 48 öfverskottsmedel,
1447 1003 116 36 innan
1583 1003 63 37 det
1664 1004 76 35 kan
1758 1004 86 37 med
1864 1007 130 46 någon

381 1054 176 37 säkerhet
593 1055 167 49 afgöras,
798 1055 186 36 huruvida
1012 1054 255 38 öfverhufvud
1294 1057 122 47 några
1443 1054 129 50 dylika
1599 1055 215 37 öfverskott
1841 1056 153 36 komma

382 1111 53 31 att
462 1109 153 46 uppstå.

484 1158 199 37 Utskottet
723 1158 66 36 vill
825 1159 13 35 i
867 1158 101 36 detta
997 1158 278 49 sammanhang
1302 1158 136 46 erinra,
1467 1163 56 32 att
1550 1159 115 36 äfven
1694 1159 94 36 efter
1816 1159 74 36 den
1918 1173 75 36 nya

380 1214 143 32 statens
551 1209 302 48 genomförande
882 1223 47 23 en
957 1210 59 36 del
1044 1210 42 36 af
1101 1210 240 49 postverkets
1361 1210 232 48 tjänstemän
1612 1211 122 36 skulle
1752 1211 153 36 komma
1925 1217 67 42 att,

378 1261 151 37 utöfver
557 1261 46 36 de
632 1264 22 33 å
682 1266 124 32 staten
834 1261 188 50 uppförda
1051 1261 276 50 aflöningarna,
1356 1275 82 23 som
1465 1262 117 36 redan
1604 1262 14 36 i
1637 1262 72 37 och
1727 1262 60 37 för
1807 1263 62 49 sig
1887 1263 106 37 inne-

378 1313 91 36 bära
510 1313 201 36 afsevärda
744 1313 278 50 förhöjningar,
1051 1313 172 50 uppbära
1256 1314 102 36 vissa
1386 1313 174 49 sportler,
1589 1314 131 36 hvilka
1747 1314 98 37 först
1872 1315 121 36 under

378 1365 229 36 kommande
649 1368 40 33 år
730 1365 121 36 skulle
884 1365 77 37 helt
987 1365 183 49 indragas
1198 1365 56 37 till
1280 1365 242 50 postkassan.
1577 1365 132 38 Under
1736 1366 256 50 öfvergångs-

375 1417 181 48 perioden
598 1416 122 37 skulle
761 1416 159 37 sålunda
956 1416 109 37 dessa
1093 1417 232 49 tjänstemän
1352 1417 151 36 komma
1531 1417 13 36 i
1572 1417 221 48 åtnjutande
1823 1419 42 35 af
1889 1423 102 31 ännu

376 1468 120 48 högre
528 1468 213 37 inkomster
769 1471 22 33 å
819 1469 83 36 sina
930 1469 172 48 tjänster,
1132 1473 49 32 än
1209 1482 82 23 som
1323 1468 64 37 vid
1419 1469 353 49 löneregleringens
1790 1470 201 48 genomfö-

375 1520 118 36 rande
521 1520 110 37 dessa
658 1520 162 49 tjänster
850 1525 142 31 ansetts
1020 1522 127 34 såsom
1177 1520 138 37 sådana
1343 1520 167 49 betinga.

481 1571 53 37 På
576 1572 112 36 dessa
728 1571 169 49 grunder
939 1572 69 36 och
1045 1572 48 35 då
1125 1571 143 49 Kungl.
1298 1571 108 49 Maj:t
1433 1572 83 36 icke
1544 1572 127 36 funnit
1700 1572 208 50 anledning
1936 1579 56 30 att

376 1624 70 36 hos
487 1623 224 49 Riksdagen
742 1628 95 44 göra
865 1623 285 48 framställning
1178 1623 13 37 i
1219 1623 248 37 förevarande
1494 1623 218 37 hänseende
1740 1630 99 30 samt
1867 1630 54 31 ett
1949 1628 41 33 så

375 1675 142 49 viktigt
544 1675 125 37 beslut
696 1677 49 47 på
772 1674 126 49 grund
925 1675 42 36 af
991 1674 151 37 enskild
1169 1674 145 37 motion
1342 1675 122 36 skulle
1492 1675 184 37 innebära
1699 1680 54 31 ett
1771 1676 219 49 betänkligt

376 1726 216 50 prejudikat
633 1726 86 36 med
759 1727 151 48 hänsyn
951 1727 56 36 till
1039 1726 127 49 öfriga
1192 1740 51 23 nu
1271 1726 198 49 pågående
1497 1726 91 37 eller
1617 1727 240 37 förestående
1886 1728 103 36 löne-

375 1778 251 49 regleringar,
664 1778 69 36 har
770 1778 187 36 utskottet
990 1778 125 37 funnit
1143 1778 73 37 den
1244 1778 290 49 ifrågavarande
1562 1778 194 37 motionen
1784 1779 84 37 icke
1897 1779 93 37 böra

375 1831 116 35 vinna
517 1830 242 49 Riksdagens
789 1830 119 36 bifall.

155 1931 193 58 Aflöningsreg-
478 1933 243 37 Beträffande
762 1933 63 37 det
867 1933 265 50 föreliggande
1174 1932 183 50 förslaget
1394 1933 56 36 till
1483 1934 387 49 aflöningsreglemente
1902 1935 85 36 med

168 1984 112 41 lemente
299 1984 49 23 och
376 1985 228 37 tillhörande
647 1986 475 49 öfvergångsbestämmelser
1155 1985 68 36 har
1251 1998 47 23 en
1324 1990 173 31 närmare
1525 1985 232 49 motivering
1783 1986 163 37 lämnats
1975 1987 12 35 i

176 2013 165 40 öfvergångs-
498 2040 9 9 o
856 2037 6 6 ö

151 2053 205 24 bestämmelser.
376 2037 414 49 Statsrådsprotokollet
820 2037 83 48 (sid.
935 2036 231 49 215—227).

480 2089 17 35 I
526 2089 279 37 ofvanberörda
833 2089 187 37 motioner
1047 2102 60 23 n:r
1138 2089 47 36 15
1214 2088 41 37 af
1278 2089 88 36 herr
1392 2088 236 37 Hildebrand
1658 2095 97 30 samt
1783 2102 60 23 n:r
1872 2091 48 35 28
1950 2090 42 35 af

375 2141 87 36 herr
494 2141 181 49 Byström
703 2154 49 23 m.
781 2141 38 35 £f.
849 2141 69 36 har
946 2140 232 50 föreslagits,
1206 2145 56 31 att
1289 2139 21 49 &
1339 2143 35 45 3,
1405 2140 113 37 femte
1546 2140 162 49 stycket,
1736 2140 13 37 i
1777 2141 210 49 aflönings-

366 2192 253 49 reglementet
648 2193 60 36 för
736 2192 232 49 tjänstemän
995 2192 65 36 vid
1087 2192 236 50 postverket,
1353 2192 134 37 sådant
1516 2192 63 37 det
1606 2192 211 50 föreligger
1845 2193 11 36 1
1886 2196 99 34 årets

368 2244 466 50 statsverksproposition,
864 2247 59 34 må
951 2244 142 38 erhålla
1120 2244 170 49 följande
1319 2244 225 37 förändrade
1572 2244 161 49 lydelse:
