2256 2630
193 1103 159 22 Biträdande

188 1137 166 29 tjänstemän.

435 183 19 31 8
882 184 253 33 Statsutskottets
1166 185 174 32 Utlåtande
1361 187 65 31 N:o
1449 190 53 28 93.

498 269 198 37 Utskottet
723 281 113 24 anser
863 269 221 48 emellertid,
1112 270 12 35 i
1152 270 121 36 likhet
1300 271 85 36 med
1414 271 277 49 föredragande
1711 274 299 49 departements-

392 320 147 47 chefen,
582 325 56 31 att
680 320 135 48 frågan
858 334 61 23 om
950 321 466 49 postmästartjänsternas
1444 323 224 37 besättande
1696 326 87 35 med
1809 326 201 50 kvinnliga

392 372 249 36 innehafvare
683 371 70 37 bör
794 372 12 35 i
846 372 133 48 hvarje
1020 373 311 37 förekommande
1360 374 65 36 fall
1453 375 157 48 pröfvas
1638 375 80 37 dels
1746 390 46 22 ur
1819 378 73 36 den
1919 392 91 35 syn-

391 423 185 49 punkten,
615 423 187 36 huruvida
840 424 72 36 den
940 424 129 49 lediga
1096 426 402 48 postmästartjänsten
1526 427 257 36 öfverhufvud
1812 433 41 31 är
1880 430 41 35 af
1945 431 65 36 be-

392 474 214 36 skaffenhet
648 479 54 32 att
743 475 129 36 kunna
913 476 220 49 uppdragas
1176 480 38 33 åt
1256 477 154 47 kvinna,
1453 478 80 36 dels
1574 479 85 36 med
1700 479 176 37 afseende
1913 483 21 33 å
1962 482 48 36 de

392 526 190 36 sökandes
623 526 224 49 kompetens
889 527 58 37 till
989 528 117 36 sådan
1147 528 132 49 tjänst.
1336 529 83 36 Den
1447 530 210 48 utredning
1684 530 13 36 i
1726 530 104 37 detta
1857 532 151 48 ärende,

392 590 83 23 som
516 577 43 36 af
596 579 437 49 generalpoststyrelsen
1069 580 164 36 lämnats
1263 581 70 36 och
1361 581 139 36 hvaraf
1524 582 182 48 framgår,
1736 583 115 36 bland
1880 591 128 40 annat,

393 634 54 31 att
476 629 63 36 det
567 629 136 36 hittills
732 631 133 35 endast
893 631 12 36 i
934 631 160 37 enstaka
1121 632 284 48 undantagsfall
1429 633 183 47 inträffat,
1632 639 56 31 att
1706 634 178 50 kvinnlig
1902 641 107 43 post-

392 681 197 49 expeditör
630 683 143 35 anmält
815 683 61 48 sig
918 686 126 33 såsom
1086 684 168 36 sökande
1283 685 57 35 till
1367 684 105 49 ledig
1499 687 363 48 postmästartjänst,
1892 700 115 36 synes

392 733 114 36 äfven
548 733 187 37 utskottet
778 747 88 23 vara
908 735 59 36 för
1008 735 137 48 frågan
1187 735 232 50 fullkomligt
1458 737 221 48 afgörande,
1709 739 72 35 och
1822 739 186 36 utskottet

390 784 122 36 finner
539 788 41 32 så
608 785 152 49 mycket
788 786 147 36 mindre
964 786 83 37 skäl
1076 792 54 31 att
1158 787 195 48 tillstyrka
1380 788 108 36 bifall
1512 789 58 35 till
1588 789 300 38 motionärernas
1908 791 100 36 före-

391 836 166 36 varande
594 837 238 48 hemställan,
862 851 81 23 som
971 839 281 36 motionärerna
1280 839 135 37 bundit
1444 840 219 37 densamma
1690 841 65 36 vid
1784 842 63 36 det
1873 843 136 36 villko-

390 893 69 42 ret,
479 893 55 31 att
567 888 244 50 kompetenta
839 889 201 50 kvinnliga
1068 891 168 37 sökande
1265 892 148 36 anmäla
1442 892 61 48 sig
1526 893 58 35 till
1602 892 291 49 ifrågavarande
1912 895 96 48 plat-

391 953 72 32 ser,
494 940 70 36 och
593 941 159 36 sålunda
781 941 138 49 själfva
948 955 116 36 synas
1092 943 115 36 hafva
1235 943 191 48 förutsatt,
1446 949 56 31 att
1532 944 102 36 detta
1657 945 84 36 icke
1762 945 103 36 alltid
1885 946 123 36 skulle

390 991 120 36 blifva
538 992 218 37 händelsen.

494 1096 156 36 Antalet
679 1097 216 36 biträdande
924 1098 216 47 tjänstemän
1167 1097 64 36 vid
1261 1098 189 36 distrikts-
1479 1099 71 36 och
1573 1098 435 50 lokalförvaltningarna

393 1145 84 50 (sid.
524 1149 204 35 103—118
766 1148 12 36 i
820 1148 433 49 statsrådsprotokollet)
1292 1155 167 43 utgöres,
1489 1150 165 37 förutom
1682 1156 108 31 extra
1817 1152 189 48 personal,

391 1199 122 47 enligt
557 1200 99 35 1909
700 1202 59 33 års
802 1200 269 48 aflöningsstat
1099 1200 41 36 af
1165 1203 48 33 32
1242 1201 253 37 kontrollörer
1523 1202 71 37 och
1626 1204 112 45 1,150
1767 1204 240 49 postexpedi-

391 1256 114 40 törer,
535 1251 90 35 eller
653 1251 159 49 tillhopa
843 1253 111 45 1,182
983 1265 191 36 personer.

500 1301 51 36 Af
588 1303 378 49 postexpeditörerna
1006 1304 215 49 tjänstgöra
1265 1306 47 34 60
1354 1307 125 34 såsom
1520 1306 119 36 förste
1680 1307 328 48 postexpeditörer

391 1359 97 30 samt
531 1359 54 31 ett
625 1354 146 37 mindre
798 1355 114 47 antal,
950 1355 163 36 räknadt
1154 1357 96 35 efter
1282 1358 96 34 1908
1408 1359 61 34 års
1498 1357 263 37 förhållanden
1793 1359 57 46 153,
1880 1361 126 34 såsom

390 1405 260 37 föreståndare
701 1406 58 36 för
808 1407 103 36 vissa
951 1407 320 49 filialpostkontor
1312 1409 87 35 eller
1440 1409 61 36 för
1542 1409 242 49 afdelningar
1824 1410 41 35 af
1901 1415 106 44 post-

390 1457 188 36 kontoren
618 1458 12 35 i
669 1458 232 47 Stockholm,
931 1458 198 49 Göteborg
1157 1459 70 36 och
1255 1460 151 36 Malmö.
1463 1460 134 49 Enligt
1625 1461 143 49 Kungl.
1798 1461 127 49 Maj:ts
1953 1475 53 22 nu

393 1509 265 48 föreliggande
700 1509 146 49 förslag
887 1510 121 36 skulle
1049 1511 267 36 motsvarande
1357 1513 176 47 personal
1574 1518 158 42 utgöras
1764 1512 42 36 af
1831 1514 20 34 6
1882 1513 125 36 öfver-

392 1560 255 36 kontrollörer
676 1559 77 49 (vid
783 1561 534 49 distriktsförvaltningarna),
1350 1565 18 33 7
1398 1563 118 36 förste
1544 1564 253 36 kontrollörer
1825 1564 25 48 (i
1870 1564 136 37 Stock-

392 1612 115 48 holm,
539 1612 198 48 Göteborg
766 1613 71 35 och
865 1612 167 48 Malmö),
1064 1615 46 34 52
1139 1613 262 49 kontrollörer,
1433 1616 73 34 169
1537 1615 117 36 förste
1676 1616 331 49 postexpeditörer

393 1664 71 36 och
493 1666 75 34 990
596 1664 339 49 postexpeditörer,
965 1665 91 36 eller
1082 1665 159 49 tillhopa
1273 1668 111 45 1,224
1411 1679 193 36 personer.

499 1715 71 37 Om
613 1716 180 36 behofvet
830 1716 42 35 af
897 1716 265 49 förstärkning
1189 1718 12 34 i
1230 1716 523 50 distriktsförvaltningarnas
1782 1719 224 37 biträdande

391 1768 178 48 personal
610 1768 68 35 har
717 1768 187 36 utskottet
944 1768 12 35 i
998 1768 64 36 det
1102 1768 230 49 föregående
1365 1774 119 44 yttrat
1514 1770 70 48 sig.
1640 1770 112 36 Hvad
1781 1773 78 34 åter
1887 1774 120 46 angår

393 1819 74 36 den
507 1819 125 36 lokala
674 1820 295 48 förvaltningen,
1012 1820 66 36 vill
1118 1821 188 36 utskottet
1335 1821 208 48 framhålla,
1573 1827 54 31 att
1655 1821 73 37 den
1755 1822 115 49 högst
1898 1823 108 48 bety-

393 1870 123 37 dande
558 1871 147 48 ökning
745 1871 12 36 i
799 1871 73 37 den
906 1871 223 37 biträdande
1158 1872 187 37 ordinarie
1371 1874 237 48 personalen,
1637 1887 94 34 som,
1760 1875 57 35 till
1845 1874 94 49 följd
1966 1875 45 36 af

392 1923 242 48 postverkets
663 1922 144 37 snabba
835 1923 234 49 utveckling,
1098 1924 120 36 under
1246 1937 131 24 senare
1404 1925 99 35 tider
1530 1925 197 48 vidtagits,
1749 1929 41 33 så
1809 1926 94 48 godt
1923 1939 82 23 som

392 1975 240 36 uteslutande
661 1975 113 36 afsett
803 1975 139 36 antalet
969 1976 328 48 postexpeditörer
1325 1976 70 36 och
1423 1977 270 48 postbetjänte.
1749 1977 18 36 I
1795 1978 117 49 öfrigt
1936 1978 71 36 har

392 2026 121 36 under
554 2039 132 24 senare
726 2026 98 36 tider
860 2031 137 32 nästan
1024 2027 118 48 ingen
1171 2041 125 22 annan
1325 2028 263 49 förstärkning
1616 2029 41 35 af
1681 2029 74 36 den
1783 2029 223 37 biträdande

393 2078 188 36 ordinarie
621 2079 226 49 personalen
888 2083 68 44 ägt
987 2092 96 34 rum,
1112 2084 48 31 än
1201 2084 57 31 att
1299 2079 83 37 från
1418 2082 99 34 1903
1548 2083 58 33 års
1634 2080 149 49 ingång
1810 2081 64 36 vid
1901 2088 106 42 post-

392 2130 140 35 kontor
560 2130 41 36 af
626 2131 118 35 första
772 2130 70 36 och
872 2130 116 36 andra
1015 2131 102 36 klass
1146 2144 47 23 en
1220 2131 119 37 förste
1366 2132 286 49 postexpeditör
1679 2133 101 36 varit
1794 2136 46 46 på
1860 2133 146 36 förord-

392 2181 125 36 nande
572 2181 164 37 anställd
777 2185 124 33 såsom
941 2187 298 45 postmästarens
1276 2188 190 32 närmaste
1508 2197 97 23 man.
1661 2184 75 36 Det
1777 2185 69 35 har
1885 2185 122 36 under

393 2233 112 36 dessa
537 2233 262 37 förhållanden
828 2239 108 43 synts
964 2234 188 37 utskottet
1181 2235 217 49 angeläget,
1427 2240 56 31 att
1511 2236 65 36 vid
1604 2235 73 37 den
1705 2250 77 35 nya
1810 2237 195 47 organisa-

393 2285 150 37 tionens
585 2286 300 48 genomförande
926 2286 74 36 den
1042 2286 276 37 öfverordnade
1346 2288 224 48 personalen
1599 2288 63 35 vid
1689 2288 275 49 postkontoren
1993 2288 12 36 i
