<?xml version="1.0" encoding="UTF-8"?>
<alto xmlns="http://www.loc.gov/standards/alto/ns-v3#" xmlns:xlink="http://www.w3.org/1999/xlink" xmlns:xsi="http://www.w3.org/2001/XMLSchema-instance" xsi:schemaLocation="http://www.loc.gov/standards/alto/ns-v3# http://www.loc.gov/alto/v3/alto-3-0.xsd">
	<Description>
		<MeasurementUnit>pixel</MeasurementUnit>
		<sourceImageInformation>
			<fileName>/tmp/tess_kij34wt4_input.PNG</fileName>
		</sourceImageInformation>
		<OCRProcessing ID="OCR_0">
			<ocrProcessingStep>
				<processingSoftware>
					<softwareName>tesseract 5.3.0</softwareName>
				</processingSoftware>
			</ocrProcessingStep>
		</OCRProcessing>
	</Description>
	<Layout>
		<Page WIDTH="2277" HEIGHT="2787" PHYSICAL_IMG_NR="0" ID="page_0">
			<PrintSpace HPOS="0" VPOS="0" WIDTH="2277" HEIGHT="2787">
				<ComposedBlock ID="cblock_0" HPOS="466" VPOS="195" WIDTH="1303" HEIGHT="42">
					<TextBlock ID="block_0" HPOS="466" VPOS="195" WIDTH="1303" HEIGHT="42">
						<TextLine ID="line_0" HPOS="466" VPOS="195" WIDTH="1303" HEIGHT="42">
							<String ID="string_0" HPOS="466" VPOS="203" WIDTH="98" HEIGHT="29" WC="0.94" CONTENT="Andra"/><SP WIDTH="23" VPOS="203" HPOS="564"/>
							<String ID="string_1" HPOS="587" VPOS="202" WIDTH="180" HEIGHT="28" WC="0.96" CONTENT="Kammarens"/><SP WIDTH="26" VPOS="202" HPOS="767"/>
							<String ID="string_2" HPOS="793" VPOS="201" WIDTH="154" HEIGHT="36" WC="0.92" CONTENT="Tillfälliga"/><SP WIDTH="26" VPOS="201" HPOS="947"/>
							<String ID="string_3" HPOS="973" VPOS="200" WIDTH="118" HEIGHT="28" WC="0.91" CONTENT="Utskotts"/><SP WIDTH="22" VPOS="200" HPOS="1091"/>
							<String ID="string_4" HPOS="1113" VPOS="198" WIDTH="63" HEIGHT="33" WC="0.96" CONTENT="(N:o"/><SP WIDTH="22" VPOS="198" HPOS="1176"/>
							<String ID="string_5" HPOS="1198" VPOS="196" WIDTH="30" HEIGHT="35" WC="0.94" CONTENT="3)"/><SP WIDTH="21" VPOS="196" HPOS="1228"/>
							<String ID="string_6" HPOS="1249" VPOS="198" WIDTH="179" HEIGHT="28" WC="0.96" CONTENT="Betänkande"/><SP WIDTH="23" VPOS="198" HPOS="1428"/>
							<String ID="string_7" HPOS="1451" VPOS="196" WIDTH="55" HEIGHT="29" WC="0.96" CONTENT="N:o"/><SP WIDTH="22" VPOS="196" HPOS="1506"/>
							<String ID="string_8" HPOS="1528" VPOS="195" WIDTH="29" HEIGHT="30" WC="0.67" CONTENT="5."/><SP WIDTH="181" VPOS="195" HPOS="1557"/>
							<String ID="string_9" HPOS="1738" VPOS="198" WIDTH="31" HEIGHT="25" WC="0.95" CONTENT="11"/>
						</TextLine>
					</TextBlock>
				</ComposedBlock>
				<ComposedBlock ID="cblock_1" HPOS="211" VPOS="271" WIDTH="1609" HEIGHT="2063">
					<TextBlock ID="block_1" HPOS="211" VPOS="271" WIDTH="1609" HEIGHT="454">
						<TextLine ID="line_1" HPOS="211" VPOS="271" WIDTH="1606" HEIGHT="49">
							<String ID="string_10" HPOS="211" VPOS="286" WIDTH="21" HEIGHT="31" WC="0.75" CONTENT="9"/><SP WIDTH="31" VPOS="286" HPOS="232"/>
							<String ID="string_11" HPOS="263" VPOS="281" WIDTH="34" HEIGHT="35" WC="0.95" CONTENT="af"/><SP WIDTH="27" VPOS="281" HPOS="297"/>
							<String ID="string_12" HPOS="324" VPOS="280" WIDTH="183" HEIGHT="35" WC="0.96" CONTENT="motionen"/><SP WIDTH="27" VPOS="280" HPOS="507"/>
							<String ID="string_13" HPOS="534" VPOS="278" WIDTH="67" HEIGHT="36" WC="0.95" CONTENT="N:o"/><SP WIDTH="30" VPOS="278" HPOS="601"/>
							<String ID="string_14" HPOS="631" VPOS="281" WIDTH="58" HEIGHT="37" WC="0.94" CONTENT="81,"/><SP WIDTH="27" VPOS="281" HPOS="689"/>
							<String ID="string_15" HPOS="716" VPOS="277" WIDTH="12" HEIGHT="35" WC="0.94" CONTENT="i"/><SP WIDTH="28" VPOS="277" HPOS="728"/>
							<String ID="string_16" HPOS="756" VPOS="277" WIDTH="60" HEIGHT="35" WC="0.96" CONTENT="det"/><SP WIDTH="26" VPOS="277" HPOS="816"/>
							<String ID="string_17" HPOS="842" VPOS="275" WIDTH="225" HEIGHT="36" WC="0.93" CONTENT="motionären"/><SP WIDTH="29" VPOS="275" HPOS="1067"/>
							<String ID="string_18" HPOS="1096" VPOS="275" WIDTH="21" HEIGHT="33" WC="0.89" CONTENT="å"/><SP WIDTH="28" VPOS="275" HPOS="1117"/>
							<String ID="string_19" HPOS="1145" VPOS="286" WIDTH="66" HEIGHT="22" WC="0.96" CONTENT="ena"/><SP WIDTH="27" VPOS="286" HPOS="1211"/>
							<String ID="string_20" HPOS="1238" VPOS="273" WIDTH="101" HEIGHT="35" WC="0.96" CONTENT="sidan"/><SP WIDTH="28" VPOS="273" HPOS="1339"/>
							<String ID="string_21" HPOS="1367" VPOS="285" WIDTH="128" HEIGHT="35" WC="0.96" CONTENT="genom"/><SP WIDTH="28" VPOS="285" HPOS="1495"/>
							<String ID="string_22" HPOS="1523" VPOS="272" WIDTH="68" HEIGHT="34" WC="0.96" CONTENT="den"/><SP WIDTH="27" VPOS="272" HPOS="1591"/>
							<String ID="string_23" HPOS="1618" VPOS="271" WIDTH="199" HEIGHT="47" WC="0.96" CONTENT="föreslagna"/>
						</TextLine>
						<TextLine ID="line_2" HPOS="212" VPOS="323" WIDTH="1605" HEIGHT="52">
							<String ID="string_24" HPOS="212" VPOS="330" WIDTH="396" HEIGHT="39" WC="0.89" CONTENT="åldersbestämmelsen"/><SP WIDTH="28" VPOS="330" HPOS="608"/>
							<String ID="string_25" HPOS="636" VPOS="330" WIDTH="102" HEIGHT="35" WC="0.96" CONTENT="söker"/><SP WIDTH="27" VPOS="330" HPOS="738"/>
							<String ID="string_26" HPOS="765" VPOS="335" WIDTH="50" HEIGHT="29" WC="0.96" CONTENT="att"/><SP WIDTH="28" VPOS="335" HPOS="815"/>
							<String ID="string_27" HPOS="843" VPOS="328" WIDTH="11" HEIGHT="35" WC="0.96" CONTENT="i"/><SP WIDTH="26" VPOS="328" HPOS="854"/>
							<String ID="string_28" HPOS="880" VPOS="327" WIDTH="160" HEIGHT="48" WC="0.95" CONTENT="betydlig"/><SP WIDTH="27" VPOS="327" HPOS="1040"/>
							<String ID="string_29" HPOS="1067" VPOS="327" WIDTH="84" HEIGHT="34" WC="0.96" CONTENT="mån"/><SP WIDTH="27" VPOS="327" HPOS="1151"/>
							<String ID="string_30" HPOS="1178" VPOS="325" WIDTH="193" HEIGHT="35" WC="0.96" CONTENT="inskränka"/><SP WIDTH="26" VPOS="325" HPOS="1371"/>
							<String ID="string_31" HPOS="1397" VPOS="329" WIDTH="191" HEIGHT="30" WC="0.96" CONTENT="rösträtten"/><SP WIDTH="28" VPOS="329" HPOS="1588"/>
							<String ID="string_32" HPOS="1616" VPOS="323" WIDTH="66" HEIGHT="35" WC="0.93" CONTENT="och"/><SP WIDTH="28" VPOS="323" HPOS="1682"/>
							<String ID="string_33" HPOS="1710" VPOS="324" WIDTH="21" HEIGHT="34" WC="0.90" CONTENT="å"/><SP WIDTH="23" VPOS="324" HPOS="1731"/>
							<String ID="string_34" HPOS="1754" VPOS="335" WIDTH="63" HEIGHT="23" WC="0.92" CONTENT="an-"/>
						</TextLine>
						<TextLine ID="line_3" HPOS="212" VPOS="375" WIDTH="1607" HEIGHT="57">
							<String ID="string_35" HPOS="212" VPOS="386" WIDTH="62" HEIGHT="34" WC="0.96" CONTENT="dra"/><SP WIDTH="34" VPOS="386" HPOS="274"/>
							<String ID="string_36" HPOS="308" VPOS="397" WIDTH="129" HEIGHT="35" WC="0.93" CONTENT="genom"/><SP WIDTH="29" VPOS="397" HPOS="437"/>
							<String ID="string_37" HPOS="466" VPOS="383" WIDTH="158" HEIGHT="39" WC="0.90" CONTENT="vilkoret,"/><SP WIDTH="33" VPOS="383" HPOS="624"/>
							<String ID="string_38" HPOS="657" VPOS="388" WIDTH="49" HEIGHT="28" WC="0.96" CONTENT="att"/><SP WIDTH="32" VPOS="388" HPOS="706"/>
							<String ID="string_39" HPOS="738" VPOS="382" WIDTH="69" HEIGHT="33" WC="0.96" CONTENT="den"/><SP WIDTH="26" VPOS="382" HPOS="807"/>
							<String ID="string_40" HPOS="833" VPOS="378" WIDTH="295" HEIGHT="47" WC="0.96" CONTENT="röstberättigade"/><SP WIDTH="27" VPOS="378" HPOS="1128"/>
							<String ID="string_41" HPOS="1155" VPOS="390" WIDTH="176" HEIGHT="35" WC="0.96" CONTENT="personen"/><SP WIDTH="27" VPOS="390" HPOS="1331"/>
							<String ID="string_42" HPOS="1358" VPOS="376" WIDTH="89" HEIGHT="35" WC="0.96" CONTENT="skall"/><SP WIDTH="26" VPOS="376" HPOS="1447"/>
							<String ID="string_43" HPOS="1473" VPOS="388" WIDTH="80" HEIGHT="22" WC="0.96" CONTENT="vara"/><SP WIDTH="31" VPOS="388" HPOS="1553"/>
							<String ID="string_44" HPOS="1584" VPOS="376" WIDTH="91" HEIGHT="34" WC="0.92" CONTENT="&quot;fast"/><SP WIDTH="26" VPOS="376" HPOS="1675"/>
							<String ID="string_45" HPOS="1701" VPOS="375" WIDTH="118" HEIGHT="35" WC="0.96" CONTENT="bosatt"/>
						</TextLine>
						<TextLine ID="line_4" HPOS="211" VPOS="426" WIDTH="1607" HEIGHT="55">
							<String ID="string_46" HPOS="211" VPOS="437" WIDTH="98" HEIGHT="35" WC="0.96" CONTENT="inom"/><SP WIDTH="38" VPOS="437" HPOS="309"/>
							<String ID="string_47" HPOS="347" VPOS="436" WIDTH="241" HEIGHT="34" WC="0.90" CONTENT="kommunen&quot;"/><SP WIDTH="44" VPOS="436" HPOS="588"/>
							<String ID="string_48" HPOS="632" VPOS="432" WIDTH="198" HEIGHT="49" WC="0.90" CONTENT="uppställer"/><SP WIDTH="41" VPOS="432" HPOS="830"/>
							<String ID="string_49" HPOS="871" VPOS="437" WIDTH="49" HEIGHT="29" WC="0.54" CONTENT="ett"/><SP WIDTH="33" VPOS="437" HPOS="920"/>
							<String ID="string_50" HPOS="953" VPOS="430" WIDTH="203" HEIGHT="47" WC="0.96" CONTENT="stadgande,"/><SP WIDTH="33" VPOS="430" HPOS="1156"/>
							<String ID="string_51" HPOS="1189" VPOS="441" WIDTH="77" HEIGHT="23" WC="0.96" CONTENT="som"/><SP WIDTH="34" VPOS="441" HPOS="1266"/>
							<String ID="string_52" HPOS="1300" VPOS="428" WIDTH="87" HEIGHT="35" WC="0.96" CONTENT="efter"/><SP WIDTH="31" VPOS="428" HPOS="1387"/>
							<String ID="string_53" HPOS="1418" VPOS="427" WIDTH="201" HEIGHT="36" WC="0.93" CONTENT="Utskottets"/><SP WIDTH="35" VPOS="427" HPOS="1619"/>
							<String ID="string_54" HPOS="1654" VPOS="426" WIDTH="93" HEIGHT="48" WC="0.92" CONTENT="åsigt"/><SP WIDTH="32" VPOS="426" HPOS="1747"/>
							<String ID="string_55" HPOS="1779" VPOS="432" WIDTH="39" HEIGHT="29" WC="0.96" CONTENT="är"/>
						</TextLine>
						<TextLine ID="line_5" HPOS="212" VPOS="478" WIDTH="1606" HEIGHT="58">
							<String ID="string_56" HPOS="212" VPOS="489" WIDTH="133" HEIGHT="47" WC="0.92" CONTENT="ganska"/><SP WIDTH="28" VPOS="489" HPOS="345"/>
							<String ID="string_57" HPOS="373" VPOS="486" WIDTH="203" HEIGHT="36" WC="0.91" CONTENT="obestämdt"/><SP WIDTH="28" VPOS="486" HPOS="576"/>
							<String ID="string_58" HPOS="604" VPOS="485" WIDTH="67" HEIGHT="35" WC="0.96" CONTENT="och"/><SP WIDTH="29" VPOS="485" HPOS="671"/>
							<String ID="string_59" HPOS="700" VPOS="483" WIDTH="233" HEIGHT="49" WC="0.75" CONTENT="mångtydiat."/><SP WIDTH="29" VPOS="483" HPOS="933"/>
							<String ID="string_60" HPOS="962" VPOS="504" WIDTH="49" HEIGHT="4" WC="0.88" CONTENT="—"/><SP WIDTH="27" VPOS="504" HPOS="1011"/>
							<String ID="string_61" HPOS="1038" VPOS="481" WIDTH="58" HEIGHT="35" WC="0.96" CONTENT="Då"/><SP WIDTH="26" VPOS="481" HPOS="1096"/>
							<String ID="string_62" HPOS="1122" VPOS="480" WIDTH="183" HEIGHT="36" WC="0.96" CONTENT="Utskottet"/><SP WIDTH="27" VPOS="480" HPOS="1305"/>
							<String ID="string_63" HPOS="1332" VPOS="480" WIDTH="28" HEIGHT="48" WC="0.96" CONTENT="ej"/><SP WIDTH="30" VPOS="480" HPOS="1360"/>
							<String ID="string_64" HPOS="1390" VPOS="480" WIDTH="68" HEIGHT="34" WC="0.96" CONTENT="kan"/><SP WIDTH="28" VPOS="480" HPOS="1458"/>
							<String ID="string_65" HPOS="1486" VPOS="479" WIDTH="96" HEIGHT="35" WC="0.96" CONTENT="finna"/><SP WIDTH="27" VPOS="479" HPOS="1582"/>
							<String ID="string_66" HPOS="1609" VPOS="480" WIDTH="109" HEIGHT="46" WC="0.92" CONTENT="något"/><SP WIDTH="31" VPOS="480" HPOS="1718"/>
							<String ID="string_67" HPOS="1749" VPOS="478" WIDTH="69" HEIGHT="47" WC="0.91" CONTENT="gil-"/>
						</TextLine>
						<TextLine ID="line_6" HPOS="211" VPOS="530" WIDTH="1609" HEIGHT="58">
							<String ID="string_68" HPOS="211" VPOS="541" WIDTH="68" HEIGHT="47" WC="0.96" CONTENT="tigt"/><SP WIDTH="34" VPOS="541" HPOS="279"/>
							<String ID="string_69" HPOS="313" VPOS="540" WIDTH="78" HEIGHT="34" WC="0.95" CONTENT="skäl"/><SP WIDTH="30" VPOS="540" HPOS="391"/>
							<String ID="string_70" HPOS="421" VPOS="540" WIDTH="53" HEIGHT="34" WC="0.95" CONTENT="för"/><SP WIDTH="35" VPOS="540" HPOS="474"/>
							<String ID="string_71" HPOS="509" VPOS="539" WIDTH="69" HEIGHT="34" WC="0.96" CONTENT="den"/><SP WIDTH="34" VPOS="539" HPOS="578"/>
							<String ID="string_72" HPOS="612" VPOS="538" WIDTH="93" HEIGHT="34" WC="0.96" CONTENT="förra"/><SP WIDTH="26" VPOS="538" HPOS="705"/>
							<String ID="string_73" HPOS="731" VPOS="535" WIDTH="277" HEIGHT="36" WC="0.96" CONTENT="bestämmelsen"/><SP WIDTH="29" VPOS="535" HPOS="1008"/>
							<String ID="string_74" HPOS="1037" VPOS="533" WIDTH="66" HEIGHT="35" WC="0.93" CONTENT="och"/><SP WIDTH="27" VPOS="533" HPOS="1103"/>
							<String ID="string_75" HPOS="1130" VPOS="533" WIDTH="169" HEIGHT="46" WC="0.91" CONTENT="derjemte"/><SP WIDTH="28" VPOS="533" HPOS="1299"/>
							<String ID="string_76" HPOS="1327" VPOS="545" WIDTH="102" HEIGHT="21" WC="0.96" CONTENT="anser"/><SP WIDTH="26" VPOS="545" HPOS="1429"/>
							<String ID="string_77" HPOS="1455" VPOS="531" WIDTH="117" HEIGHT="47" WC="0.96" CONTENT="hvarje"/><SP WIDTH="27" VPOS="531" HPOS="1572"/>
							<String ID="string_78" HPOS="1599" VPOS="530" WIDTH="221" HEIGHT="48" WC="0.96" CONTENT="tvetydighet"/>
						</TextLine>
						<TextLine ID="line_7" HPOS="212" VPOS="582" WIDTH="1607" HEIGHT="56">
							<String ID="string_79" HPOS="212" VPOS="591" WIDTH="12" HEIGHT="35" WC="0.96" CONTENT="i"/><SP WIDTH="29" VPOS="591" HPOS="224"/>
							<String ID="string_80" HPOS="253" VPOS="597" WIDTH="49" HEIGHT="29" WC="0.93" CONTENT="ett"/><SP WIDTH="26" VPOS="597" HPOS="302"/>
							<String ID="string_81" HPOS="328" VPOS="589" WIDTH="253" HEIGHT="49" WC="0.90" CONTENT="lagstadgande"/><SP WIDTH="34" VPOS="589" HPOS="581"/>
							<String ID="string_82" HPOS="615" VPOS="589" WIDTH="119" HEIGHT="34" WC="0.96" CONTENT="såsom"/><SP WIDTH="26" VPOS="589" HPOS="734"/>
							<String ID="string_83" HPOS="760" VPOS="587" WIDTH="105" HEIGHT="46" WC="0.93" CONTENT="högst"/><SP WIDTH="28" VPOS="587" HPOS="865"/>
							<String ID="string_84" HPOS="893" VPOS="586" WIDTH="132" HEIGHT="46" WC="0.91" CONTENT="vådlig;"/><SP WIDTH="19" VPOS="586" HPOS="1025"/>
							<String ID="string_85" HPOS="1044" VPOS="586" WIDTH="37" HEIGHT="33" WC="0.94" CONTENT="så"/><SP WIDTH="18" VPOS="586" HPOS="1081"/>
							<String ID="string_86" HPOS="1099" VPOS="584" WIDTH="54" HEIGHT="34" WC="0.96" CONTENT="får"/><SP WIDTH="19" VPOS="584" HPOS="1153"/>
							<String ID="string_87" HPOS="1172" VPOS="583" WIDTH="185" HEIGHT="35" WC="0.96" CONTENT="Utskottet"/><SP WIDTH="20" VPOS="583" HPOS="1357"/>
							<String ID="string_88" HPOS="1377" VPOS="583" WIDTH="150" HEIGHT="34" WC="0.93" CONTENT="härmed"/><SP WIDTH="20" VPOS="583" HPOS="1527"/>
							<String ID="string_89" HPOS="1547" VPOS="582" WIDTH="200" HEIGHT="40" WC="0.88" CONTENT="hemställa,"/><SP WIDTH="22" VPOS="582" HPOS="1747"/>
							<String ID="string_90" HPOS="1769" VPOS="588" WIDTH="50" HEIGHT="28" WC="0.96" CONTENT="att"/>
						</TextLine>
						<TextLine ID="line_8" HPOS="615" VPOS="633" WIDTH="1203" HEIGHT="48">
							<String ID="string_91" HPOS="615" VPOS="640" WIDTH="116" HEIGHT="34" WC="0.96" CONTENT="denna"/><SP WIDTH="36" VPOS="640" HPOS="731"/>
							<String ID="string_92" HPOS="767" VPOS="638" WIDTH="58" HEIGHT="35" WC="0.96" CONTENT="del"/><SP WIDTH="34" VPOS="638" HPOS="825"/>
							<String ID="string_93" HPOS="859" VPOS="638" WIDTH="34" HEIGHT="34" WC="0.93" CONTENT="af"/><SP WIDTH="30" VPOS="638" HPOS="893"/>
							<String ID="string_94" HPOS="923" VPOS="636" WIDTH="93" HEIGHT="36" WC="0.39" CONTENT="Ilerr"/><SP WIDTH="32" VPOS="636" HPOS="1016"/>
							<String ID="string_95" HPOS="1048" VPOS="635" WIDTH="78" HEIGHT="36" WC="0.95" CONTENT="Nils"/><SP WIDTH="30" VPOS="635" HPOS="1126"/>
							<String ID="string_96" HPOS="1156" VPOS="634" WIDTH="166" HEIGHT="37" WC="0.96" CONTENT="Nilssons"/><SP WIDTH="32" VPOS="634" HPOS="1322"/>
							<String ID="string_97" HPOS="1354" VPOS="633" WIDTH="262" HEIGHT="48" WC="0.95" CONTENT="framställning"/><SP WIDTH="34" VPOS="633" HPOS="1616"/>
							<String ID="string_98" HPOS="1650" VPOS="633" WIDTH="28" HEIGHT="48" WC="0.96" CONTENT="ej"/><SP WIDTH="29" VPOS="633" HPOS="1678"/>
							<String ID="string_99" HPOS="1707" VPOS="634" WIDTH="111" HEIGHT="34" WC="0.96" CONTENT="måtte"/>
						</TextLine>
						<TextLine ID="line_9" HPOS="614" VPOS="687" WIDTH="506" HEIGHT="38">
							<String ID="string_100" HPOS="614" VPOS="691" WIDTH="105" HEIGHT="34" WC="0.95" CONTENT="vinna"/><SP WIDTH="25" VPOS="691" HPOS="719"/>
							<String ID="string_101" HPOS="744" VPOS="690" WIDTH="239" HEIGHT="35" WC="0.95" CONTENT="Kammarens"/><SP WIDTH="29" VPOS="690" HPOS="983"/>
							<String ID="string_102" HPOS="1012" VPOS="687" WIDTH="108" HEIGHT="35" WC="0.94" CONTENT="bifall."/>
						</TextLine>
					</TextBlock>
					<TextBlock ID="block_2" HPOS="211" VPOS="735" WIDTH="1609" HEIGHT="827">
						<TextLine ID="line_10" HPOS="346" VPOS="735" WIDTH="1472" HEIGHT="51">
							<String ID="string_103" HPOS="346" VPOS="743" WIDTH="18" HEIGHT="35" WC="0.94" CONTENT="I"/><SP WIDTH="28" VPOS="743" HPOS="364"/>
							<String ID="string_104" HPOS="392" VPOS="756" WIDTH="108" HEIGHT="21" WC="0.93" CONTENT="mom."/><SP WIDTH="26" VPOS="756" HPOS="500"/>
							<String ID="string_105" HPOS="526" VPOS="742" WIDTH="22" HEIGHT="34" WC="0.92" CONTENT="b"/><SP WIDTH="31" VPOS="742" HPOS="548"/>
							<String ID="string_106" HPOS="579" VPOS="742" WIDTH="34" HEIGHT="34" WC="0.95" CONTENT="af"/><SP WIDTH="25" VPOS="742" HPOS="613"/>
							<String ID="string_107" HPOS="638" VPOS="742" WIDTH="183" HEIGHT="35" WC="0.96" CONTENT="motionen"/><SP WIDTH="29" VPOS="742" HPOS="821"/>
							<String ID="string_108" HPOS="850" VPOS="740" WIDTH="65" HEIGHT="35" WC="0.96" CONTENT="N:o"/><SP WIDTH="32" VPOS="740" HPOS="915"/>
							<String ID="string_109" HPOS="947" VPOS="743" WIDTH="45" HEIGHT="31" WC="0.96" CONTENT="10"/><SP WIDTH="27" VPOS="743" HPOS="992"/>
							<String ID="string_110" HPOS="1019" VPOS="739" WIDTH="104" HEIGHT="47" WC="0.96" CONTENT="yrkar"/><SP WIDTH="27" VPOS="739" HPOS="1123"/>
							<String ID="string_111" HPOS="1150" VPOS="737" WIDTH="92" HEIGHT="36" WC="0.93" CONTENT="Herr"/><SP WIDTH="29" VPOS="737" HPOS="1242"/>
							<String ID="string_112" HPOS="1271" VPOS="736" WIDTH="41" HEIGHT="37" WC="0.89" CONTENT="O."/><SP WIDTH="22" VPOS="736" HPOS="1312"/>
							<String ID="string_113" HPOS="1334" VPOS="736" WIDTH="228" HEIGHT="47" WC="0.91" CONTENT="Hedengren,"/><SP WIDTH="22" VPOS="736" HPOS="1562"/>
							<String ID="string_114" HPOS="1584" VPOS="742" WIDTH="50" HEIGHT="28" WC="0.96" CONTENT="att"/><SP WIDTH="18" VPOS="742" HPOS="1634"/>
							<String ID="string_115" HPOS="1652" VPOS="735" WIDTH="68" HEIGHT="35" WC="0.93" CONTENT="den"/><SP WIDTH="18" VPOS="735" HPOS="1720"/>
							<String ID="string_116" HPOS="1738" VPOS="748" WIDTH="80" HEIGHT="35" WC="0.91" CONTENT="per-"/>
						</TextLine>
						<TextLine ID="line_11" HPOS="212" VPOS="786" WIDTH="1605" HEIGHT="57">
							<String ID="string_117" HPOS="212" VPOS="795" WIDTH="137" HEIGHT="48" WC="0.90" CONTENT="sonliga"/><SP WIDTH="39" VPOS="795" HPOS="349"/>
							<String ID="string_118" HPOS="388" VPOS="800" WIDTH="191" HEIGHT="30" WC="0.95" CONTENT="rösträtten"/><SP WIDTH="38" VPOS="800" HPOS="579"/>
							<String ID="string_119" HPOS="617" VPOS="794" WIDTH="11" HEIGHT="34" WC="0.96" CONTENT="i"/><SP WIDTH="31" VPOS="794" HPOS="628"/>
							<String ID="string_120" HPOS="659" VPOS="794" WIDTH="99" HEIGHT="47" WC="0.96" CONTENT="fråga"/><SP WIDTH="33" VPOS="794" HPOS="758"/>
							<String ID="string_121" HPOS="791" VPOS="806" WIDTH="58" HEIGHT="21" WC="0.90" CONTENT="om"/><SP WIDTH="33" VPOS="806" HPOS="849"/>
							<String ID="string_122" HPOS="882" VPOS="791" WIDTH="152" HEIGHT="49" WC="0.88" CONTENT="prestval"/><SP WIDTH="33" VPOS="791" HPOS="1034"/>
							<String ID="string_123" HPOS="1067" VPOS="790" WIDTH="75" HEIGHT="35" WC="0.96" CONTENT="skal"/><SP WIDTH="34" VPOS="790" HPOS="1142"/>
							<String ID="string_124" HPOS="1176" VPOS="790" WIDTH="102" HEIGHT="34" WC="0.96" CONTENT="träda"/><SP WIDTH="27" VPOS="790" HPOS="1278"/>
							<String ID="string_125" HPOS="1305" VPOS="789" WIDTH="11" HEIGHT="34" WC="0.96" CONTENT="i"/><SP WIDTH="28" VPOS="789" HPOS="1316"/>
							<String ID="string_126" HPOS="1344" VPOS="788" WIDTH="118" HEIGHT="35" WC="0.96" CONTENT="stället"/><SP WIDTH="27" VPOS="788" HPOS="1462"/>
							<String ID="string_127" HPOS="1489" VPOS="788" WIDTH="53" HEIGHT="34" WC="0.96" CONTENT="för"/><SP WIDTH="23" VPOS="788" HPOS="1542"/>
							<String ID="string_128" HPOS="1565" VPOS="787" WIDTH="93" HEIGHT="34" WC="0.96" CONTENT="hvad"/><SP WIDTH="26" VPOS="787" HPOS="1658"/>
							<String ID="string_129" HPOS="1684" VPOS="786" WIDTH="133" HEIGHT="48" WC="0.91" CONTENT="Kongl."/>
						</TextLine>
						<TextLine ID="line_12" HPOS="213" VPOS="839" WIDTH="1606" HEIGHT="55">
							<String ID="string_130" HPOS="213" VPOS="847" WIDTH="271" HEIGHT="47" WC="0.96" CONTENT="Förordningen"/><SP WIDTH="29" VPOS="847" HPOS="484"/>
							<String ID="string_131" HPOS="513" VPOS="846" WIDTH="67" HEIGHT="34" WC="0.96" CONTENT="den"/><SP WIDTH="30" VPOS="846" HPOS="580"/>
							<String ID="string_132" HPOS="610" VPOS="850" WIDTH="17" HEIGHT="30" WC="0.96" CONTENT="1"/><SP WIDTH="32" VPOS="850" HPOS="627"/>
							<String ID="string_133" HPOS="659" VPOS="845" WIDTH="101" HEIGHT="47" WC="0.95" CONTENT="April"/><SP WIDTH="30" VPOS="845" HPOS="760"/>
							<String ID="string_134" HPOS="790" VPOS="847" WIDTH="95" HEIGHT="32" WC="0.96" CONTENT="1843"/><SP WIDTH="31" VPOS="847" HPOS="885"/>
							<String ID="string_135" HPOS="916" VPOS="843" WIDTH="11" HEIGHT="35" WC="0.92" CONTENT="i"/><SP WIDTH="30" VPOS="843" HPOS="927"/>
							<String ID="string_136" HPOS="957" VPOS="841" WIDTH="20" HEIGHT="50" WC="0.92" CONTENT="$"/><SP WIDTH="31" VPOS="841" HPOS="977"/>
							<String ID="string_137" HPOS="1008" VPOS="845" WIDTH="20" HEIGHT="33" WC="0.96" CONTENT="8"/><SP WIDTH="28" VPOS="845" HPOS="1028"/>
							<String ID="string_138" HPOS="1056" VPOS="842" WIDTH="197" HEIGHT="35" WC="0.93" CONTENT="benämner"/><SP WIDTH="31" VPOS="842" HPOS="1253"/>
							<String ID="string_139" HPOS="1284" VPOS="840" WIDTH="261" HEIGHT="47" WC="0.87" CONTENT="&quot;egendomens"/><SP WIDTH="26" VPOS="840" HPOS="1545"/>
							<String ID="string_140" HPOS="1571" VPOS="839" WIDTH="176" HEIGHT="35" WC="0.92" CONTENT="röstetal.&quot;"/><SP WIDTH="22" VPOS="839" HPOS="1747"/>
							<String ID="string_141" HPOS="1769" VPOS="860" WIDTH="50" HEIGHT="4" WC="0.88" CONTENT="—"/>
						</TextLine>
						<TextLine ID="line_13" HPOS="212" VPOS="890" WIDTH="1608" HEIGHT="54">
							<String ID="string_142" HPOS="212" VPOS="899" WIDTH="196" HEIGHT="35" WC="0.91" CONTENT="Enahanda"/><SP WIDTH="31" VPOS="899" HPOS="408"/>
							<String ID="string_143" HPOS="439" VPOS="897" WIDTH="262" HEIGHT="46" WC="0.95" CONTENT="framställning"/><SP WIDTH="32" VPOS="897" HPOS="701"/>
							<String ID="string_144" HPOS="733" VPOS="903" WIDTH="100" HEIGHT="41" WC="0.96" CONTENT="göres"/><SP WIDTH="33" VPOS="903" HPOS="833"/>
							<String ID="string_145" HPOS="866" VPOS="896" WIDTH="34" HEIGHT="34" WC="0.95" CONTENT="af"/><SP WIDTH="30" VPOS="896" HPOS="900"/>
							<String ID="string_146" HPOS="930" VPOS="894" WIDTH="93" HEIGHT="36" WC="0.91" CONTENT="Herr"/><SP WIDTH="33" VPOS="894" HPOS="1023"/>
							<String ID="string_147" HPOS="1056" VPOS="893" WIDTH="78" HEIGHT="35" WC="0.94" CONTENT="Nils"/><SP WIDTH="31" VPOS="893" HPOS="1134"/>
							<String ID="string_148" HPOS="1165" VPOS="892" WIDTH="147" HEIGHT="35" WC="0.96" CONTENT="Nilsson"/><SP WIDTH="35" VPOS="892" HPOS="1312"/>
							<String ID="string_149" HPOS="1347" VPOS="891" WIDTH="10" HEIGHT="35" WC="0.96" CONTENT="i"/><SP WIDTH="31" VPOS="891" HPOS="1357"/>
							<String ID="string_150" HPOS="1388" VPOS="904" WIDTH="108" HEIGHT="21" WC="0.93" CONTENT="mom."/><SP WIDTH="30" VPOS="904" HPOS="1496"/>
							<String ID="string_151" HPOS="1526" VPOS="893" WIDTH="19" HEIGHT="31" WC="0.95" CONTENT="3"/><SP WIDTH="30" VPOS="893" HPOS="1545"/>
							<String ID="string_152" HPOS="1575" VPOS="891" WIDTH="35" HEIGHT="33" WC="0.95" CONTENT="af"/><SP WIDTH="26" VPOS="891" HPOS="1610"/>
							<String ID="string_153" HPOS="1636" VPOS="890" WIDTH="184" HEIGHT="35" WC="0.96" CONTENT="motionen"/>
						</TextLine>
						<TextLine ID="line_14" HPOS="212" VPOS="942" WIDTH="1607" HEIGHT="53">
							<String ID="string_154" HPOS="212" VPOS="950" WIDTH="67" HEIGHT="35" WC="0.96" CONTENT="N:o"/><SP WIDTH="31" VPOS="950" HPOS="279"/>
							<String ID="string_155" HPOS="310" VPOS="953" WIDTH="57" HEIGHT="32" WC="0.89" CONTENT="81."/><SP WIDTH="54" VPOS="953" HPOS="367"/>
							<String ID="string_156" HPOS="421" VPOS="949" WIDTH="125" HEIGHT="35" WC="0.92" CONTENT="Under"/><SP WIDTH="28" VPOS="949" HPOS="546"/>
							<String ID="string_157" HPOS="574" VPOS="961" WIDTH="42" HEIGHT="22" WC="0.95" CONTENT="en"/><SP WIDTH="28" VPOS="961" HPOS="616"/>
							<String ID="string_158" HPOS="644" VPOS="948" WIDTH="61" HEIGHT="40" WC="0.96" CONTENT="tid,"/><SP WIDTH="30" VPOS="948" HPOS="705"/>
							<String ID="string_159" HPOS="735" VPOS="949" WIDTH="46" HEIGHT="34" WC="0.93" CONTENT="då"/><SP WIDTH="27" VPOS="949" HPOS="781"/>
							<String ID="string_160" HPOS="808" VPOS="944" WIDTH="448" HEIGHT="51" WC="0.90" CONTENT="personlighetsprincipen"/><SP WIDTH="27" VPOS="944" HPOS="1256"/>
							<String ID="string_161" HPOS="1283" VPOS="943" WIDTH="82" HEIGHT="34" WC="0.95" CONTENT="med"/><SP WIDTH="27" VPOS="943" HPOS="1365"/>
							<String ID="string_162" HPOS="1392" VPOS="949" WIDTH="72" HEIGHT="28" WC="0.95" CONTENT="stor"/><SP WIDTH="26" VPOS="949" HPOS="1464"/>
							<String ID="string_163" HPOS="1490" VPOS="942" WIDTH="185" HEIGHT="47" WC="0.96" CONTENT="framgång"/><SP WIDTH="22" VPOS="942" HPOS="1675"/>
							<String ID="string_164" HPOS="1697" VPOS="942" WIDTH="122" HEIGHT="47" WC="0.96" CONTENT="tyckes"/>
						</TextLine>
						<TextLine ID="line_15" HPOS="211" VPOS="993" WIDTH="1608" HEIGHT="56">
							<String ID="string_165" HPOS="211" VPOS="1009" WIDTH="82" HEIGHT="40" WC="0.96" CONTENT="taga"/><SP WIDTH="27" VPOS="1009" HPOS="293"/>
							<String ID="string_166" HPOS="320" VPOS="1008" WIDTH="39" HEIGHT="28" WC="0.95" CONTENT="ut"/><SP WIDTH="25" VPOS="1008" HPOS="359"/>
							<String ID="string_167" HPOS="384" VPOS="1001" WIDTH="55" HEIGHT="35" WC="0.96" CONTENT="sin"/><SP WIDTH="27" VPOS="1001" HPOS="439"/>
							<String ID="string_168" HPOS="466" VPOS="1006" WIDTH="71" HEIGHT="30" WC="0.96" CONTENT="rätt"/><SP WIDTH="27" VPOS="1006" HPOS="537"/>
							<String ID="string_169" HPOS="564" VPOS="1000" WIDTH="96" HEIGHT="34" WC="0.96" CONTENT="inom"/><SP WIDTH="29" VPOS="1000" HPOS="660"/>
							<String ID="string_170" HPOS="689" VPOS="1000" WIDTH="107" HEIGHT="34" WC="0.96" CONTENT="andra"/><SP WIDTH="28" VPOS="1000" HPOS="796"/>
							<String ID="string_171" HPOS="824" VPOS="998" WIDTH="179" HEIGHT="40" WC="0.95" CONTENT="områden,"/><SP WIDTH="29" VPOS="998" HPOS="1003"/>
							<String ID="string_172" HPOS="1032" VPOS="1009" WIDTH="81" HEIGHT="23" WC="0.96" CONTENT="vore"/><SP WIDTH="28" VPOS="1009" HPOS="1113"/>
							<String ID="string_173" HPOS="1141" VPOS="996" WIDTH="59" HEIGHT="35" WC="0.95" CONTENT="det"/><SP WIDTH="28" VPOS="996" HPOS="1200"/>
							<String ID="string_174" HPOS="1228" VPOS="995" WIDTH="11" HEIGHT="35" WC="0.70" CONTENT="1"/><SP WIDTH="28" VPOS="995" HPOS="1239"/>
							<String ID="string_175" HPOS="1267" VPOS="994" WIDTH="149" HEIGHT="47" WC="0.95" CONTENT="sanning"/><SP WIDTH="27" VPOS="994" HPOS="1416"/>
							<String ID="string_176" HPOS="1443" VPOS="993" WIDTH="138" HEIGHT="35" WC="0.91" CONTENT="mindre"/><SP WIDTH="18" VPOS="993" HPOS="1581"/>
							<String ID="string_177" HPOS="1599" VPOS="993" WIDTH="220" HEIGHT="41" WC="0.91" CONTENT="välbetänkt,"/>
						</TextLine>
						<TextLine ID="line_16" HPOS="212" VPOS="1046" WIDTH="1607" HEIGHT="53">
							<String ID="string_178" HPOS="212" VPOS="1060" WIDTH="52" HEIGHT="28" WC="0.93" CONTENT="att"/><SP WIDTH="31" VPOS="1060" HPOS="264"/>
							<String ID="string_179" HPOS="295" VPOS="1052" WIDTH="222" HEIGHT="35" WC="0.90" CONTENT="tillbakavisa"/><SP WIDTH="32" VPOS="1052" HPOS="517"/>
							<String ID="string_180" HPOS="549" VPOS="1052" WIDTH="69" HEIGHT="34" WC="0.96" CONTENT="den"/><SP WIDTH="27" VPOS="1052" HPOS="618"/>
							<String ID="string_181" HPOS="645" VPOS="1053" WIDTH="47" HEIGHT="46" WC="0.96" CONTENT="på"/><SP WIDTH="28" VPOS="1053" HPOS="692"/>
							<String ID="string_182" HPOS="720" VPOS="1052" WIDTH="59" HEIGHT="34" WC="0.96" CONTENT="det"/><SP WIDTH="26" VPOS="1052" HPOS="779"/>
							<String ID="string_183" HPOS="805" VPOS="1050" WIDTH="171" HEIGHT="48" WC="0.96" CONTENT="kyrkliga,"/><SP WIDTH="29" VPOS="1050" HPOS="976"/>
							<String ID="string_184" HPOS="1005" VPOS="1049" WIDTH="61" HEIGHT="34" WC="0.96" CONTENT="der"/><SP WIDTH="28" VPOS="1049" HPOS="1066"/>
							<String ID="string_185" HPOS="1094" VPOS="1048" WIDTH="67" HEIGHT="34" WC="0.96" CONTENT="den"/><SP WIDTH="28" VPOS="1048" HPOS="1161"/>
							<String ID="string_186" HPOS="1189" VPOS="1047" WIDTH="188" HEIGHT="46" WC="0.94" CONTENT="onekligen"/><SP WIDTH="28" VPOS="1047" HPOS="1377"/>
							<String ID="string_187" HPOS="1405" VPOS="1058" WIDTH="80" HEIGHT="34" WC="0.95" CONTENT="eger"/><SP WIDTH="28" VPOS="1058" HPOS="1485"/>
							<String ID="string_188" HPOS="1513" VPOS="1046" WIDTH="42" HEIGHT="33" WC="0.95" CONTENT="de"/><SP WIDTH="38" VPOS="1046" HPOS="1555"/>
							<String ID="string_189" HPOS="1593" VPOS="1051" WIDTH="127" HEIGHT="29" WC="0.93" CONTENT="största"/><SP WIDTH="36" VPOS="1051" HPOS="1720"/>
							<String ID="string_190" HPOS="1756" VPOS="1057" WIDTH="63" HEIGHT="22" WC="0.93" CONTENT="an-"/>
						</TextLine>
						<TextLine ID="line_17" HPOS="214" VPOS="1096" WIDTH="1606" HEIGHT="56">
							<String ID="string_191" HPOS="214" VPOS="1105" WIDTH="152" HEIGHT="47" WC="0.96" CONTENT="språken"/><SP WIDTH="32" VPOS="1105" HPOS="366"/>
							<String ID="string_192" HPOS="398" VPOS="1105" WIDTH="47" HEIGHT="46" WC="0.96" CONTENT="på"/><SP WIDTH="32" VPOS="1105" HPOS="445"/>
							<String ID="string_193" HPOS="477" VPOS="1103" WIDTH="236" HEIGHT="35" WC="0.93" CONTENT="erkännande."/><SP WIDTH="53" VPOS="1103" HPOS="713"/>
							<String ID="string_194" HPOS="766" VPOS="1102" WIDTH="79" HEIGHT="35" WC="0.44" CONTENT="Tlär"/><SP WIDTH="32" VPOS="1102" HPOS="845"/>
							<String ID="string_195" HPOS="877" VPOS="1101" WIDTH="111" HEIGHT="48" WC="0.96" CONTENT="gäller"/><SP WIDTH="35" VPOS="1101" HPOS="988"/>
							<String ID="string_196" HPOS="1023" VPOS="1099" WIDTH="180" HEIGHT="47" WC="0.91" CONTENT="nemligen"/><SP WIDTH="33" VPOS="1099" HPOS="1203"/>
							<String ID="string_197" HPOS="1236" VPOS="1099" WIDTH="28" HEIGHT="46" WC="0.93" CONTENT="ej"/><SP WIDTH="39" VPOS="1099" HPOS="1264"/>
							<String ID="string_198" HPOS="1303" VPOS="1098" WIDTH="147" HEIGHT="34" WC="0.92" CONTENT="allenast"/><SP WIDTH="31" VPOS="1098" HPOS="1450"/>
							<String ID="string_199" HPOS="1481" VPOS="1096" WIDTH="70" HEIGHT="41" WC="0.96" CONTENT="allt,"/><SP WIDTH="29" VPOS="1096" HPOS="1551"/>
							<String ID="string_200" HPOS="1580" VPOS="1096" WIDTH="92" HEIGHT="35" WC="0.95" CONTENT="hvad"/><SP WIDTH="26" VPOS="1096" HPOS="1672"/>
							<String ID="string_201" HPOS="1698" VPOS="1109" WIDTH="83" HEIGHT="22" WC="0.96" CONTENT="man"/><SP WIDTH="27" VPOS="1109" HPOS="1781"/>
							<String ID="string_202" HPOS="1808" VPOS="1096" WIDTH="12" HEIGHT="35" WC="0.96" CONTENT="i"/>
						</TextLine>
						<TextLine ID="line_18" HPOS="214" VPOS="1148" WIDTH="1606" HEIGHT="56">
							<String ID="string_203" HPOS="214" VPOS="1157" WIDTH="105" HEIGHT="47" WC="0.96" CONTENT="öfrigt"/><SP WIDTH="39" VPOS="1157" HPOS="319"/>
							<String ID="string_204" HPOS="358" VPOS="1157" WIDTH="69" HEIGHT="34" WC="0.93" CONTENT="kan"/><SP WIDTH="34" VPOS="1157" HPOS="427"/>
							<String ID="string_205" HPOS="461" VPOS="1156" WIDTH="153" HEIGHT="46" WC="0.91" CONTENT="andraga"/><SP WIDTH="30" VPOS="1156" HPOS="614"/>
							<String ID="string_206" HPOS="644" VPOS="1154" WIDTH="54" HEIGHT="35" WC="0.96" CONTENT="till"/><SP WIDTH="35" VPOS="1154" HPOS="698"/>
							<String ID="string_207" HPOS="733" VPOS="1154" WIDTH="80" HEIGHT="35" WC="0.95" CONTENT="dess"/><SP WIDTH="36" VPOS="1154" HPOS="813"/>
							<String ID="string_208" HPOS="849" VPOS="1153" WIDTH="124" HEIGHT="40" WC="0.96" CONTENT="fördel,"/><SP WIDTH="25" VPOS="1153" HPOS="973"/>
							<String ID="string_209" HPOS="998" VPOS="1158" WIDTH="85" HEIGHT="28" WC="0.96" CONTENT="utan"/><SP WIDTH="29" VPOS="1158" HPOS="1083"/>
							<String ID="string_210" HPOS="1112" VPOS="1151" WIDTH="121" HEIGHT="47" WC="0.96" CONTENT="sjelfva"/><SP WIDTH="27" VPOS="1151" HPOS="1233"/>
							<String ID="string_211" HPOS="1260" VPOS="1150" WIDTH="152" HEIGHT="47" WC="0.92" CONTENT="kyrkans"/><SP WIDTH="28" VPOS="1150" HPOS="1412"/>
							<String ID="string_212" HPOS="1440" VPOS="1148" WIDTH="304" HEIGHT="47" WC="0.92" CONTENT="fundamentallag"/><SP WIDTH="26" VPOS="1148" HPOS="1744"/>
							<String ID="string_213" HPOS="1770" VPOS="1169" WIDTH="50" HEIGHT="4" WC="0.88" CONTENT="—"/>
						</TextLine>
						<TextLine ID="line_19" HPOS="214" VPOS="1199" WIDTH="1606" HEIGHT="56">
							<String ID="string_214" HPOS="214" VPOS="1209" WIDTH="69" HEIGHT="34" WC="0.96" CONTENT="den"/><SP WIDTH="26" VPOS="1209" HPOS="283"/>
							<String ID="string_215" HPOS="309" VPOS="1207" WIDTH="131" HEIGHT="48" WC="0.96" CONTENT="Heliga"/><SP WIDTH="28" VPOS="1207" HPOS="440"/>
							<String ID="string_216" HPOS="468" VPOS="1207" WIDTH="110" HEIGHT="35" WC="0.93" CONTENT="Skrift"/><SP WIDTH="27" VPOS="1207" HPOS="578"/>
							<String ID="string_217" HPOS="605" VPOS="1207" WIDTH="91" HEIGHT="34" WC="0.92" CONTENT="förer"/><SP WIDTH="29" VPOS="1207" HPOS="696"/>
							<String ID="string_218" HPOS="725" VPOS="1205" WIDTH="220" HEIGHT="48" WC="0.92" CONTENT="oförtydbart"/><SP WIDTH="28" VPOS="1205" HPOS="945"/>
							<String ID="string_219" HPOS="973" VPOS="1204" WIDTH="79" HEIGHT="34" WC="0.96" CONTENT="dess"/><SP WIDTH="27" VPOS="1204" HPOS="1052"/>
							<String ID="string_220" HPOS="1079" VPOS="1203" WIDTH="106" HEIGHT="34" WC="0.92" CONTENT="talan."/><SP WIDTH="28" VPOS="1203" HPOS="1185"/>
							<String ID="string_221" HPOS="1213" VPOS="1223" WIDTH="49" HEIGHT="5" WC="0.92" CONTENT="—"/><SP WIDTH="28" VPOS="1223" HPOS="1262"/>
							<String ID="string_222" HPOS="1290" VPOS="1201" WIDTH="88" HEIGHT="35" WC="0.95" CONTENT="Man"/><SP WIDTH="28" VPOS="1201" HPOS="1378"/>
							<String ID="string_223" HPOS="1406" VPOS="1202" WIDTH="59" HEIGHT="33" WC="0.93" CONTENT="må"/><SP WIDTH="27" VPOS="1202" HPOS="1465"/>
							<String ID="string_224" HPOS="1492" VPOS="1200" WIDTH="183" HEIGHT="34" WC="0.91" CONTENT="tillskrifva"/><SP WIDTH="23" VPOS="1200" HPOS="1675"/>
							<String ID="string_225" HPOS="1698" VPOS="1199" WIDTH="122" HEIGHT="35" WC="0.92" CONTENT="förän-"/>
						</TextLine>
						<TextLine ID="line_20" HPOS="213" VPOS="1251" WIDTH="1606" HEIGHT="51">
							<String ID="string_226" HPOS="213" VPOS="1260" WIDTH="108" HEIGHT="35" WC="0.90" CONTENT="drade"/><SP WIDTH="27" VPOS="1260" HPOS="321"/>
							<String ID="string_227" HPOS="348" VPOS="1259" WIDTH="319" HEIGHT="35" WC="0.90" CONTENT="tidsförhållanden"/><SP WIDTH="28" VPOS="1259" HPOS="667"/>
							<String ID="string_228" HPOS="695" VPOS="1257" WIDTH="91" HEIGHT="34" WC="0.96" CONTENT="huru"/><SP WIDTH="29" VPOS="1257" HPOS="786"/>
							<String ID="string_229" HPOS="815" VPOS="1264" WIDTH="72" HEIGHT="27" WC="0.96" CONTENT="stor"/><SP WIDTH="27" VPOS="1264" HPOS="887"/>
							<String ID="string_230" HPOS="914" VPOS="1255" WIDTH="182" HEIGHT="47" WC="0.96" CONTENT="betydelse"/><SP WIDTH="28" VPOS="1255" HPOS="1096"/>
							<String ID="string_231" HPOS="1124" VPOS="1267" WIDTH="77" HEIGHT="21" WC="0.96" CONTENT="som"/><SP WIDTH="28" VPOS="1267" HPOS="1201"/>
							<String ID="string_232" HPOS="1229" VPOS="1253" WIDTH="108" HEIGHT="39" WC="0.96" CONTENT="helst;"/><SP WIDTH="28" VPOS="1253" HPOS="1337"/>
							<String ID="string_233" HPOS="1365" VPOS="1254" WIDTH="39" HEIGHT="33" WC="0.96" CONTENT="så"/><SP WIDTH="28" VPOS="1254" HPOS="1404"/>
							<String ID="string_234" HPOS="1432" VPOS="1252" WIDTH="87" HEIGHT="34" WC="0.96" CONTENT="låter"/><SP WIDTH="28" VPOS="1252" HPOS="1519"/>
							<String ID="string_235" HPOS="1547" VPOS="1252" WIDTH="89" HEIGHT="33" WC="0.96" CONTENT="dock"/><SP WIDTH="29" VPOS="1252" HPOS="1636"/>
							<String ID="string_236" HPOS="1665" VPOS="1251" WIDTH="68" HEIGHT="34" WC="0.96" CONTENT="den"/><SP WIDTH="28" VPOS="1251" HPOS="1733"/>
							<String ID="string_237" HPOS="1761" VPOS="1251" WIDTH="58" HEIGHT="34" WC="0.96" CONTENT="vid"/>
						</TextLine>
						<TextLine ID="line_21" HPOS="214" VPOS="1301" WIDTH="1606" HEIGHT="57">
							<String ID="string_238" HPOS="214" VPOS="1311" WIDTH="152" HEIGHT="47" WC="0.92" CONTENT="prestval"/><SP WIDTH="39" VPOS="1311" HPOS="366"/>
							<String ID="string_239" HPOS="405" VPOS="1324" WIDTH="48" HEIGHT="20" WC="0.96" CONTENT="nu"/><SP WIDTH="34" VPOS="1324" HPOS="453"/>
							<String ID="string_240" HPOS="487" VPOS="1310" WIDTH="164" HEIGHT="47" WC="0.93" CONTENT="gällande"/><SP WIDTH="31" VPOS="1310" HPOS="651"/>
							<String ID="string_241" HPOS="682" VPOS="1308" WIDTH="197" HEIGHT="35" WC="0.90" CONTENT="röstskalan"/><SP WIDTH="34" VPOS="1308" HPOS="879"/>
							<String ID="string_242" HPOS="913" VPOS="1306" WIDTH="190" HEIGHT="48" WC="0.95" CONTENT="omöjligen"/><SP WIDTH="31" VPOS="1306" HPOS="1103"/>
							<String ID="string_243" HPOS="1134" VPOS="1306" WIDTH="126" HEIGHT="34" WC="0.95" CONTENT="förlika"/><SP WIDTH="34" VPOS="1306" HPOS="1260"/>
							<String ID="string_244" HPOS="1294" VPOS="1305" WIDTH="53" HEIGHT="46" WC="0.96" CONTENT="sig"/><SP WIDTH="34" VPOS="1305" HPOS="1347"/>
							<String ID="string_245" HPOS="1381" VPOS="1304" WIDTH="80" HEIGHT="34" WC="0.95" CONTENT="med"/><SP WIDTH="33" VPOS="1304" HPOS="1461"/>
							<String ID="string_246" HPOS="1494" VPOS="1304" WIDTH="59" HEIGHT="33" WC="0.95" CONTENT="det"/><SP WIDTH="33" VPOS="1304" HPOS="1553"/>
							<String ID="string_247" HPOS="1586" VPOS="1301" WIDTH="82" HEIGHT="41" WC="0.93" CONTENT="Ord,"/><SP WIDTH="36" VPOS="1301" HPOS="1668"/>
							<String ID="string_248" HPOS="1704" VPOS="1315" WIDTH="77" HEIGHT="22" WC="0.95" CONTENT="som"/><SP WIDTH="27" VPOS="1315" HPOS="1781"/>
							<String ID="string_249" HPOS="1808" VPOS="1303" WIDTH="12" HEIGHT="33" WC="0.96" CONTENT="i"/>
						</TextLine>
						<TextLine ID="line_22" HPOS="212" VPOS="1354" WIDTH="1607" HEIGHT="56">
							<String ID="string_250" HPOS="212" VPOS="1364" WIDTH="100" HEIGHT="46" WC="0.96" CONTENT="fråga"/><SP WIDTH="28" VPOS="1364" HPOS="312"/>
							<String ID="string_251" HPOS="340" VPOS="1375" WIDTH="58" HEIGHT="22" WC="0.96" CONTENT="om"/><SP WIDTH="28" VPOS="1375" HPOS="398"/>
							<String ID="string_252" HPOS="426" VPOS="1361" WIDTH="138" HEIGHT="48" WC="0.96" CONTENT="kyrklig"/><SP WIDTH="28" VPOS="1361" HPOS="564"/>
							<String ID="string_253" HPOS="592" VPOS="1361" WIDTH="150" HEIGHT="46" WC="0.96" CONTENT="ordning"/><SP WIDTH="27" VPOS="1361" HPOS="742"/>
							<String ID="string_254" HPOS="769" VPOS="1361" WIDTH="113" HEIGHT="33" WC="0.96" CONTENT="måste"/><SP WIDTH="27" VPOS="1361" HPOS="882"/>
							<String ID="string_255" HPOS="909" VPOS="1359" WIDTH="103" HEIGHT="34" WC="0.95" CONTENT="hafva"/><SP WIDTH="29" VPOS="1359" HPOS="1012"/>
							<String ID="string_256" HPOS="1041" VPOS="1358" WIDTH="67" HEIGHT="34" WC="0.96" CONTENT="den"/><SP WIDTH="29" VPOS="1358" HPOS="1108"/>
							<String ID="string_257" HPOS="1137" VPOS="1357" WIDTH="188" HEIGHT="47" WC="0.91" CONTENT="afgörande"/><SP WIDTH="20" VPOS="1357" HPOS="1325"/>
							<String ID="string_258" HPOS="1345" VPOS="1362" WIDTH="127" HEIGHT="28" WC="0.89" CONTENT="rösten."/><SP WIDTH="40" VPOS="1362" HPOS="1472"/>
							<String ID="string_259" HPOS="1512" VPOS="1354" WIDTH="130" HEIGHT="36" WC="0.89" CONTENT="Dertill"/><SP WIDTH="17" VPOS="1354" HPOS="1642"/>
							<String ID="string_260" HPOS="1659" VPOS="1354" WIDTH="160" HEIGHT="35" WC="0.96" CONTENT="kommer"/>
						</TextLine>
						<TextLine ID="line_23" HPOS="213" VPOS="1405" WIDTH="1606" HEIGHT="52">
							<String ID="string_261" HPOS="213" VPOS="1421" WIDTH="51" HEIGHT="28" WC="0.96" CONTENT="att"/><SP WIDTH="39" VPOS="1421" HPOS="264"/>
							<String ID="string_262" HPOS="303" VPOS="1414" WIDTH="158" HEIGHT="34" WC="0.92" CONTENT="nämnda"/><SP WIDTH="38" VPOS="1414" HPOS="461"/>
							<String ID="string_263" HPOS="499" VPOS="1412" WIDTH="182" HEIGHT="40" WC="0.86" CONTENT="röstskala,"/><SP WIDTH="35" VPOS="1412" HPOS="681"/>
							<String ID="string_264" HPOS="716" VPOS="1425" WIDTH="57" HEIGHT="21" WC="0.96" CONTENT="om"/><SP WIDTH="36" VPOS="1425" HPOS="773"/>
							<String ID="string_265" HPOS="809" VPOS="1424" WIDTH="43" HEIGHT="21" WC="0.95" CONTENT="en"/><SP WIDTH="35" VPOS="1424" HPOS="852"/>
							<String ID="string_266" HPOS="887" VPOS="1409" WIDTH="209" HEIGHT="48" WC="0.95" CONTENT="utvidgning"/><SP WIDTH="33" VPOS="1409" HPOS="1096"/>
							<String ID="string_267" HPOS="1129" VPOS="1409" WIDTH="11" HEIGHT="34" WC="0.95" CONTENT="i"/><SP WIDTH="34" VPOS="1409" HPOS="1140"/>
							<String ID="string_268" HPOS="1174" VPOS="1414" WIDTH="190" HEIGHT="29" WC="0.96" CONTENT="rösträtten"/><SP WIDTH="27" VPOS="1414" HPOS="1364"/>
							<String ID="string_269" HPOS="1391" VPOS="1407" WIDTH="122" HEIGHT="34" WC="0.96" CONTENT="vinner"/><SP WIDTH="27" VPOS="1407" HPOS="1513"/>
							<String ID="string_270" HPOS="1540" VPOS="1406" WIDTH="164" HEIGHT="47" WC="0.93" CONTENT="behörigt"/><SP WIDTH="28" VPOS="1406" HPOS="1704"/>
							<String ID="string_271" HPOS="1732" VPOS="1405" WIDTH="87" HEIGHT="47" WC="0.91" CONTENT="god-"/>
						</TextLine>
						<TextLine ID="line_24" HPOS="212" VPOS="1458" WIDTH="1608" HEIGHT="54">
							<String ID="string_272" HPOS="212" VPOS="1465" WIDTH="203" HEIGHT="40" WC="0.91" CONTENT="kännande,"/><SP WIDTH="35" VPOS="1465" HPOS="415"/>
							<String ID="string_273" HPOS="450" VPOS="1465" WIDTH="28" HEIGHT="47" WC="0.96" CONTENT="ej"/><SP WIDTH="30" VPOS="1465" HPOS="478"/>
							<String ID="string_274" HPOS="508" VPOS="1464" WIDTH="123" HEIGHT="47" WC="0.96" CONTENT="längre"/><SP WIDTH="28" VPOS="1464" HPOS="631"/>
							<String ID="string_275" HPOS="659" VPOS="1464" WIDTH="68" HEIGHT="33" WC="0.96" CONTENT="kan"/><SP WIDTH="26" VPOS="1464" HPOS="727"/>
							<String ID="string_276" HPOS="753" VPOS="1463" WIDTH="181" HEIGHT="47" WC="0.96" CONTENT="tillämpas"/><SP WIDTH="28" VPOS="1463" HPOS="934"/>
							<String ID="string_277" HPOS="962" VPOS="1462" WIDTH="11" HEIGHT="33" WC="0.95" CONTENT="i"/><SP WIDTH="29" VPOS="1462" HPOS="973"/>
							<String ID="string_278" HPOS="1002" VPOS="1460" WIDTH="228" HEIGHT="35" WC="0.91" CONTENT="oförändradt"/><SP WIDTH="27" VPOS="1460" HPOS="1230"/>
							<String ID="string_279" HPOS="1257" VPOS="1459" WIDTH="108" HEIGHT="40" WC="0.87" CONTENT="skick,"/><SP WIDTH="28" VPOS="1459" HPOS="1365"/>
							<String ID="string_280" HPOS="1393" VPOS="1465" WIDTH="84" HEIGHT="28" WC="0.92" CONTENT="utan"/><SP WIDTH="28" VPOS="1465" HPOS="1477"/>
							<String ID="string_281" HPOS="1505" VPOS="1458" WIDTH="138" HEIGHT="34" WC="0.92" CONTENT="kräfver"/><SP WIDTH="28" VPOS="1458" HPOS="1643"/>
							<String ID="string_282" HPOS="1671" VPOS="1470" WIDTH="43" HEIGHT="21" WC="0.93" CONTENT="en"/><SP WIDTH="29" VPOS="1470" HPOS="1714"/>
							<String ID="string_283" HPOS="1743" VPOS="1470" WIDTH="77" HEIGHT="21" WC="0.92" CONTENT="om-"/>
						</TextLine>
						<TextLine ID="line_25" HPOS="214" VPOS="1513" WIDTH="890" HEIGHT="49">
							<String ID="string_284" HPOS="214" VPOS="1517" WIDTH="195" HEIGHT="44" WC="0.90" CONTENT="arbetning,"/><SP WIDTH="30" VPOS="1517" HPOS="409"/>
							<String ID="string_285" HPOS="439" VPOS="1529" WIDTH="76" HEIGHT="22" WC="0.96" CONTENT="som"/><SP WIDTH="30" VPOS="1529" HPOS="515"/>
							<String ID="string_286" HPOS="545" VPOS="1516" WIDTH="67" HEIGHT="34" WC="0.93" CONTENT="den"/><SP WIDTH="29" VPOS="1516" HPOS="612"/>
							<String ID="string_287" HPOS="641" VPOS="1514" WIDTH="201" HEIGHT="48" WC="0.91" CONTENT="påtagligen"/><SP WIDTH="30" VPOS="1514" HPOS="842"/>
							<String ID="string_288" HPOS="872" VPOS="1515" WIDTH="28" HEIGHT="46" WC="0.92" CONTENT="ej"/><SP WIDTH="29" VPOS="1515" HPOS="900"/>
							<String ID="string_289" HPOS="929" VPOS="1513" WIDTH="175" HEIGHT="47" WC="0.92" CONTENT="förtjenar."/>
						</TextLine>
					</TextBlock>
					<TextBlock ID="block_3" HPOS="214" VPOS="1558" WIDTH="1606" HEIGHT="418">
						<TextLine ID="line_26" HPOS="349" VPOS="1558" WIDTH="1471" HEIGHT="55">
							<String ID="string_290" HPOS="349" VPOS="1567" WIDTH="92" HEIGHT="35" WC="0.96" CONTENT="Herr"/><SP WIDTH="29" VPOS="1567" HPOS="441"/>
							<String ID="string_291" HPOS="470" VPOS="1566" WIDTH="40" HEIGHT="35" WC="0.56" CONTENT="0."/><SP WIDTH="28" VPOS="1566" HPOS="510"/>
							<String ID="string_292" HPOS="538" VPOS="1566" WIDTH="217" HEIGHT="47" WC="0.92" CONTENT="Hedengren"/><SP WIDTH="26" VPOS="1566" HPOS="755"/>
							<String ID="string_293" HPOS="781" VPOS="1566" WIDTH="148" HEIGHT="34" WC="0.96" CONTENT="föreslår"/><SP WIDTH="35" VPOS="1566" HPOS="929"/>
							<String ID="string_294" HPOS="964" VPOS="1564" WIDTH="4" HEIGHT="34" WC="0.92" CONTENT="i"/><SP WIDTH="28" VPOS="1564" HPOS="968"/>
							<String ID="string_295" HPOS="996" VPOS="1577" WIDTH="107" HEIGHT="21" WC="0.93" CONTENT="mom."/><SP WIDTH="29" VPOS="1577" HPOS="1103"/>
							<String ID="string_296" HPOS="1132" VPOS="1576" WIDTH="18" HEIGHT="22" WC="0.80" CONTENT="c"/><SP WIDTH="31" VPOS="1576" HPOS="1150"/>
							<String ID="string_297" HPOS="1181" VPOS="1563" WIDTH="34" HEIGHT="34" WC="0.95" CONTENT="af"/><SP WIDTH="31" VPOS="1563" HPOS="1215"/>
							<String ID="string_298" HPOS="1246" VPOS="1562" WIDTH="183" HEIGHT="33" WC="0.96" CONTENT="motionen"/><SP WIDTH="27" VPOS="1562" HPOS="1429"/>
							<String ID="string_299" HPOS="1456" VPOS="1559" WIDTH="67" HEIGHT="36" WC="0.94" CONTENT="N:o"/><SP WIDTH="36" VPOS="1559" HPOS="1523"/>
							<String ID="string_300" HPOS="1559" VPOS="1563" WIDTH="45" HEIGHT="31" WC="0.95" CONTENT="10"/><SP WIDTH="31" VPOS="1563" HPOS="1604"/>
							<String ID="string_301" HPOS="1635" VPOS="1559" WIDTH="65" HEIGHT="34" WC="0.96" CONTENT="och"/><SP WIDTH="26" VPOS="1559" HPOS="1700"/>
							<String ID="string_302" HPOS="1726" VPOS="1558" WIDTH="94" HEIGHT="36" WC="0.86" CONTENT="Herr"/>
						</TextLine>
						<TextLine ID="line_27" HPOS="215" VPOS="1610" WIDTH="1605" HEIGHT="47">
							<String ID="string_303" HPOS="215" VPOS="1619" WIDTH="44" HEIGHT="35" WC="0.90" CONTENT="N."/><SP WIDTH="40" VPOS="1619" HPOS="259"/>
							<String ID="string_304" HPOS="299" VPOS="1619" WIDTH="147" HEIGHT="35" WC="0.95" CONTENT="Nilsson"/><SP WIDTH="40" VPOS="1619" HPOS="446"/>
							<String ID="string_305" HPOS="486" VPOS="1618" WIDTH="11" HEIGHT="35" WC="0.96" CONTENT="i"/><SP WIDTH="39" VPOS="1618" HPOS="497"/>
							<String ID="string_306" HPOS="536" VPOS="1631" WIDTH="108" HEIGHT="21" WC="0.94" CONTENT="mom."/><SP WIDTH="36" VPOS="1631" HPOS="644"/>
							<String ID="string_307" HPOS="680" VPOS="1620" WIDTH="19" HEIGHT="32" WC="0.95" CONTENT="3"/><SP WIDTH="35" VPOS="1620" HPOS="699"/>
							<String ID="string_308" HPOS="734" VPOS="1618" WIDTH="34" HEIGHT="33" WC="0.95" CONTENT="af"/><SP WIDTH="33" VPOS="1618" HPOS="768"/>
							<String ID="string_309" HPOS="801" VPOS="1617" WIDTH="182" HEIGHT="35" WC="0.96" CONTENT="motionen"/><SP WIDTH="36" VPOS="1617" HPOS="983"/>
							<String ID="string_310" HPOS="1019" VPOS="1615" WIDTH="61" HEIGHT="34" WC="0.96" CONTENT="N:o"/><SP WIDTH="37" VPOS="1615" HPOS="1080"/>
							<String ID="string_311" HPOS="1117" VPOS="1618" WIDTH="57" HEIGHT="36" WC="0.95" CONTENT="81,"/><SP WIDTH="33" VPOS="1618" HPOS="1174"/>
							<String ID="string_312" HPOS="1207" VPOS="1620" WIDTH="48" HEIGHT="28" WC="0.96" CONTENT="att"/><SP WIDTH="37" VPOS="1620" HPOS="1255"/>
							<String ID="string_313" HPOS="1292" VPOS="1612" WIDTH="264" HEIGHT="45" WC="0.96" CONTENT="omröstningen"/><SP WIDTH="27" VPOS="1612" HPOS="1556"/>
							<String ID="string_314" HPOS="1583" VPOS="1611" WIDTH="58" HEIGHT="34" WC="0.93" CONTENT="vid"/><SP WIDTH="28" VPOS="1611" HPOS="1641"/>
							<String ID="string_315" HPOS="1669" VPOS="1610" WIDTH="151" HEIGHT="47" WC="0.92" CONTENT="prestval"/>
						</TextLine>
						<TextLine ID="line_28" HPOS="214" VPOS="1662" WIDTH="1604" HEIGHT="48">
							<String ID="string_316" HPOS="214" VPOS="1671" WIDTH="90" HEIGHT="36" WC="0.95" CONTENT="skall"/><SP WIDTH="40" VPOS="1671" HPOS="304"/>
							<String ID="string_317" HPOS="344" VPOS="1672" WIDTH="61" HEIGHT="34" WC="0.96" CONTENT="ske"/><SP WIDTH="41" VPOS="1672" HPOS="405"/>
							<String ID="string_318" HPOS="446" VPOS="1670" WIDTH="83" HEIGHT="35" WC="0.96" CONTENT="med"/><SP WIDTH="33" VPOS="1670" HPOS="529"/>
							<String ID="string_319" HPOS="562" VPOS="1670" WIDTH="117" HEIGHT="34" WC="0.96" CONTENT="slutna"/><SP WIDTH="34" VPOS="1670" HPOS="679"/>
							<String ID="string_320" HPOS="713" VPOS="1669" WIDTH="124" HEIGHT="40" WC="0.96" CONTENT="sedlar,"/><SP WIDTH="34" VPOS="1669" HPOS="837"/>
							<String ID="string_321" HPOS="871" VPOS="1669" WIDTH="67" HEIGHT="34" WC="0.96" CONTENT="och"/><SP WIDTH="32" VPOS="1669" HPOS="938"/>
							<String ID="string_322" HPOS="970" VPOS="1668" WIDTH="46" HEIGHT="34" WC="0.96" CONTENT="då"/><SP WIDTH="34" VPOS="1668" HPOS="1016"/>
							<String ID="string_323" HPOS="1050" VPOS="1667" WIDTH="116" HEIGHT="34" WC="0.96" CONTENT="denna"/><SP WIDTH="33" VPOS="1667" HPOS="1166"/>
							<String ID="string_324" HPOS="1199" VPOS="1663" WIDTH="261" HEIGHT="46" WC="0.95" CONTENT="framställning"/><SP WIDTH="26" VPOS="1663" HPOS="1460"/>
							<String ID="string_325" HPOS="1486" VPOS="1663" WIDTH="160" HEIGHT="47" WC="0.92" CONTENT="tydligen"/><SP WIDTH="31" VPOS="1663" HPOS="1646"/>
							<String ID="string_326" HPOS="1677" VPOS="1662" WIDTH="141" HEIGHT="48" WC="0.96" CONTENT="åsyftar,"/>
						</TextLine>
						<TextLine ID="line_29" HPOS="215" VPOS="1714" WIDTH="1604" HEIGHT="55">
							<String ID="string_327" HPOS="215" VPOS="1730" WIDTH="60" HEIGHT="33" WC="0.96" CONTENT="att,"/><SP WIDTH="36" VPOS="1730" HPOS="275"/>
							<String ID="string_328" HPOS="311" VPOS="1724" WIDTH="41" HEIGHT="33" WC="0.96" CONTENT="så"/><SP WIDTH="25" VPOS="1724" HPOS="352"/>
							<String ID="string_329" HPOS="377" VPOS="1723" WIDTH="75" HEIGHT="34" WC="0.96" CONTENT="vidt"/><SP WIDTH="25" VPOS="1723" HPOS="452"/>
							<String ID="string_330" HPOS="477" VPOS="1722" WIDTH="138" HEIGHT="47" WC="0.96" CONTENT="möjligt"/><SP WIDTH="28" VPOS="1722" HPOS="615"/>
							<String ID="string_331" HPOS="643" VPOS="1727" WIDTH="48" HEIGHT="34" WC="0.96" CONTENT="är,"/><SP WIDTH="27" VPOS="1727" HPOS="691"/>
							<String ID="string_332" HPOS="718" VPOS="1721" WIDTH="129" HEIGHT="46" WC="0.96" CONTENT="frigöra"/><SP WIDTH="28" VPOS="1721" HPOS="847"/>
							<String ID="string_333" HPOS="875" VPOS="1718" WIDTH="354" HEIGHT="47" WC="0.84" CONTENT="valförrättningarne"/><SP WIDTH="27" VPOS="1718" HPOS="1229"/>
							<String ID="string_334" HPOS="1256" VPOS="1717" WIDTH="78" HEIGHT="33" WC="0.95" CONTENT="från"/><SP WIDTH="27" VPOS="1717" HPOS="1334"/>
							<String ID="string_335" HPOS="1361" VPOS="1716" WIDTH="116" HEIGHT="46" WC="0.96" CONTENT="hvarje"/><SP WIDTH="29" VPOS="1716" HPOS="1477"/>
							<String ID="string_336" HPOS="1506" VPOS="1714" WIDTH="169" HEIGHT="46" WC="0.93" CONTENT="obehörig"/><SP WIDTH="29" VPOS="1714" HPOS="1675"/>
							<String ID="string_337" HPOS="1704" VPOS="1714" WIDTH="115" HEIGHT="34" WC="0.91" CONTENT="inver-"/>
						</TextLine>
						<TextLine ID="line_30" HPOS="214" VPOS="1765" WIDTH="1605" HEIGHT="53">
							<String ID="string_338" HPOS="214" VPOS="1775" WIDTH="80" HEIGHT="40" WC="0.96" CONTENT="kan,"/><SP WIDTH="33" VPOS="1775" HPOS="294"/>
							<String ID="string_339" HPOS="327" VPOS="1775" WIDTH="11" HEIGHT="33" WC="0.96" CONTENT="i"/><SP WIDTH="29" VPOS="1775" HPOS="338"/>
							<String ID="string_340" HPOS="367" VPOS="1774" WIDTH="59" HEIGHT="34" WC="0.96" CONTENT="det"/><SP WIDTH="28" VPOS="1774" HPOS="426"/>
							<String ID="string_341" HPOS="454" VPOS="1774" WIDTH="68" HEIGHT="34" WC="0.96" CONTENT="den"/><SP WIDTH="28" VPOS="1774" HPOS="522"/>
							<String ID="string_342" HPOS="550" VPOS="1773" WIDTH="115" HEIGHT="34" WC="0.95" CONTENT="slutna"/><SP WIDTH="28" VPOS="1773" HPOS="665"/>
							<String ID="string_343" HPOS="693" VPOS="1771" WIDTH="265" HEIGHT="47" WC="0.96" CONTENT="omröstningen"/><SP WIDTH="26" VPOS="1771" HPOS="958"/>
							<String ID="string_344" HPOS="984" VPOS="1770" WIDTH="11" HEIGHT="34" WC="0.48" CONTENT="i"/><SP WIDTH="27" VPOS="1770" HPOS="995"/>
							<String ID="string_345" HPOS="1022" VPOS="1769" WIDTH="199" HEIGHT="46" WC="0.88" CONTENT="väsendtlig"/><SP WIDTH="27" VPOS="1769" HPOS="1221"/>
							<String ID="string_346" HPOS="1248" VPOS="1769" WIDTH="84" HEIGHT="33" WC="0.95" CONTENT="mån"/><SP WIDTH="28" VPOS="1769" HPOS="1332"/>
							<String ID="string_347" HPOS="1360" VPOS="1767" WIDTH="171" HEIGHT="34" WC="0.95" CONTENT="försvårar"/><SP WIDTH="29" VPOS="1767" HPOS="1531"/>
							<String ID="string_348" HPOS="1560" VPOS="1766" WIDTH="68" HEIGHT="34" WC="0.96" CONTENT="den"/><SP WIDTH="28" VPOS="1766" HPOS="1628"/>
							<String ID="string_349" HPOS="1656" VPOS="1765" WIDTH="163" HEIGHT="39" WC="0.95" CONTENT="kontroll,"/>
						</TextLine>
						<TextLine ID="line_31" HPOS="215" VPOS="1817" WIDTH="1605" HEIGHT="48">
							<String ID="string_350" HPOS="215" VPOS="1840" WIDTH="78" HEIGHT="22" WC="0.92" CONTENT="som"/><SP WIDTH="32" VPOS="1840" HPOS="293"/>
							<String ID="string_351" HPOS="325" VPOS="1825" WIDTH="256" HEIGHT="36" WC="0.91" CONTENT="röstvärfvaren"/><SP WIDTH="32" VPOS="1825" HPOS="581"/>
							<String ID="string_352" HPOS="613" VPOS="1824" WIDTH="119" HEIGHT="35" WC="0.93" CONTENT="städse"/><SP WIDTH="29" VPOS="1824" HPOS="732"/>
							<String ID="string_353" HPOS="761" VPOS="1824" WIDTH="147" HEIGHT="34" WC="0.92" CONTENT="sträfvar"/><SP WIDTH="27" VPOS="1824" HPOS="908"/>
							<String ID="string_354" HPOS="935" VPOS="1828" WIDTH="50" HEIGHT="29" WC="0.92" CONTENT="att"/><SP WIDTH="26" VPOS="1828" HPOS="985"/>
							<String ID="string_355" HPOS="1011" VPOS="1821" WIDTH="117" HEIGHT="35" WC="0.92" CONTENT="utöfva"/><SP WIDTH="28" VPOS="1821" HPOS="1128"/>
							<String ID="string_356" HPOS="1156" VPOS="1821" WIDTH="95" HEIGHT="35" WC="0.96" CONTENT="öfver"/><SP WIDTH="27" VPOS="1821" HPOS="1251"/>
							<String ID="string_357" HPOS="1278" VPOS="1819" WIDTH="76" HEIGHT="35" WC="0.96" CONTENT="sina"/><SP WIDTH="29" VPOS="1819" HPOS="1354"/>
							<String ID="string_358" HPOS="1383" VPOS="1819" WIDTH="72" HEIGHT="34" WC="0.93" CONTENT="ofta"/><SP WIDTH="28" VPOS="1819" HPOS="1455"/>
							<String ID="string_359" HPOS="1483" VPOS="1817" WIDTH="171" HEIGHT="48" WC="0.92" CONTENT="dyrköpte"/><SP WIDTH="28" VPOS="1817" HPOS="1654"/>
							<String ID="string_360" HPOS="1682" VPOS="1817" WIDTH="138" HEIGHT="34" WC="0.81" CONTENT="anhän-"/>
						</TextLine>
						<TextLine ID="line_32" HPOS="216" VPOS="1868" WIDTH="1602" HEIGHT="56">
							<String ID="string_361" HPOS="216" VPOS="1891" WIDTH="91" HEIGHT="31" WC="0.96" CONTENT="gare,"/><SP WIDTH="34" VPOS="1891" HPOS="307"/>
							<String ID="string_362" HPOS="341" VPOS="1879" WIDTH="39" HEIGHT="33" WC="0.96" CONTENT="så"/><SP WIDTH="33" VPOS="1879" HPOS="380"/>
							<String ID="string_363" HPOS="413" VPOS="1889" WIDTH="104" HEIGHT="35" WC="0.96" CONTENT="synes"/><SP WIDTH="35" VPOS="1889" HPOS="517"/>
							<String ID="string_364" HPOS="552" VPOS="1877" WIDTH="68" HEIGHT="34" WC="0.96" CONTENT="den"/><SP WIDTH="35" VPOS="1877" HPOS="620"/>
							<String ID="string_365" HPOS="655" VPOS="1875" WIDTH="200" HEIGHT="48" WC="0.95" CONTENT="föreslagna"/><SP WIDTH="32" VPOS="1875" HPOS="855"/>
							<String ID="string_366" HPOS="887" VPOS="1873" WIDTH="252" HEIGHT="47" WC="0.96" CONTENT="förändringen"/><SP WIDTH="33" VPOS="1873" HPOS="1139"/>
							<String ID="string_367" HPOS="1172" VPOS="1884" WIDTH="80" HEIGHT="22" WC="0.96" CONTENT="vara"/><SP WIDTH="33" VPOS="1884" HPOS="1252"/>
							<String ID="string_368" HPOS="1285" VPOS="1871" WIDTH="90" HEIGHT="34" WC="0.96" CONTENT="både"/><SP WIDTH="32" VPOS="1871" HPOS="1375"/>
							<String ID="string_369" HPOS="1407" VPOS="1869" WIDTH="151" HEIGHT="48" WC="0.95" CONTENT="lämplig"/><SP WIDTH="35" VPOS="1869" HPOS="1558"/>
							<String ID="string_370" HPOS="1593" VPOS="1869" WIDTH="66" HEIGHT="34" WC="0.95" CONTENT="och"/><SP WIDTH="32" VPOS="1869" HPOS="1659"/>
							<String ID="string_371" HPOS="1691" VPOS="1869" WIDTH="35" HEIGHT="34" WC="0.91" CONTENT="af"/><SP WIDTH="30" VPOS="1869" HPOS="1726"/>
							<String ID="string_372" HPOS="1756" VPOS="1868" WIDTH="62" HEIGHT="35" WC="0.91" CONTENT="be-"/>
						</TextLine>
						<TextLine ID="line_33" HPOS="214" VPOS="1928" WIDTH="326" HEIGHT="48">
							<String ID="string_373" HPOS="214" VPOS="1930" WIDTH="121" HEIGHT="35" WC="0.91" CONTENT="hofvet"/><SP WIDTH="29" VPOS="1930" HPOS="335"/>
							<String ID="string_374" HPOS="364" VPOS="1928" WIDTH="176" HEIGHT="48" WC="0.95" CONTENT="påkallad."/>
						</TextLine>
					</TextBlock>
					<TextBlock ID="block_4" HPOS="215" VPOS="1970" WIDTH="1605" HEIGHT="251">
						<TextLine ID="line_34" HPOS="349" VPOS="1970" WIDTH="1470" HEIGHT="49">
							<String ID="string_375" HPOS="349" VPOS="1980" WIDTH="17" HEIGHT="35" WC="0.94" CONTENT="I"/><SP WIDTH="39" VPOS="1980" HPOS="366"/>
							<String ID="string_376" HPOS="405" VPOS="1993" WIDTH="109" HEIGHT="21" WC="0.92" CONTENT="mom."/><SP WIDTH="42" VPOS="1993" HPOS="514"/>
							<String ID="string_377" HPOS="556" VPOS="1979" WIDTH="22" HEIGHT="35" WC="0.91" CONTENT="d"/><SP WIDTH="33" VPOS="1979" HPOS="578"/>
							<String ID="string_378" HPOS="611" VPOS="1979" WIDTH="34" HEIGHT="34" WC="0.96" CONTENT="af"/><SP WIDTH="31" VPOS="1979" HPOS="645"/>
							<String ID="string_379" HPOS="676" VPOS="1978" WIDTH="183" HEIGHT="34" WC="0.96" CONTENT="motionen"/><SP WIDTH="35" VPOS="1978" HPOS="859"/>
							<String ID="string_380" HPOS="894" VPOS="1976" WIDTH="65" HEIGHT="35" WC="0.95" CONTENT="N:o"/><SP WIDTH="37" VPOS="1976" HPOS="959"/>
							<String ID="string_381" HPOS="996" VPOS="1979" WIDTH="46" HEIGHT="31" WC="0.96" CONTENT="10"/><SP WIDTH="34" VPOS="1979" HPOS="1042"/>
							<String ID="string_382" HPOS="1076" VPOS="1975" WIDTH="63" HEIGHT="34" WC="0.96" CONTENT="har"/><SP WIDTH="33" VPOS="1975" HPOS="1139"/>
							<String ID="string_383" HPOS="1172" VPOS="1973" WIDTH="92" HEIGHT="36" WC="0.93" CONTENT="Herr"/><SP WIDTH="37" VPOS="1973" HPOS="1264"/>
							<String ID="string_384" HPOS="1301" VPOS="1972" WIDTH="216" HEIGHT="47" WC="0.89" CONTENT="Hedengren"/><SP WIDTH="32" VPOS="1972" HPOS="1517"/>
							<String ID="string_385" HPOS="1549" VPOS="1970" WIDTH="188" HEIGHT="48" WC="0.96" CONTENT="föreslagit,"/><SP WIDTH="33" VPOS="1970" HPOS="1737"/>
							<String ID="string_386" HPOS="1770" VPOS="1977" WIDTH="49" HEIGHT="28" WC="0.96" CONTENT="att"/>
						</TextLine>
						<TextLine ID="line_35" HPOS="215" VPOS="2023" WIDTH="1604" HEIGHT="54">
							<String ID="string_387" HPOS="215" VPOS="2031" WIDTH="249" HEIGHT="35" WC="0.89" CONTENT="konsistoriela"/><SP WIDTH="33" VPOS="2031" HPOS="464"/>
							<String ID="string_388" HPOS="497" VPOS="2037" WIDTH="157" HEIGHT="40" WC="0.96" CONTENT="pastorat"/><SP WIDTH="36" VPOS="2037" HPOS="654"/>
							<String ID="string_389" HPOS="690" VPOS="2031" WIDTH="69" HEIGHT="38" WC="0.96" CONTENT="må,"/><SP WIDTH="35" VPOS="2031" HPOS="759"/>
							<String ID="string_390" HPOS="794" VPOS="2029" WIDTH="110" HEIGHT="34" WC="0.96" CONTENT="under"/><SP WIDTH="32" VPOS="2029" HPOS="904"/>
							<String ID="string_391" HPOS="936" VPOS="2027" WIDTH="224" HEIGHT="47" WC="0.96" CONTENT="iakttagande"/><SP WIDTH="33" VPOS="2027" HPOS="1160"/>
							<String ID="string_392" HPOS="1193" VPOS="2026" WIDTH="34" HEIGHT="34" WC="0.95" CONTENT="af"/><SP WIDTH="35" VPOS="2026" HPOS="1227"/>
							<String ID="string_393" HPOS="1262" VPOS="2037" WIDTH="135" HEIGHT="22" WC="0.96" CONTENT="samma"/><SP WIDTH="32" VPOS="2037" HPOS="1397"/>
							<String ID="string_394" HPOS="1429" VPOS="2023" WIDTH="279" HEIGHT="39" WC="0.96" CONTENT="bestämmelser,"/><SP WIDTH="34" VPOS="2023" HPOS="1708"/>
							<String ID="string_395" HPOS="1742" VPOS="2035" WIDTH="77" HEIGHT="21" WC="0.96" CONTENT="som"/>
						</TextLine>
						<TextLine ID="line_36" HPOS="215" VPOS="2073" WIDTH="1605" HEIGHT="57">
							<String ID="string_396" HPOS="215" VPOS="2084" WIDTH="54" HEIGHT="34" WC="0.93" CONTENT="för"/><SP WIDTH="26" VPOS="2084" HPOS="269"/>
							<String ID="string_397" HPOS="295" VPOS="2083" WIDTH="117" HEIGHT="47" WC="0.91" CONTENT="regala"/><SP WIDTH="26" VPOS="2083" HPOS="412"/>
							<String ID="string_398" HPOS="438" VPOS="2088" WIDTH="158" HEIGHT="41" WC="0.96" CONTENT="pastorat"/><SP WIDTH="26" VPOS="2088" HPOS="596"/>
							<String ID="string_399" HPOS="622" VPOS="2095" WIDTH="48" HEIGHT="21" WC="0.96" CONTENT="nu"/><SP WIDTH="24" VPOS="2095" HPOS="670"/>
							<String ID="string_400" HPOS="694" VPOS="2087" WIDTH="60" HEIGHT="29" WC="0.95" CONTENT="äro"/><SP WIDTH="24" VPOS="2087" HPOS="754"/>
							<String ID="string_401" HPOS="778" VPOS="2079" WIDTH="174" HEIGHT="48" WC="0.96" CONTENT="gällande,"/><SP WIDTH="19" VPOS="2079" HPOS="952"/>
							<String ID="string_402" HPOS="971" VPOS="2080" WIDTH="35" HEIGHT="33" WC="0.96" CONTENT="få"/><SP WIDTH="22" VPOS="2080" HPOS="1006"/>
							<String ID="string_403" HPOS="1028" VPOS="2078" WIDTH="129" HEIGHT="47" WC="0.91" CONTENT="begära"/><SP WIDTH="18" VPOS="2078" HPOS="1157"/>
							<String ID="string_404" HPOS="1175" VPOS="2076" WIDTH="110" HEIGHT="49" WC="0.91" CONTENT="fjerde"/><SP WIDTH="21" VPOS="2076" HPOS="1285"/>
							<String ID="string_405" HPOS="1306" VPOS="2075" WIDTH="277" HEIGHT="48" WC="0.91" CONTENT="profpredikant."/><SP WIDTH="41" VPOS="2075" HPOS="1583"/>
							<String ID="string_406" HPOS="1624" VPOS="2073" WIDTH="196" HEIGHT="36" WC="0.92" CONTENT="Enahanda"/>
						</TextLine>
						<TextLine ID="line_37" HPOS="216" VPOS="2125" WIDTH="1603" HEIGHT="57">
							<String ID="string_407" HPOS="216" VPOS="2135" WIDTH="181" HEIGHT="47" WC="0.96" CONTENT="yrkanden"/><SP WIDTH="27" VPOS="2135" HPOS="397"/>
							<String ID="string_408" HPOS="424" VPOS="2133" WIDTH="214" HEIGHT="35" WC="0.95" CONTENT="framställas"/><SP WIDTH="29" VPOS="2133" HPOS="638"/>
							<String ID="string_409" HPOS="667" VPOS="2133" WIDTH="34" HEIGHT="33" WC="0.95" CONTENT="af"/><SP WIDTH="25" VPOS="2133" HPOS="701"/>
							<String ID="string_410" HPOS="726" VPOS="2131" WIDTH="93" HEIGHT="36" WC="0.90" CONTENT="Herr"/><SP WIDTH="27" VPOS="2131" HPOS="819"/>
							<String ID="string_411" HPOS="846" VPOS="2131" WIDTH="44" HEIGHT="35" WC="0.83" CONTENT="N."/><SP WIDTH="27" VPOS="2131" HPOS="890"/>
							<String ID="string_412" HPOS="917" VPOS="2130" WIDTH="145" HEIGHT="35" WC="0.96" CONTENT="Nilsson"/><SP WIDTH="28" VPOS="2130" HPOS="1062"/>
							<String ID="string_413" HPOS="1090" VPOS="2129" WIDTH="12" HEIGHT="34" WC="0.96" CONTENT="i"/><SP WIDTH="28" VPOS="2129" HPOS="1102"/>
							<String ID="string_414" HPOS="1130" VPOS="2141" WIDTH="105" HEIGHT="22" WC="0.96" CONTENT="mom."/><SP WIDTH="30" VPOS="2141" HPOS="1235"/>
							<String ID="string_415" HPOS="1265" VPOS="2132" WIDTH="18" HEIGHT="30" WC="0.96" CONTENT="1"/><SP WIDTH="28" VPOS="2132" HPOS="1283"/>
							<String ID="string_416" HPOS="1311" VPOS="2128" WIDTH="34" HEIGHT="34" WC="0.96" CONTENT="af"/><SP WIDTH="21" VPOS="2128" HPOS="1345"/>
							<String ID="string_417" HPOS="1366" VPOS="2127" WIDTH="182" HEIGHT="34" WC="0.95" CONTENT="motionen"/><SP WIDTH="24" VPOS="2127" HPOS="1548"/>
							<String ID="string_418" HPOS="1572" VPOS="2125" WIDTH="68" HEIGHT="35" WC="0.95" CONTENT="N:o"/><SP WIDTH="22" VPOS="2125" HPOS="1640"/>
							<String ID="string_419" HPOS="1662" VPOS="2128" WIDTH="45" HEIGHT="32" WC="0.61" CONTENT="81"/><SP WIDTH="22" VPOS="2128" HPOS="1707"/>
							<String ID="string_420" HPOS="1729" VPOS="2131" WIDTH="90" HEIGHT="28" WC="0.95" CONTENT="samt"/>
						</TextLine>
						<TextLine ID="line_38" HPOS="217" VPOS="2181" WIDTH="951" HEIGHT="40">
							<String ID="string_421" HPOS="217" VPOS="2187" WIDTH="35" HEIGHT="34" WC="0.96" CONTENT="af"/><SP WIDTH="26" VPOS="2187" HPOS="252"/>
							<String ID="string_422" HPOS="278" VPOS="2185" WIDTH="93" HEIGHT="36" WC="0.95" CONTENT="Herr"/><SP WIDTH="26" VPOS="2185" HPOS="371"/>
							<String ID="string_423" HPOS="397" VPOS="2185" WIDTH="110" HEIGHT="35" WC="0.96" CONTENT="Jonas"/><SP WIDTH="27" VPOS="2185" HPOS="507"/>
							<String ID="string_424" HPOS="534" VPOS="2184" WIDTH="178" HEIGHT="35" WC="0.95" CONTENT="Jonasson"/><SP WIDTH="28" VPOS="2184" HPOS="712"/>
							<String ID="string_425" HPOS="740" VPOS="2183" WIDTH="11" HEIGHT="34" WC="0.96" CONTENT="i"/><SP WIDTH="28" VPOS="2183" HPOS="751"/>
							<String ID="string_426" HPOS="779" VPOS="2182" WIDTH="182" HEIGHT="35" WC="0.96" CONTENT="motionen"/><SP WIDTH="27" VPOS="2182" HPOS="961"/>
							<String ID="string_427" HPOS="988" VPOS="2181" WIDTH="67" HEIGHT="35" WC="0.96" CONTENT="N:o"/><SP WIDTH="30" VPOS="2181" HPOS="1055"/>
							<String ID="string_428" HPOS="1085" VPOS="2184" WIDTH="83" HEIGHT="31" WC="0.96" CONTENT="116."/>
						</TextLine>
					</TextBlock>
					<TextBlock ID="block_5" HPOS="218" VPOS="2227" WIDTH="1602" HEIGHT="107">
						<TextLine ID="line_39" HPOS="352" VPOS="2227" WIDTH="1468" HEIGHT="55">
							<String ID="string_429" HPOS="352" VPOS="2236" WIDTH="92" HEIGHT="35" WC="0.92" CONTENT="Herr"/><SP WIDTH="27" VPOS="2236" HPOS="444"/>
							<String ID="string_430" HPOS="471" VPOS="2236" WIDTH="43" HEIGHT="35" WC="0.89" CONTENT="N."/><SP WIDTH="34" VPOS="2236" HPOS="514"/>
							<String ID="string_431" HPOS="548" VPOS="2235" WIDTH="145" HEIGHT="35" WC="0.95" CONTENT="Nilsson"/><SP WIDTH="28" VPOS="2235" HPOS="693"/>
							<String ID="string_432" HPOS="721" VPOS="2235" WIDTH="103" HEIGHT="47" WC="0.93" CONTENT="yrkar"/><SP WIDTH="28" VPOS="2235" HPOS="824"/>
							<String ID="string_433" HPOS="852" VPOS="2234" WIDTH="169" HEIGHT="47" WC="0.91" CONTENT="derjemte"/><SP WIDTH="27" VPOS="2234" HPOS="1021"/>
							<String ID="string_434" HPOS="1048" VPOS="2231" WIDTH="209" HEIGHT="40" WC="0.96" CONTENT="alternativt,"/><SP WIDTH="28" VPOS="2231" HPOS="1257"/>
							<String ID="string_435" HPOS="1285" VPOS="2237" WIDTH="49" HEIGHT="28" WC="0.96" CONTENT="att"/><SP WIDTH="26" VPOS="2237" HPOS="1334"/>
							<String ID="string_436" HPOS="1360" VPOS="2228" WIDTH="226" HEIGHT="36" WC="0.91" CONTENT="konsistoriel"/><SP WIDTH="27" VPOS="2228" HPOS="1586"/>
							<String ID="string_437" HPOS="1613" VPOS="2227" WIDTH="207" HEIGHT="47" WC="0.96" CONTENT="församling"/>
						</TextLine>
						<TextLine ID="line_40" HPOS="218" VPOS="2280" WIDTH="1601" HEIGHT="54">
							<String ID="string_438" HPOS="218" VPOS="2290" WIDTH="58" HEIGHT="33" WC="0.96" CONTENT="må"/><SP WIDTH="30" VPOS="2290" HPOS="276"/>
							<String ID="string_439" HPOS="306" VPOS="2289" WIDTH="130" HEIGHT="34" WC="0.88" CONTENT="erhålla"/><SP WIDTH="27" VPOS="2289" HPOS="436"/>
							<String ID="string_440" HPOS="463" VPOS="2294" WIDTH="79" HEIGHT="34" WC="0.96" CONTENT="rätt,"/><SP WIDTH="34" VPOS="2294" HPOS="542"/>
							<String ID="string_441" HPOS="576" VPOS="2294" WIDTH="69" HEIGHT="28" WC="0.95" CONTENT="&quot;att"/><SP WIDTH="29" VPOS="2294" HPOS="645"/>
							<String ID="string_442" HPOS="674" VPOS="2295" WIDTH="77" HEIGHT="27" WC="0.93" CONTENT="utse"/><SP WIDTH="19" VPOS="2295" HPOS="751"/>
							<String ID="string_443" HPOS="770" VPOS="2286" WIDTH="110" HEIGHT="48" WC="0.91" CONTENT="fjerde"/><SP WIDTH="25" VPOS="2286" HPOS="880"/>
							<String ID="string_444" HPOS="905" VPOS="2284" WIDTH="269" HEIGHT="48" WC="0.92" CONTENT="profpredikant"/><SP WIDTH="17" VPOS="2284" HPOS="1174"/>
							<String ID="string_445" HPOS="1191" VPOS="2283" WIDTH="106" HEIGHT="34" WC="0.96" CONTENT="bland"/><SP WIDTH="19" VPOS="2283" HPOS="1297"/>
							<String ID="string_446" HPOS="1316" VPOS="2282" WIDTH="52" HEIGHT="35" WC="0.96" CONTENT="till"/><SP WIDTH="18" VPOS="2282" HPOS="1368"/>
							<String ID="string_447" HPOS="1386" VPOS="2281" WIDTH="187" HEIGHT="35" WC="0.93" CONTENT="befordran"/><SP WIDTH="19" VPOS="2281" HPOS="1573"/>
							<String ID="string_448" HPOS="1592" VPOS="2280" WIDTH="227" HEIGHT="47" WC="0.91" CONTENT="kompetente"/>
						</TextLine>
					</TextBlock>
				</ComposedBlock>
			</PrintSpace>
		</Page>
	</Layout>
</alto>
