1888 2810
317 176 40 31 18
731 173 292 34 Statsutskottets
1046 171 180 36 utlåtande
1250 183 42 23 nr
1312 176 73 31 110.

642 283 225 30 Motionerna
891 284 26 29 I:
935 284 43 28 16
1003 283 67 30 och
1095 283 44 30 II:
1154 284 41 28 26
1221 284 92 29 samt
1336 283 45 30 II:
1399 283 76 30 315.

363 351 18 33 I
398 350 219 34 motionerna
634 351 31 33 I:
679 354 42 31 16
740 351 65 34 och
822 351 51 33 II:
886 353 44 32 26
948 351 136 34 anföres
1102 351 163 42 följande.

361 413 18 33 I
403 412 99 43 fråga
525 425 58 20 om
607 413 242 33 bestridandet
874 425 45 21 av
941 413 240 33 kostnaderna
1204 412 54 34 för
1282 412 221 43 uppförande
1528 412 66 34 och
1619 412 183 34 underhåll

317 469 45 21 av
382 457 161 34 läroverk
564 457 65 34 och
650 457 174 42 åtskilliga
847 458 146 33 därmed
1012 457 200 42 jämförliga
1233 458 74 41 slag
1328 470 45 21 av
1395 457 205 43 byggnader
1620 458 106 42 gäller
1748 457 54 34 för

316 502 220 33 närvarande
557 502 11 33 i
589 503 90 41 regel
700 501 167 43 följande.

362 547 18 33 I
396 546 173 34 samband
586 547 81 33 med
685 551 54 29 att
757 559 43 21 en
818 546 182 40 realskola,
1020 551 53 29 ett
1090 546 105 42 högre
1214 547 148 33 allmänt
1381 546 173 40 läroverk,
1573 551 52 29 ett
1643 546 159 34 tekniskt

317 591 161 33 läroverk
499 592 82 32 eller
604 591 115 42 dylikt
740 590 145 43 förlagts
907 591 54 33 till
983 603 44 21 en
1048 591 70 33 viss
1140 596 66 35 ort,
1228 591 64 33 har
1314 591 68 33 den
1403 591 184 40 kommun,
1609 591 53 33 till
1685 591 119 33 vilken

317 636 253 33 läroanstalten
586 635 151 34 kommit
754 641 55 28 att
825 636 185 42 förläggas,
1028 635 71 34 fått
1114 635 165 34 förbinda
1296 636 51 42 sig
1364 640 55 29 att
1435 637 48 41 på
1501 647 86 31 egen
1605 636 198 33 bekostnad

317 681 72 33 låta
408 680 151 42 uppföra
579 680 402 42 läroverksbyggnaden,
1000 680 92 34 förse
1111 680 118 34 rektor
1248 681 81 33 med
1349 680 128 34 bostad
1497 681 82 33 eller
1598 681 53 33 till
1671 680 132 34 honom

317 725 160 33 utbetala
501 725 303 42 hyresersättning
828 730 92 28 samt
946 724 165 34 anskaffa
1136 725 183 42 inredning
1345 724 65 34 och
1437 725 11 33 i
1474 725 94 33 vissa
1593 724 61 34 fall
1681 725 121 33 inven-

317 770 105 33 tarier
453 770 54 33 till
539 769 460 42 undervisningslokalerna.
1031 767 101 36 Även
1164 769 221 34 underhållet
1416 769 112 34 härav
1562 770 110 33 åvilar
1703 769 99 34 kom-

317 826 141 22 munen.

362 859 127 33 Denna
515 858 195 43 anordning
732 858 106 34 tedde
862 858 50 43 sig
934 858 136 43 ganska
1093 858 153 42 naturlig
1268 859 47 42 på
1339 871 43 21 en
1404 858 66 40 tid,
1494 859 46 33 då
1564 863 53 29 ett
1641 858 162 34 läroverk

317 903 161 34 besöktes
503 904 38 32 så
564 908 79 37 gott
667 915 75 21 som
766 903 225 34 uteslutande
1016 916 45 21 av
1085 903 414 34 läroverkskommunens
1524 915 86 30 egen
1635 903 167 42 ungdom.

317 948 65 33 Ett
400 949 147 32 allmänt
564 948 161 33 läroverk
742 948 227 33 betraktades
989 960 46 21 av
1052 948 114 33 denna
1184 947 189 42 anledning
1390 948 46 33 då
1453 947 54 34 för
1525 948 99 33 tiden
1641 953 90 28 trots
1750 948 53 33 sin

318 992 142 42 statliga
477 992 170 34 karaktär
664 993 46 42 på
728 997 53 29 ett
799 992 73 33 helt
891 997 110 29 annat
1020 996 73 30 sätt
1114 996 44 30 än
1176 1004 48 22 nu
1243 1004 75 22 som
1338 1004 42 22 en
1399 992 298 34 läroverksortens
1717 1004 87 30 egen

318 1037 108 33 skola.
448 1038 73 32 Det
545 1038 124 41 ansågs
691 1037 135 42 ganska
847 1036 183 42 naturligt,
1054 1041 54 29 att
1131 1037 68 33 den
1222 1036 150 40 förmån,
1395 1049 77 21 som
1495 1036 239 34 förekomsten
1758 1049 46 21 av

318 1094 43 21 en
378 1081 97 43 dylik
490 1082 209 33 läroanstalt
714 1082 47 42 på
777 1086 101 29 orten
893 1081 175 42 utgjorde,
1084 1081 107 34 borde
1207 1080 182 34 föranleda
1405 1081 399 34 läroverkskommunen

318 1131 55 29 att
394 1126 92 42 sörja
509 1125 54 34 för
584 1126 401 42 undervisningslokaler
1008 1126 66 33 och
1096 1126 277 33 rektorsbostad.

363 1171 18 33 I
401 1171 173 33 samband
593 1171 81 33 med
694 1171 43 33 de
758 1175 137 29 senaste
915 1170 248 34 decenniernas
1185 1170 114 34 ökade
1320 1170 65 34 och
1407 1170 209 41 utjämnade
1636 1170 167 34 välstånd

317 1220 93 28 samt
424 1215 221 33 förbättrade
660 1215 347 33 kommunikationer
1022 1214 66 34 och
1102 1216 45 41 på
1161 1215 115 42 grund
1291 1227 46 21 av
1352 1215 68 33 den
1436 1214 89 34 efter
1543 1218 87 31 1927
1648 1215 155 33 ändrade

318 1259 268 43 anknytningen
613 1260 129 33 mellan
768 1259 174 33 folkskola
970 1259 66 33 och
1063 1259 170 34 realskola
1260 1259 47 34 ha
1336 1259 193 33 emellertid
1558 1259 206 34 läroverken
1792 1259 12 34 i

317 1304 160 42 stigande
501 1303 217 42 omfattning
740 1303 152 34 kommit
916 1308 56 29 att
997 1303 197 42 rekryteras
1219 1303 79 34 från
1323 1308 93 29 orter
1440 1303 145 34 utanför
1610 1303 192 34 läroverks-

316 1349 268 33 kommunerna.
611 1348 55 34 De
693 1361 45 21 av
767 1351 85 31 1945
880 1349 55 32 års
961 1348 142 42 riksdag
1130 1348 182 33 beslutade
1339 1361 26 21 s.
1391 1348 35 33 k.
1454 1348 349 43 landsbygdsstipen-

318 1393 120 34 dierna
454 1393 145 33 komma
616 1393 73 33 helt
706 1393 88 33 visst
814 1397 55 29 att
886 1392 108 34 verka
1012 1392 11 34 i
1042 1405 134 21 samma
1192 1392 169 43 riktning.
1381 1393 317 33 Läroverksortens
1717 1405 87 30 egen

318 1438 155 42 ungdom
501 1437 75 40 har,
605 1438 115 33 såsom
748 1437 170 42 naturligt
948 1440 48 37 är,
1026 1437 81 42 inga
1134 1437 202 34 företräden
1365 1437 11 33 1
1404 1437 100 42 fråga
1533 1450 59 20 om
1620 1437 183 43 intagning

317 1482 146 34 framför
479 1487 102 28 utom
596 1487 99 28 orten
712 1482 146 33 boende.
875 1482 91 33 Man
981 1482 73 33 kan
1070 1481 117 34 därför
1204 1481 99 43 fråga
1321 1482 61 42 sig,
1398 1482 120 33 varför
1536 1482 68 33 den
1620 1482 183 40 kommun,

317 1527 11 33 i
346 1527 116 33 vilken
481 1526 199 34 läroverket
698 1530 38 30 är
754 1526 148 42 beläget,
920 1526 89 33 skall
1026 1526 46 34 ha
1090 1529 109 30 större
1218 1525 234 44 förpliktelser
1470 1526 12 34 i
1500 1526 99 43 fråga
1618 1538 59 22 om
1694 1526 108 34 lokal-

318 1571 272 42 anskaffningen
618 1574 45 30 än
690 1571 122 33 andra.
839 1571 234 33 Läroverkets
1101 1571 177 42 placering
1305 1572 47 41 på
1380 1576 101 29 orten
1511 1574 38 31 är
1577 1571 226 42 naturligtvis

318 1628 44 21 en
380 1616 143 42 mycket
542 1620 73 29 stor
634 1615 139 33 förmån
791 1615 54 33 för
863 1616 178 33 elevernas
1061 1616 173 33 målsmän
1253 1627 81 22 men
1355 1616 160 33 däremot
1535 1615 76 34 icke
1631 1615 54 34 för
1704 1615 98 34 kom-

318 1660 364 34 munmedlemmarna
700 1672 76 21 som
795 1660 131 33 sådana
946 1660 10 32 i
976 1672 119 21 annan
1113 1660 83 33 mån
1217 1663 46 30 än
1282 1665 55 28 att
1357 1660 199 33 läroverket
1577 1660 109 34 tillför
1704 1660 99 34 kom-

318 1717 131 21 munen
467 1705 206 33 inkomster.
692 1705 88 33 Men
800 1704 322 34 skatteintäkterna
1141 1704 78 33 från
1240 1704 68 34 den
1327 1704 61 34 vid
1408 1705 200 33 läroverket
1628 1704 176 34 anställda

317 1750 207 42 personalen
546 1752 59 31 äro
627 1749 203 42 obetydliga
850 1749 11 33 i
880 1748 200 42 jämförelse
1101 1748 80 34 med
1203 1748 43 34 de
1268 1749 108 42 årliga
1398 1748 195 43 utgifterna
1613 1749 54 34 för
1690 1762 113 21 amor-

318 1794 114 43 tering
450 1794 66 33 och
535 1793 222 42 förräntning
778 1806 45 21 av
842 1793 144 42 nedlagt
1006 1793 320 42 byggnadskapital
1346 1798 93 29 samt
1459 1793 54 34 för
1533 1793 184 34 underhåll
1737 1793 67 35 och

319 1839 109 33 andra
454 1837 262 35 omkostnader.
742 1839 68 32 För
836 1838 42 33 de
903 1838 414 40 kommunmedlemmar,
1343 1850 75 21 som
1444 1838 76 33 icke
1546 1838 47 34 ha
1620 1839 80 33 eller
1725 1838 79 34 haft

319 1895 88 30 egna
425 1883 88 33 barn
531 1883 12 33 i
561 1883 209 39 läroverket,
789 1885 103 39 utgör
910 1881 264 43 förläggningen
1193 1887 54 29 ett
1266 1894 99 22 onus.
1384 1882 94 34 Från
1498 1883 68 33 den
1585 1895 48 21 nu
1653 1883 151 42 anlagda

319 1927 228 43 synpunkten
567 1932 54 29 ter
640 1927 60 33 det
720 1927 52 42 sig
793 1927 148 33 sålunda
962 1927 63 33 allt
1046 1926 134 34 mindre
1201 1926 165 41 hållbart,
1390 1932 55 28 att
1467 1927 304 34 skattebetalarna
1792 1928 12 33 i

318 1972 397 34 läroverkskommunen
736 1972 98 33 skola
856 1983 181 22 ensamma
1060 1971 153 34 bestrida
1236 1971 335 34 lokalkostnaderna
1593 1971 54 34 för
1668 1984 44 22 en
1733 1977 70 29 sta-

318 2022 77 28 tens
415 2017 220 33 läroanstalt.

364 2062 80 33 Den
468 2061 231 42 särställning,
724 2073 75 21 som
821 2060 434 34 läroverkskommunerna
1278 2060 145 34 sålunda
1446 2060 132 43 intaga,
1599 2066 54 29 ter
1676 2060 51 43 sig
1750 2073 59 21 an-

318 2105 294 43 märkningsvärd
629 2108 90 31 även
734 2110 76 28 mot
826 2104 232 42 bakgrunden
1074 2117 45 21 av
1137 2108 86 30 1945
1242 2105 55 33 års
1314 2104 159 43 riksdags
1490 2105 117 34 beslut
1624 2117 57 22 om
1699 2110 105 29 stats-

318 2150 124 42 bidrag
460 2150 53 33 till
533 2149 388 42 folkskolebyggnader.

364 2195 161 33 Bortsett
544 2194 79 34 från
643 2194 42 34 de
704 2206 26 21 s.
749 2194 35 33 k.
803 2193 330 34 statsfolkskolorna
1153 2193 11 34 i
1183 2193 214 43 nordligaste
1417 2193 142 43 Sverige
1578 2194 46 34 ha
1643 2194 161 34 kommu-

319 2251 108 22 nerna
451 2239 109 33 sedan
583 2239 171 43 gammalt
779 2238 112 42 själva
915 2238 167 34 bekostat
1106 2238 221 42 uppförande
1352 2251 45 21 av
1422 2238 76 34 sina
1522 2238 282 43 folkskolebygg-

318 2283 119 34 nader.
459 2284 116 34 Sedan
599 2287 86 30 1936
707 2283 64 33 har
793 2283 215 42 statsbidrag
1029 2282 118 34 härtill
1169 2284 121 41 utgått
1312 2283 81 33 med
1416 2283 163 42 omkring
1600 2283 136 34 hälften
1759 2296 47 21 av

317 2328 251 40 kostnaderna,
593 2328 65 34 och
684 2328 11 33 i
719 2327 100 42 fråga
843 2340 57 21 om
926 2327 178 42 bidragets
1129 2328 149 33 relativa
1303 2328 131 33 storlek
1459 2328 64 33 har
1550 2328 125 34 därvid
1701 2328 104 42 ingen

319 2372 190 35 åtskillnad
531 2373 111 42 gjorts
663 2373 128 32 mellan
813 2372 92 34 olika
928 2372 232 34 skoldistrikt.
1184 2372 94 33 Från
1301 2372 65 34 och
1390 2373 81 33 med
1494 2372 11 33 i
1528 2373 39 33 år
1587 2373 104 41 utgår
1715 2372 90 34 dock

319 2418 100 33 detta
434 2417 124 42 bidrag
572 2417 81 34 med
667 2417 93 33 olika
773 2417 127 33 kvoter
913 2417 11 33 i
938 2416 219 34 förhållande
1170 2416 54 34 till
1239 2417 61 33 det
1314 2417 230 33 kommunala
1559 2416 246 34 skatteunder-

318 2463 93 41 laget
427 2474 61 30 per
505 2461 336 34 kommunmedlem.
857 2462 18 32 I
891 2460 201 43 jämförelse
1108 2461 80 33 med
1205 2460 97 34 förut
1320 2461 177 42 utgående
1517 2461 124 42 bidrag
1659 2460 36 34 få
1714 2473 90 22 som-

318 2507 69 42 liga
413 2507 211 33 kommuner
650 2506 148 33 sålunda
824 2518 96 21 mera
950 2509 45 30 än
1021 2505 72 34 förr
1121 2505 65 34 och
1213 2505 146 43 somliga
1386 2505 148 34 mindre.
1563 2506 83 34 Som
1674 2506 131 34 allmän

319 2552 91 42 regel
429 2551 101 34 torde
548 2550 37 34 få
606 2563 99 22 anses
726 2551 103 41 gälla,
850 2555 55 29 att
925 2550 390 34 läroverkskommuner
1337 2550 37 34 få
1395 2550 199 34 vidkännas
1616 2563 43 21 en
1678 2550 126 35 reduk-
