1886 2810
297 181 20 30 4
715 171 288 36 Statsutskottets
1026 168 184 36 utlåtande
1234 178 41 23 nr
1297 170 73 31 110.

301 261 65 30 350
388 257 112 33 elever
522 259 94 29 samt
637 266 42 22 en
699 252 207 34 kommunal
925 250 181 34 flickskola
1127 250 81 33 med
1229 248 161 41 omkring
1412 250 63 30 130
1498 246 122 34 elever.
1642 244 150 34 Stadens

300 300 189 35 kostnader
513 299 54 33 för
593 299 60 33 det
678 296 228 35 kommunala
932 294 198 44 gymnasiet
1154 304 132 31 uppges
1312 291 53 34 för
1390 291 79 34 åren
1497 292 224 32 1913—1944
1747 288 45 33 ha

301 345 152 43 uppgått
473 344 52 33 till
548 342 161 43 omkring
729 345 65 30 800
809 344 66 30 000
896 340 139 33 kronor.

345 389 133 35 Staden
494 389 63 32 har
575 400 41 21 en
633 386 205 42 folkmängd
854 397 47 21 av
918 383 161 43 omkring
1096 386 42 30 10
1154 386 65 29 000
1239 381 166 34 invånare
1422 384 92 30 samt
1531 382 38 31 är
1585 390 41 22 en
1645 376 147 35 central-

300 434 117 43 punkt
440 432 52 34 för
514 431 254 34 träindustrien
792 430 66 33 och
883 441 42 21 en
950 427 201 43 betydande
1174 426 213 33 handelsort.
1411 422 205 35 Avstånden
1640 422 54 33 till
1718 425 74 29 när-

301 483 112 29 maste
430 475 308 45 gymnasiestäder,
758 474 112 34 Gävle
887 473 65 34 och
968 471 226 39 Hudiksvall,
1211 474 57 30 äro
1286 473 42 30 84
1344 469 85 39 km.,
1448 467 195 43 respektive
1661 470 39 30 61
1719 466 74 32 km.

302 522 226 43 Gymnasiets
557 518 301 44 lärjungeområde
887 517 189 34 innesluter
1104 528 42 21 en
1175 514 203 42 folkmängd
1408 525 45 21 av
1482 512 160 41 omkring
1670 514 42 29 835
1727 513 65 30 000

301 568 177 32 invånare.
498 565 217 41 Underlaget
734 563 52 34 för
806 561 197 44 gymnasiet
1021 563 139 39 utgöres
1180 559 125 33 främst
1324 570 45 22 av
1389 557 139 34 stadens
1548 553 245 37 samrealskola

302 612 65 33 och
395 609 225 35 kommunala
648 608 180 34 flickskola
858 611 91 30 samt
976 605 107 35 delvis
1112 617 44 21 av
1185 602 310 35 samrealskolorna
1522 601 10 34 i
1558 600 143 34 Bollnäs
1728 598 64 34 och

300 655 146 42 Ljusdal
468 659 92 30 samt
582 654 103 41 högre
706 652 198 34 folkskolan
925 651 10 33 i
956 650 159 42 Edsbyn.
1137 647 309 41 Tillströmningen
1468 646 52 33 till
1542 644 111 34 första
1674 644 118 41 ringen

301 712 45 21 av
369 699 125 34 endera
517 697 289 44 gymnasielinjen
829 696 71 33 kan
922 695 51 33 för
995 693 216 34 närvarande
1233 691 169 34 beräknas
1424 690 117 42 uppgå
1564 689 53 33 till
1641 692 42 29 25
1707 688 20 33 åa
1750 690 42 30 30

301 744 123 34 elever.
446 743 249 34 Kostnaderna
718 741 52 33 för
793 739 212 44 gymnasiets
1028 737 239 43 upprättande
1290 736 170 33 beräknas
1481 734 109 34 första
1613 734 74 34 året
1709 732 51 34 till
1783 731 10 33 i

302 793 83 29 runt
414 788 48 34 tal
492 790 123 31 29000
645 786 128 33 kronor
802 785 66 33 och
896 784 62 33 vid
986 783 81 35 fullt
1097 782 161 42 utbyggd
1287 779 235 43 organisation
1550 778 53 34 till
1633 776 161 41 omkring

302 836 42 30 98
359 836 65 30 000
443 832 139 33 kronor.

347 920 235 41 Varberg.
622 918 168 33 Förutom
819 915 282 39 samrealskolan,
1129 913 116 34 vilken
1274 916 37 30 är
1339 910 219 43 organiserad
1588 909 82 34 med
1697 908 96 34 såväl

302 964 110 42 5-årig
430 976 73 21 som
520 962 112 42 4-årig
648 962 93 41 linje,
759 961 113 33 finnes
888 960 11 33 i
917 959 121 34 staden
1054 971 42 21 en
1112 957 207 34 kommunal
1336 955 182 34 flickskola
1534 955 81 33 med
1631 948 163 51 omkring

305 1012 63 30 120
391 1009 122 32 elever.
534 1007 225 33 Elevantalet
778 1006 10 32 i
810 1004 269 34 samrealskolan
1099 1003 64 32 har
1185 1001 95 42 stigit
1301 1000 78 33 från
1401 1003 63 30 193
1486 1000 36 33 år
1544 1002 87 30 1940
1654 998 52 34 till
1727 1000 65 30 275

301 1053 37 33 år
361 1056 99 30 1945.

346 1096 148 34 Stadens
517 1094 205 42 folkmängd
746 1093 136 42 uppgår
907 1091 50 35 till
981 1090 161 42 omkring
1167 1093 121 30 11500
1313 1088 175 33 invånare.
1511 1085 206 35 Avstånden
1739 1084 54 34 till

301 1144 174 30 närmaste
495 1138 299 44 gymnasiestäder
815 1141 59 30 äro
895 1136 164 42 följande:
1083 1134 177 42 Göteborg
1280 1137 42 30 77
1344 1133 83 39 km.,
1446 1131 189 34 Halmstad
1657 1133 42 30 74
1720 1129 73 33 km.

301 1186 65 33 och
391 1185 107 33 Borås
522 1188 42 30 86
589 1184 73 33 km.
697 1180 337 44 Lärjungeområdet
1056 1179 53 33 för
1133 1184 53 28 ett
1209 1177 191 34 eventuellt
1422 1175 224 44 gymnasium
1671 1173 121 34 beräk-

301 1242 62 21 nas
391 1229 173 34 innesluta
593 1227 161 42 omkring
784 1230 63 29 110
863 1229 65 30 000
956 1225 178 33 invånare.
1173 1221 211 42 Underlaget
1409 1220 54 34 för
1490 1225 53 29 ett
1569 1218 224 44 gymnasium

301 1274 111 34 skulle
437 1273 125 34 främst
589 1275 141 39 utgöras
757 1283 45 21 av
828 1270 140 34 stadens
995 1267 247 35 samrealskola
1268 1267 64 33 och
1357 1265 229 34 kommunala
1611 1262 182 35 flickskola

302 1323 92 30 samt
413 1317 269 35 samrealskolan
700 1317 11 33 i
729 1314 217 42 Falkenberg
963 1325 80 22 men
1062 1313 188 33 därutöver
1267 1313 89 31 även
1377 1309 109 35 delvis
1505 1321 44 22 av
1568 1307 224 35 samrealsko-

301 1364 99 33 lorna
424 1363 11 33 i
460 1362 121 33 Kinna
608 1361 65 34 och
700 1358 251 43 Kungsbacka.
976 1355 310 42 Tillströmningen
1313 1354 51 34 till
1391 1353 107 34 första
1525 1353 120 42 ringen
1672 1365 44 20 av
1742 1355 50 30 ett

301 1407 129 42 3-årigt
453 1406 79 34 eller
555 1405 128 42 4-årigt
705 1402 222 44 gymnasium
950 1402 68 33 kan
1043 1400 53 34 för
1119 1399 219 35 närvarande
1363 1398 171 34 beräknas
1557 1397 51 35 till
1633 1392 161 51 omkring

302 1456 42 30 35
363 1453 123 33 elever.

345 1495 297 35 Samrealskolans
662 1492 130 35 lokaler
812 1495 60 30 äro
892 1491 72 34 icke
986 1489 205 42 tillräckliga
1210 1501 59 20 ens
1290 1487 52 34 för
1362 1486 288 35 samrealskolans
1669 1485 124 39 behov,

301 1540 118 34 varför
440 1545 52 30 ett
513 1539 165 42 nybygge
699 1549 101 30 synes
823 1534 228 43 erforderligt,
1074 1546 60 21 om
1156 1532 193 34 realskolan
1372 1531 86 34 skall
1478 1531 119 33 kunna
1621 1529 171 34 ombildas

302 1585 52 34 till
370 1585 104 42 högre
490 1584 145 33 allmänt
650 1581 168 34 läroverk.

348 1645 339 42 Skolöverstyrelsen
715 1644 169 38 förordar,
913 1647 54 28 att
996 1646 52 29 ett
1075 1640 140 42 statligt
1244 1638 221 43 gymnasium
1496 1641 187 39 upprättas
1713 1635 80 34 med

303 1700 111 42 4-årig
428 1700 100 33 latin-
546 1698 66 34 och
630 1697 109 42 3-årig
754 1695 168 42 reallinje.

346 1768 400 45 Departementschefen
765 1767 63 33 har
846 1766 76 33 icke
941 1765 53 33 för
1011 1768 103 30 nästa
1133 1763 174 42 budgetår
1325 1762 185 42 ifrågasatt
1528 1760 259 43 upprättandet

302 1838 44 20 av
365 1825 104 41 något
488 1828 82 38 nytt
589 1822 136 42 statligt
744 1820 234 43 gymnasium.
1007 1819 18 32 I
1045 1818 112 34 denna
1176 1816 98 43 fråga
1293 1816 98 34 anför
1410 1813 383 44 departementschefen

301 1877 165 43 följande.

349 1969 87 31 1927
466 1966 54 32 års
549 1962 275 43 riksdagsbeslut
852 1961 145 34 rörande
1027 1960 42 33 de
1099 1959 175 34 allmänna
1304 1957 222 34 läroverkens
1557 1955 235 44 organisation

301 2009 215 35 innefattade
537 2006 309 45 upprätthållande
867 2018 45 21 av
933 2009 42 30 49
996 2004 116 42 högre,
1134 2005 33 33 d.
1189 2016 34 20 v.
1247 2015 25 21 s.
1293 2003 79 33 med
1393 2000 196 44 gymnasier
1609 1999 183 35 utrustade

300 2056 179 33 allmänna
503 2052 171 35 läroverk.
699 2051 114 34 Sedan
839 2051 77 33 dess
941 2049 46 34 ha
1013 2052 40 30 16
1082 2060 71 30 nya
1180 2047 131 34 sådana
1336 2046 215 39 tillkommit,
1577 2046 35 33 så
1638 2050 53 29 att
1715 2044 77 33 hela

302 2100 133 33 antalet
458 2109 145 23 numera
628 2096 133 42 uppgår
784 2095 53 33 till
862 2098 54 30 65.
951 2094 56 33 Av
1032 2094 41 33 de
1099 2096 41 30 16
1166 2092 234 42 nytillkomna
1423 2090 192 34 inrättades
1641 2094 18 29 9
1684 2089 110 33 under

302 2144 59 33 det
383 2143 110 34 första
516 2141 181 35 decenniet
719 2140 87 33 efter
829 2139 154 33 nämnda
1005 2136 273 43 riksdagsbeslut
1299 2135 126 33 medan
1449 2134 111 34 under
1583 2135 56 34 det
1663 2144 130 27 senare,

302 2200 144 21 numera
475 2192 96 28 snart
599 2185 255 41 tilländalupna
883 2182 181 35 decenniet
1090 2181 125 34 hittills
1243 2181 165 33 inrättats
1437 2183 19 30 7
1486 2191 71 29 nya
1584 2178 208 43 gymnasier.

303 2231 227 35 Sistnämnda
560 2229 215 35 förhållande
803 2228 173 42 förtjänar
1004 2224 315 45 uppmärksamhet
1349 2225 11 33 i
1389 2223 234 35 betraktande
1653 2236 44 21 av
1727 2223 66 33 den

301 2277 46 41 på
365 2288 119 22 senare
500 2275 54 34 tid
573 2275 63 34 allt
653 2286 94 21 mera
765 2272 260 34 målmedvetna
1044 2273 143 31 strävan
1205 2275 54 29 att
1276 2272 82 39 göra
1374 2267 243 43 gymnasierna
1633 2267 159 41 tillgäng-

301 2321 67 42 liga
385 2320 53 33 för
455 2320 62 33 allt
534 2322 109 31 större
660 2317 382 42 befolkningsgrupper.
1058 2315 128 33 Denna
1204 2312 279 35 återhållsamhet
1501 2311 292 40 sammanhänger

301 2364 150 44 givetvis
473 2364 53 34 till
550 2368 74 29 stor
648 2363 53 34 del
724 2362 81 33 med
829 2361 41 33 de
894 2359 284 36 statsfinansiella
1200 2357 261 34 förhållandena
1483 2356 111 34 under
1616 2354 176 42 krigsåren

302 2421 80 22 men
404 2409 100 33 beror
527 2411 89 31 även
637 2407 44 42 på
703 2418 41 22 en
766 2405 133 34 önskan
921 2409 55 29 att
997 2404 36 33 så
1054 2404 79 33 litet
1155 2414 74 22 som
1250 2401 137 42 möjligt
1406 2400 173 42 föregripa
1600 2412 42 21 en
1664 2399 128 34 allmän

301 2457 150 38 översyn
482 2465 44 21 av
555 2449 461 46 gymnasieorganisationen
1043 2448 11 33 i
1082 2447 172 34 samband
1283 2445 79 34 med
1391 2457 40 21 en
1458 2443 215 35 kommande
1703 2442 88 34 skol-

302 2497 140 34 reform.
464 2497 82 42 Nya
570 2495 198 44 gymnasier
790 2494 46 33 ha
860 2492 114 36 därför
997 2492 42 34 de
1062 2495 135 30 senaste
1219 2491 82 32 åren
1324 2490 163 33 inrättats
1510 2488 124 34 endast
1657 2487 43 33 då
1724 2490 67 30 sär-
