1848 2790
264 144 37 29 16
622 140 402 40 Bevillningsutskottets
1050 138 219 30 betänkande
1295 147 43 20 nr
1359 139 50 29 31.

263 227 90 29 skall
377 235 121 31 genom
523 225 152 30 särskild
698 223 224 40 beskattning
942 223 104 39 gälda
1070 222 67 29 den
1161 221 236 34 merkostnad,
1422 229 75 20 som
1522 220 114 29 denna
1660 219 108 29 trafik

264 277 145 30 orsakar
433 275 242 40 vägväsendet”
707 274 231 40 (proposition
964 283 41 20 nr
1032 272 206 36 284/1938).
1267 272 139 30 Samma
1431 270 135 40 princip
1594 270 63 29 har
1684 271 85 28 även

264 327 148 30 kommit
434 327 52 29 till
508 326 142 39 uttryck
672 326 10 28 i
705 325 194 29 direktiven
922 324 53 29 för
998 323 67 30 den
1088 322 177 40 pågående
1288 321 232 39 utredningen
1543 320 149 30 rörande
1715 320 54 28 be-

264 377 179 39 skattning
466 386 42 21 av
531 374 427 32 motorfordonstrafiken.
983 375 13 29 I
1020 373 103 30 dessa
1146 373 96 29 heter
1266 372 72 30 det:
1366 371 324 39 ”Utgångspunkten
1716 370 53 30 för

265 427 230 39 utredningen
521 427 63 29 bör
609 435 84 21 vara
720 427 50 28 att
797 434 75 21 som
899 425 130 29 allmän
1054 423 158 39 riktlinje
1241 422 217 30 fortfarande
1486 421 88 30 skall
1603 421 89 38 gälla
1720 421 49 28 att

265 476 415 31 motorfordonstrafiken
705 484 122 31 genom
852 474 150 31 särskild
1027 473 224 39 beskattning
1275 472 118 40 gäldar
1417 472 68 29 den
1509 471 160 34 kostnad,
1696 479 72 20 som

266 528 67 30 den
360 528 143 29 orsakar
529 526 253 40 vägväsendet.”
811 525 92 30 Från
931 524 289 31 statsmakternas
1248 523 76 29 sida
1350 523 63 29 har
1441 521 148 30 sålunda
1616 521 76 29 icke
1721 523 49 27 ut-

266 578 134 39 tryckts
430 578 113 39 någon
573 577 174 30 avvikelse
776 576 80 29 från
886 576 63 29 här
979 574 195 30 refererade
1203 573 146 40 princip.
1381 573 176 29 Utskottet
1586 572 64 29 har
1680 571 90 29 velat

266 628 116 30 erinra
404 637 55 21 om
480 628 94 29 detta
597 628 65 29 och
684 626 233 39 understryka
939 625 294 39 angelägenheten
1255 625 50 28 att
1328 622 269 30 motortrafiken
1619 622 75 29 icke
1717 621 55 29 be-

268 679 108 28 lastas
394 678 77 29 med
489 678 109 29 andra
619 678 130 28 skatter
768 678 44 28 än
831 676 79 29 dem
929 684 73 21 som
1021 675 70 28 kan
1111 674 186 29 motiveras
1316 674 78 29 med
1413 673 79 29 dess
1511 672 102 30 andel
1632 681 42 20 av
1690 672 80 38 väg-

267 728 245 30 kostnaderna.

313 779 12 29 I
346 779 177 29 motionen
541 797 45 3 —
602 796 46 3 —
663 796 45 3 —
731 778 56 33 (=
803 777 169 30 utskottet
993 786 25 20 s.
1041 776 39 29 13
1102 776 63 29 rad
1188 775 38 29 14
1246 774 235 30 nedifrån—s.
1505 773 39 29 14
1565 773 63 29 rad
1648 773 18 29 5
1688 782 85 29 upp-

268 829 108 34 ifrån)
402 847 43 3 —
463 847 44 3 -—
525 847 45 3 —
590 829 71 29 kan
683 828 161 40 grundas.

313 879 116 30 Under
449 879 221 39 åberopande
691 888 40 20 av
750 878 66 29 vad
839 877 147 30 sålunda
1008 876 136 31 anförts
1166 876 53 29 får
1241 876 168 29 utskottet
1431 874 194 33 hemställa,

627 930 30 33 I)
682 930 50 28 att
750 928 187 38 riksdagen
955 927 118 34 måtte,
1093 926 79 30 med
1192 925 223 31 förklarande
1436 926 50 27 att
1505 923 125 39 Kungl.
1651 923 123 39 Maj:ts

583 979 228 30 förevarande
843 977 216 41 proposition
1091 986 42 20 nr
1166 976 40 30 83
1239 976 75 29 icke
1347 976 135 28 kunnat
1514 984 42 20 av
1588 974 187 39 riksdagen

583 1029 211 30 oförändrad
816 1028 139 30 bifallas
978 1030 90 27 samt
1090 1027 10 29 i
1121 1027 189 39 anledning
1333 1035 40 20 av
1396 1026 40 29 de
1459 1024 223 39 likalydande
1704 1032 72 20 mo-

583 1080 160 29 tionerna
763 1080 28 28 1:
808 1079 62 30 375
891 1088 43 20 av
952 1079 79 28 herr
1052 1078 212 39 Magnusson
1284 1086 45 20 m.
1350 1076 36 29 fl.
1408 1076 63 29 och
1491 1075 45 29 II:
1553 1074 62 30 465
1637 1083 42 20 av
1698 1074 78 29 herr

584 1129 104 30 Birke
710 1139 44 20 m.
778 1129 48 34 fl.,
849 1128 178 30 motionen
1049 1128 46 29 II:
1112 1127 64 30 464
1199 1137 41 20 av
1262 1127 80 29 herr
1366 1126 226 30 Christenson
1615 1125 10 28 i
1649 1124 127 29 Malmö

585 1182 90 27 samt
700 1180 177 29 motionen
902 1179 45 29 II:
963 1178 63 30 466
1052 1188 42 20 av
1119 1178 120 29 herrar
1264 1177 161 30 Carlsson
1450 1176 10 28 i
1488 1175 199 30 Stockholm
1712 1175 65 29 och

585 1230 171 38 Kollberg,
783 1231 127 37 antaga
936 1229 41 29 de
1002 1229 57 29 vid
1085 1227 261 40 propositionen
1373 1227 123 39 fogade
1523 1226 175 39 förslagen
1725 1226 52 29 till

634 1280 33 33 1)
693 1279 205 40 förordning
917 1279 178 39 angående
1116 1278 132 30 ändrad
1268 1278 129 39 lydelse
1418 1286 41 21 av
1481 1278 15 28 1
1521 1276 15 37 $
1560 1276 218 39 förordning-

586 1339 43 20 en
651 1330 66 30 den
740 1329 18 30 3
776 1329 74 40 maj
879 1329 82 29 1929
989 1328 58 34 (nr
1070 1328 58 34 62)
1157 1337 57 20 om
1236 1328 150 29 särskild
1411 1328 92 29 skatt
1522 1327 24 30 å
1567 1326 123 30 bensin
1714 1327 64 29 och

586 1379 203 40 motorsprit
815 1379 80 29 med
921 1379 58 29 det
1004 1378 155 40 tillägget
1186 1380 50 28 att
1262 1378 251 39 förordningen
1540 1377 123 29 endast
1690 1377 88 29 skall

587 1431 90 39 gälla
701 1430 51 29 till
775 1430 64 29 och
863 1429 79 29 med
966 1429 67 30 den
1057 1429 38 29 31
1122 1428 180 30 december
1328 1428 99 35 1953;

632 1481 36 34 2)
701 1480 205 39 förordning
933 1489 55 19 om
1016 1479 152 39 tillfällig
1193 1479 95 29 skatt
1316 1479 19 29 å
1362 1478 133 34 bensin,
1524 1487 73 20 som
1626 1477 115 29 finnes
1768 1477 11 28 i

588 1531 91 29 riket
699 1531 66 29 den
788 1532 14 28 1
824 1530 66 40 juli
914 1530 97 34 1953;
1035 1532 91 27 samt

633 1581 36 34 3)
696 1581 204 39 förordning
920 1590 56 19 om
997 1580 135 29 ändrad
1153 1579 128 39 lydelse
1302 1588 42 21 av
1366 1580 13 28 1
1406 1579 14 36 $
1444 1578 249 40 förordningen
1714 1578 66 30 den

589 1631 19 30 3
628 1631 70 40 maj
724 1631 81 30 1935
831 1631 57 33 (nr
910 1630 77 35 142)
1014 1630 179 39 angående
1213 1630 93 29 skatt
1327 1630 19 29 å
1365 1630 92 29 vissa
1478 1629 55 30 för
1552 1629 168 29 drivande
1740 1638 41 20 av

589 1682 191 29 automobil
804 1681 160 29 använda
987 1680 205 39 brännoljor
1215 1680 79 29 med
1317 1680 57 29 det
1398 1680 153 39 tillägget
1575 1681 51 27 att
1648 1679 134 30 förord-

590 1732 128 40 ningen
736 1732 123 29 endast
878 1732 88 29 skall
982 1731 92 40 gälla
1091 1730 54 30 till
1163 1731 63 29 och
1243 1731 80 30 med
1342 1731 64 29 den
1427 1731 38 29 31
1487 1730 181 29 december
1688 1729 93 34 1953,

591 1784 164 29 ävensom

636 1833 47 34 II)
707 1834 50 28 att
776 1832 186 39 riksdagen
981 1831 107 30 måtte
1106 1832 13 28 i
1139 1831 186 40 anledning
1346 1841 42 20 av
1407 1831 42 31 de
1468 1831 224 39 likalydande
1712 1839 70 21 mo-

591 1883 159 30 tionerna
769 1883 29 29 I:
814 1882 63 30 375
898 1892 42 20 av
958 1883 80 29 herr
1058 1882 213 39 Magnusson
1290 1891 45 20 m.
1355 1882 37 29 fl.
1413 1882 64 28 och
1498 1881 44 29 II:
1559 1881 62 29 465
1640 1890 43 21 av
1703 1881 80 29 herr

592 1933 104 30 Birke
721 1942 44 21 m.
791 1933 37 29 fl.
855 1933 194 33 hemställa,
1076 1934 51 28 att
1153 1932 123 39 Kungl.
1303 1932 104 39 Maj:t
1434 1931 107 30 måtte
1567 1931 51 29 till
1644 1931 140 29 inneva-

591 1984 109 29 rande
724 1983 56 30 års
805 1983 224 39 höstriksdag
1054 1982 194 39 framlägga
1273 1982 129 39 förslag
1427 1982 52 29 till
1504 1991 95 20 mera
1624 1981 159 30 definitiv

589 2033 170 39 reglering
782 2042 41 20 av
845 2032 269 39 beskattningen
1138 2042 41 20 av
1203 2031 446 30 motorfordonstrafiken.»

517 2440 108 21 537365.
655 2435 166 25 Stockholm
843 2436 78 23 1953.
941 2436 80 23 Isaac
1041 2435 113 24 Marcus
1175 2434 187 30 Boktryckeri
1384 2433 170 30 Aktiebolag
