1886 2782
288 150 40 31 16
596 149 407 28 Konstitutionsutskottets
1027 151 162 27 utlåtande
1212 159 40 19 nr
1274 152 34 26 11
1332 152 36 26 år
1391 152 75 27 1955

956 410 65 41 Nr
1053 410 53 41 11

594 521 454 31 Konstitutionsutskottets
1075 523 180 30 utlåtande
1282 523 12 30 i
1318 524 189 39 anledning
1532 534 42 20 av
1599 524 175 30 motioner

684 575 176 39 angående
886 576 70 29 viss
981 576 149 40 ändring
1155 586 42 20 av
1223 577 309 30 bestämmelserna
1557 587 56 20 om
1638 578 134 30 röstav-

684 628 156 40 lämning
859 629 47 40 på
928 630 150 29 svenska
1101 630 272 39 beskickningar
1396 631 63 29 och
1482 631 177 30 konsulat.

338 734 13 29 I
371 734 42 30 de
434 734 234 40 likalydande,
689 735 53 30 till
762 736 428 30 konstitutionsutskottet
1210 737 191 30 hänvisade
1423 737 220 31 motionerna
1663 747 43 21 nr
1728 738 41 30 83

285 787 12 29 i
318 787 113 30 första
452 788 207 30 kammaren
682 798 43 20 av
746 789 80 30 herr
847 789 214 30 Lundström
1086 790 65 29 och
1174 799 43 20 nr
1242 790 61 30 110
1325 790 13 29 i
1361 791 111 29 andra
1493 791 209 30 kammaren
1725 801 44 20 av

283 840 127 31 fröken
439 841 106 39 Vinge
573 850 46 21 m.
647 842 39 39 fl.
716 842 211 35 hemställes,
958 845 72 28 »att
1057 843 189 40 riksdagen
1273 843 80 30 ville
1382 844 55 30 för
1466 844 55 30 sin
1549 845 56 29 del
1632 844 139 30 besluta

284 894 133 30 sådana
433 895 189 40 ändringar
636 895 11 29 i
663 896 71 39 Lag
749 905 57 20 om
820 896 56 29 val
891 896 54 30 till
961 896 187 39 riksdagen
1164 897 66 29 och
1246 897 213 30 Kommunal
1474 898 124 39 vallag,
1616 899 51 28 att
1683 899 88 29 röst-

284 948 202 40 avlämning
504 948 45 40 på
566 949 129 29 svensk
713 949 231 40 beskickning
964 950 64 29 och
1047 950 167 29 konsulat
1233 950 71 29 kan
1324 952 64 37 äga
1408 960 80 20 rum
1507 951 44 29 fr.
1571 960 30 20 o.
1622 961 46 20 m.
1688 953 83 28 tret-

284 1001 118 30 tionde
424 1002 111 39 dagen
557 1002 75 30 före
654 1003 169 39 valdagen
845 1003 66 29 och
933 1003 154 29 avslutas
1109 1003 47 39 på
1177 1003 53 30 tid
1253 1012 75 21 som
1350 1005 317 29 överensstämmer
1688 1005 80 29 med

283 1055 204 30 nuvarande
514 1055 275 35 bestämmelser,
819 1058 91 27 samt
939 1058 52 28 att
1018 1056 260 30 vederbörande
1307 1057 135 30 utskott
1472 1057 108 30 måtte
1609 1057 162 30 utarbeta

283 1108 206 40 erforderlig
507 1109 336 40 författningstext>.

337 1162 227 30 Beträffande
583 1162 253 40 motiveringen
856 1162 56 30 får
931 1163 171 30 utskottet
1122 1163 149 30 hänvisa
1291 1163 53 30 till
1364 1163 231 30 motionerna.

334 1303 119 40 Enligt
468 1304 99 40 lagen
582 1313 59 21 om
655 1305 57 29 val
727 1304 52 30 till
795 1305 188 39 riksdagen
998 1305 65 29 och
1078 1305 230 29 kommunala
1323 1305 158 40 vallagen
1497 1305 55 30 får
1568 1305 58 30 vid
1642 1306 126 29 andra-

281 1357 219 30 kammarval
526 1358 65 29 och
616 1358 264 30 kommunalval
907 1358 280 39 röstberättigad,
1215 1367 76 21 som
1316 1359 80 29 med
1422 1359 76 30 skäl
1524 1359 71 29 kan
1622 1361 145 37 antagas

279 1419 85 21 vara
383 1411 135 30 utrikes
536 1411 46 40 på
600 1412 181 39 valdagen,
801 1411 74 30 före
894 1412 171 39 valdagen
1085 1412 164 29 avlämna
1268 1412 162 34 valsedel,
1452 1412 170 30 avseende
1642 1412 93 30 valet
1755 1412 11 29 i

280 1465 67 29 den
364 1465 164 34 valkrets,
547 1465 63 30 där
626 1465 73 29 han
718 1466 37 29 är
772 1466 177 38 upptagen
966 1465 12 29 i
995 1465 190 39 röstlängd,
1204 1465 97 29 inom
1319 1465 90 30 riket
1427 1465 21 29 å
1466 1465 71 30 fast
1554 1465 213 40 postanstalt

282 1520 91 28 samt
388 1520 99 28 utom
502 1518 90 30 riket
609 1518 20 30 å
646 1518 128 30 svensk
788 1518 231 40 beskickning
1035 1519 82 29 eller
1135 1518 144 30 svenskt
1292 1518 175 34 konsulat,
1483 1527 75 20 som
1571 1518 197 40 Konungen

279 1571 223 30 bestämmer.
525 1572 143 30 Samma
689 1573 70 28 rätt
779 1571 216 30 tillkommer
1016 1571 280 40 röstberättigad,
1320 1580 76 21 som
1417 1571 53 30 till
1491 1571 92 39 följd
1604 1581 44 20 av
1669 1573 98 29 utöv-

282 1625 131 39 ningen
434 1634 43 21 av
495 1625 226 30 verksamhet
742 1634 42 20 av
803 1625 95 30 vissa
920 1625 73 39 slag
1014 1624 76 31 icke
1111 1625 71 29 kan
1204 1626 96 28 rösta
1320 1624 46 40 på
1386 1624 180 40 valdagen.
1589 1625 67 30 Vid
1679 1626 88 30 röst-

281 1678 84 40 ning
379 1680 99 28 utom
494 1678 89 30 riket
599 1680 39 28 är
652 1678 294 40 beskickningens
962 1679 83 29 eller
1061 1678 220 30 konsulatets
1297 1678 80 29 chef
1393 1678 83 30 eller
1492 1678 67 30 den
1575 1678 72 29 han
1661 1680 108 29 sätter

282 1732 12 29 i
319 1732 60 30 sitt
405 1732 99 30 ställe
528 1733 280 38 röstmottagare.
834 1731 306 40 Röstmottagning
1165 1732 202 29 utomlands
1391 1749 45 4 —
1461 1740 75 21 som
1562 1732 91 29 skall
1679 1732 89 30 kun-

281 1787 102 38 göras
400 1786 46 39 på
463 1785 158 40 lämpligt
640 1787 70 29 sätt
726 1803 45 4 —
787 1785 89 30 skall
894 1787 65 38 äga
976 1794 80 21 rum
1073 1785 81 30 från
1172 1785 66 29 och
1256 1785 79 29 med
1354 1785 189 30 adertonde
1561 1785 113 39 dagen
1692 1785 75 30 före

279 1840 171 39 valdagen
469 1839 91 30 intill
581 1840 80 29 dess
682 1839 146 39 avgivna
847 1839 174 29 valsedlar
1041 1839 99 29 skola
1160 1838 168 30 insändas
1349 1838 53 29 till
1423 1838 343 30 överståthållaräm-

278 1893 103 30 betet.
407 1893 226 29 Ytterkuvert
660 1893 79 29 med
765 1892 173 30 valsedlar
965 1892 99 30 skola
1089 1892 169 30 insändas
1285 1891 50 30 dit
1361 1891 11 29 i
1400 1891 38 30 så
1464 1892 66 38 god
1556 1891 62 35 tid,
1645 1893 52 28 att
1723 1891 43 30 de

280 1946 122 30 kunna
425 1946 173 30 beräknas
624 1955 86 20 vara
735 1945 149 30 ämbetet
910 1945 54 30 till
989 1945 117 30 handa
1132 1945 64 29 sist
1222 1945 111 39 dagen
1359 1944 88 30 efter
1472 1945 181 39 valdagen.
1681 1945 86 30 Sker

279 2000 235 30 insändandet
529 2000 79 29 med
624 2001 90 38 post,
731 1999 89 30 skall
836 1999 243 30 försändelsen
1095 1998 177 30 anordnas
1290 2007 75 20 som
1380 1998 196 40 värdepost.
1594 1998 173 30 Inkomna

281 2054 219 39 ytterkuvert
523 2053 109 34 skola,
656 2053 64 29 där
742 2052 157 40 väljaren
922 2052 120 30 tillhör
1063 2052 166 34 valkrets,
1254 2051 55 30 för
1329 2051 119 30 vilken
1472 2051 151 30 ämbetet
1645 2051 31 40 ej
1702 2051 65 30 har

280 2109 51 28 att
346 2107 190 30 verkställa
553 2105 400 40 röstsammanräkning,
973 2107 137 28 snarast
1128 2105 139 39 möjligt
1284 2105 302 29 vidarebefordras
1604 2104 54 30 till
1677 2114 90 20 sam-

280 2159 517 40 manräkningsmyndigheten.
825 2158 319 40 Sammanräkning
1171 2167 43 20 av
1240 2158 147 39 avgivna
1413 2159 112 29 röster
1552 2158 90 30 skall
1668 2158 100 29 verk-

281 2214 120 30 ställas
426 2213 59 30 vid
510 2213 163 39 offentlig
699 2212 222 40 förrättning,
950 2221 75 21 som
1051 2212 90 29 skall
1166 2211 166 40 påbörjas
1359 2211 11 29 i
1397 2212 91 39 regel
1515 2211 38 30 så
1580 2213 98 28 snart
1705 2210 61 30 ske

279 2268 81 34 kan,
378 2267 91 30 dock
485 2267 76 30 icke
578 2267 124 30 förrän
720 2266 20 30 å
757 2266 140 30 åttonde
916 2266 112 39 dagen
1046 2265 89 30 efter
1152 2265 181 39 valdagen.

338 2321 79 30 Med
439 2320 188 40 anledning
649 2329 43 21 av
712 2320 67 29 vad
800 2320 11 29 i
833 2319 220 30 motionerna
1074 2319 123 39 yrkats
1219 2318 61 29 vill
1302 2319 171 29 utskottet
1496 2318 117 30 erinra
1634 2326 59 21 om
1715 2318 52 28 att

280 2375 190 39 riksdagen
487 2374 37 30 år
544 2374 83 30 1953
647 2374 12 29 i
678 2373 187 39 anledning
885 2382 43 20 av
946 2382 43 21 en
1008 2382 42 20 av
1067 2372 82 30 herr
1167 2371 135 30 Håstad
1319 2372 104 29 väckt
1442 2371 134 30 motion
1601 2370 63 34 (II:
1680 2370 81 34 257)

282 2428 46 40 på
351 2428 133 39 förslag
507 2437 41 20 av
571 2426 430 31 konstitutionsutskottet
1024 2426 12 29 i
1061 2425 167 30 skrivelse
1259 2425 59 34 (nr
1342 2425 58 34 99)
1430 2425 53 29 till
1508 2424 127 39 Kungl.
1660 2423 107 40 Maj:t

281 2482 180 30 hemställt
480 2490 57 21 om
555 2482 150 39 översyn
725 2490 42 20 av
784 2480 311 30 bestämmelserna
1114 2478 12 30 i
1146 2479 101 39 lagen
1267 2487 58 21 om
1342 2478 57 30 val
1418 2478 54 30 till
1492 2477 189 39 riksdagen
1701 2476 67 31 och
