2224 2640
397 207 20 30 4
888 210 274 33 Bankoutskottets
1184 211 173 32 Memorial
1379 211 66 31 N:o
1470 213 28 29 6.

398 309 73 23 som
502 298 98 37 skett
627 300 65 36 hos
720 301 269 36 vederbörande
1016 301 96 48 gjort
1139 301 167 35 anmälan
1330 313 56 24 om
1416 301 61 35 det
1505 300 190 35 förkomna
1713 299 152 36 brefvet.
1901 298 88 37 Men

399 351 100 36 detta
541 353 150 36 oaktadt
727 354 119 35 finner
880 354 188 44 utskottet,
1097 354 76 36 lika
1201 355 83 35 med
1312 353 237 47 fullmägtige,
1580 356 52 33 att
1660 354 61 34 det
1745 353 117 35 skulle
1889 353 98 35 inne-

398 404 92 36 fatta
532 418 45 23 en
619 407 198 47 obillighet,
862 411 52 32 att
942 408 41 35 af
1006 408 270 35 vaktmästaren
1304 408 207 46 Thunberg,
1543 419 74 23 som
1646 406 115 47 enligt
1784 407 98 35 hvad
1909 406 79 36 full-

400 459 157 46 mägtige
585 460 187 42 vitsordat,
797 465 118 43 troget
941 461 116 48 tjenat
1070 462 145 35 banken
1234 462 118 34 under
1370 474 76 22 mer
1465 466 46 30 än
1531 460 197 48 fyratiotvå
1746 462 51 42 år,
1819 459 170 37 utkräfva

398 512 81 35 hela
519 513 166 47 beloppet
712 514 13 36 i
754 515 113 46 fråga,
897 515 45 35 då
966 515 43 48 ju
1036 515 160 36 brefvets
1225 515 273 35 förkommande
1525 514 103 35 torde
1655 514 112 35 hafva
1794 513 120 36 berott
1940 516 46 44 på

398 577 45 23 en
472 565 62 36 vid
564 567 215 47 Thunbergs
814 569 98 34 ålder
940 569 66 35 och
1035 569 211 46 försvagade
1274 568 264 36 helsotillstånd
1566 568 55 34 för
1648 567 132 35 honom
1809 567 180 46 ursäktlig

399 620 356 47 ouppmärksamhet,
799 622 66 35 och
900 622 185 47 beloppets
1114 622 90 35 fulla
1231 622 202 46 gäldande,
1453 621 116 47 enligt
1592 621 97 35 hvad
1717 621 65 34 hos
1811 621 178 35 utskottet

398 670 122 38 blifvit
548 675 158 47 upplyst,
738 675 118 35 skulle
885 676 165 46 medtaga
1079 676 68 34 alla
1167 676 93 35 hans
1288 675 115 35 under
1431 675 97 46 edlig
1557 673 224 48 förpligtelse
1809 674 179 46 uppgifna

397 726 206 47 tillgångar,
633 731 97 32 utom
759 728 172 48 möjligen
959 729 91 35 hans
1080 729 167 35 lösörebo.
1292 729 87 34 Med
1406 729 144 46 hänsyn
1577 728 124 44 härtill
1730 728 67 34 och
1826 728 45 34 då
1898 727 89 35 riks-

397 779 147 36 banken
572 785 85 42 gent
685 785 94 32 emot
808 782 57 35 sin
892 783 278 48 vaktbetjening
1199 783 73 35 kan
1300 788 104 41 sägas
1431 782 13 35 i
1473 782 74 34 viss
1576 783 83 33 mån
1686 781 124 46 intaga
1839 793 45 22 en
1907 781 81 35 hus-

397 833 136 36 bondes
563 835 175 47 ställning
766 840 93 31 samt
886 836 69 35 den
983 836 237 47 uppfattning
1248 836 138 35 således
1415 836 102 35 torde
1545 835 36 35 få
1611 847 104 22 anses
1744 846 67 35 ega
1840 835 71 45 fog,
1937 837 53 32 att

398 887 146 35 banken
581 888 81 35 icke
695 889 66 35 bör
789 892 74 33 mot
890 902 48 22 en
964 890 198 46 bepröfvad
1190 890 68 35 och
1285 889 116 46 redlig
1429 889 139 48 tjenare
1597 888 136 35 förfara
1761 888 154 35 hårdare
1943 893 46 29 än

398 940 144 35 enskild
585 942 185 35 husbonde
813 942 13 35 i
866 943 70 46 god
978 942 213 36 ekonomisk
1232 943 172 46 ställning
1446 943 56 34 för
1536 942 95 35 visso
1671 941 14 35 i
1722 941 175 35 liknande
1926 941 63 35 fall

401 994 119 35 skulle
562 995 99 35 finna
703 996 56 46 sig
800 996 86 36 böra
919 1001 97 42 göra,
1054 1009 104 23 anser
1185 996 179 36 utskottet
1386 996 108 46 giltig
1518 995 198 46 anledning
1744 1007 87 22 vara
1859 997 53 33 att
1940 994 49 35 bi-

399 1048 103 34 träda
544 1048 246 48 fullmägtiges
832 1049 14 35 i
887 1050 113 35 saken
1040 1050 210 35 framstälda
1297 1050 135 46 förslag
1466 1049 56 36 till
1550 1048 166 46 eftergift
1744 1048 13 35 i
1787 1048 99 35 detta
1914 1047 72 35 fall.

435 1101 156 36 tskottet
627 1103 67 34 har
735 1103 202 35 emellertid
978 1103 63 36 vid
1077 1104 117 34 denna
1223 1103 85 36 saks
1335 1102 224 46 behandling
1587 1102 81 35 icke
1695 1101 145 35 kunnat
1866 1101 122 46 undgå

400 1158 52 31 att
480 1155 94 35 fästa
602 1156 369 46 uppmärksamheten
1000 1157 137 44 dervid,
1167 1160 55 32 att
1249 1157 93 35 efter
1372 1157 60 34 det
1460 1169 45 22 en
1533 1155 57 36 till
1617 1155 228 35 riksbanken
1873 1155 115 34 adres-

400 1208 103 35 serad
532 1210 335 35 värdeförsändelse
896 1213 19 33 å
938 1211 251 46 postkontoret
1216 1210 124 36 blifvit
1367 1209 207 36 inskrifven
1602 1208 12 35 i
1643 1209 165 35 bankens
1836 1208 154 47 postbok

399 1262 56 34 för
503 1265 52 32 att
601 1264 203 34 sedermera
850 1264 40 34 af
926 1265 269 34 vederbörande
1236 1264 219 48 tjensteman
1496 1263 14 34 i
1551 1262 226 35 riksbanken
1814 1265 176 43 mottagas

400 1315 66 34 och
508 1316 13 34 i
568 1316 199 46 postboken
815 1317 185 46 qvitteras,
1045 1318 60 35 det
1146 1317 81 36 icke
1268 1317 127 47 tyckes
1433 1317 109 34 hafva
1571 1315 96 37 varit
1694 1318 120 43 någon
1841 1315 147 47 tjenste-

402 1381 100 22 mans
562 1370 12 34 i
623 1370 227 36 riksbanken
896 1371 212 47 skyldighet
1154 1374 53 32 att
1253 1371 107 43 tillse,
1403 1373 53 33 att
1507 1369 69 35 alla
1626 1369 361 41 värdeförsändelser,

401 1434 73 23 som
531 1423 208 37 inskrifvits
795 1424 13 35 i
863 1425 211 46 postboken,
1122 1424 109 36 också
1284 1424 144 35 komma
1482 1422 226 36 riksbanken
1754 1422 58 35 till
1856 1421 131 35 handa.

400 1475 116 48 Eljest
560 1477 116 35 skulle
714 1478 62 35 det
813 1478 233 47 naturligtvis
1087 1478 108 35 hafva
1224 1478 119 46 ålegat
1366 1478 118 34 denne
1513 1477 216 47 tjensteman
1760 1478 53 32 att
1841 1487 55 23 om
1926 1475 61 35 det

401 1529 161 36 saknade
604 1530 146 36 brefvet
790 1537 127 41 genast
955 1537 87 42 göra
1083 1531 227 47 vederbörlig
1339 1531 176 35 anmälan.
1573 1529 190 36 Utskottet
1792 1529 66 35 har
1884 1529 110 34 härat

401 1582 199 37 föranledts
642 1588 53 31 att
739 1586 67 34 hos
848 1585 347 47 bankofullmägtige
1232 1585 133 47 begära
1397 1590 165 29 närmare
1590 1582 276 48 upplysningar,
1896 1583 94 33 huru

401 1636 205 36 kontrollen
648 1638 100 35 öfver
790 1639 44 34 de
876 1639 81 34 med
985 1642 126 43 posten
1138 1639 57 35 till
1222 1638 226 36 riksbanken
1475 1637 180 47 ingående
1684 1636 306 35 värdeförsändel-

403 1702 56 22 ser
488 1696 40 29 är
556 1692 147 34 ordnad.
736 1692 212 36 Oberoende
977 1693 40 34 af
1041 1693 95 34 huru
1165 1693 120 34 denna
1313 1692 64 35 sak
1405 1697 39 29 är
1472 1691 137 35 ordnad
1639 1690 87 35 eller
1755 1690 74 34 kan
1848 1689 143 35 komma

401 1746 53 32 att
482 1744 142 44 ordnas,
655 1745 74 35 kan
758 1746 66 35 och
852 1746 65 35 bör
945 1746 103 44 dock,
1078 1748 46 44 på
1152 1746 62 35 det
1241 1748 54 32 att
1318 1745 167 46 åtgärder
1512 1744 81 35 icke
1622 1746 56 32 må
1704 1747 74 31 mot
1797 1742 194 46 Thunberg

401 1796 166 47 vidtagas
606 1798 56 35 för
699 1799 206 46 indrifning
943 1800 40 34 af
1006 1800 81 34 hela
1114 1800 91 34 hans
1234 1799 168 35 förfallna
1430 1798 109 35 skuld
1566 1797 58 35 till
1652 1796 237 44 riksbanken,
1920 1796 69 34 den

401 1850 132 35 väckta
561 1852 128 46 frågan
718 1865 56 22 om
804 1852 162 47 eftergift
994 1853 41 35 af
1058 1865 46 23 en
1131 1853 58 34 del
1218 1853 112 43 deraf,
1361 1854 38 33 så
1427 1855 101 31 snart
1557 1851 63 35 ske
1648 1850 86 45 kan,
1757 1850 142 34 komma
1927 1861 62 22 un-

402 1904 63 34 der
494 1905 192 46 pröfning;
716 1906 67 35 och
811 1906 136 36 tillåter
975 1906 56 47 sig
1059 1906 179 35 utskottet
1266 1906 120 35 derför
1414 1905 67 35 och
1509 1907 44 45 på
1582 1904 108 36 ofvan
1719 1902 150 47 angifna
1883 1915 106 34 grun-

402 1958 63 34 der
493 1959 199 44 hemställa,

932 2123 53 32 att
1012 2120 270 35 vaktmästaren
1309 2119 214 45 Thunbergs
1552 2116 206 47 ansökning
1787 2118 56 33 må
1867 2117 45 45 på
1931 2116 60 34 det

827 2176 71 32 sätt
939 2174 39 34 af
1016 2173 210 47 Riksdagen
1253 2172 155 44 bifallas,
1439 2175 53 32 att
1520 2171 199 46 Thunberg
1746 2169 136 36 befrias
1911 2169 79 34 från

828 2227 123 35 vidare
980 2226 434 48 ersättningsskyldighet
1442 2225 58 35 till
1528 2224 228 35 riksbanken
1779 2224 56 34 för
1863 2222 128 46 ifråga-

827 2281 158 34 varande
1031 2280 189 36 förkomna
1265 2277 343 45 värdeförsändelse,
1657 2278 112 34 sedan
1814 2277 74 33 han
1933 2275 58 36 till

828 2334 225 35 riksbanken
1080 2333 154 36 inbetalt
1262 2333 209 35 sexhundra
1490 2332 134 35 kronor
1642 2331 68 35 och
1729 2330 117 35 under
1860 2328 129 45 vilkor,

829 2391 52 32 att
924 2387 39 35 af
999 2387 224 36 sistnämnda
1260 2387 127 46 belopp
1424 2385 201 36 trehundra
1653 2384 135 35 kronor
1815 2382 176 36 inbetalas
