1910 2766
253 165 19 28 2
614 160 285 31 Statsutskottets
914 160 178 29 utlåtande
1112 168 41 21 nr
1171 160 41 29 53
1230 159 40 30 år
1289 159 84 30 1964

639 257 140 29 Bistånd
801 267 123 26 genom
944 257 277 29 internationella
1243 265 108 27 organ

298 329 76 34 2:0)
404 330 147 28 Förenta
576 329 229 29 Nationernas
831 328 182 35 utvidgade
1038 328 161 29 tekniska
1226 327 318 35 biståndsprogram
1577 326 160 34 (EPTA).

255 383 126 39 Kungl.
401 382 105 40 Maj:t
523 382 64 30 har
606 382 178 39 föreslagit
803 382 187 39 riksdagen
1015 381 130 40 (punkt
1167 381 49 34 19,
1237 389 25 21 s.
1283 381 39 29 21
1344 380 65 30 och
1429 380 58 34 22)
1512 382 50 28 att
1582 380 52 29 till
1655 379 82 30 ifrå-

254 436 197 39 gavarande
470 435 164 30 ändamål
655 435 53 29 för
727 434 204 40 budgetåret
954 433 148 37 1964/65
1125 434 120 30 anvisa
1266 436 48 28 ett
1336 434 121 38 anslag
1479 443 42 20 av
1544 433 38 30 10
1597 432 62 30 400
1674 432 63 30 000

253 490 52 29 kr.

299 586 127 30 Vidare
444 587 63 29 har
526 586 10 30 i
556 586 58 30 två
632 586 224 39 likalydande
876 586 180 34 motioner,
1077 585 123 30 väckta
1221 585 67 30 den
1308 594 65 21 ena
1394 585 95 29 inom
1511 584 111 30 första
1641 584 97 30 kam-

255 649 121 21 maren
398 649 41 21 av
459 640 120 29 herrar
600 640 109 39 Lager
730 639 63 30 och
815 639 189 40 Adolfsson
1032 639 46 33 (1:
1095 638 79 34 359)
1200 639 65 29 och
1287 639 67 29 den
1377 638 110 30 andra
1510 638 95 29 inom
1628 637 109 30 andra

255 693 206 30 kammaren
480 702 43 21 av
540 692 81 30 herr
640 692 159 40 Hagberg
818 701 46 21 m.
885 692 38 39 fl.
949 692 62 34 (II:
1027 691 96 35 425),
1144 692 197 30 hemställts
1362 691 44 30 bl.
1429 701 29 20 a.
1480 693 50 28 att
1551 691 187 39 riksdagen

254 746 101 40 höjer
376 746 42 30 de
439 745 110 31 under
568 746 200 39 punkterna
789 744 96 36 2—4,
907 745 29 36 6,
957 745 29 35 9,
1011 745 48 35 10,
1083 745 49 35 11,
1156 745 39 30 13
1215 745 65 30 och
1304 744 39 30 14
1363 745 11 29 i
1396 745 57 29 det
1474 744 157 39 följande
1652 753 85 30 upp-

254 802 106 37 tagna
376 799 121 40 anslag
514 800 52 29 till
584 799 63 30 225
664 799 88 40 milj.
769 799 64 35 kr.,
849 798 109 31 vilket
974 798 145 30 innebär
1137 807 43 21 en
1197 797 226 40 fördubbling
1440 806 42 22 av
1499 797 101 30 dessa
1617 797 121 39 anslag

254 853 10 29 i
285 852 220 31 förhållande
524 853 53 30 till
597 852 125 41 Kungl.
743 852 125 40 Maj:ts
888 852 141 40 förslag.

298 906 228 30 Beträffande
546 906 41 30 de
609 906 86 34 skäl,
716 906 259 30 motionärerna
995 906 117 29 anfört
1134 905 51 30 till
1208 905 77 30 stöd
1307 905 55 29 för
1384 905 59 29 sitt
1464 904 168 40 yrkande,
1654 904 85 29 hän-

255 959 92 30 visas
368 960 53 29 till
442 960 177 29 motionen
640 959 45 30 IT:
702 958 73 31 425.

299 1057 166 40 Anslaget
483 1058 38 29 är
540 1057 55 30 för
613 1057 236 30 innevarande
869 1057 167 39 budgetår
1055 1056 145 40 uppfört
1220 1057 78 29 med
1320 1055 42 31 10
1374 1055 64 31 400
1452 1055 62 31 000
1535 1056 52 29 kr.

297 1111 68 29 Till
389 1111 149 30 Förenta
563 1111 231 30 Nationernas
819 1110 185 40 utvidgade
1029 1110 163 30 tekniska
1218 1109 324 40 biståndsprogram
1573 1108 167 35 (EPTA),

256 1173 74 20 som
352 1164 55 30 för
427 1164 217 30 närvarande
665 1173 119 21 svarar
805 1164 54 29 för
881 1173 39 21 ca
941 1164 18 29 5
974 1163 61 30 500
1057 1165 156 38 experter
1233 1163 66 30 och
1320 1172 40 21 ca
1384 1163 16 29 7
1416 1162 64 32 000
1501 1163 237 39 stipendiater,

254 1217 133 30 betalar
405 1217 136 40 Sverige
557 1217 236 30 innevarande
811 1217 168 39 budgetår
999 1217 38 29 10
1052 1216 62 30 400
1130 1216 61 30 000
1210 1217 51 29 kr.
1281 1216 173 40 Fjolårets
1472 1216 143 39 riksdag
1633 1216 106 39 höjde

255 1271 157 39 bidraget
436 1271 78 30 med
538 1280 42 21 en
605 1270 168 40 tredjedel
798 1270 52 30 till
873 1270 116 40 jämnt
1013 1270 18 29 2
1057 1270 163 39 miljoner
1245 1270 122 29 dollar.
1395 1269 136 40 Sverige
1557 1269 182 39 placerade

256 1324 51 40 sig
335 1324 144 30 därmed
508 1324 45 39 på
582 1324 267 39 bidragsskalan
880 1324 80 29 näst
989 1323 87 30 efter
1108 1322 94 35 USA,
1234 1322 291 34 Storbritannien,
1557 1322 182 39 Västtysk-

255 1378 82 29 land
367 1378 65 29 och
461 1377 149 30 Canada.
640 1377 173 40 Bidraget,
843 1386 76 20 som
948 1384 124 32 genom
1102 1376 296 30 konstruktionen
1429 1385 42 21 av
1501 1376 57 30 det
1589 1376 150 30 svenska

254 1431 205 39 budgetåret
487 1431 82 29 kom
597 1432 50 29 att
674 1431 158 29 anmälas
862 1431 106 29 sedan
995 1430 118 40 övriga
1141 1429 344 40 bidragsutfästelser
1514 1439 62 20 var
1604 1429 135 40 gjorda,

255 1485 211 39 avpassades
487 1485 78 29 med
587 1484 138 39 hänsyn
747 1484 52 29 till
821 1484 57 30 det
899 1484 123 39 belopp
1046 1492 75 21 som
1142 1483 45 30 då
1208 1483 96 30 ännu
1326 1482 151 31 fattades
1501 1483 54 29 för
1579 1484 51 29 att
1652 1491 87 31 upp-

255 1538 45 29 nå
325 1538 57 30 det
408 1547 41 21 av
474 1537 116 30 EPTA
617 1538 106 29 sedan
749 1537 128 39 många
902 1537 38 30 år
966 1537 232 30 efterträvade
1224 1536 107 30 målet
1358 1536 40 31 50
1424 1536 165 40 miljoner
1617 1536 121 30 dollar.

255 1592 103 29 Detta
384 1591 204 40 uppnåddes
615 1591 154 30 därmed.
797 1591 13 29 I
837 1590 66 30 och
930 1590 77 30 med
1037 1590 84 30 1963
1146 1589 55 31 års
1229 1589 332 40 bidragskonferens
1589 1589 65 30 har
1681 1590 58 29 det

254 1646 23 28 t.
303 1653 30 21 o.
361 1654 44 20 m.
433 1645 226 29 överskridits
686 1644 115 39 något.
830 1643 183 40 Samtidigt
1039 1644 64 30 har
1130 1653 42 20 en
1200 1643 324 39 sammanslagning
1552 1652 42 21 av
1621 1643 116 30 EPTA

254 1698 64 30 och
344 1697 179 31 Särskilda
547 1698 130 30 fonden
702 1697 248 30 aktualiserats
975 1697 127 30 liksom
1127 1697 86 30 även
1239 1706 42 21 en
1307 1696 206 40 påbyggnad
1539 1706 43 20 av
1607 1696 130 31 fonden

254 1751 52 30 till
330 1760 42 21 en
398 1751 220 40 kapitalfond
649 1750 224 35 (SUNFED).
899 1750 134 40 Frågan
1061 1750 64 30 har
1150 1750 207 30 behandlats
1384 1759 97 21 mera
1506 1750 232 39 inträngande

254 1805 45 29 än
326 1805 147 39 tidigare
500 1805 10 29 i
537 1805 95 29 FN:s
659 1804 229 30 ekonomiska
917 1804 134 29 utskott
1079 1803 111 30 under
1219 1803 262 30 höstsessionen
1513 1803 93 30 1963.
1636 1803 102 30 Vissa

256 1858 227 40 utredningar
515 1858 64 30 har
610 1858 212 35 verkställts,
856 1867 43 20 en
932 1857 365 31 tiomannakommitté
1331 1856 181 31 bearbetar
1546 1856 191 40 problemet

254 1911 54 30 för
330 1911 218 31 närvarande
569 1911 66 30 och
657 1911 56 30 det
734 1910 230 31 ekonomiska
986 1910 170 30 utskottet
1178 1910 63 30 har
1264 1910 109 30 riktat
1396 1919 69 30 nya
1488 1910 249 40 beställningar

253 1965 52 29 till
320 1964 408 40 generalsekreteraren
711 1959 16 49 i
743 1963 91 41 syfte
850 1965 51 29 att
916 1963 238 31 effektivisera
1168 1963 65 30 och
1247 1963 211 30 koordinera
1473 1963 93 30 FN:s
1582 1963 155 30 u-lands-

253 2018 110 40 hjälp.
387 2018 49 30 På
459 2018 127 30 svensk
609 2018 75 30 sida
706 2018 65 29 har
795 2026 82 21 man
902 2017 93 30 ställt
1019 2017 52 40 sig
1094 2017 127 40 positiv
1244 2017 52 29 till
1322 2026 43 21 en
1390 2017 281 40 rationalisering
1696 2026 41 21 av

253 2071 94 30 FN:s
390 2071 445 30 biståndsadministration
879 2078 123 32 genom
1037 2070 323 40 sammanslagning
1394 2080 43 20 av
1469 2070 269 30 närbesläktade

253 2125 220 39 hjälporgan.

296 2178 118 30 Under
436 2178 100 30 dessa
558 2178 245 30 förhållanden
826 2177 97 30 finns
945 2177 106 40 enligt
1074 2177 253 39 föredragande
1352 2177 187 31 statsrådet
1562 2177 175 40 knappast

253 2231 190 39 anledning
463 2233 49 28 att
532 2231 138 40 splittra
690 2240 42 21 en
753 2231 132 39 ökning
905 2240 42 21 av
967 2231 56 29 det
1044 2230 149 30 svenska
1214 2230 176 30 biståndet
1411 2239 124 31 genom
1556 2231 57 29 FN
1636 2231 101 30 nästa

253 2284 170 40 budgetår
441 2292 124 32 genom
585 2286 51 28 att
657 2284 155 40 förlägga
834 2293 43 21 en
899 2284 53 30 del
975 2284 106 30 därav
1103 2284 51 30 till
1176 2284 115 29 EPTA
1314 2284 65 30 och
1401 2293 43 21 en
1467 2293 117 21 annan
1607 2284 54 30 del
1683 2284 52 30 till

253 2338 180 30 Särskilda
452 2337 141 31 fonden.
615 2337 192 31 Statsrådet
828 2337 159 30 förordar
1007 2338 10 29 i
1039 2337 115 30 stället
1175 2347 42 20 en
1238 2337 269 30 koncentration
1528 2346 42 21 av
1590 2337 147 40 ökning-

252 2401 43 20 en
311 2391 52 30 till
382 2391 178 30 Särskilda
576 2391 131 30 fonden
725 2400 41 21 av
783 2390 87 34 skäl,
889 2399 74 21 som
980 2390 177 30 redovisas
1176 2391 162 29 närmare
1356 2391 111 29 under
1485 2391 100 29 nästa
1604 2391 132 40 anslag,

252 2445 126 29 medan
403 2444 363 40 medelsanvisningen
792 2444 112 29 under
930 2444 228 30 förevarande
1185 2444 120 39 anslag
1331 2443 146 31 föreslås
1505 2443 148 31 förbliva
1680 2445 57 29 vid

252 2498 206 30 oförändrat
480 2498 135 39 belopp.
