1912 2770
522 142 286 31 Statsutskottets
824 141 178 30 utlåtande
1021 150 43 20 nr
1082 141 41 30 53
1142 141 38 29 år
1201 141 82 29 1964
1629 140 18 31 5

163 224 84 29 dens
267 223 140 38 ledning
428 222 53 29 för
501 223 51 29 att
571 222 68 29 öka
659 221 57 30 det
736 220 149 31 svenska
905 220 222 40 deltagandet
1146 220 11 29 i
1178 220 148 29 fondens
1347 219 182 39 praktiska
1549 218 98 30 verk-

163 277 135 29 samhet
318 276 65 29 och
403 283 39 32 ge
464 275 150 30 svenska
635 273 254 41 anbudsgivare
910 273 108 30 chans
1040 275 51 28 att
1111 273 137 39 deltaga
1268 273 11 29 i
1299 273 66 29 den
1386 271 262 30 internationel-

164 331 32 29 la
213 329 418 31 anbudskonkurrensen.
649 327 68 31 För
735 327 94 30 detta
847 327 124 30 kräves
988 327 11 29 i
1018 326 111 30 första
1147 326 95 30 hand
1261 328 47 28 ett
1327 327 129 38 system
1474 325 55 30 för
1548 324 100 31 snab-

163 384 43 29 ba
226 382 271 30 underrättelser
517 390 57 21 om
594 381 150 40 projekt,
766 390 75 21 som
860 381 38 29 är
918 380 111 30 under
1050 379 237 40 övervägande
1307 380 95 29 inom
1422 379 141 29 fonden.
1583 378 65 30 Vä-

164 444 64 32 gen
246 436 53 29 för
317 445 44 21 en
377 435 109 30 sådan
504 434 230 31 information
750 435 39 29 är
806 443 47 20 nu
871 434 152 39 upplagd
1041 433 65 30 och
1123 433 60 39 går
1200 434 55 28 via
1274 432 373 40 utrikesdepartemen-

164 491 47 28 tet
232 490 51 29 till
305 489 154 39 Sveriges
480 489 179 30 allmänna
681 487 294 40 exportförening.

209 543 12 29 I
242 543 285 39 överläggningar
548 542 80 30 med
651 541 178 31 Särskilda
852 540 148 31 fondens
1022 540 141 39 ledning
1184 540 63 30 har
1269 539 149 31 erinrats
1439 548 56 21 om
1517 539 57 30 det
1594 538 54 30 be-

165 596 244 40 myndigande,
436 604 75 21 som
536 595 79 30 dess
641 594 156 31 direktör
823 594 66 30 fått
914 595 51 29 att
988 594 45 39 på
1059 593 279 30 »>ad-hoc>-basis
1364 592 148 40 erbjuda
1536 592 112 29 u-län-

164 650 60 29 der
242 649 207 40 rådgivning
467 648 150 31 rörande
636 647 232 41 uppföljande
887 647 80 30 med
986 647 253 39 investeringar
1265 646 248 34 (»>investment
1532 645 118 30 follow

165 706 85 37 up»)
274 712 42 21 av
332 702 150 40 projekt,
501 711 76 21 som
596 701 227 30 finansierats
842 710 42 21 av
902 700 141 30 fonden.
1063 700 123 30 Denna
1205 700 129 29 service
1352 699 218 30 underlättas
1589 707 60 31 up-

166 756 224 40 penbarligen
420 765 56 20 om
505 755 275 39 fondledningen
810 755 80 39 äger
919 754 201 30 kännedom
1149 762 57 21 om
1235 753 269 40 möjligheterna
1534 753 51 29 att
1613 751 37 30 få

165 810 174 30 bilateralt
360 809 139 30 bistånd
524 818 75 21 som
622 808 157 31 ansluter
802 808 52 29 till
877 807 150 30 fondens
1050 807 151 39 projekt.
1224 806 161 30 Fondens
1409 806 154 29 direktör
1586 805 64 30 har

167 863 106 30 också
299 862 242 31 manifesterat
569 864 49 28 ett
647 862 113 30 starkt
787 862 148 29 intresse
964 861 54 29 för
1048 860 194 30 samarbete
1270 860 130 30 mellan
1427 859 131 30 fonden
1585 858 65 30 och

166 917 127 29 svensk
314 916 158 30 bilateral
495 914 386 32 biståndsverksamhet
904 914 65 31 och
991 913 145 31 därmed
1159 913 55 30 för
1236 913 178 30 anlitande
1437 922 43 21 av
1502 912 149 30 svenska

166 970 133 39 företag
319 970 65 30 och
404 971 167 38 experter.
592 969 58 30 Ett
670 968 125 30 sådant
816 967 194 31 samarbete
1032 967 113 30 skulle
1165 967 121 30 kunna
1307 966 199 30 stimuleras
1527 973 123 32 genom

166 1025 50 29 att
235 1023 130 30 fonden
383 1023 82 30 eller
483 1023 41 30 de
543 1022 94 30 FN:s
657 1022 248 39 specialorgan,
926 1030 75 20 som
1020 1020 191 40 uppträder
1231 1020 116 30 såsom
1364 1020 215 29 instrument
1596 1018 55 30 för

166 1077 140 34 fonden,
326 1076 54 30 får
399 1076 183 39 möjlighet
601 1077 50 28 att
668 1075 115 30 vända
802 1075 51 39 sig
872 1075 52 29 till
944 1074 137 39 Sverige
1100 1074 80 29 med
1199 1073 165 30 anhållan
1383 1082 57 20 om
1459 1074 48 28 ett
1526 1072 125 39 margi-

166 1130 181 39 nalbidrag
363 1130 55 29 för
433 1130 104 39 något
552 1129 52 30 till
621 1130 48 29 ett
684 1128 229 40 fondprojekt
928 1127 227 40 anknytande
1171 1126 122 31 socialt
1308 1126 175 30 ändamål.
1500 1125 81 30 Som
1597 1135 54 20 ex-

167 1184 111 39 empel
302 1183 63 30 har
389 1182 131 31 fonden
543 1183 105 39 pekat
672 1182 44 40 på
739 1182 228 39 möjligheten
992 1190 41 21 av
1057 1182 50 29 att
1132 1180 136 39 Sverige
1292 1180 174 29 bilateralt
1488 1179 163 30 bekostar

166 1236 236 40 uppförandet
419 1246 41 20 av
476 1236 163 30 bostäder
657 1235 55 30 för
729 1237 156 38 experter
903 1235 95 29 inom
1015 1236 48 28 ett
1081 1243 43 21 av
1142 1233 179 31 Särskilda
1337 1232 131 31 fonden
1486 1232 165 30 finansie-

166 1293 54 27 rat
238 1290 150 40 projekt,
407 1289 119 31 varvid
545 1290 93 29 lokal
659 1288 213 30 arbetskraft
891 1288 65 30 och
974 1288 87 29 även
1079 1287 87 30 visst
1184 1287 109 30 lokalt
1311 1285 341 41 byggnadsmaterial

167 1344 112 29 skulle
297 1344 121 29 kunna
437 1342 180 31 användas
636 1342 65 30 och
719 1343 49 29 ett
785 1342 149 30 element
953 1350 42 21 av
1012 1340 199 40 utbildning
1229 1340 81 40 ingå
1328 1340 11 29 i
1358 1339 295 39 bostadsbyggan-

167 1398 67 29 det.
251 1398 103 29 Detta
369 1396 95 30 bleve
481 1396 45 30 då
542 1398 49 28 ett
607 1395 175 30 bilateralt
799 1394 157 31 tekniskt
972 1393 303 40 biståndsprojekt
1291 1393 173 39 parallellt
1480 1393 66 29 och
1564 1401 89 21 sam-

168 1451 125 29 ordnat
317 1450 78 29 med
420 1449 274 39 fondprojektet.
718 1448 76 30 Den
818 1457 67 30 nya
909 1447 230 39 möjligheten
1164 1447 49 29 till
1239 1446 208 30 samverkan
1472 1446 79 29 med
1577 1445 76 30 Sär-

168 1504 114 29 skilda
305 1503 131 30 fonden
458 1502 62 30 bör
542 1502 123 30 kunna
688 1502 125 39 prövas
837 1500 111 31 under
971 1500 102 30 nästa
1096 1499 169 40 budgetår
1288 1499 64 30 och
1376 1498 55 30 för
1453 1498 200 30 ändamålet

167 1557 154 31 avsättas
340 1556 195 30 motvärdet
554 1555 53 31 till
626 1564 45 21 en
688 1554 82 31 halv
788 1554 126 40 miljon
933 1553 112 31 dollar
1063 1553 84 30 eller
1167 1553 18 30 2
1200 1552 62 31 640
1277 1552 63 31 000
1359 1552 53 30 kr.
1433 1551 66 31 Om
1518 1551 135 30 riksda-

167 1618 65 31 gen
251 1610 139 30 anvisar
411 1611 48 29 ett
480 1608 112 41 dylikt
613 1608 121 40 anslag
754 1608 62 30 bör
837 1606 179 32 Särskilda
1037 1606 130 30 fonden
1189 1605 201 31 notificeras
1411 1614 57 21 om
1488 1605 78 30 dess
1587 1604 66 30 till-

168 1664 126 29 komst.
313 1663 247 39 Ansökningar
578 1662 62 30 bör
658 1662 125 39 prövas
802 1662 65 29 och
885 1661 156 38 anslaget
1059 1660 265 30 administreras
1344 1668 41 21 av
1404 1659 177 29 nämnden
1600 1658 54 30 för

168 1717 276 30 internationellt
461 1716 151 29 bistånd.
630 1716 66 29 Det
713 1724 67 30 nya
799 1715 155 38 anslaget
972 1714 62 29 bör
1051 1713 196 30 rubriceras
1269 1712 198 30 »Bilateralt
1485 1711 140 30 bistånd
1643 1711 11 30 i

169 1770 203 39 anslutning
391 1770 51 29 till
461 1769 94 30 FN:s
575 1768 179 31 Särskilda
774 1767 117 30 fond>.

215 1875 183 30 Utskottet.
425 1875 178 30 Särskilda
628 1874 130 30 fonden
782 1874 64 29 har
870 1883 42 21 en
937 1873 189 39 angelägen
1151 1873 64 29 och
1239 1873 132 29 central
1395 1872 149 40 uppgift.
1568 1873 86 29 Dess

171 1929 221 29 verksamhet
415 1929 249 29 koncentreras
690 1929 43 37 på
756 1937 25 20 s.
807 1928 33 29 k.
866 1925 319 40 förinvesteringar,
1211 1926 95 29 vilka
1330 1925 208 39 exempelvis
1559 1925 96 30 bestå

170 1991 40 20 av
230 1983 50 28 att
300 1990 82 21 man
402 1981 240 39 systematiskt
662 1981 197 38 kartlägger
879 1980 41 29 de
940 1979 202 40 potentiella
1162 1979 314 39 kapitalskapande
1497 1979 157 38 tillgång-

170 2044 47 25 ar,
235 2043 75 21 som
326 2034 118 30 finnas
461 2035 10 29 i
487 2033 221 31 u-länderna.
725 2032 143 31 Fonden
884 2032 64 30 har
965 2041 42 22 en
1024 2041 96 21 mera
1136 2032 278 30 koordinerande
1430 2032 64 29 roll
1511 2032 44 29 än
1572 2032 83 29 and-

171 2098 36 19 ra
225 2088 267 38 biståndsorgan
509 2094 124 32 genom
651 2088 50 28 att
719 2087 66 29 den
802 2085 218 31 mobiliserar
1037 2086 93 29 olika
1148 2085 209 39 fackorgans
1375 2085 149 39 expertis
1541 2085 11 29 i
1570 2085 85 29 stör-

172 2151 33 18 re
226 2141 153 29 samlade
397 2140 276 40 hjälpprogram.

215 2194 103 29 Olika
339 2193 297 38 omständigheter
657 2193 44 29 ha
723 2193 101 38 gjort,
846 2194 50 27 att
918 2192 130 29 fonden
1069 2192 123 29 endast
1213 2192 9 29 i
1244 2192 136 29 relativt
1402 2191 157 39 långsam
1581 2191 75 29 takt

171 2247 136 28 kunnat
325 2246 168 29 förbruka
512 2245 41 30 de
573 2245 132 39 anslag,
725 2253 74 21 som
818 2246 131 28 avsatts
968 2244 54 29 för
1041 2244 92 29 vissa
1153 2244 184 38 godkända
1356 2243 149 39 projekt.
1525 2243 130 29 Härvid

172 2300 70 28 kan
261 2299 43 28 bl.
325 2308 29 20 a.
375 2298 133 30 erinras
528 2307 57 20 om
606 2299 50 28 att
676 2297 95 30 tiden
792 2298 129 28 mellan
941 2297 56 29 det
1018 2299 47 27 ett
1086 2297 139 38 projekt
1245 2296 172 39 godkänts
1438 2305 41 20 av
1500 2296 156 38 fondsly-

171 2352 112 29 relsen
303 2351 64 30 och
387 2351 49 29 till
459 2351 78 29 dess
558 2350 134 39 slutligt
712 2350 91 29 avtal
824 2350 142 29 träffats
986 2349 79 29 med
1086 2349 292 39 mottagarlandet
1398 2349 64 28 och
1483 2349 56 29 det
1559 2349 97 29 verk-

173 2405 170 29 ställande
365 2406 143 37 organet
530 2404 128 29 brukat
681 2403 114 39 uppgå
819 2403 51 29 till
894 2402 57 29 nio
974 2402 167 30 månader
1165 2402 81 29 eller
1269 2411 83 20 mer.
1376 2402 51 28 En
1452 2401 205 39 förändring

174 2458 48 29 till
241 2458 55 29 det
313 2457 111 29 bättre
441 2456 104 40 pågår
563 2456 203 30 emellertid.
784 2456 182 38 Samtidigt
983 2456 63 29 har
1063 2456 130 29 antalet
1210 2454 237 38 ansökningar
1464 2455 81 29 ökat
1563 2455 93 28 kraf-
