1886 2760
272 141 40 32 38
632 142 286 30 Statsutskottets
934 143 178 30 utlåtande
1131 153 42 21 nr
1191 145 41 30 53
1250 145 40 29 år
1308 145 84 30 1964

318 220 12 29 I
355 221 203 39 anslutning
582 221 118 30 härtill
724 222 159 30 erinrade
909 223 186 40 riksdagen
1121 233 58 20 om
1205 226 50 28 att
1279 225 11 29 i
1317 224 108 40 några
1451 235 42 20 av
1519 226 40 30 de
1585 227 169 39 viktigare

273 273 386 40 kapitalexporterande
682 275 169 31 länderna
876 276 139 40 statliga
1039 276 160 40 åtgärder
1223 278 107 30 redan
1355 279 164 39 vidtagits
1544 279 56 30 för
1624 281 51 29 att
1699 280 56 30 be-

273 327 83 30 reda
371 327 137 30 landets
525 327 193 40 företagare
735 329 253 39 garantiskydd
1003 330 82 30 eller
1103 330 199 41 försäkring
1320 333 72 29 mot
1411 332 166 31 förluster
1594 333 52 30 till
1665 333 89 40 följd

272 389 43 21 av
333 381 270 39 expropriation,
623 382 409 40 transfereringshinder,
1053 384 78 39 krig
1152 386 62 28 ete.
1236 384 125 31 Vidare
1384 386 170 30 nämndes
1575 388 50 28 att
1646 386 108 40 några

272 433 121 31 länder
411 434 177 40 samtidigt
607 443 74 21 som
700 435 41 30 de
759 436 177 40 uppbyggt
955 437 189 30 nationella
1162 438 270 39 garantisystem
1451 439 110 39 ingått
1581 440 173 30 särskilda

272 486 181 31 bilaterala
472 488 90 30 avtal
582 496 57 21 om
658 488 346 41 investeringsskydd
1024 491 79 29 med
1124 491 257 30 vederbörande
1403 492 350 40 utvecklingsländer.

317 540 94 30 Även
437 549 58 21 om
521 550 81 21 man
630 541 11 30 i
669 541 111 31 första
807 543 96 30 hand
930 543 104 30 borde
1063 543 126 31 beakta
1216 545 66 29 vad
1312 554 75 20 som
1416 545 44 40 på
1490 546 94 30 detta
1612 547 142 30 område

272 593 119 31 kunde
416 594 100 40 göras
542 602 123 32 genom
692 595 277 31 internationellt
995 597 206 36 samarbete,
1227 598 107 34 torde,
1363 598 165 31 framhöll
1556 599 198 40 riksdagen,

272 647 11 29 i
304 647 153 40 enlighet
478 648 77 30 med
578 648 43 30 de
641 658 42 20 av
705 649 275 31 statsmakterna
1002 650 37 30 år
1064 650 84 31 1962
1171 651 185 40 godkända
1379 652 226 40 riktlinjerna
1628 653 55 30 för
1707 655 47 29 ett

272 700 143 30 svenskt
436 701 358 40 utvecklingsbistånd
816 703 190 40 anledning
1026 704 118 30 finnas
1167 706 51 29 att
1239 705 107 39 pröva
1368 706 229 39 möjligheten
1620 715 42 21 av
1684 707 71 29 sär-

274 753 113 31 skilda
413 754 148 31 svenska
585 755 160 39 åtgärder
769 756 12 29 i
807 756 91 39 syfte
923 758 51 29 att
998 757 140 31 minska
1164 758 41 30 de
1230 758 123 35 risker,
1381 768 75 20 som
1481 768 81 21 vore
1589 759 165 31 förenade

272 807 78 30 med
371 808 258 30 transaktioner
650 809 80 30 med
751 809 41 30 de
813 809 319 32 underutvecklade
1154 811 178 31 länderna.
1356 812 210 40 Riksdagen,
1589 822 75 21 som
1686 813 69 30 för-

272 861 129 30 utsatte
428 863 51 28 att
505 861 125 40 Kungl.
658 862 106 40 Maj:t
790 863 80 29 med
896 864 314 39 uppmärksamhet
1238 864 109 41 följde
1375 866 102 30 dessa
1505 866 117 40 frågor
1650 867 65 29 och
1744 867 10 29 i

272 914 127 39 positiv
417 914 92 30 anda
527 915 151 39 prövade
697 916 41 29 de
758 915 143 41 förslag,
922 925 74 21 som
1016 917 95 30 lades
1132 917 92 30 fram
1244 918 12 29 i
1275 918 282 31 internationella
1577 920 178 39 organisa-

274 967 121 34 tioner,
423 968 108 40 ansåg
556 970 50 28 att
633 969 56 29 det
716 969 11 29 i
754 969 174 30 avvaktan
956 970 108 39 därpå
1091 971 86 29 även
1206 971 105 30 borde
1338 971 123 31 kunna
1488 973 187 39 övervägas
1704 975 50 28 att

270 1028 125 31 genom
432 1021 502 41 investeringsgarantisystem
973 1024 64 29 och
1075 1024 181 30 bilaterala
1296 1024 458 42 investeringsskyddsavtal

273 1074 116 40 stödja
408 1074 41 30 de
468 1075 149 30 svenska
634 1075 198 31 insatserna
851 1076 11 30 i
882 1076 399 41 utvecklingsländerna.

316 1127 187 35 Utskottet,
527 1137 75 21 som
625 1128 64 30 har
714 1129 189 40 anledning
928 1129 199 36 förutsätta,
1153 1133 50 28 att
1228 1131 126 40 Kungl.
1381 1132 117 40 Maj:t,
1524 1132 115 31 såsom
1665 1133 90 30 före-

272 1180 131 40 gående
432 1181 57 30 års
517 1181 142 40 riksdag
686 1183 137 34 uttalat,
853 1183 81 30 med
963 1184 313 39 uppmärksamhet
1307 1185 105 40 följer
1442 1194 48 21 nu
1521 1186 233 31 omhandlade

274 1233 116 40 frågor
411 1234 65 30 och
497 1235 10 29 i
527 1235 128 39 positiv
676 1236 91 29 anda
787 1236 127 39 prövar
937 1237 41 30 de
1000 1237 141 39 förslag,
1164 1246 74 21 som
1261 1238 117 40 läggas
1402 1238 94 31 fram
1517 1239 11 29 i
1552 1239 203 31 internatio-

271 1287 90 30 nella
380 1288 287 39 organisationer,
687 1298 102 20 anser
810 1290 51 29 att
880 1298 84 22 man
982 1290 11 29 i
1014 1291 173 29 avvaktan
1208 1291 109 39 därpå
1335 1291 62 30 bör
1417 1292 122 30 kunna
1558 1300 125 32 genom
1703 1293 50 30 in-

271 1340 367 41 vesteringsgarantier
656 1342 65 29 och
737 1342 182 31 bilaterala
936 1343 457 41 investeringsskyddsavtal
1412 1345 118 40 stödja
1546 1346 41 30 de
1605 1346 149 30 svenska

271 1393 199 31 insatserna
485 1396 12 29 i
513 1395 218 30 u-länderna.
748 1396 177 31 Utskottet
942 1396 58 30 vill
1026 1397 2 29 i
1046 1398 290 39 sammanhanget
1353 1398 116 31 erinra
1486 1408 57 20 om
1560 1401 50 28 att
1628 1399 125 40 Kungl.

272 1447 105 40 Maj:t
402 1448 140 40 nyligen
564 1448 11 30 i
600 1450 48 28 ett
672 1449 131 40 förslag
827 1449 53 30 till
904 1449 241 31 handelsavtal
1170 1451 128 30 mellan
1324 1451 139 41 Sverige
1486 1452 65 30 och
1576 1452 177 30 Kamerun

271 1500 135 40 infogat
424 1511 45 20 en
487 1502 150 29 särskild
655 1502 141 30 klausul
817 1512 56 20 om
894 1503 355 41 investeringsskydd.
1268 1505 178 31 Utskottet
1464 1514 112 26 anser,
1597 1507 50 29 att
1665 1506 89 29 riks-

273 1554 109 40 dagen
402 1554 62 30 bör
484 1555 10 30 i
515 1555 166 30 skrivelse
701 1556 52 30 till
773 1556 127 40 Kungl.
921 1557 105 39 Maj:t
1047 1557 76 39 giva
1146 1558 50 29 till
1218 1558 117 30 känna
1357 1559 68 30 vad
1445 1559 170 30 utskottet
1638 1559 117 30 sålun-

272 1608 44 30 da
334 1608 129 30 anfört.

315 1661 176 31 Utskottet
510 1662 211 35 hemställer,

623 1717 51 29 att
696 1716 189 40 riksdagen
909 1716 67 35 må,
1000 1718 11 29 i
1034 1718 189 40 anledning
1248 1728 41 20 av
1312 1719 219 30 motionerna
1557 1719 29 31 1:
1602 1719 63 31 465
1690 1720 64 30 och

581 1769 45 30 II:
643 1769 62 30 559
726 1772 90 27 samt
838 1770 29 29 I:
883 1769 63 33 470
967 1770 65 30 och
1053 1771 45 30 II:
1116 1771 73 34 556,
1210 1772 155 30 nämnda
1386 1773 172 30 motioner
1581 1773 104 30 såvitt
1706 1782 47 21 nu

580 1823 38 29 är
639 1823 10 29 i
672 1822 109 40 fråga,
802 1824 10 28 i
835 1823 166 30 skrivelse
1023 1823 51 31 till
1097 1824 126 40 Kungl.
1246 1825 104 39 Maj:t
1373 1826 77 38 giva
1473 1826 52 29 till
1548 1826 117 30 känna
1689 1827 64 29 vad

581 1875 168 31 utskottet
772 1876 129 30 anfört.

317 1981 97 34 17:0)
440 1982 169 30 Motioner
631 1991 55 21 om
708 1983 76 29 stöd
807 1983 35 29 åt
864 1983 41 29 de
928 1983 312 31 underutvecklade
1262 1985 166 30 länderna
1449 1994 123 27 genom
1595 1986 158 30 handels-

271 2034 164 36 politiska
456 2035 166 36 åtgärder.
645 2035 13 29 I
681 2036 94 30 detta
797 2036 254 40 sammanhang
1074 2037 64 30 har
1162 2037 167 31 utskottet
1352 2038 53 30 till
1429 2038 212 41 behandling
1665 2039 89 30 före-

270 2087 77 31 haft
374 2088 42 30 de
444 2088 231 31 förenämnda
702 2088 89 31 båda
819 2089 224 40 likalydande
1072 2090 218 31 motionerna
1320 2090 108 31 1:465
1457 2102 43 20 av
1528 2092 81 31 herr
1637 2092 117 30 Lund-

270 2142 109 29 ström
403 2150 46 21 m.
471 2142 38 39 fl.
531 2142 65 30 och
619 2142 45 30 II:
681 2142 63 30 559
767 2152 42 21 av
831 2143 81 30 herr
937 2142 104 31 Ohlin
1064 2152 46 21 m.
1134 2143 50 40 fl.,
1208 2144 11 30 i
1242 2144 94 31 vilka
1358 2144 197 31 hemställts
1579 2146 44 30 bl.
1648 2156 30 20 a.
1703 2147 50 29 att

270 2194 188 40 riksdagen
479 2195 106 30 måtte
606 2196 10 29 i
638 2195 166 31 skrivelse
826 2196 52 30 till
900 2196 125 40 Kungl.
1048 2197 106 40 Maj:t
1176 2197 116 30 såsom
1313 2198 207 39 riksdagens
1542 2199 142 40 mening
1706 2199 47 39 gi-

270 2257 42 21 va
330 2248 52 30 till
401 2248 118 30 känna
536 2249 65 30 vad
620 2249 11 29 i
649 2249 219 30 motionerna
888 2250 135 29 anförts
1043 2250 179 39 angående
1242 2251 221 39 möjligheter
1484 2253 50 28 att
1555 2252 198 30 underlätta

271 2301 227 31 u-ländernas
517 2304 131 37 export.

314 2408 13 29 I
347 2409 218 29 motionerna
584 2408 205 31 framhålles
809 2411 61 32 att,
890 2410 87 30 även
997 2419 57 20 om
1075 2410 136 40 Sverige
1232 2411 10 29 i
1261 2411 205 39 jämförelse
1487 2411 78 30 med
1588 2412 41 29 de
1651 2412 102 31 flesta

270 2462 110 30 andra
401 2462 121 30 länder
543 2461 109 31 håller
675 2462 50 40 sig
745 2463 79 29 med
847 2464 48 29 ett
917 2463 276 40 genomsnittligt
1216 2463 69 40 lågt
1308 2464 192 39 tullskydd,
1523 2464 58 30 det
1603 2464 90 31 dock
1715 2466 38 30 är

270 2514 196 40 uppenbart
491 2516 49 29 att
563 2515 87 30 även
676 2515 135 40 Sverige
836 2524 95 21 reser
954 2515 91 31 vissa
1071 2516 125 30 hinder
1222 2517 54 29 för
1302 2517 208 30 u-länderna
1535 2518 11 29 i
1572 2517 98 41 fråga
1696 2528 56 20 om
