1868 2848
66 2402 163 26 Utskottets

77 2438 142 32 yttrande.

264 180 39 30 12
704 178 257 32 Statsutskottets
983 176 170 32 utlåtande
1176 176 53 30 Nr
1252 177 53 29 41.

261 270 43 21 av
337 258 127 41 Kungl.
499 258 99 40 Maj:t
628 258 62 31 och
713 257 182 41 riksdagen
920 257 96 38 skett,
1042 258 113 29 senast
1178 256 85 31 efter
1285 254 112 32 beslut
1420 264 42 21 av
1489 253 85 31 1930
1598 254 53 29 års
1669 252 86 42 riks-

261 304 67 40 dag
355 303 12 31 i
391 304 96 39 fråga
510 313 57 21 om
591 301 378 42 läroverksbyggnaden
993 301 58 31 vid
1075 300 104 41 högre
1202 299 175 32 allmänna
1400 298 190 31 läroverket
1612 297 11 31 i
1648 296 108 33 Öster-

261 348 99 32 sund.
408 347 211 41 Härigenom
647 347 107 32 skulle
778 345 338 34 överensstämmelse
1139 345 123 31 vinnas
1286 343 79 32 med
1389 342 259 32 förhållandena
1672 343 19 29 å
1714 340 42 33 de

261 394 96 30 flesta
392 392 104 31 andra
532 395 97 35 orter,
666 392 59 31 där
760 391 174 32 allmänna
968 390 155 31 läroverk
1155 389 119 38 finnas,
1301 388 43 31 då
1368 388 53 31 för
1445 386 211 33 närvarande
1680 386 11 31 i
1716 385 41 32 de

262 436 212 42 ojämförligt
505 437 96 31 flesta
634 436 60 31 fall
725 436 283 32 läroverkshusen
1041 435 10 30 i
1085 434 97 31 dessa
1214 436 88 29 orter
1333 437 80 36 ägas
1437 443 42 20 av
1504 430 253 33 vederbörande

262 482 214 31 kommuner.

307 526 115 41 Några
446 525 166 32 särskilda
635 525 121 32 villkor
780 535 102 31 synas
905 524 73 32 icke
1002 523 133 32 behöva
1158 522 176 32 förbindas
1359 521 78 32 med
1462 519 229 38 överlåtelsen,
1714 519 44 31 då

263 570 311 41 stadsfullmäktige
609 580 122 30 genom
767 568 243 33 ovannämnda
1045 567 110 32 beslut
1189 567 89 31 hava
1307 566 107 41 åtagit
1438 565 50 41 sig
1512 564 178 32 underhåll
1714 574 43 21 av

264 615 205 41 byggnaden
493 615 62 31 och
580 614 184 41 anledning
788 617 48 29 att
859 613 171 42 uppställa
1053 612 193 41 ytterligare
1269 611 124 32 villkor
1420 610 132 32 saknas.

310 704 125 31 Vidare
466 704 72 38 har,
573 705 44 39 på
649 703 111 41 grund
793 714 44 21 av
869 702 128 38 remiss,
1032 700 317 41 kammarkollegiet
1381 700 11 31 i
1417 699 139 32 ärendet
1578 698 74 32 låtit
1675 698 83 31 höra

264 757 221 41 magistraten
520 757 11 31 i
567 756 230 32 Kristianstad
832 761 163 26 ävensom
1030 755 170 31 inhämtat
1227 753 190 42 respektive
1441 752 65 32 den
1532 753 16 30 7
1574 750 185 34 november

266 811 87 31 1930
386 810 63 32 och
481 810 66 32 den
580 812 21 29 4
633 809 149 32 februari
817 810 83 31 1931
936 807 232 42 dagtecknade
1196 806 199 32 utlåtanden
1420 816 42 21 av
1486 803 274 42 länsstyrelsen
1742 799 22 56 i

264 863 232 32 Kristianstad
530 863 64 32 och
621 862 223 42 domkapitlet
875 863 3 30 i
902 862 110 38 Lund,
1037 861 167 40 varjämte
1228 859 159 42 kollegiet
1410 858 219 33 införskaffat
1652 857 108 32 utred-

264 917 86 41 ning
385 916 141 32 rörande
559 916 241 41 äganderätten
834 915 51 32 till
909 915 64 32 den
998 915 108 37 mark,
1131 915 81 31 varå
1236 913 42 32 de
1302 924 43 21 av
1368 912 190 32 läroverket
1581 922 46 20 nu
1652 911 108 40 dispo-

265 970 125 32 nerade
417 970 244 41 byggnaderna
684 975 56 26 äro
764 969 154 41 belägna.
959 968 170 41 Kollegiet
1159 967 62 32 har
1245 967 66 32 den
1342 967 41 31 23
1416 965 149 32 februari
1599 965 82 31 1931
1707 964 54 31 för

265 1035 85 30 egen
375 1023 53 32 del
451 1026 104 38 yttrat
580 1023 51 41 sig
653 1023 10 31 i
688 1023 148 31 ärendet.

311 1076 167 42 Slutligen
501 1077 91 31 hava
614 1076 196 32 infordrade
834 1075 182 41 yttranden
1039 1074 11 32 i
1075 1074 138 31 ärendet
1237 1073 146 41 avgivits
1408 1072 64 32 den
1499 1072 41 31 28
1568 1082 88 21 mars
1675 1071 82 31 1931

266 1141 42 21 av
339 1129 433 41 justitiekanslersämbetet
795 1129 65 32 och
884 1128 65 32 den
974 1129 18 31 2
1018 1127 176 32 december
1220 1128 83 31 1931
1330 1137 42 21 av
1396 1124 365 41 arméförvaltningens

265 1183 486 41 fortifikationsdepartement.

311 1237 98 31 Efter
433 1247 41 21 en
497 1236 210 41 redogörelse
731 1236 54 31 för
809 1235 66 32 den
899 1234 144 32 sålunda
1067 1233 193 41 förebragta
1284 1232 227 41 utredningen
1536 1231 61 31 har
1614 1231 147 41 departe-

266 1290 235 32 mentschefen
526 1290 54 31 för
604 1300 83 30 egen
711 1289 54 31 del
789 1289 114 31 anfört
925 1287 168 41 följande:

313 1362 53 31 Av
390 1361 67 31 vad
481 1360 145 32 sålunda
648 1360 98 32 blivit
769 1360 115 31 anfört
907 1359 95 32 torde
1017 1359 145 40 framgå,
1180 1360 48 29 att
1244 1357 244 42 äganderätten
1504 1356 51 32 till
1572 1356 66 31 den
1654 1355 107 37 mark,

267 1407 83 31 varå
373 1406 103 40 högre
500 1405 174 32 allmänna
697 1404 207 33 läroverkets
927 1404 11 31 i
962 1403 232 32 Kristianstad
1217 1401 201 42 byggnader
1441 1407 57 26 äro
1523 1400 155 41 belägna,
1702 1399 62 32 till-

267 1451 156 31 kommer
453 1450 128 31 staden.
630 1449 220 32 Läroverkets
882 1448 197 41 byggnader
1103 1449 70 30 åter
1196 1447 89 32 hava
1308 1447 158 40 uppförts
1490 1445 77 32 med
1592 1444 172 32 anlitande

268 1506 42 21 av
345 1494 118 39 medel,
498 1505 73 21 som
605 1494 159 37 erhållits,
789 1493 105 32 bland
918 1496 113 35 annat,
1057 1503 124 30 genom
1205 1491 218 41 statsanslag;
1449 1490 86 32 dock
1559 1490 61 31 har
1644 1489 119 32 staden

268 1539 50 32 till
351 1539 232 41 huvudsaklig
616 1538 52 32 del
699 1538 134 32 bestritt
866 1538 95 31 deras
989 1536 215 42 uppförande
1228 1536 63 32 och
1316 1535 187 32 underhåll.
1553 1534 126 32 Staden
1702 1534 63 31 har

267 1595 145 21 numera
443 1583 178 33 förbundit
649 1583 50 41 sig
722 1586 48 29 att
795 1582 147 41 fullgöra
966 1582 41 32 de
1031 1592 42 21 av
1098 1581 181 41 riksdagen
1305 1579 194 42 uppställda
1521 1579 167 33 villkoren
1712 1580 54 30 för

268 1629 207 31 läroverkets
507 1628 215 41 ombildning
754 1627 51 32 till
838 1627 103 41 högre
974 1626 239 38 samläroverk,
1238 1625 173 41 nämligen
1436 1627 49 29 att
1508 1623 258 32 tillhandahålla

269 1673 220 41 erforderliga
523 1672 395 41 undervisningslokaler
952 1676 160 27 ävensom
1149 1670 118 32 bostad
1304 1669 80 33 eller
1418 1668 290 42 hyresersättning
1732 1669 34 30 åt

269 1719 122 31 rektor.
441 1718 67 32 Vid
541 1718 98 31 dessa
670 1716 239 32 förhållanden
942 1716 62 31 har
1035 1716 59 40 jag
1126 1716 53 30 för
1206 1715 73 31 min
1304 1714 52 32 del
1381 1714 85 31 intet
1489 1716 48 29 att
1561 1713 109 32 erinra
1694 1715 72 29 mot

269 1766 47 29 ett
349 1762 97 32 bifall
478 1764 36 30 så
546 1762 51 31 till
624 1761 79 33 vida
726 1761 51 32 till
801 1761 66 32 den
892 1760 120 42 gjorda
1037 1759 295 41 framställningen
1357 1758 142 32 rörande
1523 1757 242 42 äganderätten

269 1807 49 32 till
348 1806 427 42 läroverksbyggnaderna,
802 1809 48 28 att
874 1804 254 41 framställning
1151 1804 128 32 avlåtes
1303 1803 50 32 till
1381 1803 182 41 riksdagen
1591 1801 175 42 angående

270 1851 185 33 avstående
489 1851 52 32 till
576 1851 118 32 staden
723 1862 42 21 av
789 1851 66 31 den
879 1852 66 29 rätt
968 1849 50 32 till
1042 1849 98 32 dessa
1163 1848 208 41 byggnader,
1397 1858 73 21 som
1495 1849 56 29 må
1574 1847 193 31 tillkomma

270 1896 129 41 Kungl.
434 1896 98 41 Maj:t
564 1896 63 31 och
660 1896 140 31 kronan.
849 1895 64 40 Jag
945 1894 137 37 erinrar,
1119 1896 49 29 att
1199 1892 164 33 liknande
1387 1891 214 33 överlåtelser
1624 1891 142 41 tidigare

270 1940 197 42 upprepade
499 1942 127 39 gånger
658 1940 97 32 blivit
787 1950 42 21 av
863 1939 128 41 Kungl.
1024 1938 98 41 Maj:t
1145 1938 86 31 efter
1253 1937 223 32 inhämtande
1501 1947 42 21 av
1567 1936 199 41 riksdagens

271 1985 227 41 medgivande
530 1984 170 41 beviljade
732 2002 43 3 —
808 1985 38 30 så
878 1987 21 28 t.
934 1994 50 21 ex.
1018 1983 211 32 beträffande
1262 1982 283 32 läroverkshusen
1580 1980 10 31 i
1624 1981 143 31 Kalmar

271 2028 120 45 (1910),
416 2030 196 41 Linköping
636 2027 118 43 (1913),
779 2028 209 32 Hudiksvall
1012 2024 120 44 (1915),
1156 2027 100 32 Lund
1281 2024 120 43 (1923),
1427 2025 206 32 Härnösand
1657 2022 110 42 (1929)

271 2075 64 32 och
360 2074 187 32 Östersund
572 2071 118 43 (1930).

316 2119 353 32 Drätselkammarens
701 2117 255 41 framställning
987 2117 12 31 i
1031 2116 67 32 vad
1131 2116 66 32 den
1230 2117 106 40 angår
1359 2115 243 41 äganderätten
1625 2114 51 31 till
1700 2113 66 32 den

272 2164 109 38 mark,
415 2165 80 31 varå
528 2162 418 41 läroverksbyggnaderna
978 2166 58 27 äro
1069 2160 182 41 uppförda,
1286 2160 95 32 torde
1405 2170 43 22 av
1472 2159 82 38 skäl,
1579 2169 73 21 som
1676 2168 90 21 ovan

271 2208 140 39 berörts,
444 2208 73 31 icke
550 2207 82 32 böra
663 2207 177 32 föranleda
867 2208 112 39 någon
1004 2205 128 41 Kungl.
1160 2205 114 41 Maj:ts
1298 2204 130 42 åtgärd,
1453 2204 63 32 och
1540 2203 94 32 torde
1656 2202 111 32 beslut

271 2253 121 31 härom
424 2252 81 32 böra
538 2252 181 38 meddelas,
746 2251 104 32 sedan
874 2251 179 40 riksdagen
1078 2250 131 31 lämnat
1232 2250 57 31 sitt
1312 2260 78 22 svar
1413 2251 20 29 å
1457 2249 63 32 den
1545 2247 221 42 proposition,

272 2308 74 21 som
370 2297 60 41 jag
453 2297 182 41 tillstyrker
658 2295 176 41 angående
859 2295 109 41 själva
990 2294 253 42 byggnaderna.

318 2394 173 32 Utskottet
515 2394 62 32 har
601 2394 114 31 funnit
739 2393 52 41 sig
813 2393 83 32 böra
919 2392 169 42 tillstyrka
1111 2391 128 42 Kungl.
1265 2392 115 40 Maj:ts
1397 2391 136 41 förslag.
1570 2388 197 34 Emellertid

272 2447 106 39 torde,
403 2447 11 32 i
437 2447 106 32 likhet
567 2447 77 32 med
669 2447 67 32 vad
759 2446 58 32 vid
838 2446 162 32 liknande
1016 2445 250 41 medgivanden
1284 2445 144 41 tidigare
1445 2447 57 38 ägt
1517 2454 88 28 rum,
1622 2442 146 41 uttryck-
