1862 2774
474 158 286 30 Statsutskottets
784 156 178 31 utlåtande
985 166 42 19 nr
1048 155 40 30 87
1110 156 39 29 år
1172 155 83 29 1959
1578 153 38 29 23

114 243 146 30 Särskilt
281 243 58 30 må
358 244 209 28 omnämnas
589 244 50 27 att
662 241 164 30 arbelena
847 240 78 30 med
947 240 41 29 de
1008 239 91 30 båda
1117 239 103 29 broar
1242 247 77 20 som
1338 237 111 29 skulle
1471 237 141 28 komma

114 297 49 28 att
180 294 165 40 avlägsna
363 293 41 30 de
422 293 154 29 svåraste
594 292 150 29 hindren
762 291 54 30 för
834 294 85 36 tung
936 290 110 30 trafik
1063 290 45 39 på
1125 289 66 29 den
1210 288 153 30 aktuella
1381 287 233 39 vägsträckan

113 345 173 29 beräknas
308 345 121 28 kunna
452 343 166 40 påbörjas
640 342 111 30 under
774 341 236 30 innevarande
1033 340 48 32 år.
1105 340 186 33 Utskottet,
1315 347 75 21 som
1412 338 96 28 delar
1529 337 86 29 revi-

115 405 162 21 sorernas
307 394 228 41 uppfattning
566 403 57 20 om
654 393 296 39 angelägenheten
983 401 43 20 av
1057 391 57 29 det
1144 390 64 29 här
1237 388 268 40 ifrågavarande
1536 389 79 37 väg-

114 445 362 40 byggnadsföretaget,
500 445 64 29 har
587 444 79 29 med
691 443 188 38 anledning
903 452 41 20 av
966 442 67 29 vad
1057 442 79 38 väg-
1159 441 64 29 och
1247 438 373 40 vattenbyggnadssty-

113 497 114 29 relsen
252 496 148 30 sålunda
424 495 117 30 anfört
565 497 114 27 ansett
704 494 50 39 sig
778 494 123 29 kunna
923 493 171 39 begränsa
1120 492 50 39 sig
1194 491 54 29 till
1271 492 50 28 att
1346 492 66 28 vad
1436 490 8 28 i
1471 488 143 30 ärendet

113 547 167 30 förevarit
301 546 54 31 för
376 546 188 40 riksdagen

736 595 220 30 omförmäla.

159 700 94 35 17:0)
280 700 101 29 Vissa
405 699 261 35 brobyggnader
689 699 10 29 i
723 697 259 30 Västerbottens
1007 696 67 29 län.
1099 694 115 30 Under
1238 690 378 33 kommunikationsde-

113 752 243 38 partementet,
386 750 14 36 $
432 750 49 35 17,
508 750 47 29 ha
580 749 219 30 revisorerna
825 747 132 40 påtalat
984 746 134 30 bristen
1144 745 45 39 på
1216 743 195 31 samarbete
1437 742 58 29 vid
1522 741 94 30 vissa

112 801 265 40 brobyggnader
401 801 78 33 (Del
500 801 23 34 I,
544 810 25 20 s.
591 798 205 34 111—117).

159 852 230 29 Revisorerna
409 851 45 30 ha
474 850 124 30 därvid
620 850 91 39 gjort
734 849 157 39 följande
912 847 192 30 uttalande.

158 910 351 30 Vattenfallsverkets
532 909 201 39 utbyggnad
757 918 42 19 av
820 906 263 31 vattenkraften
1107 906 9 29 i
1140 904 318 40 Ångermanälvens
1481 901 136 30 huvud-

114 961 83 31 gren
215 952 169 30 omfattar
402 952 43 29 bl.
464 962 29 19 a.
512 951 171 39 reglering
702 960 40 20 av
761 950 219 39 källsjöarna
996 947 201 40 Malgomaj,
1217 946 165 39 Kultsjön
1402 945 65 29 och
1485 945 132 28 Ransa-

114 1005 62 20 ren
198 996 90 29 samt
310 995 216 38 anläggande
548 1003 41 20 av
612 993 137 29 Stalons
771 992 182 29 kraftverk
974 991 58 29 vid
1054 989 223 30 älvsträckan
1299 988 128 29 mellan
1450 987 41 29 de
1514 986 104 29 först-

114 1037 156 30 nämnda
292 1037 90 29 båda
407 1037 153 38 sjöarna.
584 1036 78 29 Med
686 1045 42 20 en
754 1035 109 29 sådan
887 1033 202 39 utbyggnad
1114 1032 103 38 följer
1242 1029 240 40 regelmässigt
1506 1028 113 30 behov

115 1090 42 20 av
175 1079 229 34 omfattande,
425 1079 109 29 delvis
553 1081 109 35 tunga
681 1079 227 37 transporter,
930 1075 54 30 för
1003 1075 96 29 vilka
1118 1074 57 29 det
1196 1075 97 37 svagt
1313 1071 205 30 utvecklade
1538 1071 80 38 väg-

114 1123 97 29 nätet
240 1123 4 28 i
267 1121 190 30 områdena
480 1121 44 39 på
547 1121 150 39 gränsen
720 1120 51 29 till
796 1118 264 39 fjälltrakterna
1084 1117 62 29 alls
1170 1116 76 29 icke
1271 1116 37 28 är
1332 1113 284 30 dimensionerat.

114 1165 67 29 Till
211 1164 345 30 vattenfallsverkets
588 1161 252 31 förberedande
872 1160 162 39 åtgärder
1066 1158 55 30 för
1152 1155 466 39 vattenkraftutbyggnaden

115 1208 64 29 hör
203 1206 121 31 därför
347 1207 11 28 i
383 1206 118 39 dylika
526 1205 62 29 fall
614 1207 49 27 att
688 1212 123 31 genom
837 1202 243 39 förstärkning
1105 1201 82 29 eller
1212 1199 207 39 nybyggnad
1446 1207 41 21 av
1511 1198 106 38 vägar

115 1249 65 30 och
199 1249 102 30 broar
322 1248 208 30 säkerställa
549 1248 266 38 transporterna
834 1245 51 30 till
907 1244 306 38 arbetsplatserna.
1234 1241 158 30 Normalt
1414 1240 79 30 sker
1513 1239 106 40 givet-

115 1292 53 29 vis
193 1291 116 30 denna
334 1290 237 40 upprustning
598 1299 42 20 av
664 1288 334 39 transportvägarna
1023 1287 11 28 i
1061 1285 140 31 samråd
1227 1284 65 30 och
1319 1283 194 31 samarbete
1539 1282 79 29 med

115 1333 368 40 vägmyndigheterna.

161 1376 231 29 Revisorerna
410 1375 45 29 ha
474 1375 10 28 i
505 1374 57 29 det
582 1372 208 40 föregående
810 1371 179 39 redogjort
1009 1370 55 29 för
1084 1372 51 27 tre
1154 1369 94 29 olika
1269 1368 72 34 fall,
1361 1368 11 28 i
1391 1367 96 29 vilka
1506 1366 113 29 bättre

116 1417 280 40 vägförbindelse
423 1416 90 30 varit
541 1415 205 38 erforderlig
774 1414 54 29 för
855 1412 344 31 vattenfallsverkets
1227 1410 142 30 arbeten
1396 1418 80 20 men
1504 1408 115 39 någon

117 1459 228 39 samordning
366 1459 78 29 med
465 1457 346 40 vägförvaltningens
832 1455 162 39 åtgärder
1015 1454 77 29 icke
1113 1454 137 28 kunnat
1271 1451 263 39 åvägabringas.

161 1503 65 29 Det
248 1501 113 30 första
382 1501 98 29 fallet
503 1509 99 20 avser
624 1508 43 20 en
688 1497 278 31 broförbindelse
989 1497 86 29 nära
1098 1494 292 40 Malgomajsjöns
1413 1493 133 39 utlopp.
1570 1492 50 29 De

116 1545 64 29 där
199 1543 183 39 befintliga
402 1542 95 30 äldre
517 1542 151 29 broarna
687 1541 81 29 över
787 1540 57 30 två
864 1547 124 32 grenar
1009 1548 42 19 av
1071 1537 300 39 Ångermanälven
1391 1536 84 28 bära
1496 1534 124 30 endast

118 1589 48 27 ett
188 1586 178 38 axeltryck
389 1594 40 20 av
451 1584 18 29 4
492 1586 60 28 ton
575 1583 82 30 eller
679 1592 42 21 en
743 1583 123 38 högsta
890 1580 222 31 fordonsvikt
1135 1589 42 20 av
1201 1579 38 29 10
1263 1581 70 27 ton.
1357 1576 229 40 Ombyggnad
1609 1576 10 29 i

118 1628 153 39 enlighet
294 1627 79 30 med
397 1627 125 29 nutida
544 1626 88 29 krav
654 1625 64 29 har
742 1625 107 29 sedan
871 1624 101 38 länge
996 1623 90 29 varit
1110 1621 147 35 aktuell;
1282 1620 45 30 bl.
1351 1630 29 20 a.
1403 1629 61 20 var
1488 1618 133 31 arbetet

118 1671 175 38 medtaget
314 1670 11 29 i
348 1670 112 28 länets
484 1667 216 40 femårsplan
723 1667 54 29 för
799 1667 84 29 åren
908 1664 228 31 1952—1956.
1160 1663 134 30 Endast
1317 1661 62 31 200
1402 1663 110 28 meter
1535 1669 87 31 upp-

119 1713 128 30 ströms
269 1712 79 29 från
372 1712 102 29 dessa
494 1711 103 29 broar
619 1710 64 29 har
705 1708 326 31 vattenfallsverket
1053 1707 111 29 under
1187 1706 84 29 åren
1296 1703 216 31 1955—-1958
1534 1712 88 30 upp-

118 1755 71 29 fört
218 1753 359 40 regleringsdammen
608 1752 54 29 för
691 1751 201 39 Malgomaj.
923 1750 67 29 För
1021 1750 267 37 transporterna
1318 1747 94 30 såväl
1443 1746 52 29 till
1527 1745 94 30 detta

118 1797 108 39 bygge
254 1805 74 21 som
354 1796 51 29 till
432 1793 325 41 byggnadsarbeten
783 1794 119 37 längre
928 1800 72 30 upp
1026 1791 11 29 i
1065 1791 223 38 älvsystemet
1314 1789 64 28 har
1404 1787 218 30 vattenfalls-

118 1839 120 30 verket
260 1837 192 31 emellertid
475 1837 66 29 fått
563 1836 162 30 använda
746 1836 52 39 sig
819 1844 42 20 av
882 1844 42 20 en
946 1833 154 38 tillfällig
1121 1831 280 40 vägförbindelse
1423 1830 110 38 jämte
1555 1829 67 29 den

119 1890 47 19 nu
198 1880 175 39 uppförda
405 1878 356 39 regleringsdammen
792 1878 80 28 över
904 1876 110 29 älven.
1047 1875 112 29 Sedan
1190 1872 357 40 regleringsarbetena
1579 1870 44 40 på

119 1923 137 38 platsen
281 1930 148 21 numera
453 1922 59 28 äro
538 1920 253 38 färdigställda,
818 1917 293 40 slutprojekterar
1136 1915 325 39 vägförvaltningen
1487 1914 42 29 de
1555 1922 69 29 nya

119 1965 161 33 broarna,
299 1963 66 29 och
382 1962 265 39 ombyggnaden
666 1962 122 28 väntas
807 1960 88 30 efter
913 1960 95 29 hand
1026 1959 143 28 komma
1187 1958 9 29 i
1216 1957 99 39 gång.
1335 1957 64 28 Det
1418 1956 64 29 har
1500 1954 123 30 därvid

121 2007 75 29 icke
216 2007 133 28 ansetts
369 2005 137 39 möjligt
527 2006 51 28 att
597 2003 205 30 kombinera
822 2003 42 29 de
884 2001 89 30 båda
995 2000 310 39 anläggningarna,
1328 1998 37 30 så
1386 2000 50 27 att
1457 1998 66 29 den
1545 1998 79 28 när-

120 2048 146 38 belägna
288 2046 327 40 dammbyggnaden
636 2046 79 28 med
736 2045 76 29 däri
833 2043 171 40 ingående
1026 2043 61 28 bro
1109 2043 136 28 kunnat
1267 2040 179 31 användas
1469 2039 54 30 för
1544 2040 80 37 väg-

120 2090 185 30 väsendets
323 2089 119 29 behov.

166 2133 64 28 Det
253 2132 110 28 andra
387 2131 96 28 fallet
506 2130 108 38 gäller
636 2139 41 19 en
700 2129 61 29 bro
783 2129 80 28 över
886 2126 199 39 Kultsjöån,
1109 2126 32 29 d.
1163 2136 30 18 v.
1217 2135 25 20 s.
1266 2125 66 29 den
1355 2125 53 28 del
1433 2134 40 19 av
1495 2123 128 39 Änger-

121 2173 185 29 manälven
326 2181 123 30 genom
469 2172 116 29 vilken
604 2173 133 27 vattnet
757 2171 78 29 från
855 2169 166 38 Kultsjön
1042 2169 92 28 föres
1154 2168 66 29 ned
1239 2167 52 29 till
1311 2165 199 39 Malgomaj.
1531 2165 92 29 även

122 2216 64 28 här
209 2215 116 29 finnes
349 2224 41 19 en
415 2214 94 29 äldre
532 2214 72 33 bro,
628 2213 115 28 vilken
768 2212 89 29 dock
881 2212 63 28 har
969 2219 135 21 samma
1128 2208 213 39 begränsade
1366 2208 157 37 bärighet
1550 2216 73 20 som

122 2258 41 28 de
193 2266 83 29 nyss
306 2256 164 28 nämnda.
502 2255 51 28 Då
582 2254 323 29 valtenfallsverket
938 2253 53 28 för
1021 2251 347 39 byggnadsarbelena
1398 2250 56 28 vid
1487 2249 138 28 Stalons

123 2298 181 29 kraftverk
332 2297 64 28 och
425 2297 184 37 Kultsjöns
638 2295 169 38 reglering
835 2295 63 28 har
925 2294 112 29 behov
1064 2303 42 18 av
1133 2302 41 20 en
1202 2292 61 29 bro
1290 2292 78 28 med
1396 2291 95 37 långt
1519 2291 105 37 högre

125 2339 168 39 bärighet,
320 2339 65 28 har
410 2338 128 29 mellan
565 2336 376 38 vatlenfallsstyrelsen
969 2335 64 28 och
1060 2335 79 36 väg-
1165 2333 65 28 och
1256 2332 373 38 vattenbyggnadssty-

123 2382 113 29 relsen
267 2380 143 30 träffals
441 2389 40 20 en
513 2379 339 29 överenskommelse
884 2379 49 27 alt
964 2376 358 39 vägmyndigheterna
1354 2375 97 28 skola
1483 2374 143 38 planera

123 2424 66 29 och
213 2422 152 39 uppföra
389 2431 41 20 en
456 2431 46 29 ny
525 2421 73 34 bro,
622 2421 115 28 vilken
765 2420 100 38 fyller
891 2419 92 29 såväl
1011 2418 342 30 vattenfallsverkets
1379 2417 110 28 behov
1516 2416 110 28 under

124 2464 277 40 byggnadstiden
422 2473 73 20 som
517 2463 251 37 vägväsendets
790 2463 83 27 krav
893 2466 43 34 på
956 2471 41 19 en
1021 2460 164 29 framtida
1207 2461 205 37 permanent
1434 2458 71 29 bro.
1528 2458 99 28 Kost-

125 2508 155 28 naderna
300 2506 97 30 skola
418 2507 8 27 i
446 2505 186 29 huvudsak
653 2504 171 29 bestridas
845 2514 41 19 av
905 2502 335 30 vattenfallsverket.
1263 2502 49 28 Då
1333 2500 191 30 emellertid
1547 2500 80 37 byg-
