1862 2766
277 145 36 31 16
637 154 286 36 Statsutskottets
946 161 178 34 utlåtande
1146 174 42 21 nr
1209 167 41 29 87
1271 169 40 29 år
1333 171 84 30 1959

322 231 211 32 Utlåtanden
562 236 45 30 ha
637 239 146 38 avgivits
814 251 42 20 av
883 243 191 38 försvarets
1104 248 307 45 civilförvaltning,
1443 257 163 39 cheferna
1636 261 57 39 för
1722 272 55 20 ar-

273 280 91 37 mén,
390 283 160 31 marinen
576 287 64 28 och
664 288 213 41 flygvapnet,
904 296 169 37 styrelsen
1098 298 56 39 för
1179 300 192 39 försvarets
1399 305 169 41 läroverk,
1595 312 177 30 statskon-

275 330 88 29 toret
381 333 64 28 och
468 334 333 42 skolöverstyrelsen
829 342 79 33 (Del
928 345 38 34 II,
990 355 24 20 s.
1038 347 161 36 55—64).

316 381 228 34 Beträffande
573 386 65 30 den
667 390 162 31 närmare
858 393 214 34 innebörden
1102 408 41 20 av
1172 400 121 32 därvid
1323 404 197 34 framförda
1550 408 219 47 synpunkter

272 431 96 29 lorde
391 433 35 29 få
448 434 167 32 hänvisas
636 439 52 29 till
710 441 238 33 utlåtandena.

314 532 183 34 Utskottet,
521 537 65 30 Det
610 539 37 29 är
671 541 107 40 enligt
803 544 185 32 utskottets
1011 550 141 40 mening
1175 554 207 38 uppenbart,
1408 560 50 27 att
1480 560 286 43 undervisnings-

267 580 221 41 kapaciteten
514 587 63 31 hos
604 588 190 34 försvarets
822 594 157 32 läroverk
1006 598 23 32 f.
1057 608 32 20 n.
1116 601 77 31 icke
1219 606 175 39 utnyttjas
1421 608 10 28 i
1459 609 67 30 den
1552 608 213 49 omfattning

266 640 75 21 som
368 634 44 38 på
436 637 115 36 grund
578 647 41 21 av
644 640 192 41 tillgången
860 646 43 37 på
929 647 229 33 lärarkrafter
1184 654 65 28 och
1277 655 133 31 lokaler
1435 658 11 28 i
1472 660 64 29 och
1566 661 54 31 för
1648 664 50 39 sig
1725 666 39 28 är

264 682 132 41 möjlig.
428 685 6 28 I
461 688 357 35 remissutlåtandena
842 695 45 30 ha
911 696 127 31 liksom
1062 709 42 20 av
1125 702 221 33 revisorerna
1372 706 197 43 föreslagits
1595 712 93 31 olika
1713 714 50 30 åt-

264 732 124 38 gärder
413 735 55 30 för
493 739 51 28 att
569 739 84 31 råda
679 741 58 30 bot
763 744 45 38 på
833 746 152 32 nämnda
1012 750 319 35 missförhållande.
1362 757 175 33 Utskottet
1562 763 38 28 är
1626 762 55 31 för
1708 766 53 28 sin

263 782 55 30 del
339 784 75 30 icke
435 785 113 32 berett
568 792 50 27 att
640 791 10 28 i
673 791 231 35 förevarande
925 801 255 42 sammanhang
1204 806 80 37 taga
1306 808 162 30 närmare
1493 812 166 41 ställning
1683 814 77 31 där-

261 832 63 30 Vill.
349 834 63 31 Det
435 844 104 31 synes
563 841 193 32 emellertid
780 846 170 31 utskottet
975 848 168 43 lämpligt,
1168 855 50 29 att
1242 855 42 30 de
1308 866 43 20 av
1372 857 124 41 frågan
1523 863 156 31 närmast
1704 865 56 30 be-

259 883 104 31 rörda
386 887 289 40 myndigheterna
700 892 36 30 få
759 894 10 29 i
794 896 157 41 uppdrag
975 902 49 27 att
1049 901 207 40 skyndsamt
1282 908 160 30 utarbeta
1466 911 65 29 och
1554 913 52 29 till
1631 910 126 48 Kungl.

258 933 106 39 Maj:t
382 935 183 34 inkomma
584 943 77 29 med
682 943 41 29 de
743 944 242 45 detaljförslag
1005 959 76 21 som
1099 952 123 32 kunna
1241 955 162 33 befinnas
1426 960 185 39 påkallade
1631 964 54 30 för
1705 968 51 28 att

259 983 180 40 tillgodose
459 988 57 30 det
537 999 42 20 av
598 993 218 32 revisorerna
837 998 148 39 angivna
1006 1001 115 39 syftet.

302 1035 174 33 Utskottet
504 1039 212 39 hemställer,

610 1094 49 28 att
680 1094 188 41 riksdagen
888 1099 57 29 må
964 1100 10 29 i
995 1101 166 32 skrivelse
1181 1105 54 30 till
1255 1107 125 40 Kungl.
1402 1110 105 39 Maj:t
1528 1113 151 36 anhålla,
1703 1118 50 27 att

564 1142 124 40 Kungl.
709 1145 106 39 Maj:t
834 1148 78 30 ville
932 1149 208 34 föranstalta
1159 1164 57 20 om
1234 1156 163 40 åtgärder
1414 1160 11 29 i
1445 1161 56 30 det
1521 1172 42 20 av
1582 1165 169 30 utskottet

563 1193 148 38 angivna
739 1196 116 39 syftet.

297 1297 93 34 11:0)
419 1299 268 39 Förvaltningen
713 1315 43 19 m.
783 1316 43 21 m.
852 1318 41 19 av
919 1311 91 30 vissa
1036 1313 19 29 å
1081 1314 189 32 försvarets
1297 1319 222 33 fabriksfond
1546 1325 203 32 redovisade

247 1347 184 31 maskiner.
452 1350 115 31 Under
586 1353 434 43 försvarsdepartementet,
1040 1363 15 36 3
1078 1365 46 34 11,
1143 1365 43 30 ha
1206 1368 216 32 revisorerna
1442 1372 177 40 föreslagit
1639 1379 47 27 att
1706 1387 41 20 en

248 1395 84 38 plan
357 1397 54 30 för
436 1399 41 29 de
503 1400 267 40 ifrågavarande
797 1409 243 32 maskinernas
1066 1416 235 41 användning,
1329 1420 184 32 underhåll
1540 1425 64 28 och
1630 1425 118 41 förny-

249 1446 69 29 else
340 1449 177 32 utarbetas
546 1452 77 33 (Del
646 1455 22 34 I,
690 1465 25 20 s.
738 1458 61 28 57-
816 1455 84 44 -66).

294 1498 227 33 Revisorerna
542 1503 44 30 ha
606 1504 120 31 därvid
746 1508 92 38 gjort
859 1510 155 39 följande
1035 1515 190 31 uttalande.

288 1555 68 30 För
379 1560 49 28 att
453 1569 42 20 av
519 1560 293 44 beredskapsskäl
838 1569 204 32 säkerställa
1067 1583 42 19 en
1134 1570 326 51 tillfredsställande
1485 1579 260 50 tillverknings-

244 1596 174 40 kapacitet
441 1601 56 30 för
519 1602 190 34 försvarets
731 1608 112 31 behov
864 1611 45 29 ha
932 1615 274 32 statsmakterna
1229 1622 115 29 ansett
1366 1622 220 43 erforderligt
1610 1630 49 27 att
1683 1638 60 20 an-

241 1639 76 30 visa
340 1641 196 40 betydande
560 1646 124 42 belopp
709 1650 51 29 till
787 1652 230 43 anskaffning
1041 1666 42 20 av
1106 1659 93 30 vissa
1223 1663 180 30 maskiner
1427 1666 66 29 och
1516 1669 145 40 verktyg
1687 1670 54 31 för

241 1676 494 58 krigsmaterieltillverkning.
763 1693 284 44 Anskaffningen
1074 1700 64 29 har
1164 1702 52 30 till
1244 1704 239 41 övervägande
1511 1709 53 30 del
1592 1711 148 31 belastat

240 1719 352 54 driftbudgetanslag.
616 1732 253 40 Inköpsvärdet
892 1747 42 20 av
956 1739 66 30 den
1046 1741 267 40 ifrågavarande
1337 1750 204 30 materielen
1562 1752 65 30 har
1649 1754 10 29 i
1683 1764 57 19 av-

240 1766 130 31 rundat
392 1769 46 29 tal
462 1772 147 38 uppgått
631 1774 51 29 till
704 1776 41 30 40
769 1777 165 39 miljoner
955 1781 140 37 kronor,
1118 1785 108 31 vilket
1249 1787 125 42 belopp
1397 1792 38 28 är
1458 1792 71 30 helt
1552 1795 185 31 avskrivet.

239 1807 226 34 Maskinerna
488 1813 46 29 ha
558 1814 10 29 i
593 1817 71 28 stor
688 1818 245 43 utsträckning
957 1826 72 27 mot
1053 1827 194 41 ersättning
1272 1831 139 39 uthyrts
1435 1834 52 29 till
1513 1835 66 29 den
1601 1838 137 38 privata

238 1849 208 34 industrien.
467 1856 13 28 I
499 1855 100 40 fråga
615 1866 56 21 om
689 1861 245 32 maskinernas
952 1866 224 42 redovisning
1194 1870 65 30 har
1276 1872 125 41 Kungl.
1422 1876 105 39 Maj:t
1545 1878 45 38 på
1609 1880 129 37 grund-

237 1894 54 28 val
314 1902 42 21 av
377 1894 132 42 förslag
531 1897 80 31 från
633 1902 436 38 organisationsnämnden
1093 1910 54 30 för
1169 1912 67 29 den
1258 1916 155 29 centrala
1436 1917 300 34 försvarsförvalt-

235 1933 130 40 ningen
388 1937 67 30 den
480 1940 35 29 11
543 1949 94 23 mars
662 1944 82 30 1955
769 1946 174 31 meddelat
966 1951 162 30 närmare
1151 1952 232 35 föreskrifter.
1408 1959 12 29 I
1445 1959 56 30 det
1526 1960 208 41 föregående

234 1975 66 30 har
322 1978 197 40 redogjorts
542 1981 56 31 för
620 1983 192 34 innehållet
842 1988 3 29 i
868 1990 153 31 nämnda
1045 1992 232 35 föreskrifter.
1301 1999 50 29 De
1374 2000 168 32 innebära
1564 2004 11 29 i
1598 2005 136 30 huvud-

235 2018 64 30 sak
320 2021 50 28 att
392 2022 109 30 större
523 2023 100 31 delen
643 2036 42 20 av
706 2029 285 40 maskinparken,
1015 2035 78 29 med
1115 2037 182 42 undantag
1318 2040 54 31 för
1394 2042 40 30 de
1456 2045 179 30 maskiner
1657 2057 76 20 som

232 2059 61 30 äro
316 2063 150 30 avsedda
488 2064 56 30 för
565 2066 130 31 driften
717 2070 58 29 vid
798 2071 188 33 försvarets
1009 2075 240 35 fabriksverks
1272 2082 262 42 anläggningar,
1558 2088 88 30 skall
1669 2099 64 20 un-

232 2102 184 32 derställas
443 2107 420 45 armétygförvaltningen
890 2124 80 21 men
997 2118 178 33 redovisas
1202 2122 46 39 på
1275 2123 191 33 försvarets
1495 2128 234 33 fabriksfond.

232 2143 121 32 Såsom
371 2147 146 40 tidigare
536 2152 141 30 nämnts
694 2154 65 29 har
777 2157 417 44 armétygförvaltningen
1211 2164 11 29 i
1240 2166 219 42 underdånig
1477 2171 167 31 skrivelse
1662 2173 68 30 den

232 2185 39 30 18
293 2187 80 39 juni
398 2190 83 30 1956
503 2190 178 34 hemställt
703 2198 51 28 att
777 2198 225 32 maskinerna
1025 2202 10 29 i
1059 2202 98 41 fråga
1179 2206 109 30 måtte
1311 2208 54 30 för
1387 2211 224 42 redovisning
1633 2216 96 28 över-

229 2227 97 32 föras
352 2230 78 31 från
457 2231 269 36 fabriksfonden
754 2239 52 29 till
834 2240 56 30 det
915 2241 346 43 beredskapsförråd,
1290 2259 74 21 som
1392 2251 168 33 förvaltas
1587 2265 43 20 av
1656 2258 72 28 äm-

226 2269 208 34 betsverket.
459 2274 184 42 Samtidigt
666 2278 64 30 har
754 2282 418 44 armétygförvaltningen
1195 2290 149 31 anhållit
1367 2295 51 28 att
1442 2294 41 29 de
1507 2296 221 42 inkomsthy-

227 2319 58 22 ror
305 2314 65 29 och
389 2314 346 44 försäljningsmedel
755 2331 75 21 som
850 2324 126 40 inflyta
994 2335 124 31 genom
1138 2330 193 43 uthyrning
1350 2335 83 29 eller
1453 2336 212 43 försäljning
1684 2350 43 20 av

226 2354 226 33 maskinerna
476 2359 65 29 och
566 2369 74 21 som
664 2363 108 39 enligt
797 2366 159 37 gällande
979 2368 264 34 bestämmelser
1267 2376 184 31 oavkortat
1476 2379 98 30 skola
1598 2381 127 31 inleve-

224 2403 97 23 rTeras
345 2398 51 29 till
421 2401 210 32 statsverket
654 2404 10 29 i
688 2404 274 43 fortsättningen
985 2410 11 29 i
1019 2412 349 35 överensstämmelse
1392 2420 80 29 med
1495 2421 66 29 vad
1586 2431 74 22 som
1685 2426 39 28 är

224 2437 99 32 fallet
347 2440 11 29 i
382 2440 100 41 fråga
506 2452 57 21 om
589 2444 381 43 beredskapsförråden
995 2453 107 31 måtte
1128 2456 57 29 må
1209 2459 181 31 användas
1416 2462 51 29 till
1495 2464 228 42 ersättnings-
