1864 2764
257 163 39 30 30
622 165 287 30 Statsutskottets
932 166 179 31 utlåtande
1132 176 42 20 nr
1195 167 41 30 87
1257 168 38 29 år
1318 169 84 29 1959

261 246 235 40 ningssystem
519 247 53 30 för
592 248 40 29 de
654 248 94 30 olika
768 250 303 38 rörelsegrenarna
1091 251 56 28 vid
1169 251 40 29 de
1230 253 50 28 tre
1302 253 109 29 större
1434 253 225 30 stationerna.
1678 255 87 29 Där-

260 291 51 27 est
331 288 56 31 det
407 289 58 29 vid
485 298 42 20 en
547 290 187 40 utredning
755 300 42 19 av
816 291 101 29 dessa
936 292 274 39 rörelsegrenars
1230 293 163 30 ekonomi
1415 294 113 30 skulle
1547 294 74 30 visa
1643 295 50 39 sig
1714 298 48 26 att

260 332 294 38 restaurangerna
574 331 11 29 i
609 332 202 29 Stockholm
834 333 64 29 och
921 334 129 29 Malmö
1073 334 74 29 icke
1171 335 59 29 äro
1252 335 208 34 lönsamma,
1484 336 70 29 kan
1577 337 56 29 det
1656 338 107 38 enligt

260 372 237 30 revisorernas
522 373 140 39 mening
686 373 236 40 ifrågasättas,
947 375 175 30 huruvida
1145 376 188 40 tillräcklig
1358 378 189 39 anledning
1572 378 116 30 finnes
1714 382 48 26 att

261 415 165 28 fortsätta
452 415 196 29 rörelserna
675 415 10 29 i
714 416 54 29 sin
796 417 202 30 nuvarande
1026 417 91 29 form
1144 418 10 29 i
1183 418 101 30 dessa
1311 419 128 36 städer,
1466 420 113 30 vilkas
1607 422 155 28 centrala

261 455 95 30 delar
382 457 60 28 äro
468 457 55 28 väl
549 457 142 29 rustade
717 458 80 29 med
822 458 272 39 näringsställen
1121 469 40 20 av
1188 462 65 37 god
1280 461 179 30 standard.
1488 462 148 30 Snarare
1663 463 99 29 torde

259 497 57 31 det
338 498 124 29 kunna
485 500 144 37 antagas
653 501 49 27 att
726 509 43 20 en
793 500 207 40 utvidgning
1024 511 41 19 av
1088 501 253 40 byfférörelsen
1366 504 113 29 skulle
1503 504 183 39 tillgodose
1711 505 52 29 så-

258 539 55 29 väl
336 539 141 40 rimliga
499 540 86 30 krav
607 541 44 39 på
676 541 129 30 service
830 542 55 29 för
907 543 68 29 den
999 544 146 29 resande
1170 545 237 30 allmänheten
1433 555 75 20 som
1532 547 231 30 ekonomiska

259 581 231 39 synpunkter.

302 623 93 29 Även
418 623 105 31 såvitt
544 625 106 38 gäller
672 627 388 39 restaurangvagnarna
1082 637 104 30 synas
1208 628 167 31 liknande
1399 631 219 38 synpunkter
1640 631 122 30 kunna

258 665 100 38 göras
376 666 171 38 gällande.
567 666 121 31 Såsom
707 667 155 40 framgår
880 677 41 21 av
939 669 57 29 det
1015 669 207 39 föregående
1240 671 45 29 ha
1303 671 81 29 från
1402 671 155 40 bolagets
1576 673 75 29 sida
1668 673 94 30 vissa

257 707 300 39 omständigheter
580 708 136 30 anförts
740 718 74 21 som
837 710 196 40 förklaring
1056 712 51 29 till
1131 714 49 27 att
1203 714 248 37 vagnrörelsen
1473 714 46 39 på
1540 715 94 29 vissa
1656 715 105 39 linjer

258 749 38 28 är
318 749 137 29 lönsam
479 750 64 28 och
565 750 45 39 på
632 751 112 29 andra
765 751 86 30 icke.
877 753 229 30 Revisorerna
1128 754 46 29 ha
1196 754 88 30 dock
1308 755 30 39 ej
1365 756 138 29 kunnat
1526 756 100 30 finna
1650 760 49 27 att
1724 758 37 30 så

258 791 94 28 stora
373 791 283 40 skiljaktigheter
678 793 11 29 i
711 793 343 41 förutsättningarna
1076 795 54 30 för
1152 796 130 30 driften
1305 797 169 40 föreligga
1495 798 45 39 på
1562 799 94 30 olika
1678 799 82 34 håll,

257 834 50 28 att
328 833 40 29 de
389 833 204 30 redovisade
615 834 258 33 differenserna
893 837 123 30 kunna
1038 838 135 30 lämnas
1195 841 85 27 utan
1302 840 162 29 närmare
1486 841 188 39 utredning
1696 842 65 29 och

258 874 131 39 åtgärd.
416 875 67 29 Det
507 876 58 29 vill
593 886 105 29 synas
725 886 74 20 som
826 887 55 20 om
909 879 214 39 svårigheter
1148 880 168 40 föreligga
1342 884 50 27 att
1418 882 134 30 erhålla
1577 885 48 27 ett
1651 891 109 32 gynn-

257 918 90 27 samt
366 917 105 29 utfall
492 927 41 20 av
551 919 247 38 vagnrörelsen
818 920 43 39 på
881 920 115 39 linjer,
1019 931 74 20 som
1113 922 77 29 föra
1209 925 340 38 restaurangvagnar
1569 925 79 30 med
1669 926 91 29 table

256 957 296 32 d'höte-måltider
572 970 40 19 av
632 961 213 30 traditionell
866 964 71 37 typ,
958 963 126 29 medan
1105 964 40 29 de
1164 964 137 31 mindre
1320 967 345 38 personalkrävande
1685 968 76 39 byf-

257 999 216 39 févagnarna
497 1002 117 29 lämna
638 1002 114 30 bättre
778 1005 105 29 netto.
909 1004 95 30 Även
1028 1005 221 31 beträffande
1275 1009 248 37 vagnrörelsen
1549 1019 102 29 synes
1678 1020 80 19 man

256 1041 119 31 därför
396 1042 86 30 böra
502 1044 168 39 överväga
691 1047 49 28 ett
761 1045 81 31 ökat
864 1047 226 39 utnyttjande
1112 1058 41 19 av
1174 1048 286 41 byfféservering.

302 1117 213 31 Utlåtanden
540 1119 45 30 ha
609 1120 147 39 avgivits
781 1130 42 20 av
846 1122 263 39 statskontoret,
1133 1124 352 40 järnvägsstyrelsen,
1510 1127 171 39 styrelsen
1705 1128 57 39 för

256 1167 57 29 AB
339 1168 370 42 Trafikrestauranger
734 1171 64 29 och
820 1172 157 40 Sveriges
1002 1174 153 29 centrala
1179 1176 407 41 restaurangaktiebolag
1616 1177 78 34 (Del
1720 1179 40 33 II,

256 1227 25 20 s.
307 1218 205 34 142-—150).

299 1269 230 31 Beträffande
558 1271 65 29 den
653 1272 162 30 närmare
845 1273 215 31 innebörden
1090 1284 42 20 av
1160 1276 121 31 därvid
1312 1276 198 31 framförda
1539 1280 219 38 synpunkter

255 1319 98 29 torde
373 1319 38 30 få
430 1320 165 31 hänvisas
615 1321 52 30 till
689 1322 239 31 utlåtandena.

302 1428 187 31 Utskottet.
519 1431 12 29 1
560 1431 110 30 likhet
699 1432 80 30 med
808 1433 217 31 revisorerna
1055 1435 116 30 finner
1200 1437 171 31 utskottet
1401 1437 56 30 det
1488 1439 179 40 angeläget
1698 1442 61 32 att,

256 1478 104 31 såvitt
380 1480 109 38 gäller
511 1482 131 29 statens
663 1482 209 40 järnvägars
892 1486 51 28 tre
966 1486 128 29 största
1116 1486 178 35 stationer,
1316 1497 43 20 en
1380 1488 171 40 ingående
1574 1491 122 39 analys
1718 1500 42 20 av

255 1528 137 31 utfallet
412 1539 43 20 av
473 1531 66 29 den
559 1541 41 20 av
617 1533 57 29 AB
693 1533 372 42 Trafikrestauranger
1083 1536 166 31 bedrivna
1268 1539 155 30 rörelsen
1441 1540 206 31 verkställes
1668 1544 89 27 samt

254 1581 49 27 att
324 1581 48 28 ett
393 1580 139 31 klarare
552 1582 376 42 redovisningssystem
949 1585 55 30 för
1025 1586 41 30 de
1086 1587 94 30 olika
1200 1589 305 39 rörelsegrenarna
1525 1591 159 30 kommer
1705 1592 52 29 till

255 1629 112 30 stånd.
388 1631 67 30 Det
478 1632 39 29 är
536 1632 203 40 visserligen
761 1634 120 40 riktigt
905 1638 49 28 att
976 1638 362 39 restaurangrörelsen
1361 1640 9 29 i
1393 1640 193 31 allmänhet
1608 1642 77 31 haft
1708 1645 50 28 att

253 1679 133 31 brottas
404 1682 82 29 med
505 1684 95 28 stora
618 1683 214 40 svårigheter
851 1686 112 30 under
983 1696 120 21 senare
1122 1688 49 35 år,
1191 1698 79 20 men
1290 1690 95 30 detta
1404 1691 74 36 har,
1500 1692 103 30 såvitt
1623 1694 135 29 utskot-

253 1732 48 27 tet
321 1731 138 31 kunnat
479 1732 157 37 bedöma,
658 1734 185 31 flerstädes
864 1737 107 30 mötts
992 1747 42 20 av
1054 1738 464 42 rationaliseringsåtgärder
1539 1742 80 30 från
1639 1744 119 30 veder-

252 1780 153 32 börande
425 1782 358 42 företagsledningars
803 1786 75 30 sida
895 1787 10 29 i
926 1787 91 39 syfte
1037 1790 49 28 att
1106 1789 84 30 söka
1210 1799 151 31 anpassa
1379 1792 270 31 verksamheten
1668 1794 89 30 efter

253 1831 40 29 de
316 1832 155 30 ändrade
494 1833 265 40 betingelserna.
782 1836 40 39 Ej
847 1836 109 31 heller
978 1838 57 30 det
1057 1840 85 29 nära
1165 1840 206 31 sambandet
1393 1842 80 30 med
1496 1844 66 29 den
1584 1841 173 48 egentliga

252 1881 301 41 järnvägsdriften
579 1885 70 29 kan
674 1886 108 39 enligt
808 1887 191 31 utskottets
1025 1890 140 39 mening
1191 1890 36 30 få
1252 1901 83 20 vara
1361 1894 48 28 ett
1435 1893 126 31 hinder
1587 1895 55 30 för
1668 1898 50 29 att
1744 1896 11 29 i

252 1932 230 31 förevarande
502 1934 61 30 fall
584 1936 129 29 största
731 1937 144 39 möjliga
895 1938 339 42 kostnadstäckning
1253 1941 237 39 eftersträvas,
1511 1945 86 30 även
1617 1955 56 20 om
1691 1947 65 29 till-

251 1981 110 41 börlig
383 1983 140 41 hänsyn
544 1985 111 31 måste
677 1988 100 38 tagas
798 1987 52 30 till
873 1988 42 30 de
938 1989 162 40 speciella
1121 1991 128 30 villkor
1270 1993 111 29 under
1403 1994 96 31 vilka
1521 1995 150 32 framför
1694 1998 61 29 allt

251 2035 475 39 restaurangvagnsrörelsen
748 2037 147 31 arbetar.

295 2083 121 30 Såsom
436 2085 154 40 framgår
609 2096 42 20 av
669 2087 42 30 de
730 2088 147 39 avgivna
895 2090 356 32 remissutlåtandena
1270 2094 59 29 äro
1349 2094 95 31 såväl
1462 2092 293 50 järnvägsstyrel-

251 2142 61 21 sen
340 2143 75 20 som
443 2135 310 41 bolagsledningen
780 2139 186 31 medvetna
992 2150 56 20 om
1077 2142 41 29 de
1145 2143 238 39 föreliggande
1410 2146 221 38 problemens
1659 2148 95 40 bety-

252 2183 103 30 delse.
385 2185 103 30 Vissa
516 2186 466 42 rationaliseringsåtgärder
1010 2192 44 29 ha
1083 2193 106 29 också
1218 2194 108 30 redan
1355 2195 165 40 vidtagits
1549 2198 65 28 och
1644 2199 111 29 andra

251 2235 113 29 ställts
386 2235 11 29 i
419 2236 122 30 utsikt.
565 2237 176 31 Utskottet
764 2238 207 32 förutsätter
993 2241 55 30 för
1071 2242 52 30 sin
1147 2243 53 30 del
1224 2246 49 28 att
1297 2245 131 31 arbetet
1451 2246 146 31 härmed
1620 2249 133 30 fullföl-

247 2284 55 39 jes
320 2286 79 29 med
422 2286 45 29 all
488 2286 95 31 kraft
604 2288 112 30 under
736 2289 230 41 vederbörligt
987 2291 195 33 beaktande
1203 2304 41 20 av
1265 2296 41 29 de
1328 2297 221 39 synpunkter
1568 2299 186 31 revisorer-

250 2343 45 21 na
315 2336 118 40 anlagt
453 2337 44 39 på
518 2337 132 40 frågan.
672 2339 53 29 Av
745 2340 150 31 särskild
915 2341 75 31 vikt
1012 2352 102 30 synes
1135 2344 55 32 det
1210 2355 84 20 vara
1314 2349 50 27 att
1385 2349 48 29 ett
1455 2348 125 31 sådant
1601 2351 153 30 redovis-

251 2385 235 41 ningssystem
511 2388 159 30 kommer
694 2389 53 30 till
774 2390 113 36 stånd,
913 2394 50 28 att
989 2402 42 20 en
1056 2395 215 31 rättvisande
1296 2397 377 41 kostnadsjämförelse
1700 2402 53 30 så-

248 2436 54 29 väl
322 2437 129 30 mellan
472 2438 93 30 olika
584 2440 258 39 rörelsegrenar
862 2451 74 21 som
956 2444 129 29 mellan
1106 2445 93 30 olika
1218 2446 38 30 år
1275 2447 67 30 blir
1362 2445 132 48 möjlig.
