2242 2638
715 190 242 34 Statsutskottets
978 191 168 33 Memorial
1168 190 65 34 N:o
1254 193 51 31 91.
1796 194 24 34 3

209 276 111 32 tioner
356 276 84 33 böra
479 275 193 32 förskrifvas
707 275 74 32 med
821 275 90 41 lägre
937 279 95 29 ränta
1056 279 41 29 än
1122 275 56 33 det
1200 275 66 40 lån,
1292 286 71 22 som
1387 275 228 40 konverteras,
1638 276 108 33 tillåta
1769 278 51 40 sig

211 326 218 41 Fullmäktige
468 326 187 39 hemställa,
694 330 49 28 att
781 325 251 34 statsutskottet
1073 326 175 41 behagade
1285 326 62 32 hos
1376 326 191 41 Riksdagen
1591 327 140 33 utverka
1754 327 65 33 den

210 377 139 41 ändring
377 376 70 42 af
434 372 19 50 $
470 380 34 29 41
536 378 10 31 i
569 387 43 22 nu
641 376 154 41 gällande
819 377 202 40 reglemente
1045 376 51 33 för
1119 377 333 41 riksgäldskontoret,
1481 381 49 29 att
1559 378 94 32 ofvan
1677 378 143 33 anförda

209 428 234 33 bestämmelse
468 428 72 32 deri
563 429 102 31 måtte
689 428 125 32 erhålla
837 427 145 42 följande
1006 428 143 42 lydelse:

347 480 84 31 «För
463 479 234 40 konvertering
720 478 35 32 af
776 478 93 32 äldre
894 479 153 39 statslån,
1072 482 61 28 när
1156 479 333 41 omständigheterna
1513 479 107 33 dertill
1645 479 177 34 föranleda

211 530 62 32 och
310 530 120 32 sådant
463 529 75 32 med
572 529 104 32 fördel
712 529 52 32 för
798 533 108 28 staten
930 529 63 32 kan
1017 530 69 39 ske,
1110 540 61 28 ega
1193 529 220 40 Fullmäktige
1437 534 59 35 att,
1521 532 42 39 på
1587 534 67 29 sätt
1681 531 63 32 och
1768 531 51 32 till

210 581 136 41 belopp,
370 580 220 41 Fullmäktige
615 579 91 33 finna
726 579 163 42 lämpligt,
920 579 85 33 dock
1029 580 29 42 ej
1084 580 130 32 utöfver
1236 580 87 32 hvad
1348 591 70 21 som
1442 581 49 31 till
1516 580 235 43 konvertering
1771 583 50 31 åt-

212 633 69 40 går,
318 631 140 42 försälja
497 631 82 32 eller
614 630 99 32 träffa
746 630 81 33 aftal
862 641 52 21 om
941 630 169 33 blifvande
1134 631 196 41 försäljning
1354 631 35 33 af
1410 631 318 41 statsobligationer,
1752 632 68 32 för-

212 682 124 33 skrifna
363 683 73 31 med
461 680 92 42 lägre
577 685 95 29 ränta
696 685 42 29 än
763 681 58 32 det
844 681 150 41 statslån,
1019 692 72 22 som
1113 685 99 37 utgör
1234 682 139 32 föremål
1397 682 52 32 för
1477 682 242 42 konvertering.

345 733 67 32 För
449 733 63 31 den
550 732 161 33 händelse
748 743 64 31 nya
835 732 223 40 obligationer
1093 732 130 33 komma
1257 736 49 29 att
1341 733 35 31 af
1408 733 339 40 Riksgäldskontoret
1772 737 49 29 ut-

212 784 123 39 färdas,
376 783 95 33 skola
507 783 217 41 Fullmäktige
759 783 208 32 underställa
1002 783 119 40 Kongl.
1157 784 109 41 Maj:ts
1295 783 220 33 fastställelse
1540 784 40 32 de
1609 784 118 40 beslut,
1750 795 70 21 som

211 835 144 32 rörande
393 834 105 33 sådan
533 845 42 30 ny
612 834 182 41 upplåning
832 833 111 33 kunna
979 834 131 32 komma
1138 838 48 28 att
1212 834 102 32 fattas
1338 834 75 32 med
1438 834 165 40 anhållan,
1628 839 48 28 att
1699 836 119 40 Kongl.

211 886 92 41 Maj:t
325 885 132 33 täcktes
481 886 18 30 å
523 885 56 32 det
602 895 64 31 nya
688 885 93 31 lånet
803 884 157 33 meddela
983 886 48 31 sin
1056 886 162 39 garanti."

346 985 195 40 Utskottet,
567 996 70 22 som
658 984 75 34 icke
757 985 77 33 haft
856 984 107 44 något
985 988 54 31 att
1056 984 154 34 häremot
1228 985 124 39 erinra,
1374 985 201 45 tillstyrker
1592 986 64 33 den
1675 986 38 33 af
1726 985 96 34 Full-

212 1036 154 43 mäktige
389 1036 143 34 sålunda
553 1035 196 43 föreslagna
772 1036 158 42 ändring.

346 1138 19 33 I
398 1140 20 38 8
451 1138 52 39 37,
539 1136 236 34 motsvarande
808 1140 19 38 8
849 1138 37 31 41
912 1136 12 32 i
946 1136 163 43 gällande
1131 1137 220 43 reglemente,
1378 1137 63 34 har
1463 1137 169 34 utskottet
1654 1137 72 34 dels
1749 1137 72 34 vid-

213 1188 91 44 tagit
327 1187 223 35 omförmälda
574 1187 158 43 ändring,
758 1188 74 33 dels
854 1187 108 34 infört
985 1187 58 33 det
1069 1187 363 44 läånebemyndigande,
1453 1200 70 21 som
1538 1189 37 32 af
1587 1188 235 34 innevarande

212 1238 157 43 Riksdag
391 1239 62 33 bör
474 1239 130 33 lemnas
627 1238 346 42 riksgäldskontoret,
999 1238 109 33 under
1127 1239 254 42 förutsättving
1396 1241 54 30 att
1466 1239 199 43 Riksdagen
1682 1239 138 34 bifaller

214 1289 285 34 statsutskottets
534 1288 274 34 hemställanden
843 1288 11 32 i
884 1288 197 44 punkterna
1103 1290 55 31 4:n
1182 1288 60 33 och
1265 1290 53 32 5:0o
1345 1289 39 32 af
1404 1289 77 33 dess
1503 1290 172 32 memorial
1695 1302 56 21 n:o
1766 1291 53 39 90,

213 1339 175 44 angående
412 1339 303 43 statsregleringen
739 1340 56 32 för
818 1338 39 34 år
882 1340 91 32 1898.

348 1390 52 33 De
423 1390 196 42 föreslagna
642 1393 41 38 88
706 1391 40 31 79
770 1389 61 34 och
858 1390 40 32 97
923 1392 58 30 äro
1006 1389 38 33 af
1065 1400 127 22 samma
1214 1389 134 44 lydelse
1372 1402 70 20 som
1468 1390 239 34 motsvarande
1723 1401 97 33 para-

214 1442 118 43 grafer
354 1441 11 32 i
389 1452 46 21 nu
459 1440 161 43 gällande
643 1440 219 43 reglemente.

346 1543 186 43 Utskottet
551 1542 211 39 hemställer,

700 1630 54 29 att
788 1626 58 34 det
879 1638 45 21 nu
959 1625 253 34 öfverlemnade
1234 1626 132 42 förslag
1387 1626 58 33 till
1470 1625 213 44 stadganden
1707 1626 54 34 må
1783 1626 40 33 af

613 1676 197 43 Riksdagen
845 1677 211 41 godkännas,
1095 1676 94 41 dock,
1221 1677 89 32 hvad
1334 1680 19 38 8
1376 1678 39 31 37
1441 1680 113 39 angår,
1581 1676 107 34 under
1711 1678 108 32 förut-

617 1727 158 42 sättning
798 1727 38 32 af
855 1726 219 43 Riksdagens
1097 1727 98 32 bifall
1218 1727 58 32 till
1300 1727 284 33 statsutskottets
1600 1727 222 33 hemställan-

619 1778 61 32 den
706 1778 10 31 i
740 1778 197 43 punkterna
959 1779 52 31 4:0
1036 1777 58 33 och
1120 1781 51 29 5:o
1195 1777 38 32 af
1253 1777 77 33 dess
1357 1777 172 33 memorial
1553 1789 55 21 n:o
1631 1778 48 32 90.

350 1879 194 33 Stockholm
569 1878 61 34 den
658 1880 37 31 17
719 1878 65 43 maj
811 1879 89 32 1897.

757 1978 49 35 På
830 1978 282 34 statsutskottets
1136 1981 148 40 vägnar:

812 2124 100 42 Chr.
941 2124 277 50 Lundeberg.
