1892 2800
445 190 4 4 .
469 159 420 38 Bevillningsutskottets
909 160 223 33 betänkande
1151 161 49 32 Nr
1226 161 30 30 9.
1551 161 17 29 7

108 237 111 34 högre.
267 237 174 36 JIakttoges
475 238 31 35 ej
541 238 102 35 detta,
680 239 95 30 bleve
811 238 131 36 följden
975 240 49 29 att
1061 240 57 30 vid
1147 240 258 35 värdestegring
1429 250 19 19 a
1472 239 137 30 marken

106 280 205 35 Jordägaren
340 281 166 35 antingen
530 281 174 36 undginge
728 282 221 36 beskattning
973 283 82 30 eller
1079 283 89 35 finge
1192 283 190 31 vidkännas
1405 283 116 30 alltför
1544 285 68 28 stor

106 323 114 31 sådan.
268 324 79 30 Men
375 324 43 30 då
442 324 93 31 delar
557 335 46 20 av
626 326 47 29 ett
696 326 138 30 område
858 326 73 30 icke
955 326 112 30 kunde
1090 327 139 30 särskilt
1253 327 198 36 uppskattas
1474 327 71 30 förr
1568 329 44 27 än

105 367 39 31 de
179 377 123 25 genom
338 367 207 37 försäljning
581 369 82 30 eller
698 371 43 34 på
775 370 108 30 annat
917 371 67 29 sätt
1012 370 101 30 blivit
1137 370 156 31 därifrån
1317 370 166 36 avskilda,
1507 371 105 29 måste

105 420 117 21 annan
254 413 108 33 utväg
394 412 137 29 anvisas
556 412 52 30 för
631 412 173 31 ordnande
827 423 45 20 av
897 413 226 31 förhållandet
1148 414 125 31 mellan
1297 416 46 28 ett
1367 414 52 30 till
1446 416 166 33 tomtupp-

107 454 113 30 låtelse
244 456 110 28 avsett
378 455 136 30 område
537 456 60 29 och
622 457 171 29 tomterna
816 457 8 29 i
852 456 60 30 den
939 457 78 30 mån
1043 457 40 30 de
1107 458 171 34 uppstode.

150 549 160 31 Härefter
344 550 63 31 har
439 551 23 29 f.
488 551 29 30 d.
543 552 306 30 överståthållaren
874 552 177 30 Ramstedt
1075 552 172 32 utarbetat
1273 553 126 36 förslag
1424 553 52 30 till
1500 554 114 30 anvis-

106 602 127 36 ningar
268 604 51 29 alt
354 603 139 30 beaktas
528 603 59 30 vid
619 613 42 21 en
691 604 204 31 kommande
920 605 245 36 uppskattning
1189 616 44 20 av
1259 606 96 30 mark
1379 606 52 30 för
1456 607 156 35 taxering

105 654 55 31 till
176 655 457 37 jordvärdestegringsskatt.
674 652 103 35 Dessa
794 656 128 36 förslag
940 657 257 31 överlämnades
1215 658 52 31 till
1286 658 116 31 chefen
1421 659 53 30 för
1490 659 123 31 finans-

106 707 266 35 departementet
395 708 12 30 i
431 708 152 31 februari
607 710 39 28 år
671 709 94 30 1924.

150 820 54 30 Av
230 819 57 31 det
312 830 48 20 nu
385 820 148 31 anförda
556 821 97 31 torde
678 822 148 35 framgå,
850 822 93 31 huru
968 823 112 30 starkt
1105 823 233 36 meningarna
1359 824 111 30 brutit
1487 824 52 36 sig
1556 834 55 21 om

106 872 39 31 de
181 872 189 36 principer,
403 873 88 30 efter
524 873 98 30 vilka
651 883 42 21 en
718 873 228 37 lagstiftning
970 875 12 30 i
1005 876 119 30 ämnet
1148 876 61 30 bör
1232 875 181 31 utformas.
1460 875 44 32 Så
1529 876 80 31 råda

106 923 120 31 delade
255 924 271 36 uppfattningar
554 925 145 31 rörande
723 925 66 31 den
813 926 374 37 beskattningsmetod,
1211 937 73 21 som
1309 928 59 30 bör
1391 928 138 31 komma
1553 929 55 30 till

106 975 248 36 användning;
384 976 66 31 den
479 976 148 36 direkta,
651 977 114 36 enligt
788 978 123 30 vilken
936 978 138 31 skatten
1099 980 139 34 uttages
1260 980 38 30 så
1322 981 96 29 snart
1441 980 169 36 oförtjänt

106 1027 268 37 värdestegring
399 1028 244 36 konstaterats,
668 1029 85 30 eller
778 1029 65 31 den
868 1029 188 37 indirekta,
1080 1031 114 35 enligt
1215 1031 121 31 vilken
1353 1032 137 30 skatten
1507 1033 103 35 utgår

106 1080 87 30 först
228 1079 61 31 vid
325 1080 215 37 försäljning
576 1081 85 30 eller
696 1091 119 21 annan
849 1082 205 31 överlåtelse
1079 1085 72 29 mot
1176 1083 163 36 vederlag
1362 1093 44 21 av
1433 1084 175 36 fastighet.

105 1131 129 32 Medan
268 1131 152 38 tidigare
455 1133 65 31 den
555 1133 177 31 indirekta
767 1134 252 31 skatteformen
1042 1135 150 31 allmänt
1217 1136 180 36 förordats,
1426 1136 62 31 har
1524 1136 86 31 efter

106 1184 93 31 hand
234 1184 66 31 den
335 1185 136 30 direkta
504 1185 160 31 metoden
698 1186 131 30 vunnit
852 1187 66 30 allt
942 1188 107 29 större
1073 1188 221 36 anslutning.
1340 1188 17 30 I
1380 1188 123 31 sådant
1527 1189 82 30 hän-

106 1235 123 31 seende
252 1237 58 29 må
335 1237 146 35 erinras,
505 1238 52 30 att
580 1237 135 36 Kungl.
740 1237 102 36 Maj:t
867 1239 12 29 i
903 1238 40 31 de
967 1239 60 31 vid
1052 1240 82 30 1919
1159 1240 62 30 och
1246 1241 83 29 1920
1352 1241 54 29 års
1425 1240 184 37 riksdagar

106 1287 199 36 framlagda
340 1289 178 36 förslagen
543 1308 39 4 —
607 1289 127 31 liksom
770 1290 259 31 vederbörande
1058 1291 136 31 utskott
1219 1305 38 3 —
1282 1292 97 36 intog
1404 1292 66 31 den
1493 1293 117 30 stånd-

105 1339 169 36 punkten,
298 1341 52 29 att
374 1350 43 20 en
442 1340 207 31 kommande
667 1341 228 36 lagstiftning
912 1342 103 31 borde
1032 1343 114 35 bygga
1163 1344 45 34 på
1225 1343 66 31 den
1308 1343 136 31 direkta
1460 1345 148 30 beskatt-

105 1391 144 36 ningen.
285 1391 122 31 Såsom
424 1402 91 20 ovan
532 1392 216 31 framhållits
765 1393 86 30 ville
868 1393 194 31 emellertid
1079 1395 82 30 1920
1179 1395 56 30 års
1253 1394 140 36 riksdag
1411 1395 74 31 icke
1503 1396 104 31 binda

105 1443 55 35 sig
184 1443 61 30 vid
269 1444 203 35 någondera
496 1444 390 37 beskattningsformen.
923 1445 126 31 Vidare
1074 1446 172 37 föreligga
1271 1447 118 30 delade
1413 1448 194 35 meningar,

105 1494 178 31 huruvida
311 1496 159 35 stegring
494 1506 43 19 av
562 1496 187 36 fastighets
773 1497 297 36 jordbruksvärde
1095 1498 60 30 bör
1180 1501 101 33 göras
1304 1499 56 30 till
1385 1499 146 31 föremål
1555 1500 53 30 för

104 1546 284 37 beskattningen,
413 1547 180 31 huruvida
615 1548 140 31 skatten
779 1549 62 31 bör
865 1549 147 31 tillfalla
1036 1551 69 29 stat
1129 1550 85 30 eller
1237 1551 168 30 kommun
1429 1551 62 31 och
1512 1553 96 33 om,
1591 1542 21 48 i

105 1608 120 22 senare
250 1599 111 36 fallet,
386 1599 65 31 den
476 1600 91 31 skall
591 1602 102 34 göras
717 1601 231 36 obligatorisk
973 1602 84 30 eller
1078 1602 81 31 bero
1175 1613 45 20 av
1237 1603 229 31 kommunens
1483 1604 123 30 beslut.

147 1651 205 36 Uppenbart
376 1654 39 28 är
437 1654 53 29 att
514 1652 219 36 svårigheter
751 1653 118 31 kunna
889 1655 93 29 möta
998 1655 52 30 att
1067 1655 153 30 utforma
1239 1655 367 36 beskattningsregler,

104 1713 73 21 som
202 1705 58 29 äro
285 1704 270 36 lättillämpliga
580 1705 8 29 i
615 1705 188 35 praktiken
829 1708 85 28 utan
938 1707 52 29 att
1014 1706 98 31 träda
1137 1707 123 30 kravet
1286 1708 43 34 på
1353 1717 40 20 en
1410 1707 126 35 jämlik
1554 1708 46 30 be-

103 1755 185 36 skattning
325 1755 54 31 för
414 1758 96 28 nära.
558 1756 121 31 Ehuru
715 1757 336 36 taxeringsorganen
1087 1758 60 31 vid
1172 1758 65 31 den
1262 1759 105 30 redan
1392 1759 212 31 verkställda

106 1807 302 36 uppskattningen
443 1808 76 30 icke
554 1807 86 31 hade
675 1809 52 30 att
762 1810 83 34 taga
877 1809 170 36 ställning
1082 1810 56 30 till
1163 1811 134 35 frågan,
1322 1811 176 31 huruvida
1524 1821 82 27 upp-

104 1859 161 31 kommen
301 1859 268 37 värdestegring
605 1861 94 30 varit
733 1862 52 29 att
818 1861 147 31 hänföra
999 1862 55 30 till
1088 1862 169 36 oförtjänt
1282 1862 106 31 sådan
1412 1863 84 31 eller
1521 1864 85 31 icke.

106 1911 136 31 vållade
279 1912 301 36 uppskattningen
615 1912 195 36 betydande
846 1913 218 36 svårigheter
1089 1914 63 31 och
1178 1915 103 30 utföll
1305 1915 131 35 ganska
1461 1916 144 35 ojämnt.

146 1962 57 31 Av
236 1963 68 31 vad
334 1964 169 31 utskottet
526 1964 149 31 sålunda
699 1965 118 30 anfört
842 1975 102 26 synes
969 1966 147 36 framgå,
1141 1968 52 29 att
1217 1967 226 31 förevarande
1468 1968 136 36 viktiga

103 2016 170 34 spörsmål
307 2016 76 30 icke
412 2017 61 30 bör
501 2018 87 29 utan
616 2017 207 35 ytterligare
849 2018 328 36 utredningsarbete
1201 2019 216 36 framläggas
1442 2019 55 30 till
1521 2020 85 30 slut-

103 2066 67 37 ligt
205 2067 212 37 avgörande.
463 2068 54 31 Då
550 2068 196 31 emellertid
781 2069 126 36 frågan
942 2069 155 36 alltjämt
1132 2073 38 28 är
1205 2070 165 31 beroende
1405 2072 42 34 på
1471 2071 134 36 Kungl.

103 2118 120 37 Maj:ts
258 2120 192 36 utredning
487 2120 61 31 och
583 2120 136 37 Kungl.
755 2120 102 37 Maj:t
891 2121 75 31 icke
1001 2122 96 31 torde
1132 2123 185 30 underlåta
1348 2124 50 29 att
1421 2124 43 35 på
1488 2123 118 31 därför

103 2170 149 38 lämplig
288 2172 169 36 tidpunkt
492 2173 199 36 framlägga
715 2173 132 36 förslag
873 2174 10 30 i
908 2175 126 35 ämnet,
1059 2175 64 30 bar
1148 2175 169 31 utskottet
1341 2175 125 31 saknat
1490 2176 114 31 anled-

104 2223 88 36 ning
217 2224 139 31 biträda
380 2225 237 30 motionärens
641 2225 133 36 förslag
798 2235 56 21 om
879 2226 178 31 skrivelse.

146 2274 222 32 Motionären
404 2276 64 31 har
503 2276 171 37 därjämte
709 2277 182 31 hemställt
926 2288 54 20 om
1016 2278 171 31 skrivelse
1223 2279 55 30 till
1310 2279 132 35 Kungl.
1468 2279 136 36 Maj:t
1587 2270 19 49 i

102 2327 92 36 syfte
229 2328 51 30 att
315 2328 135 35 jämväl
485 2328 202 35 jordvärdet
722 2329 100 30 bleve
858 2329 185 31 beskattat.
1095 2330 227 31 Sistnämnda
1356 2331 100 35 fråga
1491 2331 113 35 ligger

101 2379 196 31 emellertid
332 2381 95 30 utom
453 2390 118 21 ramen
595 2381 54 30 för
674 2380 55 31 det
754 2381 132 31 hittills
910 2381 168 32 bedrivna
1104 2382 342 36 utredningsarbetet
1470 2383 61 30 och
1556 2385 47 28 ett

104 2431 214 35 inryckande
350 2442 45 20 av
428 2433 207 35 spörsmålet
669 2443 56 20 om
760 2433 282 36 jordvärdeskatt
1071 2433 76 31 däri
1173 2435 134 29 komme
1332 2435 195 34 säkerligen
1552 2437 49 28 att

103 2483 207 36 ytterligare
337 2484 157 30 försvåra
519 2484 61 31 och
606 2485 136 30 försena
769 2485 112 30 denna
907 2485 201 36 utredning.

1663 824 139 24 Utskottets

1666 860 129 27 yttrande.
