2204 2628
706 199 261 33 Statsutskottets
999 197 178 34 Utlåtande
1204 196 65 31 N:o
1300 196 53 31 62.
1432 205 7 10 .
1753 190 26 32 3

341 283 130 37 Redan
511 283 55 36 uti
607 282 46 36 de
693 280 267 48 underdåniga
1001 277 223 38 skrifvelser
1251 276 85 36 från
1364 274 178 37 cheferna
1571 273 61 37 för
1660 271 173 50 general-

234 337 149 46 staben,
411 334 298 37 fortifikationen
738 333 72 36 och
837 332 132 37 Femte
989 328 373 48 arméfördelningen
1383 332 98 31 samt
1504 324 329 39 arméförvaltnin-

236 402 78 35 gen
335 391 20 33 å
374 385 591 49 fortifikationsdepartementet,
989 382 130 37 hvilka
1136 381 88 49 lågo
1243 379 59 37 till
1320 379 126 49 grund
1465 378 59 37 för
1542 377 143 48 Kungl.
1706 376 127 49 Maj:ts

238 439 283 49 framställning
556 438 58 37 till
645 439 97 35 1903
773 440 60 33 års
861 435 170 48 Riksdag
1059 447 60 23 om
1147 432 211 50 upplåtelse
1386 431 59 36 till
1472 429 297 38 landtförsvaret
1797 427 43 36 af

238 490 242 39 merberörda
515 489 334 49 kronoegendoms
887 492 102 32 östra
1027 486 72 47 del,
1136 485 97 37 hade
1261 482 232 49 föreslagits,
1522 487 56 31 att
1605 480 86 37 hela
1720 493 115 35 egen-

239 545 148 46 domen,
429 542 149 37 således
607 542 65 36 det
700 554 52 23 nu
787 538 291 50 ifrågavarande
1110 541 130 32 västra
1268 535 184 43 området,
1481 533 123 37 skulle
1633 532 60 37 för
1720 531 115 37 ända-

239 596 115 37 målet
395 601 108 42 tagas
545 594 12 36 i
599 593 175 49 anspråk.
830 590 227 38 Dåvarande
1098 587 208 39 statsrådet
1347 586 72 37 och
1447 585 137 38 chefen
1616 585 60 36 för
1712 583 124 37 landt-

239 647 477 49 försvarsdepartementet
756 646 120 46 ansåg
916 641 224 45 emellertid,
1183 639 120 49 enligt
1342 638 179 50 yttrande
1548 636 59 37 till
1636 635 201 38 statsråds-

239 698 231 52 protokollet
497 699 72 36 den
600 700 18 34 7
649 696 207 37 november
887 696 110 45 1902,
1031 698 55 32 att
1114 693 209 36 detsamma
1351 690 117 37 borde
1496 689 78 37 tills
1602 688 131 37 vidare
1761 687 76 37 för-

238 752 119 37 blifva
383 750 121 37 under
531 747 350 51 domänstyrelsens
911 745 245 48 förvaltning.
1203 744 58 37 Då
1281 742 222 47 emellertid,
1524 741 98 36 efter
1641 740 65 37 det
1726 739 112 37 Väst-

241 802 196 39 manlands
478 802 186 48 trängkår
704 799 127 38 blifvit
877 797 151 50 förlagd
1067 797 58 36 till
1166 795 100 48 Sala,
1309 794 64 37 det
1413 794 99 37 visat
1552 793 61 48 sig
1643 791 194 48 behöfligt,

242 861 55 31 att
333 854 145 50 jämväl
518 867 50 23 nu
605 851 291 50 ifrågavarande
924 850 150 37 område
1103 848 42 37 af
1168 848 217 36 hemmanet
1412 845 130 49 Väsby
1569 845 60 36 får
1656 845 37 36 af
1720 843 119 36 kåren

244 908 236 49 disponeras,
522 918 114 24 anser
672 905 82 48 jag,
796 908 56 32 att
894 902 209 37 detsamma
1143 900 69 37 bör
1252 900 61 36 för
1354 898 136 36 sådant
1522 895 175 38 ändamål
1724 895 13 36 i
1765 899 75 32 sta-

240 965 86 33 tens
366 964 73 43 ägo
480 957 222 46 bibehållas,
745 958 41 35 så
826 954 153 50 mycket
1018 952 120 39 hellre
1172 964 81 24 som
1283 964 47 24 en
1357 948 228 50 försäljning
1613 960 114 36 synes
1754 946 84 37 icke

244 1012 129 36 kunna
400 1010 180 47 inbringa
607 1011 128 46 någon
764 1007 60 37 för
852 1005 232 38 statsverket
1111 1003 177 38 afsevärd
1318 1015 156 24 summa.
1530 1000 121 36 Tiden
1675 999 59 37 för
1753 998 87 37 dess

243 1061 310 39 öfverlämnande
581 1060 57 37 till
665 1059 302 38 landtförsvaret
993 1057 108 37 torde
1125 1068 158 26 numera
1302 1054 208 49 lämpligen
1530 1053 129 36 kunna
1677 1051 164 37 bestäm-

243 1129 80 23 mas
359 1114 57 37 till
444 1113 187 49 fardagen
661 1115 40 34 år
733 1113 110 45 1908,
873 1110 84 48 och,
986 1109 122 49 enligt
1135 1107 102 37 hvad
1260 1107 69 49 jag
1346 1107 198 45 inhämtat,
1564 1104 102 36 lärer
1686 1104 154 36 domän-

242 1167 190 49 styrelsen
472 1166 116 36 hafva
628 1164 168 49 vidtagit
837 1162 177 49 åtgärder
1049 1161 12 36 i
1098 1159 180 38 afseende
1316 1162 21 33 å
1374 1158 86 37 dess
1498 1155 143 38 skötsel
1669 1155 56 36 till
1755 1155 85 36 sist-

241 1218 165 37 nämnda
434 1217 107 49 dag.»

345 1321 198 37 Utskottet
569 1317 232 48 hemställer,

748 1426 56 33 att
849 1418 141 49 Kungl.
1037 1418 127 47 Maj:ts
1204 1415 253 38 förevarande
1499 1412 242 51 proposition
1782 1414 58 34 må

643 1473 117 36 vinna
788 1471 238 49 Riksdagens
1054 1468 118 38 bifall.

351 1578 221 38 Stockholm
600 1578 75 36 den
707 1579 44 34 19
782 1589 100 23 mars
915 1576 108 36 1907.

761 1730 53 36 På
842 1728 304 37 statsutskottets
1174 1731 160 43 vägnar:

872 1881 144 39 HUGO
1055 1881 156 36 TAMM.
1401 1905 13 12 s
