2250 2701
681 244 339 37 Bevillnings-Utskottets
1044 245 182 29 Betänkande
1251 243 54 28 N:o
1332 246 27 25 6.
1744 241 37 31 13

215 337 353 34 taxeunderrättelserna
601 336 144 39 infördes,
780 335 38 41 på
850 343 108 24 senare
990 334 80 33 tider
1106 333 185 39 förändrats,
1332 336 73 30 enär
1433 333 133 32 handeln
1594 333 105 33 blifvit
1727 334 93 32 friare

216 392 56 31 och
316 392 10 30 i
372 399 122 22 samma
523 390 71 30 mån
622 389 147 37 tillvuxit,
800 388 82 31 samt
908 387 223 40 näringslifvet,
1162 396 66 22 som
1259 396 127 21 numera
1413 387 88 31 rörde
1530 386 47 40 sig
1606 388 89 38 öppet
1723 387 55 31 och
1806 387 10 30 i

216 445 64 30 stor
308 442 195 40 omfattning,
535 441 84 32 sökte
649 440 168 40 afsättning
845 440 88 31 äfven
961 438 87 42 långt
1067 439 121 32 bortom
1208 438 261 41 grannländerna;
1492 440 82 30 samt
1594 439 55 38 att,
1670 438 10 31 i
1700 449 121 22 samma

216 495 70 31 mån
315 495 236 39 olägenheterna
580 494 33 31 af
639 492 210 41 skyldigheten
878 492 46 30 att
951 492 138 30 anskaffa
1116 491 204 31 räckattester
1347 491 67 31 från
1443 491 36 30 de
1500 491 90 37 orter,
1614 492 43 30 dit
1679 491 137 31 Svenska

215 548 95 31 alster
338 546 149 36 utfördes,
518 545 123 38 ökades,
672 544 37 31 då
736 544 9 30 i
774 544 57 31 den
858 544 59 30 fria
944 543 105 39 täflan,
1079 552 67 22 som
1171 543 141 40 utgjorde
1333 543 106 31 nutida
1459 542 186 32 industriens
1664 543 150 38 häfkraft,

216 598 106 41 hvarje
367 598 140 37 kostnad,
555 607 72 22 vare
663 597 46 40 sig
737 595 102 32 såsom
867 595 98 31 direkt
992 595 93 41 utgift
1113 595 74 31 eller
1216 595 101 32 såsom
1345 595 134 40 fördröjd
1507 595 97 40 liqvid
1633 595 71 31 med
1733 595 89 32 deraf

216 651 134 41 följande
391 650 210 37 ränteförlust,
644 649 93 31 borde
766 647 175 42 sorgfälligt
968 647 161 38 undvikas,
1160 657 69 21 men
1257 647 120 31 krafvet
1403 647 37 41 på
1467 647 203 32 räckattester
1698 647 123 32 vållade

216 713 35 22 en
280 703 114 31 dubbel
422 701 95 32 sådan
545 701 141 38 kostnad,
719 700 136 32 växande
873 699 10 31 i
903 709 107 22 senare
1032 699 186 31 hänseendet
1237 699 70 32 med
1327 699 164 38 afståndet,
1513 699 124 31 hvarför
1657 700 162 40 styrelsen,

216 765 66 21 som
311 765 66 21 mer
406 757 36 28 än
471 763 36 21 en
536 753 81 42 gång
644 752 181 32 förnummit
852 752 112 40 klagan
992 751 142 31 häröfver
1162 751 55 31 och
1246 751 95 40 ansåg
1369 752 129 30 berörda
1526 751 69 31 kraf
1620 751 101 31 kunna
1749 752 71 30 med

214 807 138 41 nöjaktig
394 806 141 32 säkerhet
569 806 131 31 ersättas
728 814 110 31 genom
867 804 214 40 uppställande
1110 803 33 31 af
1168 803 82 32 vissa
1278 804 189 31 föreskrifter
1495 804 46 31 för
1568 803 159 39 utförseln,
1758 804 61 31 för-

216 860 115 31 ordade
360 869 36 21 en
424 858 126 31 dermed
579 856 337 33 öfverensstämmande
944 855 177 40 förändring
1148 855 9 30 i
1185 856 227 31 vederbörande
1440 855 229 41 författningar.

368 910 98 31 Innan
508 910 150 40 förslaget
699 918 50 22 om
790 908 173 31 inrättande
1005 908 34 31 af
1075 906 127 41 frilager
1229 907 10 31 i
1267 907 226 32 ofvannämnda
1522 907 101 32 städer
1651 908 49 31 till
1727 907 93 40 nådig

217 963 143 41 pröfning
386 962 147 40 företogs,
563 962 56 31 har
647 961 116 39 Kongl.
793 960 92 40 Maj:t
912 959 100 31 funnit
1035 959 106 40 nödigt
1160 959 10 30 i
1189 960 82 30 vissa
1289 959 192 31 hänseenden
1502 959 138 31 inhemta
1659 959 160 32 utlåtande

214 1016 66 31 från
319 1015 160 31 städernas
508 1012 294 40 stadsfullmäktige,
832 1021 70 21 men
930 1012 95 30 under
1054 1011 144 31 afvaktan
1227 1011 38 40 på
1293 1011 88 31 dessa
1410 1011 180 31 utlåtanden
1618 1011 57 31 har
1703 1012 115 40 Kongl.

214 1068 93 40 Maj:t
354 1064 173 34 emellertid
572 1065 84 32 velat
703 1063 114 32 föreslå
864 1063 174 40 Riksdagen
1085 1063 55 37 att,
1188 1063 46 31 för
1283 1063 56 31 den
1380 1062 145 32 händelse
1568 1063 115 41 Kongl.
1728 1063 93 41 Maj:t

213 1119 166 31 framdeles
421 1116 97 33 skulle
561 1117 82 31 finna
685 1116 56 31 den
783 1116 177 39 föreslagna
1000 1115 351 41 frilagersinrättningen
1386 1115 73 31 höra
1487 1114 124 32 komma
1638 1115 49 31 till
1716 1114 100 37 stånd,

213 1170 167 41 medgifva,
426 1169 46 32 att
499 1169 152 41 utgående
679 1167 296 41 nederlagsafgiften
1003 1167 46 31 för
1078 1167 35 31 de
1143 1176 99 29 varor,
1274 1177 65 21 som
1367 1166 49 32 till
1443 1167 119 41 fartygs
1590 1167 230 41 proviantering

212 1223 67 31 från
320 1222 129 40 frilager
491 1222 136 39 uttagas,
666 1219 51 31 må
745 1219 190 40 eftergifvas,
965 1218 171 41 hvarjemte
1165 1219 115 40 Kongl.
1309 1219 93 40 Maj:t
1429 1219 70 31 med
1528 1219 143 32 afseende
1700 1218 16 32 å
1745 1219 35 31 de
1809 1219 10 31 i

214 1274 224 32 ofvanberörda
482 1273 73 32 9:de
597 1276 12 32 $
651 1272 182 31 meddelade
874 1271 236 31 bestämmelser
1152 1270 155 41 angående
1343 1270 134 32 vilkoren
1505 1271 45 31 för
1579 1270 179 41 åtnjutande
1788 1271 34 31 af

215 1326 164 32 drawback
420 1325 50 32 vid
513 1325 128 31 utförsel
682 1324 33 31 af
740 1323 82 32 vissa
851 1323 159 32 inhemska
1037 1322 246 41 tillverkningar,
1313 1322 97 41 enligt
1438 1322 380 41 General-tullstyrelsens

212 1378 198 37 hemställan,
441 1377 160 40 föreslagit
629 1377 57 31 den
716 1375 137 40 ändring,
884 1376 46 30 att
958 1375 25 40 ej
1005 1375 133 31 allenast
1156 1374 193 32 föreskriften
1370 1384 49 22 om
1438 1375 166 31 utförselns
1626 1375 193 41 verificering

213 1431 131 31 medelst
384 1430 86 40 intyg
512 1428 67 32 från
619 1428 242 40 lossningsorten
891 1427 61 38 må,
982 1428 46 30 för
1057 1427 55 31 den
1142 1427 145 31 händelse
1316 1428 46 30 att
1390 1427 149 31 utförseln
1568 1427 69 31 sker
1665 1427 9 31 i
1701 1427 115 40 fartyg,

212 1492 77 28 som,
332 1481 65 32 icke
438 1480 241 41 understigande
726 1480 42 31 10
811 1479 150 40 nylästers
995 1478 185 41 drägtighet,
1210 1478 171 32 utklarerat
1410 1478 99 32 direkt
1536 1479 49 31 till
1613 1478 115 32 utrikes
1757 1479 57 36 ort,

212 1534 125 32 förfalla
379 1533 69 32 med
486 1533 108 40 vilkor,
626 1533 46 30 att
699 1532 135 40 fartyget
862 1531 33 31 af
919 1530 215 41 tullbetjening
1162 1531 133 31 bevakas
1323 1530 50 32 till
1401 1534 96 37 öppen
1528 1530 44 41 sjö
1601 1530 57 32 och
1687 1531 45 31 att
1761 1531 55 31 den

210 1586 48 31 till
299 1586 129 31 utförsel
470 1584 126 40 angifna
637 1594 86 27 vara,
752 1583 46 31 för
826 1583 122 31 hvilken
977 1582 163 32 drawback
1168 1582 158 38 åstundas,
1356 1583 34 30 af
1415 1583 243 31 tullkammaren
1687 1582 51 31 vid
1766 1583 49 30 ut-

211 1637 194 40 klareringen
448 1636 166 31 antecknas
656 1635 17 31 3
700 1635 149 40 fartygets
878 1634 150 40 utgående
1057 1634 128 40 sjöpass,
1216 1635 73 30 utan
1318 1635 55 31 ock
1400 1634 159 41 undantag
1587 1633 67 32 från
1682 1634 134 32 nämnde

210 1689 164 40 paragrafs
418 1688 170 40 stadgande
618 1697 49 21 om
697 1686 83 32 vissa
808 1686 308 40 minimiqvantiteter
1145 1685 16 31 å
1189 1686 35 31 de
1253 1687 122 30 utförda
1405 1695 130 22 varorna
1563 1686 185 40 medgifvas,
1780 1685 38 32 då

211 1741 129 31 svenska
367 1739 236 41 tillverkningar
632 1739 34 31 af
691 1737 237 41 ifrågavarande
957 1738 68 40 slag
1051 1737 46 31 för
1125 1737 228 42 proviantering
1380 1738 34 31 af
1438 1737 102 41 fartyg
1566 1738 10 30 i
1608 1732 141 37 Öresund
1768 1738 49 31 ut-

210 1793 83 31 föras
333 1792 96 31 under
469 1791 225 37 förhållanden,
735 1790 177 40 jemförliga
953 1789 71 32 med
1066 1789 79 37 dem,
1183 1789 38 31 då
1249 1790 163 31 utländska
1441 1789 37 40 på
1505 1790 128 39 frilager
1661 1789 156 41 upplagda

211 1854 89 21 varor
329 1843 98 32 skulle
456 1842 48 31 vid
535 1842 83 41 dylik
646 1841 230 41 proviantering
904 1840 118 41 åtnjuta
1049 1840 166 32 tullfrihet.

364 1895 167 35 Utskottet,
576 1904 66 21 som
681 1894 80 39 tagit
802 1893 89 31 dessa
932 1884 116 48 Kongl.
1090 1892 92 40 Maj:t
1220 1893 117 39 förslag
1366 1892 8 32 i
1403 1892 225 40 öfvervägande
1657 1892 57 38 får,
1745 1892 71 32 med

213 1947 193 40 åberopande
435 1946 33 31 af
494 1946 36 31 de
559 1945 65 32 skäl
653 1945 362 40 General-tullstyrelsen
1045 1944 78 30 inför
1151 1945 115 39 Kongl.
1296 1945 92 40 Maj:t
1416 1945 102 31 anfört
1546 1945 82 30 samt
1655 1944 38 40 på
1718 1944 100 41 grund

213 1999 34 31 af
272 1999 82 30 hvad
382 1998 10 30 i
420 1998 92 40 öfrigt
540 1997 10 30 i
578 1997 125 31 ärendet
730 1996 205 38 förekommit,
965 1996 52 31 till
1045 1995 177 42 Riksdagen
1250 1996 186 32 hemställa
1420 1991 20 51 :

974 2154 85 30 14:0.

552 2258 31 41 a)
613 2258 46 31 att
685 2257 58 32 den
772 2258 9 31 i
809 2261 13 32 $
853 2259 17 30 I
893 2266 94 22 mom.
1012 2258 51 31 3:0
1083 2257 34 31 af
1132 2257 414 32 tulltaxeunderrättelserna
1566 2256 252 33 förekommande

620 2310 220 32 bestämmelse
882 2319 50 22 om
966 2309 190 32 verifikation
1185 2309 131 32 medelst
1343 2308 86 42 intyg
1457 2309 32 31 af
1515 2309 303 41 embetsmyndighet

621 2362 17 32 å
678 2361 219 41 lossningsort,
940 2362 46 31 att
1013 2371 76 22 vara
1116 2361 157 32 derstädes
1304 2361 100 32 blifvit
1431 2361 115 39 lossad,
1577 2360 49 32 må
1653 2361 98 31 under
1781 2362 35 31 de
