2129 2608
338 244 20 31 4
799 249 243 30 Stats-Utskottets
1068 252 149 29 Utlåtande
1239 252 57 29 N:o
1320 256 49 25 42.

293 337 147 32 händelse
468 339 47 31 att
541 338 87 34 detta
655 340 145 31 material
828 339 99 33 skulle
956 351 90 22 anses
1075 341 105 32 alltför
1207 342 137 41 dyrbart,
1375 344 126 41 upplyst
1528 344 56 38 att,
1624 353 50 22 om
1703 343 85 33 taket
1814 344 85 32 täck-

292 390 47 32 tes
368 390 71 31 med
468 391 110 31 svensk
606 391 111 39 skiffer,
747 392 365 41 reparationskostnaden
1140 394 98 33 skulle
1266 394 101 33 kunna
1395 396 159 32 nedsättas
1582 395 48 33 till
1652 397 136 38 24,500
1809 396 89 40 R:dr,

293 443 55 31 och
391 444 56 37 att,
486 453 50 21 om
561 444 134 40 jernplåt
722 445 46 31 för
796 454 124 23 samma
948 446 146 32 ändamål
1123 447 165 39 användes,
1317 447 170 33 kostnaden
1514 449 47 31 för
1587 448 71 32 hela
1686 450 121 31 arbetet
1833 449 66 33 icke

292 495 95 32 borde
416 496 168 41 öfverstiga
614 497 136 37 22,500
779 497 89 32 R:dr.

446 547 142 33 Derefter
616 549 56 31 har
701 549 410 41 domkyrkokommissionen
1139 551 11 31 i
1176 551 191 43 underdånig
1394 552 161 33 skrifvelse
1584 553 56 31 den
1664 554 41 31 12
1728 553 172 33 December

295 601 97 31 1873
435 600 122 42 förnyat
597 602 46 31 sin
684 602 131 32 berörda
857 603 182 41 ansökning,
1069 603 72 32 med
1167 603 153 33 förmälan
1349 605 46 31 att
1423 605 206 41 domkyrkans
1656 605 129 41 utgifter
1812 606 87 32 inom

290 652 71 31 kort
388 652 120 31 komme
538 654 46 30 att
610 653 181 41 ytterligare
820 653 74 32 ökas
925 655 69 30 med
1022 655 169 31 kostnaden
1219 656 46 31 för
1293 666 35 21 en
1357 667 40 30 ny
1424 656 176 32 åskledares
1642 658 210 40 anbringande
1881 658 17 31 å

290 703 128 41 kyrkan,
449 703 122 33 hvilken
599 704 131 33 kostnad
758 706 118 32 ansetts
906 705 101 43 uppgå
1035 706 50 32 till
1114 706 142 43 omkring
1285 709 110 38 2,250
1425 708 90 32 R:dr.

442 756 49 31 Då
531 758 52 31 det
623 767 112 31 genom
768 758 82 31 hvad
893 758 409 42 domkyrkokommissionen
1330 761 103 31 anfört
1460 761 104 41 syntes
1592 771 75 22 vara
1695 761 201 41 ådagalagdt,

291 807 47 31 att
379 816 71 23 snar
491 810 186 40 reparation,
721 810 136 32 särdeles
886 810 17 31 å
932 811 205 40 domkyrkans
1164 812 64 39 tak,
1272 816 32 28 är
1333 814 34 30 af
1391 813 100 32 nöden
1518 813 48 31 för
1594 813 131 40 kyrkans
1753 813 142 39 bestånd,

287 859 161 32 äfvensom
492 862 46 31 att
578 862 215 41 reparationen
822 865 32 29 är
882 862 35 32 af
941 863 210 32 beskaffenhet
1178 865 57 38 att,
1260 864 125 42 jemlikt
1412 865 36 32 de
1478 865 35 32 af
1537 865 177 42 Riksdagen
1743 865 52 32 vid
1820 866 78 32 flera

289 910 145 34 tillfällen
475 914 139 32 uttalade
651 914 212 41 grundsatser,
893 915 101 32 staten
1024 916 92 31 borde
1143 916 49 31 till
1219 917 184 32 densamma
1430 917 132 41 bidraga
1589 918 11 31 i
1627 918 58 32 den
1712 917 73 32 mån
1812 918 85 32 kost-

288 964 101 31 naden
418 965 25 41 ej
473 965 59 33 kan
561 967 35 31 af
620 966 206 41 domkyrkans
854 967 102 32 medel
984 967 164 40 bestridas,
1183 978 82 30 men,
1295 969 97 42 enligt
1419 969 83 33 hvad
1530 969 366 42 domkyrkokommissio-

289 1025 57 22 nen
376 1017 134 41 upplyst,
553 1019 115 40 kyrkan
705 1018 66 32 från
801 1019 56 32 och
884 1020 71 31 med
984 1020 57 32 den
1074 1022 14 29 1
1120 1020 64 41 Maj
1213 1021 208 33 innevarande
1451 1022 32 31 år
1510 1022 140 32 kommer
1677 1023 11 31 i
1716 1022 179 41 åtnjutande

290 1068 33 31 af
350 1069 215 44 afkastningen
607 1071 67 32 från
703 1072 335 41 prebhendebemmanet
1064 1073 108 38 Jädra,
1204 1074 329 42 bevillningstaxeradt
1559 1074 50 32 till
1641 1075 134 38 15,000
1805 1075 89 40 R:dr,

289 1120 56 31 och
373 1121 113 40 gården
515 1124 61 30 N:o
607 1125 44 30 29
683 1123 10 31 i
720 1123 157 39 Vesterås,
906 1125 129 30 taxerad
1062 1125 50 30 till
1143 1127 109 34 7,450
1282 1127 87 37 R:dr,
1399 1128 84 30 samt
1507 1126 118 40 jemväl
1640 1127 256 41 öfriga
1758 1116 18 56 i
1793 1127 103 41 Kongl.

287 1172 121 32 brefvet
435 1174 56 31 den
524 1176 41 31 31
598 1174 135 33 Oktober
766 1177 92 30 1862
890 1176 206 31 omförmälda
1123 1177 112 39 medel,
1265 1177 104 32 hvilka
1398 1181 80 28 ännu
1505 1179 153 39 uppbäras
1688 1179 34 30 af
1746 1178 148 39 enskilde,

288 1224 84 32 inom
400 1226 69 31 kort
496 1227 88 31 torde
612 1227 125 32 komma
767 1228 45 31 att
839 1228 50 31 till
918 1228 189 41 domkyrkan
1136 1229 154 39 återfalla,
1321 1230 56 31 och
1405 1230 282 41 domkyrkokassan
1702 1230 195 42 följaktligen

288 1278 105 38 syntes
422 1278 75 31 böra
524 1280 97 30 redan
649 1280 96 31 under
774 1280 57 31 den
860 1281 158 30 närmaste
1045 1281 169 32 framtiden
1242 1281 73 32 ernå
1343 1282 58 31 den
1429 1282 158 41 ställning,
1617 1283 47 31 att
1690 1282 70 38 hon,
1791 1283 103 32 derest

285 1328 144 33 befrielse
459 1340 115 22 vunnes
602 1331 67 31 från
697 1331 57 32 den
782 1332 98 31 henne
907 1342 41 21 nu
977 1331 164 42 åliggande
1169 1333 99 41 årliga
1295 1334 355 41 betalningsskyldighet
1689 1334 50 31 till
1780 1335 112 38 staten,

286 1380 102 32 blefve
429 1381 11 31 i
481 1382 90 32 stånd
600 1383 46 31 att
673 1383 158 31 verksamt
858 1384 132 40 bidraga
1017 1384 50 31 till
1094 1385 198 31 bestridande
1321 1386 33 31 af
1379 1386 207 31 kostnaderna
1614 1386 46 31 för
1689 1386 205 40 domkyrkans

285 1433 174 39 underhåll,
501 1434 57 32 har
593 1435 116 41 Kongl.
738 1435 104 41 Maj:t,
872 1435 46 32 uti
945 1436 224 32 ofvanberörda
1196 1436 112 42 nådiga
1336 1437 193 41 Proposition
1558 1438 34 31 af
1616 1438 57 31 den
1703 1439 18 30 9
1752 1438 141 32 sistlidne

285 1484 133 32 Januari
460 1486 138 40 (intagen
626 1487 96 31 under
749 1487 62 31 N:o
844 1488 43 31 18
917 1487 10 31 i
959 1488 83 31 1:sta
1071 1487 179 42 Samlingen
1279 1490 35 30 af
1338 1489 155 40 Bihanget
1520 1490 49 31 till
1597 1489 191 41 Riksdagens
1816 1491 76 31 Pro-

285 1535 121 39 tokoll),
436 1537 152 32 förklarat
615 1538 52 32 det
694 1538 118 41 Kongl.
841 1538 94 41 Maj:t
962 1539 93 32 funne
1083 1539 257 33 kommissionens
1374 1541 171 41 ansökning
1573 1541 45 31 för
1645 1542 193 31 närvarande
1866 1542 26 41 ej

285 1587 76 31 böra
402 1589 50 31 till
494 1599 102 21 annan
638 1589 108 41 åtgärd
779 1591 172 38 föranleda,
983 1594 36 28 än
1049 1592 46 30 att
1123 1592 114 40 Kongl.
1268 1593 93 40 Maj:t
1388 1593 73 31 ville
1488 1592 114 32 föreslå
1630 1593 187 40 Riksdagen,
1847 1594 47 31 att

284 1639 284 41 domkyrkokassan
597 1641 96 32 måtte
722 1641 67 32 från
818 1642 56 31 och
902 1643 72 31 med
1004 1643 207 32 innevarande
1241 1643 32 32 år
1301 1644 114 32 befrias
1445 1644 66 31 från
1540 1644 186 41 erläggande
1755 1645 34 32 af
1803 1646 89 31 ränta

282 1691 58 31 och
383 1693 189 41 amortering
612 1693 17 31 å
664 1694 51 31 det
743 1693 33 32 år
810 1695 95 32 1858
937 1695 33 31 af
996 1695 101 31 staten
1126 1696 153 41 beviljade
1308 1696 60 39 lån,
1399 1697 71 30 mel
1500 1696 175 42 skyldighet
1703 1697 46 31 för
1777 1697 113 32 kassan

283 1744 48 30 att
359 1745 70 30 med
458 1744 99 32 lånets
585 1745 200 32 förräntande
814 1747 56 31 och
900 1747 192 41 amortering
1120 1747 76 42 ånyo
1224 1749 153 40 begynna,
1407 1748 34 32 så
1469 1749 86 31 snart
1583 1748 114 32 hennes
1724 1749 169 41 tillgångar

281 1794 110 33 sådant
417 1796 168 41 medgifva.

437 1848 45 31 Af
507 1849 36 31 de
571 1848 50 32 till
650 1849 85 32 detta
763 1850 110 32 ärende
901 1850 137 32 hörande
1065 1851 197 42 handlingar,
1293 1862 67 21 som
1387 1852 159 32 Utskottet
1573 1853 58 31 fått
1659 1854 168 40 emottaga,
1843 1854 47 31 in-

281 1898 135 40 hemtas,
435 1901 95 31 bland
559 1902 104 37 annat,
695 1902 46 31 att
769 1902 71 31 utaf
864 1902 205 41 domkyrkans
1098 1903 102 32 medel
1227 1904 143 32 bekostas
1399 1904 155 41 åtskilliga
1582 1905 128 41 utgifter
1737 1906 49 31 till
1814 1906 77 32 aflö-

282 1950 75 42 ning
386 1951 31 32 åt
444 1952 278 41 församlingarnes
751 1954 159 40 orgelnist,
941 1954 156 40 klockare,
1127 1955 216 41 kyrkvaktare,
1373 1956 244 41 orgeltrampare
1633 1958 56 31 och
1704 1958 185 41 ringkarlar,

282 2003 47 31 för
357 2004 156 32 tornurets
542 2005 227 41 uppdragning,
799 2005 50 32 till
877 2006 57 32 ved
962 2007 46 31 för
1036 2007 182 32 sakristians
1246 2009 235 40 uppvärmning,
1511 2009 132 41 kyrkans
1672 2010 144 41 städning
1834 2010 59 32 och

282 2055 163 42 belysning
461 2066 43 21 m.
520 2067 57 28 m.,
595 2057 104 31 hvilka
715 2058 127 40 utgifter
864 2059 280 31 sammanräknade
1173 2059 117 41 årligen
1318 2060 102 41 uppgå
1446 2060 50 32 till
1523 2061 95 41 högre
1646 2062 110 40 belopp
1773 2065 37 28 än
1827 2062 63 38 det,

281 2106 152 32 hvarmed
475 2108 258 41 församlingarne
762 2109 130 42 bidraga
920 2110 49 31 till
997 2111 205 41 domkyrkans
1230 2112 179 31 inkomster.
1464 2112 105 32 Under
1597 2114 220 40 förutsättning
1845 2115 48 30 att

283 2157 189 42 domkyrkan
513 2160 56 31 bör
596 2160 92 32 vinna
716 2161 144 32 befrielse
888 2161 67 32 från
988 2162 89 31 dessa
1105 2163 125 41 utgifter
1259 2163 55 31 och
1343 2164 46 31 att
1416 2164 268 41 församlingarne,
1714 2165 98 31 hellre
1853 2168 38 29 än

282 2210 46 30 att
356 2210 111 41 sjelfva
496 2212 126 31 bekosta
649 2213 205 40 uppförandet
881 2214 57 31 och
965 2214 258 32 underhållandet
1251 2216 33 30 af
1309 2225 75 31 egen
1412 2216 106 41 kyrka,
1548 2216 85 32 skola
1660 2216 101 32 finnas
1781 2217 109 41 villiga

277 2262 58 38 att,
352 2262 47 30 för
427 2262 216 32 bibehållande
671 2264 34 31 af
729 2264 186 41 rättigheten
944 2266 46 31 att
1016 2266 141 41 begagna
1185 2267 199 40 domkyrkan,
1415 2267 92 41 åtaga
1535 2268 47 40 sig
1601 2267 33 32 så
1652 2268 123 40 mycket
1790 2269 98 31 större

281 2313 184 41 uppoffring,
509 2317 37 28 än
588 2315 57 31 den
688 2316 36 31 de
751 2315 11 31 i
790 2316 112 32 sådant
943 2317 142 32 afseende
1117 2317 114 32 hittills
1259 2318 59 31 fått
1346 2318 181 39 vidkännas,
1557 2319 46 31 att
1631 2319 179 41 derigenom
1837 2319 52 32 må

280 2364 109 32 vinnas
417 2365 181 42 tillgångar,
627 2367 97 32 minst
750 2368 220 32 motsvarande
997 2368 83 32 hvad
1109 2379 66 22 som
1203 2379 110 31 genom
1342 2370 90 32 bifall
1450 2370 49 32 till
1517 2370 117 41 Kongl.
1650 2370 110 42 Maj:ts
1775 2371 113 41 nådiga
