2166 2614
152 1575 139 24 Utskottets

154 1610 132 30 yttrande.

385 189 19 30 2
777 186 361 43 Bevillningsutskottets
1162 186 196 32 betänkande
1382 186 51 31 Nr
1455 187 53 30 24.

337 266 317 48 beskattningens
683 265 156 37 historia
867 266 102 36 visar
996 266 128 46 också,
1154 271 53 31 att
1235 266 227 48 spörsmålet
1481 278 60 23 om
1563 263 251 49 obligatorisk
1834 262 114 49 själv-

339 318 235 36 deklaration
586 320 125 34 såsom
723 318 184 49 underlag
918 318 58 36 för
986 318 396 48 inkomsttaxeringen
1392 317 129 48 ingick
1532 316 118 36 redan
1661 316 11 36 i
1684 315 72 37 den
1767 315 181 49 tidigaste

338 369 266 37 diskussionen
634 383 60 23 om
723 370 454 48 inkomstbevillningens
1206 369 242 37 utformande
1476 369 57 36 till
1561 382 46 23 en
1636 367 245 48 beskattning
1902 381 47 22 av

338 421 74 37 den
443 422 171 46 verkliga
641 421 217 38 inkomsten
886 421 121 37 under
1037 421 176 49 behörigt
1241 420 341 50 hänsynstagande
1611 420 57 36 till
1697 420 72 35 den
1794 418 155 49 subjek-

339 475 79 35 tiva
446 474 337 47 skatteförmågan.

468 526 181 36 Alltifrån
692 526 135 36 mitten
869 539 46 23 av
961 526 211 37 1800-talet
1212 526 67 36 har
1315 525 294 49 ifrågavarande
1640 524 184 49 spörsmål
1852 536 96 37 upp-

339 578 137 49 repade
504 581 151 46 gånger
684 578 93 36 förts
807 578 94 36 fram
931 578 12 36 i
970 578 221 48 riksdagen,
1221 577 71 37 och
1322 577 98 36 olika
1442 576 508 49 beskattningskommittéer

339 630 97 36 hava
472 630 138 36 uttalat
652 630 60 48 sig
739 630 12 36 i
780 635 137 31 ämnet.
972 630 96 35 Från
1113 630 45 36 de
1187 642 131 24 senare
1346 629 222 36 årtiondena
1597 633 41 31 är
1666 633 55 31 att
1749 628 199 46 anteckna,

338 682 195 46 hurusom,
563 682 97 36 efter
688 682 227 36 förordande
945 695 46 23 av
1023 683 99 35 1894
1152 682 68 36 och
1252 683 98 35 1895
1381 683 59 34 års
1459 680 490 49 bevillningskommittéer,

338 734 141 48 Kungl.
522 734 109 48 Maj:t
658 734 12 35 i
699 734 62 36 sitt
803 733 58 37 för
906 736 95 34 1897
1033 736 59 33 års
1121 734 158 48 riksdag
1307 732 215 49 framlagda
1550 733 146 47 förslag
1724 732 54 36 till
1809 745 52 35 ny
1889 731 61 36 be-

339 786 412 48 villningsförordning
774 786 145 48 jämväl
947 791 150 43 upptog
1124 786 146 48 förslag
1298 798 63 23 om
1391 784 345 50 självdeklaration.
1792 783 74 36 För
1894 783 56 36 in-

339 838 163 36 stitutets
545 838 201 36 införande
780 838 12 35 i
821 838 140 36 svensk
1001 842 77 32 rätt
1120 838 166 35 uttalade
1329 837 62 48 sig
1432 836 112 36 också
1587 835 364 37 kommunalskatte-

338 890 225 36 kommittén
593 889 11 35 i
633 890 67 35 sitt
728 893 40 32 år
798 891 98 34 1900
926 889 167 49 avgivna
1120 889 252 37 betänkande.
1418 888 71 36 Vid
1522 888 63 36 det
1614 887 217 51 påföljande
1852 890 99 33 årets

338 942 157 49 riksdag
524 941 161 37 befanns
713 941 136 48 frågan
877 941 13 36 i
918 944 41 33 så
989 944 117 33 måtto
1136 954 139 36 mogen
1304 941 60 36 för
1393 940 57 36 sin
1479 940 165 48 lösning,
1671 945 53 31 att
1743 939 209 47 riksdagen

341 994 11 35 i
381 994 182 36 skrivelse
593 993 57 36 till
679 993 141 49 Kungl.
851 993 108 48 Maj:t
987 993 121 36 under
1135 992 224 48 förklaring,
1390 997 55 31 att
1472 992 204 48 riksdagen
1697 994 142 45 ansåge
1859 991 93 35 obli-

338 1045 170 49 gatorisk
551 1045 334 49 självdeklaration
922 1045 92 36 böra
1050 1045 144 36 införas
1233 1045 57 35 till
1332 1044 158 48 ledning
1523 1044 59 36 för
1611 1044 74 36 den
1714 1043 147 36 direkta
1888 1042 63 36 be-

339 1097 257 48 skattningen,
642 1097 137 47 anhöll,
820 1103 53 30 att
899 1097 144 48 Kungl.
1074 1097 120 48 Maj:t,
1224 1097 93 36 efter
1345 1096 207 47 utredning
1581 1109 46 22 av
1656 1096 147 47 frågan,
1833 1097 119 33 måtte

340 1149 216 49 framlägga
598 1149 143 49 förslag
782 1149 56 35 till
880 1148 536 48 författningsbestämmelser
1450 1148 198 48 angående
1678 1146 274 37 deklarations-

340 1201 232 49 skyldighet.

469 1253 18 36 I
516 1253 63 36 det
608 1252 148 49 förslag
784 1253 57 35 till
869 1253 230 47 förordning
1128 1265 60 23 om
1217 1252 284 46 inkomstskatt,
1532 1264 82 23 som
1639 1251 187 36 förelades
1854 1251 97 36 1902

340 1308 59 33 års
439 1305 169 48 riksdag,
651 1305 160 48 ingingo
854 1304 114 37 också
1009 1304 286 36 bestämmelser
1337 1316 62 23 om
1441 1303 104 49 dylik
1581 1303 231 49 skyldighet,
1842 1302 111 36 och
1932 1298 23 59 i

342 1356 182 37 samband
568 1357 87 36 med
698 1356 73 37 den
801 1370 46 23 av
874 1356 208 49 riksdagen
1111 1362 168 43 antagna
1308 1356 69 36 och
1408 1355 214 36 sedermera
1650 1354 197 37 utfärdade
1876 1354 76 37 för-

342 1409 214 48 ordningen
598 1409 12 35 i
648 1414 127 31 ämnet
816 1422 99 23 vann
957 1408 200 50 principen
1199 1422 61 22 om
1294 1407 334 49 självdeklaration
1670 1406 148 37 inträde
1846 1406 11 36 i
1886 1409 67 33 vår

342 1461 385 49 skattelagstiftning.

475 1566 97 36 1858
617 1567 60 34 års
718 1564 433 49 bevillningskommitté
1179 1564 97 36 hade
1305 1577 61 23 om
1396 1562 557 51 självdeklarationsprincipen

343 1622 53 32 ett
437 1617 207 47 uttalande,
674 1630 79 23 som
782 1617 227 47 visserligen
1038 1615 235 50 utmynnade
1303 1615 11 36 i
1344 1621 54 31 ett
1425 1615 267 50 avstyrkande,
1721 1628 87 23 men
1835 1615 118 36 likväl

341 1669 106 49 röjde
475 1682 57 35 en,
563 1682 82 23 som
675 1669 62 36 det
764 1669 98 36 visat
881 1669 71 48 sig,
974 1668 86 36 fullt
1078 1668 119 48 riktig
1215 1667 251 49 uppfattning
1486 1681 46 22 av
1552 1667 219 50 principens
1791 1667 162 36 fördelar

343 1722 71 36 och
433 1721 214 36 nackdelar.
678 1720 234 37 Kommittén
927 1720 151 49 yttrade
1097 1719 115 37 bland
1233 1725 131 30 annat:
1386 1720 79 35 »En
1487 1733 46 23 av
1553 1720 46 36 de
1614 1725 97 31 mest
1726 1719 227 37 omtvistade

342 1774 180 48 frågorna
549 1773 65 36 vid
644 1773 292 48 lagstiftningen
961 1771 198 49 angående
1179 1771 271 36 inkomstskatt
1470 1776 41 32 är
1531 1771 84 48 den,
1637 1771 102 36 vilka
1759 1771 195 49 uppgifter

342 1824 260 50 skattskyldig
642 1824 70 36 bör
753 1825 158 48 åläggas
953 1824 173 36 meddela
1168 1823 198 48 angående
1401 1824 82 35 sina
1511 1823 209 36 inkomster
1748 1824 67 35 och
1850 1822 103 36 vilka

342 1877 264 48 tvångsmedel
648 1876 91 37 böra
766 1876 194 36 användas
990 1881 78 30 mot
1097 1876 46 36 de
1171 1876 11 35 i
1211 1875 104 37 detta
1343 1875 187 37 avseende
1559 1875 242 36 tredskande.
1858 1874 95 36 Lika

343 1928 279 48 otvivelaktigt,
653 1941 80 23 som
763 1928 64 36 det
855 1933 50 42 är,
936 1933 55 31 att
1019 1927 46 37 de
1093 1927 109 36 bästa
1230 1927 282 49 upplysningar
1541 1930 125 33 kunna
1694 1926 191 37 meddelas
1906 1939 47 23 av

342 1981 73 36 den
443 1980 282 49 skattskyldige
753 1980 109 49 själv,
892 1980 79 36 lika
998 1979 130 36 säkert
1155 1984 50 41 är,
1227 1984 65 38 att,
1314 1979 56 36 till
1390 1979 94 48 följd
1506 1993 45 22 av
1572 1979 72 36 den
1664 1978 166 37 rådande
1851 1983 102 31 stora

343 2032 141 48 oviljan
526 2038 81 31 mot
640 2032 129 50 dylika
800 2031 287 48 meddelanden,
1117 2031 243 48 tillförlitliga
1388 2031 296 36 underrättelser
1712 2031 118 36 sällan
1859 2031 95 36 bliva

343 2085 185 36 lämnade.
574 2084 73 37 Om
690 2084 149 37 skatten
868 2088 41 32 är
937 2084 90 36 eller
1056 2082 193 37 förmodas
1281 2083 201 36 framdeles
1511 2082 101 37 bliva
1640 2083 90 48 hög,
1760 2082 120 36 önska
1908 2082 46 37 de

344 2136 285 49 skattskyldiga
657 2136 12 35 i
698 2136 205 36 allmänhet
944 2135 252 48 undandraga
1237 2135 62 48 sig
1340 2135 219 36 densamma
1601 2135 89 36 eller
1730 2137 128 46 någon
1895 2134 60 37 del

344 2188 126 36 därav.
527 2188 87 37 Men
657 2193 68 31 när
767 2188 148 36 skatten
957 2192 40 31 är
1038 2187 165 48 måttlig,
1232 2187 67 36 vill
1328 2186 129 48 oftast,
1487 2200 48 22 av
1564 2187 101 36 olika
1693 2186 260 48 anledningar,

344 2241 72 36 den
458 2253 69 23 ene
566 2253 114 34 synas
721 2240 191 49 fattigare,
953 2239 72 36 den
1063 2239 117 36 andre
1209 2239 256 48 förmögnare,
1495 2244 48 31 än
1572 2239 76 36 han
1676 2238 198 48 verkligen
1902 2243 50 31 är.
