1878 2806
284 151 19 30 2
657 158 392 36 Bevillningsutskottets
1076 159 216 31 betänkande
1318 169 42 20 nr
1386 160 47 29 48.

331 241 63 30 när
419 241 56 30 det
501 241 51 30 till
580 241 112 36 statlig
717 241 166 30 inkomst-
909 242 66 30 och
1003 242 352 36 förmögenhetsskatt
1383 243 324 37 beskattningsbara
1733 245 56 29 be-

288 292 115 35 loppet
422 292 76 29 icke
517 291 185 37 överstiger
721 293 19 29 3
754 293 64 29 000
839 292 141 30 kronor:
1005 302 58 20 sex
1086 296 142 32 procent
1248 303 42 20 av
1313 293 55 30 det
1388 293 324 37 beskattningsbara
1734 295 55 30 be-

288 342 124 36 loppet,
435 342 90 30 dock
544 343 87 35 lägst
649 342 72 30 fem
741 343 140 35 kronor;

331 393 64 30 när
416 393 56 30 det
494 393 325 36 beskattningsbara
837 394 161 35 beloppet
1020 393 185 37 överstiger

327 456 90 29 3000
439 466 79 20 men
542 455 70 31 icke
677 457 19 29 6
709 457 61 30 000
793 457 63 29 kr.:
928 458 59 29 180
1003 458 48 29 kr.
1068 457 55 30 för
1179 458 93 29 3000
1288 458 48 29 kr.
1354 457 63 30 och
1435 459 15 28 7
1496 463 20 29 2
1532 467 40 20 av
1589 457 204 37 återstoden;

327 506 91 30 6000
479 518 12 15 =>
572 519 12 14 >
677 507 17 29 9
714 507 57 30 000
926 508 62 29 390
1023 520 12 15 »
1087 520 11 14 >
1181 508 19 29 6
1212 508 62 30 000

818 519 12 15 >
1307 520 12 15 »
1380 520 12 14 >
1433 508 19 29 8
1495 516 21 28 9”
1545 520 12 15 »
1684 521 11 14 »
1787 521 6 24 ;

326 557 92 29 92000
479 569 12 15 >
573 569 11 15 >
660 558 111 29 12000
818 570 12 15 >
926 558 62 29 630
1022 570 12 15 »
1086 570 11 15 >»
1179 559 95 29 92000
1307 570 12 15 »
1381 570 11 15 »
1415 559 37 29 10
1496 563 20 26 2
1545 571 12 15 >
1684 572 11 14 »
1787 569 6 25 ;

308 608 37 29 12
358 608 60 29 000
481 620 12 14 >
574 620 12 15 »
662 608 110 30 15000
820 620 12 15 >
926 609 62 29 930
1023 620 12 16 »
1087 621 12 14 >»
1162 610 111 29 12000
1306 621 12 15 »
1380 621 12 14 >»
1415 610 102 35 12,52
1546 621 11 15 »
1684 622 11 15 »
1787 620 6 25 ;

308 658 110 30 15000
480 670 11 15 =»
573 670 11 15 »
657 659 114 29 25000
819 669 38 19 »:
899 659 89 30 1305
1024 671 12 15 »
1087 671 11 15 »
1163 660 111 29 15000
1307 672 12 15 >
1381 660 71 29 »15
1496 664 61 29 «2»
1683 672 12 15 »
1787 671 6 25 ;

306 708 112 30 25000
479 720 12 15 >
573 720 11 15 >
657 709 115 30 35000
820 719 38 19 »>:
897 710 93 29 2805
1025 722 12 15 >
1088 722 12 14 »
1162 710 114 30 25000
1306 722 12 15 »
1380 711 71 29 »18
1495 715 21 29 «
1545 722 12 15 »
1683 723 12 14 »
1787 721 7 25 ;

307 759 109 30 35000
477 771 12 15 >
572 771 11 15 >
660 760 113 29 50000
820 769 38 18 >:
897 760 90 30 4605
1022 772 12 15 »>
1086 772 12 15 >»
1160 761 113 29 35000
1303 773 12 15 »
1377 773 12 14 >»
1409 762 38 28 21
1493 766 21 29 x
1545 773 12 14 >
1683 774 12 14 »
1788 771 6 25 ;

307 810 39 29 50
358 810 61 29 000
480 822 12 14 >
573 821 11 15 >
641 810 131 30 100000
820 820 38 19 »:
898 811 91 29 7755
1024 822 12 15 >
1088 823 11 15 »
1161 811 113 30 50000
1304 823 12 15 »
1378 823 11 15 >»
1409 812 40 29 24
1493 816 20 31 2
1543 823 12 14 »
1681 824 12 14 »
1785 822 6 25 ;

287 860 59 29 100
358 860 60 29 000
479 871 12 16 >
573 872 11 14 >»
638 861 60 29 200
711 861 61 29 000
819 861 170 29 >»>:19755
1024 873 12 15 »
1087 873 12 15 »
1143 861 133 30 100000
1305 874 12 15 >
1379 873 11 15 >»
1411 862 104 35 27,52
1544 874 13 14 >»
1683 874 12 14 »
1789 886 6 11 ;

288 910 60 30 200
361 910 60 30 000
443 911 49 29 kr.
854 921 6 19 :
877 912 111 29 47255
1024 923 12 15 »
1087 923 12 15 >»
1140 912 134 30 200000
1304 924 12 15 »
1377 924 12 15 »
1410 912 37 30 31
1493 917 21 29 2
1544 924 12 15 >
1682 925 12 14 »
1784 935 6 14 ;

333 1005 33 40 b)
396 1006 57 30 för
468 1007 148 30 svenska
633 1007 204 36 aktiebolag,
855 1008 147 30 svenska
1020 1008 228 31 ekonomiska
1266 1008 210 36 föreningar,
1494 1009 147 30 svenska
1658 1009 134 30 försäk-

289 1056 270 37 ringsanstalter,
577 1067 74 20 som
666 1058 76 30 icke
759 1058 60 30 äro
836 1058 205 36 aktiebolag,
1062 1059 223 35 sparbanker,
1305 1059 279 36 sparbankernas
1602 1060 190 30 säkerhets-

290 1108 111 35 kassa,
430 1107 154 37 Sveriges
610 1109 178 30 allmänna
813 1109 277 36 hypoteksbank,
1118 1109 259 37 Konungariket
1407 1109 154 37 Sveriges
1589 1110 204 37 stadshypo-

289 1159 188 35 tekskassa,
507 1159 382 36 hypoteksföreningar,
920 1160 148 30 svenska
1097 1160 395 35 bostadskreditkassan,
1523 1160 270 30 bostadskredit-

288 1208 198 37 föreningar
512 1213 89 26 samt
626 1209 131 31 sådana
781 1210 185 30 utländska
992 1209 171 38 juridiska
1184 1219 173 28 personer,
1381 1220 76 21 som
1484 1211 31 36 ej
1541 1211 174 30 beskattas
1739 1220 56 21 en-

289 1260 60 36 ligt
367 1258 31 40 a)
421 1260 65 30 här
504 1269 103 21 ovan:

334 1311 70 29 tolv
428 1313 145 33 procent
595 1320 42 20 av
659 1311 57 29 det
738 1310 325 36 beskattningsbara
1088 1311 172 36 beloppet;

335 1360 29 40 c)
394 1361 56 30 för
467 1361 111 30 andra
595 1361 250 37 skattskyldiga
865 1362 44 29 än
929 1361 80 30 dem
1027 1371 74 20 som
1119 1371 97 20 avses
1235 1362 111 29 under
1365 1360 32 41 a)
1421 1362 66 30 och
1506 1361 34 40 b)
1564 1362 65 30 här
1645 1371 103 21 ovan:

336 1421 57 21 sex
415 1415 143 33 procent
581 1421 42 21 av
646 1412 56 30 det
725 1412 324 36 beskattningsbara
1071 1412 170 36 beloppet.

335 1462 75 30 Vad
426 1463 11 29 i
453 1463 115 30 denna
584 1462 203 36 förordning
804 1462 136 36 stadgas
958 1463 89 29 skall
1063 1462 98 36 dock,
1181 1462 11 30 i
1209 1462 63 30 fall
1291 1472 75 21 som
1382 1472 97 21 avses
1497 1463 10 30 i
1527 1464 16 29 7
1563 1463 18 37 8
1601 1463 193 35 uppbörds-

290 1512 258 37 förordningen,
568 1513 75 30 icke
660 1512 181 31 föranleda
858 1512 147 37 höjning
1022 1522 43 21 av
1085 1513 66 29 den
1170 1516 214 33 procentsats
1403 1513 86 31 efter
1508 1513 115 30 vilken
1644 1513 150 36 prelimi-

290 1564 63 29 när
369 1563 136 30 A-skatt
522 1563 88 30 skall
625 1562 90 37 utgå.

1004 1656 19 29 4
1048 1655 29 38 8.

335 1715 75 30 Vad
432 1715 11 29 i
464 1714 429 36 uppbördsförordningen
915 1715 138 36 stadgas
1077 1713 178 38 angående
1280 1714 202 37 preliminär
1504 1715 93 30 skatt
1619 1715 88 30 skall
1731 1715 64 36 äga

292 1766 243 29 motsvarande
554 1765 219 36 tillämpning
791 1765 220 30 beträffande
1031 1765 187 37 värnskatt,
1239 1775 74 20 som
1333 1766 105 36 enligt
1457 1766 115 30 denna
1591 1765 205 36 förordning

292 1816 88 30 skall
400 1817 154 35 erläggas
577 1815 224 36 preliminärt.

1006 1875 19 30 5
1047 1874 29 37 8.

338 1934 191 36 Konungen
553 1934 79 36 äger
656 1933 141 30 utfärda
820 1933 55 30 för
897 1933 220 36 tillämpning
1141 1943 41 20 av
1206 1933 114 31 denna
1344 1933 206 37 förordning
1573 1933 224 36 erforderliga

293 1984 226 30 föreskrifter.

340 2110 120 30 Denna
486 2110 204 36 förordning
712 2110 117 30 träder
852 2110 11 29 i
885 2110 95 30 kraft
1003 2110 109 36 dagen
1138 2109 87 31 efter
1251 2110 76 35 den,
1352 2108 44 32 då
1420 2110 249 36 förordningen
1694 2109 105 36 enligt

295 2159 84 32 därå
400 2160 184 31 meddelad
604 2160 137 37 uppgift
761 2161 185 30 utkommit
967 2160 81 31 från
1072 2161 133 36 trycket
1225 2161 11 29 i
1260 2160 130 31 Svensk
1413 2159 384 37 författningssamling.

344 2303 66 30 Till
428 2303 77 31 stöd
525 2302 58 32 för
602 2303 55 31 det
678 2303 12 30 i
710 2304 68 30 den
800 2303 236 37 föreliggande
1057 2303 258 37 propositionen
1336 2303 196 37 framlagda
1555 2303 163 36 förslaget
1738 2303 65 30 har

299 2351 380 39 departementschefen
704 2353 118 31 anfört
848 2353 167 38 följande:

347 2414 12 15 >
366 2404 63 30 Vid
446 2404 166 30 anmälan
627 2403 95 32 förut
738 2404 114 30 denna
868 2404 66 36 dag
950 2413 42 21 av
1009 2404 214 36 proposition
1239 2405 80 30 med
1335 2403 130 37 förslag
1481 2403 53 30 till
1552 2402 193 38 beräkning
1760 2412 43 22 av

297 2453 237 31 inkomsterna
550 2452 21 32 å
587 2453 184 31 riksstaten
789 2453 56 31 för
859 2453 203 37 budgetåret
1084 2450 147 42 1946/47,
1249 2463 45 21 m.
1312 2463 45 21 m.
1377 2454 64 30 har
1458 2453 58 37 jag
1533 2454 45 29 bl.
1598 2462 30 21 a.
1647 2452 154 30 behand-
