1860 2784
407 174 121 29 Andra
550 171 244 40 lagutskottets
815 168 178 31 utlåtande
1013 176 43 21 nr
1077 168 36 28 11
1136 167 39 29 år
1196 164 83 30 1957
1563 162 37 30 15

138 260 98 30 Ända
256 260 106 29 sedan
379 258 219 39 monopolets
616 255 185 30 införande
821 255 37 29 år
880 253 83 30 1914
982 253 64 29 har
1064 252 45 30 all
1128 249 298 42 priskonkurrens
1445 248 11 28 i
1475 246 124 40 detalj-

95 311 153 29 handeln
269 310 77 29 med
366 309 228 30 tobaksvaror
612 307 90 29 varit
720 305 186 30 utesluten.
926 305 13 29 I
961 302 82 32 1943
1062 302 56 30 års
1137 300 222 40 monopollag
1379 299 151 38 stadgas,
1550 298 49 28 att

96 361 302 39 monopolbolaget
423 361 81 37 äger
529 358 193 30 bestämma
748 357 56 29 det
828 355 72 40 pris
927 364 75 20 som
1028 353 211 30 tobaksvara
1265 351 88 30 skall
1377 350 142 38 betinga
1542 349 58 30 vid

97 411 212 40 försäljning
336 410 51 30 till
414 409 236 30 allmänheten
679 408 9 29 i
716 406 150 40 enlighet
893 406 78 29 med
998 405 42 30 de
1065 405 162 28 närmare
1253 400 311 31 bestämmelserna
1589 399 10 29 i

97 463 99 38 lagen
217 462 105 36 jämte
344 470 41 20 av
407 460 124 37 Kungl.
554 459 100 36 Maj:t
677 457 181 39 godkända
880 455 149 38 grunder
1057 454 54 34 (15
1137 453 49 37 $).
1210 452 116 39 Enligt
1349 452 100 39 lagen
1472 450 58 30 må
1552 452 49 28 to-

96 514 174 28 baksvara
287 512 74 29 icke
380 511 108 39 säljas
506 511 52 29 till
575 509 236 30 allmänheten
828 507 86 30 efter
933 508 108 28 annat
1057 505 72 41 pris
1148 506 45 29 än
1211 504 56 30 det
1285 503 19 30 å
1324 501 277 41 förpackningen

98 565 132 28 utsatta
260 561 316 43 priskurantpriset
609 560 55 33 (21
698 559 49 37 8).
777 558 240 31 Överträdelse
1045 566 42 20 av
1114 554 270 31 bestämmelsen
1413 555 38 28 är
1483 551 119 31 straff-

98 614 133 39 belagd.

143 665 126 29 Rätten
295 665 50 28 att
372 663 51 29 till
449 663 92 29 riket
566 661 115 30 införa
707 660 227 30 tobaksvaror
960 658 214 30 tillkommer
1200 656 106 39 enligt
1335 656 14 29 1
1380 655 15 36 $
1424 653 179 40 monopol-

99 716 100 38 lagen
224 714 223 30 uteslutande
474 713 123 33 staten,
623 712 32 29 d.
680 720 31 20 v.
738 720 25 20 s.
791 709 313 40 monopolbolaget.
1130 707 118 39 Enligt
1274 707 40 29 29
1343 706 14 36 $
1387 714 136 21 samma
1549 705 54 38 lag

99 765 56 30 må
177 766 89 29 dock
288 774 40 20 av
349 763 301 37 monopolbolaget
670 763 147 35 antagen
837 759 258 36 återförsäljare
1117 758 44 38 på
1181 758 95 30 vissa
1295 756 127 31 villkor
1443 756 52 29 till
1517 755 88 29 riket

100 816 115 30 införa
253 815 113 39 färdig
402 814 210 30 tobaksvara
649 813 54 29 för
740 811 221 39 försäljning.
999 808 319 40 Priskurantpriset
1343 808 20 29 å
1388 807 110 30 sådan
1522 815 83 21 vara

101 866 192 30 fastställes
317 875 42 20 av
384 863 302 41 monopolbolaget
711 863 64 29 och
800 862 87 30 skall
912 863 125 37 utgöra
1061 869 164 21 summan
1249 868 41 21 av
1313 867 127 21 varans
1464 858 141 38 inköps-

100 917 83 40 pris,
204 916 196 30 kostnaden
422 916 55 29 för
499 915 77 29 dess
597 914 185 29 införande
802 912 51 30 till
874 912 101 34 riket,
997 913 66 29 den
1084 913 19 29 å
1123 920 109 21 varan
1252 909 192 39 belöpande
1467 908 139 30 skatten

103 969 91 28 samt
220 968 48 28 ett
292 967 123 38 belopp
444 965 245 30 motsvarande
715 965 66 29 den
806 962 370 40 återförsäljarrabatt,
1203 970 75 20 som
1304 960 113 30 skolat
1442 958 83 40 utgå
1550 967 56 20 om

101 1026 109 21 varan
233 1016 289 30 tillhandahållits
545 1025 41 20 av
607 1014 311 38 monopolbolaget.
944 1012 231 38 Importerade
1198 1020 102 21 varor
1323 1010 56 30 må
1401 1010 11 29 i
1436 1009 171 30 avvaktan

103 1068 44 40 på
176 1067 233 39 förbrukning
438 1066 97 29 inom
564 1066 88 30 riket
682 1066 82 29 eller
793 1064 147 30 utförsel
970 1062 194 31 skattefritt
1194 1062 191 40 uppläggas
1415 1060 20 30 å
1465 1059 143 31 särskilt

104 1119 103 39 lager,
227 1117 348 39 tobaksskattelager.

149 1219 66 29 Det
245 1218 172 30 särskilda
445 1216 325 40 hänsynstagandet
800 1215 51 30 till
881 1213 422 42 specialtobakshandeln,
1333 1221 75 21 som
1440 1211 83 32 1943
1553 1211 55 30 års

106 1269 223 40 monopollag
357 1267 222 34 föreskriver,
608 1267 64 30 har
702 1268 87 29 även
817 1265 149 32 kommit
995 1265 52 30 till
1076 1264 142 39 uttryck
1246 1264 11 29 i
1285 1262 325 40 butikstängnings-

106 1321 118 38 lagens
245 1319 263 30 bestämmelser
529 1328 55 20 om
604 1317 151 30 handeln
775 1316 76 31 med
873 1316 228 30 tobaksvaror
1121 1317 96 28 utom
1237 1314 65 30 den
1321 1312 139 38 vanliga
1479 1313 131 30 butiks-

106 1370 104 29 tiden.
231 1368 427 38 Butikstängningslagens
680 1368 169 37 reglering
870 1367 11 28 i
904 1367 100 29 dessa
1024 1365 221 30 hänseenden
1269 1365 70 29 kan
1361 1365 11 29 i
1395 1365 57 29 det
1475 1365 136 29 väsent-

109 1421 122 39 ligaste
257 1420 70 29 helt
354 1419 95 30 ledas
476 1418 144 30 tillbaka
646 1418 53 29 till
726 1419 41 29 de
792 1417 274 33 bestämmelser,
1094 1425 75 21 som
1195 1415 45 40 på
1266 1415 53 30 sin
1346 1415 49 29 tid
1422 1416 150 38 upptogs
1600 1414 11 28 i

111 1471 82 29 1939
212 1471 56 29 års
286 1469 378 39 butikstängningslag.
683 1468 52 30 Då
753 1468 97 39 fråga
868 1469 38 28 är
925 1476 57 21 om
1001 1467 109 29 sådan
1130 1466 129 29 handel
1276 1465 10 29 i
1305 1465 77 30 stad
1400 1465 83 29 eller
1502 1465 110 29 stads-

109 1521 167 29 liknande
301 1520 169 30 samhälle
498 1519 127 39 åligger
651 1520 57 29 det
734 1519 66 29 den
824 1517 326 40 tillståndsgivande
1177 1516 259 39 myndigheten,
1464 1516 148 38 länssty-

109 1571 123 36 relsen,
257 1572 50 27 att
330 1570 73 30 före
427 1570 161 29 ärendets
611 1569 196 39 avgörande
829 1568 160 30 inhämta
1012 1567 180 30 utlåtande
1216 1566 80 30 från
1319 1567 132 29 statens
1476 1565 137 30 tobaks-

111 1621 142 34 nämnd,
278 1630 74 20 som
377 1622 87 28 även
488 1621 79 38 äger
591 1621 67 28 rätt
683 1620 50 29 att
756 1620 10 28 i
791 1619 130 30 sådana
946 1618 153 30 ärenden
1122 1618 64 29 hos
1210 1617 125 39 Kungl.
1360 1617 106 39 Maj:t
1490 1616 123 30 anföra

110 1672 123 29 besvär
261 1672 79 29 över
368 1671 268 39 länsstyrelsens
666 1670 124 29 beslut.
818 1668 295 31 Tobakshandeln
1141 1668 111 30 under
1280 1668 64 29 och
1372 1669 99 28 utom
1497 1667 116 39 vanlig

112 1722 165 29 affärstid
306 1722 150 39 regleras
487 1721 146 30 sålunda
662 1721 45 39 på
737 1720 92 30 olika
859 1721 79 30 sätt.
968 1720 52 29 Då
1049 1719 99 39 fråga
1177 1720 38 28 är
1244 1728 57 20 om
1332 1718 211 39 försäljning
1573 1727 42 20 av

112 1772 228 29 tobaksvaror
365 1771 80 30 från
471 1771 110 34 butik,
609 1780 74 20 som
710 1771 109 29 hålles
846 1771 114 39 öppen
987 1770 146 29 allenast
1159 1769 112 30 under
1297 1769 115 39 vanlig
1439 1768 174 34 affärstid,

112 1823 37 28 är
174 1823 57 29 det
254 1822 303 39 monopolbolaget
584 1831 74 19 som
682 1821 87 29 efter
795 1821 139 29 samråd
960 1821 78 29 med
1064 1820 304 29 tobaksnämnden
1392 1820 222 34 bestämmer,

111 1881 77 20 vem
210 1881 75 20 som
307 1872 88 28 skall
416 1872 145 38 antagas
584 1871 50 29 till
657 1871 260 38 återförsäljare
940 1880 41 20 av
1003 1871 237 29 tobaksvaror.
1263 1870 64 29 Vid
1350 1869 266 39 tobaksförsälj-

113 1922 92 38 ning,
228 1931 73 20 som
323 1922 77 29 med
422 1922 77 29 stöd
519 1931 42 20 av
581 1922 35 29 11
642 1921 15 36 $
679 1920 412 39 butikstängningslagen
1111 1920 174 39 medgives
1306 1921 121 28 utöver
1447 1920 67 29 den
1534 1928 83 21 van-

114 1973 67 38 liga
211 1972 220 35 affärstiden,
461 1973 38 28 är
530 1972 55 29 det
613 1972 158 29 däremot
800 1971 290 39 länsstyrelserna
1119 1970 65 30 och
1214 1971 9 28 i
1253 1970 83 30 sista
1366 1970 95 30 hand
1491 1969 124 40 Kungl.

114 2022 115 39 Maj:t,
262 2031 73 20 som
364 2022 64 29 har
458 2022 391 29 bestämmanderätten.
880 2021 302 40 Monopolbolaget
1213 2030 101 20 anser
1346 2021 51 38 sig
1427 2021 76 30 icke
1533 2020 84 30 böra

114 2075 105 36 vägra
239 2073 196 39 inköpsrätt
455 2073 33 29 åt
510 2074 75 33 den,
607 2082 74 20 som
701 2081 122 30 genom
844 2072 308 38 lagakraftvunnet
1172 2072 112 29 beslut
1303 2071 141 40 jämlikt
1464 2071 153 30 nämnda

113 2123 162 36 paragraf
297 2123 136 29 erhållit
457 2123 153 29 tillstånd
633 2123 52 28 till
710 2121 206 37 försäljning
939 2132 42 19 av
1007 2122 237 29 tobaksvaror.

157 2173 225 29 Beträffande
406 2175 112 27 rätten
541 2174 48 28 att
611 2173 110 29 under
742 2173 172 30 utsträckt
934 2172 163 29 affärstid
1121 2172 147 38 försälja
1290 2172 227 29 tobaksvaror
1539 2172 78 29 från

115 2223 99 28 butik
241 2223 55 28 må
322 2224 86 28 först
434 2224 148 27 nämnas
610 2225 49 27 att
685 2223 106 37 enligt
816 2223 412 37 butikstängningslagen
1254 2223 41 29 de
1320 2231 101 20 varor
1448 2232 74 19 som
1549 2223 68 28 kan

115 2273 142 28 komma
281 2273 7 28 i
315 2273 96 37 fråga
436 2273 53 28 för
513 2273 106 29 sådan
644 2273 210 37 försäljning
877 2274 38 27 är
938 2272 263 29 klassificerade
1225 2273 9 28 i
1258 2272 92 29 olika
1375 2280 161 31 grupper.
1559 2273 60 28 Ge-

116 2324 173 27 mensamt
314 2323 52 29 för
391 2323 68 28 alla
485 2322 324 38 ifrågakommande
834 2331 101 20 varor
960 2324 37 28 är
1021 2322 44 29 bl.
1090 2333 29 18 a.
1144 2324 50 27 att
1221 2322 155 30 tillstånd
1404 2322 48 29 till
1481 2323 138 38 försälj-

116 2373 83 38 ning
226 2374 37 28 är
288 2373 170 28 beroende
486 2383 41 19 av
553 2382 39 19 en
621 2373 180 39 prövning,
828 2373 121 28 därvid
978 2373 135 38 hänsyn
1142 2373 88 28 skall
1259 2375 95 35 tagas
1382 2373 18 29 å
1427 2383 65 19 ena
1519 2374 99 28 sidan

116 2423 50 29 till
191 2424 58 28 det
271 2431 85 29 gagn
382 2423 54 28 för
459 2423 234 29 allmänheten
718 2423 62 28 och
804 2423 18 29 å
845 2423 110 29 andra
978 2423 98 29 sidan
1102 2423 49 29 till
1177 2423 40 29 de
1240 2423 222 38 olägenheter
1486 2424 52 28 för
1561 2433 59 20 an-

117 2483 69 19 nan
214 2474 136 32 handel,
377 2483 75 19 som
481 2473 111 29 skulle
620 2474 213 39 uppkomma
860 2474 115 28 därest
1005 2473 155 30 tillstånd
1190 2474 231 29 meddelades.
1450 2475 12 28 I
1492 2475 32 30 11
1558 2475 15 36 8
1601 2475 19 29 3
