1884 2844
510 180 306 31 Bankoutskottets
842 179 176 31 utlåtande
1043 180 50 30 Nr
1115 181 48 29 38.
1556 175 37 29 13

123 262 74 31 Vad
220 262 107 37 angår
348 264 67 30 den
438 264 10 29 i
471 264 176 30 motionen
668 264 27 29 I:
711 264 63 29 209
797 264 150 35 angivna
968 263 24 30 f.
1014 264 32 30 d.
1069 264 156 29 soldaten
1248 263 98 30 Lönn
1367 263 65 30 har
1452 263 71 30 han
1544 272 41 21 en

77 314 279 36 anställningstid
377 324 43 21 av
447 316 38 28 16
507 314 38 30 år
569 315 20 29 8
612 313 166 31 månader
802 317 89 27 samt
916 315 64 29 488
1004 314 366 36 tjänstgöringsdagar,
1392 315 121 28 utöver
1536 313 49 30 tid

78 364 55 30 för
160 365 130 36 rekryt-
323 366 65 29 och
415 365 430 36 underbefälsutbildning.
895 364 379 36 Arméförvaltningens
1303 364 101 30 civila
1431 364 154 37 departe-

79 418 93 27 ment
198 416 65 29 har
289 416 189 30 emellertid
506 416 115 30 funnit
647 416 187 30 verkställd
859 415 185 36 utredning
1070 415 148 30 rörande
1245 416 88 29 hans
1359 415 227 30 ekonomiska

78 465 245 31 förhållanden
347 467 123 34 utvisa,
496 469 49 28 att
568 467 70 30 han
663 467 74 30 icke
762 466 159 30 befinner
944 466 49 36 sig
1019 466 9 30 i
1054 466 204 30 behövande
1282 466 303 35 omständigheter.

80 516 64 31 Vid
162 516 123 31 sådant
303 516 220 32 förhållande
537 518 64 30 har
618 518 165 29 utskottet
798 520 111 27 ansett
925 517 50 36 sig
991 517 75 30 icke
1082 517 55 30 för
1152 517 218 30 närvarande
1387 517 119 29 kunna
1521 516 64 30 till-

79 568 129 36 styrka,
227 570 49 27 att
294 568 271 30 underhållsrätt
582 568 172 36 medgives
773 568 109 30 Lönn.
925 568 171 30 Utskottet
1116 567 55 30 får
1188 566 100 31 alltså
1306 568 163 36 avstyrka
1488 566 98 31 bifall

81 618 48 29 till
155 619 148 30 berörda
329 619 143 30 motion.

123 668 49 31 De
191 669 10 29 i
221 669 217 31 motionerna
457 670 27 29 I:
505 671 39 28 47
565 670 65 29 och
650 670 38 29 61
710 672 89 28 samt
817 670 45 29 II:
884 670 52 34 49,
957 670 51 34 52,
1030 670 51 34 53,
1103 670 52 34 89,
1175 669 52 35 92,
1248 669 52 35 94,
1325 669 71 35 184,
1416 669 73 35 211,
1511 669 73 30 2i6,

86 720 74 36 341,
179 721 75 36 464,
277 721 62 30 562
359 722 67 29 och
448 722 62 29 563
532 721 150 30 avsedda
701 721 24 30 f.
748 721 31 30 d.
802 721 139 35 indelta,
964 720 174 36 nämligen
1159 719 130 36 Norlin,
1311 718 107 37 Hård,
1439 719 150 35 Eklund,

87 771 93 36 Hult,
209 772 173 36 Sandvall,
408 772 199 36 Palmqvist,
631 772 147 36 Ragnar,
803 772 100 35 Roos,
929 771 195 35 Lundblad,
1152 771 37 30 K.
1215 771 36 29 A.
1280 770 38 31 O.
1347 770 103 36 Nord,
1478 770 111 35 Stark,

83 823 177 36 Löfqwist,
285 824 106 40 Rolig,
418 824 80 30 Frid
523 824 64 29 och
613 823 123 36 Spring
761 824 88 29 hava
874 833 42 20 en
940 822 277 36 anställningstid
1243 832 42 20 av
1308 822 126 29 mellan
1460 822 39 29 13
1523 821 65 29 och

89 875 38 29 18
149 873 48 36 år,
224 884 79 20 men
326 875 141 29 komma
495 874 74 30 icke
592 883 71 28 upp
688 874 50 30 till
761 874 63 30 400
848 873 357 38 tjänstgöringsdagar
1227 874 120 29 utöver
1370 873 130 35 rekryt-
1524 872 64 30 och

84 925 545 36 underbefälsutbildningstiden.
675 925 171 30 Utskottet
870 934 101 21 anser
996 924 49 36 sig
1069 924 120 30 därför
1211 924 74 30 icke
1308 924 121 29 kunna
1451 923 137 36 tillstyr-

83 976 45 30 ka
152 979 49 27 att
224 975 184 31 underhåll
431 986 42 20 ur
497 976 172 30 Vadstena
693 976 370 36 krigsmanshuskassa
1088 975 111 30 skulle
1222 974 176 37 medgivas
1421 974 10 30 i
1454 974 133 30 föreva-

85 1027 107 30 rande
216 1027 72 37 fall,
312 1030 85 27 utan
421 1027 116 30 finner
561 1027 48 36 sig
633 1027 92 37 förty
750 1028 85 29 böra
860 1027 164 36 avstyrka
1045 1026 101 30 bifall
1168 1025 131 37 jämväl
1323 1026 51 29 till
1397 1034 80 27 nyss
1502 1034 86 28 upp-

84 1079 156 29 räknade
263 1078 179 37 motioner,
468 1078 176 30 motionen
666 1078 27 30 I:
708 1079 40 29 47
773 1078 10 29 i
805 1078 67 29 vad
894 1078 67 29 den
985 1087 98 21 avser
1106 1075 185 32 underhåll
1314 1086 41 20 ur
1378 1076 209 36 krigsmans-

84 1130 206 29 huskassan.

129 1181 13 29 I
167 1180 216 30 sistnämnda
406 1180 132 30 motion
560 1180 65 30 har
647 1179 196 31 alternativt
864 1179 193 30 hemställts
1081 1188 58 21 om
1161 1177 86 38 årlig
1270 1178 145 37 pension
1438 1176 34 32 åt
1495 1177 93 31 förre

78 1231 157 30 soldaten
261 1231 118 29 Norlin
403 1231 80 30 med
508 1231 63 30 852
596 1231 138 30 kronor.
782 1230 14 30 I
820 1230 175 37 egenskap
1022 1240 43 20 av
1088 1230 24 29 f.
1139 1230 32 29 d.
1198 1229 228 31 banarbetare
1450 1229 136 37 uppbär

81 1281 129 36 Norlin,
229 1291 78 20 vars
325 1282 10 29 i
354 1281 194 36 statstjänst
565 1281 257 36 vederbörligen
839 1281 134 36 styrkta
992 1280 279 36 anställningstid
1287 1280 98 30 torde
1403 1278 117 39 uppgå
1537 1279 50 30 till

78 1332 162 36 omkring
262 1333 37 29 15
321 1331 47 37 år,
389 1333 169 30 alltsedan
575 1331 39 31 år
637 1333 82 30 1928
737 1342 43 20 en
797 1331 85 37 årlig
902 1331 239 37 gratifikation
1159 1330 80 31 från
1256 1331 332 36 järnvägsstyrelsen

76 1392 43 21 av
132 1383 63 30 500
210 1383 138 30 kronor.
368 1383 79 30 Med
460 1383 136 36 hänsyn
609 1383 117 30 härtill
740 1383 65 30 och
819 1382 44 30 då
876 1383 166 29 utskottet
1061 1382 75 30 icke
1155 1391 101 21 anser
1269 1382 75 29 skäl
1358 1381 166 36 föreligga
1537 1383 49 28 att

80 1433 10 30 i
105 1433 229 31 förevarande
348 1433 63 31 fall
428 1433 128 31 föreslå
572 1434 105 35 högre
694 1434 189 29 understöd
900 1432 55 31 får
972 1433 166 30 utskottet
1154 1433 164 35 avstyrka
1335 1432 99 30 bifall
1449 1431 51 30 till
1515 1441 71 20 mo-

77 1484 118 30 tionen
212 1485 28 29 I:
258 1485 39 29 47
316 1484 131 35 jämväl
466 1485 10 29 i
494 1485 67 29 vad
576 1485 66 29 den
660 1493 98 21 avser
774 1483 85 36 årlig
877 1483 144 37 pension
1037 1482 35 31 åt
1089 1483 130 29 Norlin.

122 1535 75 30 Vad
215 1535 158 35 slutligen
390 1534 108 37 angår
514 1535 41 29 de
572 1535 9 29 i
600 1534 216 30 motionerna
834 1534 27 30 I:
883 1534 63 30 209
966 1536 89 28 samt
1074 1533 44 30 II:
1140 1534 50 34 50,
1211 1533 51 35 31,
1280 1533 51 35 55,
1348 1533 52 35 97,
1421 1533 71 35 183,
1510 1533 74 34 331,

80 1586 74 35 334,
176 1586 74 34 339,
274 1586 73 34 463,
369 1586 73 35 557,
465 1586 73 34 558,
563 1586 61 29 559
646 1585 65 30 och
735 1585 62 30 560
818 1584 152 31 avsedda
992 1584 24 30 f.
1040 1584 32 30 d.
1095 1584 139 35 indelta,
1256 1583 174 36 nämligen
1454 1583 133 34 Thelin,

86 1635 127 37 Hjelm,
234 1630 128 42 Åkvist,
384 1636 117 36 Jason,
524 1636 118 36 Svärd,
663 1636 117 35 Brink,
805 1630 124 41 Öberg,
953 1634 89 36 Frej,
1068 1635 81 35 Sixt,
1170 1634 86 36 Hed,
1279 1634 87 36 Käll,
1389 1634 200 30 Berntsson-

79 1687 99 35 Krus,
196 1682 145 41 Östberg
359 1688 65 29 och
445 1687 145 35 Landin,
608 1687 139 30 tillhöra
764 1687 99 30 dessa
880 1694 157 29 gruppen
1054 1686 74 29 f.d.
1182 1686 139 29 indelt
1347 1685 238 36 manskap

79 1738 101 30 med
213 1747 52 20 en
298 1737 278 37 tjänstetid
606 1747 53 21 av
690 1738 114 29 över
840 1738 49 29 18
921 1735 60 32 år.
1024 1737 171 30 Utskottet
1213 1736 60 30 vill
1290 1736 123 35 erinra,
1433 1738 49 28 att
1500 1735 85 30 riks-

79 1789 110 36 dagen
214 1789 144 35 tidigare
382 1789 10 29 i
420 1788 172 36 åtskilliga
616 1788 62 30 fall
707 1788 163 36 medgivit
899 1787 184 30 underhåll
1109 1786 34 31 åt
1170 1787 128 30 indelta
1325 1787 80 29 med
1432 1786 154 30 nämnda

79 1839 187 35 tjänstetid,
291 1840 115 29 därest
431 1839 204 30 behövande
660 1839 293 35 omständigheter
979 1838 177 30 befunnits
1183 1847 83 20 vara
1291 1837 55 30 för
1370 1837 140 30 handen
1540 1836 47 39 (se

84 1891 298 29 bankoutskottets
405 1890 201 30 utlåtanden
627 1899 40 20 nr
688 1890 40 29 34
750 1890 37 29 år
812 1891 93 33 1932,
927 1898 41 20 nr
990 1890 38 29 37
1053 1889 38 29 år
1115 1889 93 34 1933,
1231 1898 41 20 nr
1293 1889 39 29 37
1357 1887 38 30 år
1419 1888 81 29 1934
1523 1888 65 29 och

80 1950 41 20 nr
156 1941 42 29 36
234 1939 38 30 år
305 1939 111 38 1935).
473 1940 13 29 I
517 1940 149 34 enlighet
695 1940 145 29 härmed
871 1938 55 30 får
957 1939 165 29 utskottet
1155 1938 181 35 tillstyrka,
1371 1940 48 27 att
1452 1937 133 34 Thelin,

86 1990 126 36 Hjelm,
236 1985 128 41 Åkvist,
388 1991 118 34 Jason,
531 1990 116 35 Svärd,
671 1990 117 35 Brink,
814 1984 124 42 Öberg,
964 1989 88 36 Frej,
1078 1989 81 35 Sixt,
1184 1988 86 36 Käll,
1295 1987 294 30 Berntsson-Krus

79 2042 64 29 och
171 2037 154 39 Östberg,
352 2041 93 30 vilka
469 2041 158 35 samtliga
649 2040 143 30 befinna
817 2040 49 35 sig
892 2040 10 29 i
927 2040 204 29 behövande
1155 2039 303 35 omständigheter,
1483 2038 103 30 tiller-

80 2092 134 30 kännas
244 2091 183 31 underhåll
454 2090 79 31 från
560 2091 172 30 Vadstena
759 2091 379 35 krigsmanshuskassa,
1167 2090 110 29 ehuru
1304 2090 41 29 de
1375 2089 74 30 icke
1475 2088 112 36 tjänat

79 2142 54 30 för
154 2141 201 31 underhålls
377 2141 205 37 åtnjutande
604 2141 214 30 föreskriven
839 2141 59 30 tid.
943 2140 223 31 Underhållet
1186 2141 95 29 torde
1301 2140 85 29 böra
1407 2138 81 37 utgå
1507 2138 78 31 från

80 2193 65 30 och
165 2193 79 30 med
264 2193 66 29 den
352 2194 13 28 1
387 2193 63 35 juli
474 2194 92 28 1936.

125 2242 188 31 Underhåll
333 2242 34 31 åt
386 2244 41 29 de
446 2243 9 29 i
475 2243 216 29 motionerna
710 2242 45 30 II:
777 2243 63 28 463
861 2242 65 29 och
948 2242 63 29 560
1032 2241 149 35 angivna
1202 2240 23 30 f.
1244 2241 32 29 d.
1295 2241 196 29 soldaterna
1511 2240 75 29 Hed

79 2294 65 29 och
166 2293 135 30 Landin
323 2294 65 29 har
408 2293 172 35 avstyrkts
601 2302 42 20 av
664 2293 101 29 civila
787 2293 281 34 departementet,
1090 2292 83 28 enär
1195 2291 99 29 dessa
1314 2291 150 29 soldater
1483 2290 104 34 enligt

80 2344 288 35 departementets
397 2343 224 35 uppfattning
651 2343 74 29 icke
756 2342 142 29 befinna
930 2342 49 34 sig
1011 2341 8 29 i
1051 2341 203 29 behövande
1283 2340 302 35 omständigheter.

81 2390 93 33 Även
192 2394 164 29 utskottet
376 2393 64 30 har
461 2393 115 29 funnit
597 2393 91 29 Heds
707 2393 64 29 och
793 2392 153 29 Landins
966 2391 227 30 ekonomiska
1212 2390 161 34 ställning
1394 2390 54 29 för
1466 2391 121 28 närva-

81 2445 106 28 rande
206 2454 83 20 vara
311 2443 118 35 sådan,
451 2446 49 27 att
521 2442 101 36 något
643 2443 187 29 understöd
852 2442 74 29 icke
949 2451 100 26 synes
1070 2441 84 29 böra
1175 2441 223 29 tillerkännas
1419 2441 88 29 dem.
1531 2440 56 30 Ut-

82 2495 124 29 skottet
227 2494 54 30 får
303 2492 100 32 alltså
424 2494 163 35 avstyrka
609 2493 98 30 bifall
730 2493 51 29 till
801 2492 217 30 motionerna
1040 2492 43 29 II:
1107 2492 63 28 463
1193 2492 64 28 och
1280 2492 72 28 560.
