2200 2610
445 204 115 30 Andra
584 203 200 29 kammarens
811 202 106 35 tredje
941 199 167 39 tillfälliga
1133 200 133 29 utskotts
1289 198 165 31 utlåtande
1480 198 51 31 Nr
1560 201 27 27 7.
1785 200 37 28 19

213 287 109 39 tagits.
373 284 64 31 För
463 285 104 39 några
592 284 36 29 år
652 280 103 33 sedan
781 280 46 31 lät
853 279 219 32 Dalälvarnes
1090 278 332 41 flottningsförening
1439 277 63 32 och
1520 278 295 41 strömrensnings-

214 330 98 40 bolag
346 329 75 31 med
457 327 133 32 särskilt
619 324 243 33 konstruerade
886 327 176 38 apparater
1086 323 189 41 igångsätta
1301 323 214 41 upptagning
1540 333 39 20 ur
1603 325 46 29 ett
1674 322 9 31 i
1709 322 109 31 Daläl-

214 385 81 20 vens
320 373 168 41 mynning
512 372 131 40 beläget
666 369 278 40 virkesmagasin,
970 367 60 31 där
1054 367 134 31 timmer
1212 367 179 31 oavbrutet
1407 368 165 30 förvarats
1589 367 10 30 i
1617 371 79 28 över
1713 368 42 30 60
1771 368 47 30 år.

214 418 187 33 Resultatet
434 417 76 31 blev
544 414 196 38 emellertid,
766 416 48 29 att
838 423 80 21 man
943 411 158 41 lyckades
1126 412 37 30 få
1186 422 71 30 upp
1283 411 84 31 blott
1391 411 92 31 cirka
1508 412 64 31 200
1597 412 134 30 timmer
1755 411 62 32 och

214 464 91 31 cirka
339 463 65 31 200
430 461 90 31 kbm.
546 460 132 32 kolved.
728 459 100 31 Detta
853 458 37 30 så
915 456 194 41 påfallande
1134 455 194 41 obetydliga
1353 455 139 31 resultat
1516 466 42 20 av
1583 455 40 32 de
1648 455 76 31 med
1751 458 67 29 stor

214 510 141 38 apparat
379 507 188 39 igångsatta
594 503 155 32 försöken
775 512 59 30 ger
858 501 122 41 tydligt
1004 500 57 31 vid
1086 500 146 36 handen,
1258 503 49 27 att
1331 499 55 32 det
1403 500 150 40 sjunkna
1569 499 108 32 virket
1693 500 128 40 hastigt

215 556 119 36 gräver
364 550 65 31 ned
455 549 51 40 sig
530 549 9 30 i
565 548 67 41 dyn
658 547 80 31 eller
762 545 106 32 vallas
892 549 79 26 över
996 544 77 30 med
1098 543 85 31 sand
1209 544 63 31 och
1297 544 119 40 gyttja.
1465 543 138 31 Samma
1628 544 191 30 erfarenhet

215 606 107 20 vanns
359 594 57 31 vid
450 593 64 31 den
547 592 138 42 nyligen
720 588 209 34 verkställda
959 588 250 41 urtappningen
1235 598 42 20 av
1302 588 76 39 sjön
1404 586 204 41 ÅAldertjärn,
1634 597 70 21 som
1730 587 88 31 intill

217 641 86 30 förra
327 641 71 30 året
422 639 107 39 ingått
553 638 10 30 i
589 636 182 32 Dalälvens
797 633 127 32 flottled
950 632 62 32 och
1038 632 129 40 utgjort
1191 631 287 41 timmermagasin
1504 632 51 30 för
1578 632 152 30 Korsnäs
1748 633 70 39 såg-

215 683 309 43 verksanläggning
557 681 58 31 vid
648 680 129 31 Kastet.
826 677 148 32 Förlidet
1008 678 37 29 år
1069 676 113 31 leddes
1207 676 171 31 flottleden
1404 675 88 32 förbi
1518 676 86 40 sjön,
1629 676 114 31 vilken
1769 686 50 21 ur-

215 729 172 42 tappades.
436 730 30 29 ÅA
491 727 113 31 botten
628 724 167 32 räknades
822 723 62 30 100
912 723 132 30 timmer
1068 721 62 31 och
1156 721 90 31 cirka
1267 721 65 31 500
1349 720 137 41 stycken
1505 720 87 31 bitar
1609 731 42 21 av
1668 721 66 31 kol-
1755 721 63 31 och

216 773 192 38 massaved;
434 783 42 21 en
501 782 56 20 ren
583 769 231 41 obetydlighet
838 766 144 32 sålunda
1006 776 42 20 av
1073 765 65 32 den
1163 765 288 37 virkeskvantitet,
1477 775 73 21 som
1575 765 107 31 under
1699 765 120 32 årtion-

215 819 103 31 denas
343 818 80 41 lopp
448 818 106 30 måste
577 815 45 31 ha
646 813 131 43 sjunkit
801 813 43 40 på
868 811 111 31 denna
1003 810 98 41 plats.

325 863 106 31 Dessa
456 861 85 31 båda
567 858 153 41 exempel
745 868 40 30 ge
810 856 77 31 med
912 855 63 31 full
998 854 167 41 tydlighet
1190 853 55 33 vid
1271 853 145 38 handen,
1442 856 48 29 att
1514 853 55 31 det
1593 854 148 41 sjunkna
1758 853 60 32 vir-

216 909 56 31 ket
297 907 135 40 mycket
455 905 125 40 hastigt
604 903 190 32 försvinner
817 901 12 30 i
852 900 134 41 gyttjan
1011 899 10 30 i
1046 898 124 32 botten.
1219 898 283 31 Erfarenheterna
1525 898 77 31 från
1627 898 107 31 andra
1751 898 68 31 håll

215 954 43 40 gå
291 952 10 31 i
336 960 131 22 samma
492 948 158 40 riktning.
699 945 196 33 Förbundet
919 949 36 26 är
979 945 45 39 på
1047 943 111 41 grund
1184 943 105 31 härav
1314 953 42 21 av
1381 942 66 31 den
1471 942 274 41 uppfattningen,
1771 945 48 29 att

217 998 105 39 några
346 995 144 42 positiva
514 992 139 32 resultat
676 992 43 41 på
744 990 92 31 detta
860 987 137 33 område
1022 988 30 40 ej
1078 988 118 30 kunna
1213 988 69 30 nås.
1333 986 91 42 Vilja
1441 986 183 31 emellertid
1642 987 176 31 statsmak-

215 1045 95 28 terna
342 1042 53 30 för
427 1043 48 27 att
508 1039 34 30 få
574 1037 119 40 frågan
727 1033 174 43 grundligt
925 1032 121 32 utredd
1070 1032 57 31 det
1150 1032 115 32 oaktat
1288 1032 192 40 igångsätta
1504 1031 163 41 förnyade
1693 1032 123 37 försök,

216 1086 57 33 vill
308 1084 181 33 förbundet
522 1082 143 42 givetvis
694 1080 29 41 ej
757 1078 159 42 avstyrka
940 1076 123 42 dylika.
1112 1076 64 32 Det
1199 1076 62 31 har
1284 1077 39 40 ju
1347 1075 94 32 alltid
1466 1076 56 31 sitt
1546 1075 141 33 intresse
1711 1079 49 29 att
1784 1076 34 31 få

217 1142 40 21 en
282 1129 134 42 allsidig
439 1126 256 40 undersökning
719 1125 11 30 i
754 1124 103 32 saken
882 1121 193 33 verkställd.
1123 1121 60 32 Att
1207 1121 173 32 resultatet
1403 1130 42 22 av
1470 1120 111 32 denna
1602 1121 152 32 kommer
1771 1123 48 29 att

217 1176 45 31 bli
287 1176 162 40 negativt,
498 1178 93 26 därom
615 1176 37 26 är
676 1168 186 33 emellertid
885 1166 191 38 förbundet,
1102 1176 73 21 som
1200 1176 87 22 ovan
1312 1168 145 35 nämnts,
1484 1168 184 39 övertygat.

326 1219 75 31 Vad
426 1217 159 33 beträffar
608 1214 241 43 äganderätten
874 1212 50 32 till
948 1212 56 31 det
1028 1210 207 41 sjunkvirke,
1261 1220 73 22 som
1358 1210 183 31 eventuellt
1566 1212 107 29 under
1691 1213 126 29 statens

217 1264 207 33 medverkan
449 1263 66 31 kan
539 1262 135 30 komma
699 1262 48 29 att
771 1261 176 39 upptagas,
972 1256 52 31 får
1046 1255 182 32 förbundet
1251 1254 191 38 framhålla,
1467 1258 48 28 att
1540 1254 55 32 det
1618 1255 104 37 virke,
1743 1265 73 21 som

217 1310 150 32 befinnes
401 1318 81 22 vara
514 1308 44 40 på
591 1305 56 31 det
675 1307 65 28 sätt
764 1302 120 38 märkt,
911 1305 48 27 att
982 1305 123 36 ägaren
1130 1299 68 31 kan
1222 1299 192 37 fastställas,
1441 1299 59 31 bör
1523 1299 49 31 till
1597 1299 110 32 denne
1732 1299 86 32 efter

217 1354 128 41 avdrag
378 1364 43 20 av
451 1349 225 34 kostnaderna
699 1349 52 31 för
775 1345 233 44 upptagandet
1032 1344 221 32 överlämnas.
1302 1344 76 31 Vad
1404 1343 149 41 återigen
1578 1343 160 32 beträffar
1763 1343 56 32 det

217 1399 105 36 virke,
348 1398 11 30 i
383 1398 97 40 fråga
504 1406 54 20 om
583 1394 104 32 vilket
711 1398 124 35 ägaren
860 1391 30 40 ej
917 1391 67 30 kan
1009 1389 214 36 bestämmas,
1250 1388 69 37 bör,
1344 1389 12 30 i
1380 1388 335 31 överensstämmelse
1741 1388 76 31 med

216 1443 66 32 vad
306 1442 9 31 i
331 1442 56 31 det
400 1451 66 31 nya
482 1439 158 40 förslaget
652 1437 50 32 till
715 1436 55 41 lag
783 1446 55 22 om
852 1434 159 40 flottning
1030 1434 10 30 i
1058 1433 124 31 allmän
1200 1432 127 32 flottled
1345 1437 96 36 säges
1459 1432 209 32 beträffande
1685 1432 133 32 omärkt

216 1488 104 38 virke,
355 1482 364 45 försäljningsmedlen.
741 1482 51 31 för
816 1480 109 32 virket
949 1479 83 31 efter
1055 1477 128 41 avdrag
1207 1488 42 21 av
1273 1476 460 43 upptagningskostnaderna
1757 1477 62 31 till-

216 1533 81 31 falla
321 1528 372 44 flottningsföreningen
720 1527 54 31 för
798 1528 47 29 att
869 1524 155 41 tilläggas
1049 1522 41 32 de
1115 1521 127 39 fonder,
1268 1532 72 21 som
1365 1522 200 41 föreningen
1591 1522 105 41 enligt
1724 1532 94 32 nyss-

216 1574 143 35 berörda
382 1574 182 43 lagförslag
588 1578 79 36 äger
691 1570 101 33 bilda.
842 1568 133 32 Medlen
999 1568 138 31 komma
1160 1568 38 40 ju
1223 1567 199 41 härigenom
1446 1566 55 32 det
1521 1566 173 32 allmänna
1711 1566 109 32 direkt

216 1623 50 31 till
291 1621 88 42 godo
403 1621 11 30 i
439 1621 85 30 form
549 1629 42 20 av
616 1615 208 34 förbättrade
849 1612 197 43 byggnader
1071 1612 60 31 och
1158 1611 229 41 anordningar
1410 1611 11 31 i
1445 1611 182 32 flottleden.

325 1681 195 34 Stoekholm
545 1681 63 31 den
636 1681 20 30 5
681 1689 89 21 mars
798 1677 95 31 1918.

927 1747 184 32 Vördsamt

631 1811 222 35 SVERIGES
879 1800 524 43 SKOGSÄGAREFÖRBUND

895 1874 74 31 Nils
993 1873 149 39 Schager.

539 2288 166 26 Stockholm
740 2287 74 25 1918.
854 2284 105 33 Kungl.
985 2267 152 42 Hofboktr.
1152 2266 105 42 Iduns
1286 2279 229 35 'Tryckeri-A.-B.
