2204 2646
652 164 366 42 Bevillningsutskottets
1040 162 197 33 betänkande
1259 162 53 31 Nr
1335 162 53 31 35.

1067 242 209 47 Transport
1303 240 139 35 kronor

214 296 80 46 har,
335 297 49 47 på
425 299 75 32 sätt
541 294 273 37 statskontoret
846 293 190 50 uppgivit,
1065 292 122 49 enligt
1213 291 228 36 rikshuvud-

214 346 125 37 boken
366 346 162 49 utgjort:

215 410 40 34 år
286 408 96 36 19000
394 436 554 7 mossmsseesrer
616 403 11 54 a
639 403 69 54 serese
720 436 139 7 oersereserer
865 403 86 54 erna
978 405 140 36 kronor
1184 404 176 45 418,512:
1384 413 42 26 70

227 472 18 24 »
285 461 99 34 IOLO
392 488 558 7 oeeeerrrrrerssesoererrssrrerersrsrrnnserer
895 456 57 53 nns
1044 469 18 23 »
1188 456 174 46 580,840:
1383 465 42 26 85

226 524 19 23 PE
300 512 23 35 12
332 508 7 52 5
352 508 17 52 ÄR
391 540 557 6 UR
1042 520 19 24 »
1186 508 174 45 838,597:
1382 516 42 26 55

226 575 18 23 PD
285 564 97 34 FJ
353 559 21 54 52
392 591 556 6 RR
1042 572 18 23 »
1106 555 22 55 —
1148 559 213 47 1,518,466:
1384 567 41 26 10

214 619 99 30 samt
341 615 41 34 år
412 614 97 35 1918
534 642 414 7 oosmmsmsssmsmsessensrs
1043 623 19 24 »
1107 606 22 55 —
1149 611 212 46 1,181,282:
1383 620 41 25 71

346 697 293 49 Statskontoret,
682 711 82 23 som
805 697 299 49 approximativt
1143 696 185 37 beräknat
1368 695 74 37 för-

215 750 218 49 säljningen
460 750 121 36 under
610 753 40 33 år
680 751 97 35 1913
806 749 56 36 till
894 750 200 46 1,198,339
1123 747 141 37 kronor
1293 749 47 34 60
1365 752 76 42 öre,

214 814 115 24 varav
373 803 164 46 106,000
579 801 141 36 kronor
756 803 160 46 ansåges
944 806 194 30 motsvara
1166 799 72 37 den
1266 798 173 50 höjning,

214 866 82 24 som
325 852 134 37 inträtt
487 853 95 36 efter
609 852 74 37 den
714 855 17 33 1
763 851 224 50 september,
1016 851 229 46 framhåller,
1275 856 54 30 att
1358 850 84 47 följ-

215 905 169 49 aktligen
426 906 200 46 1,092,339
656 904 142 37 kronor
826 906 47 34 60
902 908 63 32 öre
993 903 179 49 utgjorde
1200 902 62 37 det
1290 902 149 50 belopp,

214 970 82 24 som
324 956 127 37 kunde
477 956 65 37 vid
571 969 48 24 en
648 955 277 51 approximativ
954 955 212 48 beräkning
1194 959 159 44 antagas
1377 968 64 22 an-

214 1008 90 49 giva
344 1008 73 37 den
453 1009 169 36 inkomst
651 1010 21 34 å
700 1007 415 48 överlåtelsestämplar,
1145 1019 82 23 som
1254 1006 119 36 under
1400 1008 40 34 år

216 1062 98 34 1913
344 1059 121 38 skulle
492 1060 97 36 hava
612 1058 161 38 kommit
787 1059 226 36 statsverket
1032 1058 57 36 till
1109 1057 112 50 godo,
1243 1070 60 23 om
1323 1058 117 47 ingen

214 1111 166 49 ändring
394 1111 121 36 sketti
526 1110 275 49 förordningen
816 1110 197 48 angående
1029 1123 47 23 en
1092 1109 161 36 särskild
1268 1109 172 48 stämpel-

215 1162 124 49 avgift
365 1162 64 37 vid
456 1163 76 48 köp
562 1163 71 36 och
661 1162 90 49 byte
780 1175 46 23 av
855 1161 249 49 fondpapper.

343 1214 85 36 Med
470 1215 150 35 erinran
662 1219 54 31 att
757 1213 116 37 sedan
908 1215 41 33 år
996 1214 96 35 1909
1122 1212 124 36 denna
1272 1211 169 36 inkomst

214 1265 146 37 således
387 1265 127 37 kunde
541 1265 190 37 beräknas
760 1265 97 36 hava
880 1264 108 37 vuxit
1007 1264 87 36 med
1114 1264 164 45 673,826
1298 1263 141 36 kronor

214 1318 49 35 90
291 1321 65 32 öre
384 1316 90 37 eller
501 1317 12 35 i
541 1316 179 37 medeltal
747 1329 68 37 per
843 1319 41 33 år
910 1315 165 49 ungefär
1105 1315 162 47 168,000
1288 1314 151 46 kronor,

214 1368 68 36 har
323 1368 97 37 dock
460 1368 275 36 statskontoret
774 1367 139 48 funnit,
955 1372 67 42 att,
1063 1369 50 48 på
1139 1366 126 49 grund
1294 1379 46 23 av
1368 1366 74 36 den

214 1426 118 31 matta
373 1420 205 48 stämning,
620 1433 82 23 som
740 1420 59 36 för
826 1419 63 37 det
917 1418 216 37 dåvarande
1160 1430 90 24 vore
1276 1417 164 37 rådande

213 1475 21 33 å
262 1471 340 48 fondmarknaden,
633 1471 64 37 det
724 1484 90 24 vore
834 1470 240 49 försiktigast
1093 1475 55 32 att
1166 1469 63 37 vid
1249 1469 190 36 framtids-

213 1523 255 48 beräkningar
492 1523 168 37 avrunda
688 1522 260 50 nyssnämnda
977 1521 243 49 sifferbelopp
1248 1521 111 36 nedåt
1382 1520 57 36 till

211 1574 165 49 ungefär
420 1575 164 47 150,000
626 1575 140 36 kronor
805 1574 71 36 och
918 1579 142 43 antaga
1100 1573 60 37 för
1196 1575 40 34 år
1268 1573 94 36 1915
1392 1585 46 23 en

212 1626 169 37 inkomst
409 1629 21 33 å
458 1626 421 50 överlåtelsestämplar:

213 1686 121 49 enligt
361 1686 102 36 äldre
490 1686 288 37 bestämmelser
812 1716 134 6 ........
914 1682 36 57 ...
977 1685 141 36 kronor
1149 1685 212 47 1,400,000:
1377 1705 50 5 —

213 1737 123 49 enligt
380 1739 98 35 1913
520 1737 184 49 vidtagen
745 1736 164 49 ändring
937 1737 13 36 i

264 1789 177 48 gällande
460 1788 230 50 förordning
706 1819 239 7 ....................
1038 1800 18 24 »
1188 1788 173 48 700,000:
1380 1807 43 6 —

792 1848 154 38 Summa
976 1850 141 36 kronor
1144 1850 215 46 2,100,000:
1380 1869 59 14 —.

343 1935 138 37 Vidare
523 1936 68 36 har
626 1936 274 37 statskontoret
927 1936 12 36 i
967 1936 108 49 fråga
1103 1949 62 23 om
1194 1934 246 38 förevarande

213 1987 252 37 inkomsttitel
505 1987 148 47 uttalat,
683 1992 55 32 att
773 1988 72 36 den
877 1988 13 36 i
918 1986 521 50 stämpelmedelsinkomsten

213 2038 188 49 ingående
435 2039 242 36 arvsskatten
705 2038 125 37 kunde
859 2052 110 24 anses
996 2039 13 35 i
1037 2038 272 47 ovanberörda,
1337 2038 104 35 inom

212 2090 426 49 finansdepartementet
683 2090 225 49 upprättade
950 2090 170 37 statistik
1160 2094 281 44 representeras

214 2154 47 23 av
302 2141 45 36 de
389 2141 58 37 för
487 2141 357 50 bouppteckningar
881 2142 71 36 och
988 2146 254 32 testamenten
1274 2140 167 49 angivna

211 2192 140 50 belopp
379 2193 90 37 eller

1062 2252 209 49 Transport
1298 2252 141 36 kronor

1753 160 19 31 9

1495 239 241 47 40,350,000:
1754 259 47 4 —

1494 2253 238 46 40,350,000:
1751 2272 49 5 —

301 2312 130 43 Bihang
455 2314 48 32 till
526 2323 114 23 senare
662 2312 187 44 riksdagens
866 2312 159 42 protokoll
1042 2313 94 31 1914.
1184 2313 21 30 7
1227 2311 89 33 saml.
1362 2312 43 32 29
1428 2310 80 42 häft.
1551 2310 68 41 (Nr
1640 2311 68 39 35)
1751 2311 19 31 2
