1890 2848
301 147 111 29 Första
433 149 194 29 kammarens
646 157 117 29 första
786 153 167 35 tillfälliga
972 154 138 30 utskotts
1130 156 163 29 utlåtande
1315 157 48 28 Nr
1390 162 47 25 10.
1611 160 16 30 7

112 235 129 28 ansetts
269 232 217 40 erforderligt
514 239 50 28 att
591 236 66 32 låta
687 237 333 41 kyrkobokföringen
1048 246 151 33 upptaga
1227 242 67 32 alla
1324 244 39 31 de
1390 243 238 39 förändringar

113 273 88 32 inom
223 274 243 34 vederbörande
488 277 250 40 församlingar,
761 292 68 20 som
853 286 65 33 äga
939 294 71 20 rum
1033 284 122 31 melian
1180 285 343 38 församlingsbokens
1546 287 81 31 revi-

113 316 52 31 ög
273 317 54 31 för
341 319 93 36 varje
451 320 47 31 år.
536 320 101 33 Detta
656 322 209 33 förhållande
881 324 62 32 har
957 325 56 32 vid
1030 325 176 39 åtskilliga
1224 327 162 32 tillfällen
1402 328 99 32 känts
1519 330 107 30 såsom

112 369 39 21 en
195 359 71 32 brist.

157 400 65 33 Det
242 402 11 31 i
276 401 192 33 Stockholm
488 404 99 32 sedan
609 406 60 31 den
691 408 16 29 1
728 407 62 37 juli
812 409 85 31 1926
917 409 134 32 införda
1072 414 160 34 systemet
1252 412 72 32 med
1346 424 38 20 en
1405 413 220 38 fortlöpande,

112 443 15 31 å
157 442 75 33 kort
258 445 76 31 förd
360 446 217 38 registrering
604 459 41 20 av
670 448 239 40 befolkningen
935 451 60 32 har
1019 452 196 33 tillkommit
1241 454 54 32 för
1321 458 51 28 att
1395 455 11 31 i
1433 455 192 33 Stockholm

111 486 231 39 åvägabringa
366 500 38 19 en
429 489 224 39 överskådlig,
676 491 57 32 vid
755 493 93 37 varje
871 493 160 38 tidpunkt
1053 495 106 38 riktig
1183 496 69 32 bild
1276 509 42 19 av
1341 497 284 39 befolkningsför-

111 528 211 33 hållandena.
366 530 67 33 Vid
452 531 309 35 bestämmelsernas
780 535 219 34 utarbetande
1019 537 86 33 hava
1126 538 167 33 lärdomar
1311 539 148 34 hämtats
1480 541 76 32 från
1578 553 47 20 re-

111 570 63 32 dan
197 571 180 39 befintliga
400 573 217 39 folkregister
639 576 11 31 i
674 575 78 33 Oslo
774 577 61 32 och
858 578 231 38 Köpenhamn.
1133 580 67 33 Det
1222 581 210 40 förutsättes,
1454 587 51 28 att
1527 584 98 38 flytt-

110 613 120 38 ningar
253 615 95 32 såväl
368 615 89 33 inom
481 616 284 40 församlingarna
788 631 69 20 som
879 621 121 33 mellan
1023 622 90 32 olika
1136 623 242 39 församlingar
1398 626 150 32 anmälas
1570 627 55 31 till

110 656 245 33 vederbörande
388 658 437 41 registreringsmyndighet
857 662 89 32 inom
979 664 69 32 viss
1079 664 78 33 kort
1189 666 60 32 tid.
1304 667 122 38 Enligt
1456 669 65 32 vad
1553 679 69 22 som

109 698 174 38 uppgivits
306 700 78 32 från
408 700 202 40 Stockholm,
632 703 163 38 fullgöres
818 706 105 31 denna
943 706 412 41 anmälningsskyldighet
1375 710 161 38 tämligen
1555 711 67 32 till-

110 741 271 41 fredsställande,
410 743 115 32 oaktat
553 744 224 39 bötespåföljd
805 747 53 32 för
886 747 231 34 försummelse
1144 750 202 33 härutinnan
1373 752 73 33 icke
1474 758 38 27 är
1538 754 84 32 före-

109 783 143 40 skriven,
275 786 108 30 såsom
408 786 98 32 fallet
529 791 37 27 är
587 788 199 38 exempelvis
808 790 11 30 i
843 789 232 39 Köpenhamn.
1120 792 65 32 Det
1208 793 197 33 framhålles
1429 792 192 47 emellertid,

108 830 50 28 att
181 827 300 33 mantalskontoret
505 829 62 33 allt
593 830 177 33 emellanåt
793 832 175 38 påträffar
992 833 63 32 fall
1080 846 42 20 av
1146 835 207 33 försummad
1379 837 242 39 flyttningsan-

108 868 121 39 mälan,
251 870 10 31 i
285 870 86 37 följd
393 882 104 20 varav
518 872 156 33 utfärdas
697 873 139 33 kallelse
858 878 50 30 att
930 875 186 34 verkställa
1138 878 205 38 anmälning.
1389 879 123 33 Genom
1537 893 84 20 sam-

106 911 112 32 arbete
240 912 73 32 med
335 912 105 33 andra
463 914 234 38 myndigheter
718 916 143 32 erhåller
881 918 302 34 mantalskontoret
1203 921 186 39 uppgifter,
1413 934 68 20 som
1504 925 116 32 under-

106 953 85 32 lätta
212 956 257 36 uppspanandet
488 968 41 19 av
551 957 124 33 sådana
696 958 224 35 försummade
941 961 245 39 anmälningar.
1228 963 72 32 Den
1322 962 297 47 omständigheten,

106 1001 50 27 att
180 997 260 38 registreringen
463 998 87 33 föres
572 1000 18 31 å
612 999 85 39 kort,
719 1001 209 33 underlättar
948 1003 10 31 i
980 1003 187 39 betydande
1188 1006 83 37 grad
1292 1006 128 33 arbetet
1440 1009 73 32 med
1535 1010 83 37 regi-

106 1039 196 38 streringen.

150 1081 63 32 Att
232 1082 11 31 i
265 1082 92 32 detta
377 1083 240 38 sammanhang
638 1084 110 33 lämna
769 1087 207 37 redogörelse
998 1088 53 32 för
1073 1089 59 32 den
1153 1090 190 39 utredning,
1365 1103 68 20 som
1455 1092 90 39 legat
1565 1094 53 32 till

104 1124 108 36 grund
235 1124 53 32 för
310 1124 39 32 de
372 1137 67 26 nya
461 1125 291 35 bestämmelserna
776 1129 139 32 rörande
940 1130 60 32 den
1022 1131 102 32 civila
1147 1131 298 41 folkbokföringen
1467 1135 11 31 i
1503 1135 113 33 Stock-

103 1166 99 39 holm,
224 1167 93 31 torde
338 1166 74 33 icke
433 1179 80 20 vara
535 1168 225 40 erforderligt,
783 1174 81 28 utan
885 1171 159 34 hänvisas
1065 1173 115 33 härom
1201 1175 53 31 till
1278 1175 211 35 Stockholms
1511 1179 105 32 stads-

104 1208 234 39 fullmäktiges
361 1209 136 38 tryckta
518 1210 211 40 handlingar,
752 1213 170 38 nämligen
944 1215 380 35 rotemanskommitténs
1347 1219 207 34 betänkande
1575 1233 42 20 av

104 1251 60 31 den
190 1252 39 31 19
254 1252 184 38 september
463 1253 83 32 1923
576 1252 289 41 (stadskollegiets
890 1257 195 33 utlåtanden
1109 1259 60 32 och
1192 1261 171 31 memorial
1388 1262 38 31 år
1450 1264 94 37 1923,
1569 1263 47 32 bi-

102 1293 124 38 hanget
249 1306 39 19 nr
312 1293 75 39 40),
413 1296 178 37 yttranden
616 1301 76 28 över
717 1309 126 21 samma
868 1298 208 35 betänkande
1105 1299 289 42 (stadskollegiets
1420 1304 195 34 utlåtanden

103 1336 60 32 och
179 1337 171 32 memorial
367 1338 37 31 år
423 1338 93 38 1924,
534 1339 159 38 bihanget
710 1352 38 19 nr
767 1340 57 39 10)
848 1346 86 27 samt
952 1343 271 39 stadskollegiets
1241 1346 174 32 utlåtande
1434 1352 77 27 över
1529 1360 83 20 sam-

102 1389 51 20 ma
175 1378 209 34 betänkande
409 1378 287 41 (stadskollegiets
717 1382 196 33 utlåtanden
934 1384 59 32 och
1013 1386 172 32 memorial
1205 1387 37 31 år
1264 1388 95 38 1925,
1380 1400 41 20 nr
1440 1387 73 41 82).

146 1419 108 33 Sedan
273 1421 61 32 den
353 1433 69 26 nya
442 1422 181 38 ordningen
644 1424 53 31 för
716 1424 60 32 den
796 1425 101 32 civila
917 1426 295 39 folkbokföringen
1232 1429 11 31 i
1265 1429 192 33 Stockholm
1478 1443 135 21 numera

101 1463 103 31 under
222 1464 104 37 några
345 1464 39 30 år
400 1464 89 32 varit
505 1465 11 31 i
535 1465 65 31 full
618 1465 227 40 tillämpning,
863 1468 103 38 torde,
985 1469 104 32 såvitt
1108 1470 38 31 de
1164 1470 215 39 sakkunniga
1396 1477 55 28 äro
1470 1478 67 28 rätt
1555 1487 58 19 un-

100 1504 198 40 derrättade,
320 1505 134 38 enighet
474 1518 43 20 nu
541 1507 80 32 råda
643 1508 123 39 därom,
787 1513 50 28 att
860 1514 159 34 systemet
1039 1511 162 38 fungerar
1223 1513 81 33 fullt
1323 1515 289 33 tillfredsställan-

100 1547 48 37 de,
167 1548 58 31 och
243 1552 50 28 att
311 1548 182 32 detsamma
513 1553 37 27 är
567 1549 143 33 bestämt
727 1551 189 38 överlägset
933 1552 144 39 tidigare
1095 1554 196 39 tillämpade
1310 1561 124 33 system
1454 1558 53 32 för
1526 1559 85 31 folk-

99 1589 179 38 bokföring
299 1590 11 31 i
334 1589 203 34 Stockholm.
582 1592 233 33 Kostnaderna
838 1594 53 32 för
912 1595 181 32 detsamma
1115 1608 101 26 synas
1236 1598 73 32 icke
1331 1599 104 33 heller
1454 1612 81 21 vara
1556 1613 55 20 an-

99 1632 273 38 märkningsvärt
394 1633 97 37 höga.

143 1674 50 33 De
216 1675 190 38 sakkuniga
428 1675 95 32 finna
544 1676 116 32 därför
682 1677 73 32 skäl
776 1678 71 32 tala
869 1679 53 32 för
942 1683 51 28 att
1015 1692 125 21 samma
1163 1686 124 33 system
1308 1683 148 33 kommer
1475 1685 53 32 till
1550 1686 60 32 all-

98 1722 75 26 män
192 1717 216 38 användning
426 1723 76 26 över
519 1718 73 32 hela
611 1719 96 33 riket.
726 1720 131 33 Därvid
875 1722 105 33 måste
998 1723 83 32 dock
1099 1724 92 32 vissa
1208 1726 276 33 modifikationer
1500 1733 109 34 göras,

97 1760 44 36 på
158 1760 108 37 grund
285 1771 42 20 av
345 1763 50 29 att
414 1760 253 33 förhållandena
684 1763 12 30 i
713 1762 192 33 landsorten
924 1769 55 27 äro
997 1765 187 33 avvikande
1203 1767 76 32 från
1298 1769 71 31 dem
1388 1769 11 31 i
1418 1769 191 34 Stockholm

97 1802 59 31 och
175 1802 90 32 vissa
284 1802 164 33 olikheter
465 1803 80 32 råda
564 1804 121 31 mellan
704 1805 109 32 lands-
833 1807 60 31 och
913 1807 297 34 stadskommuner.

143 1844 93 32 Enär
253 1848 48 28 ett
318 1844 234 39 folkregisters
570 1846 253 33 användbarhet
841 1848 109 33 skulle
968 1849 90 39 ökas,
1078 1850 113 33 därest
1210 1852 184 34 detsamma
1409 1854 128 34 komme
1555 1858 52 29 att

98 1887 143 31 omfatta
263 1887 138 31 relativt
423 1891 89 28 stora
535 1888 165 39 områden,
725 1889 124 33 föreslå
872 1891 40 31 de
933 1891 223 39 sakkunniga,
1178 1897 51 29 att
1251 1895 259 39 registreringen
1534 1910 71 19 cen-

98 1928 171 32 traliseras
289 1929 126 31 länsvis
436 1929 58 31 och
514 1930 172 38 förlägges
706 1931 53 32 till
780 1932 292 39 länsstyrelserna.
1116 1930 168 44 Göteborg
1304 1938 60 31 och
1385 1938 122 33 Malmö
1526 1940 79 32 böra

96 1970 83 32 dock
200 1971 72 31 med
293 1971 130 37 hänsyn
447 1971 53 32 till
522 1972 49 31 sin
594 1973 125 31 storlek
739 1977 121 34 utgöra
883 1975 248 39 självständiga
1154 1974 405 47 registreringsområden.

142 2054 66 32 Det
231 2055 199 32 förutsättes
454 2055 175 39 dessutom,
653 2061 50 28 att
727 2057 58 32 den
809 2060 193 32 nuvarande
1025 2060 334 41 kyrkobokföringen
1384 2064 147 34 kommer
1554 2070 52 28 att

96 2096 194 34 bibehållas,
312 2097 60 32 och
392 2098 107 37 någon
523 2098 204 39 försämring
749 2100 53 32 för
822 2100 238 34 kommunerna
1082 2103 148 33 kommer
1250 2106 106 32 under
1376 2107 79 38 inga
1479 2108 123 32 förhål-

96 2138 118 31 landen
236 2142 52 28 att
310 2144 66 33 äga
399 2151 82 26 rum,
505 2140 112 33 därest
639 2142 59 31 den
721 2143 99 32 civila
847 2144 296 39 folkbokföringen
1165 2148 165 32 anordnas
1352 2149 43 37 på
1420 2150 53 31 det
1498 2162 42 20 av
1564 2151 38 32 de

96 2180 212 40 sakkunniga
330 2182 192 36 föreslagna
544 2187 111 28 sättet.
700 2184 153 33 Givetvis
875 2187 70 31 står
968 2187 53 31 det
1044 2188 163 37 därjämte
1228 2189 264 39 ifrågavarande
1512 2192 89 32 kom-

95 2234 114 19 muner
230 2227 99 34 öppet
350 2228 52 27 att
421 2224 166 32 bibehålla
610 2226 37 31 de
669 2227 154 37 speciella
845 2228 227 38 anordningar
1094 2231 73 31 med
1190 2231 259 39 adressregister
1471 2246 28 20 o.
1521 2235 79 37 dyl.,

96 2276 65 19 som
184 2265 36 31 de
241 2265 113 31 kunna
376 2266 93 31 finna
490 2279 81 20 vara
592 2268 54 30 för
666 2269 58 31 sitt
745 2269 104 32 behov
869 2270 189 38 påkallade.

138 2347 74 31 Vad
233 2349 150 31 därefter
401 2350 106 35 angår
526 2351 374 39 mantalsskrivningen,
920 2353 58 32 bör
997 2355 107 31 såsom
1128 2356 122 32 hittills
1272 2357 128 37 årligen
1424 2363 175 34 upprättas

94 2390 247 37 mantalslängd
365 2391 9 30 i
397 2392 92 36 syfte
511 2396 49 28 att
583 2393 121 32 fastslå
727 2394 256 39 befolkningens
1007 2396 189 33 bostadsort
1218 2399 56 31 vid
1298 2400 188 33 årsskiftet.
1532 2402 66 31 Naå-

93 2443 61 23 gon
177 2432 142 37 ändring
338 2433 7 30 i
369 2434 380 38 mantalsskrivningens
770 2437 278 37 grundläggande
1068 2439 170 38 betydelse
1260 2441 53 31 för
1331 2442 267 39 beskattningen,

92 2473 253 32 hemortsrätten
368 2475 6 30 i
394 2476 401 41 fattigvårdshänseende,
816 2483 175 28 rösträtten
1013 2493 27 19 o.
1060 2481 69 37 dyl.
1146 2482 220 36 ifrågasättes
1384 2485 116 32 därför
1515 2486 83 32 icke.

1630 2375 142 29 Andringar
1790 2378 5 21 i

1639 2409 152 24 förfarandet

1625 2442 38 23 vid
1684 2444 119 22 mantals-

1646 2476 137 30 skrivning.
