1906 2832
510 179 118 31 Andra
652 180 239 37 lagutskottets
917 181 176 32 utlåtande
1117 184 49 30 Nr
1189 185 49 30 51.
1611 185 18 30 öd

123 260 177 38 jämförlig
326 262 165 31 arbetare.
519 262 108 32 Såvitt
652 264 315 37 försäkringsrådet
991 266 135 33 kunnat
1154 268 98 31 finna
1279 273 114 33 syntes
1421 271 207 32 riksförsäk-

120 311 265 37 ringsanstalten
403 314 143 30 därmed
562 315 91 29 hava
669 313 128 38 åsyftat
814 316 121 30 endast
952 317 66 30 den
1034 318 170 31 skadades
1221 319 131 37 fysiska
1370 321 259 38 förutsättning-

123 372 38 21 ar
185 364 56 30 för
262 366 49 28 att
335 364 119 31 kunna
479 365 118 31 arbeta
622 366 66 30 och
713 366 75 30 icke
814 367 88 30 hans
925 368 278 38 arbetsvillighet.

168 414 114 37 Enligt
298 416 182 30 utskottets
497 416 139 37 mening
653 417 63 30 bör
731 435 44 3 —
793 416 115 32 såsom
926 419 65 30 ock
1007 418 107 38 några
1130 430 43 20 av
1190 421 41 30 de
1248 422 110 31 hörda
1375 420 252 46 myndigheter-

123 474 45 21 na
187 468 112 35 antytt
318 484 44 3 —
380 467 172 30 storleken
570 477 42 21 av
633 468 188 37 ersättning
842 478 120 22 varom
981 471 64 29 här
1065 472 37 29 är
1124 470 99 38 fråga
1244 473 209 32 bestämmas
1476 476 80 30 med
1577 480 51 27 ut-

123 517 220 37 gångspunkt
369 518 79 31 från
474 520 56 29 det
556 529 80 21 men
663 520 66 30 den
755 521 154 30 skadade
934 522 69 30 kan
1030 522 36 31 få
1092 533 42 20 av
1161 524 217 36 olycksfallet
1406 527 81 30 eller
1512 524 115 45 yrkes-

123 567 209 37 sjukdomen
357 569 56 31 vid
437 570 52 30 sin
514 570 215 38 försörjning
751 572 87 30 efter
861 572 240 38 frigivningen.
1129 575 12 29 I
1166 576 185 37 anledning
1375 578 108 31 härav
1507 579 39 30 är
1573 581 56 29 det

123 629 42 20 av
186 620 81 36 vikt,
289 623 48 28 att
357 621 58 30 vid
434 622 65 29 den
520 622 180 37 prövning,
721 632 74 21 som
816 624 88 30 skall
926 626 64 35 äga
1011 635 87 27 rum,
1118 627 111 36 skälig
1250 629 136 36 hänsyn
1409 633 89 33 tages
1519 631 31 36 ej
1571 641 57 20 en-

123 670 78 31 dast
222 671 51 30 till
295 672 66 29 den
382 672 170 31 skadades
576 673 134 36 fysiska
733 674 288 38 förutsättningar
1041 677 57 30 för
1117 679 117 30 arbete
1255 682 83 28 utan
1360 682 87 29 även
1469 682 50 30 till
1540 683 88 30 hans

122 720 268 38 arbetsvillighet
409 723 65 29 och
492 723 211 37 egenskaper
724 724 10 30 i
754 725 119 37 övrigt,
895 726 92 31 vilka
1005 728 120 31 kunna
1145 739 82 21 vara
1246 740 43 21 av
1307 732 173 36 betydelse
1498 733 55 31 för
1570 734 56 30 be-

123 771 172 31 dömande
319 782 43 21 av
387 773 88 30 hans
501 773 217 37 möjligheter
743 775 49 30 till
816 776 154 31 inkomst
994 787 41 21 av
1063 779 275 33 förvärvsarbete
1364 783 86 30 efter
1478 784 55 30 det
1557 785 71 30 han

123 822 140 32 återfått
281 823 157 32 friheten.
460 825 265 38 Utformningen
744 837 41 20 av
803 828 57 30 det
878 829 196 37 föreslagna
1093 832 204 36 stadgandet
1315 843 100 27 synes
1435 835 75 30 icke
1529 836 98 37 lägga

123 873 125 31 hinder
264 875 11 29 i
293 876 107 35 vägen
419 875 55 31 för
492 886 41 20 en
552 877 96 36 dylik
668 878 134 37 allsidig
821 880 170 37 prövning
1010 891 42 21 av
1070 882 266 34 förhållandena
1355 886 10 30 i
1384 887 56 30 det
1458 887 168 33 särskilda

123 924 105 32 fallet.
249 925 78 31 Med
345 926 136 37 hänsyn
503 928 114 30 härtill
639 929 115 30 finner
774 931 165 31 utskottet
959 932 51 37 sig
1030 934 119 31 kunna
1167 936 148 37 godtaga
1336 937 161 38 förslaget
1517 939 10 30 i
1547 940 79 30 den-

123 985 44 21 na
186 976 63 30 del.

166 1026 14 30 I
204 1026 110 37 övrigt
336 1028 63 29 har
422 1028 191 32 detsamma
634 1030 32 37 ej
688 1030 83 37 givit
791 1033 187 38 anledning
1001 1035 48 30 till
1072 1037 138 31 erinran
1234 1038 79 31 från
1336 1041 181 31 utskottets
1541 1042 84 31 sida.

168 1076 170 32 Utskottet
356 1077 55 31 får
429 1079 118 30 därför
565 1081 193 37 hemställa,

474 1159 48 28 att
545 1157 184 37 riksdagen
752 1159 105 31 måtte
879 1161 120 32 bifalla
1021 1162 228 34 förevarande
1271 1168 223 35 proposition.

166 1255 199 31 Stockholm
387 1257 66 30 den
475 1259 16 28 7
513 1257 63 37 juli
599 1259 94 31 1942.

573 1359 48 31 På
641 1361 109 30 andra
769 1362 238 36 lagutskottets
1028 1366 141 36 vägnar:

688 1446 136 30 DAVID
851 1447 198 32 NORMAN.

166 1722 53 25 Vid
236 1722 130 25 ärendets
384 1723 172 33 behandling
574 1724 73 25 hava
666 1725 136 25 närvarit:

165 1772 64 26 från
265 1773 134 26 första
433 1775 177 25 kammaren:
637 1776 98 25 herrar
764 1777 135 31 Norman,
928 1778 110 31 Linder,
1066 1780 107 31 Tamm,
1202 1781 150 32 Forslund,
1383 1784 150 30 Wistrand,
1559 1785 67 32 Olof

122 1814 141 32 Carlsson,
287 1816 103 25 Strand
415 1817 53 24 och
493 1817 204 31 Holstenson;"

165 1865 64 25 från
258 1867 124 24 andra
412 1868 177 24 kammaren:
612 1869 101 24 fröken
734 1871 177 31 Hesselgren,
934 1872 63 23 herr
1020 1874 85 29 Hage,
1127 1874 100 24 fröken
1251 1876 169 28 Andersson,
1446 1877 63 24 herr
1531 1877 93 28 Holm,

121 1908 44 24 fru
190 1908 173 30 Johansson,
386 1911 97 22 herrar
506 1909 121 26 Larsson
651 1911 6 24 i
680 1907 155 29 Östersund
860 1914 53 22 och
936 1914 123 24 Jansson
1084 1915 5 23 i
1115 1915 166 26 Hällefors.

166 1984 12 14 +
203 1985 31 30 Ej
255 1985 176 24 närvarande
451 1986 45 24 vid
517 1986 171 25 utlåtandets
711 1988 145 31 justering.

1573 2553 14 23 d&

155 2545 110 31 Bihang
276 2546 41 25 till
329 2546 165 31 riksdagens
506 2547 145 30 protokoll
667 2549 71 24 1942.
771 2549 15 21 9
804 2550 79 24 saml.
913 2550 15 23 2
941 2550 54 23 avd.
1027 2550 37 24 Nr
1077 2552 39 22 51.
