2212 2632
403 206 40 29 32
920 207 254 28 Bankoutskottets
1197 206 146 29 utlåtande
1366 206 47 29 Nr
1436 207 51 28 21.

592 286 222 36 Nuvarande
843 286 141 46 lydelse:

401 359 62 35 det
492 371 90 23 ovan
611 359 189 35 bestämda
826 358 343 47 pensionsbeloppet

403 412 81 35 med
504 424 43 22 en
567 411 299 35 trettiofemtedel
886 409 59 37 för
959 412 97 45 varje
1071 415 97 30 över-

402 464 193 47 skjutande
623 462 154 49 tjänstår
801 464 86 35 eller
916 464 68 35 ock
1012 463 83 35 med
1125 475 42 24 en

402 518 244 36 sextiondedel
688 516 56 37 för
785 518 97 47 varje
916 516 252 48 överstigande

401 572 168 44 åldersår,
600 572 120 35 därest
749 571 98 36 detta
867 571 224 35 sistnämnda
1110 571 58 35 be-

401 625 246 47 räkningssätt
676 625 114 34 skulle
819 625 56 34 för
894 624 274 35 avskedssökan-

402 677 70 35 den
502 676 256 48 förmånligare
787 677 139 35 utfalla.

733 757 22 47 8
788 757 57 36 80.

509 821 57 34 Då
595 820 128 35 sådant
742 820 56 35 för
817 818 227 49 göromålens
1063 818 106 35 säkra

403 873 66 36 och
503 873 261 47 skyndsamma
792 874 97 45 gång
917 872 116 35 finnes
1062 872 107 35 erfor-

403 926 142 46 derligt,
584 927 123 34 kunna
745 924 227 47 fullmäktige
1005 923 47 48 på
1085 936 85 35 pen-

402 980 168 35 sionsstat
615 979 163 47 förflytta
824 977 344 49 tjänstinnehavare,

402 1046 77 23 som
508 1046 44 22 av
571 1033 167 47 sjukdom
755 1032 86 35 eller
856 1031 165 36 minskad
1037 1031 131 35 arbets-

401 1085 163 48 förmåga
594 1093 39 28 är
661 1085 210 36 förhindrad
900 1090 55 30 att
982 1085 122 34 vidare
1125 1086 45 45 på

402 1144 52 31 ett
482 1139 331 35 tillfredsställande
842 1140 68 33 sätt
938 1150 120 36 gagna
1081 1138 89 35 riks-

402 1193 157 43 banken,
588 1193 126 34 oaktat
733 1193 72 33 han
827 1193 31 45 ej
877 1191 140 34 anmält
1037 1191 54 46 sig
1111 1203 59 23 om

405 1246 140 36 avsked.
603 1245 16 35 I
653 1246 126 35 sådant
811 1245 65 35 fall
905 1251 67 40 äga
1000 1243 171 36 fullmäk-

404 1300 74 48 tige
490 1300 148 35 attefter
649 1297 357 48 omständigheterna
1017 1297 155 48 tillägga

405 1353 80 44 den,
498 1365 75 23 som
586 1352 185 44 avskedas,
788 1353 170 46 antingen
973 1352 80 35 hela
1065 1352 106 34 lönen

405 1407 14 34 i
434 1406 157 48 pension,
607 1406 89 35 evad
711 1405 43 36 de
770 1405 222 36 föreskrivna
1011 1404 159 35 levnads-

405 1460 68 35 och
510 1457 221 49 tjänsteåren
770 1464 62 29 äro
862 1458 194 47 uppnådda
1085 1457 87 35 eller

404 1513 92 44 icke,
527 1512 85 35 eller
640 1512 67 35 ock
735 1524 45 23 en
800 1511 58 36 del
877 1524 46 22 av
942 1511 118 41 lönen,
1081 1510 92 36 dock

406 1567 32 45 ej
478 1565 139 35 mindre
654 1569 43 31 än
727 1564 70 35 vad
826 1565 83 35 med
936 1564 237 46 tillämpning

405 1631 47 23 av
489 1618 319 36 bestämmelserna
840 1618 12 34 i
880 1617 295 47 nästföregående

405 1672 166 48 paragraf
599 1671 156 48 belöper.

511 1724 118 36 Finna
671 1724 232 48 fullmäktige
938 1722 236 48 erforderligt

405 1781 53 34 att
504 1777 155 49 tidigare
701 1781 45 32 än
785 1778 11 34 i
826 1777 18 49 $
874 1778 50 36 78
954 1777 145 48 angives
1128 1778 45 46 på

405 1833 240 47 pensionsstat
687 1831 193 47 överflytta
909 1830 264 36 verkställande

406 1885 321 47 styrelseledamot,
755 1884 123 35 vilken
894 1884 119 35 tillika
1029 1887 39 31 är
1082 1884 91 46 tjän-

407 1943 138 31 steman
575 1938 11 34 i
610 1937 231 45 rikgbanken,
859 1940 66 45 äga
940 1935 233 48 fullmäktige

406 1995 66 41 att,
515 1991 121 36 såvida
673 1993 74 33 han
776 1991 114 35 under
917 1991 112 35 minst
1056 1990 51 34 tio
1136 1991 38 34 år

407 2046 211 47 tjänstgjort
660 2046 117 35 såsom
809 2043 265 37 verkställande
1103 2045 71 45 sty-

406 2098 264 44 relseledamot,
716 2098 116 47 enligt
867 2098 41 35 de
937 2098 12 34 i
977 2096 18 49 $
1028 2098 46 35 79
1106 2097 68 35 och

409 2153 116 35 denna
554 2150 173 50 paragraf
752 2151 158 48 angivna
940 2149 157 49 grunder
1116 2150 57 35 be-

408 2206 109 34 räkna
546 2205 342 48 pensionsbeloppet
902 2205 92 35 efter
1011 2204 68 35 den
1099 2204 74 42 lön,

409 2271 78 24 som
524 2257 58 37 för
615 2259 102 48 dylik
745 2259 159 36 ledamot
932 2264 38 29 är
997 2256 174 37 bestämd.

1437 285 214 45 Föreslagen
1680 284 139 47 lydelse:

1543 743 170 52 (Utgår)
