2226 2630
440 161 19 29 4
848 159 346 33 Jordbruksutskottets
1218 159 164 33 utlåtande
1408 161 52 30 Nr
1484 163 50 28 60.

399 238 126 36 landet
554 251 46 22 av
631 251 45 22 en
712 232 118 54 dylik”
850 237 162 37 särskild
1047 238 381 48 befattningshavare
1461 238 90 37 böra
1581 239 231 36 åtminstone
1842 241 59 35 för
1930 245 86 31 när-

398 288 165 37 varande
596 288 187 37 undvikas
812 289 72 36 och
914 289 64 36 vill
1007 289 161 37 hänvisa
1199 289 54 37 till
1282 290 73 35 den
1386 290 103 48 hjälp
1518 303 47 22 av
1596 291 7 35 i
1639 292 267 47 agronomiskt
1926 292 89 36 hän-

397 339 137 37 seende
577 342 151 34 erfarna
770 340 71 37 och
878 340 245 48 sakkunniga
1151 354 192 35 personer,
1376 355 80 22 som
1486 341 273 50 länsstyrelsen
1787 342 70 36 bör
1885 344 129 36 kunna

397 393 175 34 förvärva
618 404 140 36 genom
801 398 54 30 att
898 392 58 36 för
996 392 267 49 besiktningar
1307 406 46 23 m.
1400 407 48 21 m.
1493 394 116 36 anlita
1653 393 362 49 hushållningssäll-

397 444 155 47 skapats
582 443 453 48 jordbrukskonsulenter
1064 444 70 35 och
1163 445 361 48 vandringsrättare.
1583 446 72 35 Vid
1685 458 106 23 resor
1819 448 49 46 på
1888 447 126 47 grund

397 508 46 22 av
471 495 118 35 härav
619 495 223 36 föranledda
870 495 178 50 uppdrag
1076 495 94 36 böra
1198 496 109 37 dessa
1337 496 149 49 åtnjuta
1514 510 46 22 av
1581 497 222 36 statsmedel
1824 497 191 36 resekost-

399 545 109 37 nads-
532 547 71 35 och
632 547 479 48 traktamentsersättning,
1142 547 129 38 vilken
1300 548 71 36 bör
1399 551 94 45 utgå
1522 549 57 35 för
1596 549 418 46 jordbrukskonsulent

396 598 121 48 enligt
562 598 121 47 fjärde
718 599 71 35 och
819 598 59 36 för
907 598 353 48 vandringsrättare
1289 600 123 47 enligt
1441 600 114 35 femte
1586 600 152 36 klassen
1765 601 11 34 i
1805 601 210 47 reseregle-

395 654 154 32 mentet.
608 649 133 37 Denna
770 651 216 47 ersättning
1015 650 68 36 bör
1112 653 92 43 utgå
1234 651 81 36 från
1347 652 138 35 nionde
1514 651 261 36 huvudtitelns
1802 653 137 47 anslag
1959 653 53 35 till

397 714 98 22 rese-
525 701 70 36 och
624 701 479 49 traktamentspenningar.

525 753 136 36 Därest
703 753 63 36 det
807 753 124 37 skulle
961 753 80 36 visa
1070 754 71 48 sig,
1182 759 55 30 att
1265 755 273 48 länsstyrelsen
1568 755 202 35 därutöver
1798 755 69 35 har
1895 756 120 35 ound-

394 804 179 49 gängligt
602 805 125 36 behov
757 819 45 21 av
831 805 186 36 särskilda
1046 805 123 37 medel
1200 807 58 35 för
1287 806 245 36 bestridande
1553 820 44 22 av
1618 806 85 36 med
1724 806 294 48 ifrågavarande

396 855 240 37 verksamhet
666 856 252 49 förknippade
947 857 216 43 kostnader,
1192 857 108 36 torde
1331 857 142 49 Kungl.
1504 857 107 49 Maj:t
1640 858 93 36 böra
1762 863 74 42 äga
1871 863 67 41 att,
1968 871 48 35 på

395 907 284 48 framställning
708 922 44 22 av
781 908 275 49 länsstyrelsen
1086 908 69 37 och
1185 909 96 36 efter
1310 922 205 35 noggrann
1544 910 220 48 utredning,
1794 909 127 36 härtill
1951 923 63 22 an-

394 959 79 36 visa
515 959 142 47 nödiga
699 959 119 36 medel
861 960 83 35 från
973 960 61 35 det
1064 960 147 47 anslag,
1242 974 80 22 som
1353 964 58 32 må
1442 961 103 36 bliva
1573 961 158 48 beviljat
1760 961 56 36 till
1846 961 170 46 odlings-

394 1010 196 49 bidragen.

525 1063 16 35 I
584 1064 109 48 fråga
735 1078 60 21 om
842 1064 317 48 byggnadslånen
1196 1065 56 35 får
1275 1066 72 47 jag
1376 1065 11 35 1
1416 1065 259 47 huvudsaklig
1705 1065 223 47 anslutning
1958 1066 55 34 till

395 1115 529 37 kolonisationskommitténs
967 1115 147 49 förslag
1150 1116 85 36 med
1281 1117 115 45 vissa,
1426 1116 121 36 delvis
1578 1130 47 21 av
1655 1116 359 48 kammarkollegiet

396 1166 217 48 föreslagna
628 1166 263 48 jämkningar,
912 1167 138 36 föreslå
1069 1167 166 48 följande
1256 1167 191 36 allmänna
1466 1167 137 36 villkor
1619 1168 70 35 och
1705 1167 306 37 bestämmelser:

528 1225 30 41 1)
605 1225 65 32 Till
693 1226 202 40 nybyggare,
921 1237 69 20 som
1015 1227 72 31 med
1111 1226 128 41 hänsyn
1261 1226 52 32 till
1337 1226 241 41 omfattningen
1602 1238 41 20 av
1668 1227 56 32 det
1748 1228 34 31 åt
1797 1227 121 32 honom
1932 1238 81 31 upp-

393 1269 90 32 låtna
507 1269 171 40 nybygget
700 1269 79 32 eller
801 1271 43 40 på
867 1270 107 40 grund
997 1281 42 20 av
1063 1270 101 32 andra
1188 1270 283 40 omständigheter
1493 1275 120 36 prövas
1638 1270 102 32 därav
1763 1281 80 21 vara
1867 1270 11 32 i
1894 1271 119 37 behov,

393 1313 53 31 må
480 1312 237 41 länsstyrelsen
741 1313 10 31 i
774 1313 222 32 Norrbottens
1030 1313 54 32 län
1118 1313 122 42 bevilja
1268 1313 54 32 lån
1346 1314 74 31 från
1443 1314 221 32 Norrbottens
1687 1314 327 41 nybyggeslånefond

393 1357 52 31 för
468 1355 190 33 utförandet
682 1367 41 21 av
746 1357 310 41 byggnadsarbeten
1080 1359 18 30 å
1122 1358 179 40 nybygget.
1349 1357 119 41 Dylikt
1489 1357 55 32 lån
1566 1358 63 38 må,
1654 1358 75 32 med
1752 1358 62 31 den
1837 1357 176 33 inskränk-

392 1399 88 41 ning,
514 1410 70 21 som
619 1400 10 31 i
665 1400 32 41 2)
727 1401 144 40 stadgas,
897 1401 79 40 utgå
1001 1401 73 32 med
1097 1403 51 30 tre
1173 1401 198 41 fjärdedelar
1396 1412 40 21 av
1461 1401 56 32 det
1538 1401 128 42 belopp,
1691 1401 113 32 vartill
1827 1401 55 32 vid
1905 1402 109 32 lånets

392 1443 185 41 beviljande
600 1444 358 40 byggnadskostnaden
982 1446 117 30 utöver
1121 1444 118 32 värdet
1262 1455 42 21 av
1328 1444 94 32 virke
1445 1444 73 32 från
1529 1445 189 40 nybyggets
1739 1445 84 40 skog
1838 1445 175 39 beräknas,

393 1486 85 32 dock
511 1486 99 41 högst
645 1487 73 32 med
752 1489 96 37 2,000
884 1488 131 32 kronor.
1074 1488 51 31 Av
1149 1488 93 32 detta
1264 1488 55 31 lån
1343 1488 165 32 utbetalas
1532 1489 63 31 5300
1618 1488 123 32 kronor
1765 1488 156 41 antingen
1944 1492 70 28 mot

393 1530 209 41 vederhäftig
632 1531 122 40 borgen
777 1531 80 32 eller
881 1541 108 22 annan
1011 1531 151 40 godkänd
1188 1531 164 37 säkerhet,
1378 1532 40 31 då
1442 1531 90 32 lånet
1554 1531 164 41 beviljats,
1744 1532 78 31 eller
1846 1532 64 32 ock
1934 1534 80 30 utan

393 1573 92 42 dylik
509 1574 165 39 säkerhet,
699 1575 41 32 då
762 1574 288 42 byggnadsarbete
1074 1574 123 33 utförts
1220 1574 51 32 till
1294 1576 50 30 ett
1368 1574 101 32 värde
1493 1585 41 21 av
1550 1575 101 32 minst
1663 1576 63 31 700
1738 1575 130 39 kronor,
1883 1575 130 33 virkes-

393 1617 116 32 värdet
544 1618 190 38 oberäknat,
760 1620 63 30 500
858 1618 123 32 kronor
1005 1618 41 32 då
1068 1618 375 41 mangårdsbyggnaden
1466 1618 139 32 kommit
1629 1619 102 31 under
1753 1619 69 39 tak,
1840 1619 173 32 enahanda

393 1661 117 41 belopp
534 1661 42 32 då
599 1661 296 41 uthusbyggnaden
918 1661 11 32 i
953 1661 50 32 sin
1025 1661 112 32 helhet
1160 1662 140 31 kommit
1323 1661 103 32 under
1449 1662 68 38 tak,
1542 1664 86 29 samt
1653 1663 188 31 återstoden
1854 1663 41 31 då
1906 1664 106 40 bygg-

393 1705 144 32 naderna
560 1704 97 32 blivit
679 1704 203 33 fullbordade
906 1705 12 31 i
942 1705 145 40 enlighet
1110 1706 74 31 med
1208 1705 181 32 föreskrift.

534 1748 32 41 2)
614 1749 121 31 Därest
769 1750 19 30 å
822 1749 156 41 nybygge
1013 1749 136 31 arbeten
1173 1749 51 31 för
1248 1748 219 42 uppförandet
1491 1760 40 20 av
1555 1749 214 41 åbyggnader
1793 1750 99 31 redan
1917 1750 94 31 blivit

394 1792 141 38 utförda,
560 1791 91 33 vilka
686 1792 135 32 arbeten
856 1792 85 32 dock
965 1792 29 41 ej
1019 1792 96 32 blivit
1138 1792 203 32 fullbordade
1365 1792 81 32 eller
1468 1793 109 31 kunna
1602 1803 96 22 anses
1723 1793 289 41 ändamålsenliga,

393 1836 54 31 må
480 1836 43 40 på
557 1835 142 32 särskild
733 1836 163 41 prövning
931 1847 42 20 av
1007 1836 237 41 länsstyrelsen
1277 1836 88 32 bero,
1392 1847 51 20 om
1468 1836 60 32 och
1552 1836 9 31 i
1587 1836 64 32 vad
1674 1838 76 30 mån
1774 1837 237 40 byggnadslån,

393 1889 114 21 varom
531 1889 79 30 nyss
634 1883 37 27 är
697 1881 83 38 sagt,
805 1880 54 31 må
883 1879 149 42 beviljas.

526 1922 32 41 3)
606 1921 64 33 För
692 1922 348 41 byggnadsarbetenas
1064 1923 172 32 utförande
1261 1924 94 31 skola
1380 1923 123 40 ritning
1520 1923 59 32 och
1596 1923 215 40 beskrivning
1827 1924 186 32 fastställas

393 1966 55 32 vid
484 1966 107 31 lånets
626 1965 184 42 beviljande
834 1968 88 30 samt
946 1966 146 32 därefter
1115 1966 97 32 lända
1237 1967 49 31 till
1311 1967 232 38 efterrättelse,
1574 1967 4 31 i
1604 1967 61 31 den
1689 1968 75 30 mån
1788 1967 28 40 ej
1842 1967 171 32 avvikelse

393 2008 178 42 medgives.

526 2053 32 40 4)
607 2053 268 41 Byggnadslånet
911 2053 87 32 skall
1033 2054 157 41 uppdelas
1213 2053 11 32 i
1248 2055 57 31 två
1329 2054 68 31 lika
1421 2055 91 30 stora
1535 2054 100 38 delar,
1661 2064 39 21 en
1725 2055 135 31 stående
1885 2054 61 32 och
1971 2065 40 21 en

393 2096 281 41 amorteringsdel,
711 2096 60 32 och
805 2097 86 32 skall
914 2097 11 31 i
949 2097 95 40 fråga
1068 2108 53 21 om
1144 2097 107 32 lånets
1274 2097 161 41 gäldande
1459 2102 154 27 ävensom
1639 2098 166 40 angående
1822 2097 190 41 skyldighet

393 2142 50 31 att
477 2140 89 33 hålla
598 2140 233 41 byggnaderna
865 2140 298 33 brandförsäkrade
1199 2141 60 32 och
1294 2140 10 32 i
1329 2141 102 32 andra
1465 2141 60 32 här
1559 2141 28 41 ej
1624 2141 138 32 särskilt
1796 2141 216 32 omförmälda

392 2184 184 32 avseenden
599 2184 10 31 i
632 2184 196 42 tillämpliga
862 2184 92 33 delar
977 2184 88 41 gälla
1088 2184 64 32 vad
1187 2195 69 21 som
1280 2189 37 28 är
1341 2184 79 32 eller
1436 2184 174 33 framdeles
1626 2185 67 31 kan
1708 2184 87 33 bliva
1812 2184 201 33 föreskrivet

393 2227 201 33 beträffande
626 2227 74 33 från
728 2230 125 30 statens
878 2227 330 42 egnahemslånefond
1234 2238 40 22 av
1298 2228 271 32 låneförmedlare
1594 2228 161 32 utlämnat
1780 2228 233 41 egnahemslån

392 2272 51 31 för
466 2271 299 41 bostadslägenhet.
