2228 2630
735 177 344 34 Jordbruksutskottets
1106 184 161 29 utlåtande
1295 185 48 30 Nr
1368 189 50 27 60.
1826 193 17 28 5

413 251 31 39 5)
492 252 42 30 Så
560 252 92 40 länge
678 254 137 32 erhållet
839 256 221 40 byggnadsläån
1084 260 28 39 ej
1132 264 36 27 är
1185 261 48 31 till
1251 262 78 32 fullo
1346 264 185 39 äterbetalt,
1549 267 83 31 skall
1651 267 48 32 till
1718 268 169 33 betalande

281 302 39 18 av
358 293 148 32 annuitet
541 295 19 31 å
591 297 311 41 amorteringsdelen
925 303 86 29 samt
1036 304 92 30 ränta
1154 304 58 31 och
1239 305 211 43 avbetalning
1473 311 19 29 å
1516 310 61 31 den
1601 312 135 32 stående
1760 313 91 31 delen
1878 314 5 30 i

281 335 104 32 första
409 341 141 28 rummet
574 340 166 32 användas
764 344 19 29 i
807 342 191 41 låntagaren
1023 345 179 42 belöpande
1226 349 91 31 andel
1343 350 10 31 i
1378 351 239 42 avkastningen
1641 355 72 32 från
1737 356 61 32 den
1814 361 69 27 sär-

279 377 106 33 skilda
421 380 207 43 allmänning,
654 394 70 21 som
760 385 125 41 tillagts
910 387 37 31 de
972 387 54 32 vid
1050 389 234 41 dispositionen
1309 404 40 20 av
1373 395 310 42 överloppsmarken
1707 399 9 31 i
1741 400 141 32 socknen

279 421 170 33 tillkomna
472 425 206 41 nybyggena,
705 428 7 30 i
737 428 60 32 den
821 431 75 30 mån
912 431 212 41 nybyggaren
1142 434 95 39 eljest
1253 435 105 33 skulle
1374 438 88 31 varit
1477 439 187 42 berättigad
1681 444 50 30 att
1744 444 139 31 omedel-

279 464 72 32 bart
385 466 172 33 bekomma
592 469 201 35 densamma:
830 473 170 40 åliggande
1030 475 55 32 det
1114 477 200 33 fördenskull
1349 480 70 39 den,
1456 492 67 21 som
1560 484 161 32 förvaltar
1746 487 135 31 nämnda

277 508 206 41 avkastning,
520 513 51 29 att
606 512 161 33 innehålla
796 516 58 30 och
882 517 46 30 till
954 517 233 41 länsstyrelsen
1213 521 177 33 inleverera
1415 526 62 30 vad
1502 536 40 20 av
1567 527 90 40 dylik
1683 529 91 31 andel
1799 530 81 31 skall

276 551 107 31 därtill
409 554 175 31 användas.

407 596 31 40 6)
485 597 211 42 Nybyggare,
733 612 67 20 som
836 603 129 31 erhållit
999 604 233 41 byggnadslän,
1269 609 93 39 skall,
1397 610 53 31 vid
1482 615 140 38 äventyr
1646 616 49 29 att
1719 615 162 32 förklaras

278 638 151 42 förlustig
464 640 303 43 besittningsrätten
804 645 50 32 till
882 647 178 41 nybygget,
1085 649 151 43 iakttaga
1259 652 61 31 och
1345 654 148 41 uppfylla
1516 655 39 32 de
1579 656 128 40 villkor,
1732 669 70 21 som
1826 659 53 32 vid

277 681 104 33 lånets
416 683 182 42 beviljande
633 687 207 34 föreskrivits
874 690 10 31 i
919 691 95 40 fråga
1049 703 51 21 om
1124 694 421 44 byggnadsskyldighetens
1568 700 181 40 utförande,
1774 702 106 33 lånets

273 727 200 41 amortering
496 728 60 32 och
581 733 108 31 annat,
714 742 77 21 vars
814 732 212 43 iakttagande
1058 738 104 32 måste
1190 749 95 22 anses
1313 751 80 21 vara
1416 752 42 21 av
1486 744 166 41 synnerlig
1679 745 81 32 vikt.
1808 746 70 32 Vad

273 768 135 34 sålunda
441 776 35 26 är
511 773 134 40 stadgat
669 775 84 31 skall
775 776 88 41 gälla
887 783 82 27 även
993 790 106 22 annan
1126 781 197 34 innehavare
1347 795 42 21 av
1411 786 180 41 nybygget,
1616 788 50 31 till
1693 789 74 32 dess
1790 789 87 33 lånet

272 812 49 31 till
357 813 79 32 fullo
471 816 193 33 återbetalts
699 818 78 33 eller
800 821 167 41 nybygget
990 824 138 32 omförts
1151 826 50 31 till
1225 826 120 40 skatte,
1370 828 61 32 och
1454 831 54 30 må
1531 830 201 33 fördenskull
1755 832 121 42 inrym-

272 855 77 41 ning
372 856 10 32 i
405 859 170 40 nybygget
608 860 72 33 icke
716 873 41 20 av
791 863 234 42 länsstyrelsen
1049 867 137 41 beviljas
1208 881 45 29 ny
1277 871 70 38 åbo,
1372 871 111 33 därest
1506 873 72 32 icke
1595 874 102 33 denne
1714 876 163 32 förbinder

270 898 51 41 sig
345 901 49 30 att
418 904 158 39 övertaga
600 904 259 41 byggnadslånet
882 908 72 32 med
977 909 115 33 därvid
1115 911 128 34 fästade
1266 913 128 33 villkor.

402 944 30 40 7)
479 945 173 43 Nybygge,
686 948 51 32 för
772 950 102 33 vilket
909 952 224 41 byggnadslån
1162 955 152 41 lämnats,
1338 960 54 30 må
1415 959 74 32 icke
1513 961 144 32 omföras
1680 962 51 31 till
1754 963 119 33 skatte,

271 987 70 31 med
377 987 124 33 mindre
536 989 221 35 innehavaren
780 993 10 32 i
814 995 204 41 vederbörlig
1047 998 137 42 ordning
1206 1001 168 41 medgivit,
1401 1004 50 30 att
1474 1002 191 43 inteckning
1687 1005 51 32 till
1762 1006 111 33 säker-

269 1029 56 33 het
348 1030 51 32 för
421 1031 90 33 lånet
535 1034 61 32 och
620 1035 39 32 de
682 1036 115 32 därvid
820 1038 180 33 förbundna
1024 1040 161 35 villkoren
1208 1046 52 30 må
1284 1045 142 33 erhållas
1450 1046 11 32 i
1477 1046 210 42 fastigheten.
1730 1050 144 42 Beviljas

268 1073 284 45 skatteomföring,
587 1079 85 32 skall
699 1080 234 42 länsstyrelsen
964 1086 42 39 på
1040 1085 231 43 nybyggarens
1305 1089 181 33 bekostnad
1521 1092 192 42 ombesörja,
1744 1095 50 31 att
1823 1094 50 32 för

267 1118 212 41 nybyggaren
511 1121 124 42 lagfart
662 1124 96 32 sökes
793 1126 19 31 å
847 1126 53 32 det
935 1127 50 32 till
1017 1129 110 33 skatte
1151 1131 146 32 omförda
1321 1133 170 42 nybygget
1513 1138 88 29 samt
1625 1138 50 30 att
1697 1137 103 32 första
1824 1138 48 32 in-

269 1161 155 43 teckning
447 1164 135 33 beredes
605 1167 70 32 däri
698 1168 51 32 till
772 1169 154 33 säkerhet
949 1171 51 32 för
1023 1168 270 51 byggnadslånet.

397 1225 75 36 För
501 1227 234 39 erhållandet
763 1231 71 36 och
863 1232 360 50 tillgodonjutandet
1252 1252 47 22 av
1328 1239 291 50 odlingsbidrag
1648 1243 107 35 torde
1781 1243 88 36 böra

269 1276 206 37 fastställas
506 1279 166 47 följande
701 1282 187 37 allmänna
917 1284 138 37 villkor
1083 1288 69 35 och
1183 1288 302 39 bestämmelser:

398 1345 28 40 1)
474 1346 118 33 Finnes
616 1348 72 32 icke
713 1352 19 29 å
754 1351 151 41 nybygge
930 1353 54 31 vid
1007 1353 161 34 tillträdet
1191 1358 162 39 uppodlad
1376 1359 95 31 mark
1494 1360 51 32 till
1558 1362 58 31 två
1632 1362 134 32 hektars
1784 1363 83 33 vidd,

263 1391 78 37 äger
363 1388 215 42 nybyggaren
601 1393 52 30 att
676 1403 41 21 av
741 1393 163 34 allmänna
927 1396 104 32 medel
1055 1398 125 32 erhålla
1196 1400 115 41 bidrag
1327 1403 78 31 utan
1422 1403 445 44 återbetalningsskyldighet

262 1430 50 32 till
335 1431 206 35 bestridande
565 1446 41 20 av
629 1436 220 34 kostnaderna
872 1439 51 32 för
946 1441 176 41 uppodling
1145 1453 41 21 av
1209 1444 63 31 vad
1295 1444 9 31 i
1322 1446 140 32 nämnda
1478 1447 88 32 areal
1582 1448 128 33 brister.
1746 1450 122 33 Sådant

261 1473 114 43 bidrag
410 1478 96 40 utgår
540 1479 73 32 med
646 1480 63 32 250
732 1480 120 33 kronor
875 1482 52 33 för
949 1483 118 33 hektar
1090 1496 43 21 av
1156 1487 60 31 den
1240 1488 103 40 mark,
1368 1499 70 22 som
1462 1490 84 33 skall
1570 1492 100 32 odlas.
1718 1493 149 42 Odlings-

262 1517 114 42 bidrag
398 1520 137 42 beviljas
559 1533 42 21 av
623 1523 234 42 länsstyrelsen
880 1526 9 32 i
913 1527 219 34 Norrbottens
1154 1530 63 32 län.

392 1563 31 41 2)
469 1565 53 31 Av
546 1566 243 43 odlingsbidrag
812 1570 162 32 utbetalas
997 1571 126 33 hälften
1147 1575 155 40 antingen
1325 1579 69 30 mot
1417 1578 209 42 vederhäftig
1649 1580 121 42 borgen
1787 1583 78 32 eller

262 1616 106 22 annan
403 1608 151 40 godkänd
590 1611 163 40 säkerhet,
778 1613 40 32 då
846 1615 169 40 nybygget
1041 1616 162 41 tillträtts,
1228 1619 80 32 eller
1331 1621 62 31 ock
1416 1623 79 30 utan
1518 1622 93 42 dylik
1634 1624 164 41 säkerhet,
1822 1626 41 32 då

259 1649 125 33 hälften
419 1662 42 21 av
495 1653 61 31 den
589 1655 88 31 areal
701 1656 181 41 uppodlats,
908 1659 51 31 för
981 1659 111 33 vilken
1115 1661 150 42 bidraget
1288 1664 187 39 beräknats,
1500 1668 86 30 samt
1611 1668 186 33 återstoden
1821 1670 40 32 då

260 1693 62 32 den
346 1695 73 31 med
442 1695 151 42 bidraget
616 1699 143 33 avsedda
783 1700 149 43 odlingen
956 1703 203 34 fullbordats.

388 1739 32 41 3)
468 1739 127 42 Odling,
619 1742 112 33 vartill
765 1744 114 42 bidrag
913 1746 147 41 beviljas,
1090 1748 84 33 skall
1197 1751 199 33 verkställas
1419 1752 11 31 i
1454 1753 145 41 enlighet
1622 1756 74 31 med
1719 1755 142 43 odlings-

257 1781 84 40 plan,
366 1792 69 22 som
472 1784 85 32 skall
589 1796 81 22 vara
694 1788 159 41 uppgjord
877 1800 41 21 av
939 1790 360 43 jordbrukskonsulent,
1324 1796 305 41 vandringsrättare
1654 1799 78 32 eller
1757 1811 103 22 annan

257 1824 187 44 sakkunnig
465 1838 120 30 person
608 1832 87 30 samt
717 1831 151 40 godkänd
893 1844 40 21 av
956 1833 243 43 länsstyrelsen.

386 1870 33 40 4)
465 1870 72 33 Har
564 1872 40 41 ej,
629 1873 41 32 då
694 1874 242 44 odlingsbidrag
958 1877 96 33 blivit
1077 1880 103 41 enligt
1203 1881 32 41 2)
1261 1883 160 41 uppburet
1444 1884 10 31 i
1478 1884 145 33 förskott
1647 1888 68 30 mot
1739 1887 121 41 borgen

255 1912 79 31 eller
370 1924 106 22 annan
511 1915 165 41 säkerhet,
711 1918 126 33 hälften
871 1931 42 21 av
936 1921 61 33 den
1019 1922 52 32 till
1095 1924 110 42 odling
1228 1925 170 34 bestämda
1421 1928 132 33 arealen
1576 1930 174 41 uppodlats
1772 1930 87 33 inom

254 1956 64 31 fem
348 1957 36 31 år
407 1957 73 33 från
503 1958 171 41 tillträdet,
699 1973 78 22 vare
801 1964 277 43 odlingsbidraget
1102 1968 171 33 förverkat
1296 1970 60 32 och
1380 1971 214 42 nybyggaren
1617 1973 132 42 skyldig
1772 1976 86 31 åter-

252 1999 109 33 betala
384 2002 64 31 vad
471 2002 103 33 därav
597 2005 179 41 uppburits.
823 2008 63 32 För
910 2009 118 41 odling,
1053 2021 70 22 som
1146 2011 72 33 icke
1242 2014 193 33 verkställts
1458 2015 86 33 inom
1569 2017 47 32 tio
1642 2018 36 31 år
1695 2018 85 32 efter
1791 2019 66 32 till-

253 2043 116 40 trädet,
396 2049 78 37 äger
498 2047 205 43 utbetalning
727 2061 41 21 av
792 2051 242 43 odlingsbidrag
1057 2055 30 40 ej
1112 2066 80 21 rum.

382 2115 72 36 Till
508 2116 431 50 byggnadslånefonden
995 2124 67 36 har
1108 2125 502 43 kolonisationskommittén
1657 2133 198 49 ifrågasatt

250 2167 207 37 anvisande
486 2172 123 34 såsom
638 2171 291 52 kapitalökning
956 2175 58 37 för
1034 2179 41 33 år
1097 2179 97 36 1919
1211 2192 46 22 av
1273 2185 52 31 ett
1340 2180 300 52 förslagsanslag
1656 2187 19 33 å
1693 2186 161 46 100,000

252 2217 147 38 kronor.
457 2219 221 40 Emellertid
721 2237 113 36 synes
876 2227 79 49 mig
998 2228 123 37 denna
1162 2230 289 52 kapitalökning
1493 2234 104 49 böra,
1626 2235 135 38 liksom
1790 2237 62 37 vid

249 2270 134 48 övriga
412 2272 229 50 lånefonder,
672 2276 35 35 få
736 2276 224 39 karaktären
991 2293 47 22 av
1067 2283 400 50 reservationsanslag.
1525 2288 136 48 Någon
1690 2288 164 50 ändring
