<?xml version="1.0" encoding="UTF-8"?>
<alto xmlns="http://www.loc.gov/standards/alto/ns-v3#" xmlns:xlink="http://www.w3.org/1999/xlink" xmlns:xsi="http://www.w3.org/2001/XMLSchema-instance" xsi:schemaLocation="http://www.loc.gov/standards/alto/ns-v3# http://www.loc.gov/alto/v3/alto-3-0.xsd">
	<Description>
		<MeasurementUnit>pixel</MeasurementUnit>
		<sourceImageInformation>
			<fileName>/tmp/tess_ml_veqp1_input.PNG</fileName>
		</sourceImageInformation>
		<OCRProcessing ID="OCR_0">
			<ocrProcessingStep>
				<processingSoftware>
					<softwareName>tesseract 5.3.0</softwareName>
				</processingSoftware>
			</ocrProcessingStep>
		</OCRProcessing>
	</Description>
	<Layout>
		<Page WIDTH="1870" HEIGHT="2784" PHYSICAL_IMG_NR="0" ID="page_0">
			<PrintSpace HPOS="0" VPOS="0" WIDTH="1870" HEIGHT="2784">
				<ComposedBlock ID="cblock_0" HPOS="407" VPOS="158" WIDTH="1180" HEIGHT="45">
					<TextBlock ID="block_0" HPOS="407" VPOS="158" WIDTH="1180" HEIGHT="45">
						<TextLine ID="line_0" HPOS="407" VPOS="158" WIDTH="1180" HEIGHT="45">
							<String ID="string_0" HPOS="407" VPOS="169" WIDTH="391" HEIGHT="34" WC="0.92" CONTENT="Jordbruksutskottets"/><SP WIDTH="20" VPOS="169" HPOS="798"/>
							<String ID="string_1" HPOS="818" VPOS="165" WIDTH="179" HEIGHT="31" WC="0.96" CONTENT="utlåtande"/><SP WIDTH="18" VPOS="165" HPOS="997"/>
							<String ID="string_2" HPOS="1015" VPOS="174" WIDTH="43" HEIGHT="19" WC="0.96" CONTENT="nr"/><SP WIDTH="20" VPOS="174" HPOS="1058"/>
							<String ID="string_3" HPOS="1078" VPOS="165" WIDTH="14" HEIGHT="28" WC="0.95" CONTENT="1"/><SP WIDTH="20" VPOS="165" HPOS="1092"/>
							<String ID="string_4" HPOS="1112" VPOS="163" WIDTH="40" HEIGHT="30" WC="0.95" CONTENT="år"/><SP WIDTH="20" VPOS="163" HPOS="1152"/>
							<String ID="string_5" HPOS="1172" VPOS="163" WIDTH="83" HEIGHT="29" WC="0.79" CONTENT="1963"/><SP WIDTH="293" VPOS="163" HPOS="1255"/>
							<String ID="string_6" HPOS="1548" VPOS="158" WIDTH="39" HEIGHT="30" WC="0.97" CONTENT="59"/>
						</TextLine>
					</TextBlock>
				</ComposedBlock>
				<ComposedBlock ID="cblock_1" HPOS="85" VPOS="242" WIDTH="1503" HEIGHT="108">
					<TextBlock ID="block_1" HPOS="85" VPOS="242" WIDTH="1503" HEIGHT="108">
						<TextLine ID="line_1" HPOS="85" VPOS="242" WIDTH="1503" HEIGHT="57">
							<String ID="string_7" HPOS="85" VPOS="260" WIDTH="122" HEIGHT="39" WC="0.96" CONTENT="bidrag"/><SP WIDTH="21" VPOS="260" HPOS="207"/>
							<String ID="string_8" HPOS="228" VPOS="259" WIDTH="80" HEIGHT="30" WC="0.96" CONTENT="från"/><SP WIDTH="21" VPOS="259" HPOS="308"/>
							<String ID="string_9" HPOS="329" VPOS="257" WIDTH="61" HEIGHT="31" WC="0.95" CONTENT="325"/><SP WIDTH="14" VPOS="257" HPOS="390"/>
							<String ID="string_10" HPOS="404" VPOS="256" WIDTH="63" HEIGHT="30" WC="0.95" CONTENT="000"/><SP WIDTH="22" VPOS="256" HPOS="467"/>
							<String ID="string_11" HPOS="489" VPOS="256" WIDTH="52" HEIGHT="29" WC="0.96" CONTENT="kr."/><SP WIDTH="22" VPOS="256" HPOS="541"/>
							<String ID="string_12" HPOS="563" VPOS="255" WIDTH="51" HEIGHT="30" WC="0.96" CONTENT="till"/><SP WIDTH="21" VPOS="255" HPOS="614"/>
							<String ID="string_13" HPOS="635" VPOS="252" WIDTH="63" HEIGHT="31" WC="0.96" CONTENT="400"/><SP WIDTH="15" VPOS="252" HPOS="698"/>
							<String ID="string_14" HPOS="713" VPOS="251" WIDTH="62" HEIGHT="31" WC="0.96" CONTENT="000"/><SP WIDTH="23" VPOS="251" HPOS="775"/>
							<String ID="string_15" HPOS="798" VPOS="252" WIDTH="52" HEIGHT="28" WC="0.96" CONTENT="kr."/><SP WIDTH="22" VPOS="252" HPOS="850"/>
							<String ID="string_16" HPOS="872" VPOS="250" WIDTH="112" HEIGHT="29" WC="0.96" CONTENT="under"/><SP WIDTH="19" VPOS="250" HPOS="984"/>
							<String ID="string_17" HPOS="1003" VPOS="248" WIDTH="126" HEIGHT="30" WC="0.96" CONTENT="villkor"/><SP WIDTH="21" VPOS="248" HPOS="1129"/>
							<String ID="string_18" HPOS="1150" VPOS="249" WIDTH="50" HEIGHT="27" WC="0.96" CONTENT="att"/><SP WIDTH="23" VPOS="249" HPOS="1200"/>
							<String ID="string_19" HPOS="1223" VPOS="244" WIDTH="223" HEIGHT="39" WC="0.96" CONTENT="föreningens"/><SP WIDTH="21" VPOS="244" HPOS="1446"/>
							<String ID="string_20" HPOS="1467" VPOS="242" WIDTH="121" HEIGHT="38" WC="0.96" CONTENT="bidrag"/>
						</TextLine>
						<TextLine ID="line_2" HPOS="87" VPOS="293" WIDTH="1022" HEIGHT="57">
							<String ID="string_21" HPOS="87" VPOS="310" WIDTH="81" HEIGHT="40" WC="0.96" CONTENT="höjs"/><SP WIDTH="18" VPOS="310" HPOS="168"/>
							<String ID="string_22" HPOS="186" VPOS="310" WIDTH="80" HEIGHT="30" WC="0.96" CONTENT="från"/><SP WIDTH="18" VPOS="310" HPOS="266"/>
							<String ID="string_23" HPOS="284" VPOS="309" WIDTH="89" HEIGHT="39" WC="0.96" CONTENT="lägst"/><SP WIDTH="18" VPOS="309" HPOS="373"/>
							<String ID="string_24" HPOS="391" VPOS="307" WIDTH="40" HEIGHT="30" WC="0.96" CONTENT="50"/><SP WIDTH="14" VPOS="307" HPOS="431"/>
							<String ID="string_25" HPOS="445" VPOS="306" WIDTH="64" HEIGHT="30" WC="0.96" CONTENT="000"/><SP WIDTH="19" VPOS="306" HPOS="509"/>
							<String ID="string_26" HPOS="528" VPOS="306" WIDTH="51" HEIGHT="29" WC="0.96" CONTENT="kr."/><SP WIDTH="19" VPOS="306" HPOS="579"/>
							<String ID="string_27" HPOS="598" VPOS="304" WIDTH="52" HEIGHT="30" WC="0.96" CONTENT="till"/><SP WIDTH="20" VPOS="304" HPOS="650"/>
							<String ID="string_28" HPOS="670" VPOS="304" WIDTH="89" HEIGHT="38" WC="0.96" CONTENT="lägst"/><SP WIDTH="20" VPOS="304" HPOS="759"/>
							<String ID="string_29" HPOS="779" VPOS="301" WIDTH="39" HEIGHT="31" WC="0.96" CONTENT="75"/><SP WIDTH="14" VPOS="301" HPOS="818"/>
							<String ID="string_30" HPOS="832" VPOS="300" WIDTH="62" HEIGHT="30" WC="0.96" CONTENT="000"/><SP WIDTH="21" VPOS="300" HPOS="894"/>
							<String ID="string_31" HPOS="915" VPOS="301" WIDTH="52" HEIGHT="28" WC="0.96" CONTENT="kr."/><SP WIDTH="21" VPOS="301" HPOS="967"/>
							<String ID="string_32" HPOS="988" VPOS="299" WIDTH="55" HEIGHT="29" WC="0.96" CONTENT="för"/><SP WIDTH="17" VPOS="299" HPOS="1043"/>
							<String ID="string_33" HPOS="1060" VPOS="293" WIDTH="49" HEIGHT="49" WC="0.95" CONTENT="år."/>
						</TextLine>
					</TextBlock>
				</ComposedBlock>
				<ComposedBlock ID="cblock_2" HPOS="89" VPOS="377" WIDTH="1503" HEIGHT="400">
					<TextBlock ID="block_2" HPOS="89" VPOS="377" WIDTH="1503" HEIGHT="400">
						<TextLine ID="line_3" HPOS="133" VPOS="377" WIDTH="1457" HEIGHT="49">
							<String ID="string_34" HPOS="133" VPOS="393" WIDTH="184" HEIGHT="30" WC="0.96" CONTENT="Utskottet."/><SP WIDTH="20" VPOS="393" HPOS="317"/>
							<String ID="string_35" HPOS="337" VPOS="391" WIDTH="177" HEIGHT="31" WC="0.96" CONTENT="Utskottet"/><SP WIDTH="19" VPOS="391" HPOS="514"/>
							<String ID="string_36" HPOS="533" VPOS="389" WIDTH="156" HEIGHT="30" WC="0.96" CONTENT="ansluter"/><SP WIDTH="20" VPOS="389" HPOS="689"/>
							<String ID="string_37" HPOS="709" VPOS="386" WIDTH="51" HEIGHT="40" WC="0.96" CONTENT="sig"/><SP WIDTH="19" VPOS="386" HPOS="760"/>
							<String ID="string_38" HPOS="779" VPOS="386" WIDTH="52" HEIGHT="30" WC="0.96" CONTENT="till"/><SP WIDTH="19" VPOS="386" HPOS="831"/>
							<String ID="string_39" HPOS="850" VPOS="384" WIDTH="126" HEIGHT="39" WC="0.95" CONTENT="Kungl."/><SP WIDTH="20" VPOS="384" HPOS="976"/>
							<String ID="string_40" HPOS="996" VPOS="382" WIDTH="124" HEIGHT="39" WC="0.95" CONTENT="Maj:ts"/><SP WIDTH="20" VPOS="382" HPOS="1120"/>
							<String ID="string_41" HPOS="1140" VPOS="381" WIDTH="130" HEIGHT="38" WC="0.96" CONTENT="förslag"/><SP WIDTH="20" VPOS="381" HPOS="1270"/>
							<String ID="string_42" HPOS="1290" VPOS="379" WIDTH="109" HEIGHT="29" WC="0.93" CONTENT="under"/><SP WIDTH="20" VPOS="379" HPOS="1399"/>
							<String ID="string_43" HPOS="1419" VPOS="377" WIDTH="171" HEIGHT="39" WC="0.90" CONTENT="ifrågava-"/>
						</TextLine>
						<TextLine ID="line_4" HPOS="89" VPOS="437" WIDTH="680" HEIGHT="46">
							<String ID="string_44" HPOS="89" VPOS="444" WIDTH="106" HEIGHT="30" WC="0.96" CONTENT="rande"/><SP WIDTH="21" VPOS="444" HPOS="195"/>
							<String ID="string_45" HPOS="216" VPOS="443" WIDTH="113" HEIGHT="40" WC="0.96" CONTENT="punkt"/><SP WIDTH="21" VPOS="443" HPOS="329"/>
							<String ID="string_46" HPOS="350" VPOS="442" WIDTH="65" HEIGHT="30" WC="0.96" CONTENT="och"/><SP WIDTH="19" VPOS="442" HPOS="415"/>
							<String ID="string_47" HPOS="434" VPOS="439" WIDTH="203" HEIGHT="31" WC="0.96" CONTENT="hemställer"/><SP WIDTH="19" VPOS="439" HPOS="637"/>
							<String ID="string_48" HPOS="656" VPOS="437" WIDTH="113" HEIGHT="35" WC="0.96" CONTENT="alltså,"/>
						</TextLine>
						<TextLine ID="line_5" HPOS="442" VPOS="487" WIDTH="330" HEIGHT="41">
							<String ID="string_49" HPOS="442" VPOS="492" WIDTH="50" HEIGHT="28" WC="0.95" CONTENT="att"/><SP WIDTH="19" VPOS="492" HPOS="492"/>
							<String ID="string_50" HPOS="511" VPOS="489" WIDTH="185" HEIGHT="39" WC="0.95" CONTENT="riksdagen"/><SP WIDTH="19" VPOS="489" HPOS="696"/>
							<String ID="string_51" HPOS="715" VPOS="487" WIDTH="57" HEIGHT="30" WC="0.96" CONTENT="må"/>
						</TextLine>
						<TextLine ID="line_6" HPOS="442" VPOS="528" WIDTH="1149" HEIGHT="50">
							<String ID="string_52" HPOS="442" VPOS="542" WIDTH="36" HEIGHT="31" WC="0.96" CONTENT="a)"/><SP WIDTH="31" VPOS="542" HPOS="478"/>
							<String ID="string_53" HPOS="509" VPOS="538" WIDTH="208" HEIGHT="40" WC="0.96" CONTENT="bemyndiga"/><SP WIDTH="18" VPOS="538" HPOS="717"/>
							<String ID="string_54" HPOS="735" VPOS="537" WIDTH="124" HEIGHT="39" WC="0.96" CONTENT="Kungl."/><SP WIDTH="19" VPOS="537" HPOS="859"/>
							<String ID="string_55" HPOS="878" VPOS="535" WIDTH="106" HEIGHT="39" WC="0.96" CONTENT="Maj:t"/><SP WIDTH="18" VPOS="535" HPOS="984"/>
							<String ID="string_56" HPOS="1002" VPOS="536" WIDTH="51" HEIGHT="28" WC="0.96" CONTENT="att"/><SP WIDTH="18" VPOS="536" HPOS="1053"/>
							<String ID="string_57" HPOS="1071" VPOS="532" WIDTH="109" HEIGHT="31" WC="0.96" CONTENT="träffa"/><SP WIDTH="17" VPOS="532" HPOS="1180"/>
							<String ID="string_58" HPOS="1197" VPOS="534" WIDTH="76" HEIGHT="37" WC="0.96" CONTENT="nytt"/><SP WIDTH="18" VPOS="534" HPOS="1273"/>
							<String ID="string_59" HPOS="1291" VPOS="531" WIDTH="90" HEIGHT="29" WC="0.96" CONTENT="avtal"/><SP WIDTH="19" VPOS="531" HPOS="1381"/>
							<String ID="string_60" HPOS="1400" VPOS="529" WIDTH="79" HEIGHT="30" WC="0.93" CONTENT="med"/><SP WIDTH="18" VPOS="529" HPOS="1479"/>
							<String ID="string_61" HPOS="1497" VPOS="528" WIDTH="94" HEIGHT="40" WC="0.91" CONTENT="jord-"/>
						</TextLine>
						<TextLine ID="line_7" HPOS="397" VPOS="578" WIDTH="1194" HEIGHT="48">
							<String ID="string_62" HPOS="397" VPOS="589" WIDTH="276" HEIGHT="31" WC="0.91" CONTENT="brukstekniska"/><SP WIDTH="22" VPOS="589" HPOS="673"/>
							<String ID="string_63" HPOS="695" VPOS="587" WIDTH="205" HEIGHT="39" WC="0.96" CONTENT="föreningen"/><SP WIDTH="24" VPOS="587" HPOS="900"/>
							<String ID="string_64" HPOS="924" VPOS="587" WIDTH="11" HEIGHT="28" WC="0.96" CONTENT="i"/><SP WIDTH="24" VPOS="587" HPOS="935"/>
							<String ID="string_65" HPOS="959" VPOS="585" WIDTH="152" HEIGHT="38" WC="0.96" CONTENT="enlighet"/><SP WIDTH="23" VPOS="585" HPOS="1111"/>
							<String ID="string_66" HPOS="1134" VPOS="583" WIDTH="78" HEIGHT="29" WC="0.96" CONTENT="med"/><SP WIDTH="22" VPOS="583" HPOS="1212"/>
							<String ID="string_67" HPOS="1234" VPOS="582" WIDTH="65" HEIGHT="29" WC="0.96" CONTENT="vad"/><SP WIDTH="25" VPOS="582" HPOS="1299"/>
							<String ID="string_68" HPOS="1324" VPOS="590" WIDTH="73" HEIGHT="21" WC="0.96" CONTENT="som"/><SP WIDTH="23" VPOS="590" HPOS="1397"/>
							<String ID="string_69" HPOS="1420" VPOS="579" WIDTH="137" HEIGHT="30" WC="0.96" CONTENT="anförts"/><SP WIDTH="24" VPOS="579" HPOS="1557"/>
							<String ID="string_70" HPOS="1581" VPOS="578" WIDTH="10" HEIGHT="28" WC="0.96" CONTENT="i"/>
						</TextLine>
						<TextLine ID="line_8" HPOS="398" VPOS="641" WIDTH="304" HEIGHT="39">
							<String ID="string_71" HPOS="398" VPOS="644" WIDTH="56" HEIGHT="30" WC="0.96" CONTENT="det"/><SP WIDTH="26" VPOS="644" HPOS="454"/>
							<String ID="string_72" HPOS="480" VPOS="641" WIDTH="222" HEIGHT="39" WC="0.96" CONTENT="föregående;"/>
						</TextLine>
						<TextLine ID="line_9" HPOS="443" VPOS="680" WIDTH="1149" HEIGHT="49">
							<String ID="string_73" HPOS="443" VPOS="692" WIDTH="38" HEIGHT="32" WC="0.90" CONTENT="b)"/><SP WIDTH="30" VPOS="692" HPOS="481"/>
							<String ID="string_74" HPOS="511" VPOS="691" WIDTH="52" HEIGHT="29" WC="0.96" CONTENT="till"/><SP WIDTH="20" VPOS="691" HPOS="563"/>
							<String ID="string_75" HPOS="583" VPOS="690" WIDTH="128" HEIGHT="39" WC="0.96" CONTENT="Bidrag"/><SP WIDTH="21" VPOS="690" HPOS="711"/>
							<String ID="string_76" HPOS="732" VPOS="688" WIDTH="51" HEIGHT="30" WC="0.93" CONTENT="till"/><SP WIDTH="19" VPOS="688" HPOS="783"/>
							<String ID="string_77" HPOS="802" VPOS="684" WIDTH="357" HEIGHT="43" WC="0.91" CONTENT="jordbrukstekniska"/><SP WIDTH="21" VPOS="684" HPOS="1159"/>
							<String ID="string_78" HPOS="1180" VPOS="683" WIDTH="174" HEIGHT="30" WC="0.96" CONTENT="institutet"/><SP WIDTH="22" VPOS="683" HPOS="1354"/>
							<String ID="string_79" HPOS="1376" VPOS="681" WIDTH="54" HEIGHT="29" WC="0.96" CONTENT="för"/><SP WIDTH="20" VPOS="681" HPOS="1430"/>
							<String ID="string_80" HPOS="1450" VPOS="680" WIDTH="142" HEIGHT="38" WC="0.92" CONTENT="budget-"/>
						</TextLine>
						<TextLine ID="line_10" HPOS="400" VPOS="734" WIDTH="871" HEIGHT="43">
							<String ID="string_81" HPOS="400" VPOS="743" WIDTH="74" HEIGHT="29" WC="0.92" CONTENT="året"/><SP WIDTH="19" VPOS="743" HPOS="474"/>
							<String ID="string_82" HPOS="493" VPOS="740" WIDTH="149" HEIGHT="37" WC="0.92" CONTENT="1963/64"/><SP WIDTH="19" VPOS="740" HPOS="642"/>
							<String ID="string_83" HPOS="661" VPOS="739" WIDTH="121" HEIGHT="31" WC="0.96" CONTENT="anvisa"/><SP WIDTH="17" VPOS="739" HPOS="782"/>
							<String ID="string_84" HPOS="799" VPOS="740" WIDTH="48" HEIGHT="28" WC="0.96" CONTENT="ett"/><SP WIDTH="17" VPOS="740" HPOS="847"/>
							<String ID="string_85" HPOS="864" VPOS="738" WIDTH="122" HEIGHT="38" WC="0.96" CONTENT="anslag"/><SP WIDTH="17" VPOS="738" HPOS="986"/>
							<String ID="string_86" HPOS="1003" VPOS="745" WIDTH="42" HEIGHT="20" WC="0.96" CONTENT="av"/><SP WIDTH="16" VPOS="745" HPOS="1045"/>
							<String ID="string_87" HPOS="1061" VPOS="734" WIDTH="63" HEIGHT="30" WC="0.96" CONTENT="400"/><SP WIDTH="14" VPOS="734" HPOS="1124"/>
							<String ID="string_88" HPOS="1138" VPOS="734" WIDTH="63" HEIGHT="30" WC="0.96" CONTENT="000"/><SP WIDTH="20" VPOS="734" HPOS="1201"/>
							<String ID="string_89" HPOS="1221" VPOS="734" WIDTH="50" HEIGHT="29" WC="0.96" CONTENT="kr."/>
						</TextLine>
					</TextBlock>
				</ComposedBlock>
				<ComposedBlock ID="cblock_3" HPOS="92" VPOS="823" WIDTH="1504" HEIGHT="405">
					<TextBlock ID="block_3" HPOS="92" VPOS="823" WIDTH="1504" HEIGHT="405">
						<TextLine ID="line_11" HPOS="137" VPOS="823" WIDTH="1451" HEIGHT="50">
							<String ID="string_90" HPOS="137" VPOS="838" WIDTH="97" HEIGHT="35" WC="0.92" CONTENT="66:0)"/><SP WIDTH="22" VPOS="838" HPOS="234"/>
							<String ID="string_91" HPOS="256" VPOS="837" WIDTH="125" HEIGHT="36" WC="0.96" CONTENT="Bidrag"/><SP WIDTH="15" VPOS="837" HPOS="381"/>
							<String ID="string_92" HPOS="396" VPOS="837" WIDTH="54" HEIGHT="29" WC="0.96" CONTENT="till"/><SP WIDTH="16" VPOS="837" HPOS="450"/>
							<String ID="string_93" HPOS="466" VPOS="835" WIDTH="157" HEIGHT="35" WC="0.93" CONTENT="Sveriges"/><SP WIDTH="17" VPOS="835" HPOS="623"/>
							<String ID="string_94" HPOS="640" VPOS="830" WIDTH="311" HEIGHT="36" WC="0.92" CONTENT="utsädesförening."/><SP WIDTH="18" VPOS="830" HPOS="951"/>
							<String ID="string_95" HPOS="969" VPOS="829" WIDTH="115" HEIGHT="30" WC="0.96" CONTENT="Under"/><SP WIDTH="17" VPOS="829" HPOS="1084"/>
							<String ID="string_96" HPOS="1101" VPOS="827" WIDTH="155" HEIGHT="38" WC="0.96" CONTENT="punkten"/><SP WIDTH="18" VPOS="827" HPOS="1256"/>
							<String ID="string_97" HPOS="1274" VPOS="826" WIDTH="35" HEIGHT="29" WC="0.93" CONTENT="71"/><SP WIDTH="25" VPOS="826" HPOS="1309"/>
							<String ID="string_98" HPOS="1334" VPOS="826" WIDTH="43" HEIGHT="33" WC="0.91" CONTENT="(s."/><SP WIDTH="23" VPOS="826" HPOS="1377"/>
							<String ID="string_99" HPOS="1400" VPOS="823" WIDTH="188" HEIGHT="30" WC="0.78" CONTENT="187—188)"/>
						</TextLine>
						<TextLine ID="line_12" HPOS="92" VPOS="873" WIDTH="1501" HEIGHT="54">
							<String ID="string_100" HPOS="92" VPOS="889" WIDTH="65" HEIGHT="29" WC="0.96" CONTENT="har"/><SP WIDTH="20" VPOS="889" HPOS="157"/>
							<String ID="string_101" HPOS="177" VPOS="887" WIDTH="126" HEIGHT="40" WC="0.96" CONTENT="Kungl."/><SP WIDTH="21" VPOS="887" HPOS="303"/>
							<String ID="string_102" HPOS="324" VPOS="886" WIDTH="106" HEIGHT="40" WC="0.96" CONTENT="Maj:t"/><SP WIDTH="21" VPOS="886" HPOS="430"/>
							<String ID="string_103" HPOS="451" VPOS="884" WIDTH="180" HEIGHT="39" WC="0.96" CONTENT="föreslagit"/><SP WIDTH="21" VPOS="884" HPOS="631"/>
							<String ID="string_104" HPOS="652" VPOS="893" WIDTH="42" HEIGHT="20" WC="0.96" CONTENT="en"/><SP WIDTH="24" VPOS="893" HPOS="694"/>
							<String ID="string_105" HPOS="718" VPOS="880" WIDTH="224" HEIGHT="41" WC="0.96" CONTENT="uppräkning"/><SP WIDTH="20" VPOS="880" HPOS="942"/>
							<String ID="string_106" HPOS="962" VPOS="888" WIDTH="43" HEIGHT="21" WC="0.96" CONTENT="av"/><SP WIDTH="22" VPOS="888" HPOS="1005"/>
							<String ID="string_107" HPOS="1027" VPOS="878" WIDTH="156" HEIGHT="38" WC="0.96" CONTENT="anslaget"/><SP WIDTH="23" VPOS="878" HPOS="1183"/>
							<String ID="string_108" HPOS="1206" VPOS="876" WIDTH="78" HEIGHT="29" WC="0.96" CONTENT="med"/><SP WIDTH="23" VPOS="876" HPOS="1284"/>
							<String ID="string_109" HPOS="1307" VPOS="875" WIDTH="61" HEIGHT="30" WC="0.96" CONTENT="346"/><SP WIDTH="15" VPOS="875" HPOS="1368"/>
							<String ID="string_110" HPOS="1383" VPOS="874" WIDTH="62" HEIGHT="30" WC="0.96" CONTENT="000"/><SP WIDTH="23" VPOS="874" HPOS="1445"/>
							<String ID="string_111" HPOS="1468" VPOS="874" WIDTH="51" HEIGHT="29" WC="0.92" CONTENT="kr."/><SP WIDTH="23" VPOS="874" HPOS="1519"/>
							<String ID="string_112" HPOS="1542" VPOS="873" WIDTH="51" HEIGHT="29" WC="0.96" CONTENT="till"/>
						</TextLine>
						<TextLine ID="line_13" HPOS="93" VPOS="923" WIDTH="1501" HEIGHT="52">
							<String ID="string_113" HPOS="93" VPOS="938" WIDTH="19" HEIGHT="29" WC="0.95" CONTENT="2"/><SP WIDTH="15" VPOS="938" HPOS="112"/>
							<String ID="string_114" HPOS="127" VPOS="938" WIDTH="62" HEIGHT="29" WC="0.95" CONTENT="246"/><SP WIDTH="14" VPOS="938" HPOS="189"/>
							<String ID="string_115" HPOS="203" VPOS="937" WIDTH="63" HEIGHT="30" WC="0.96" CONTENT="000"/><SP WIDTH="21" VPOS="937" HPOS="266"/>
							<String ID="string_116" HPOS="287" VPOS="938" WIDTH="53" HEIGHT="29" WC="0.93" CONTENT="kr."/><SP WIDTH="21" VPOS="938" HPOS="340"/>
							<String ID="string_117" HPOS="361" VPOS="933" WIDTH="380" HEIGHT="42" WC="0.90" CONTENT="Utgiftsförändringar"/><SP WIDTH="22" VPOS="933" HPOS="741"/>
							<String ID="string_118" HPOS="763" VPOS="941" WIDTH="42" HEIGHT="21" WC="0.96" CONTENT="av"/><SP WIDTH="21" VPOS="941" HPOS="805"/>
							<String ID="string_119" HPOS="826" VPOS="929" WIDTH="216" HEIGHT="31" WC="0.96" CONTENT="automatisk"/><SP WIDTH="21" VPOS="929" HPOS="1042"/>
							<String ID="string_120" HPOS="1063" VPOS="930" WIDTH="105" HEIGHT="28" WC="0.96" CONTENT="natur"/><SP WIDTH="20" VPOS="930" HPOS="1168"/>
							<String ID="string_121" HPOS="1188" VPOS="927" WIDTH="172" HEIGHT="29" WC="0.95" CONTENT="beräknas"/><SP WIDTH="21" VPOS="927" HPOS="1360"/>
							<String ID="string_122" HPOS="1381" VPOS="925" WIDTH="53" HEIGHT="30" WC="0.95" CONTENT="till"/><SP WIDTH="22" VPOS="925" HPOS="1434"/>
							<String ID="string_123" HPOS="1456" VPOS="923" WIDTH="63" HEIGHT="31" WC="0.96" CONTENT="344"/><SP WIDTH="13" VPOS="923" HPOS="1519"/>
							<String ID="string_124" HPOS="1532" VPOS="923" WIDTH="62" HEIGHT="30" WC="0.96" CONTENT="000"/>
						</TextLine>
						<TextLine ID="line_14" HPOS="95" VPOS="975" WIDTH="1500" HEIGHT="51">
							<String ID="string_125" HPOS="95" VPOS="989" WIDTH="50" HEIGHT="30" WC="0.96" CONTENT="kr."/><SP WIDTH="20" VPOS="989" HPOS="145"/>
							<String ID="string_126" HPOS="165" VPOS="988" WIDTH="127" HEIGHT="30" WC="0.95" CONTENT="Vidare"/><SP WIDTH="20" VPOS="988" HPOS="292"/>
							<String ID="string_127" HPOS="312" VPOS="987" WIDTH="138" HEIGHT="39" WC="0.96" CONTENT="utbytes"/><SP WIDTH="20" VPOS="987" HPOS="450"/>
							<String ID="string_128" HPOS="470" VPOS="995" WIDTH="43" HEIGHT="20" WC="0.96" CONTENT="en"/><SP WIDTH="19" VPOS="995" HPOS="513"/>
							<String ID="string_129" HPOS="532" VPOS="985" WIDTH="111" HEIGHT="39" WC="0.96" CONTENT="tjänst"/><SP WIDTH="21" VPOS="985" HPOS="643"/>
							<String ID="string_130" HPOS="664" VPOS="992" WIDTH="76" HEIGHT="21" WC="0.96" CONTENT="som"/><SP WIDTH="19" VPOS="992" HPOS="740"/>
							<String ID="string_131" HPOS="759" VPOS="982" WIDTH="108" HEIGHT="30" WC="0.96" CONTENT="förste"/><SP WIDTH="20" VPOS="982" HPOS="867"/>
							<String ID="string_132" HPOS="887" VPOS="980" WIDTH="128" HEIGHT="30" WC="0.96" CONTENT="kemist"/><SP WIDTH="21" VPOS="980" HPOS="1015"/>
							<String ID="string_133" HPOS="1036" VPOS="979" WIDTH="10" HEIGHT="29" WC="0.96" CONTENT="i"/><SP WIDTH="22" VPOS="979" HPOS="1046"/>
							<String ID="string_134" HPOS="1068" VPOS="979" WIDTH="50" HEIGHT="29" WC="0.95" CONTENT="Ao"/><SP WIDTH="21" VPOS="979" HPOS="1118"/>
							<String ID="string_135" HPOS="1139" VPOS="977" WIDTH="40" HEIGHT="31" WC="0.96" CONTENT="24"/><SP WIDTH="21" VPOS="977" HPOS="1179"/>
							<String ID="string_136" HPOS="1200" VPOS="979" WIDTH="73" HEIGHT="27" WC="0.96" CONTENT="mot"/><SP WIDTH="20" VPOS="979" HPOS="1273"/>
							<String ID="string_137" HPOS="1293" VPOS="986" WIDTH="41" HEIGHT="20" WC="0.96" CONTENT="en"/><SP WIDTH="22" VPOS="986" HPOS="1334"/>
							<String ID="string_138" HPOS="1356" VPOS="976" WIDTH="108" HEIGHT="29" WC="0.96" CONTENT="sådan"/><SP WIDTH="21" VPOS="976" HPOS="1464"/>
							<String ID="string_139" HPOS="1485" VPOS="975" WIDTH="110" HEIGHT="38" WC="0.96" CONTENT="tjänst"/>
						</TextLine>
						<TextLine ID="line_15" HPOS="94" VPOS="1025" WIDTH="1502" HEIGHT="44">
							<String ID="string_140" HPOS="94" VPOS="1040" WIDTH="11" HEIGHT="27" WC="0.95" CONTENT="i"/><SP WIDTH="17" VPOS="1040" HPOS="105"/>
							<String ID="string_141" HPOS="122" VPOS="1039" WIDTH="50" HEIGHT="30" WC="0.93" CONTENT="Ao"/><SP WIDTH="17" VPOS="1039" HPOS="172"/>
							<String ID="string_142" HPOS="189" VPOS="1039" WIDTH="40" HEIGHT="30" WC="0.94" CONTENT="25"/><SP WIDTH="17" VPOS="1039" HPOS="229"/>
							<String ID="string_143" HPOS="246" VPOS="1039" WIDTH="53" HEIGHT="29" WC="0.96" CONTENT="till"/><SP WIDTH="17" VPOS="1039" HPOS="299"/>
							<String ID="string_144" HPOS="316" VPOS="1047" WIDTH="43" HEIGHT="20" WC="0.95" CONTENT="en"/><SP WIDTH="15" VPOS="1047" HPOS="359"/>
							<String ID="string_145" HPOS="374" VPOS="1035" WIDTH="228" HEIGHT="31" WC="0.96" CONTENT="merkostnad"/><SP WIDTH="19" VPOS="1035" HPOS="602"/>
							<String ID="string_146" HPOS="621" VPOS="1043" WIDTH="41" HEIGHT="21" WC="0.96" CONTENT="av"/><SP WIDTH="17" VPOS="1043" HPOS="662"/>
							<String ID="string_147" HPOS="679" VPOS="1034" WIDTH="18" HEIGHT="29" WC="0.95" CONTENT="2"/><SP WIDTH="13" VPOS="1034" HPOS="697"/>
							<String ID="string_148" HPOS="710" VPOS="1033" WIDTH="63" HEIGHT="30" WC="0.95" CONTENT="000"/><SP WIDTH="19" VPOS="1033" HPOS="773"/>
							<String ID="string_149" HPOS="792" VPOS="1033" WIDTH="52" HEIGHT="28" WC="0.95" CONTENT="kr."/><SP WIDTH="18" VPOS="1033" HPOS="844"/>
							<String ID="string_150" HPOS="862" VPOS="1032" WIDTH="67" HEIGHT="29" WC="0.96" CONTENT="För"/><SP WIDTH="17" VPOS="1032" HPOS="929"/>
							<String ID="string_151" HPOS="946" VPOS="1032" WIDTH="51" HEIGHT="28" WC="0.96" CONTENT="att"/><SP WIDTH="17" VPOS="1032" HPOS="997"/>
							<String ID="string_152" HPOS="1014" VPOS="1029" WIDTH="108" HEIGHT="30" WC="0.96" CONTENT="delvis"/><SP WIDTH="18" VPOS="1029" HPOS="1122"/>
							<String ID="string_153" HPOS="1140" VPOS="1028" WIDTH="102" HEIGHT="30" WC="0.96" CONTENT="täcka"/><SP WIDTH="19" VPOS="1028" HPOS="1242"/>
							<String ID="string_154" HPOS="1261" VPOS="1026" WIDTH="224" HEIGHT="39" WC="0.93" CONTENT="föreningens"/><SP WIDTH="17" VPOS="1026" HPOS="1485"/>
							<String ID="string_155" HPOS="1502" VPOS="1025" WIDTH="94" HEIGHT="28" WC="0.92" CONTENT="kost-"/>
						</TextLine>
						<TextLine ID="line_16" HPOS="93" VPOS="1076" WIDTH="1501" HEIGHT="52">
							<String ID="string_156" HPOS="93" VPOS="1091" WIDTH="107" HEIGHT="28" WC="0.95" CONTENT="nader"/><SP WIDTH="19" VPOS="1091" HPOS="200"/>
							<String ID="string_157" HPOS="219" VPOS="1089" WIDTH="56" HEIGHT="30" WC="0.93" CONTENT="för"/><SP WIDTH="18" VPOS="1089" HPOS="275"/>
							<String ID="string_158" HPOS="293" VPOS="1083" WIDTH="595" HEIGHT="45" WC="0.91" CONTENT="potatisförädlingsverksamheten"/><SP WIDTH="22" VPOS="1083" HPOS="888"/>
							<String ID="string_159" HPOS="910" VPOS="1081" WIDTH="149" HEIGHT="30" WC="0.96" CONTENT="föreslås"/><SP WIDTH="20" VPOS="1081" HPOS="1059"/>
							<String ID="string_160" HPOS="1079" VPOS="1081" WIDTH="49" HEIGHT="28" WC="0.96" CONTENT="att"/><SP WIDTH="23" VPOS="1081" HPOS="1128"/>
							<String ID="string_161" HPOS="1151" VPOS="1079" WIDTH="124" HEIGHT="38" WC="0.96" CONTENT="Kungl."/><SP WIDTH="22" VPOS="1079" HPOS="1275"/>
							<String ID="string_162" HPOS="1297" VPOS="1077" WIDTH="103" HEIGHT="39" WC="0.95" CONTENT="Maj:t"/><SP WIDTH="24" VPOS="1077" HPOS="1400"/>
							<String ID="string_163" HPOS="1424" VPOS="1076" WIDTH="55" HEIGHT="29" WC="0.96" CONTENT="för"/><SP WIDTH="21" VPOS="1076" HPOS="1479"/>
							<String ID="string_164" HPOS="1500" VPOS="1076" WIDTH="94" HEIGHT="29" WC="0.96" CONTENT="tiden"/>
						</TextLine>
						<TextLine ID="line_17" HPOS="95" VPOS="1126" WIDTH="1500" HEIGHT="45">
							<String ID="string_165" HPOS="95" VPOS="1141" WIDTH="50" HEIGHT="29" WC="0.96" CONTENT="till"/><SP WIDTH="23" VPOS="1141" HPOS="145"/>
							<String ID="string_166" HPOS="168" VPOS="1141" WIDTH="67" HEIGHT="29" WC="0.96" CONTENT="den"/><SP WIDTH="24" VPOS="1141" HPOS="235"/>
							<String ID="string_167" HPOS="259" VPOS="1140" WIDTH="14" HEIGHT="28" WC="0.96" CONTENT="1"/><SP WIDTH="26" VPOS="1140" HPOS="273"/>
							<String ID="string_168" HPOS="299" VPOS="1138" WIDTH="143" HEIGHT="30" WC="0.96" CONTENT="oktober"/><SP WIDTH="25" VPOS="1138" HPOS="442"/>
							<String ID="string_169" HPOS="467" VPOS="1135" WIDTH="84" HEIGHT="31" WC="0.96" CONTENT="1964"/><SP WIDTH="24" VPOS="1135" HPOS="551"/>
							<String ID="string_170" HPOS="575" VPOS="1135" WIDTH="148" HEIGHT="30" WC="0.96" CONTENT="tilldelar"/><SP WIDTH="25" VPOS="1135" HPOS="723"/>
							<String ID="string_171" HPOS="748" VPOS="1133" WIDTH="205" HEIGHT="38" WC="0.96" CONTENT="föreningen"/><SP WIDTH="25" VPOS="1133" HPOS="953"/>
							<String ID="string_172" HPOS="978" VPOS="1131" WIDTH="40" HEIGHT="29" WC="0.95" CONTENT="50"/><SP WIDTH="15" VPOS="1131" HPOS="1018"/>
							<String ID="string_173" HPOS="1033" VPOS="1130" WIDTH="62" HEIGHT="30" WC="0.95" CONTENT="000"/><SP WIDTH="24" VPOS="1130" HPOS="1095"/>
							<String ID="string_174" HPOS="1119" VPOS="1130" WIDTH="52" HEIGHT="28" WC="0.96" CONTENT="kr."/><SP WIDTH="25" VPOS="1130" HPOS="1171"/>
							<String ID="string_175" HPOS="1196" VPOS="1138" WIDTH="41" HEIGHT="20" WC="0.93" CONTENT="av"/><SP WIDTH="24" VPOS="1138" HPOS="1237"/>
							<String ID="string_176" HPOS="1261" VPOS="1127" WIDTH="153" HEIGHT="30" WC="0.92" CONTENT="influtna"/><SP WIDTH="24" VPOS="1127" HPOS="1414"/>
							<String ID="string_177" HPOS="1438" VPOS="1127" WIDTH="83" HEIGHT="29" WC="0.93" CONTENT="eller"/><SP WIDTH="24" VPOS="1127" HPOS="1521"/>
							<String ID="string_178" HPOS="1545" VPOS="1126" WIDTH="50" HEIGHT="28" WC="0.92" CONTENT="in-"/>
						</TextLine>
						<TextLine ID="line_18" HPOS="96" VPOS="1183" WIDTH="766" HEIGHT="45">
							<String ID="string_179" HPOS="96" VPOS="1189" WIDTH="158" HEIGHT="39" WC="0.93" CONTENT="flytande"/><SP WIDTH="18" VPOS="1189" HPOS="254"/>
							<String ID="string_180" HPOS="272" VPOS="1185" WIDTH="390" HEIGHT="40" WC="0.90" CONTENT="införselavgiftsmedel"/><SP WIDTH="21" VPOS="1185" HPOS="662"/>
							<String ID="string_181" HPOS="683" VPOS="1185" WIDTH="20" HEIGHT="29" WC="0.92" CONTENT="å"/><SP WIDTH="20" VPOS="1185" HPOS="703"/>
							<String ID="string_182" HPOS="723" VPOS="1183" WIDTH="139" HEIGHT="40" WC="0.96" CONTENT="potatis."/>
						</TextLine>
					</TextBlock>
				</ComposedBlock>
				<ComposedBlock ID="cblock_4" HPOS="95" VPOS="1260" WIDTH="1505" HEIGHT="199">
					<TextBlock ID="block_4" HPOS="95" VPOS="1260" WIDTH="1505" HEIGHT="199">
						<TextLine ID="line_19" HPOS="142" VPOS="1260" WIDTH="1457" HEIGHT="50">
							<String ID="string_183" HPOS="142" VPOS="1273" WIDTH="185" HEIGHT="30" WC="0.96" CONTENT="Utskottet."/><SP WIDTH="18" VPOS="1273" HPOS="327"/>
							<String ID="string_184" HPOS="345" VPOS="1272" WIDTH="75" HEIGHT="30" WC="0.96" CONTENT="Vad"/><SP WIDTH="19" VPOS="1272" HPOS="420"/>
							<String ID="string_185" HPOS="439" VPOS="1270" WIDTH="127" HEIGHT="40" WC="0.95" CONTENT="Kungl."/><SP WIDTH="19" VPOS="1270" HPOS="566"/>
							<String ID="string_186" HPOS="585" VPOS="1269" WIDTH="105" HEIGHT="39" WC="0.96" CONTENT="Maj:t"/><SP WIDTH="20" VPOS="1269" HPOS="690"/>
							<String ID="string_187" HPOS="710" VPOS="1268" WIDTH="112" HEIGHT="29" WC="0.96" CONTENT="under"/><SP WIDTH="17" VPOS="1268" HPOS="822"/>
							<String ID="string_188" HPOS="839" VPOS="1267" WIDTH="115" HEIGHT="29" WC="0.93" CONTENT="denna"/><SP WIDTH="20" VPOS="1267" HPOS="954"/>
							<String ID="string_189" HPOS="974" VPOS="1263" WIDTH="255" HEIGHT="41" WC="0.91" CONTENT="anslagspunkt"/><SP WIDTH="19" VPOS="1263" HPOS="1229"/>
							<String ID="string_190" HPOS="1248" VPOS="1261" WIDTH="179" HEIGHT="40" WC="0.93" CONTENT="föreslagit"/><SP WIDTH="18" VPOS="1261" HPOS="1427"/>
							<String ID="string_191" HPOS="1445" VPOS="1260" WIDTH="154" HEIGHT="30" WC="0.92" CONTENT="biträdes"/>
						</TextLine>
						<TextLine ID="line_20" HPOS="95" VPOS="1319" WIDTH="733" HEIGHT="38">
							<String ID="string_192" HPOS="95" VPOS="1335" WIDTH="42" HEIGHT="19" WC="0.96" CONTENT="av"/><SP WIDTH="19" VPOS="1335" HPOS="137"/>
							<String ID="string_193" HPOS="156" VPOS="1324" WIDTH="180" HEIGHT="33" WC="0.95" CONTENT="utskottet,"/><SP WIDTH="20" VPOS="1324" HPOS="336"/>
							<String ID="string_194" HPOS="356" VPOS="1331" WIDTH="74" HEIGHT="22" WC="0.96" CONTENT="som"/><SP WIDTH="19" VPOS="1331" HPOS="430"/>
							<String ID="string_195" HPOS="449" VPOS="1321" WIDTH="149" HEIGHT="31" WC="0.96" CONTENT="sålunda"/><SP WIDTH="18" VPOS="1321" HPOS="598"/>
							<String ID="string_196" HPOS="616" VPOS="1319" WIDTH="212" HEIGHT="33" WC="0.96" CONTENT="hemställer,"/>
						</TextLine>
						<TextLine ID="line_21" HPOS="451" VPOS="1361" WIDTH="1149" HEIGHT="47">
							<String ID="string_197" HPOS="451" VPOS="1372" WIDTH="50" HEIGHT="28" WC="0.96" CONTENT="att"/><SP WIDTH="24" VPOS="1372" HPOS="501"/>
							<String ID="string_198" HPOS="525" VPOS="1369" WIDTH="186" HEIGHT="39" WC="0.96" CONTENT="riksdagen"/><SP WIDTH="23" VPOS="1369" HPOS="711"/>
							<String ID="string_199" HPOS="734" VPOS="1368" WIDTH="58" HEIGHT="29" WC="0.95" CONTENT="må"/><SP WIDTH="22" VPOS="1368" HPOS="792"/>
							<String ID="string_200" HPOS="814" VPOS="1367" WIDTH="52" HEIGHT="30" WC="0.95" CONTENT="till"/><SP WIDTH="22" VPOS="1367" HPOS="866"/>
							<String ID="string_201" HPOS="888" VPOS="1366" WIDTH="129" HEIGHT="39" WC="0.95" CONTENT="Bidrag"/><SP WIDTH="25" VPOS="1366" HPOS="1017"/>
							<String ID="string_202" HPOS="1042" VPOS="1365" WIDTH="51" HEIGHT="29" WC="0.96" CONTENT="till"/><SP WIDTH="22" VPOS="1365" HPOS="1093"/>
							<String ID="string_203" HPOS="1115" VPOS="1363" WIDTH="156" HEIGHT="40" WC="0.92" CONTENT="Sveriges"/><SP WIDTH="25" VPOS="1363" HPOS="1271"/>
							<String ID="string_204" HPOS="1296" VPOS="1361" WIDTH="304" HEIGHT="40" WC="0.91" CONTENT="utsädesförening"/>
						</TextLine>
						<TextLine ID="line_22" HPOS="408" VPOS="1412" WIDTH="1110" HEIGHT="47">
							<String ID="string_205" HPOS="408" VPOS="1421" WIDTH="54" HEIGHT="30" WC="0.96" CONTENT="för"/><SP WIDTH="17" VPOS="1421" HPOS="462"/>
							<String ID="string_206" HPOS="479" VPOS="1419" WIDTH="204" HEIGHT="40" WC="0.92" CONTENT="budgetåret"/><SP WIDTH="20" VPOS="1419" HPOS="683"/>
							<String ID="string_207" HPOS="703" VPOS="1417" WIDTH="150" HEIGHT="36" WC="0.92" CONTENT="1963/64"/><SP WIDTH="18" VPOS="1417" HPOS="853"/>
							<String ID="string_208" HPOS="871" VPOS="1416" WIDTH="122" HEIGHT="30" WC="0.96" CONTENT="anvisa"/><SP WIDTH="18" VPOS="1416" HPOS="993"/>
							<String ID="string_209" HPOS="1011" VPOS="1417" WIDTH="48" HEIGHT="28" WC="0.96" CONTENT="ett"/><SP WIDTH="18" VPOS="1417" HPOS="1059"/>
							<String ID="string_210" HPOS="1077" VPOS="1415" WIDTH="121" HEIGHT="38" WC="0.96" CONTENT="anslag"/><SP WIDTH="18" VPOS="1415" HPOS="1198"/>
							<String ID="string_211" HPOS="1216" VPOS="1423" WIDTH="42" HEIGHT="20" WC="0.96" CONTENT="av"/><SP WIDTH="17" VPOS="1423" HPOS="1258"/>
							<String ID="string_212" HPOS="1275" VPOS="1414" WIDTH="18" HEIGHT="29" WC="0.95" CONTENT="2"/><SP WIDTH="15" VPOS="1414" HPOS="1293"/>
							<String ID="string_213" HPOS="1308" VPOS="1412" WIDTH="62" HEIGHT="31" WC="0.95" CONTENT="246"/><SP WIDTH="13" VPOS="1412" HPOS="1370"/>
							<String ID="string_214" HPOS="1383" VPOS="1412" WIDTH="63" HEIGHT="30" WC="0.96" CONTENT="000"/><SP WIDTH="20" VPOS="1412" HPOS="1446"/>
							<String ID="string_215" HPOS="1466" VPOS="1412" WIDTH="52" HEIGHT="29" WC="0.96" CONTENT="kr."/>
						</TextLine>
					</TextBlock>
				</ComposedBlock>
				<ComposedBlock ID="cblock_5" HPOS="99" VPOS="1504" WIDTH="1503" HEIGHT="251">
					<TextBlock ID="block_5" HPOS="99" VPOS="1504" WIDTH="1503" HEIGHT="251">
						<TextLine ID="line_23" HPOS="144" VPOS="1504" WIDTH="1455" HEIGHT="47">
							<String ID="string_216" HPOS="144" VPOS="1515" WIDTH="97" HEIGHT="35" WC="0.91" CONTENT="67:0)"/><SP WIDTH="31" VPOS="1515" HPOS="241"/>
							<String ID="string_217" HPOS="272" VPOS="1516" WIDTH="125" HEIGHT="35" WC="0.96" CONTENT="Bidrag"/><SP WIDTH="25" VPOS="1516" HPOS="397"/>
							<String ID="string_218" HPOS="422" VPOS="1514" WIDTH="53" HEIGHT="29" WC="0.96" CONTENT="till"/><SP WIDTH="26" VPOS="1514" HPOS="475"/>
							<String ID="string_219" HPOS="501" VPOS="1514" WIDTH="71" HEIGHT="28" WC="0.96" CONTENT="viss"/><SP WIDTH="26" VPOS="1514" HPOS="572"/>
							<String ID="string_220" HPOS="598" VPOS="1511" WIDTH="171" HEIGHT="37" WC="0.96" CONTENT="praktiskt"/><SP WIDTH="27" VPOS="1511" HPOS="769"/>
							<String ID="string_221" HPOS="796" VPOS="1509" WIDTH="237" HEIGHT="35" WC="0.96" CONTENT="vetenskaplig"/><SP WIDTH="25" VPOS="1509" HPOS="1033"/>
							<String ID="string_222" HPOS="1058" VPOS="1507" WIDTH="264" HEIGHT="34" WC="0.96" CONTENT="växtförädling."/><SP WIDTH="27" VPOS="1507" HPOS="1322"/>
							<String ID="string_223" HPOS="1349" VPOS="1505" WIDTH="123" HEIGHT="37" WC="0.94" CONTENT="Kungl."/><SP WIDTH="26" VPOS="1505" HPOS="1472"/>
							<String ID="string_224" HPOS="1498" VPOS="1504" WIDTH="101" HEIGHT="36" WC="0.95" CONTENT="Maj:t"/>
						</TextLine>
						<TextLine ID="line_24" HPOS="99" VPOS="1554" WIDTH="1503" HEIGHT="48">
							<String ID="string_225" HPOS="99" VPOS="1566" WIDTH="65" HEIGHT="29" WC="0.96" CONTENT="har"/><SP WIDTH="20" VPOS="1566" HPOS="164"/>
							<String ID="string_226" HPOS="184" VPOS="1565" WIDTH="111" HEIGHT="30" WC="0.96" CONTENT="under"/><SP WIDTH="21" VPOS="1565" HPOS="295"/>
							<String ID="string_227" HPOS="316" VPOS="1565" WIDTH="116" HEIGHT="29" WC="0.96" CONTENT="denna"/><SP WIDTH="20" VPOS="1565" HPOS="432"/>
							<String ID="string_228" HPOS="452" VPOS="1563" WIDTH="115" HEIGHT="39" WC="0.93" CONTENT="punkt"/><SP WIDTH="26" VPOS="1563" HPOS="567"/>
							<String ID="string_229" HPOS="593" VPOS="1562" WIDTH="42" HEIGHT="33" WC="0.85" CONTENT="(s."/><SP WIDTH="25" VPOS="1562" HPOS="635"/>
							<String ID="string_230" HPOS="660" VPOS="1560" WIDTH="189" HEIGHT="35" WC="0.90" CONTENT="188—190)"/><SP WIDTH="26" VPOS="1560" HPOS="849"/>
							<String ID="string_231" HPOS="875" VPOS="1558" WIDTH="180" HEIGHT="31" WC="0.91" CONTENT="hemställt"/><SP WIDTH="21" VPOS="1558" HPOS="1055"/>
							<String ID="string_232" HPOS="1076" VPOS="1566" WIDTH="57" HEIGHT="21" WC="0.96" CONTENT="om"/><SP WIDTH="23" VPOS="1566" HPOS="1133"/>
							<String ID="string_233" HPOS="1156" VPOS="1567" WIDTH="42" HEIGHT="20" WC="0.96" CONTENT="en"/><SP WIDTH="22" VPOS="1567" HPOS="1198"/>
							<String ID="string_234" HPOS="1220" VPOS="1555" WIDTH="213" HEIGHT="31" WC="0.93" CONTENT="oförändrad"/><SP WIDTH="23" VPOS="1555" HPOS="1433"/>
							<String ID="string_235" HPOS="1456" VPOS="1554" WIDTH="146" HEIGHT="29" WC="0.92" CONTENT="medels-"/>
						</TextLine>
						<TextLine ID="line_25" HPOS="100" VPOS="1604" WIDTH="1502" HEIGHT="52">
							<String ID="string_236" HPOS="100" VPOS="1615" WIDTH="186" HEIGHT="41" WC="0.96" CONTENT="anvisning"/><SP WIDTH="17" VPOS="1615" HPOS="286"/>
							<String ID="string_237" HPOS="303" VPOS="1624" WIDTH="56" HEIGHT="21" WC="0.96" CONTENT="om"/><SP WIDTH="20" VPOS="1624" HPOS="359"/>
							<String ID="string_238" HPOS="379" VPOS="1614" WIDTH="63" HEIGHT="30" WC="0.96" CONTENT="430"/><SP WIDTH="15" VPOS="1614" HPOS="442"/>
							<String ID="string_239" HPOS="457" VPOS="1613" WIDTH="63" HEIGHT="30" WC="0.96" CONTENT="000"/><SP WIDTH="19" VPOS="1613" HPOS="520"/>
							<String ID="string_240" HPOS="539" VPOS="1613" WIDTH="52" HEIGHT="30" WC="0.95" CONTENT="kr."/><SP WIDTH="27" VPOS="1613" HPOS="591"/>
							<String ID="string_241" HPOS="618" VPOS="1613" WIDTH="6" HEIGHT="29" WC="0.96" CONTENT="I"/><SP WIDTH="20" VPOS="1613" HPOS="624"/>
							<String ID="string_242" HPOS="644" VPOS="1611" WIDTH="290" HEIGHT="38" WC="0.93" CONTENT="sammanhanget"/><SP WIDTH="19" VPOS="1611" HPOS="934"/>
							<String ID="string_243" HPOS="953" VPOS="1609" WIDTH="216" HEIGHT="33" WC="0.91" CONTENT="omnämnes,"/><SP WIDTH="21" VPOS="1609" HPOS="1169"/>
							<String ID="string_244" HPOS="1190" VPOS="1609" WIDTH="49" HEIGHT="28" WC="0.96" CONTENT="att"/><SP WIDTH="19" VPOS="1609" HPOS="1239"/>
							<String ID="string_245" HPOS="1258" VPOS="1604" WIDTH="344" HEIGHT="41" WC="0.90" CONTENT="trädgårdsnärings-"/>
						</TextLine>
						<TextLine ID="line_26" HPOS="103" VPOS="1655" WIDTH="1499" HEIGHT="50">
							<String ID="string_246" HPOS="103" VPOS="1666" WIDTH="230" HEIGHT="39" WC="0.96" CONTENT="utredningen"/><SP WIDTH="17" VPOS="1666" HPOS="333"/>
							<String ID="string_247" HPOS="350" VPOS="1666" WIDTH="67" HEIGHT="29" WC="0.96" CONTENT="den"/><SP WIDTH="17" VPOS="1666" HPOS="417"/>
							<String ID="string_248" HPOS="434" VPOS="1665" WIDTH="18" HEIGHT="30" WC="0.96" CONTENT="2"/><SP WIDTH="18" VPOS="1665" HPOS="452"/>
							<String ID="string_249" HPOS="470" VPOS="1663" WIDTH="186" HEIGHT="30" WC="0.96" CONTENT="november"/><SP WIDTH="20" VPOS="1663" HPOS="656"/>
							<String ID="string_250" HPOS="676" VPOS="1663" WIDTH="82" HEIGHT="29" WC="0.96" CONTENT="1962"/><SP WIDTH="18" VPOS="1663" HPOS="758"/>
							<String ID="string_251" HPOS="776" VPOS="1659" WIDTH="188" HEIGHT="32" WC="0.95" CONTENT="inkommit"/><SP WIDTH="18" VPOS="1659" HPOS="964"/>
							<String ID="string_252" HPOS="982" VPOS="1659" WIDTH="79" HEIGHT="30" WC="0.96" CONTENT="med"/><SP WIDTH="18" VPOS="1659" HPOS="1061"/>
							<String ID="string_253" HPOS="1079" VPOS="1658" WIDTH="131" HEIGHT="40" WC="0.96" CONTENT="förslag"/><SP WIDTH="17" VPOS="1658" HPOS="1210"/>
							<String ID="string_254" HPOS="1227" VPOS="1657" WIDTH="177" HEIGHT="40" WC="0.96" CONTENT="angående"/><SP WIDTH="18" VPOS="1657" HPOS="1404"/>
							<String ID="string_255" HPOS="1422" VPOS="1656" WIDTH="85" HEIGHT="29" WC="0.96" CONTENT="visst"/><SP WIDTH="19" VPOS="1656" HPOS="1507"/>
							<String ID="string_256" HPOS="1526" VPOS="1655" WIDTH="76" HEIGHT="30" WC="0.96" CONTENT="stöd"/>
						</TextLine>
						<TextLine ID="line_27" HPOS="101" VPOS="1709" WIDTH="1038" HEIGHT="46">
							<String ID="string_257" HPOS="101" VPOS="1717" WIDTH="35" HEIGHT="30" WC="0.93" CONTENT="åt"/><SP WIDTH="19" VPOS="1717" HPOS="136"/>
							<String ID="string_258" HPOS="155" VPOS="1713" WIDTH="547" HEIGHT="42" WC="0.90" CONTENT="växtförädlingsverksamheten"/><SP WIDTH="18" VPOS="1713" HPOS="702"/>
							<String ID="string_259" HPOS="720" VPOS="1712" WIDTH="45" HEIGHT="40" WC="0.93" CONTENT="på"/><SP WIDTH="19" VPOS="1712" HPOS="765"/>
							<String ID="string_260" HPOS="784" VPOS="1709" WIDTH="355" HEIGHT="41" WC="0.91" CONTENT="trädgårdsområdet."/>
						</TextLine>
					</TextBlock>
				</ComposedBlock>
				<ComposedBlock ID="cblock_6" HPOS="103" VPOS="1789" WIDTH="1503" HEIGHT="238">
					<TextBlock ID="block_6" HPOS="103" VPOS="1789" WIDTH="1503" HEIGHT="238">
						<TextLine ID="line_28" HPOS="148" VPOS="1789" WIDTH="1456" HEIGHT="47">
							<String ID="string_261" HPOS="148" VPOS="1800" WIDTH="184" HEIGHT="29" WC="0.93" CONTENT="Utskottet."/><SP WIDTH="18" VPOS="1800" HPOS="332"/>
							<String ID="string_262" HPOS="350" VPOS="1799" WIDTH="94" HEIGHT="30" WC="0.91" CONTENT="Enär"/><SP WIDTH="18" VPOS="1799" HPOS="444"/>
							<String ID="string_263" HPOS="462" VPOS="1797" WIDTH="171" HEIGHT="30" WC="0.96" CONTENT="utskottet"/><SP WIDTH="17" VPOS="1797" HPOS="633"/>
							<String ID="string_264" HPOS="650" VPOS="1797" WIDTH="30" HEIGHT="39" WC="0.96" CONTENT="ej"/><SP WIDTH="22" VPOS="1797" HPOS="680"/>
							<String ID="string_265" HPOS="702" VPOS="1796" WIDTH="65" HEIGHT="29" WC="0.96" CONTENT="har"/><SP WIDTH="18" VPOS="1796" HPOS="767"/>
							<String ID="string_266" HPOS="785" VPOS="1795" WIDTH="104" HEIGHT="39" WC="0.96" CONTENT="något"/><SP WIDTH="18" VPOS="1795" HPOS="889"/>
							<String ID="string_267" HPOS="907" VPOS="1796" WIDTH="50" HEIGHT="28" WC="0.96" CONTENT="att"/><SP WIDTH="19" VPOS="1796" HPOS="957"/>
							<String ID="string_268" HPOS="976" VPOS="1793" WIDTH="115" HEIGHT="30" WC="0.96" CONTENT="erinra"/><SP WIDTH="18" VPOS="1793" HPOS="1091"/>
							<String ID="string_269" HPOS="1109" VPOS="1794" WIDTH="73" HEIGHT="28" WC="0.96" CONTENT="mot"/><SP WIDTH="19" VPOS="1794" HPOS="1182"/>
							<String ID="string_270" HPOS="1201" VPOS="1792" WIDTH="65" HEIGHT="29" WC="0.96" CONTENT="vad"/><SP WIDTH="19" VPOS="1792" HPOS="1266"/>
							<String ID="string_271" HPOS="1285" VPOS="1791" WIDTH="124" HEIGHT="39" WC="0.94" CONTENT="Kungl."/><SP WIDTH="21" VPOS="1791" HPOS="1409"/>
							<String ID="string_272" HPOS="1430" VPOS="1790" WIDTH="105" HEIGHT="39" WC="0.93" CONTENT="Maj:t"/><SP WIDTH="19" VPOS="1790" HPOS="1535"/>
							<String ID="string_273" HPOS="1554" VPOS="1789" WIDTH="50" HEIGHT="29" WC="0.92" CONTENT="fö-"/>
						</TextLine>
						<TextLine ID="line_29" HPOS="103" VPOS="1848" WIDTH="577" HEIGHT="41">
							<String ID="string_274" HPOS="103" VPOS="1850" WIDTH="150" HEIGHT="39" WC="0.93" CONTENT="reslagit,"/><SP WIDTH="23" VPOS="1850" HPOS="253"/>
							<String ID="string_275" HPOS="276" VPOS="1849" WIDTH="203" HEIGHT="30" WC="0.96" CONTENT="hemställer"/><SP WIDTH="20" VPOS="1849" HPOS="479"/>
							<String ID="string_276" HPOS="499" VPOS="1848" WIDTH="181" HEIGHT="35" WC="0.96" CONTENT="utskottet,"/>
						</TextLine>
						<TextLine ID="line_30" HPOS="457" VPOS="1890" WIDTH="1149" HEIGHT="45">
							<String ID="string_277" HPOS="457" VPOS="1899" WIDTH="51" HEIGHT="28" WC="0.96" CONTENT="att"/><SP WIDTH="17" VPOS="1899" HPOS="508"/>
							<String ID="string_278" HPOS="525" VPOS="1896" WIDTH="188" HEIGHT="39" WC="0.96" CONTENT="riksdagen"/><SP WIDTH="15" VPOS="1896" HPOS="713"/>
							<String ID="string_279" HPOS="728" VPOS="1896" WIDTH="58" HEIGHT="31" WC="0.96" CONTENT="må"/><SP WIDTH="15" VPOS="1896" HPOS="786"/>
							<String ID="string_280" HPOS="801" VPOS="1895" WIDTH="51" HEIGHT="30" WC="0.96" CONTENT="till"/><SP WIDTH="18" VPOS="1895" HPOS="852"/>
							<String ID="string_281" HPOS="870" VPOS="1894" WIDTH="128" HEIGHT="39" WC="0.96" CONTENT="Bidrag"/><SP WIDTH="19" VPOS="1894" HPOS="998"/>
							<String ID="string_282" HPOS="1017" VPOS="1893" WIDTH="51" HEIGHT="29" WC="0.96" CONTENT="till"/><SP WIDTH="19" VPOS="1893" HPOS="1068"/>
							<String ID="string_283" HPOS="1087" VPOS="1892" WIDTH="68" HEIGHT="30" WC="0.96" CONTENT="viss"/><SP WIDTH="18" VPOS="1892" HPOS="1155"/>
							<String ID="string_284" HPOS="1173" VPOS="1891" WIDTH="176" HEIGHT="40" WC="0.96" CONTENT="praktiskt"/><SP WIDTH="19" VPOS="1891" HPOS="1349"/>
							<String ID="string_285" HPOS="1368" VPOS="1890" WIDTH="238" HEIGHT="39" WC="0.96" CONTENT="vetenskaplig"/>
						</TextLine>
						<TextLine ID="line_31" HPOS="414" VPOS="1941" WIDTH="1191" HEIGHT="46">
							<String ID="string_286" HPOS="414" VPOS="1947" WIDTH="257" HEIGHT="40" WC="0.95" CONTENT="växtförädling"/><SP WIDTH="28" VPOS="1947" HPOS="671"/>
							<String ID="string_287" HPOS="699" VPOS="1946" WIDTH="55" HEIGHT="30" WC="0.96" CONTENT="för"/><SP WIDTH="25" VPOS="1946" HPOS="754"/>
							<String ID="string_288" HPOS="779" VPOS="1944" WIDTH="205" HEIGHT="40" WC="0.93" CONTENT="budgetåret"/><SP WIDTH="29" VPOS="1944" HPOS="984"/>
							<String ID="string_289" HPOS="1013" VPOS="1942" WIDTH="150" HEIGHT="36" WC="0.91" CONTENT="1963/64"/><SP WIDTH="29" VPOS="1942" HPOS="1163"/>
							<String ID="string_290" HPOS="1192" VPOS="1942" WIDTH="119" HEIGHT="30" WC="0.91" CONTENT="anvisa"/><SP WIDTH="28" VPOS="1942" HPOS="1311"/>
							<String ID="string_291" HPOS="1339" VPOS="1944" WIDTH="46" HEIGHT="28" WC="0.96" CONTENT="ett"/><SP WIDTH="30" VPOS="1944" HPOS="1385"/>
							<String ID="string_292" HPOS="1415" VPOS="1941" WIDTH="121" HEIGHT="39" WC="0.95" CONTENT="anslag"/><SP WIDTH="29" VPOS="1941" HPOS="1536"/>
							<String ID="string_293" HPOS="1565" VPOS="1950" WIDTH="40" HEIGHT="20" WC="0.95" CONTENT="av"/>
						</TextLine>
						<TextLine ID="line_32" HPOS="414" VPOS="1997" WIDTH="214" HEIGHT="30">
							<String ID="string_294" HPOS="414" VPOS="1998" WIDTH="62" HEIGHT="29" WC="0.96" CONTENT="430"/><SP WIDTH="14" VPOS="1998" HPOS="476"/>
							<String ID="string_295" HPOS="490" VPOS="1997" WIDTH="63" HEIGHT="30" WC="0.96" CONTENT="000"/><SP WIDTH="24" VPOS="1997" HPOS="553"/>
							<String ID="string_296" HPOS="577" VPOS="1997" WIDTH="51" HEIGHT="29" WC="0.96" CONTENT="kr."/>
						</TextLine>
					</TextBlock>
				</ComposedBlock>
				<ComposedBlock ID="cblock_7" HPOS="587" VPOS="2124" WIDTH="537" HEIGHT="35">
					<TextBlock ID="block_7" HPOS="587" VPOS="2124" WIDTH="537" HEIGHT="35">
						<TextLine ID="line_33" HPOS="587" VPOS="2124" WIDTH="537" HEIGHT="35">
							<String ID="string_297" HPOS="587" VPOS="2127" WIDTH="45" HEIGHT="32" WC="0.92" CONTENT="H."/><SP WIDTH="17" VPOS="2127" HPOS="632"/>
							<String ID="string_298" HPOS="649" VPOS="2124" WIDTH="350" HEIGHT="35" WC="0.91" CONTENT="Veterinärväsendet"/><SP WIDTH="15" VPOS="2124" HPOS="999"/>
							<String ID="string_299" HPOS="1014" VPOS="2136" WIDTH="49" HEIGHT="19" WC="0.90" CONTENT="m."/><SP WIDTH="13" VPOS="2136" HPOS="1063"/>
							<String ID="string_300" HPOS="1076" VPOS="2135" WIDTH="48" HEIGHT="20" WC="0.91" CONTENT="m."/>
						</TextLine>
					</TextBlock>
				</ComposedBlock>
				<ComposedBlock ID="cblock_8" HPOS="108" VPOS="2201" WIDTH="1504" HEIGHT="344">
					<TextBlock ID="block_8" HPOS="108" VPOS="2201" WIDTH="1504" HEIGHT="344">
						<TextLine ID="line_34" HPOS="152" VPOS="2201" WIDTH="1451" HEIGHT="43">
							<String ID="string_301" HPOS="152" VPOS="2209" WIDTH="97" HEIGHT="35" WC="0.92" CONTENT="68:0)"/><SP WIDTH="26" VPOS="2209" HPOS="249"/>
							<String ID="string_302" HPOS="275" VPOS="2207" WIDTH="363" HEIGHT="35" WC="0.92" CONTENT="Veterinärstyrelsen:"/><SP WIDTH="25" VPOS="2207" HPOS="638"/>
							<String ID="string_303" HPOS="663" VPOS="2206" WIDTH="221" HEIGHT="34" WC="0.90" CONTENT="Avlöningar."/><SP WIDTH="21" VPOS="2206" HPOS="884"/>
							<String ID="string_304" HPOS="905" VPOS="2205" WIDTH="63" HEIGHT="29" WC="0.96" CONTENT="Det"/><SP WIDTH="24" VPOS="2205" HPOS="968"/>
							<String ID="string_305" HPOS="992" VPOS="2204" WIDTH="108" HEIGHT="29" WC="0.96" CONTENT="under"/><SP WIDTH="21" VPOS="2204" HPOS="1100"/>
							<String ID="string_306" HPOS="1121" VPOS="2203" WIDTH="153" HEIGHT="37" WC="0.96" CONTENT="punkten"/><SP WIDTH="24" VPOS="2203" HPOS="1274"/>
							<String ID="string_307" HPOS="1298" VPOS="2202" WIDTH="37" HEIGHT="29" WC="0.92" CONTENT="74"/><SP WIDTH="25" VPOS="2202" HPOS="1335"/>
							<String ID="string_308" HPOS="1360" VPOS="2203" WIDTH="42" HEIGHT="31" WC="0.89" CONTENT="(s."/><SP WIDTH="25" VPOS="2203" HPOS="1402"/>
							<String ID="string_309" HPOS="1427" VPOS="2201" WIDTH="176" HEIGHT="29" WC="0.87" CONTENT="191—192)"/>
						</TextLine>
						<TextLine ID="line_35" HPOS="109" VPOS="2251" WIDTH="1499" HEIGHT="46">
							<String ID="string_310" HPOS="109" VPOS="2258" WIDTH="195" HEIGHT="39" WC="0.95" CONTENT="framlagda"/><SP WIDTH="16" VPOS="2258" HPOS="304"/>
							<String ID="string_311" HPOS="320" VPOS="2258" WIDTH="166" HEIGHT="38" WC="0.96" CONTENT="förslaget"/><SP WIDTH="16" VPOS="2258" HPOS="486"/>
							<String ID="string_312" HPOS="502" VPOS="2256" WIDTH="145" HEIGHT="30" WC="0.93" CONTENT="innebär"/><SP WIDTH="15" VPOS="2256" HPOS="647"/>
							<String ID="string_313" HPOS="662" VPOS="2253" WIDTH="320" HEIGHT="39" WC="0.91" CONTENT="medelsanvisning"/><SP WIDTH="15" VPOS="2253" HPOS="982"/>
							<String ID="string_314" HPOS="997" VPOS="2253" WIDTH="79" HEIGHT="29" WC="0.96" CONTENT="med"/><SP WIDTH="20" VPOS="2253" HPOS="1076"/>
							<String ID="string_315" HPOS="1096" VPOS="2253" WIDTH="13" HEIGHT="29" WC="0.90" CONTENT="1"/><SP WIDTH="20" VPOS="2253" HPOS="1109"/>
							<String ID="string_316" HPOS="1129" VPOS="2252" WIDTH="60" HEIGHT="29" WC="0.90" CONTENT="106"/><SP WIDTH="15" VPOS="2252" HPOS="1189"/>
							<String ID="string_317" HPOS="1204" VPOS="2252" WIDTH="62" HEIGHT="29" WC="0.93" CONTENT="000"/><SP WIDTH="17" VPOS="2252" HPOS="1266"/>
							<String ID="string_318" HPOS="1283" VPOS="2252" WIDTH="62" HEIGHT="33" WC="0.91" CONTENT="kr.,"/><SP WIDTH="19" VPOS="2252" HPOS="1345"/>
							<String ID="string_319" HPOS="1364" VPOS="2251" WIDTH="244" HEIGHT="29" WC="0.96" CONTENT="motsvarande"/>
						</TextLine>
						<TextLine ID="line_36" HPOS="108" VPOS="2301" WIDTH="1502" HEIGHT="45">
							<String ID="string_320" HPOS="108" VPOS="2317" WIDTH="43" HEIGHT="21" WC="0.93" CONTENT="en"/><SP WIDTH="22" VPOS="2317" HPOS="151"/>
							<String ID="string_321" HPOS="173" VPOS="2306" WIDTH="289" HEIGHT="40" WC="0.91" CONTENT="anslagshöjning"/><SP WIDTH="19" VPOS="2306" HPOS="462"/>
							<String ID="string_322" HPOS="481" VPOS="2306" WIDTH="80" HEIGHT="29" WC="0.95" CONTENT="med"/><SP WIDTH="23" VPOS="2306" HPOS="561"/>
							<String ID="string_323" HPOS="584" VPOS="2305" WIDTH="60" HEIGHT="29" WC="0.96" CONTENT="126"/><SP WIDTH="13" VPOS="2305" HPOS="644"/>
							<String ID="string_324" HPOS="657" VPOS="2304" WIDTH="63" HEIGHT="30" WC="0.96" CONTENT="000"/><SP WIDTH="22" VPOS="2304" HPOS="720"/>
							<String ID="string_325" HPOS="742" VPOS="2304" WIDTH="52" HEIGHT="29" WC="0.96" CONTENT="kr."/><SP WIDTH="22" VPOS="2304" HPOS="794"/>
							<String ID="string_326" HPOS="816" VPOS="2305" WIDTH="90" HEIGHT="28" WC="0.96" CONTENT="samt"/><SP WIDTH="21" VPOS="2305" HPOS="906"/>
							<String ID="string_327" HPOS="927" VPOS="2302" WIDTH="211" HEIGHT="30" WC="0.95" CONTENT="hemställan"/><SP WIDTH="21" VPOS="2302" HPOS="1138"/>
							<String ID="string_328" HPOS="1159" VPOS="2311" WIDTH="55" HEIGHT="20" WC="0.96" CONTENT="om"/><SP WIDTH="23" VPOS="2311" HPOS="1214"/>
							<String ID="string_329" HPOS="1237" VPOS="2301" WIDTH="244" HEIGHT="30" WC="0.96" CONTENT="fastställande"/><SP WIDTH="22" VPOS="2301" HPOS="1481"/>
							<String ID="string_330" HPOS="1503" VPOS="2310" WIDTH="41" HEIGHT="20" WC="0.96" CONTENT="av"/><SP WIDTH="21" VPOS="2310" HPOS="1544"/>
							<String ID="string_331" HPOS="1565" VPOS="2309" WIDTH="45" HEIGHT="29" WC="0.95" CONTENT="ny"/>
						</TextLine>
						<TextLine ID="line_37" HPOS="111" VPOS="2350" WIDTH="1498" HEIGHT="46">
							<String ID="string_332" HPOS="111" VPOS="2358" WIDTH="262" HEIGHT="38" WC="0.91" CONTENT="avlöningsstat."/><SP WIDTH="31" VPOS="2358" HPOS="373"/>
							<String ID="string_333" HPOS="404" VPOS="2356" WIDTH="50" HEIGHT="29" WC="0.96" CONTENT="Av"/><SP WIDTH="28" VPOS="2356" HPOS="454"/>
							<String ID="string_334" HPOS="482" VPOS="2355" WIDTH="176" HEIGHT="39" WC="0.96" CONTENT="ökningen"/><SP WIDTH="30" VPOS="2355" HPOS="658"/>
							<String ID="string_335" HPOS="688" VPOS="2362" WIDTH="99" HEIGHT="22" WC="0.96" CONTENT="avses"/><SP WIDTH="29" VPOS="2362" HPOS="787"/>
							<String ID="string_336" HPOS="816" VPOS="2352" WIDTH="95" HEIGHT="32" WC="0.95" CONTENT="2100"/><SP WIDTH="29" VPOS="2352" HPOS="911"/>
							<String ID="string_337" HPOS="940" VPOS="2353" WIDTH="52" HEIGHT="29" WC="0.95" CONTENT="kr."/><SP WIDTH="31" VPOS="2353" HPOS="992"/>
							<String ID="string_338" HPOS="1023" VPOS="2352" WIDTH="53" HEIGHT="29" WC="0.96" CONTENT="för"/><SP WIDTH="31" VPOS="2352" HPOS="1076"/>
							<String ID="string_339" HPOS="1107" VPOS="2352" WIDTH="118" HEIGHT="38" WC="0.96" CONTENT="utbyte"/><SP WIDTH="30" VPOS="2352" HPOS="1225"/>
							<String ID="string_340" HPOS="1255" VPOS="2361" WIDTH="41" HEIGHT="19" WC="0.95" CONTENT="av"/><SP WIDTH="28" VPOS="2361" HPOS="1296"/>
							<String ID="string_341" HPOS="1324" VPOS="2360" WIDTH="42" HEIGHT="20" WC="0.96" CONTENT="en"/><SP WIDTH="30" VPOS="2360" HPOS="1366"/>
							<String ID="string_342" HPOS="1396" VPOS="2350" WIDTH="109" HEIGHT="39" WC="0.96" CONTENT="tjänst"/><SP WIDTH="31" VPOS="2350" HPOS="1505"/>
							<String ID="string_343" HPOS="1536" VPOS="2359" WIDTH="73" HEIGHT="19" WC="0.96" CONTENT="som"/>
						</TextLine>
						<TextLine ID="line_38" HPOS="109" VPOS="2401" WIDTH="1500" HEIGHT="45">
							<String ID="string_344" HPOS="109" VPOS="2407" WIDTH="510" HEIGHT="39" WC="0.69" CONTENT="amannens-byråsekreterare"/><SP WIDTH="30" VPOS="2407" HPOS="619"/>
							<String ID="string_345" HPOS="649" VPOS="2407" WIDTH="72" HEIGHT="27" WC="0.95" CONTENT="mot"/><SP WIDTH="30" VPOS="2407" HPOS="721"/>
							<String ID="string_346" HPOS="751" VPOS="2414" WIDTH="42" HEIGHT="20" WC="0.93" CONTENT="en"/><SP WIDTH="30" VPOS="2414" HPOS="793"/>
							<String ID="string_347" HPOS="823" VPOS="2402" WIDTH="262" HEIGHT="40" WC="0.91" CONTENT="kanslisttjänst"/><SP WIDTH="32" VPOS="2402" HPOS="1085"/>
							<String ID="string_348" HPOS="1117" VPOS="2402" WIDTH="65" HEIGHT="30" WC="0.96" CONTENT="och"/><SP WIDTH="31" VPOS="2402" HPOS="1182"/>
							<String ID="string_349" HPOS="1213" VPOS="2401" WIDTH="53" HEIGHT="30" WC="0.96" CONTENT="för"/><SP WIDTH="32" VPOS="2401" HPOS="1266"/>
							<String ID="string_350" HPOS="1298" VPOS="2401" WIDTH="240" HEIGHT="38" WC="0.95" CONTENT="förstärkning"/><SP WIDTH="31" VPOS="2401" HPOS="1538"/>
							<String ID="string_351" HPOS="1569" VPOS="2410" WIDTH="40" HEIGHT="19" WC="0.95" CONTENT="av"/>
						</TextLine>
						<TextLine ID="line_39" HPOS="110" VPOS="2450" WIDTH="1500" HEIGHT="49">
							<String ID="string_352" HPOS="110" VPOS="2458" WIDTH="205" HEIGHT="41" WC="0.96" CONTENT="personalen"/><SP WIDTH="18" VPOS="2458" HPOS="315"/>
							<String ID="string_353" HPOS="333" VPOS="2457" WIDTH="78" HEIGHT="30" WC="0.96" CONTENT="med"/><SP WIDTH="17" VPOS="2457" HPOS="411"/>
							<String ID="string_354" HPOS="428" VPOS="2466" WIDTH="42" HEIGHT="21" WC="0.93" CONTENT="en"/><SP WIDTH="17" VPOS="2466" HPOS="470"/>
							<String ID="string_355" HPOS="487" VPOS="2455" WIDTH="267" HEIGHT="39" WC="0.91" CONTENT="biträdestjänst"/><SP WIDTH="19" VPOS="2455" HPOS="754"/>
							<String ID="string_356" HPOS="773" VPOS="2454" WIDTH="54" HEIGHT="29" WC="0.93" CONTENT="för"/><SP WIDTH="18" VPOS="2454" HPOS="827"/>
							<String ID="string_357" HPOS="845" VPOS="2453" WIDTH="108" HEIGHT="31" WC="0.92" CONTENT="skriv-"/><SP WIDTH="19" VPOS="2453" HPOS="953"/>
							<String ID="string_358" HPOS="972" VPOS="2453" WIDTH="64" HEIGHT="30" WC="0.93" CONTENT="och"/><SP WIDTH="18" VPOS="2453" HPOS="1036"/>
							<String ID="string_359" HPOS="1054" VPOS="2451" WIDTH="312" HEIGHT="40" WC="0.92" CONTENT="kontorsgöromål."/><SP WIDTH="20" VPOS="2451" HPOS="1366"/>
							<String ID="string_360" HPOS="1386" VPOS="2450" WIDTH="224" HEIGHT="31" WC="0.95" CONTENT="Återstående"/>
						</TextLine>
						<TextLine ID="line_40" HPOS="111" VPOS="2501" WIDTH="1501" HEIGHT="44">
							<String ID="string_361" HPOS="111" VPOS="2505" WIDTH="375" HEIGHT="40" WC="0.91" CONTENT="anslagsuppräkning,"/><SP WIDTH="26" VPOS="2505" HPOS="486"/>
							<String ID="string_362" HPOS="512" VPOS="2505" WIDTH="62" HEIGHT="29" WC="0.92" CONTENT="123"/><SP WIDTH="13" VPOS="2505" HPOS="574"/>
							<String ID="string_363" HPOS="587" VPOS="2504" WIDTH="62" HEIGHT="30" WC="0.92" CONTENT="900"/><SP WIDTH="24" VPOS="2504" HPOS="649"/>
							<String ID="string_364" HPOS="673" VPOS="2505" WIDTH="62" HEIGHT="34" WC="0.92" CONTENT="kr.,"/><SP WIDTH="25" VPOS="2505" HPOS="735"/>
							<String ID="string_365" HPOS="760" VPOS="2503" WIDTH="157" HEIGHT="40" WC="0.96" CONTENT="påkallas"/><SP WIDTH="25" VPOS="2503" HPOS="917"/>
							<String ID="string_366" HPOS="942" VPOS="2512" WIDTH="42" HEIGHT="20" WC="0.96" CONTENT="av"/><SP WIDTH="25" VPOS="2512" HPOS="984"/>
							<String ID="string_367" HPOS="1009" VPOS="2503" WIDTH="82" HEIGHT="29" WC="0.96" CONTENT="1962"/><SP WIDTH="25" VPOS="2503" HPOS="1091"/>
							<String ID="string_368" HPOS="1116" VPOS="2502" WIDTH="57" HEIGHT="29" WC="0.93" CONTENT="års"/><SP WIDTH="24" VPOS="2502" HPOS="1173"/>
							<String ID="string_369" HPOS="1197" VPOS="2501" WIDTH="250" HEIGHT="39" WC="0.91" CONTENT="lönereglering"/><SP WIDTH="23" VPOS="2501" HPOS="1447"/>
							<String ID="string_370" HPOS="1470" VPOS="2501" WIDTH="64" HEIGHT="29" WC="0.93" CONTENT="och"/><SP WIDTH="25" VPOS="2501" HPOS="1534"/>
							<String ID="string_371" HPOS="1559" VPOS="2501" WIDTH="53" HEIGHT="29" WC="0.90" CONTENT="be-"/>
						</TextLine>
					</TextBlock>
				</ComposedBlock>
			</PrintSpace>
		</Page>
	</Layout>
</alto>
