1878 2788
254 165 18 29 2
646 165 379 32 Jordbruksutskottets
1048 165 176 31 utlåtande
1246 175 41 21 nr
1316 167 47 29 20.

258 252 114 36 lingen
403 252 195 36 ytterligare
630 252 76 29 stöd
736 259 122 28 genom
890 250 216 36 prisgaranti.
1140 249 115 37 Enligt
1285 251 92 29 detta
1408 250 111 29 beslut
1551 249 110 31 skulle
1693 249 66 36 pri-

257 306 49 26 set
324 301 44 37 på
390 302 145 30 linhalm
556 302 110 30 under
687 300 272 37 treårsperioden
984 301 216 30 1941—1943
1222 301 56 30 för
1296 300 253 30 kvalitetsklass
1571 300 14 29 I
1605 302 155 33 garante-

256 363 56 20 ras
334 354 121 34 utgöra
478 353 40 30 80
541 355 141 33 procent
703 361 42 21 av
766 351 297 36 inlösningspriset
1085 352 55 29 för
1160 350 61 37 råg
1241 360 42 20 av
1304 351 243 29 motsvarande
1568 349 56 31 års
1645 350 115 35 skörd,

258 404 88 29 dock
364 404 79 29 med
462 403 66 30 den
543 402 231 36 begränsning
792 405 49 27 att
859 402 127 36 statligt
1003 402 74 30 stöd
1095 401 77 31 icke
1189 402 110 29 skulle
1317 400 81 36 utgå
1415 401 79 30 med
1513 401 105 34 högre
1636 400 125 35 belopp

258 455 44 29 än
321 454 62 30 200
400 454 129 29 kronor
548 462 58 28 per
623 453 124 29 hektar
765 451 210 37 spånadslin.
994 452 98 29 Vissa
1110 451 223 37 jämkningar
1351 451 10 30 i
1381 451 305 30 bestämmelserna
1705 459 56 20 om

257 503 57 31 lån
338 504 198 36 godkändes
558 505 86 28 även
667 513 42 20 av
732 503 193 35 riksdagen.
950 502 209 36 Kungörelse
1182 502 123 30 härom
1327 501 202 32 utfärdades
1551 501 66 29 den
1639 502 40 28 22
1702 509 59 20 no-

259 555 138 29 vember
422 554 83 30 1940
535 553 51 39 (nr
606 552 92 40 952).

302 604 64 30 Vid
392 605 80 29 1941
495 603 54 32 års
571 604 141 36 riksdag
738 603 107 39 (prop.
867 612 42 20 nr
930 603 76 36 333;
1030 612 26 22 r.
1079 603 67 29 skr.
1169 612 42 20 nr
1231 601 74 39 501)
1334 602 172 36 medgavs,
1529 604 49 27 att
1599 600 56 30 för
1675 609 86 27 upp-

258 655 145 30 förande
428 663 42 21 av
496 654 61 30 lin-
585 655 64 29 och
674 653 358 36 hamberedningverk
1058 652 208 37 statsbidrag
1292 654 84 28 utan
1402 650 359 37 återbetalningsskyl-

259 705 114 36 dighet
403 705 111 30 skulle
539 705 118 29 kunna
686 706 144 29 lämnas.
857 698 27 35 Å
914 704 202 35 tilläggsstat
1143 703 14 29 I
1185 702 51 31 till
1265 702 185 30 riksstaten
1478 702 55 30 för
1561 699 203 38 budgetåret

261 752 141 33 1941/42
428 754 180 31 anvisades
635 755 71 30 dels
733 755 54 29 för
813 754 215 31 sistnämnda
1052 752 162 32 ändamål
1240 756 46 27 ett
1309 753 119 35 anslag
1454 762 41 20 av
1521 752 62 30 500
1595 752 63 30 000
1684 751 78 29 kro-

258 815 64 21 nor
361 806 65 30 och
466 806 70 29 dels
575 804 115 31 såsom
729 804 236 36 förstärkning
1000 813 42 21 av
1069 802 404 37 hemslöjdslånefonden
1499 805 47 27 ett
1574 802 120 35 anslag
1721 810 42 21 av

262 857 93 29 1500
369 857 64 29 000
458 857 137 29 kronor.
623 855 126 30 Tillika
775 855 146 36 medgav
945 855 195 35 riksdagen,
1167 858 50 26 att
1242 853 208 37 prisgaranti
1476 852 56 31 för
1555 852 208 36 hamphalm

259 906 92 37 finge
376 907 144 30 lämnas.
545 906 100 30 Detta
669 906 113 29 beslut
804 905 153 34 innebar,
983 908 49 26 att
1057 904 104 37 priset
1187 903 44 38 på
1255 903 205 36 hamphalm
1484 902 110 31 under
1620 900 142 32 femårs-

257 957 165 37 perioden
447 956 216 30 1942—1946
687 957 55 29 för
765 955 253 31 kvalitetsklass
1041 955 14 29 I
1079 953 243 37 garanterades
1345 954 122 35 utgöra
1492 953 41 30 50
1556 955 142 33 procent
1721 960 42 20 av

258 1007 298 37 inlösningspriset
585 1007 53 29 för
664 1006 60 36 råg
752 1015 42 21 av
820 1006 243 30 motsvarande
1091 1004 55 31 års
1174 1005 115 36 skörd,
1319 1004 89 30 dock
1436 1003 79 30 med
1544 1011 134 21 samma
1706 1002 57 29 be-

258 1057 188 38 gränsning
473 1067 73 20 som
573 1058 165 29 beslutats
764 1056 10 30 i
800 1054 98 38 fråga
923 1066 56 20 om
1006 1055 155 31 linhalm.
1189 1055 14 29 I
1230 1053 199 37 anslutning
1456 1054 51 29 till
1533 1053 93 30 detta
1651 1052 113 30 beslut

258 1108 206 30 utsträcktes
485 1108 92 30 tiden
599 1108 55 29 för
675 1106 179 37 garantien
874 1106 55 30 för
950 1106 146 30 linhalm
1116 1109 22 26 t.
1160 1114 31 22 o.
1214 1114 45 23 m.
1280 1103 39 32 år
1343 1104 93 31 1946.
1456 1103 99 32 Vissa
1575 1102 189 36 ändringar

259 1159 109 32 skulle
392 1160 86 29 även
503 1157 219 37 genomföras
747 1158 10 30 i
782 1156 97 36 fråga
903 1166 58 20 om
984 1156 306 30 bestämmelserna
1312 1154 151 30 rörande
1485 1153 59 31 lån
1565 1152 79 31 från
1668 1153 95 29 hem-

260 1208 328 37 slöjdslånefonden.
621 1207 229 36 Kungörelser
881 1206 201 31 utfärdades
1116 1206 66 30 den
1218 1206 38 29 13
1287 1213 92 21 mars
1416 1204 82 30 1942
1531 1204 71 29 dels
1635 1202 128 30 beträf-

259 1259 104 31 fande
382 1260 100 29 dessa
501 1258 186 36 ändringar
712 1257 53 39 (nr
785 1256 72 40 152)
880 1257 66 30 och
965 1257 71 29 dels
1053 1254 178 37 angående
1250 1254 207 36 statsbidrag
1476 1255 54 30 för
1548 1252 216 37 anläggande

258 1319 43 21 av
322 1309 61 30 lin-
406 1310 82 29 eller
510 1307 482 37 hampberedningsanstalter
1018 1306 53 38 (nr
1094 1304 90 40 153).

303 1355 27 35 Å
352 1360 186 30 riksstaten
562 1359 55 30 för
640 1356 202 38 budgetåret
866 1354 143 33 1942/43
1033 1355 165 32 anvisade
1222 1356 82 29 1942
1330 1354 54 31 års
1408 1355 140 35 riksdag
1574 1356 46 28 ett
1644 1353 120 35 anslag

259 1420 43 21 av
324 1411 93 30 1000
429 1410 64 30 000
512 1411 129 29 kronor
660 1408 50 31 till
729 1406 410 38 hemslöjdslånefonden.

307 1461 82 30 1943
414 1460 55 31 års
491 1459 141 36 riksdag
661 1458 108 39 (prop.
793 1468 41 20 nr
858 1459 18 29 2
900 1458 66 30 och
989 1458 76 34 344;
1087 1466 26 21 r.
1139 1457 68 30 skr.
1230 1465 41 21 nr
1295 1456 41 29 20
1360 1456 65 29 och
1449 1455 74 39 474)
1553 1455 64 29 har
1641 1454 50 30 till
1715 1453 49 30 bi-

259 1514 85 35 drag
362 1512 51 31 till
432 1512 64 30 lin-
516 1512 80 30 eller
618 1508 567 38 hampberedningsanläggningar
1204 1507 134 31 anvisat
1358 1507 70 30 dels
1449 1505 20 32 å
1489 1505 203 37 tilläggsstat
1712 1504 50 31 till

259 1561 185 30 riksstaten
462 1561 55 30 för
534 1558 202 38 budgetåret
757 1556 141 34 1942/43
918 1562 46 27 ett
983 1559 119 35 anslag
1119 1568 42 20 av
1181 1557 64 30 800
1258 1557 64 30 000
1340 1557 130 29 kronor
1488 1556 65 30 och
1571 1556 71 29 dels
1662 1555 20 30 å
1699 1553 64 31 till-

259 1612 163 36 läggsstat
440 1611 14 30 I
474 1611 50 30 till
543 1611 185 29 riksstaten
746 1609 54 31 för
819 1608 201 37 budgetåret
1042 1604 142 34 1943/44
1202 1610 46 27 ett
1266 1607 119 36 anslag
1402 1616 43 20 av
1467 1607 60 29 130
1541 1607 64 29 000
1624 1606 140 29 kronor.

257 1661 182 37 Härjämte
455 1662 46 31 ha
526 1661 107 38 (prop.
651 1671 42 20 nr
709 1662 18 28 2
746 1661 64 30 och
827 1661 76 34 344;
922 1670 26 20 r.
966 1660 67 29 skr.
1050 1669 40 20 nr
1106 1659 41 29 20
1165 1659 65 29 och
1248 1657 73 39 474)
1347 1657 19 31 å
1385 1657 215 31 sistnämnda
1616 1656 148 36 tilläggs-

259 1715 103 28 stater
384 1712 52 30 till
456 1710 237 37 förstärkning
713 1720 42 21 av
777 1708 402 37 hemslöjdslånefonden
1202 1707 150 31 anvisats
1375 1708 19 30 3
1408 1707 64 30 000
1486 1707 63 30 000
1573 1705 192 36 respektive

258 1763 63 30 600
335 1763 62 30 000
423 1763 138 30 kronor.
584 1762 65 30 Vid
674 1762 84 30 1943
782 1760 55 32 års
859 1761 140 36 riksdag
1029 1759 108 38 (prop.
1162 1769 42 20 nr
1229 1759 74 35 176;
1327 1768 26 20 r.
1377 1759 68 29 skr.
1469 1768 42 20 nr
1537 1756 72 40 178)
1641 1756 123 36 höjdes

259 1814 116 30 vidare
400 1813 306 36 maximibeloppet
732 1813 55 29 för
814 1810 207 37 statsbidrag
1047 1809 49 31 till
1120 1807 306 38 upprätthållande
1454 1818 42 20 av
1523 1805 242 38 garantipriset

259 1863 46 37 på
322 1864 61 29 lin-
404 1864 66 30 och
488 1862 206 37 hamphalm
712 1862 50 30 till
782 1862 62 30 450
864 1862 129 29 kronor
1010 1870 60 26 per
1089 1860 124 30 hektar
1233 1859 54 30 för
1305 1858 49 30 lin
1373 1861 89 27 samt
1482 1857 49 31 till
1551 1857 63 30 350
1635 1857 130 29 kronor

258 1923 62 27 per
340 1914 123 30 hektar
486 1913 54 30 för
562 1914 139 34 hampa.
726 1913 14 29 I
765 1912 169 31 samband
958 1911 144 30 härmed
1123 1910 110 30 beslöt
1255 1909 184 35 riksdagen
1463 1911 49 27 att
1534 1906 230 38 garantitiden

259 1965 110 30 skulle
389 1964 148 30 omfatta
556 1973 43 20 en
618 1962 121 37 period
759 1972 42 21 av
822 1962 71 30 fem
912 1960 38 32 år
971 1960 79 31 från
1068 1958 340 37 amorteringstidens
1429 1957 124 37 början
1573 1958 55 29 för
1648 1957 116 29 veder-

255 2015 155 30 börande
431 2013 344 37 beredningsanstalt,
799 2013 88 30 dock
909 2015 48 27 att
980 2011 229 37 garantitiden
1231 2011 10 29 i
1264 2010 84 30 intet
1370 2009 61 30 fall
1455 2009 94 36 finge
1570 2008 195 30 utsträckas

260 2067 116 34 längre
396 2067 44 28 än
459 2064 50 31 till
528 2064 38 31 år
587 2065 93 29 1950.

307 2116 82 29 1944
411 2115 56 30 års
485 2115 140 36 riksdag
651 2114 109 38 (prop.
782 2123 40 20 nr
844 2113 75 35 103;
940 2122 27 20 r.
989 2113 67 30 skr.
1078 2121 40 21 nr
1137 2110 75 40 314)
1238 2111 64 30 har
1323 2111 55 29 för
1396 2107 202 38 budgetåret
1621 2104 143 33 1944/45

260 2165 134 31 anvisat
415 2168 46 27 ett
482 2166 118 36 anslag
622 2174 42 20 av
686 2164 63 30 250
763 2164 63 30 000
846 2164 129 29 kronor
996 2163 49 30 till
1067 2159 247 37 Befrämjande
1335 2170 41 20 av
1398 2159 218 34 fröodlingen
1636 2167 46 22 m.
1704 2166 60 20 m.:

260 2216 124 36 Bidrag
427 2215 51 31 till
517 2216 60 29 lin-
620 2215 82 29 eller
741 2210 567 41 hampberedningsanläggningar
1344 2213 89 27 samt
1473 2212 46 28 ett
1560 2209 121 36 anslag
1723 2218 41 20 av

261 2266 93 31 1400
366 2268 64 29 000
454 2267 130 29 kronor
606 2265 50 31 till
677 2263 411 37 hemslöjdslånefonden.

304 2317 66 30 För
396 2317 217 30 närvarande
640 2316 117 29 finnas
782 2315 94 29 inom
902 2314 117 30 landet
1045 2314 19 30 8
1091 2312 61 31 lin-
1180 2312 66 30 och
1272 2309 491 38 hampberedningsanstalter.

258 2367 50 31 Av
329 2368 99 30 dessa
450 2368 46 29 ha
518 2367 18 30 5
560 2364 423 37 linberedningsanstalter
1006 2366 65 29 och
1095 2365 17 28 2
1137 2360 482 38 hampberedningsanstalter
1642 2358 122 37 påbör-

259 2417 51 37 jat
329 2418 51 31 sin
400 2417 221 31 verksamhet
639 2416 111 30 under
770 2416 55 29 det
843 2418 48 27 att
911 2424 42 20 en
974 2414 99 37 sjätte
1092 2411 385 37 linberedningsanstalt
1495 2429 44 3 —
1558 2412 9 29 i
1588 2408 177 31 Mellansel

259 2485 44 3 —
321 2470 37 29 är
377 2469 111 29 under
507 2467 229 37 uppförande.
