2316 2688
397 135 112 28 Andra
538 135 203 29 Kammarens
769 134 174 37 Tillfälliga
974 134 137 30 Utskotts
1135 133 76 41 (N:o
1233 133 35 41 2)
1296 135 167 29 Utlåtande
1489 134 59 31 N:o
1577 137 46 29 33.
1724 136 36 31 11

210 222 117 47 tjenst
367 220 188 46 förrättar,
597 222 92 36 skall
733 234 89 23 vara
862 220 253 65 sjelfskrifven
1143 221 167 37 ledamot
1339 221 40 37 af
1401 221 399 52 fattigvårdsstyrelse.

209 273 72 35 Det
309 272 109 36 torde
447 286 88 23 vara
563 274 78 35 skäl
672 278 54 30 att
753 273 68 35 här
849 273 135 35 liksom
1012 274 10 34 i
1053 276 134 45 många
1214 273 119 36 andra
1360 273 64 36 fall
1453 274 132 58 frångå
1603 274 198 49 sjelfskrif-

173 359 6 4 .
210 324 362 48 venhetsprincipen,
615 324 48 35 då
696 323 122 36 denna
851 324 31 47 ej
912 324 129 48 längre
1071 324 41 36 af
1135 302 72 58 den
1236 325 189 35 allmänna
1453 326 198 48 meningen
1679 327 121 47 gillas.

208 373 194 49 Rättighet
430 380 53 30 att
512 375 151 48 deltaga
689 375 11 34 i
728 374 429 59 fattigvårdsstyrelsens
1178 374 331 50 öfverläggningar
1525 376 66 36 har
1606 376 196 38 Utskottet

209 425 169 36 deremot
420 431 121 30 ansett
576 426 93 36 böra
702 426 210 35 tillkomma
940 427 32 46 ej
1005 426 144 35 mindre
1179 426 268 49 kyrkoherden
1476 435 46 28 än
1550 427 118 48 öfrige
1698 428 103 35 inom

209 475 421 48 fattigvårdsdistriktet
657 476 284 46 tjenstgörande
970 482 156 42 prester,
1155 484 66 27 när
1252 476 46 36 de
1333 480 41 31 så
1406 478 127 35 önska.
1589 477 211 37 Utskottets

207 524 138 50 förslag
374 527 128 47 skiljer
529 528 57 47 sig
620 527 109 35 alltså
748 527 10 34 i
780 526 123 36 denna
923 527 59 35 del
999 526 81 36 från
1097 526 64 36 det
1177 526 39 37 af
1227 527 134 36 Första
1383 526 226 38 Kammaren
1628 534 171 43 antagna.

344 577 78 36 Har
449 577 300 48 kretsindelning
777 577 125 36 blifvit
920 580 5 33 i
945 584 53 30 ett
1012 577 409 49 fattigvårdssamhälle
1439 578 135 45 införd,
1591 583 40 32 så
1646 580 69 35 bör
1733 581 68 35 ock

208 629 101 34 inom
339 628 129 47 hvarje
496 629 102 35 krets
627 629 119 35 finnas
775 641 44 23 en
841 629 161 35 särskild
1017 628 385 49 fattigvårdsstyrelse
1418 629 58 36 för
1491 629 312 37 handhafvandet

208 678 39 36 af
271 679 169 36 kretsens
468 678 555 50 fattigvårdsangelägenheter.

342 730 13 34 I
398 729 175 37 afseende
617 733 46 46 på
702 730 405 49 fattigvårdsstyrelses
1140 731 124 35 beslut
1298 731 162 36 rörande
1490 731 159 49 begärdt
1676 731 125 49 fattig-

208 780 208 36 understöd
445 781 68 35 och
543 781 135 47 klagan
707 780 174 37 deröfver
908 781 57 36 får
992 780 194 37 Utskottet
1214 781 166 49 åberopa
1407 781 98 37 hvad
1534 783 68 34 här
1630 781 111 37 ofvan
1762 790 40 28 är

209 831 129 35 derom
369 831 159 36 anfördt.

973 920 69 32 3:0.

732 997 77 40 Om
839 996 438 50 fattigvårdsbidrag.

343 1084 80 35 Den
453 1085 215 53 personliga
696 1084 154 48 afgiften
877 1084 57 35 för
961 1084 417 48 fattigvårdsbehofvet,
1408 1097 79 22 som
1523 1084 117 47 enligt
1675 1083 125 49 fattig-

207 1134 403 48 vårdsförordningens
652 1132 18 48 $
716 1138 43 33 10
801 1148 110 22 mom.
945 1138 11 32 1
992 1142 40 28 är
1065 1135 189 36 fastställd
1282 1136 56 34 till
1370 1137 45 34 50
1444 1142 62 28 öre
1536 1133 56 36 för
1620 1134 82 36 karl
1730 1135 68 35 och

208 1187 45 35 25
283 1192 63 29 öre
375 1185 57 35 för
461 1186 148 47 qvinna,
639 1198 111 35 synes
780 1185 194 36 Utskottet
1003 1185 86 36 med
1117 1185 63 49 fog
1207 1186 128 35 kunna
1362 1186 104 47 höjas
1494 1186 57 35 till
1584 1188 13 32 1
1631 1185 91 36 R:dr
1743 1185 57 36 för

208 1236 80 35 karl
330 1236 69 35 och
441 1239 46 33 50
521 1243 62 28 öre
612 1236 57 35 för
698 1237 149 47 qvinna.
901 1236 195 36 Utskottet
1124 1237 66 34 har
1220 1236 147 36 derföre
1398 1241 121 31 ansett
1547 1241 54 30 ett
1628 1236 133 48 tillägg
1788 1237 11 33 i

209 1300 49 21 nu
289 1286 150 49 angifna
466 1286 98 54 syfte
593 1287 92 35 böra
711 1294 109 40 göras
849 1288 57 34 till
936 1287 64 35 det
1028 1287 39 35 af
1082 1287 134 35 Första
1230 1287 227 36 Kammaren
1474 1292 161 42 antagna
1649 1285 150 50 förslag.

342 1338 14 35 I
378 1350 143 23 samma
541 1334 17 49 $
582 1337 105 36 2:dra
707 1351 110 22 mom.
860 1345 40 28 är
941 1337 188 48 stadgadt,
1165 1343 64 38 att,
1260 1351 59 22 om
1348 1339 102 34 inom
1478 1316 322 68 fattigvårdssam-

208 1388 106 43 hälle
329 1390 48 46 på
392 1388 129 36 landet
548 1387 173 46 fabriks-,
741 1389 131 35 bruks-
889 1389 91 35 eller
994 1366 275 70 grufverörelse
1296 1387 252 37 förekommer
1576 1386 40 36 af
1640 1387 71 36 den
1740 1394 60 30 ut-

207 1439 228 48 sträckning,
479 1445 53 30 att
575 1417 146 58 dervid
752 1440 188 48 begagnas
983 1445 52 30 ett
1068 1446 119 29 större
1217 1440 100 35 antal
1346 1440 183 42 arbetare,
1558 1451 80 22 som
1667 1443 133 43 utgöra

208 1502 97 36 egna
345 1491 150 47 matlag,
539 1491 91 35 eller
671 1490 240 36 innehafvare
954 1489 39 37 af
1025 1490 87 47 jord
1154 1493 48 45 på
1234 1490 128 35 landet
1390 1490 10 35 i
1429 1490 57 35 sin
1513 1489 116 48 tjenst
1658 1491 142 47 antagit

208 1540 154 36 statfolk
392 1542 91 34 eller
511 1544 20 32 å
559 1541 80 37 sina
667 1554 89 35 egor
784 1541 163 48 upplåtit
976 1540 135 37 bostad
1141 1542 91 35 eller
1261 1542 97 47 plats
1388 1540 127 36 dertill
1536 1542 36 33 åt
1592 1542 40 33 så
1651 1540 147 36 kallade

208 1591 341 48 backstugusittare
591 1592 91 35 eller
722 1592 259 48 inhyseshjon,
1024 1592 119 35 denne
1179 1605 149 35 person,
1359 1591 47 35 då
1434 1590 134 36 sådant
1596 1591 119 36 finnes
1743 1591 57 36 för

208 1641 254 49 fattigvården
491 1642 170 36 medföra
690 1642 229 48 väsendtligt
948 1648 119 30 större
1097 1649 127 41 tunga,
1260 1649 46 28 än
1340 1655 82 22 som
1451 1648 208 29 motsvaras
1689 1641 40 36 af
1753 1641 45 36 de

209 1692 135 49 bidrag
372 1693 70 35 han
473 1694 68 35 bör
569 1699 144 42 utgöra,
743 1694 95 34 skall
866 1706 90 23 vara
983 1692 151 49 skyldig
1162 1698 54 30 att
1244 1691 217 37 derutöfver
1493 1692 57 35 till
1572 1690 228 50 försörjning

209 1743 40 35 af
274 1743 45 36 de
346 1743 214 49 fattighjon,
590 1757 79 22 som
699 1744 39 35 af
762 1743 111 36 ofvan
900 1743 250 36 umförmälda
1169 1743 245 47 anledningar
1435 1743 127 34 kunna
1577 1742 223 45 tillkomma,

209 1795 125 34 lemna
373 1795 179 35 särskildt
592 1794 146 49 bidrag,
780 1807 78 23 som
900 1796 11 33 i
951 1795 94 34 brist
1087 1794 38 35 af
1162 1774 217 67 åsämjande
1407 1794 72 34 kan
1508 1792 39 36 af
1571 1791 228 50 Konungens

211 1845 417 48 Befallningshafvande
658 1846 227 35 bestämmas
913 1846 58 34 till
1000 1845 108 47 högst
1137 1847 19 34 8
1185 1844 91 36 R:dr
1303 1844 102 35 R:mt
1428 1843 58 36 för
1501 1843 130 47 hvarje
1649 1845 149 47 matlag.

209 1895 97 36 Herr
349 1909 64 22 von
453 1895 215 37 Proschwitz
711 1896 67 35 har
818 1897 55 34 uti
915 1895 111 37 ofvan
1067 1895 249 36 omförmälda
1344 1895 142 35 motion
1513 1893 204 48 föreslagit,
1747 1900 54 30 att

208 1945 285 49 ifrågavarande
523 1947 295 48 maximibelopp
849 1952 115 30 måtte
992 1947 126 34 kunna
1144 1946 105 48 höjas
1277 1946 57 34 till
1372 1948 41 33 15
1435 1944 102 36 R:dr.
1593 1943 206 46 Utskottet,

209 2009 80 23 som
318 1997 109 48 gillar
454 1998 173 47 grunden
654 1997 58 36 för
740 1997 276 36 ofvanberörda
1044 1996 209 49 stadgande
1283 1996 68 35 och
1380 1995 107 36 äfven
1522 1996 10 34 i
1567 1995 118 35 likhet
1713 1995 85 36 med

210 2048 234 35 motionären
471 2049 119 35 finner
620 2048 72 36 den
720 2062 48 22 nu
799 2048 195 36 bestämda
1022 2049 118 46 årliga
1168 2047 153 48 afgiften
1351 2046 125 36 alltför
1504 2046 117 48 ringa,
1642 2045 157 37 föreslår

210 2098 148 37 derföre
388 2099 235 36 densammas
653 2099 162 47 höjande
843 2099 57 36 till
930 2099 63 36 det
1021 2100 10 34 i
1062 2099 191 35 motionen
1280 2098 213 47 föreslagna
1521 2097 149 48 belopp.

344 2150 173 36 Rörande
544 2150 388 48 fattigvårdstungans
961 2149 193 36 ordnande
1183 2149 69 35 och
1281 2148 242 48 utjemnande
1560 2148 136 35 mellan
1724 2156 74 28 sär-

207 2201 123 37 skilda
358 2206 101 31 rotar
487 2202 102 35 inom
618 2201 64 36 det
701 2200 419 49 fattigvårdssamhälle,
1137 2200 66 36 der
1219 2199 298 47 kretsindelning
1533 2199 95 35 skall
1643 2211 154 35 genom-

208 2252 110 46 föras,
349 2253 66 36 har
444 2251 194 37 Utskottet
666 2252 66 36 här
761 2252 111 37 ofvan
900 2252 116 37 redan
1046 2252 135 36 uttalat
1208 2251 66 48 sig.
