1904 2780
281 107 39 30 96
607 111 122 39 Tredje
751 112 244 39 lagutskottets
1018 115 180 31 utlåtande
1219 127 42 20 nr
1281 118 19 29 8
1321 118 40 30 år
1383 119 82 30 1960

285 192 50 28 att
358 190 375 35 fiskevårdsområdets
755 194 160 41 delägare
938 198 139 39 utgöres
1103 208 43 20 av
1167 201 128 38 ägarna
1318 201 54 30 till
1395 202 114 31 fisket.
1535 204 12 29 I
1570 206 209 39 paragrafen

284 240 151 39 regleras
455 243 209 38 spörsmålet
683 245 9 29 i
712 244 117 31 vilken
851 248 244 41 utsträckning
1116 249 66 30 den
1204 259 75 21 som
1300 252 156 38 grundar
1476 253 164 31 fiskerätt
1662 256 43 39 på
1727 266 52 20 ar-

284 291 106 31 rende
410 292 81 30 eller
511 302 120 21 annan
650 295 257 39 nyttjanderätt
926 298 69 29 kan
1015 298 80 31 föra
1114 300 94 30 talan
1229 300 54 30 för
1304 302 117 31 fisket.

329 342 85 30 1913
438 342 56 30 års
517 343 55 40 lag
593 344 89 30 låter
702 363 44 4 —
767 355 59 21 om
849 347 87 30 intet
958 351 108 28 annat
1090 350 148 30 avtalats
1259 370 45 3 —
1327 353 204 30 arrendator
1554 355 10 29 i
1588 356 190 31 allmänhet

282 391 9 28 i
312 392 109 30 likhet
441 394 78 29 med
538 394 276 32 boställshavare
835 406 77 21 som
931 399 88 38 själv
1038 399 134 31 brukar
1191 401 161 31 bostället
1373 403 78 30 föra
1469 404 96 30 talan
1587 405 54 30 för
1661 406 115 31 fisket.

283 442 257 32 Arrendatorns
568 446 70 29 rätt
663 446 180 41 härvidlag
871 449 38 29 är
935 449 88 29 dock
1051 450 175 31 såtillvida
1251 452 199 37 inskränkt,
1477 457 50 28 att
1554 456 226 39 upplåtarens

282 493 179 39 samtycke
488 494 98 32 alltid
615 495 138 31 fordras
779 497 56 30 för
862 498 202 40 giltigheten
1090 510 43 20 av
1158 501 113 31 beslut
1300 512 58 20 om
1384 506 392 37 gemensamhetsfiskes

280 541 164 33 bildande
465 544 64 30 och
550 545 95 30 vissa
666 546 118 36 andra,
808 548 142 30 särskilt
971 550 156 31 nämnda
1148 553 221 38 avgöranden
1391 563 42 20 av
1453 564 97 21 mera
1570 556 205 41 ingripande

281 592 82 39 slag.
390 594 13 28 I
430 594 110 39 övrigt
566 596 109 38 gäller
700 596 53 31 för
779 598 204 31 arrendator
1008 600 131 30 liksom
1164 601 54 31 för
1244 604 154 30 nämnda
1425 604 275 33 boställshavare
1726 609 49 28 ati

281 644 114 28 rätten
421 645 48 29 att
493 644 178 32 företräda
693 646 105 32 fisket
821 648 12 29 i
857 651 48 28 ett
929 651 94 29 antal
1046 651 11 29 i
1080 651 101 39 lagen
1203 653 151 39 angivna
1376 654 225 32 hänseenden
1624 657 152 30 tillkom-

279 701 73 21 mer
379 694 126 39 ägaren
532 696 66 29 och
624 696 176 31 brukaren
826 708 62 20 var
914 699 53 30 för
994 700 60 40 sig.
1083 702 72 29 Har
1181 703 219 39 upplåtelsen
1427 705 91 30 skett
1545 715 44 21 av
1614 707 162 41 offentlig

278 743 204 40 myndighet
507 747 38 29 är
567 747 230 31 arrendatorn
820 749 58 29 vid
902 749 116 41 lagens
1041 751 224 42 tillämpning
1287 754 11 29 i
1321 755 69 29 allo
1412 755 181 39 jämställd
1617 757 79 30 med
1717 758 58 30 bo-

279 794 228 31 ställshavare
528 805 77 21 som
626 797 89 39 själv
733 798 132 31 brukar
885 800 170 31 bostället.

322 844 104 31 Detta
449 846 81 31 1913
554 847 58 30 års
637 848 71 40 lags
730 849 167 40 tämligen
920 851 204 31 invecklade
1147 853 139 31 schema
1310 854 193 32 återfinnes
1526 858 88 29 även
1636 858 11 29 i
1670 858 40 30 de
1733 859 41 30 ti-

277 894 118 39 digare
421 895 186 41 förslagen.
632 898 306 41 Fiskeristyrelsen
966 901 152 42 föreslog
1143 906 49 27 att
1218 904 115 30 såsom
1360 905 170 41 delägare,
1557 908 112 29 ehuru
1695 909 77 29 med

276 944 93 31 vissa
394 945 299 42 inskränkningar
717 950 10 28 i
754 949 99 40 fråga
878 959 57 22 om
957 952 172 40 viktigare
1154 955 232 39 avgöranden,
1413 957 111 29 skulle
1550 967 103 21 anses
1677 959 95 29 inne-

277 995 128 31 havare
435 1006 41 20 av
506 997 173 37 fiskerätt,
712 1009 76 20 som
818 1000 182 41 föreligger
1031 1003 108 40 enligt
1170 1005 251 31 arrendeavtal.
1453 1007 318 40 Lagberedningen,

276 1054 75 20 som
375 1046 85 31 fann
482 1047 95 31 detta
598 1048 167 32 innebära
787 1053 51 28 att
861 1052 164 41 ställning
1047 1063 44 20 av
1112 1054 159 40 delägare
1293 1056 115 30 skulle
1430 1057 198 31 tillkomma
1649 1059 122 30 endast

276 1096 204 31 arrendator
506 1099 10 29 i
544 1099 397 42 nyttjanderättslagens
968 1104 152 40 mening,
1149 1104 149 41 föreslog
1325 1108 50 28 att
1404 1106 66 30 den
1499 1108 152 30 avsedda
1679 1109 92 30 befo-

274 1146 172 38 genheten
471 1149 214 31 utsträcktes
709 1151 52 29 till
786 1160 107 22 envar
919 1162 74 20 som
1017 1154 45 39 på
1090 1156 112 38 grund
1228 1165 42 20 av
1294 1157 204 39 upplåtelse,
1526 1159 170 30 avseende
1721 1160 48 29 tid

273 1197 242 40 överstigande
536 1202 49 28 ett
607 1200 49 35 år,
677 1201 88 30 hade
787 1202 162 30 fiskerätt
969 1203 97 30 inom
1087 1205 166 31 området.
1273 1225 45 3 —
1340 1207 12 29 I
1374 1204 396 49 departementsprome-

273 1247 136 30 morian
438 1256 128 32 angavs
592 1249 67 31 den
683 1251 152 31 avsedda
859 1253 200 40 kategorien
1086 1255 115 30 såsom
1226 1257 254 36 arrendatorer,
1505 1268 80 20 vars
1610 1260 159 30 arrende-

273 1297 49 30 tid
349 1298 157 41 översteg
531 1302 48 28 ett
606 1300 48 31 år.
683 1302 125 30 Härtill
834 1304 186 30 anmärker
1047 1305 327 41 kammarkollegiet
1401 1310 49 27 att
1477 1308 67 30 den
1571 1305 197 49 föreslagna

273 1347 248 42 förmånligare
538 1351 211 40 ställningen
766 1353 55 30 för
837 1353 93 31 vissa
945 1355 406 39 nyttjanderättshavare
1368 1358 61 30 bör
1445 1360 190 38 begränsas
1652 1360 50 30 till
1720 1361 53 30 så-

272 1398 92 30 dana
382 1409 75 20 som
474 1401 64 29 har
554 1403 194 30 ensamrätt
765 1403 52 31 till
836 1404 116 30 fisket.
971 1405 475 43 Tillämpningssvårigheter
1463 1409 118 31 kunde
1599 1411 100 39 eljest
1717 1412 55 29 be-

272 1448 95 30 faras
393 1450 136 39 uppstå.
556 1451 128 31 Vidare
709 1452 204 32 framhåller
937 1455 162 41 kollegiet
1125 1459 50 27 att
1201 1457 56 30 det
1282 1459 72 29 inte
1380 1468 101 30 synes
1508 1460 169 40 föreligga
1701 1462 66 30 till-

271 1498 154 40 räckliga
449 1500 74 30 skäl
546 1504 62 32 att,
634 1502 113 30 såsom
770 1503 207 41 föreslagits,
1001 1514 39 31 ge
1064 1507 253 36 arrendatorer,
1342 1518 76 20 som
1443 1510 156 39 grundar
1623 1512 53 29 sin
1698 1513 67 29 rätt

270 1549 44 38 på
339 1550 193 39 upplåtelse
558 1561 44 20 av
627 1552 160 41 offentlig
813 1555 212 40 myndighet,
1050 1566 44 20 en
1121 1557 248 41 förmånligare
1396 1560 165 40 ställning
1588 1563 44 28 än
1658 1562 107 31 andra

270 1600 254 32 arrendatorer.
553 1603 310 41 Lagberedningen
895 1615 101 21 anser
1025 1609 52 28 att
1107 1608 57 29 det
1193 1611 10 28 i
1233 1611 260 37 promemorian
1523 1612 162 30 använda
1714 1615 52 27 ut-

270 1650 225 38 tryckssättet
519 1652 71 30 kan
617 1661 40 32 ge
680 1654 189 41 anledning
892 1656 52 31 till
967 1657 129 30 tvekan
1120 1659 62 29 och
1208 1659 120 30 därför
1352 1660 62 30 bör
1439 1657 217 49 förtydligas.

312 1710 405 42 Departementschefen.
749 1714 64 29 Det
844 1715 65 29 har
939 1715 70 30 inte
1039 1717 69 30 rått
1140 1717 112 40 någon
1284 1720 394 41 meningsmotsättning
1709 1731 55 20 om

268 1759 183 40 principen
473 1763 49 28 att
543 1762 68 30 den
634 1772 73 21 som
729 1765 80 39 äger
831 1765 114 39 nyttja
967 1768 47 28 ett
1036 1766 92 31 fiske
1151 1768 104 30 också
1277 1769 90 29 skall
1389 1770 43 29 ha
1454 1772 69 28 rätt
1545 1773 51 27 att
1619 1771 76 30 föra
1716 1774 48 28 ta-

268 1810 58 30 lan
348 1811 120 30 därför
488 1812 95 30 inom
606 1814 340 32 fiskevårdsområde
967 1817 64 30 och
1052 1818 59 29 vid
1132 1818 77 31 dess
1231 1819 174 31 bildande.
1428 1820 26 30 Å
1476 1821 110 30 andra
1608 1822 99 30 sidan
1730 1823 37 29 är

267 1860 57 30 det
343 1862 195 39 uppenbart
556 1865 51 28 att
625 1864 71 30 inte
712 1865 97 39 varje
827 1866 210 31 innehavare
1056 1877 44 21 av
1117 1869 256 39 nyttjanderätt
1392 1871 51 29 till
1463 1871 90 30 fiske
1571 1873 108 38 gärna
1697 1873 69 30 kan

267 1911 83 38 göra
377 1912 153 39 anspråk
555 1913 45 39 på
624 1914 114 31 denna
762 1916 161 39 gynnade
947 1918 176 40 ställning.
1149 1920 63 41 Jag
1237 1929 102 21 anser
1365 1920 147 31 sålunda
1538 1924 51 28 att
1615 1923 56 29 det
1695 1923 71 31 inte

267 1960 97 31 finns
389 1962 188 40 anledning
603 1966 50 28 att
678 1964 211 32 tillerkänna
915 1967 108 30 sådan
1050 1969 166 40 ställning
1240 1970 35 29 åt
1300 1971 112 29 andra
1437 1972 44 29 än
1506 1972 79 30 dem
1612 1982 74 21 som
1712 1974 54 30 för

267 2010 119 40 längre
408 2012 50 29 tid
481 2013 42 29 än
546 2015 48 28 ett
616 2014 40 30 år
677 2015 64 30 fått
763 2018 193 29 ensamrätt
979 2018 50 29 till
1053 2028 43 20 en
1120 2019 183 40 fastighets
1326 2021 78 30 hela
1427 2021 90 31 fiske
1539 2023 84 30 eller
1644 2043 43 3 —
1708 2034 56 20 om

266 2061 91 30 detta
376 2062 88 31 blott
481 2064 51 29 till
551 2073 42 20 en
616 2065 53 29 del
688 2066 97 37 ingår
804 2067 10 29 i
835 2067 351 32 fiskevårdsområdet
1204 2088 40 3 —
1261 2071 52 29 till
1332 2072 79 30 hela
1429 2073 111 30 denna
1561 2074 64 30 del.
1645 2075 120 29 Samti-

264 2110 73 40 digt
357 2112 111 30 måste
488 2114 223 40 naturligtvis
732 2116 85 31 även
839 2118 144 38 ägarens
1002 2118 150 33 intresse
1172 2120 153 31 beaktas.
1347 2123 52 29 En
1422 2124 194 39 avvägning
1636 2126 127 29 mellan

264 2161 96 30 detta
379 2162 65 30 och
464 2163 196 32 brukarens
679 2165 147 31 intresse
845 2167 12 29 i
878 2167 159 41 förening
1057 2170 80 29 med
1159 2170 119 31 kravet
1299 2172 44 40 på
1364 2182 42 20 en
1427 2174 99 29 enkel
1548 2175 90 39 regel
1662 2185 101 30 synes

264 2211 70 41 mig
353 2211 77 32 leda
449 2213 50 30 till
518 2216 50 28 att
587 2215 126 39 ägaren
733 2216 65 29 och
815 2217 175 31 brukaren
1009 2224 216 34 gemensamt
1244 2221 62 30 bör
1325 2222 36 30 få
1380 2222 176 32 företräda
1575 2224 107 31 fisket
1701 2227 62 29 när

263 2261 57 30 det
339 2263 107 38 gäller
465 2266 48 28 att
532 2266 79 38 taga
633 2266 163 42 ställning
814 2267 52 30 till
886 2268 130 31 sådana
1034 2269 206 40 ingripande
1260 2271 118 39 frågor
1398 2282 74 21 som
1492 2274 271 32 fiskevårdsom-

264 2311 102 31 rådes
394 2312 172 38 bildande,
595 2315 148 41 ändring
769 2317 65 29 och
863 2319 210 40 upplösning
1101 2321 82 29 eller
1210 2323 196 38 antagande
1434 2324 82 30 eller
1544 2326 149 39 ändring
1721 2336 42 20 av

263 2362 151 40 stadgar.
433 2364 44 29 Är
494 2365 102 39 ägare
613 2366 64 29 och
695 2366 151 31 brukare
863 2368 120 30 därvid
1000 2379 42 21 av
1060 2370 94 30 olika
1171 2372 140 39 mening
1329 2382 103 30 synes
1450 2375 211 39 avgörandet
1679 2377 82 31 böra

262 2412 197 32 tillkomma
479 2415 138 39 ägaren.
639 2417 78 29 Som
737 2417 378 42 samlingsbeteckning
1135 2420 55 31 för
1208 2421 101 32 dessa
1330 2423 91 39 slags
1443 2424 117 40 frågor
1578 2425 65 30 har
1662 2427 10 29 i
1692 2428 70 39 lag-
