1896 2786
406 137 125 40 Tredje
555 137 246 39 lagutskottets
827 134 179 30 utlåtande
1032 143 43 21 nr
1098 134 19 29 8
1142 133 39 30 år
1208 132 82 29 1960
1564 130 38 30 153

100 224 59 30 het
183 222 103 41 utgår
309 221 226 41 lagförslaget
557 220 94 30 ifrån
676 222 51 28 att
751 218 158 40 röstning
936 217 89 31 skall
1052 217 60 29 ske
1137 215 89 31 efter
1252 214 207 31 huvudtalet
1486 214 109 29 ehuru

100 274 78 30 med
199 273 183 40 möjlighet
400 272 56 30 för
474 271 187 39 delägarna
680 272 51 28 att
748 269 135 30 besluta
902 277 58 21 om
979 276 117 21 annan
1115 266 160 40 ordning.
1294 284 43 3 —
1355 265 113 30 Enkel
1488 264 110 39 majo-

100 325 83 30 ritet
204 324 89 31 skall
312 324 11 29 i
342 322 194 31 allmänhet
554 330 84 21 vara
657 320 197 39 tillräcklig.

145 375 68 30 För
232 374 114 30 beslut
366 382 58 21 om
444 371 194 41 upplåtelse
660 380 43 21 av
723 370 90 31 fiske
834 369 90 31 skall
945 369 137 34 krävas,
1103 368 155 30 förutom
1279 367 70 29 viss
1368 364 229 31 kvalificerad

101 425 189 40 majoritet,
315 424 179 39 samtycke
517 433 43 20 av
580 422 239 41 yrkesfiskare
841 421 79 29 med
943 422 75 38 eget
1041 419 91 30 fiske
1155 418 65 30 och
1246 416 142 31 därmed
1412 415 189 31 likställda.

146 476 68 29 För
233 473 342 32 fiskevårdsområde
591 473 93 30 skall
703 472 119 30 finnas
841 480 42 21 en
903 470 155 40 styrelse,
1078 478 75 21 som
1175 467 193 31 företräder
1387 466 212 30 fiskevårds-

102 525 159 31 området
280 525 75 30 utåt
374 525 64 29 och
457 523 206 31 verkställer
683 522 205 39 delägarnas
907 520 124 31 beslut.

146 576 244 30 Kostnaderna
410 575 55 30 för
485 572 359 32 fiskevårdsområdes
865 571 165 30 bildande
1050 571 89 29 skall
1158 569 11 30 i
1189 569 136 40 princip
1344 568 104 30 bäras
1469 576 42 21 av
1531 566 68 30 del-

104 629 130 38 ägarna
258 627 120 39 själva.
402 626 53 30 Då
478 625 59 30 det
559 624 193 30 emellertid
775 623 105 30 också
903 622 56 30 får
983 630 101 22 anses
1107 630 83 20 vara
1215 622 48 27 ett
1286 619 146 30 allmänt
1456 618 147 30 intresse

103 680 51 27 att
170 675 371 32 fiskevårdsområden
562 675 158 29 kommer
740 674 51 29 till
813 672 113 36 stånd,
947 672 62 29 bör
1029 671 123 39 bidrag
1172 670 121 30 härtill
1313 670 122 29 kunna
1457 668 82 40 utgå
1558 676 43 21 av

104 728 180 29 allmänna
301 726 121 31 medel.
442 726 133 30 Genom
592 727 50 28 att
660 724 123 30 därvid
801 724 11 29 i
828 723 71 30 viss
917 721 247 39 utsträckning
1183 723 80 37 taga
1279 720 12 29 i
1310 719 153 40 anspråk
1483 718 41 30 de
1544 727 57 20 en-

103 778 62 40 ligt
188 777 221 39 vattenlagen
434 775 172 41 utgående
631 785 26 21 s.
683 775 34 29 k.
742 773 289 40 fiskeavgifterna
1058 771 116 30 finnes
1199 770 182 40 möjlighet
1406 771 51 28 att
1483 769 118 30 lämna

104 829 122 40 bidrag
244 830 86 28 utan
347 830 50 28 att
415 827 192 30 riksstaten
623 826 163 30 belastas.

148 879 13 30 I
182 878 263 41 propositionen
466 876 147 31 föreslås
631 878 52 29 att
704 876 67 29 den
790 875 184 39 möjlighet
995 883 75 20 som
1091 882 47 20 nu
1160 872 183 39 föreligger
1364 870 55 30 för
1441 870 159 39 delägare

104 931 10 28 i
132 929 158 31 samfällt
309 929 90 30 fiske
418 930 51 28 att
488 927 140 41 påkalla
647 926 224 40 myndighets
889 924 214 31 medverkan
1121 923 55 30 för
1194 924 51 28 att
1264 922 36 30 få
1318 921 52 30 till
1390 920 104 31 stånd
1512 919 88 31 före-

105 979 144 31 skrifter
274 988 57 21 om
353 978 114 40 dylikt
492 977 108 31 fiskes
625 976 186 41 nyttjande
837 975 90 30 skall
951 973 153 31 kvarstå.
1128 973 101 30 Dock
1253 971 147 32 föreslås
1425 971 70 29 den
1518 969 83 31 änd-

104 1031 124 39 ringen
245 1032 51 28 att
313 1028 169 32 domstols
501 1027 203 31 nuvarande
721 1026 197 39 befattning
936 1025 80 30 med
1036 1024 125 30 sådant
1179 1022 127 31 ärende
1325 1021 206 39 överflyttas
1548 1020 52 29 till

105 1080 260 40 länsstyrelsen.

149 1130 371 31 Fiskevårdsområdet
538 1128 149 32 föreslås
703 1128 38 30 få
758 1129 68 29 rätt
845 1129 50 28 att
915 1127 116 30 såsom
1049 1124 225 40 målsägande
1292 1123 117 30 beivra
1429 1122 72 30 inte
1519 1121 87 29 blott

105 1181 167 30 förseelse
290 1183 73 28 mot
380 1180 102 40 lagen
501 1188 59 22 om
576 1176 368 32 fiskevårdsområden
964 1177 87 29 utan
1069 1177 87 28 även
1174 1174 141 39 olovligt
1335 1173 101 30 fiske.

149 1233 76 29 Den
246 1230 198 40 föreslagna
468 1229 267 40 lagstiftningen
757 1227 136 31 medför
916 1226 286 40 följdändringar
1222 1225 12 29 i
1254 1242 45 4 —
1319 1223 158 31 förutom
1497 1222 105 30 fiske-

105 1282 192 39 rättslagen
319 1300 44 4 —
386 1280 145 40 lagarna
555 1289 57 21 om
636 1278 267 31 fiskearrenden
925 1278 69 29 och
1020 1275 293 40 samäganderätt.
1339 1274 68 30 För
1432 1273 68 30 den
1524 1273 79 29 när-

106 1342 96 22 mare
228 1331 270 40 tillämpningen
524 1340 41 21 av
590 1331 100 39 lagen
717 1338 58 21 om
801 1326 367 32 fiskevårdsområden
1195 1325 205 30 förutsättes
1429 1322 173 31 särskilda

106 1382 263 31 bestämmelser
389 1382 144 29 komma
555 1383 49 28 att
625 1380 162 30 utfärdas
808 1380 11 29 i
839 1377 262 32 administrativ
1121 1376 159 39 ordning.

509 1536 59 32 IV.
589 1534 285 44 Propositionens
895 1530 324 35 tillkomsthistoria

152 1629 77 29 Den
254 1628 39 30 26
317 1627 70 39 maj
417 1625 83 31 1950
525 1625 159 40 uppdrog
708 1624 125 39 Kungl.
859 1623 106 39 Maj:t
989 1622 35 30 åt
1048 1619 296 40 fiskeristyrelsen
1367 1618 81 30 med
1473 1618 132 29 statens

109 1678 246 31 fiskeriförsök
378 1679 50 28 att
450 1676 81 30 med
553 1676 195 30 beaktande
770 1684 42 20 av
833 1673 65 30 vad
923 1682 76 21 som
1021 1671 136 31 anförts
1180 1671 11 29 i
1213 1668 263 42 propositionen
1499 1676 41 20 nr
1563 1666 40 30 60

109 1729 51 29 till
182 1728 83 30 1950
285 1728 57 30 års
360 1727 143 39 riksdag
521 1727 79 29 med
619 1726 131 39 förslag
769 1725 52 29 till
839 1724 56 39 lag
913 1732 57 21 om
990 1724 70 28 rätt
1078 1722 53 29 till
1151 1721 101 33 fiske,
1273 1719 157 39 företaga
1448 1727 42 21 en
1510 1718 93 29 över-

110 1789 64 30 syn
196 1779 46 30 bl.
266 1788 29 20 a.
319 1787 42 21 av
383 1778 42 30 de
448 1778 11 29 i
483 1775 411 32 fiskerättskommitténs
918 1772 222 31 betänkande
1164 1771 80 30 med
1268 1770 130 38 förslag
1422 1768 53 30 till
1500 1767 104 30 fiske-

108 1830 55 39 lag
188 1829 102 35 (SOU
312 1828 97 30 1947:
425 1827 60 34 47)
510 1828 179 38 upptagna
707 1823 312 32 bestämmelserna
1039 1821 178 40 angående
1238 1812 366 50 fiskevårdsområden

109 1881 91 29 samt
227 1888 58 20 om
310 1878 195 40 upplåtelse
532 1886 41 20 av
599 1876 163 30 fiskerätt
789 1876 164 28 ävensom
981 1875 50 27 att
1058 1872 51 30 till
1137 1870 127 40 Kungl.
1291 1869 106 39 Maj:t
1424 1868 181 30 inkomma

108 1930 79 30 med
203 1929 43 30 de
261 1929 140 38 förslag,
418 1927 116 30 vartill
552 1926 220 31 sistnämnda
787 1926 147 36 översyn
951 1922 118 30 kunde
1086 1920 192 31 föranleda.
1295 1920 74 29 Den
1387 1918 19 30 8
1423 1918 79 40 juni
1522 1917 79 30 1951

109 1980 110 30 erhöll
239 1979 169 39 styrelsen
427 1977 153 30 därefter
599 1977 10 28 i
628 1975 160 40 uppdrag
806 1976 50 29 att
880 1975 4 28 i
905 1972 170 32 samband
1095 1971 79 30 med
1194 1969 236 40 fullgörandet
1450 1977 42 21 av
1511 1968 94 29 över-

110 2040 110 30 synen
242 2039 43 20 av
306 2029 40 30 de
369 2028 199 39 föreslagna
590 2025 310 32 bestämmelserna
924 2022 178 40 angående
1126 2018 368 33 fiskevårdsområden
1518 2018 87 39 jäm-

108 2081 55 29 väl
181 2079 189 31 verkställa
388 2088 42 20 en
450 2077 187 39 utredning
656 2075 178 40 angående
853 2073 190 39 uttagande
1063 2081 41 20 av
1122 2071 117 30 lokala
1258 2067 347 40 fiskevårdsavgifter

110 2133 91 28 samt
223 2132 50 28 att
294 2130 51 29 till
367 2128 126 39 Kungl.
516 2127 105 39 Maj:t
642 2126 182 30 inkomma
844 2124 80 29 med
945 2124 42 29 de
1009 2122 140 38 förslag,
1172 2120 115 30 vartill
1310 2118 221 32 sistnämnda
1553 2119 53 27 ut-

109 2181 147 38 redning
273 2179 117 30 kunde
408 2177 192 31 föranleda.

153 2230 79 30 Med
258 2229 77 30 slöd
360 2238 41 20 av
425 2227 127 39 Kungl.
577 2226 124 39 Maj:ts
726 2222 303 41 bemyndiganden
1054 2222 67 29 den
1146 2221 41 29 26
1213 2220 70 38 maj
1314 2219 82 29 1950
1423 2220 91 28 samt
1539 2217 66 30 den

110 2281 18 30 8
150 2280 79 39 juni
251 2278 66 31 och
338 2278 66 30 den
427 2277 19 30 6
469 2277 67 39 juli
560 2275 80 30 1951
666 2274 192 30 tillkallade
880 2271 200 31 dåvarande
1104 2269 188 32 statsrådet
1315 2268 64 30 och
1402 2267 126 30 chefen
1552 2267 53 29 för

109 2328 470 41 jordbruksdepartementet
605 2324 220 31 sistnämnda
848 2323 67 38 dag
940 2321 157 39 följande
1121 2327 167 32 personer
1312 2320 50 28 att
1387 2317 115 31 såsom
1529 2316 78 30 sak-

109 2378 157 39 kunniga
289 2376 138 30 biträda
448 2375 174 39 styrelsen
646 2373 58 30 vid
729 2373 193 38 översynen
946 2371 10 29 i
982 2369 155 31 nämnda
1164 2368 106 34 delar,
1296 2367 177 38 nämligen
1498 2365 107 30 fiska-

111 2439 61 21 ren
197 2430 38 29 Å.
263 2429 189 32 Aronsson,
480 2425 163 40 Ryssebo,
669 2423 275 35 Kristinehamn,
971 2420 198 31 ledamoten
1196 2428 42 20 av
1263 2418 207 39 riksdagens
1496 2416 109 30 första

111 2481 191 32 kammare,
323 2479 108 29 förste
452 2477 209 30 assistenlen
682 2475 37 29 F.
740 2475 23 28 I.
784 2474 80 33 Boo,
885 2471 119 35 Borås,
1026 2470 238 40 jägmästaren
1285 2468 36 29 E.
1343 2468 36 29 G.
1400 2468 37 29 B.
1460 2466 146 40 Dyberg,
