2202 2632
459 187 44 32 10
875 187 260 33 Statsutskottets
1169 189 177 32 Utlåtande
1371 189 67 32 N:o
1468 192 28 29 5.

1608 315 120 40 Kronor
1831 304 117 25 Summa

1731 337 4 5 |
1832 338 115 25 kronor.

1402 429 158 32 Transport
1665 443 33 4 —
1744 444 31 3 I—|
1819 430 111 33 389,919
1957 431 39 27 150!

428 477 13 23 1
461 477 190 31 trumslagare
671 477 70 24 eller
758 477 193 29 hornblåsare,
969 476 89 32 jämte
1077 478 152 24 underhåll
1247 478 29 25 in
1294 482 112 26 natura,
1426 479 49 25 lön
1665 480 51 26 150
1744 495 31 3 |—

561 511 185 32 dagaflöning
765 513 17 23 å
800 512 57 29 0,30
876 512 91 24 krona
985 512 9 24 i
1013 513 47 24 365
1081 513 91 31 dagar
1198 532 4 5 .
1232 533 313 6 ..........
1666 514 50 26 109
1743 515 33 25 150
1878 524 51 27 259
1957 515 39 37 150!

426 570 31 24 EE
1664 580 34 4 —
1736 557 38 43 ||
1852 566 78 31 5968
1957 568 38 27 [50

1318 624 118 25 Summa
1454 625 105 25 kronor
1664 640 34 4 —
1735 609 39 51 -
1818 627 111 31 396,147
1950 611 45 51 150]

400 703 86 27 Anm.
505 704 28 26 1.
568 706 64 25 Den
659 706 46 25 för
731 707 171 25 underbefäl
929 708 32 24 af
985 708 272 31 manskapsklassen
1275 709 88 25 bland
1381 710 203 25 volontärerna
1602 715 150 30 upptagna
1771 713 164 33 aflöningen
1953 719 43 21 ut-

400 882 86 26 Anm.
505 881 28 27 2.

401 1018 87 27 Anm.
507 1018 29 27 3.

398 1153 88 27 Anm.
504 1132 30 48 4.

569 753 84 27 göres
687 749 32 25 af
747 749 97 32 menig
870 750 148 25 volontärs
1046 750 289 33 aflöningsförmåner
1360 751 90 32 jämte
1478 753 101 32 tillägg
1606 754 47 25 för
1680 756 315 34 befälsbeställningen,

567 791 116 25 hvadan
711 792 140 32 afgående
871 793 102 25 sådant
991 793 170 25 underbefäl
1179 793 157 26 bibehålles
1355 794 49 25 vid
1422 795 370 35 volontärsbeställningen,
1811 800 64 24 med
1894 800 66 25 dess
1980 802 15 22 å

569 836 59 22 stat
645 837 149 29 upptagna
812 835 152 29 förmåner,
983 835 58 25 tills
1061 836 48 24 det
1125 835 109 31 jämväl
1253 836 126 25 därifrån
1399 837 105 32 skiljes.

569 884 56 26 Vid
651 885 143 25 vakanser
816 886 10 24 i
848 886 185 25 underbefäls
1056 886 69 25 eller
1151 887 275 33 beställningsmäns
1445 889 280 27 volontärsnummer
1743 893 45 23 må
1806 892 91 25 under
1915 892 80 26 tiden

567 927 44 24 till
638 929 203 24 motsvarande
871 929 77 24 antal
977 928 111 32 menige
1116 929 165 25 volontärer
1306 933 71 30 utgå
1404 931 46 25 för
1479 932 80 25 desse
1578 932 10 25 i
1607 936 60 22 stat
1686 934 135 25 anvisade
1841 935 153 33 aflönings-

567 970 152 25 förmåner.

571 1021 111 25 Endast
711 1022 13 23 1
750 1022 315 32 gevärshandtverkare
1089 1023 73 25 skall
1185 1024 74 24 efter
1281 1025 172 31 genomförd
1480 1025 198 33 organisation
1707 1029 16 23 å
1747 1031 58 22 stat
1829 1028 165 30 förefinnas,
2017 1044 3 3 -

567 1063 145 30 hvarföre,
748 1064 50 25 vid
835 1064 107 33 afgång
978 1064 10 25 i
1024 1066 90 24 sådan
1141 1066 177 33 beställning
1336 1067 177 33 tillsättning
1539 1068 75 26 först
1640 1072 47 22 må
1715 1070 215 33 ifrågakomma,
1960 1073 34 24 då

572 1106 55 25 den
646 1106 144 26 erfordras
809 1107 45 24 för
872 1108 252 31 upprätthållande
1144 1109 31 24 af
1192 1108 121 25 allenast
1331 1117 35 17 en
1385 1110 79 31 dylik
1482 1111 182 33 beställning.

570 1157 171 32 Löntagare,
770 1166 61 16 som
858 1158 203 26 tillförsäkrats
1090 1160 90 24 andra
1207 1163 37 21 än
1263 1160 33 24 de
1314 1160 46 25 för
1378 1160 106 26 honom
1503 1162 86 25 ofvan
1609 1162 120 33 angifna
1748 1164 245 33 aflöningsförmå-

567 1207 97 22 nerna,
684 1200 158 25 bibebålles
861 1200 49 25 vid
929 1201 63 25 sina
1010 1201 206 26 förutvarande
1236 1202 295 33 aflöningsförmåner,
1551 1205 97 25 därest
1660 1206 59 25 han
1731 1206 62 25 icke
1807 1206 69 32 själf
1888 1208 106 25 önskar

569 1242 119 32 öfvergå
707 1242 45 25 till
771 1243 34 25 de
823 1242 10 25 i
852 1243 93 25 denna
964 1247 58 22 stat
1040 1244 46 24 för
1103 1245 107 24 honom
1228 1248 155 29 upptagna.
