1882 2814
542 162 274 30 Statsutskottets
842 160 176 32 utlåtande
1043 170 40 19 nr
1106 161 69 28 2458.
1592 153 17 27 3

103 249 183 30 omvittnat
309 252 48 27 att
383 249 89 29 färre
494 248 245 34 sjukdomsfall
762 246 263 35 diagnostiseras
1048 246 37 35 ju
1108 246 116 34 längre
1247 246 77 29 bort
1347 254 80 20 man
1450 245 156 29 kommer

105 291 78 31 från
205 292 133 30 landets
361 291 88 30 enda
474 290 277 34 specialkliniker
779 289 22 34 (i
824 287 210 35 Stockholm)
1065 289 64 28 och
1154 291 49 26 att
1226 287 126 35 många
1376 286 100 36 sjuka
1499 286 107 30 hinna

106 335 160 33 hopplöst
288 335 189 29 försämras
498 333 80 30 eller
602 336 19 26 t.
641 342 29 20 o.
692 342 44 19 m.
758 332 54 33 dö,
834 332 107 28 innan
959 347 43 3 —
1022 330 10 30 i
1052 330 40 30 de
1113 331 60 28 fall
1198 330 62 29 där
1282 329 207 35 sjukdomen
1510 329 95 29 verk-

101 374 88 36 ligen
206 374 279 35 diagnostiserats
499 391 44 3 —
555 373 89 35 plats
662 373 68 29 kan
745 372 142 30 beredas
904 371 57 30 vid
977 370 334 37 specialklinikerna.
1332 369 69 31 För
1415 370 195 36 förläggan-

104 419 55 29 det
176 429 40 19 av
235 428 42 20 en
297 418 191 30 medicinsk
506 417 165 33 högskola
689 417 50 29 till
757 418 80 28 övre
857 416 170 29 Norriand
1047 416 86 28 talar
1151 415 188 30 emellertid
1359 414 69 31 inte
1445 415 83 29 bara
1550 414 55 29 det

107 462 144 32 faktum,
275 465 48 26 att
346 461 143 29 behovet
511 469 42 20 av
574 459 278 35 specialkliniker
876 460 37 28 är
935 458 189 35 trängande
1145 458 65 29 och
1234 460 48 27 att
1306 458 66 29 den
1394 456 213 30 medicinska

105 504 224 33 forskningen
349 503 94 30 inom
466 503 86 29 flera
571 501 165 30 områden
757 500 109 31 måste
886 500 143 32 inriktas
1050 499 45 36 på
1115 499 152 36 speciellt
1287 499 229 30 norrländska
1539 499 66 29 för-

106 546 194 33 hållanden,
324 550 83 26 utan
430 545 105 30 också
558 548 48 26 att
628 546 65 29 den
716 544 212 30 medicinska
952 542 291 35 undervisningen
1266 543 57 29 vid
1345 543 42 29 de
1411 545 49 28 tre
1482 541 123 30 utbild-

104 589 275 33 ningsanstalter,
398 597 73 21 som
487 597 47 20 nu
553 588 124 32 finnas,
696 588 155 28 avsevärt
870 587 157 29 hämmas
1045 594 41 20 av
1104 585 127 30 bristen
1250 585 44 35 på
1312 584 293 35 klinikutrymme,

105 632 164 29 moderna
292 631 233 30 laboratorier,
548 629 174 31 bristande
747 630 146 29 kontakt
915 629 79 29 med
1017 628 108 29 andra
1149 627 334 35 forskningsgrenar,
1507 627 44 29 bl.
1576 636 29 20 a.

106 674 161 33 organisk
288 673 101 34 kemi,
408 672 263 34 odontologiska
688 672 101 34 gebit,
811 671 179 35 psykologi
1012 671 64 29 och
1096 670 171 34 sociologi,
1289 672 89 28 samt
1397 669 212 36 professorer

104 716 65 29 och
188 716 109 29 andra
316 717 119 28 lärare.
456 715 13 29 I
489 715 44 29 bl.
556 724 28 20 a.
605 714 267 34 bostadshygien
891 714 64 29 och
976 712 267 35 näringshygien
1264 713 150 29 behövas
1437 712 170 29 särskilda

107 758 409 34 norrlandsprofessurer.

151 801 148 29 Behovet
323 810 41 21 av
389 801 213 31 tandläkare,
627 799 106 30 vilket
759 808 74 21 som
857 799 128 29 bekant
1010 799 39 29 är
1072 798 137 34 mycket
1233 799 84 28 stort
1344 796 10 30 i
1379 797 76 30 hela
1480 795 126 36 landet,

109 845 37 28 är
167 843 138 31 särskilt
327 843 191 33 trängande
541 843 11 29 i
577 842 180 29 Norrland.
783 842 62 29 Det
869 842 38 29 är
929 841 137 34 mycket
1089 840 197 29 osannolikt
1309 842 48 27 att
1384 840 90 29 detta
1500 838 109 30 behov

107 887 155 28 kommer
285 889 47 27 att
355 886 111 33 fyllas,
490 895 57 20 om
571 884 89 30 båda
683 885 41 29 de
746 893 69 25 nya
839 882 327 31 tandläkarinstitut,
1190 892 74 20 som
1291 881 181 36 riksdagen
1497 882 110 29 beslu-

107 929 78 29 tade
203 928 94 34 1945,
315 928 47 30 bli
379 928 158 34 förlagda
558 927 49 30 till
624 927 101 30 södra
744 925 145 35 Sverige.

154 970 242 34 Utbildningen
426 979 41 20 av
497 968 272 34 socialarbetare,
801 978 73 20 som
905 977 47 21 nu
984 969 78 33 äger
1093 977 75 19 rum
1199 967 55 29 vid
1286 966 284 30 socialinstituten
1601 964 8 30 i

104 1013 201 29 Stockholm
330 1013 65 29 och
423 1011 179 35 Göteborg,
628 1012 167 33 kommer,
821 1011 105 29 sedan
951 1009 236 31 socialvården
1215 1010 65 29 blir
1305 1009 212 29 reformerad
1543 1007 64 30 och

108 1057 117 29 kravet
241 1055 46 35 på
302 1056 223 34 personalens
542 1054 281 30 kvalifikationer
841 1053 106 34 höjes,
966 1055 46 27 att
1030 1054 106 28 kräva
1154 1052 208 30 inrättandet
1382 1061 41 20 av
1440 1054 45 28 ett
1503 1049 108 36 tredje

106 1098 250 31 socialinstitut.

153 1142 51 30 En
224 1141 108 34 tredje
350 1141 135 31 teknisk
503 1140 176 34 högskola,
699 1140 134 33 förlagd
854 1138 50 31 till
922 1138 181 34 Norrland,
1123 1138 62 29 har
1204 1138 99 34 länge
1321 1136 87 30 varit
1426 1140 44 26 ett
1490 1136 119 30 önske-

108 1184 77 31 mål.
211 1182 318 33 Cellulosakemien,
555 1185 45 27 ett
625 1181 119 32 hittills
768 1191 42 20 av
836 1184 109 28 staten
969 1181 207 29 försummat
1201 1181 111 33 ämne,
1338 1188 75 21 som
1437 1177 172 32 överlåtits

108 1228 34 30 åt
165 1228 135 34 privata
325 1227 101 33 bolag
451 1229 48 27 att
523 1226 157 29 utforska
703 1225 66 29 och
795 1223 263 35 monopolisera,
1085 1224 69 28 kan
1178 1222 72 29 visa
1275 1223 107 34 vägen
1411 1222 55 29 för
1490 1223 45 28 ett
1559 1225 50 26 ut-

105 1269 174 29 vinnande
302 1277 43 21 av
368 1266 136 36 väldiga
531 1265 197 30 rikedomar
750 1267 10 29 i
784 1265 181 30 Norrland.
990 1263 314 36 Bergforskningen
1330 1263 125 30 kräver
1479 1262 133 30 institu-

105 1312 122 33 tioner,
247 1309 227 32 lokaliserade
494 1308 50 31 till
564 1309 41 29 de
627 1307 175 37 områden,
825 1317 74 20 som
917 1308 83 29 böra
1020 1306 185 32 utforskas.
1228 1306 51 29 En
1298 1304 316 38 byggnadsteknisk

109 1354 182 34 avdelning
310 1354 106 30 borde
433 1352 106 31 också
558 1352 77 34 ingå
656 1352 9 30 i
686 1352 113 29 denna
819 1351 157 30 tekniska
995 1351 155 29 fakultet.
1173 1348 196 36 Säkerligen
1389 1351 39 28 är
1446 1348 104 30 också
1570 1357 42 20 en

109 1396 267 31 elektroteknisk
397 1395 183 33 avdelning
600 1394 200 30 motiverad.

155 1440 254 33 Betingelserna
438 1439 55 29 för
521 1437 203 34 jordbruket
755 1437 9 29 i
796 1437 80 29 övre
907 1435 170 29 Norrland
1108 1436 59 28 äro
1199 1435 7 29 i
1238 1433 124 35 många
1393 1433 219 30 hänseenden

110 1483 218 29 annorlunda
346 1482 45 29 än
410 1481 9 29 i
440 1480 116 33 övriga
575 1480 95 29 delar
686 1489 42 19 av
748 1478 144 34 Sverige.
913 1478 72 29 Inte
1005 1478 122 28 endast
1145 1479 38 27 är
1201 1475 304 36 vegetationstiden
1525 1476 86 28 kort,

107 1526 83 26 utan
217 1523 43 29 de
286 1522 141 35 mycket
452 1521 102 29 korta
584 1519 149 30 vårarna
762 1519 67 30 och
856 1519 168 29 höstarna
1053 1526 39 27 ge
1120 1518 223 34 synnerligen
1373 1517 80 29 kort
1482 1516 50 30 tid
1559 1515 56 30 för

106 1563 269 36 bearbetningen
400 1573 43 20 av
468 1563 67 29 den
560 1563 115 34 öppna
699 1561 117 30 åkern.
842 1559 250 37 Växtodlingen
1115 1559 55 31 får
1194 1559 121 30 därför
1338 1568 42 20 en
1404 1559 70 30 helt
1500 1567 115 20 annan

109 1608 189 33 inriktning
321 1609 44 28 än
386 1607 10 29 i
417 1607 101 29 södra
540 1607 65 28 och
629 1606 170 29 mellersta
823 1604 143 34 Sverige.
992 1604 72 29 Den
1085 1603 184 29 konsulent
1292 1603 80 29 eller
1393 1604 217 28 lantmanna-

111 1651 198 32 skollärare,
331 1659 74 21 som
427 1666 44 3 —
492 1648 114 31 såsom
629 1648 94 30 fallet
744 1657 47 20 nu
813 1648 37 29 är
871 1664 43 2 —
935 1647 64 29 har
1022 1656 42 20 en
1086 1645 75 35 syd-
1184 1645 81 30 eller
1287 1644 253 30 mellansvensk
1563 1646 49 27 ut-

112 1693 164 33 bildning,
298 1692 191 30 behärskar
511 1692 68 29 inte
601 1692 61 28 alls
685 1691 112 29 denna
820 1688 128 35 viktiga
973 1687 105 36 fråga.
1104 1686 199 36 Tillgången
1326 1686 44 35 på
1393 1686 220 35 odlingsvärd

111 1745 78 20 men
206 1736 75 29 icke
295 1734 177 35 uppodlad
487 1734 99 29 mark
603 1735 38 28 är
655 1742 73 20 som
747 1733 127 29 bekant
890 1732 136 33 mycket
1043 1735 69 25 stor
1130 1731 92 28 inom
1239 1731 42 28 de
1300 1729 89 30 båda
1407 1728 206 35 nordligaste

113 1780 109 29 länen,
240 1778 125 29 medan
380 1775 402 35 nyodlingsverksamhet
800 1775 232 29 förekommer
1047 1773 136 33 mycket
1200 1774 172 32 sparsamt
1390 1772 93 29 inom
1499 1771 115 30 landet

112 1821 7 29 i
141 1820 117 34 övrigt.
282 1819 215 35 Nvodlingen
518 1819 63 28 har
601 1818 52 29 sin
674 1826 83 25 egen
783 1816 126 34 teknik,
932 1825 73 20 som
1027 1816 149 29 behöver
1197 1816 92 28 läras
1309 1815 68 28 och
1399 1814 46 29 bli
1467 1813 146 30 föremål

114 1864 52 29 för
187 1863 130 32 verklig
339 1861 180 33 forskning
541 1860 87 29 både
651 1861 63 28 när
736 1860 55 29 det
814 1859 106 33 gäller
943 1859 54 28 val
1020 1867 40 19 av
1084 1857 246 34 odlingsmark,
1354 1856 148 30 arbetets
1525 1856 88 29 utfö-

113 1906 104 28 rande
244 1905 103 32 enligt
378 1904 202 28 maskinella
610 1902 151 29 metoder
788 1902 65 28 och
881 1901 138 33 jordens
1047 1908 119 21 senare
1197 1898 232 34 bearbetning,
1458 1898 156 35 gödsling

113 1948 64 28 och
200 1947 95 29 sådd.
321 1947 137 28 Dennas
482 1945 179 32 forskning
683 1944 61 29 bör
768 1942 140 35 givetvis
931 1944 61 32 äga
1018 1952 76 19 rum
1117 1942 8 28 i
1150 1943 79 27 övre
1257 1940 179 34 Norrland,
1462 1941 62 28 där
1548 1941 66 28 för-

113 1990 207 29 hållandena
338 1990 58 28 äro
413 1987 36 30 så
465 1987 168 33 speciella,
651 1986 42 29 då
712 1987 53 28 det
784 1986 106 33 gäller
906 1983 225 34 förmultning
1148 1984 64 28 och
1231 1983 108 29 andra
1360 1980 254 35 omvandlings-

113 2041 175 24 processer
310 2032 6 28 i
340 2030 130 34 jorden.
497 2028 324 34 Husdjursskötseln
847 2027 8 29 i
879 2028 78 28 övre
981 2026 168 29 Norrland
1173 2025 258 29 kännetecknas
1453 2035 40 19 av
1518 2032 96 26 egen-

112 2075 118 29 artade
259 2073 251 30 förhållanden,
539 2071 178 33 betingade
746 2080 40 19 av
815 2069 206 34 växtodling,
1053 2069 116 28 klimat
1201 2068 64 28 och
1295 2069 227 32 kreaturstyp.
1552 2067 61 28 Av-

114 2116 364 32 kastningsresultaten
497 2116 58 28 äro
576 2124 43 19 nu
638 2112 339 29 otillfredsställande
994 2112 63 28 och
1077 2109 290 35 bristsjukdomar
1386 2111 63 28 rätt
1471 2108 143 35 vanliga.

111 2157 132 34 Mycket
267 2157 109 28 skulle
394 2155 50 29 stå
464 2158 44 27 att
528 2154 101 29 vinna
648 2163 122 25 genom
790 2162 43 20 en
852 2151 129 35 verklig
999 2150 281 35 rationalisering.
1303 2146 208 34 Överhuvud
1532 2153 86 31 taget

115 2201 61 28 har
202 2201 52 28 det
289 2200 225 28 norrländska
544 2198 197 33 jordbruket
773 2197 117 28 alltför
917 2197 132 32 mycket
1080 2194 227 34 anstrykning
1337 2204 40 18 av
1407 2193 207 29 husbehovs-

112 2239 213 35 produktion
356 2239 63 28 och
450 2239 38 28 är
516 2239 69 27 inte
614 2238 76 28 med
719 2238 6 28 i
757 2235 427 37 penninghushållningen
1213 2234 44 35 på
1286 2244 135 19 samma
1450 2235 66 28 sätt
1544 2243 74 19 som

113 2283 265 32 skogsskötseln.
404 2282 286 28 Erfarenheterna
718 2280 74 29 från
817 2278 277 34 Sovjetunionen,
1117 2279 61 27 där
1202 2287 78 19 man
1305 2278 172 33 upprättat
1503 2279 111 26 veten-

115 2326 153 32 skapliga
291 2323 362 33 forskningsstationer
674 2323 4 28 i
701 2323 40 28 de
760 2321 207 33 nordligaste
991 2322 183 28 trakterna,
1197 2320 112 28 bevisa
1332 2321 43 27 att
1400 2320 52 27 det
1475 2320 37 27 är
1532 2317 84 35 möj-

115 2368 54 31 ligt
193 2367 62 28 och
280 2366 146 29 lönande
449 2369 44 26 att
519 2365 75 29 idka
617 2365 166 33 jordbruk
808 2366 18 26 t.
849 2373 29 19 o.
901 2373 42 19 m.
965 2372 81 19 norr
1066 2372 55 18 om
1144 2360 198 35 polcirkeln.
1367 2360 80 30 Man
1471 2361 64 28 har
1555 2361 62 28 där

116 2419 119 22 senom
256 2412 42 26 elt
324 2409 155 29 intensivt
506 2407 311 32 forskningsarbete
839 2406 129 32 lyckats
994 2404 208 30 frambringa
1226 2403 306 33 snabbmognande
1552 2401 64 28 och

115 2451 223 32 köldhärdiga
361 2453 196 27 växtsorter.
585 2450 2 27 I
611 2447 284 34 Sovjetunionens
918 2446 261 34 polarområden
1201 2445 96 30 odlas
1319 2454 139 20 numera
1480 2443 133 36 potatis.
