1916 2816
78 566 131 23 Utskottet.

264 164 22 29 4
737 168 230 28 Statsutskottets
989 169 147 27 utlåtande
1158 169 49 27 Nr
1229 170 49 27 49.

262 239 118 37 luster,
406 250 75 21 som
516 251 42 20 en
592 240 206 43 likvidering
832 253 40 20 av
909 242 137 42 bolaget
1079 243 53 30 för
1159 242 212 32 närvarande
1405 243 110 31 skulle
1539 242 154 32 medföra
1715 243 53 31 för

264 282 215 38 statsverket,
514 284 162 30 ävensom
710 283 58 32 det
802 284 229 32 förhållandet
1057 287 51 29 att
1130 296 46 19 nu
1199 285 147 31 berörda
1368 285 93 41 fråga
1483 285 12 30 i
1519 285 185 41 anledning
1727 296 40 20 av

264 324 177 31 uttalande
475 336 40 19 av
548 325 202 41 riksdagens
781 328 37 29 år
844 327 78 31 1936
944 327 205 31 församlade
1172 327 170 31 revisorer
1364 328 86 30 varit
1473 327 142 31 föremål
1638 328 52 30 för
1713 327 54 31 be-

263 366 167 41 handling
453 378 39 19 av
514 367 182 41 riksdagen
720 379 77 20 men
821 368 74 31 icke
917 369 162 31 föranlett
1102 371 103 39 något
1229 369 138 31 särskilt
1390 369 176 31 uttalande
1589 370 73 30 från
1685 369 82 32 riks-

264 408 129 41 dagens
427 408 83 38 sida,
535 410 191 31 emellertid
758 410 76 31 icke
857 413 113 29 ansett
992 411 70 40 mig
1084 411 83 31 böra
1189 412 53 31 för
1265 411 210 32 närvarande
1498 411 183 42 framlägga
1704 412 62 31 för-

264 450 75 41 slag
361 450 11 31 i
395 462 40 20 av
457 451 402 43 riksräkenskapsverket
880 453 177 42 ifrågasatt
1080 454 160 41 riktning.

316 552 179 42 Förslaget
518 564 55 20 om
597 555 50 30 att
666 554 131 32 Motala
814 556 125 30 ströms
954 555 304 42 kraftaktiebolags
1273 555 257 41 ifrågavarande
1548 555 220 42 obligations-

262 603 58 31 lån
353 603 129 32 inlöses
510 604 64 31 och
598 606 49 29 att
673 605 368 41 vattenfallsstyrelsen
1064 605 11 32 i
1100 606 114 31 stället
1237 605 153 32 inträder
1413 617 73 20 som
1509 606 172 41 långivare
1704 607 63 30 för-

263 654 140 31 anleder
424 654 102 41 ingen
550 655 135 31 erinran
708 655 74 31 från
806 656 187 31 utskottets
1017 656 83 31 sida.

319 704 121 32 Såsom
464 705 378 42 departementschefen
866 707 112 31 anfört
1000 707 115 31 kunna
1138 707 92 31 vissa
1253 707 73 32 skäl
1349 707 68 31 tala
1440 707 53 31 för
1516 707 65 31 den
1605 718 39 20 av
1668 709 98 30 stats-

262 755 214 31 revisorerna
499 756 64 31 och
587 756 400 42 riksräkenskapsverket
1009 757 184 31 framförda
1216 757 126 31 tanken
1366 759 44 40 på
1433 768 41 21 en
1498 757 212 42 upplösning
1726 769 40 20 av

262 805 140 42 bolaget
425 805 63 32 och
512 817 42 20 en
578 806 222 42 införlivning
823 818 40 20 av
886 807 79 31 dess
988 808 217 31 verksamhet
1227 807 79 32 med
1330 809 130 30 statens
1477 808 288 31 vattenfallsverk.

262 856 84 31 Med
369 856 132 41 hänsyn
525 857 54 31 till
602 857 42 31 de
672 868 39 20 av
733 858 368 41 vattenfallsstyrelsen
1124 858 164 41 påvisade
1311 858 176 42 praktiska
1510 858 193 31 fördelarna
1726 869 40 20 av

262 908 51 29 att
346 907 137 41 bolaget
516 907 78 32 med
628 907 80 32 dess
731 908 186 31 elektriska
938 908 254 38 installations-,
1217 908 323 42 tomtförsäljnings-
1564 909 63 31 och
1651 909 116 31 kvarn-

261 957 131 31 rörelse
424 958 162 31 förvaltas
608 958 12 31 i
643 958 70 31 viss
746 960 78 29 mån
858 959 194 38 fristående,
1077 959 61 31 har
1159 959 171 31 utskottet
1353 959 29 43 ej
1406 959 90 31 velat
1518 960 163 30 motsätta
1704 959 61 41 sig,

262 1010 52 29 att
338 1007 111 32 denna
472 1008 265 42 särförvaltning
759 1009 208 32 åtminstone
991 1009 188 32 tillsvidare
1202 1010 51 31 får
1274 1010 120 41 fortgå.

316 1058 82 32 Med
421 1058 239 42 tillstyrkande
683 1059 101 32 alltså
807 1071 40 20 av
870 1060 261 41 propositionen
1154 1060 200 32 hemställer
1376 1061 180 36 utskottet,

584 1128 50 29 att
666 1126 182 41 riksdagen
882 1129 54 29 må
969 1127 164 41 medgiva,
1168 1129 51 30 att
1252 1127 131 31 Motala
1417 1129 126 30 ströms
1576 1126 191 32 kraftaktie-

531 1177 103 41 bolag
666 1179 53 29 må
746 1177 53 31 för
822 1177 135 32 inlösen
981 1189 40 20 av
1044 1178 217 31 återstående
1287 1177 66 40 del,
1376 1178 168 37 2,769,000
1567 1177 135 38 kronor,
1726 1189 40 19 av

532 1229 49 29 ett
604 1239 40 19 av
667 1227 137 41 bolaget
827 1230 165 39 upptaget
1009 1228 267 41 obligationslån
1293 1239 40 19 av
1349 1230 36 28 år
1405 1228 78 31 1929
1501 1227 128 31 erhålla
1645 1229 49 29 ett
1709 1227 57 31 lån

532 1280 19 28 å
568 1278 105 41 sagda
688 1278 129 41 belopp
841 1278 109 31 under
972 1278 132 38 villkor,
1123 1289 73 20 som
1214 1278 126 41 Kungl.
1358 1277 98 42 Maj:t
1472 1279 79 39 äger
1566 1277 199 38 bestämma,

533 1330 89 29 samt
645 1330 49 29 att
716 1328 51 31 för
790 1328 184 41 utgivande
998 1340 40 19 av
1061 1328 95 31 detta
1178 1329 56 30 lån
1258 1330 55 29 må
1336 1328 204 41 disponeras
1564 1328 53 31 till
1640 1329 127 30 vatten-

530 1378 271 41 fallsstyrelsens
815 1378 198 41 förfogande
1027 1378 141 31 stående
1183 1378 129 31 likvida
1328 1378 120 38 medel,
1463 1389 73 20 som
1550 1378 217 41 uppkommit

531 1440 123 30 genom
688 1429 234 41 avsättningar
944 1429 52 31 till
1021 1431 132 29 statens
1176 1428 298 32 vattenfallsverks
1498 1428 267 42 förnyelsefond.

319 1487 199 32 Stockholm
542 1487 67 32 den
633 1487 40 31 25
695 1487 149 32 februari
870 1488 89 31 1938.

757 1581 50 31 På
830 1581 277 31 statsutskottets
1130 1583 139 39 vägnar:

794 1656 190 32 ANDERS
1008 1648 226 40 RÅSTOCK.

319 1950 208 29 Närvarande:
550 1960 33 19 se
607 1951 100 28 under
730 1952 176 27 utskottets
928 1950 168 29 utlåtande
1119 1960 38 18 nr
1178 1951 50 27 48.

710 2471 131 19 Stockholm
858 2471 59 19 1938.
940 2472 28 18 K.
982 2471 23 19 L.
1020 2472 127 18 Beckmans
1163 2471 160 23 Boktryckeri,
