1896 2827
507 151 284 31 Statsutskottets
807 149 178 29 utlåtande
998 157 43 20 nr
1056 148 39 29 13
1109 147 40 30 år
1164 147 83 29 1970
1579 147 39 28 15

177 235 175 30 Utskottet
379 234 64 29 har
471 233 146 39 tidigare
649 231 69 35 (SU
748 230 195 34 1968:104)
976 229 125 30 uttalat
1130 229 50 29 att
1209 227 130 30 arbetet
1368 226 10 30 i
1409 225 135 40 Sverige
1572 224 45 41 på

133 288 244 39 utvecklingen
403 297 41 20 av
470 286 132 30 snabba
625 286 178 29 reaktorer
828 284 62 30 bör
916 283 160 30 bedrivas
1101 282 11 30 i
1138 282 86 29 nära
1250 281 149 30 kontakt
1424 280 80 30 med
1529 281 89 28 mot-

135 342 170 31 svarande
331 342 117 29 arbete
473 341 12 29 i
513 340 110 30 andra
649 339 121 30 länder
798 338 64 30 och
891 339 49 28 att
968 336 222 39 Atomenergi
1219 335 119 30 därför
1365 334 108 30 borde
1502 334 117 29 sträva

134 397 87 29 efter
244 398 50 28 att
315 395 201 39 ytterligare
538 395 111 38 bygga
671 395 39 28 ut
733 393 64 29 och
820 392 178 30 förstärka
1021 391 57 30 det
1100 389 284 31 internationella
1409 388 209 30 samarbetet

133 450 45 40 på
205 450 95 29 detta
327 448 152 31 område.
509 448 64 30 Det
601 457 48 20 nu
678 446 196 39 framlagda
903 444 429 40 samarbetsprogrammet
1364 451 53 21 ser
1447 442 172 30 utskottet

135 513 73 21 som
231 505 47 29 ett
300 503 169 39 naturligt
491 502 54 30 led
567 502 11 29 i
600 503 47 28 ett
668 500 234 31 intensifierat
924 498 276 31 internationellt
1224 497 202 30 samarbete.
1450 497 75 29 Inte
1548 496 72 29 hel-

135 560 48 28 ler
206 557 261 30 motionärerna
491 565 103 31 synes
615 556 12 29 i
649 555 136 40 princip
808 555 47 29 ha
877 553 104 40 något
1006 555 49 28 att
1078 552 153 30 invända
1255 553 73 28 mot
1352 552 48 29 ett
1425 550 195 30 samarbete

133 613 80 28 med
234 621 42 20 en
297 611 169 30 utländsk
486 609 247 39 organisation.
755 608 77 30 Med
852 608 139 39 hänsyn
1011 607 53 29 till
1086 607 42 29 de
1148 605 293 38 förutsättningar
1463 604 157 39 departe-

134 664 242 31 mentschefen
397 663 129 40 angivit
547 663 54 29 för
623 664 49 28 att
693 664 48 28 ett
761 662 91 30 avtal
874 662 89 29 skall
983 661 121 29 kunna
1124 659 128 30 träffas
1273 659 65 30 och
1359 658 41 30 de
1419 657 202 40 ytterligare

135 718 254 41 upplysningar
417 727 73 21 som
518 717 101 40 givits
646 717 188 29 utskottets
860 715 259 31 vederbörande
1146 713 186 39 avdelning
1359 721 101 20 anser
1489 711 51 40 sig
1567 712 54 28 ut-

137 773 130 30 skottet
288 772 122 30 kunna
432 772 177 39 tillstyrka
631 772 49 28 att
704 770 124 39 Kungl.
852 769 106 40 Maj:t
982 777 57 31 ges
1063 768 57 30 det
1142 767 150 40 begärda
1316 765 304 40 bemyndigandet.

136 827 177 30 Utskottet
335 826 65 30 har
424 825 121 30 därvid
569 825 126 29 räknat
718 825 79 29 med
822 825 50 28 att
897 823 124 39 Kungl.
1046 822 106 40 Maj:t
1177 821 37 30 så
1239 822 96 29 snart
1361 822 47 28 ett
1434 820 186 30 eventuellt

138 881 92 30 avtal
249 880 142 29 träffats
410 880 11 29 i
441 879 157 40 lämpligt
619 878 253 39 sammanhang
892 885 57 32 ger
969 877 186 39 riksdagen
1176 885 42 20 en
1238 875 217 39 redogörelse
1475 874 54 30 för
1551 874 71 29 det-

139 944 144 21 samma.

186 990 220 38 Atomenergi
424 989 64 29 har
507 988 54 29 för
579 987 202 39 budgetåret
803 986 146 35 1970/71
969 986 119 39 begärt
1108 986 47 28 ett
1174 985 119 38 anslag
1313 993 40 20 av
1373 982 72 35 68,8
1464 982 88 40 milj.
1571 983 53 28 kr.

142 1044 123 38 Kungl.
286 1043 104 40 Maj:t
411 1042 161 30 förordar
593 1050 40 20 en
653 1040 318 39 medelsanvisning
991 1048 41 21 av
1052 1038 40 31 60
1112 1038 88 39 milj.
1221 1038 61 34 kr.,
1303 1037 106 30 vilket
1429 1036 45 30 bl.
1496 1045 28 21 a.
1545 1035 79 30 med

139 1097 138 38 hänsyn
302 1097 53 29 till
381 1097 49 28 att
454 1096 94 29 vissa
573 1095 189 29 kostnader
788 1103 41 21 av
855 1093 258 40 engångsnatur
1139 1092 184 29 förutsätts
1347 1090 172 30 bestridas
1547 1088 77 30 från

141 1151 101 29 nästa
257 1149 188 40 budgetårs
463 1149 120 39 anslag
598 1149 159 29 kommer
775 1149 48 28 att
839 1147 168 30 innebära
1025 1155 41 21 en
1082 1146 70 30 viss
1168 1144 200 37 minskning
1385 1153 41 20 av
1443 1144 66 29 den
1526 1144 99 28 stats-

142 1204 236 29 finansierade
396 1202 286 31 verksamhetens
703 1201 220 39 omfattning.
943 1201 98 29 Inom
1061 1208 121 21 ramen
1202 1199 54 29 för
1276 1198 54 29 det
1350 1197 196 39 föreslagna
1567 1206 59 19 an-

143 1258 252 39 slagsbeloppet
413 1257 65 29 har
498 1255 146 31 sålunda
663 1255 112 30 medel
793 1255 144 29 räknats
957 1254 54 29 för
1031 1253 188 30 kostnader
1240 1261 72 20 som
1334 1250 292 39 sammanhänger

143 1312 76 29 med
241 1311 66 29 den
323 1310 178 41 pågående
519 1310 64 29 och
600 1309 186 40 planerade
804 1307 312 31 koncentrationen
1135 1316 40 20 av
1193 1305 239 39 Atomenergis
1449 1304 178 30 verksam-

143 1365 57 29 het
222 1365 51 29 till
294 1364 175 31 Studsvik.
490 1363 168 30 Avsikten
679 1363 37 29 är
737 1364 48 28 att
805 1362 44 30 bl.
871 1371 29 20 a.
922 1360 210 40 flyttningen
1154 1369 40 20 av
1213 1359 161 40 personal
1397 1358 87 29 skall
1505 1358 122 29 kunna

144 1418 200 30 förberedas
359 1425 123 32 genom
497 1416 218 31 omfattande
728 1414 482 32 informationsverksamhet.

190 1472 79 30 Som
292 1471 155 40 framgår
470 1481 41 20 av
532 1471 67 30 vad
621 1470 170 30 utskottet
812 1470 11 29 i
846 1470 55 29 det
925 1468 207 40 föregående
1155 1467 115 30 anfört
1292 1467 58 29 vid
1370 1465 257 39 behandlingen

145 1536 41 20 av
205 1526 123 39 frågan
348 1535 57 21 om
425 1526 120 38 anslag
564 1524 52 30 till
637 1524 173 39 Styrelsen
831 1523 54 30 för
903 1522 142 30 teknisk
1063 1521 208 39 utveckling,
1293 1520 90 34 STU,
1403 1520 64 29 har
1487 1520 67 29 den
1574 1519 54 29 del

146 1590 40 20 av
209 1581 154 38 anslaget
383 1579 54 29 till
460 1579 168 39 styrelsen
652 1587 73 20 som
749 1578 87 29 skall
859 1577 203 39 disponeras
1085 1575 54 30 för
1162 1574 241 30 avtalsbundet
1426 1572 201 40 långsiktigt

146 1634 76 30 stöd
244 1634 53 29 till
320 1633 141 30 teknisk
484 1631 184 40 forskning
691 1631 65 30 och
778 1631 199 38 utveckling
1000 1629 196 39 föreslagits
1220 1629 66 29 öka
1308 1628 10 29 i
1341 1627 170 39 väsentlig
1535 1626 94 40 grad.

145 1689 175 29 Utskottet
340 1687 65 30 har
425 1687 69 29 fäst
516 1688 71 28 stor
605 1685 74 30 vikt
699 1685 58 30 vid
778 1685 41 29 de
838 1684 221 40 möjligheter
1081 1692 74 21 som
1176 1682 200 40 därigenom
1398 1682 232 39 uppkommer

147 1744 48 27 att
216 1742 108 38 skapa
343 1750 41 20 en
403 1740 130 30 fastare
553 1739 111 39 grund
684 1739 54 29 för
758 1738 130 30 sådana
906 1737 210 39 långsiktiga
1135 1735 343 40 forskningsprojekt
1495 1734 58 30 vid
1573 1734 56 29 AB

146 1795 221 38 Atomenergi
389 1802 73 21 som
481 1794 72 29 inte
572 1793 64 29 har
656 1792 113 30 direkt
791 1791 168 30 samband
978 1791 79 29 med
1078 1790 55 29 det
1152 1789 221 30 industriella
1392 1789 154 28 reaktor-
1566 1787 64 30 och

146 1848 376 39 bränsleprogrammet
543 1846 64 30 och
629 1854 73 21 som
723 1845 119 30 därför
861 1853 147 21 numera
1029 1844 88 29 skall
1137 1842 209 31 finansieras
1368 1849 122 32 genom
1508 1841 124 39 bidrag

148 1902 79 29 från
243 1902 81 29 STU
339 1901 64 30 och
418 1901 110 29 andra
541 1898 267 40 forskningsråd
822 1908 45 20 m.
883 1898 36 29 fl.
934 1898 10 29 i
961 1897 112 30 stället
1089 1897 54 29 för
1157 1897 80 29 över
1251 1896 94 29 detta
1359 1896 129 38 anslag.

192 1955 49 30 De
264 1954 215 30 förbättrade
502 1952 340 39 förutsättningarna
866 1953 49 28 att
939 1950 118 41 uppnå
1080 1949 163 40 fleråriga
1266 1948 365 34 överenskommelser,

144 2009 9 29 i
169 2009 110 29 första
292 2007 95 30 hand
401 2007 79 29 med
495 2006 90 35 STU,
601 2015 56 21 om
672 2006 139 29 fortsatt
828 2005 75 29 stöd
917 2004 53 30 till
983 2003 188 40 långsiktig
1185 2003 184 38 forskning
1384 2010 100 21 anser
1498 2001 135 30 utskot-

148 2064 46 28 tet
212 2071 83 21 vara
314 2071 42 20 av
373 2061 168 37 väsentlig
558 2060 176 39 betydelse
752 2059 55 30 för
825 2058 221 39 Atomenergi
1067 2065 122 32 genom
1209 2058 48 28 att
1277 2057 134 38 bolaget
1431 2055 200 39 därigenom

150 2117 85 29 även
253 2115 55 30 får
323 2115 113 29 bättre
452 2114 222 39 möjligheter
692 2114 48 28 att
757 2113 143 39 planera
919 2112 52 29 sin
987 2110 223 31 verksamhet
1228 2110 64 29 och
1310 2110 123 29 lättare
1450 2110 71 28 kan
1538 2108 95 30 möta

150 2168 285 42 uppkommande
455 2167 330 41 personalproblem.
807 2166 49 30 De
877 2165 178 40 riktlinjer
1076 2164 54 30 för
1150 2164 154 39 bolagets
1324 2162 222 31 verksamhet
1569 2161 64 31 och

150 2224 66 29 den
234 2223 216 39 anslagsram
468 2230 74 22 som
560 2219 383 42 departementschefen
960 2218 160 30 förordar
1138 2218 54 30 för
1207 2216 213 40 budgetåren
1439 2215 196 38 1970/71—

153 2277 148 35 1974/75
319 2285 101 30 synes
436 2275 105 30 också
556 2282 39 32 ge
610 2275 65 38 god
691 2274 111 39 grund
819 2273 53 30 för
888 2283 42 20 en
945 2272 130 30 fastare
1088 2271 183 41 planering
1285 2271 56 30 vid
1357 2269 232 40 Atomenergi.

194 2331 71 30 Mot
289 2330 114 30 denna
425 2329 185 39 bakgrund
632 2327 192 40 tillstyrker
848 2327 169 30 utskottet
1040 2326 125 39 Kungl.
1189 2325 123 39 Maj:ts
1336 2324 130 39 förslag
1488 2324 53 29 till
1565 2333 70 20 me-

152 2383 259 39 delsanvisning
433 2383 55 29 för
508 2381 204 40 budgetåret
737 2381 147 36 1970/71
909 2380 64 30 och
996 2380 42 29 de
1059 2379 176 40 riktlinjer
1258 2378 54 30 för
1335 2379 65 28 den
1423 2377 212 30 kommande

152 2437 296 40 femårsperioden
464 2445 73 21 som
554 2435 147 40 angivits
715 2435 10 29 i
741 2434 390 40 statsrådsprotokollet.
