1895 2829
512 123 284 30 Statsutskottets
812 124 179 29 utlåtande
1003 134 44 19 nr
1061 125 40 29 13
1115 125 40 29 år
1169 126 84 28 1970
1580 130 41 29 25

565 295 382 38 UPPSKJUTNA
967 293 227 41 FRÅGOR

183 399 47 30 25.
249 399 221 36 Uppskjutna
489 400 127 35 frågor.
636 401 172 30 Utskottet
826 401 157 31 kommer
1002 411 119 21 senare
1141 403 108 30 under
1270 404 176 30 sessionen
1466 406 47 28 att
1532 407 91 34 yttra

136 454 52 39 sig
210 453 224 31 beträffande
460 455 124 39 Kungl.
611 455 124 40 Maj:ts
761 456 112 29 under
898 455 158 41 följande
1080 457 153 39 punkter
1259 457 196 40 framlagda
1480 458 140 40 förslag,

136 508 177 40 nämligen

179 562 27 30 B
220 562 20 30 4
255 562 303 41 Utbildningsstöd
573 563 53 30 till
641 564 113 30 textil-
769 564 65 30 och
849 565 477 36 konfektionsindustrierna,
1343 576 45 20 m.
1403 576 44 20 m.

181 618 27 28 E
223 617 37 29 11
278 617 249 39 Delegationen
543 617 55 30 för
613 618 334 39 atomenergifrågor

182 671 38 29 V.
249 671 15 29 1
291 671 73 29 Lån
385 671 54 29 till
462 671 239 39 Aktiebolaget
725 672 220 39 Atomenergi
969 672 55 30 för
1046 673 218 40 uppförande
1289 683 40 21 av
1353 684 41 20 en
1418 675 206 30 atomkraft-

139 724 127 30 station
279 724 12 30 i
304 724 180 31 Marviken

136 778 107 30 vilket
260 779 171 29 utskottet
447 778 66 30 här

803 834 162 30 anmäler.

185 904 200 30 Stockholm
401 904 65 30 den
483 904 38 30 10
537 914 93 20 mars
647 904 82 31 1970

625 994 49 29 På
692 995 279 29 statsutskottets
986 995 146 39 vägnar:

715 1065 138 31 GÖSTA
866 1066 187 31 BOHMAN

184 1245 65 29 Vid
264 1245 160 29 ärendets
440 1245 283 39 slutbehandling
736 1245 95 30 inom
847 1246 168 29 utskottet
1030 1246 64 30 har
1108 1247 154 30 närvarit

185 1307 79 30 från
300 1307 164 30 första
498 1308 221 29 kammaren:
745 1308 121 29 herrar
890 1309 158 30 Bohman
1078 1309 82 35 (m),
1186 1310 119 40 Birger
1330 1311 200 31 Andersson
1559 1312 64 35 (s),

140 1353 85 29 Axel
250 1352 203 30 Andersson
483 1352 86 40 (fp),
597 1352 132 30 Rikard
755 1353 174 30 Svensson
959 1353 64 35 (s),
1050 1354 58 30 fru
1133 1355 248 31 Wallentheim
1413 1357 64 34 (s),
1504 1357 121 30 herrar

141 1397 219 29 Mårtensson
386 1397 64 34 (s),
472 1397 65 29 Per
557 1397 192 30 Jacobsson
775 1397 86 41 (fp),
883 1398 106 30 Bertil
1010 1399 185 30 Petersson
1221 1400 63 34 (s),
1307 1401 145 30 Herbert
1474 1402 151 30 Larsson

147 1441 64 35 (s),
228 1442 136 38 Nyman
386 1441 86 40 (fp),
489 1442 129 40 Hjorth
639 1441 64 35 (s),
720 1442 111 40 Björk
851 1442 63 35 (s),
932 1442 167 31 Ottosson
1120 1444 83 35 (m),
1222 1444 57 30 fru
1295 1446 86 39 Elvy
1397 1446 127 30 Olsson
1545 1447 75 40 (cp)

140 1487 66 29 och
219 1486 81 30 herr
312 1486 115 30 Johan
441 1486 127 31 Olsson
587 1486 75 40 (cp)
683 1488 88 28 samt

187 1549 80 30 från
296 1549 153 29 andra
478 1550 221 29 kammaren:
719 1550 122 29 herrar
858 1550 167 30 Karlsson
1043 1551 11 29 i
1073 1551 191 31 Olofström
1288 1552 64 36 (s),
1372 1553 165 40 Almgren
1560 1554 64 35 (s),

141 1594 173 39 Mellqvist
341 1593 64 35 (s),
427 1594 244 29 Nordstrandh
697 1593 83 36 (m),
803 1594 57 30 fru
882 1595 302 31 Lewén-Eliasson
1210 1596 64 36 (s),
1296 1597 122 31 herrar
1439 1599 186 30 Lindholm

147 1638 64 35 (s),
236 1639 173 29 Mattsson
435 1638 90 41 (cp),
549 1638 197 40 Fagerlund
775 1638 63 36 (s),
863 1639 57 30 fru
943 1640 188 40 Holmberg
1160 1640 64 36 (s),
1248 1642 121 30 herrar
1392 1643 200 31 Andersson
1614 1645 12 29 i

143 1683 137 29 Knäred
306 1682 89 41 (cp),
416 1683 173 30 Mundebo
614 1683 86 40 (fp),
721 1684 211 30 Zachrisson
956 1684 64 35 (s),
1041 1685 180 40 Lothigius
1247 1686 82 35 (m),
1351 1688 169 30 Elmstedt
1546 1688 75 41 (cp)

142 1728 65 29 och
221 1728 170 30 Eriksson
404 1728 10 29 i
429 1728 130 30 Arvika
578 1728 86 40 (fp).

752 1929 269 33 Reservationer

190 2032 27 29 1.
242 2032 57 30 vid
321 2031 158 40 punkten
504 2032 39 30 10
572 2032 192 39 (Styrelsen
787 2032 55 30 för
863 2034 142 29 teknisk
1028 2035 213 40 utveckling:
1265 2036 157 31 Teknisk
1442 2038 186 40 forskning

144 2086 65 28 och
231 2086 216 39 utveckling)
477 2095 41 20 av
540 2086 122 29 herrar
684 2086 159 30 Bohman
871 2086 83 35 (m),
980 2087 167 31 Ottosson
1175 2088 83 36 (m),
1282 2090 243 31 Nordstrandh
1554 2092 69 35 (m)

144 2139 65 29 och
231 2140 181 38 Lothigius
440 2139 68 34 (m)
537 2149 74 20 som
635 2149 101 20 anser
759 2141 48 28 att
831 2141 168 29 utskottet
1021 2142 77 29 bort
1120 2142 178 40 tillstyrka
1319 2146 179 29 motionen
1520 2147 28 28 I:
1566 2147 61 29 763

144 2193 65 29 och
223 2194 49 28 att
287 2193 120 29 därför

188 2246 73 29 dels
281 2247 55 29 det
357 2247 118 38 stycke
492 2247 12 29 i
523 2248 188 28 utskottets
729 2248 162 38 yttrande
909 2248 45 40 på
974 2257 24 21 s.
1021 2249 38 29 10
1080 2258 73 21 som
1171 2250 120 40 börjar
1309 2252 80 29 med
1408 2253 99 30 ”Med
1524 2254 104 30 beak-

144 2300 124 29 tande”
292 2300 65 30 och
379 2300 109 29 slutar
509 2300 79 30 med
609 2300 147 40 ”Kungl.
778 2301 105 39 Maj:t
905 2301 198 40 föreslagit”
1125 2303 77 30 bort
1225 2305 146 30 ersättas
1393 2307 79 29 med
1493 2309 71 28 text
1587 2318 41 20 av

145 2353 157 40 följande
315 2353 145 39 lydelse:

189 2407 103 29 ”STU
308 2407 64 28 har
386 2407 174 29 redovisat
576 2408 47 28 ett
640 2408 111 29 starkt
767 2408 81 29 ökat
863 2408 111 30 behov
990 2418 41 20 av
1048 2410 77 29 stöd
1139 2410 53 30 till
1208 2412 141 29 teknisk
1364 2413 184 41 forskning
1565 2416 63 29 och

144 2460 213 30 industriellt
379 2461 346 39 utvecklingsarbete.
746 2461 164 40 Anslaget
931 2462 52 30 till
1006 2463 80 30 STU
1108 2463 146 31 föreslås
1275 2466 81 29 ökat
1377 2468 79 29 med
1478 2468 40 30 25
1539 2470 89 39 milj.
