1886 2834
304 148 17 28 2
716 150 112 27 Första
848 151 215 33 lagutskottets
1085 152 158 27 utlåtande
1265 153 42 27 Nr
1330 154 46 26 23.

305 226 234 31 innehavaren
563 231 49 28 alt
635 229 96 30 inom
755 230 114 30 denna
893 230 50 30 tid
967 232 137 38 erlägga
1128 231 317 41 försvarsavgiften,
1472 234 89 30 skall
1584 235 70 29 han
1680 237 114 27 senast

305 280 65 30 den
386 281 39 30 31
445 290 94 21 mars
555 281 201 40 påföljande
774 282 38 31 år
828 284 51 29 till
894 284 258 39 bergmästaren
1169 285 151 31 inbetala
1337 287 128 30 dubbel
1482 287 117 38 avgift,
1618 287 58 30 vid
1693 288 100 30 även-

305 336 53 35 tyr
383 343 57 21 om
466 335 56 29 det
547 335 210 31 försummas
783 339 49 28 att
856 338 111 29 rätten
994 337 50 31 till
1070 346 132 31 gruvan
1227 339 188 31 förverkas.
1456 340 64 30 Det
1544 340 128 40 åligger
1697 342 96 38 berg-

303 387 173 30 mästaren
495 391 50 27 att
564 392 113 27 senast
696 390 67 29 den
786 391 37 29 15
843 390 137 38 januari
1000 391 9 30 i
1028 392 301 31 rekommenderat
1347 393 82 30 brev
1448 394 192 30 översända
1659 393 134 40 påmin-

303 440 91 30 nelse
417 450 58 20 om
498 441 169 38 avgiftens
690 443 206 39 erläggande
917 445 81 29 med
1020 444 194 39 angivande
1236 455 42 20 av
1302 447 238 38 nyssnämnda
1564 448 152 38 äventyr.
1742 447 52 31 Då

303 493 66 30 rätt
390 493 51 30 till
463 502 107 31 gruva
591 495 204 37 förverkats,
818 496 147 32 förlorar
987 498 322 39 gruvinnehavaren
1331 500 46 30 all
1398 501 68 29 rätt
1487 500 52 30 till
1560 501 42 30 de
1623 501 96 30 inom
1741 505 51 27 ut-

303 545 103 32 målet
424 547 180 40 befintliga
622 548 76 31 icke
717 549 235 40 uppfordrade
971 551 301 40 inmutningsbara
1291 553 200 37 mineralen,
1512 554 50 30 till
1581 554 42 31 de
1641 554 55 30 för
1716 563 76 31 gru-

303 608 83 22 vans
411 602 118 37 styrka
553 602 64 30 och
640 602 147 31 bestånd
810 604 209 31 verkställda
1042 605 248 39 byggnaderna
1314 609 89 28 samt
1428 606 50 31 till
1502 607 66 30 den
1592 608 100 30 mark
1718 618 74 21 som

302 652 94 31 inom
421 654 82 30 eller
527 657 96 28 utom
648 655 145 31 utmålet
817 656 97 31 blivit
940 657 164 40 upplåten
1130 659 50 30 till
1206 659 225 39 gruvdriften.
1469 661 117 30 Andra
1611 661 55 31 för
1692 670 99 30 gruv-

301 705 126 32 driften
455 708 121 38 gjorda
603 709 250 40 anläggningar
879 711 45 30 än
951 712 43 30 de
1020 713 239 37 nyssnämnda
1287 714 163 30 ävensom
1478 724 42 20 ur
1546 722 131 31 gruvan
1706 724 84 30 upp-

301 758 161 33 fordrade
483 761 301 40 inmutningsbara
805 763 145 31 mineral
971 764 57 31 må
1050 766 109 30 under
1179 766 102 39 högst
1302 766 56 31 två
1380 766 39 31 år
1440 767 85 30 efter
1546 767 245 32 förverkandet

301 813 177 40 kvarligga
506 814 55 31 för
587 815 339 39 gruvinnehavarens
953 819 162 38 räkning;
1145 819 50 30 till
1223 820 57 30 det
1307 830 74 20 som
1410 820 75 31 icke
1513 821 95 30 inom
1637 822 154 30 nämnda

300 865 48 30 tid
368 866 181 40 borttagits
570 867 147 33 förlorar
738 870 322 38 gruvinnehavaren
1080 872 46 30 all
1146 873 77 30 rätt.
1259 873 94 31 Efter
1374 873 245 32 förverkandet
1640 876 38 29 är
1697 875 92 39 jord-

300 920 124 37 ägaren
445 920 193 40 berättigad
658 926 50 27 att
728 926 85 27 utan
834 924 94 30 lösen
950 924 136 40 förfoga
1108 927 81 29 över
1210 927 67 30 den
1298 928 99 29 mark
1420 937 74 21 som
1516 928 87 30 varit
1624 928 166 39 upplåten

300 972 53 31 för
376 975 223 38 gruvdriften.
632 976 126 30 Annan
780 976 184 32 förverkad
986 979 167 38 egendom
1176 979 152 31 tillfaller
1348 981 149 36 kronan;
1520 981 89 30 dock
1631 982 98 30 skola
1752 981 41 30 de

301 1025 52 31 för
375 1035 151 30 gruvans
550 1029 116 38 styrka
690 1030 66 29 och
779 1030 144 31 bestånd
947 1032 208 30 verkställda
1179 1033 200 39 byggnader
1402 1033 125 40 övergå
1551 1035 49 30 till
1624 1035 67 30 den
1715 1045 74 21 som

299 1078 9 30 i
330 1080 76 39 laga
428 1081 149 39 ordning
598 1081 180 32 förvärvar
799 1084 67 30 rätt
887 1084 51 30 till
960 1092 149 31 gruvans
1131 1086 241 31 bearbetande.
1401 1087 140 39 (55—57
1566 1087 65 40 88.)

341 1132 186 40 Angående
549 1134 226 40 gruvregister
798 1137 137 39 stadgas
958 1138 8 29 i
989 1139 186 39 gruvlagen
1203 1141 54 37 (78
1279 1138 48 41 8),
1350 1143 49 27 att
1420 1141 258 39 bergmästaren
1701 1143 88 29 skall

298 1186 75 31 föra
389 1190 46 27 ett
452 1188 227 39 gruvregister
695 1190 73 30 dels
785 1191 80 30 över
880 1190 179 32 inmutade
1075 1192 167 31 områden
1259 1194 65 30 och
1341 1194 72 30 dels
1429 1195 81 30 över
1526 1194 119 31 utmål.
1664 1195 13 30 I
1695 1196 93 30 detta

298 1240 140 38 register
462 1242 89 29 skall
575 1243 209 39 anteckning
809 1245 99 37 göras
933 1244 45 30 då
1002 1246 67 29 rätt
1094 1245 51 30 till
1169 1254 107 31 gruva
1302 1247 80 30 eller
1407 1248 102 30 andel
1535 1249 73 29 däri
1633 1249 154 39 övergått

297 1292 20 31 å
341 1303 46 29 ny
412 1294 220 31 innehavare.
669 1295 125 31 Vidare
819 1297 87 30 skall
931 1298 209 39 anteckning
1165 1301 101 37 göras
1291 1310 57 20 om
1374 1301 68 30 alla
1467 1300 131 32 sådana
1623 1311 43 21 av
1690 1303 96 39 berg-

297 1347 158 36 mästare,
485 1348 149 30 domstol
661 1349 82 30 eller
770 1358 116 22 annan
915 1351 202 39 myndighet
1145 1353 203 31 meddelade
1376 1354 111 31 beslut
1515 1355 80 31 eller
1623 1355 164 40 vidtagna

296 1398 168 41 åtgärder,
484 1410 75 21 som
576 1403 77 29 röra
671 1402 57 30 det
745 1402 178 32 inmutade
941 1404 156 31 området
1114 1405 80 31 eller
1212 1406 154 37 utmålet,
1385 1408 165 31 ävensom
1567 1409 220 30 beträffande

297 1454 106 30 andra
431 1455 293 38 omständigheter
751 1466 74 20 som
852 1457 59 30 äro
937 1467 43 20 av
1006 1458 174 38 betydelse
1206 1459 55 30 för
1286 1460 217 32 bedömande
1529 1471 43 21 av
1597 1463 113 30 rätten
1737 1463 49 30 till

297 1514 139 30 gruvan.
470 1508 70 30 När
559 1507 148 32 domstol
726 1510 81 30 eller
826 1518 117 22 annan
962 1511 203 40 myndighet
1184 1513 174 31 meddelat
1376 1514 113 31 beslut
1507 1524 120 22 varom
1647 1517 138 30 anteck-

296 1560 81 39 ning
395 1560 63 31 bör
479 1562 60 29 ske
558 1562 10 29 i
589 1562 236 39 gruvregister,
846 1564 88 30 skall
954 1565 247 31 underrättelse
1221 1576 57 21 om
1298 1567 146 31 beslutet
1464 1567 37 31 så
1522 1572 94 27 snart
1636 1570 60 30 ske
1715 1571 71 29 kan

296 1613 178 31 tillsändas
494 1614 268 39 bergmästaren.

338 1666 99 31 Avtal
460 1667 199 39 varigenom
682 1670 68 29 rätt
773 1668 51 32 till
847 1678 106 30 gruva
977 1671 81 30 eller
1080 1672 102 30 andel
1205 1673 75 30 däri
1303 1673 167 31 överlåtes
1495 1675 88 30 skall
1605 1677 180 38 upprättas

296 1719 202 40 skriftligen.
538 1721 13 30 I
577 1722 257 40 avhandlingen
860 1724 98 30 skola
984 1728 169 36 upptagas
1180 1727 159 39 samtliga
1366 1727 124 31 villkor
1516 1738 74 21 som
1616 1726 167 47 betingas.

294 1768 153 45 Ändring
469 1775 81 30 eller
571 1774 116 41 tillägg
709 1785 76 21 som
806 1777 31 38 ej
859 1777 150 31 avfattas
1031 1778 193 40 skriftligen
1247 1780 37 30 är
1306 1783 84 27 utan
1412 1782 139 30 verkan.
1575 1777 209 37 Överlåtelse

294 1835 41 21 av
352 1828 66 29 rätt
435 1828 52 30 till
505 1836 106 30 gruva
628 1830 37 29 är
682 1830 31 38 ej
732 1830 159 38 gällande
908 1834 72 27 mot
998 1831 232 32 överlåtarens
1247 1833 217 40 borgenärer,
1482 1834 118 32 förrän
1619 1837 165 30 anmälan

294 1889 56 20 om
374 1880 225 32 överlåtelsen
623 1882 98 31 blivit
747 1883 99 39 gjord
870 1884 63 30 hos
958 1885 267 39 bergmästaren.

339 1987 114 39 Enligt
476 1988 100 39 lagen
599 1989 65 30 den
688 1990 43 30 30
755 1992 72 37 maj
852 1991 83 30 1916
960 2001 57 21 om
1040 1993 90 29 vissa
1154 1993 294 40 inskränkningar
1473 1996 10 29 i
1505 1997 112 29 rätten
1641 2000 49 27 att
1713 1997 69 37 för-

293 2041 103 30 värva
415 2041 70 37 fast
505 2042 167 38 egendom
692 2042 82 31 eller
793 2052 106 30 gruva
920 2045 81 29 eller
1020 2045 109 30 aktier
1150 2047 10 29 i
1180 2047 91 29 vissa
1292 2047 99 39 bolag
1413 2049 106 38 gäller
1537 2049 164 40 följande.
1724 2051 56 30 Ut-

293 2093 122 31 ländsk
439 2095 226 39 medborgare
689 2096 58 30 må
772 2097 31 38 ej
828 2100 84 27 utan
937 2097 210 41 Konungens
1172 2099 55 31 för
1251 2101 138 30 särskilt
1413 2101 62 31 fall
1500 2102 102 39 givna
1627 2103 156 31 tillstånd

292 2147 63 30 här
371 2148 11 29 i
398 2147 89 31 riket
504 2148 160 31 förvärva
683 2150 81 30 eller
781 2150 161 31 bearbeta
960 2151 158 31 inmutad
1136 2153 329 40 mineralfyndighet
1484 2156 80 30 eller
1582 2156 81 31 idka
1681 2165 100 32 gruv-

291 2200 92 37 drift,
403 2202 32 38 ej
455 2202 107 30 heller
582 2202 9 30 i
611 2202 104 39 något
735 2203 62 30 fall
816 2204 179 31 härstädes
1014 2205 134 31 inmuta
1168 2206 338 42 mineralfyndighet.
1540 2210 74 30 Vad
1634 2210 147 32 sålunda

292 2254 36 29 är
349 2255 136 38 stadgat
505 2265 58 20 om
585 2256 162 30 utländsk
769 2257 224 40 medborgare
1014 2259 88 30 skall
1122 2261 65 29 ock
1210 2260 173 40 tillämpas
1404 2262 220 32 beträffande
1645 2265 135 30 utländ-

292 2307 61 30 ska
370 2307 112 39 bolag,
501 2308 209 40 föreningar,
729 2311 110 29 andra
858 2311 269 40 samfälligheter
1145 2314 65 30 och
1230 2314 159 31 stiftelser
1413 2315 29 39 (1
1463 2314 47 41 $).
1531 2316 146 32 Svenskt
1695 2319 84 29 han-

291 2360 184 40 delsbolag,
504 2362 73 30 vari
604 2362 113 31 finnes
745 2364 163 30 utländsk
935 2365 213 40 bolagsman,
1178 2368 140 30 svenskt
1345 2369 196 40 aktiebolag
1568 2380 78 21 vars
1674 2372 105 30 aktie-

291 2414 79 30 brev
395 2413 58 31 må
478 2416 117 30 ställas
619 2416 50 30 till
694 2416 234 32 innehavaren
954 2419 81 30 eller
1060 2420 123 29 svensk
1209 2421 205 31 ekonomisk
1439 2423 159 40 förening
1623 2424 57 31 må
1705 2425 75 30 icke

290 2467 62 30 här
372 2468 9 28 i
402 2468 89 30 riket
512 2468 131 31 inmuta
666 2470 338 40 mineralfyndighet.
1027 2473 159 30 förvärva
1208 2474 81 30 eller
1309 2475 161 31 bearbeta
1492 2477 159 31 inmutad
1672 2478 106 30 mine-
