2214 2648
743 223 233 43 Lagutskottets
1007 225 174 34 Utlåtande
1204 227 61 31 N:o
1288 228 51 30 36.
1767 227 19 30 5

236 301 139 38 erhålla
416 308 78 31 stor
530 302 275 50 röstöfvervigt
827 303 64 37 vid
918 303 132 51 början
1078 305 42 37 af
1141 305 111 49 valet,
1281 311 91 31 utan
1399 310 55 33 att
1481 305 126 38 derför
1634 319 88 24 vara
1749 319 79 24 om-

236 354 121 37 fattad
394 354 84 37 med
506 355 181 37 flertalets
715 355 216 50 sympatier,
960 357 244 49 hvarigenom
1234 371 47 24 en
1309 357 141 50 origtig
1477 357 260 50 föreställning
1760 358 69 37 hos

236 419 47 24 en
324 412 79 31 stor
435 407 59 36 del
527 407 174 49 väljande
727 407 196 49 lätteligen
950 409 227 50 uppkomme
1205 423 60 24 om
1294 410 271 49 omöjligheten
1592 416 56 31 att
1674 410 155 37 inverka

235 461 48 46 på
322 458 120 37 valets
482 462 163 46 utgång;
687 459 69 36 och
788 473 87 23 man
903 460 115 38 hörde
1046 461 125 37 derför
1198 462 87 47 ofta,
1315 467 55 31 att
1398 462 56 47 de,
1484 475 79 23 som
1592 462 108 37 tänkt
1726 467 104 31 rösta

235 513 47 46 på
322 510 117 37 andra
478 517 157 43 prester,
677 511 117 37 under
835 512 119 37 valets
986 513 178 49 fortgång
1195 514 138 36 afhålla
1362 514 60 48 sig
1448 513 81 37 från
1557 520 55 30 att
1640 514 151 49 deltaga
1817 514 12 36 i

235 562 297 49 omröstningen,
576 563 113 36 hvars
729 566 146 46 utgång
902 567 46 46 på
975 565 104 37 detta
1108 570 74 32 sätt
1215 566 149 49 mycket
1394 565 59 37 väl
1479 565 127 37 kunde
1633 565 114 37 blifva
1774 571 55 31 ett

237 613 78 37 helt
344 620 125 46 annat,
498 619 47 32 än
574 628 87 23 man
688 621 136 31 annars
852 616 80 36 haft
960 617 80 36 skäl
1068 622 57 32 att
1151 622 123 32 vänta.

364 660 123 43 Äfven
527 666 64 38 det
619 671 87 44 sätt,
735 667 142 49 hvarpå
904 668 71 36 den
1002 674 124 44 öppna
1154 669 284 49 omröstningen
1465 669 246 48 verkstäldes,
1739 683 90 23 vore

235 718 174 36 förenadt
437 718 85 37 med
548 719 148 48 ganska
722 718 212 50 betydande
954 721 253 48 olägenheter.
1264 721 148 37 Skedde
1431 721 286 49 omröstningen
1735 722 95 36 efter

234 783 272 36 namnupprop,
547 770 192 37 medförde
767 771 103 37 detta
899 778 77 31 stor
1003 773 211 37 tidsförlust
1242 773 59 37 för
1327 773 73 37 den
1426 773 189 48 röstande,
1645 787 79 23 som
1752 774 77 36 ofta

234 821 119 37 under
392 822 90 36 flera
524 822 152 37 timmar
716 826 118 33 måste
866 837 111 35 passa
1003 828 47 46 på
1077 825 116 47 tiden,
1221 825 47 37 då
1295 825 75 37 han
1398 825 119 37 skulle
1544 838 200 36 uppropas,
1772 825 58 37 för

235 879 56 31 att
318 873 82 37 icke
427 877 50 45 gå
504 874 58 36 sin
589 879 157 32 rösträtt
773 875 186 49 förlustig.
1016 876 129 37 Skulle
1173 880 78 34 åter
1279 877 141 37 enhvar
1438 883 114 42 rösta,
1574 880 41 34 så
1634 883 103 31 snart
1755 877 75 37 han

235 926 94 36 efter
370 926 222 37 ankomsten
624 926 57 36 till
708 926 147 49 kyrkan
883 928 100 48 finge
1011 928 164 37 tillträde
1203 929 57 36 till
1287 929 206 48 valbordet,
1523 929 183 50 uppstode
1733 929 95 37 lika-

234 977 103 37 ledes
378 978 77 36 ofta
495 983 78 32 stor
613 978 232 49 tidsutdrägt
885 980 85 36 med
1010 985 43 44 ty
1085 980 203 50 åtföljande
1321 980 157 49 obehag,
1507 981 46 36 då
1581 981 94 36 hans
1702 994 126 35 namn,

235 1029 133 37 bostad
409 1029 68 37 och
518 1036 152 42 qvarter
710 1034 118 33 måste
856 1031 12 36 i
896 1032 289 49 församlingens
1212 1033 197 49 röstlängd
1440 1033 203 49 uppsökas,
1671 1033 69 37 och
1767 1033 63 37 det

234 1081 91 37 allra
356 1081 111 48 helst,
508 1095 60 23 om
609 1082 100 37 valet
749 1082 128 38 leddes
919 1083 36 37 af
982 1097 46 24 en
1056 1098 97 23 ovan
1181 1085 67 36 och
1282 1085 85 37 med
1395 1085 244 49 röstlängden
1667 1085 162 37 obekant

234 1133 271 37 valförrättare.

363 1185 192 37 Ehuruväl
582 1186 110 37 äfven
720 1185 45 37 de
793 1186 72 47 val,
887 1200 79 23 som
986 1187 100 37 inom
1107 1188 229 37 kommunen
1356 1188 88 37 eller
1463 1188 62 37 vid
1544 1188 286 50 kyrkostämma

235 1237 85 36 med
362 1237 124 37 slutna
514 1237 122 37 sedlar
663 1238 236 47 förrättades,
928 1252 87 24 vore
1043 1240 178 37 förenade
1250 1240 84 36 med
1363 1240 190 49 åtskilliga
1582 1240 245 49 svårigheter,

234 1289 106 37 torde
382 1289 95 36 dock
518 1289 103 36 detta
661 1294 158 32 röstsätt
860 1290 109 37 äfven
1009 1292 13 35 i
1063 1292 64 36 det
1155 1292 74 47 fall,
1259 1305 79 23 som
1367 1292 12 36 i
1410 1292 188 37 motionen
1626 1292 202 49 åsyftades,

234 1346 133 31 väntas
410 1341 124 36 kunna
574 1341 85 36 leda
699 1341 54 36 till
787 1341 82 37 icke
898 1342 108 49 ringa
1032 1343 157 48 lättnad,
1219 1344 101 36 såväl
1348 1344 57 36 för
1431 1344 289 37 valförrättaren
1748 1358 81 23 som

238 1393 54 36 för
333 1392 72 37 den
446 1392 173 49 väljande
661 1393 252 49 menigheten.
968 1395 73 36 Det
1083 1395 125 36 slutna
1236 1396 374 48 omröstningssättet
1639 1396 190 37 användes

233 1457 167 34 numera,
443 1444 46 37 då
529 1448 123 45 någon
694 1444 63 37 det
797 1445 127 48 begär,
952 1446 63 37 vid
1043 1447 305 48 kyrkostämmor
1375 1447 13 36 i
1415 1447 204 37 allmänhet
1647 1448 114 36 sedan
1789 1451 40 34 år

237 1498 97 35 1880
363 1496 69 36 och
459 1496 12 36 i
499 1496 279 37 hufvudstaden
806 1497 116 36 sedan
950 1501 39 33 år
1019 1501 111 44 1891,
1151 1499 68 36 och
1238 1499 87 37 dess
1345 1499 221 49 tilltagande
1587 1500 242 49 användning

233 1553 130 43 syntes
392 1548 230 37 motionären
650 1548 121 37 vittna
798 1549 57 36 till
883 1550 119 37 fördel
1030 1550 59 37 för
1108 1551 86 36 dess
1213 1551 232 49 lämplighet.
1488 1552 73 36 Det
1581 1552 133 36 funnes
1732 1551 97 38 intet

234 1600 92 47 skäl,
356 1600 151 37 hvarför
534 1600 82 37 icke
645 1600 103 37 detta
775 1606 157 32 röstsätt
960 1602 120 37 skulle
1109 1603 166 37 medföra
1299 1603 195 37 enahanda
1513 1603 186 37 förmåner
1718 1604 110 37 äfven

236 1651 62 36 vid
327 1652 176 48 prestval.

361 1704 52 35 På
452 1704 124 48 grund
617 1704 42 36 af
694 1704 99 36 hvad
834 1704 73 36 han
951 1705 155 37 sålunda
1147 1706 136 47 anfört,
1321 1707 154 36 föreslår
1504 1707 243 48 motionären,
1773 1714 56 30 att

232 1754 219 49 Riksdagen
491 1755 89 36 ville
622 1755 56 36 för
719 1755 58 36 sin
817 1755 60 37 del
917 1755 145 38 besluta
1096 1757 115 37 sådan
1238 1758 161 49 ändring
1426 1759 54 36 uti
1508 1759 21 48 &
1559 1761 49 34 30
1636 1759 41 36 af
1698 1759 127 49 kongl.

235 1806 265 49 förordningen
519 1807 72 36 den
611 1808 48 34 26
680 1807 155 36 oktober
858 1809 96 35 1883
974 1809 160 37 rörande
1153 1810 205 48 »prestval»
1374 1810 67 37 och
1461 1810 168 37 deremot
1645 1811 183 36 svarande

233 1858 185 36 särskilda
458 1858 234 37 föreskrifter
733 1858 56 37 för
831 1859 279 38 hufvudstaden
1152 1861 68 36 och
1261 1861 116 37 andra
1405 1867 110 43 orter,
1545 1868 56 31 att
1629 1861 109 38 dessa
1766 1863 61 36 val

233 1909 105 37 skola
367 1910 85 37 med
477 1910 124 37 slutna
629 1910 123 37 sedlar
780 1910 187 38 förrättas.

362 2168 13 34 I
421 2171 156 32 motsats
621 2167 55 36 till
718 2168 231 36 motionären
982 2168 117 37 håller
1126 2169 186 37 utskotiet
1342 2172 87 45 före,
1458 2176 49 30 att
1541 2172 165 47 prestval
1735 2172 90 36 fort-

235 2218 151 36 farande
415 2221 121 33 såsom
566 2217 133 37 hittills
729 2219 65 36 bör
823 2220 66 35 ske
918 2224 122 44 öppet.
1096 2221 114 36 Detta
1237 2221 139 36 valsätt
1403 2221 104 36 torde
1528 2222 189 49 nemligen
1739 2237 88 23 vara

231 2270 139 48 egnadt
400 2275 55 30 att
482 2269 99 47 långt
615 2269 121 37 bättre
764 2275 46 31 än
839 2270 72 37 den
940 2271 124 36 slutna
1089 2273 285 48 omröstningen
1394 2279 189 31 motsvara
1604 2274 219 37 karakteren

232 2323 41 35 ar
297 2335 43 23 en
372 2320 244 49 valhandling
644 2322 112 36 sådan
783 2336 79 23 som
888 2322 68 36 den
983 2322 297 50 ifrågavarande,
1310 2325 58 36 för
1395 2325 152 36 hvilken
1577 2325 66 37 allt
1663 2327 161 36 förhem-
