2170 2651
421 198 40 29 24
928 198 228 29 Statsutskottels
1185 198 155 29 Utlåtande
1363 198 59 29 N:o
1447 199 68 28 190.

420 277 173 43 fördelar,
621 281 52 32 ett
699 277 113 46 högre
840 277 154 36 allmänt
1021 277 172 37 läroverk
1219 275 164 38 tillförde
1410 275 138 47 staden,
1577 276 69 36 och
1663 275 59 36 till
1742 274 43 37 de
1799 273 225 48 jämförelse-

421 330 55 37 vis
503 330 108 46 ringa
636 328 266 48 uppoffringar,
930 329 121 36 denna
1077 329 131 36 hittills
1235 328 129 37 behöft
1389 328 225 36 underkasta
1641 327 56 47 sig
1721 326 59 37 för
1805 327 218 36 läroverket.

421 381 245 36 Underhållet
705 380 40 37 af
781 382 296 35 läroverkshuset
1104 381 93 36 hade
1224 381 132 35 hittills
1383 381 186 35 bekostats
1598 379 40 37 af
1660 380 224 36 läroverkets
1912 380 113 45 bygg-

421 432 195 37 nadsfond.
675 433 139 45 Rimligt
840 438 123 39 syntes
990 446 98 31 vara,
1116 437 55 31 att
1197 432 129 37 staden
1354 432 121 36 ålades
1503 432 125 36 lämna
1652 431 132 46 bidrag
1809 431 59 36 till
1894 431 131 35 under-

421 485 79 36 håll
525 485 13 36 i
566 485 43 36 de
636 483 75 46 fall,
732 484 46 36 då
796 489 116 32 större
930 485 252 46 reparationer
1200 484 115 37 måste
1333 483 194 47 företagas,
1546 484 128 36 hvilka
1692 482 333 48 byggnadsfonden

422 537 31 46 ej
481 537 96 36 hade
603 535 67 37 råd
698 549 125 23 ensam
849 537 162 36 bekosta.
1056 536 17 37 I
1100 537 122 35 stället
1248 535 59 37 för
1331 536 289 46 rektorsbostad,
1647 548 78 23 som
1753 535 128 36 staden
1908 534 31 46 ej
1965 548 60 22 an-

422 588 143 47 skaffat,
583 589 151 45 utginge
754 588 39 36 af
809 589 128 35 staden
956 589 314 45 hyresersättning
1288 588 85 36 med
1389 589 106 44 1,000
1509 588 139 36 kronor
1662 587 140 46 årligen
1816 587 59 35 till
1889 586 135 37 rektor.

522 640 16 36 I
566 640 62 36 sitt
654 639 241 37 förenämnda
921 640 256 46 underdåniga
1200 639 189 37 utlåtande
1408 640 67 36 har
1494 639 284 45 öfverstyrelsen
1795 637 230 38 beträffande

421 692 98 36 vissa
551 692 189 35 allmänna
774 692 177 45 läroverk,
986 692 115 35 bland
1137 691 116 36 andra
1286 691 209 36 läroverket
1521 691 13 35 i
1562 690 123 47 Skara,
1714 690 131 46 anfört,
1874 695 52 30 att
1954 689 71 45 det,

422 744 115 46 enligt
572 743 100 37 hvad
706 743 276 37 vederbörande
1021 744 166 35 rektorer
1226 744 162 46 upplyst,
1415 743 132 46 gällde,
1589 747 53 31 att
1682 742 45 36 de
1760 742 132 46 städer,
1921 742 105 35 inom

419 796 130 36 hvilka
584 795 105 36 dessa
723 796 173 35 läroverk
922 808 87 24 vore
1035 796 167 45 belägna,
1231 795 164 36 hvarken
1422 794 124 37 blifvit
1573 793 133 47 ålagda
1733 793 212 46 skyldighet
1971 798 56 30 att

418 848 124 45 bygga
577 847 88 36 eller
701 852 54 30 att
789 846 219 37 underhålla
1043 847 270 46 läroverkshus,
1349 859 84 23 men
1470 846 29 46 ej
1536 846 117 37 heller
1679 844 124 38 blifvit
1830 843 196 38 frikallade

419 898 82 37 från
529 898 104 46 dylik
660 898 220 47 skyldighet.

521 950 53 37 På
613 950 123 49 grund
775 950 40 36 af
850 950 101 37 hvad
990 949 157 37 sålunda
1184 949 125 37 blifvit
1348 950 154 46 upplyst
1542 949 67 36 och
1646 948 47 36 då
1724 949 62 36 det
1813 947 39 37 så
1878 947 148 37 kallade

419 1003 307 36 bibliotekshuset
759 1002 13 36 1
809 1001 114 38 Skara
958 1008 41 30 är
1028 1002 225 36 tillkommet
1279 1000 59 37 för
1364 1000 230 38 därvarande
1622 1001 189 36 allmänna
1836 999 190 37 läroverks

420 1054 116 37 behof
559 1055 67 35 och
648 1054 141 46 jämväl
816 1053 41 37 af
879 1054 209 36 läroverket
1116 1054 224 46 disponeras,
1368 1052 142 38 oafsedt
1538 1057 54 32 att
1618 1052 124 47 någon
1762 1052 60 36 del
1841 1050 40 37 af
1895 1051 130 36 biblio-

420 1107 99 36 teket
545 1113 40 29 är
612 1105 39 37 så
676 1106 144 35 kalladt
847 1105 287 46 stiftsbibliotek,
1157 1105 126 47 måste,
1302 1118 106 31 synes
1427 1105 86 46 mig,
1533 1103 116 38 Skara
1668 1104 83 36 stad
1768 1117 91 23 vara
1877 1103 148 45 skyldig

422 1159 89 34 eller
540 1158 128 35 kunna
704 1157 146 45 åläggas
879 1162 54 30 att
959 1156 221 36 underhålla
1207 1157 122 35 denna
1354 1156 177 46 byggnad
1557 1156 86 35 med
1670 1156 61 36 det
1759 1155 160 45 område,
1948 1167 79 23 som

420 1209 126 36 därtill
572 1207 189 48 upplåtits,
796 1208 5 36 i
828 1208 71 36 den
925 1207 87 37 mån
1039 1208 225 36 läroverkets
1295 1206 288 48 byggnadsfond
1611 1207 61 36 det
1700 1207 29 46 ej
1758 1205 149 37 förmår.
1951 1205 76 36 Vid

421 1260 131 36 sådant
586 1259 234 37 förhållande
859 1259 106 36 torde
996 1258 122 47 någon
1146 1259 59 36 del
1237 1258 41 37 af
1301 1258 133 37 stiftets
1461 1258 321 46 byggnadskassas
1809 1257 217 47 kapitaltill-

420 1312 140 46 gängar
585 1312 79 35 icke
691 1310 160 37 behöfva
878 1310 151 37 afsättas
1056 1310 58 36 för
1140 1310 237 37 bestridande
1404 1309 41 37 af
1467 1309 153 47 utgifter
1642 1309 58 36 för
1718 1309 160 37 berörda
1896 1308 130 36 under-

420 1363 87 45 håll,
535 1367 91 32 utan
650 1362 105 37 dessa
777 1362 343 48 kapitaltillgångar
1146 1363 14 34 i
1187 1363 56 35 sin
1269 1362 125 36 helhet
1421 1362 127 35 kunna
1576 1361 188 37 användas
1791 1361 60 35 till
1874 1359 153 36 afbetal-

420 1416 91 44 ning
546 1414 40 36 af
617 1415 151 35 kassans
795 1413 243 37 förenämnda
1065 1413 109 36 skuld
1200 1414 59 35 till
1285 1412 367 47 riksgäldskontoret.
1706 1411 102 37 Efter
1835 1411 115 37 sådan
1978 1409 48 37 af-

420 1466 192 46 betalning
650 1465 106 37 torde
795 1465 158 37 berörda
992 1464 110 37 skuld
1144 1464 71 37 den
1253 1468 17 32 1
1312 1465 72 46 maj
1425 1466 94 35 1909
1560 1465 80 35 icke
1675 1463 126 48 uppgå
1827 1464 59 35 till
1912 1463 115 45 högre

421 1519 134 45 belopp
584 1525 44 28 än
658 1517 172 46 omkring
859 1518 130 43 10,000
1016 1517 149 44 kronor,
1192 1517 142 35 hvilket
1362 1515 108 36 alltså
1497 1516 119 36 skulle
1644 1516 116 45 enligt
1783 1515 86 35 mitt
1887 1514 141 45 förslag

420 1569 134 37 härvid
581 1567 118 38 blifva
724 1567 157 37 föremål
906 1567 59 37 för
992 1566 232 47 afskrifning.

521 1620 352 46 Byggnadskassans
908 1620 13 35 i
962 1619 109 45 Visby
1108 1618 78 37 stift
1221 1618 177 46 ställning
1433 1618 69 36 har
1529 1618 112 36 sedan
1668 1617 71 37 den
1769 1619 18 34 1
1816 1616 72 46 maj
1920 1617 107 45 1907,

423 1671 46 37 då
496 1672 79 36 dess
610 1672 92 36 brist
737 1671 119 37 såsom
890 1670 101 37 förut
1025 1676 148 30 nämnts
1204 1670 171 48 utgjorde
1405 1671 129 45 12,461
1563 1670 140 35 kronor
1731 1670 46 34 90
1806 1675 71 39 öre,
1905 1667 39 36 så
1968 1668 61 35 till

421 1724 88 36 vida
536 1723 160 45 ändrats,
724 1728 53 30 att
805 1723 20 35 å
852 1722 80 36 dess
961 1722 109 36 skuld
1097 1722 59 35 till
1183 1722 366 35 elementarlärarnas
1577 1722 106 34 änke-
1711 1721 69 35 och
1797 1720 232 46 pupillkassa

422 1776 118 35 under
567 1774 191 36 december
801 1775 92 34 1907
936 1772 176 37 afbetalts
1154 1774 107 45 1,000
1301 1773 149 46 kronor,
1490 1772 158 37 hvarvid
1688 1771 94 37 dock
1821 1770 207 47 byggnads-

421 1827 150 36 kassans
606 1824 200 48 tillgångar
845 1824 114 47 något
998 1824 218 37 minskades.
1269 1824 127 46 Enligt
1434 1823 189 48 uppgifter
1661 1822 82 37 från
1783 1822 246 47 domkapitlet

421 1879 12 35 i
461 1877 119 45 Visby
619 1883 95 30 samt
753 1876 83 36 från
876 1876 287 47 prästerskapets
1204 1876 106 35 änke-
1350 1876 69 36 och
1458 1876 230 46 pupillkassa
1720 1875 67 35 och
1815 1875 213 35 elementar-

420 1930 167 35 lärarnas
615 1929 106 35 änke-
749 1929 68 35 och
844 1928 230 46 pupillkassa
1108 1928 190 46 uppgingo
1330 1927 346 45 byggnadskassans
1704 1926 150 35 skulder
1882 1925 71 36 den
1981 1926 45 34 31

422 1980 190 37 december
642 1981 95 35 1907
765 1980 59 35 till
861 1980 129 45 12,125
1027 1980 138 35 kronor
1194 1980 44 34 96
1268 1986 71 39 öre,
1376 1977 108 37 däraf
1514 1978 60 36 till
1607 1977 288 47 prästerskapets
1923 1976 106 36 änke-

423 2033 68 35 och
517 2032 229 46 pupillkassa
783 2032 106 46 2,285
923 2031 137 35 kronor
1088 2032 45 34 27
1163 2037 61 29 öre
1253 2030 67 35 och
1346 2030 59 36 till
1433 2030 364 35 elementarlärarnas
1826 2029 105 35 änke-
1959 2028 69 35 och

422 2084 228 46 pupillkassa
691 2084 106 40 9,840
837 2083 138 35 kronor
1017 2083 43 34 69
1099 2089 71 28 öre
1223 2080 86 37 Som
1335 2081 347 48 byggnadskassans
1709 2079 202 47 tillgångar
1938 2092 90 23 sam-

422 2135 111 44 tidigt
559 2135 189 46 uppgingo
784 2134 59 35 till
874 2135 157 34 allenast
1057 2134 71 35 445
1157 2133 137 36 kronor
1323 2134 44 34 72
1398 2139 71 39 öre,
1495 2132 171 46 utgjorde
1694 2131 109 36 alltså
1830 2131 80 36 dess
1937 2130 91 37 brist

424 2185 47 37 då
499 2187 131 44 11,680
657 2186 139 36 kronor
824 2187 45 34 24
898 2192 71 29 öre.
1021 2184 114 37 Dessa
1161 2184 347 46 byggnadskassans
1535 2183 159 46 skulder,
1711 2182 21 37 å
1750 2183 128 36 hvilka
1902 2182 126 36 visser-

423 2238 97 46 ligen
549 2237 78 37 icke
654 2238 134 36 räknas
816 2237 122 46 någon
964 2241 117 42 ränta,
1112 2248 83 24 men
1224 2248 79 24 som
1330 2236 133 36 kassan
1491 2236 134 36 saknar
1652 2234 120 37 medel
1799 2239 56 31 att
1880 2247 51 22 nu
1960 2234 67 34 och
