1896 2778
530 120 275 32 Statsutskottets
832 115 176 32 utlåtande
1032 123 42 22 nr
1099 111 70 30 177.
1581 100 38 30 21

112 205 97 31 narie
230 203 229 41 vårdplatser,
481 201 112 30 vilkas
615 198 95 31 antal
734 198 112 29 under
865 196 67 29 den
956 192 262 32 fortskridande
1243 187 246 41 utbyggnaden
1510 195 41 20 av
1572 184 49 30 la-

115 257 143 29 sarettet
280 255 160 29 kommer
463 253 51 29 att
537 249 189 31 successivt
749 248 96 30 ökas.
869 247 125 29 Därest
1017 243 131 31 antalet
1172 239 306 40 militärpatienter
1501 237 11 28 i
1535 236 86 29 fort-

116 307 200 39 sättningen
341 305 113 30 håller
477 303 50 39 sig
549 301 57 31 vid
632 310 42 20 en
699 298 218 40 någorlunda
941 294 214 31 oförändrad
1183 291 81 30 nivå
1287 307 44 4 -—
1354 287 143 32 varmed
1523 286 98 30 torde

115 359 120 30 finnas
261 356 159 40 grundad
444 352 187 39 anledning
659 352 51 28 att
736 350 112 29 räkna
870 365 45 4 —
940 345 145 31 innebär
1111 344 58 29 det
1194 351 48 20 nu
1269 341 115 39 sagda,
1410 341 50 28 att
1484 339 138 28 kronan

115 410 11 29 i
150 408 158 31 växande
335 404 213 39 omfattning
571 403 160 29 kommer
758 402 50 28 att
833 398 113 30 direkt
972 395 268 32 subventionera
1266 393 67 29 den
1360 387 263 43 sjukvårdande

116 458 225 31 verksamhet
361 465 75 22 som
453 454 212 38 landstinget
687 451 183 38 rätteligen
889 448 105 40 självt
1011 447 62 29 bör
1094 454 101 22 svara
1212 444 66 30 för.
1307 442 51 30 Av
1376 442 67 29 den
1461 438 163 32 lämnade

118 509 243 40 redogörelsen
381 506 156 39 framgår
556 503 115 35 också,
693 504 51 28 att
764 500 212 38 landstinget
998 498 111 29 under
1129 496 39 30 år
1191 494 83 31 1948
1297 493 54 30 för
1370 500 84 31 egen
1474 490 151 38 räkning

118 559 174 40 utnyttjat
315 558 87 29 visst
427 556 95 30 antal
545 554 229 40 vårdplatser,
799 552 55 29 för
878 550 94 29 vilka
996 549 137 29 kronan
1158 546 108 39 enligt
1291 540 335 34 avtalsbestämmel-

121 620 102 22 serna
248 610 189 30 debiterats
464 607 41 29 de
531 606 92 30 fasta
648 603 248 30 kostnaderna.
936 601 13 29 I
976 600 94 29 detta
1097 595 257 39 sammanhang
1382 592 59 31 må
1466 592 160 31 nämnas,

120 664 51 28 att
200 660 228 31 statsverkets
457 657 103 31 andel
588 656 10 29 i
628 655 197 30 lasarettets
855 652 93 30 fasta
976 649 191 31 kostnader
1197 646 163 40 utgjorde
1389 644 55 29 för
1473 642 38 30 år
1542 641 84 30 1946

122 713 67 34 85,9
207 712 155 40 procent,
384 710 55 29 för
460 708 38 30 år
521 706 81 31 1947
625 706 67 33 90,6
711 705 144 39 procent
876 702 64 30 och
961 700 55 30 för
1037 699 38 30 år
1098 698 84 31 1948
1203 697 67 33 92,4
1288 695 145 40 procent
1453 702 43 21 av
1516 693 41 29 de
1577 693 51 27 to-

120 764 72 30 tala
214 762 190 30 kostnader
427 760 137 29 kronan
586 756 67 30 fått
675 755 197 30 vidkännas
896 752 55 30 för
974 752 67 29 den
1063 748 155 30 militära
1240 746 131 30 vården
1394 743 21 30 å
1436 742 190 32 lasarettet,

121 815 108 30 vilket
246 813 98 30 torde
366 819 38 32 ge
422 819 43 21 en
483 808 154 40 antydan
656 816 57 20 om
733 804 175 31 storleken
927 811 42 21 av
989 801 57 30 det
1064 798 157 41 problem
1239 804 121 22 varom
1378 794 65 29 här
1463 793 38 29 är
1519 790 110 39 fråga.

168 866 53 29 En
246 863 201 40 ytterligare
476 858 189 38 anledning
689 856 53 30 till
771 857 50 28 att
847 854 57 29 det
929 861 48 21 nu
1002 849 218 31 behandlade
1249 845 128 32 avtalet
1402 842 150 32 kommit
1580 842 51 29 att

124 916 56 30 för
202 914 209 31 statsverket
432 911 37 30 få
492 907 222 33 ekonomiskt
739 907 38 29 så
798 903 234 38 oförmånliga
1054 900 212 38 verkningar
1288 898 39 29 är
1350 897 50 29 att
1422 894 102 30 finna
1543 891 88 34 däri,

123 968 52 28 att
211 965 108 39 enligt
354 961 312 32 bestämmelserna
703 957 116 39 någon
844 956 139 37 hänsyn
1007 952 76 30 icke
1109 953 97 37 tages
1232 948 54 30 till
1310 945 177 31 huruvida
1512 943 118 30 veder-

127 1017 154 30 börande
310 1012 306 40 militärpatienter
647 1010 61 28 äro
737 1004 298 33 mantalsskrivna
1063 1002 96 29 inom
1189 998 166 38 Blekinge
1385 996 59 29 län
1473 994 82 30 eller
1587 992 45 39 ej.

126 1068 126 30 Därest
274 1065 128 30 avtalet
423 1062 190 31 utformats
633 1059 113 30 under
769 1056 195 31 beaktande
985 1054 108 29 härav
1118 1051 65 30 och
1205 1048 194 38 ersättning
1423 1046 11 29 i
1460 1045 173 30 förekom-

128 1118 128 30 mande
273 1116 63 30 fall
352 1114 150 31 sålunda
516 1111 189 31 beräknats
723 1108 88 30 efter
827 1107 55 30 för
897 1102 352 40 inomlänspatienter
1266 1099 11 29 i
1294 1097 192 32 allmänhet
1504 1095 130 40 gällan-

128 1170 42 29 de
193 1167 162 40 grunder,
379 1164 113 31 skulle
514 1160 196 32 kostnaden
733 1168 61 31 per
815 1156 154 38 vårddag
991 1155 55 29 för
1068 1154 48 28 ett
1140 1150 159 31 avsevärt
1326 1146 95 31 antal
1445 1155 42 20 av
1511 1145 41 29 de
1577 1142 59 31 vid

130 1219 180 31 lasarettet
340 1215 152 31 vårdade
520 1209 355 41 militärpatienterna
899 1224 45 3 —
971 1204 109 30 minst
1106 1202 41 30 56
1176 1201 144 40 procent
1348 1207 42 21 av
1415 1194 221 33 totalantalet

131 1270 112 30 under
265 1268 39 31 år
328 1266 83 31 1948
433 1283 45 3 —
497 1265 46 28 ha
563 1261 146 41 uppgått
733 1260 53 29 till
809 1259 101 38 högst
932 1257 18 29 2
972 1256 130 29 kronor
1125 1253 41 30 50
1190 1253 58 28 öre
1270 1251 11 29 i
1304 1249 114 31 stället
1442 1247 54 30 för
1521 1246 114 30 såsom

132 1330 48 20 nu
209 1320 41 30 59
281 1319 131 29 kronor
443 1315 40 30 38
512 1315 67 29 öre.
610 1311 160 41 Speciellt
799 1309 54 30 för
882 1306 254 40 örlogsvarvets
1166 1298 322 34 marinverkstäder
1515 1298 123 29 kunna

132 1366 424 35 avtalsbestämmelserna
588 1364 12 28 i
629 1364 114 28 denna
776 1360 54 30 del
863 1359 143 29 komma
1036 1357 50 28 att
1117 1353 160 31 medföra
1306 1351 102 38 högst
1437 1347 198 38 betänkliga

132 1420 260 31 konsekvenser
422 1417 79 28 med
528 1413 169 31 avseende
725 1411 45 40 på
797 1409 269 30 verkstädernas
1095 1404 222 39 möjligheter
1347 1403 50 27 att
1425 1400 11 29 i
1464 1399 174 29 förekom-

133 1470 128 31 mande
288 1468 62 30 fall
376 1467 115 29 hävda
517 1465 51 38 sig
591 1464 45 39 på
663 1463 67 29 den
756 1461 69 29 fria
849 1457 228 32 marknaden.
1104 1454 213 38 Visserligen
1344 1451 140 38 stadgas
1512 1449 11 29 i
1554 1447 39 30 14
1621 1447 15 37 $

134 1520 139 33 avtalet,
298 1521 50 27 att
372 1514 258 33 vederbörande
657 1510 339 40 lokalmyndigheter
1024 1507 99 29 skola
1152 1504 172 30 debiteras
1353 1501 148 30 allenast
1528 1498 111 40 själva

134 1567 392 43 legosängsavgifterna,
560 1564 127 30 medan
719 1562 191 30 försvarets
942 1554 337 44 sjukvårdsstyrelse
1313 1553 64 29 har
1410 1553 50 28 att
1492 1548 148 32 centralt

136 1621 101 40 gälda
260 1620 189 29 härutöver
472 1615 171 40 utgående
669 1612 200 31 kostnader.
905 1609 117 39 Enligt
1048 1608 66 29 vad
1142 1602 363 43 sjukvårdsstyrelsen
1529 1600 112 30 under

133 1672 97 30 hand
255 1669 168 41 uppgivit,
449 1668 65 29 har
541 1664 256 32 ämbetsverket
822 1662 76 29 icke
925 1660 54 30 för
1006 1658 114 31 avsikt
1147 1659 51 28 att
1225 1655 152 31 avkräva
1403 1651 236 40 örlogsvarvet

137 1721 208 42 gottgörelse
370 1720 55 29 för
451 1719 112 29 dettas
587 1715 101 30 andel
712 1714 11 29 i
747 1714 62 29 sist
832 1711 149 40 angivna
1003 1708 201 31 kostnader.
1240 1706 125 29 Därest
1391 1712 43 21 av
1457 1700 185 32 statsmak-

136 1776 101 27 terna
275 1769 201 32 fastställda
513 1762 420 42 redovisningsprinciper
972 1760 54 30 för
1065 1759 265 38 Öörlogsvarvens
1370 1750 273 33 verkstadsdrift

139 1823 99 31 skola
262 1822 103 30 strikt
387 1820 187 38 tillämpas,
596 1816 97 30 torde
716 1812 193 32 emellertid
932 1820 42 20 en
998 1809 96 39 dylik
1116 1804 286 38 eftlerdebitering
1423 1802 75 30 icke
1522 1802 121 29 kunna

140 1873 185 31 undvikas.

183 1923 148 30 Jämlikt
352 1921 37 30 21
417 1920 14 36 $
456 1919 109 30 andra
586 1917 135 38 stycket
742 1924 41 20 av
805 1922 46 20 nu
872 1911 147 31 berörda
1042 1909 91 30 avtal
1157 1907 89 29 skall
1267 1906 95 29 inom
1383 1904 11 29 i
1415 1903 230 30 avtalstexten

140 1976 162 28 närmare
323 1971 147 38 angiven
488 1969 50 29 tid
556 1965 231 41 omprövning
806 1965 59 28 ske
885 1972 41 20 av
946 1961 200 39 grunderna
1167 1958 54 29 för
1242 1958 155 28 kronans
1419 1952 227 39 ersättnings-

142 2024 208 40 skyldighet,
378 2022 116 29 därest
521 2018 199 39 någondera
750 2017 123 38 parten
902 2013 57 29 det
986 2010 169 41 påkallar.
1198 2005 269 41 Ifrågavarande
1495 2003 151 31 tidsfrist

142 2075 138 39 utlöper
305 2073 10 29 i
342 2072 64 30 och
432 2070 78 30 med
536 2068 174 39 utgången
740 2076 41 19 av
806 2063 235 31 innevarande
1069 2059 219 31 kalenderår.
1326 2057 77 29 Med
1430 2056 137 37 hänsyn
1594 2053 53 29 till

144 2125 94 30 såväl
266 2124 112 29 denna
404 2119 258 39 omständighet
691 2126 74 20 som
793 2117 40 28 de
861 2115 10 28 i
898 2115 56 28 det
981 2111 208 39 föregående
1214 2107 218 31 behandlade
1457 2104 192 31 förhållan-

143 2177 90 28 dena
256 2172 168 31 framstår
448 2171 56 29 det
527 2170 54 29 för
607 2168 217 29 revisorerna
849 2174 73 20 som
948 2161 262 38 ofrånkomligt,
1238 2161 50 28 att
1311 2157 151 30 initiativ
1487 2156 50 29 till
1563 2163 85 31 upp-

144 2225 149 38 tagande
313 2233 41 19 av
373 2220 264 37 förhandlingar
657 2218 10 28 i
686 2218 64 28 och
771 2217 54 28 för
846 2215 107 29 sådan
972 2211 233 40 omprövning
1223 2208 213 31 omedelbart
1455 2208 95 37 tages
1569 2204 80 30 från

146 2276 156 28 kronans
326 2273 84 28 sida.
447 2269 147 31 Särskill
619 2267 180 38 angeläget
826 2266 99 28 finna
950 2263 217 29 revisorerna
1194 2261 57 28 det
1274 2268 93 24 vara,
1393 2259 50 28 att
1469 2257 102 29 sättet
1595 2254 56 30 för

147 2323 199 37 fördelning
371 2330 41 21 av
438 2320 195 29 lasarettets
659 2317 91 29 fasta
776 2313 277 32 driftkostnader
1078 2311 235 29 underkastas
1337 2307 167 34 revision;
1531 2306 40 29 de
1596 2305 55 28 be-

147 2374 191 38 räkningar
361 2381 74 20 som
457 2371 89 37 legat
568 2368 51 29 till
642 2367 112 38 grund
777 2366 54 29 för
854 2362 259 31 fastställandet
1138 2370 42 20 av
1201 2358 131 31 antalet
1356 2355 174 31 ordinarie
1553 2354 98 30 vård-

148 2426 130 40 platser
298 2424 55 30 för
372 2419 304 40 militärpatienter
699 2418 43 28 ha
765 2416 88 29 visat
874 2415 50 38 sig
946 2422 82 20 vara
1051 2412 71 29 helt
1146 2408 255 39 otillförlitliga.
1436 2405 215 31 Sistberörda
