1894 2776
281 97 38 30 18
712 108 274 34 Statsutskottets
1012 114 175 32 utlåtande
1212 127 41 20 nr
1280 117 70 31 177.

277 183 90 27 samt
385 184 49 27 att
453 182 171 41 beloppen
641 185 230 32 inkluderade
891 190 194 41 ersättning
1102 192 52 30 till
1170 193 134 40 jämväl
1324 196 206 32 biträdande
1548 199 112 31 lärare
1679 203 102 29 även-

277 239 74 21 som
375 232 54 30 för
454 233 112 39 själva
589 236 282 41 uppläggningen
893 248 43 22 av
958 241 142 31 kursen.

319 281 122 31 Denna
480 284 195 41 förklaring
712 288 123 30 kunna
871 290 217 33 revisorerna
1114 293 76 31 icke
1216 295 101 31 finna
1343 297 72 31 helt
1441 294 336 51 tillfredsställande.

274 331 218 32 Framhållas
511 335 58 30 må
587 337 49 28 att
655 337 149 31 allenast
822 339 77 40 fyra
920 341 112 31 elever
1050 343 141 32 beröras
1209 355 43 21 av
1272 348 307 41 undervisningen.
1599 352 49 29 De
1669 354 108 29 totala

274 382 237 32 kostnaderna
536 386 122 30 härför
684 389 60 29 äro
771 389 202 41 visserligen
998 392 12 30 i
1037 394 65 30 och
1127 395 55 30 för
1208 396 53 40 sig
1286 398 76 29 icke
1389 408 42 21 av
1457 400 115 40 någon
1598 411 96 21 mera
1721 404 57 29 be-

274 432 149 38 tydande
446 435 311 43 storleksordning,
780 449 80 21 men
882 442 126 31 ställda
1029 443 12 29 i
1062 445 147 31 relation
1232 447 52 30 till
1307 449 131 30 antalet
1461 450 112 31 elever
1597 455 116 37 uppgå
1735 455 42 29 de

273 482 52 29 till
349 484 161 30 närmare
533 486 19 29 2
566 487 63 29 200
651 488 132 31 kronor
807 500 60 30 per
889 492 82 35 elev,
996 495 48 28 ett
1065 494 124 42 belopp
1213 506 76 21 som
1313 499 111 30 måste
1446 500 188 32 betecknas
1659 504 116 30 såsom

270 533 257 38 jämförelsevis
550 537 92 39 högt.
665 539 127 31 Därest
813 541 111 32 behov
944 552 43 22 av
1011 545 150 32 särskild
1184 548 252 42 undervisning
1458 551 10 29 i
1492 552 284 40 företagsekono-

271 583 47 29 mi
339 585 64 29 och
424 585 306 42 förvaltningsrätt
754 591 55 29 för
832 592 52 29 till
906 593 349 42 sjökrigshögskolan
1277 599 294 33 kommenderade
1592 603 183 32 intenden-

270 634 244 32 turofficerare
537 647 101 21 anses
661 639 179 42 föreligga,
864 643 89 30 lärer
976 645 115 31 denna
1114 647 99 40 fråga
1236 649 122 31 kunna
1382 651 92 31 lösas
1497 653 46 39 på
1565 656 49 27 ett
1636 655 138 31 mindre

269 684 349 36 kostnadskrävande
640 691 69 29 sätt
733 692 55 34 än,
812 693 114 31 såsom
948 704 47 21 nu
1020 696 102 35 skett,
1145 706 124 32 genom
1292 701 178 31 anlitande
1492 713 43 20 av
1558 705 139 39 speciell
1719 716 55 20 ve-

269 735 198 41 tenskaplig
491 739 161 39 expertis.
679 741 82 30 Man
788 751 102 31 synes
915 746 192 32 emellertid
1132 749 45 40 på
1203 751 88 38 goda
1319 753 151 37 grunder
1497 754 122 31 kunna
1645 755 129 41 ifråga-

269 785 100 35 sätta,
393 787 176 32 huruvida
592 792 48 27 ett
663 791 127 31 sådant
813 793 110 32 behov
948 797 177 40 verkligen
1149 800 39 29 är
1212 800 55 30 för
1292 801 149 32 handen.
1467 804 53 29 En
1543 805 230 31 marininten-

268 835 82 30 dent
368 838 97 29 torde
484 839 148 31 sålunda
652 841 10 29 i
680 844 127 37 ytterst
825 845 36 30 få
880 845 62 30 fall
962 848 111 30 under
1092 849 53 30 sin
1164 850 154 32 militära
1339 852 236 43 tjänstgöring
1593 856 44 30 ha
1657 857 114 40 någon

268 886 109 32 större
401 889 163 38 praktisk
588 893 99 37 nytta
711 902 42 21 av
776 903 96 22 mera
894 895 170 41 ingående
1088 899 204 42 kunskaper
1315 903 148 31 rörande
1487 907 209 39 exempelvis
1720 907 52 30 in-

266 936 181 33 dustriella
477 940 563 47 kostnadsberäkningsprinciper
1072 949 83 31 eller
1185 951 478 37 distributionsekonomiska
1693 967 79 31 pro-

265 986 102 31 blem.

310 1037 115 41 Enligt
448 1041 236 32 revisorernas
706 1045 143 41 mening
869 1047 62 31 bör
951 1048 125 40 frågan
1099 1060 56 21 om
1177 1053 68 29 den
1266 1063 47 20 nu
1335 1054 147 32 berörda
1503 1054 267 49 undervisning-

266 1096 61 21 ens
355 1090 214 41 omfattning
596 1093 64 30 och
688 1095 163 31 närmare
879 1098 168 32 karaktär
1076 1105 138 28 snarast
1244 1106 171 38 upptagas
1445 1106 54 30 till
1527 1110 242 40 omprövning,

264 1139 119 30 varvid
407 1141 144 31 särskilt
573 1143 62 30 bör
658 1145 198 41 övervägas,
879 1148 175 33 huruvida
1076 1151 76 31 icke
1177 1162 43 21 en
1243 1155 173 41 övergång
1438 1157 53 29 till
1514 1158 137 31 mindre
1674 1160 95 31 kost-

264 1189 268 33 nadskrävande
558 1193 132 32 former
716 1196 56 30 för
801 1198 113 31 denna
941 1197 252 52 undervisning
1219 1205 71 29 kan
1317 1206 71 35 ske,
1416 1208 117 30 därest
1562 1209 205 32 densamma

259 1247 102 24 anses
385 1241 85 32 böra
496 1243 223 34 bibehållas.»

303 1349 211 33 Utlåtanden
533 1353 46 31 ha
599 1355 146 39 avgivits
765 1366 43 22 av
827 1358 123 40 chefen
968 1360 58 40 för
1044 1362 159 31 marinen
1224 1365 65 30 och
1309 1365 122 41 chefen
1450 1368 58 39 för
1527 1368 239 41 sjökrigshög-

258 1399 124 32 skolan
407 1401 79 34 (Del
507 1404 40 34 II,
570 1414 25 22 s.
618 1406 164 37 58—65).

302 1473 174 33 Utskottet
504 1479 96 30 delar
626 1481 237 33 revisorernas
890 1486 236 42 uppfattning,
1155 1491 50 28 att
1234 1491 66 30 den
1327 1492 57 30 vid
1412 1494 349 41 sjökrigshögskolan

253 1523 166 34 bedrivna
445 1529 298 42 undervisningen
769 1533 11 29 i
804 1534 317 41 företagsekonomi
1147 1540 65 29 och
1238 1542 304 41 förvaltningsrätt
1567 1546 110 31 måste
1702 1557 62 21 an-

254 1583 55 22 ses
331 1575 45 31 ha
399 1578 144 30 ordnats
566 1580 46 39 på
634 1583 49 29 ett
706 1583 143 40 onödigt
872 1585 349 35 kostnadskrävande
1246 1593 78 29 sätt.
1349 1593 211 42 Visserligen
1583 1597 100 36 lärer,
1709 1599 53 29 så-

254 1633 76 22 som
351 1627 123 30 chefen
496 1630 55 30 för
572 1631 158 34 marinen
752 1634 11 29 i
785 1634 59 31 sitt
864 1636 308 35 remissutlåtande
1194 1641 205 38 framhållit,
1422 1654 42 20 en
1485 1647 207 40 reducering
1713 1658 44 20 av

251 1673 124 34 härvid
396 1678 173 39 utgående
592 1682 272 43 arvodesbelopp
887 1695 82 22 vara
993 1690 51 28 att
1067 1688 161 33 förvänta
1251 1693 55 29 för
1330 1695 100 29 nästa
1452 1696 180 40 budgetår.
1657 1699 103 30 Vissa

251 1725 87 35 skäl,
359 1727 106 31 bland
486 1729 94 31 vilka
601 1732 143 31 särskilt
765 1734 58 30 må
843 1737 148 30 nämnas
1014 1739 56 30 det
1091 1739 101 42 ringa
1212 1743 216 36 elevantalet,
1451 1755 105 30 synas
1577 1748 90 30 dock
1687 1751 72 29 tala

250 1775 56 32 för
329 1779 50 28 att
403 1777 180 34 formerna
606 1782 54 30 för
684 1783 68 30 den
776 1785 64 30 här
864 1786 147 32 berörda
1034 1790 268 33 verksamheten
1328 1795 99 38 göras
1451 1796 53 30 till
1528 1798 148 32 föremål
1702 1800 56 30 för

247 1827 201 40 ytterligare
472 1831 172 40 prövning
669 1832 11 29 i
705 1834 92 39 syfte
822 1837 51 28 att
896 1838 192 40 nedbringa
1113 1840 248 34 kostnaderna.
1386 1845 65 30 Det
1475 1847 71 31 kan
1572 1849 107 40 enligt
1703 1853 55 27 ut-

249 1876 146 31 skottets
420 1879 143 41 mening
587 1881 118 31 vidare
730 1883 235 41 ifrågasättas,
991 1888 176 33 huruvida
1192 1891 188 43 tillräcklig
1404 1897 189 42 anledning
1617 1899 137 41 förelig-

248 1934 60 31 ger
329 1929 50 29 att
401 1930 156 38 speciellt
579 1933 55 29 för
655 1934 180 33 marinens
858 1936 414 38 intendenturofficerare
1296 1947 237 38 upprätthålla
1558 1959 42 20 en
1624 1951 126 30 under-

246 1977 139 41 visning
408 1988 43 21 av
474 1981 95 31 detta
593 1983 83 39 slag.
701 1985 79 30 Icke
804 1987 107 30 minst
934 1998 42 20 ur
1000 1990 207 33 ekonomisk
1232 1996 180 39 synpunkt
1437 1997 55 30 får
1516 2000 57 29 det
1599 2002 149 30 sålunda

246 2035 102 22 anses
371 2029 170 41 lämpligt,
564 2034 51 29 att
637 2042 42 21 en
704 2037 227 41 samordning
953 2048 43 21 av
1019 2041 243 41 utbildningen
1285 2046 44 39 på
1352 2046 229 34 förevarande
1605 2052 143 30 område

245 2078 11 29 i
277 2078 198 40 möjligaste
495 2082 83 30 mån
598 2083 160 31 kommer
779 2086 52 31 till
853 2088 101 30 stånd
975 2091 112 29 under
1108 2092 196 32 beaktande
1325 2105 42 22 av
1385 2097 132 39 jämväl
1538 2100 118 40 övriga
1677 2103 72 30 för-

246 2136 241 32 Svarsgrenars
517 2133 154 30 aktuella
697 2134 122 34 behov.
845 2138 53 31 Då
921 2140 192 32 emellertid
1140 2144 95 30 detta
1260 2146 171 38 spörsmål
1458 2151 88 30 nära
1571 2159 176 23 samman-

243 2177 132 41 hänger
390 2183 80 29 med
488 2182 66 30 den
572 2184 110 30 större
700 2186 125 39 frågan
842 2196 55 22 om
916 2188 504 47 intendenturförvaltningens
1440 2201 90 28 mest
1548 2202 199 31 ändamåls-

243 2228 113 40 enliga
372 2231 238 39 organisation
626 2236 64 29 och
708 2236 133 40 förslag
856 2239 215 34 härutinnan
1089 2243 95 31 inom
1200 2245 80 31 kort
1298 2249 97 29 torde
1411 2250 143 32 komma
1571 2254 50 29 att
1638 2253 108 30 fram-

242 2278 117 40 läggas
378 2290 43 22 av
441 2282 84 31 1946
544 2284 56 30 års
619 2285 154 31 militära
792 2288 431 45 förvaltningsutredning,
1244 2296 64 30 har
1328 2298 169 31 utskottet
1516 2310 48 22 nu
1583 2303 90 30 velat
1693 2304 53 28 in-

244 2328 154 33 skränka
417 2331 51 39 sig
488 2333 53 30 till
562 2335 50 30 att
629 2337 66 30 vad
715 2336 10 29 i
744 2338 143 30 ärendet
905 2340 166 31 förevarit
1090 2343 55 30 för
1163 2344 187 41 riksdagen

860 2389 219 33 omförmäla.
