2192 2658
385 153 21 30 4
605 152 120 33 Första
750 153 202 32 kammarens
971 154 114 39 första
1110 153 169 42 tillfälliga
1303 155 135 31 utskotts
1461 154 164 33 utlåtande
1650 155 52 32 Nr
1726 157 29 31 8.

386 245 204 47 september
635 248 96 33 1911
772 251 38 30 är
838 246 182 47 nämligen
1048 247 216 36 boställenas
1294 247 123 48 skogs-
1446 248 68 35 och
1543 248 177 47 hagmark
1747 250 234 48 undantagen

385 299 82 36 från
495 300 279 47 förordningens
803 301 270 36 bestämmelser
1101 302 67 35 och
1197 302 108 36 ställd
1333 303 118 34 under
1479 302 250 48 skogsstatens
1755 304 227 36 omedelbara

386 355 87 35 vård
502 354 66 36 och
596 354 232 49 förvaltning.

492 410 57 35 Då
577 410 44 35 de
650 410 112 36 första
789 422 73 36 nya
889 410 352 48 löneregleringarna
1270 411 56 36 för
1354 411 272 47 prästerskapet
1654 411 127 36 infalla
1800 413 113 35 redan
1942 416 41 33 år

389 466 111 43 1914,
540 464 87 36 böra
669 464 228 36 föreskrifter
938 464 13 36 i
988 477 44 23 av
1069 465 178 36 utskottet
1275 465 157 48 angiven
1456 465 168 48 riktning
1651 467 162 35 utfärdas
1842 471 141 32 snarast

385 518 151 48 möjligt.

491 574 52 34 På
583 574 119 46 grund
744 586 43 23 av
829 574 69 36 vad
941 573 150 39 sålunda
1125 574 150 44 anförts,
1308 574 55 35 får
1391 574 181 36 utskottet
1601 576 81 34 med
1711 576 197 47 anledning
1937 589 42 23 av

384 628 85 35 herr
510 627 230 37 Henriksons
769 627 13 36 i
810 628 151 47 Heberg
989 628 235 36 förevarande
1253 628 137 36 motion
1418 629 198 45 hemställa,
1648 632 54 33 att
1730 629 126 37 Andra
1885 631 96 35 kam-

385 694 124 23 maren
539 681 83 36 ville
649 682 56 35 för
734 682 56 35 sin
810 683 58 34 del
887 683 151 42 besluta,
1061 683 61 35 det
1150 682 211 47 Riksdagen
1389 686 111 33 måtte
1528 684 13 34 i
1571 683 174 36 skrivelse
1767 685 57 34 till
1845 679 135 52 Kungl.

384 735 108 49 Maj:t
520 736 152 44 anbålla,
705 739 52 33 att
785 737 44 34 de
858 735 229 37 föreskrifter
1114 736 13 35 i
1156 736 124 47 kungl.
1310 736 242 48 kungörelsen
1580 739 69 33 den
1682 740 45 33 15
1758 738 93 46 april
1882 741 99 32 1904

385 791 188 45 angående
614 790 202 36 beredande
859 804 42 23 av
944 792 155 46 tryggad
1141 790 296 48 besittningsrätt
1479 794 36 33 åt
1556 790 220 38 innehavare
1815 805 44 23 av
1888 792 95 36 vissa

384 845 211 47 lägenheter
624 847 19 33 å
671 845 288 47 prästerskapets
987 844 324 48 löningshemman,
1343 858 75 23 som
1444 846 114 46 enligt
1577 846 126 47 kungl.
1726 846 257 48 förordningen

386 900 70 35 den
488 902 46 32 15
565 899 203 47 september
800 902 96 33 1911
930 900 102 35 skola
1059 899 182 48 iakttagas
1270 899 62 36 vid
1360 900 277 48 utarrendering
1665 913 45 23 av
1730 901 253 36 ecklesiastika

384 954 269 44 löneboställen,
684 956 111 33 måtte
822 954 205 36 utsträckas
1058 958 53 32 att
1138 955 94 46 gälla
1256 955 134 35 sådana
1409 955 410 46 lägenhetsinnehavare
1840 959 19 31 å
1880 956 104 35 dessa

385 1008 187 45 boställen,
604 1021 74 23 som
716 1009 91 35 bebo
841 1010 78 34 dem
963 1009 114 48 själva
1105 1008 192 48 tillhöriga,
1329 1008 76 36 före
1441 1010 69 34 den
1543 1012 16 32 1
1588 1009 145 48 januari
1766 1012 98 33 1913
1895 1023 90 34 upp-

385 1063 104 36 förda
516 1063 244 48 byggnader.»

161 1180 104 30 Andra
295 1179 80 29 kam-
493 1171 127 35 Andra
648 1172 227 34 kammarens
904 1172 120 34 beslut
1052 1171 107 35 utföll
1187 1171 12 34 i
1228 1172 161 46 enlighet
1417 1173 80 34 med
1526 1173 199 34 utskottets
1753 1173 227 35 hemställan.

210 1234 118 20 marens
389 1225 119 36 Sedan
551 1226 147 34 ärendet
741 1225 157 35 därefter
933 1226 238 35 överlämnats
1201 1225 55 36 till
1285 1226 125 35 Första
1438 1225 221 45 kammaren,
1691 1226 65 35 har
1786 1227 197 35 detsamma

221 1269 98 31 beslut.
387 1280 185 35 hänvisats
601 1279 57 35 till
686 1279 259 36 förberedande
973 1279 222 48 behandling
1222 1292 43 24 av
1291 1280 79 35 dess
1390 1279 112 36 första
1521 1279 182 47 tillfälliga
1721 1280 151 35 utskott.

203 1396 143 30 Utskottet.
491 1388 19 35 I
538 1388 126 47 kungl.
697 1387 260 47 förordningen
985 1388 185 46 angående
1198 1387 280 47 utarrendering
1507 1400 44 23 av
1580 1388 290 46 prästerskapets
1889 1388 95 35 löne-

384 1443 177 35 boställen
604 1443 70 34 den
707 1445 45 32 15
783 1442 204 46 september
1033 1444 93 33 1911
1162 1440 232 46 föreskrives,
1434 1442 111 34 bland
1574 1445 125 32 annat:
1731 1442 251 35 Löneboställe

384 1496 93 36 skall
504 1496 13 35 i
546 1496 197 35 allmänhet
783 1497 252 34 utarrenderas
1078 1496 147 35 särskilt
1268 1496 55 35 för
1365 1496 65 47 sig.
1488 1496 76 34 Där
1593 1499 38 32 så
1658 1496 117 35 finnes
1804 1496 177 47 lämpligt,

384 1553 57 32 må
474 1551 86 34 flera
587 1550 96 35 inom
713 1553 52 32 ett
793 1552 159 44 pastorat
980 1550 152 48 belägna
1161 1550 187 44 boställen,
1380 1550 117 34 vilkas
1527 1549 219 48 avkastning
1773 1550 91 34 skall
1884 1550 98 48 tjäna

384 1616 134 25 samma
548 1605 175 44 ändamål,
753 1604 169 47 upplåtas
951 1605 115 34 under
1095 1608 52 32 ett
1176 1605 151 35 arrende
1356 1604 85 35 eller
1470 1607 51 33 ett
1551 1604 149 36 boställe
1729 1605 252 35 utarrenderas

383 1660 12 34 i
423 1660 87 34 fera
537 1659 118 35 lotter.

490 1712 127 47 Enligt
636 1713 196 35 utskottets
854 1711 144 47 mening
1012 1713 66 34 bör
1101 1712 187 48 uttrycket
1307 1713 130 34 lotter
1457 1711 13 35 i
1490 1713 99 34 detta
1609 1713 261 45 sammanhang
1890 1713 92 35 hava

384 1767 56 36 sin
468 1767 233 47 tillämpning
730 1772 90 31 även
849 1769 45 44 på
915 1767 43 35 de
977 1766 219 47 lägenheter,
1219 1779 75 23 som
1314 1766 13 36 i
1347 1766 182 36 motionen
1548 1766 238 36 omförmälas.
1825 1766 157 36 Tvivels-

382 1825 90 32 utan
514 1833 84 24 vore
640 1821 110 35 också
779 1821 54 35 för
861 1833 50 23 nu
940 1821 156 35 avsedda
1123 1820 409 47 lägenhetsinnehavare
1560 1820 261 47 förmånligast,
1852 1833 55 22 om
1938 1821 43 34 de

383 1876 96 46 finge
517 1875 122 35 direkt
667 1875 81 35 med
776 1875 269 35 vederbörande
1074 1874 216 48 myndighet
1317 1874 107 35 träffa
1454 1875 97 35 avtal
1580 1887 55 23 om
1666 1874 79 35 sina
1773 1875 210 47 lägenheter

383 1930 67 35 och
479 1930 150 34 sålunda
657 1929 98 36 bliva
784 1928 259 49 självständiga
1063 1930 259 34 arrendatorer.
1368 1928 218 48 Därigenom
1607 1929 135 35 erhölle
1762 1929 44 35 de
1825 1928 156 47 options-

383 1986 72 33 rätt
486 1983 113 48 jämte
629 1984 111 34 andra
769 1983 191 44 förmåner,
992 1995 120 23 varom
1142 1983 255 35 meranämnda
1425 1983 124 47 kungl.
1582 1982 213 47 förordning
1822 1983 156 46 stadgar,

384 2038 95 43 eller,
510 2038 82 35 med
621 2038 112 34 andra
761 2038 156 46 ordalag,
949 2049 45 23 en
1022 2037 158 47 verkligt
1199 2037 155 47 tryggad
1374 2036 294 48 besittningsrätt
1687 2036 56 36 till
1761 2036 80 36 sina
1859 2037 121 46 lägen-

384 2092 113 34 heter.
564 2091 280 47 Ifrågavarande
885 2093 111 45 utväg
1041 2103 106 35 synes
1190 2091 136 35 således
1377 2091 179 35 utskottet
1597 2092 88 34 böra
1727 2089 254 37 företrädesvis

385 2145 140 36 anlitas.

491 2199 188 36 Utskottet
721 2201 158 45 antager,
911 2201 52 33 att
991 2199 136 35 antalet
1154 2198 421 48 lägenhetsinnehavare,
1607 2210 74 24 som
1712 2201 19 32 å
1759 2197 222 47 prästerska-

385 2256 79 44 pets
491 2252 314 48 löningshemman
833 2253 91 35 bebo
953 2253 82 35 dem
1064 2252 113 48 själva
1205 2252 195 48 tillhöriga,
1432 2253 92 35 efter
1552 2253 71 35 den
1656 2255 16 32 1
1701 2252 145 48 januari
1879 2254 100 33 1904

383 2307 179 47 uppförda
604 2308 220 46 byggnader,
868 2307 82 35 icke
980 2312 39 30 är
1047 2307 157 35 särdeles
1233 2309 99 33 stort.
1390 2307 136 47 Kungl.
1557 2306 244 47 kungörelsen
1830 2307 70 35 den
1932 2308 45 33 15
