2188 2663
388 152 117 32 Andra
530 154 202 32 kammarens
749 155 143 39 fjärde
917 157 171 41 tillfälliga
1111 158 136 33 utskotts
1269 159 171 33 utlåtande
1463 161 52 31 Nr
1538 164 52 29 13.
1767 165 15 30 1

900 598 62 41 Nr
991 600 63 41 13.

696 761 114 26 Ankom
831 761 44 27 till
894 762 183 34 Riksdagens
1096 764 95 27 kansli
1210 764 55 27 den
1284 766 35 25 22
1339 765 71 35 april
1431 767 68 27 1913
1518 768 37 25 kl.
1577 768 15 26 3
1614 777 22 18 e.
1656 778 27 17 m

398 923 138 37 Andra
568 924 239 38 kammarens
832 925 157 48 fjärde
1019 926 196 50 tillfälliga
1249 929 160 38 utskotts
1438 931 191 38 utlåtande
1658 944 46 25 nr
1737 937 45 34 13

612 997 191 47 angående
853 997 87 37 herr
986 999 274 38 Kristenssons
1308 1002 150 45 motion,
1503 1015 47 24 nr
1592 1008 84 40 211,
1724 1017 59 24 om

611 1068 181 38 skrivelse
831 1070 58 37 till
926 1070 143 49 Kungl.
1110 1072 114 48 Maj:t
1261 1075 193 46 angående
1482 1076 203 48 utredning
1715 1077 68 37 och

606 1140 154 48 förslag
788 1142 17 36 i
827 1142 121 48 fråga
986 1155 59 25 om
1082 1144 219 39 inrättande
1331 1158 45 25 av
1404 1158 42 25 en
1475 1151 144 34 statens
1649 1149 132 37 brand-

608 1212 406 50 försäkringsanstalt.

318 1374 15 35 I
375 1374 138 36 motion
556 1375 98 36 inom
697 1376 128 37 Andra
853 1377 228 46 kammaren,
1112 1392 44 23 nr
1186 1380 87 42 211,
1303 1381 69 36 har
1399 1382 85 36 herr
1512 1382 267 48 Kristensson,

184 1428 192 35 hemställt
415 1432 55 32 att
511 1429 215 48 Riksdagen
769 1431 86 36 ville
885 1432 11 34 i
926 1432 182 37 skrivelse
1150 1434 56 36 till
1234 1434 133 48 Kungl.
1396 1435 101 48 Maj:t
1526 1437 161 45 anhålla,
1720 1439 61 35 det

184 1481 133 48 Kungl.
359 1482 102 47 Maj:t
502 1484 146 36 täcktes
688 1490 150 31 snarast
875 1486 138 48 möjligt
1050 1488 78 36 låta
1156 1489 142 45 utreda,
1328 1490 194 45 huruvida,
1553 1491 12 35 i
1593 1492 73 36 vad
1694 1493 87 35 mån

184 1536 69 35 och
281 1536 49 48 på
359 1537 72 35 vad
461 1539 76 34 sätt
566 1550 46 24 en
642 1542 145 33 statens
816 1540 490 50 brandförsäkringsanstalt
1333 1544 75 35 kan
1438 1545 67 36 och
1526 1546 63 36 bör
1608 1546 171 46 inrättas,

184 1595 99 31 samt
319 1590 58 36 för
418 1591 214 49 Riksdagen
671 1593 206 48 framlägga
914 1595 61 36 det
1011 1596 148 48 förslag,
1198 1597 126 37 vartill
1362 1610 46 24 en
1438 1599 117 36 sådan
1584 1601 197 47 utredning

183 1644 75 35 kan
287 1644 203 37 föranleda.

316 1698 71 36 Till
417 1700 82 35 stöd
528 1700 57 36 för
614 1701 123 36 denna
765 1702 225 37 hemställan
1019 1704 68 36 har
1115 1705 232 37 motionären
1377 1707 124 37 anfört
1528 1708 170 48 följande.

317 1807 125 36 Under
484 1808 62 36 det
587 1813 153 32 senaste
782 1810 113 37 halva
932 1812 121 36 seklet
1090 1813 68 35 har
1193 1813 210 50 försäkring
1439 1819 76 33 mot
1543 1817 237 38 brandskada

185 1861 92 46 tagit
320 1873 46 23 en
409 1862 152 35 oerhörd
606 1863 229 48 omfattning.
890 1865 535 49 Försäkringsverksamheten
1463 1870 122 37 drives
1624 1872 78 36 dels
1732 1885 48 24 av

185 1913 110 49 bolag
322 1915 83 36 med
434 1916 297 47 huvudsakligen
762 1918 212 48 vinstsyfte,
1005 1920 79 37 dels
1114 1922 69 35 ock
1212 1934 47 24 av
1289 1923 222 48 ömsesidiga
1529 1925 250 49 försäkrings-

185 1969 193 36 anstalter.
427 1969 137 36 Medan
594 1971 43 35 de
665 1971 101 37 förra
790 1974 63 34 äro
873 1984 92 25 rena
984 1974 274 50 affärsföretag,
1281 1977 43 36 så
1344 1979 63 35 äro
1428 1978 45 36 de
1493 1990 133 26 senare
1648 1981 133 36 endast

185 2025 53 32 ett
280 2023 120 35 medel
443 2028 55 31 att
539 2025 143 36 fördela
723 2025 182 37 förlusten
944 2028 61 35 vid
1042 2029 177 36 inträffad
1249 2031 179 37 eldsvåda
1454 2033 49 47 på
1533 2037 54 32 ett
1615 2034 43 36 så
1687 2038 93 33 stort

184 2077 104 35 antal
331 2089 79 24 som
453 2078 149 47 möjligt,
635 2079 129 37 varvid
794 2081 495 50 ömsesidighetsprincipens
1318 2085 232 49 tillämpning
1578 2088 201 36 bortelimi-

183 2142 112 24 nerar
323 2131 455 47 bolaget-mellanhanden
806 2134 58 36 för
892 2139 56 32 att
975 2136 48 47 på
1052 2137 43 36 så
1124 2140 75 34 sätt
1224 2139 92 36 söka
1336 2139 260 38 åstadkomma
1614 2142 165 48 billigare

184 2185 518 49 brandförsäkringsavgifter.
771 2188 81 36 Den
895 2193 102 33 stora
1038 2192 269 48 utsträckning,
1352 2206 79 24 som
1474 2195 304 49 ömsesidighets-

184 2239 235 36 anstalterna
446 2240 47 47 på
523 2253 133 24 senare
684 2242 53 36 tid
767 2243 133 45 ernått,
926 2245 108 46 tyder
1054 2246 260 49 otvivelaktigt
1333 2248 47 47 på
1401 2252 56 33 att
1477 2249 43 36 de
1540 2250 136 37 bereda
1696 2251 83 37 sina

184 2292 174 48 delägare
388 2294 211 37 avsevärda
626 2295 196 38 förmåner.

273 2355 134 41 Bihang
432 2355 51 33 till
506 2357 205 42 Riksdagens
729 2358 155 42 protokoll
910 2362 91 30 1913.
1048 2364 44 29 13
1114 2362 90 33 saml.
1230 2365 21 30 4
1275 2364 71 32 avd.
1372 2367 43 29 13
1439 2365 80 42 häft.
1546 2366 68 41 (Nr
1637 2366 70 43 15).
1762 2368 15 31 1

1819 1835 146 28 Motionen.
