2207 2675
234 1131 117 33 Sveriges

201 1165 177 32 diplomatiska

210 1201 163 29 representa-

215 1232 52 26 tion
286 1233 80 32 enligt

208 1267 164 26 kommitténs

234 1302 106 32 förslag.

232 1896 116 32 Sveriges

222 1930 137 25 konsulära

207 1966 164 29 representa-

214 1998 53 24 tion
286 1998 80 32 enligt

215 2031 144 26 kommitté-

222 2066 133 32 förslaget.

446 167 20 30 4
957 165 241 32 Statsutskottets
1226 165 168 32 Utlåtande
1417 166 63 31 N:o
1502 167 30 30 4.

404 256 142 40 svinna,
577 256 68 35 och
672 255 144 36 anföres
845 268 77 24 som
951 256 116 36 motiv
1095 255 124 36 härtill
1247 255 70 37 den
1345 256 204 48 väsentliga
1576 255 212 48 förenkling
1809 256 13 36 i
1840 256 240 49 räkenskaps-

404 307 184 44 väsendet,
618 319 78 23 som
724 314 41 28 är
792 320 45 22 en
866 306 91 49 följd
985 306 40 37 af
1050 308 178 35 unionens
1249 308 232 47 upplösning.
1515 307 107 36 Hvad
1641 310 78 33 åter
1737 310 115 46 angår
1870 308 72 35 den
1961 308 118 48 tredje

403 359 39 35 af
466 359 44 36 de
537 358 209 49 föreslagna
773 358 182 49 byråerna
982 359 89 35 eller
1103 358 392 49 handelsafdelningen
1523 364 202 31 motsvaras
1754 359 120 36 denna
1900 359 115 37 delvis
2043 358 39 37 af

403 411 71 35 den
514 410 213 36 nuvarande
768 409 417 50 konsulatafdelningen,
1228 423 82 23 men
1351 423 132 35 genom
1522 410 70 36 den
1620 410 108 48 djupt
1755 410 220 49 ingripande
2003 424 77 23 om-

403 462 253 47 organisation
684 460 40 36 af
748 461 358 45 konsulatväsendet,
1136 474 79 23 som
1243 460 41 37 af
1308 461 219 37 kommittén
1554 460 163 46 föreslås,
1747 462 66 36 och
1843 462 151 36 hvartill
2015 463 65 48 jag

403 526 126 23 senare
555 513 257 45 återkommer,
842 519 92 30 samt
962 513 114 36 andra
1103 514 13 35 i
1143 513 266 47 sammanhang
1437 513 152 36 därmed
1618 512 147 37 stående
1789 512 289 49 reformförslag,

403 566 117 34 skulle
560 565 119 35 denna
716 563 190 50 afdelning
945 564 38 36 få
1022 577 44 23 en
1099 565 200 48 väsentligt
1327 570 119 30 större
1474 565 187 48 betydelse
1689 563 58 37 för
1774 568 82 33 vårt
1882 564 201 49 näringslif

402 623 46 29 än
486 629 50 22 nu
577 624 40 28 är
656 615 115 36 fallet.
826 615 184 49 Slutligen
1038 617 118 35 skulle
1185 615 69 37 den
1282 615 213 37 nuvarande
1522 617 141 47 platsen
1692 619 119 33 såsom
1839 616 240 36 introduktör

402 666 59 37 för
499 667 231 36 främmande
763 667 199 44 sändebud,
993 667 176 36 hvarmed
1197 668 12 35 i
1235 668 74 35 viss
1338 671 86 32 mån
1451 675 40 28 är
1517 666 152 37 förenad
1696 680 44 23 en
1769 666 309 48 afdelningschefs

402 718 175 46 ställning
617 718 66 35 och
719 717 233 49 befogenhet,
981 718 175 35 bortfalla
1183 724 94 29 samt
1304 718 135 35 dennes
1467 724 81 29 rent
1575 718 309 47 departementala
1911 720 168 46 göromål

401 769 13 35 i
441 769 122 46 stället
591 767 208 49 öfvertagas
827 768 40 36 af
892 770 187 48 personal-
1107 769 67 36 och
1203 768 398 48 arkivafdelningarna.

501 819 38 37 A
580 820 126 47 hvarje
746 820 191 48 afdelning
976 821 118 35 skulle
1126 820 206 48 tjänstgöra
1360 824 117 32 såsom
1506 819 359 49 afdelningschefens
1893 825 185 31 närmaste

401 884 86 22 man
515 884 43 22 en
587 870 115 37 förste
731 872 235 35 sekreterare.
1021 871 135 36 Vidare
1185 872 117 35 skulle
1329 871 14 35 i
1370 871 290 49 departementet
1688 884 64 23 sex
1780 871 111 36 andre
1920 871 158 36 sekrete-

401 935 80 23 rare
509 935 89 34 vara
626 922 192 36 anställda.

501 972 38 37 ÅA
572 973 340 49 arkivafdelningen
944 974 118 36 skulle
1091 974 173 36 anställas
1293 980 105 30 utom
1426 973 342 47 afdelningschefen
1795 986 43 23 en
1869 973 114 37 förste
2011 974 68 35 och

401 1037 45 23 en
474 1025 113 35 andre
614 1025 192 36 arkivarie.

501 1126 232 37 Beträffande
765 1125 167 49 Sveriges
965 1127 259 48 diplomatiska
1255 1127 290 48 representation
1573 1127 212 36 utomlands
1813 1127 143 35 märkes
1984 1126 94 36 först

400 1178 68 35 och
496 1177 131 36 främst
655 1179 238 35 kommitténs
921 1177 138 49 förslag
1087 1191 58 22 om
1173 1178 225 48 indragning
1425 1177 40 36 af
1490 1178 288 47 beskickningen
1804 1179 14 33 i
1840 1177 148 48 Bryssel
2008 1178 69 35 och

401 1227 104 48 Haag
532 1234 97 30 samt
658 1241 59 23 om
742 1228 211 36 ersättande
973 1228 39 36 af
1027 1228 45 36 de
1091 1228 81 49 fyra
1192 1229 340 47 ministerposterna
1550 1229 13 34 i
1583 1227 315 49 Konstantinopel,
1918 1227 159 45 Madrid,

400 1279 93 36 Rom
536 1280 66 34 och
645 1279 106 36 Wien
793 1279 82 36 med
915 1279 384 47 beskickningschefer
1338 1279 39 35 af
1414 1280 102 45 lägre
1557 1292 93 35 rang
1681 1279 68 35 och
1782 1280 61 35 lön
1871 1280 88 35 eller
1986 1292 27 23 s.
2042 1280 35 34 k.

400 1330 152 47 chargés
580 1329 195 37 d'affaires.
829 1329 233 37 Beträffande
1091 1330 287 48 beskickningen
1396 1331 13 35 i
1427 1330 147 48 Bryssel
1593 1330 68 36 och
1680 1330 105 47 Haag
1804 1331 117 35 skulle
1940 1330 138 36 dennas

398 1382 164 46 göromål
603 1381 218 48 öfvertagas,
864 1381 95 36 hvad
999 1381 150 47 Belgien
1189 1385 125 44 angår,
1343 1380 40 36 af
1408 1381 287 48 beskickningen
1722 1382 12 34 i
1761 1381 103 36 Paris
1892 1387 95 30 samt
2016 1381 61 35 be-

399 1432 181 36 träffande
609 1432 160 35 Holland
797 1431 41 36 af
862 1432 288 48 beskickningen
1178 1433 12 34 i
1217 1432 162 36 London.
1431 1431 71 37 Om
1525 1432 139 36 således
1683 1432 220 36 kommittén
1921 1431 157 36 föreslår

398 1483 138 48 ganska
568 1483 208 49 betydande
804 1483 266 47 indragningar
1097 1484 100 35 inom
1225 1482 366 49 diplomatväsendet,
1618 1483 210 36 hemställer
1856 1483 221 35 kommittén

398 1537 21 32 å
446 1534 114 36 andra
592 1534 103 36 sidan
728 1547 58 23 om
815 1534 249 48 upprättande
1093 1533 41 36 af
1157 1534 281 47 beskickningar
1465 1534 13 35 i
1505 1533 130 49 Japan,
1664 1533 146 37 Mexiko
1838 1534 67 36 och
1932 1534 144 46 Argen-

398 1585 89 42 tina,
528 1586 13 34 i
569 1585 44 35 de
646 1585 93 35 båda
767 1585 227 36 sistnämnda
1021 1585 176 35 länderna
1224 1585 92 35 dock
1344 1585 118 35 under
1489 1584 151 48 ledning
1667 1584 39 36 af
1736 1586 153 34 allenast
1926 1585 151 48 chargés

399 1635 195 37 daffaires.
661 1636 74 35 Vid
776 1635 44 36 de
852 1635 84 50 fyra
963 1641 137 31 största
1127 1636 342 46 beskickningarna,
1493 1636 187 47 nämligen
1707 1636 13 34 i
1747 1635 135 44 Berlin,
1911 1635 165 43 London,

398 1686 103 36 Paris
542 1687 67 35 och
649 1685 54 37 S:t
735 1686 235 49 Petersburg,
1004 1686 152 36 föreslås
1188 1686 245 36 anställandet
1461 1685 39 36 af
1525 1686 248 47 legationsråd
1802 1692 94 30 samt
1923 1686 64 36 vid
2014 1686 63 35 be-

398 1737 284 49 skickningarna
722 1738 12 35 i
774 1737 210 45 Kristiania,
1028 1737 237 49 Köpenhamn
1306 1737 67 36 och
1415 1736 242 48 Washington
1698 1736 41 37 af
1771 1737 306 48 legationssekre-

397 1794 129 30 terare.

533 1891 15 35 I
574 1890 104 48 fråga
697 1903 59 22 om
775 1889 350 37 konsulatväsendet
1144 1889 224 48 framlägger
1388 1889 231 45 kommittén,
1640 1893 117 33 såsom
1778 1889 112 36 redan
1910 1889 165 41 nämndt,

399 1940 308 37 vidtomfattande
736 1940 137 48 förslag
900 1941 57 35 till
985 1939 201 37 förändrad
1215 1941 260 47 organisation.
1531 1939 113 37 Dessa
1664 1939 140 50 förslag
1823 1939 123 50 åsyfta
1964 1939 112 36 fram-

398 1991 58 37 för
483 1993 66 34 allt
576 1992 320 47 åvägabringande
936 1990 40 36 af
1005 1991 110 35 enhet
1146 1992 12 34 i
1184 1990 104 47 fråga
1319 2004 59 22 om
1405 1990 247 37 förhållandet
1680 1992 154 35 emellan
1862 1989 214 38 centralför-

398 2044 214 47 valtningen
652 2043 66 35 och
747 2042 348 36 konsulatväsendet
1123 2047 93 31 samt
1244 2042 220 36 detsammas
1492 2042 179 36 ställande
1698 2042 13 35 1
1738 2049 168 29 närmare
1934 2041 141 36 förbin-

399 2095 98 35 delse
526 2094 81 35 med
637 2093 367 48 diplomatväsendet.
1059 2093 16 35 I
1103 2092 61 36 det
1190 2092 100 36 förra
1317 2092 222 37 hänseendet
1566 2093 64 35 har
1649 2093 220 36 kommittén
1888 2091 187 37 hemställt

398 2158 61 22 om
488 2145 239 47 upphörande
754 2144 41 36 af
820 2144 71 36 den
918 2144 213 35 nuvarande
1159 2144 215 48 ordningen,
1404 2144 116 47 enligt
1549 2144 150 36 hvilken
1726 2142 349 38 konsulatväsendet

396 2196 108 48 lyder
545 2196 116 36 under
702 2196 99 35 såväl
842 2194 433 48 utrikesdepartementet
1316 2207 79 23 som
1435 2195 399 48 kommerskollegium.
1906 2194 55 36 En
1998 2198 77 31 stor

397 2247 59 36 del
497 2246 40 36 af
575 2246 43 37 de
659 2246 134 47 frågor,
835 2246 123 36 hvilka
999 2259 49 22 nu
1089 2245 85 36 falla
1207 2245 116 36 under
1354 2246 337 48 kommerskollegii
1719 2245 209 48 afgörande,
1958 2245 117 36 skulle

398 2298 139 37 således
565 2297 227 50 öfverflyttas
820 2298 57 35 till
906 2297 443 48 utrikesdepartementet,
1378 2297 66 35 och
1463 2296 228 36 beträffande
1710 2296 118 49 öfriga
1847 2296 153 39 märkes,
2021 2300 56 31 att
