2205 2673
682 170 242 33 Statsutskottets
953 172 168 32 Utlåtande
1143 173 64 32 N:o
1231 174 29 31 4.
1728 179 38 30 79

134 259 67 36 och
228 260 330 36 konsulskassorna
585 259 57 37 för
669 273 125 24 senare
822 261 156 36 halfåret
1010 264 108 35 1905.
1168 262 73 37 Vid
1268 276 137 23 samma
1434 264 253 50 underdåniga
1714 266 95 38 före-

132 311 186 48 dragning
357 310 153 37 anförde
545 312 74 47 jag,
662 317 54 31 att
757 313 83 35 med
879 313 231 36 bestämdhet
1147 314 46 36 då
1218 315 79 36 icke
1324 315 123 38 kunde
1474 316 208 49 uppgifvas,
1711 319 98 36 huru

132 363 149 48 mycket
322 361 40 37 af
395 362 44 36 de
467 362 181 36 uteblifna
674 365 135 34 norska
836 365 172 47 anslagen
1034 364 59 37 för
1123 367 106 43 1905,
1259 379 77 23 som
1363 368 145 36 komme
1539 373 55 31 att
1621 369 40 36 af
1685 369 123 50 Norge

130 414 58 35 till
216 413 435 48 utrikesdepartementet
678 415 189 44 inbetalas,
897 416 66 35 och
991 416 58 35 till
1076 415 94 49 följd
1189 417 108 36 däraf
1311 419 80 35 icke
1410 418 113 37 heller
1542 419 97 37 huru
1661 422 147 47 mycket

131 477 79 23 som
252 464 183 36 definitivt
475 464 124 36 kunde
627 465 149 35 komma
802 470 53 30 att
882 465 58 36 för
967 466 206 48 utgifterna
1204 470 93 33 1905
1327 473 103 44 tagas
1457 470 13 34 i
1497 471 157 47 anspråk
1682 471 39 35 af
1745 472 62 36 det

131 514 84 37 utaf
239 516 264 35 statskontoret
530 514 237 38 förskottsvis
786 516 190 36 utbetalda
993 517 180 49 beloppet.
1215 518 287 51 Framställning
1520 521 58 35 till
1598 521 208 50 Riksdagen

130 565 188 49 angående
358 566 208 47 ersättning
605 567 58 35 till
704 568 263 35 statskontoret
993 567 59 37 för
1078 569 95 36 hvad
1202 569 40 36 af
1266 571 155 35 svenska
1448 571 119 36 medel
1595 572 211 49 förskjutits

130 618 56 34 till
227 616 93 49 följd
362 616 40 36 af
440 616 182 36 uteblifna
662 618 134 36 norska
835 618 132 49 bidrag
1009 619 56 36 för
1108 622 93 34 1905
1241 621 114 36 borde
1382 621 129 37 därför
1538 627 105 32 anstå
1670 624 56 36 för
1753 631 54 30 att

129 669 127 47 längre
282 667 98 36 fram
407 668 118 35 under
547 668 196 47 riksdagen
766 669 125 36 aflåtas
921 670 6 35 i
953 671 264 47 sammanhang
1240 672 83 35 med
1343 673 70 35 den
1432 673 189 37 definitiva
1640 677 166 47 proposi-

129 720 127 34 tionen
284 718 188 47 angående
500 719 200 36 kabinetts-
728 720 67 35 och
823 721 345 36 konsulskassornas
1195 723 259 46 anslagsbehof
1468 724 59 36 för
1548 727 106 35 1907.
1700 727 15 35 I
1735 727 71 36 den

129 770 132 47 nådiga
299 770 277 48 propositionen
616 771 188 47 angående
836 772 237 37 statsverkets
1099 773 165 36 tillstånd
1294 775 66 35 och
1388 774 115 36 behof
1526 781 160 43 upptogs
1713 777 92 37 dock

128 822 56 34 till
225 821 234 36 bestridande
498 820 40 36 af
575 834 45 22 en
656 822 58 35 del
742 821 40 36 af
806 822 71 36 den
904 826 46 44 på
976 823 123 49 Norge
1125 824 203 47 belöpande
1355 826 155 36 andelen
1537 826 41 36 af
1602 828 203 37 kabinetts-

128 873 68 35 och
237 872 345 36 konsulskassornas
623 872 155 48 utgifter
805 877 40 32 år
875 875 93 34 1905
998 874 111 36 bland
1136 874 45 37 de
1208 881 106 31 extra
1341 878 173 46 anslagen
1541 877 58 37 för
1628 881 94 34 1907
1752 885 53 31 ett

128 922 217 49 förslagsvis
371 923 204 35 beräknadt
603 923 131 49 belopp
762 923 40 36 af
828 926 158 43 300,000
1014 926 145 35 kronor.

262 974 156 36 Jämlikt
457 974 70 35 den
569 973 41 36 af
647 975 134 48 Kungl.
824 974 104 49 Maj:t
954 975 57 36 för
1038 976 167 48 Sveriges
1233 977 58 36 del
1319 978 70 35 den
1419 980 44 35 23
1496 980 183 36 nästlidne
1707 995 96 23 mars

127 1025 197 48 godkända
363 1030 94 31 samt
496 1024 42 36 af
572 1025 77 48 mig
689 1026 67 35 och
792 1025 140 49 Norges
961 1027 225 36 härvarande
1214 1029 131 48 chargé
1373 1028 194 47 d'affaires,
1597 1034 117 34 såsom
1742 1033 61 35 be-

128 1076 152 46 hörigen
306 1075 341 48 befullmäktigade,
677 1076 300 37 undertecknade
995 1077 370 38 öfverenskommelse
1384 1081 186 47 angående
1590 1082 213 38 ekonomisk

128 1127 218 47 uppgörelse
387 1126 136 36 mellan
562 1125 149 50 Sverige
751 1128 66 35 och
858 1128 123 48 Norge
1021 1129 13 35 i
1070 1129 201 49 anledning
1298 1129 40 36 af
1362 1132 178 36 unionens
1568 1134 233 48 upplösning,

127 1178 117 35 skulle
272 1177 122 48 Norge
421 1177 155 48 bidraga
603 1178 56 35 till
688 1178 202 36 kabinetts-
917 1179 67 35 och
1013 1180 345 37 konsulskassornas
1386 1182 156 48 utgifter
1569 1184 115 48 enligt
1705 1187 94 34 1905

126 1231 58 33 års
208 1228 150 36 bokslut
385 1228 84 35 med
526 1255 6 7 .
576 1256 6 6 .
626 1256 6 7 .
677 1257 6 6 .
727 1257 7 7 .
778 1257 6 7 .
828 1258 7 6 .
877 1258 7 7 .
913 1230 135 36 kronor
1075 1233 171 43 438,786:
1277 1234 44 34 35

259 1278 138 36 Härtill
441 1279 148 35 komma
628 1278 58 37 för
725 1281 159 35 ämbets-

126 1329 157 47 utgifter
306 1330 62 35 vid
389 1329 168 47 samtliga
576 1330 171 36 konsulat
767 1331 117 35 under

124 1381 104 35 tiden
268 1383 15 32 1
319 1380 149 48 januari
490 1382 76 33 —31
605 1380 154 36 oktober
788 1384 94 33 1905

124 1432 68 34 och
220 1430 59 37 för
306 1431 577 50 kontorskostnadsersättningar

125 1487 77 31 mot
242 1482 473 49 redovisningsskyldighet
747 1483 64 36 vid
837 1483 45 36 de

123 1532 133 36 lönade
302 1533 219 36 konsulaten
562 1533 117 36 under
717 1534 102 36 tiden
862 1537 18 33 1

120 1580 91 56 juli
221 1585 71 34 —31
335 1584 152 35 oktober
529 1586 107 42 1905,
669 1585 126 35 hvilka
823 1591 60 30 ut-

123 1634 115 49 gifter
277 1634 41 36 af
355 1635 438 48 utrikesdepartementet
825 1650 57 22 er-

124 1690 112 31 sättas
264 1685 93 36 först
384 1688 40 33 år
454 1687 95 35 1906
578 1686 66 35 och
663 1686 219 37 redovisas
861 1681 25 57 i

124 1736 228 36 sistnämnda
379 1740 58 32 års
464 1737 245 47 räkenskaper
773 1766 105 7 -...
967 1754 13 18 »
1094 1741 146 43 25,333:
1270 1743 45 34 33
1343 1750 139 35 kronor
1550 1752 172 44 464,119:
1753 1754 44 34 68

258 1803 126 36 Under
424 1807 40 32 år
506 1806 94 34 1905
644 1805 66 35 har
737 1804 40 36 af
801 1805 45 36 de
873 1806 207 37 beräknade
1107 1809 133 35 norska
1267 1809 52 35 bi-

125 1854 138 49 dragen
292 1855 57 35 till
377 1855 435 48 utrikesdepartementet
839 1857 140 36 influtit
1010 1886 6 7 .
1060 1886 6 7 .
1110 1887 7 6 .
1165 1887 2 7 .
1215 1887 2 7 .
1261 1888 7 6 -
1309 1888 7 7 .
1405 1874 13 15 >
1551 1862 169 42 317,239:
1752 1864 46 34 94

258 1922 95 35 Från
377 1922 208 37 återstoden
608 1951 7 7 .
658 1952 7 6 .
709 1952 6 6 .
809 1953 7 6 so.
910 1953 7 7 ss
960 1953 57 7 sc
1111 1954 6 7 sm.
1161 1955 7 6 -
1211 1955 7 6 -
1262 1955 6 7 .
1310 1956 7 7 .
1346 1928 136 36 kronor
1550 1931 170 43 146,879:
1751 1932 46 34 74

124 1972 69 36 bör
241 1972 86 49 afgå
376 1973 75 36 dels
500 1972 139 50 Norges
684 1975 12 34 i
742 1976 433 48 utrikesdepartementet
1218 1978 103 35 inne-

124 2024 149 35 stående
313 2024 240 48 besparingar
588 2028 20 32 å
649 2026 201 36 kabinetts-
891 2028 68 34 och
995 2028 326 37 konsulskassorna

123 2074 64 36 vid
214 2078 188 44 utgången
429 2074 40 36 af
493 2079 41 32 år
555 2077 125 35 1904.
724 2104 7 7 .
774 2105 7 6 .
825 2105 6 7 .
874 2105 3 7 .
906 2078 138 36 kronor
1096 2080 146 43 77,434:
1274 2082 45 34 64

123 2125 76 36 dels
239 2125 141 47 Norges
420 2126 107 36 andel
566 2127 14 34 i
607 2127 128 36 värdet
761 2127 41 36 af
825 2129 55 34 in-

124 2177 185 35 ventarier
332 2177 12 35 i
364 2177 431 49 utrikesdepartementet
814 2179 66 35 och

719 2252 187 43 transport
932 2248 136 36 kronor
1097 2250 146 44 77,434:
1274 2252 45 34 64
1399 2265 13 19 >»
1545 2252 171 44 146,879:
1747 2254 46 33 74
