2230 2634
715 219 262 34 Statsutskottets
1009 221 176 34 Utlåtande
1213 222 65 32 N:o
1309 224 27 30 6.
1696 223 72 33 39

226 299 135 38 chefen
390 300 57 37 till
476 301 420 50 statsrådsprotokollet
924 303 137 47 anfört,
1090 308 66 44 att,
1187 306 124 35 såsom
1331 304 74 37 han
1423 304 12 36 i
1455 304 65 37 sitt
1538 304 209 37 anförande
1767 304 57 37 till

227 352 418 50 statsrådsprotokollet
673 354 73 37 den
779 357 44 34 13
853 355 149 48 januari
1035 357 95 36 1896
1159 355 217 49 framhållit,
1406 356 64 37 det
1497 357 58 36 för
1582 357 150 37 handen
1760 370 65 24 va-

226 404 115 37 rande
383 405 182 37 behofvet
605 405 41 37 af
683 406 230 38 beklänader
954 411 36 33 åt
1031 408 255 49 värnpligtige
1323 408 206 49 ingalunda
1559 409 126 37 kunde
1713 409 112 49 fyllas

227 456 85 37 med
341 456 64 37 det
434 457 156 37 sålunda
617 457 168 49 begärda
815 459 69 37 och
914 460 187 49 beviljade
1129 460 184 49 anslaget.
1370 460 131 49 Enligt
1529 461 215 37 verkstälda
1763 462 63 36 be-

226 509 207 48 räkningar
460 509 241 38 erfordrades
729 511 64 36 vid
822 511 263 50 mobilisering
1113 512 40 36 af
1178 512 130 37 flottan
1339 512 158 50 tillhopa
1517 513 177 49 omkring
1713 515 112 46 5,332

227 574 99 33 man,
358 561 72 36 och
458 574 60 24 om
546 562 84 36 från
659 562 102 37 detta
790 563 101 37 antal
922 563 269 38 frånräknades
1222 566 86 44 550,
1339 565 127 36 hvilka
1495 565 121 37 skulle
1644 566 103 36 afses
1768 566 60 36 för

229 613 252 37 stationernas
510 613 69 37 och
608 615 179 36 varfvens
818 616 223 36 verkstäder
1070 617 69 36 och
1166 616 12 37 i
1205 616 145 37 nödfall
1378 617 125 36 kunde
1531 617 177 49 begagna
1728 630 99 36 egna

229 665 142 47 kläder,
401 665 190 38 återstode
621 668 112 46 4,782
764 680 99 35 man,
892 668 43 37 af
959 668 126 37 hvilka
1114 669 45 36 de
1188 668 121 48 flesta,
1339 672 124 34 såsom
1492 669 159 37 afsedda
1675 670 59 36 för
1753 670 75 48 sjö-

227 717 272 50 tjenstgöring,
542 718 116 37 borde
699 719 180 37 beklädas
920 720 12 36 i
975 720 170 49 enlighet
1181 721 85 37 med
1296 721 74 36 den
1399 721 41 36 af
1465 721 140 50 Kongl.
1637 722 105 49 Maj:t
1769 722 60 37 för

229 769 213 37 beklädnad
485 770 63 37 vid
590 770 104 49 dylik
736 771 260 51 tjenstgöring
1036 773 199 36 fastetälda
1277 778 75 32 stat
1381 773 72 36 och
1481 774 46 36 de
1557 773 125 50 öfriga
1710 773 120 50 enligt

229 821 314 37 beklädnadsstat
583 823 61 36 för
684 824 257 49 värnpligtige
982 825 119 36 under
1134 824 135 50 öfning
1297 825 93 37 eller
1418 838 124 24 annan
1569 826 261 49 tjenstgöring

229 873 11 37 1
268 873 99 37 land.

335 925 131 49 Enligt
502 925 101 38 hvad
640 927 405 49 marinförvaltningen
1077 928 190 38 meddelat
1294 928 12 37 i
1335 928 200 38 skrifvelse
1565 930 74 36 den
1670 931 45 35 18
1744 943 87 36 sep-

230 977 148 37 tember
417 979 111 45 1896,
565 978 138 38 funnes
740 979 60 37 för
831 981 236 36 närvarande
1096 980 12 37 i
1136 980 175 37 förråden
1340 980 57 37 till
1425 981 212 37 beklädnad
1667 982 59 36 för
1756 983 75 35 sjö-

232 1029 233 50 beväringen
493 1030 120 37 under
642 1031 318 50 sjötjenstgöring
991 1034 109 46 1,276
1130 1046 28 23 s.
1189 1033 34 36 k.
1255 1032 95 39 ställ.
1408 1032 70 38 Om
1506 1033 128 37 härtill
1660 1033 104 38 lades
1785 1034 46 36 de

234 1083 72 35 750
344 1082 99 47 ställ,
481 1095 80 24 som
595 1083 204 38 beräknats
828 1085 126 36 kunna
982 1085 190 37 anskaffas
1201 1085 60 37 för
1290 1085 46 36 de
1365 1085 41 37 af
1432 1085 174 37 sistlidna
1634 1088 60 34 års
1723 1086 109 37 Riks-

232 1134 76 49 dag
348 1134 180 37 anvisade
570 1135 136 48 medel,
747 1136 200 49 utgjordes
989 1136 209 50 tillgången
1233 1138 43 36 af
1308 1137 250 37 tillsammans
1593 1140 111 45 2,026
1734 1138 98 48 ställ,

231 1186 150 37 hvadan
431 1187 144 36 bristen
628 1187 121 50 enligt
796 1189 425 48 marinförvaltningens
1268 1189 213 49 beräkning
1530 1189 121 38 skulle
1698 1195 135 44 utgöra

232 1240 112 46 2,756
375 1238 97 36 ställ.

337 1290 88 36 Med
454 1290 181 37 afseende
664 1291 91 37 härå
781 1292 98 37 hade
908 1292 405 50 marinförvaltningen
1333 1294 60 36 för
1412 1293 224 37 minskande
1656 1293 42 37 af
1709 1293 125 37 denna

232 1342 97 37 brist
368 1342 182 37 hemstält
586 1356 59 23 om
684 1343 166 37 äskande
880 1344 59 37 för
966 1347 40 34 år
1037 1346 95 35 1898
1162 1344 41 37 af
1230 1347 164 45 105,500
1422 1345 152 47 kronor,
1605 1345 59 37 för
1691 1345 144 38 hvilket

233 1394 141 50 belopp
403 1394 126 37 kunde
558 1395 180 37 beklädas
766 1396 225 49 ytterligare
1022 1398 72 35 750
1123 1410 86 23 man
1239 1397 256 49 värnpligtige
1521 1402 98 32 samt
1638 1397 195 37 dessutom

235 1446 191 37 anskaffas
454 1446 356 51 tilläggspersedlar
840 1448 59 37 för
927 1448 126 37 eldare
1082 1449 119 36 under
1230 1449 323 50 sjötjenstgöring
1578 1452 37 34 åt
1635 1451 73 35 200
1729 1463 104 33 man;

235 1499 71 36 och
333 1498 290 50 ifrågavarande
651 1499 97 38 brist
775 1503 121 34 måste
925 1500 120 50 enligt
1073 1501 442 49 departementschefens
1545 1501 101 50 åsigt
1669 1501 165 38 ovilkor-

234 1551 103 49 ligen
378 1551 114 49 fyllas
534 1551 61 37 för
635 1556 55 33 att
731 1552 46 37 de
811 1552 62 37 vid
902 1552 134 37 flottan
1064 1553 184 37 inskrifne
1276 1553 258 50 värnpligtige
1563 1557 116 34 måtte
1708 1554 127 38 kunna

236 1603 98 37 efter
372 1602 199 38 inkallelse
608 1603 63 37 vid
708 1604 260 50 mobilisering
997 1618 88 25 vara
1112 1605 138 38 klädda
1277 1605 78 37 lika
1384 1605 85 38 med
1498 1607 335 50 stammanskapet.

339 1708 210 47 Utskottet,
580 1722 80 23 som
694 1714 169 42 antager,
892 1714 55 32 att
974 1709 235 49 omsättning
1236 1709 43 37 af
1302 1709 290 48 ifrågavarande
1620 1710 13 36 i
1659 1710 177 37 förråden

236 1760 197 49 befintliga
466 1760 326 37 beklädnadsställ
826 1774 93 36 eger
947 1775 83 22 rum
1059 1761 55 36 till
1141 1761 313 37 förekommande
1483 1761 42 37 af
1550 1761 118 38 skada
1694 1775 142 36 genom

236 1813 201 49 långvarig
479 1812 297 48 magasinering,
819 1813 72 36 och
933 1826 81 24 som
1056 1813 125 37 funnit
1222 1818 67 41 att,
1320 1813 128 37 derest
1482 1813 74 37 den
1590 1813 11 36 i
1631 1814 204 37 statsråds-

237 1865 231 50 protokollet
510 1864 249 37 omförmälda
800 1864 96 38 brist
938 1865 215 37 sedermera
1188 1865 96 37 skall
1312 1864 127 50 fyllas,
1469 1878 48 24 en
1546 1865 289 50 fullständigare

237 1917 206 49 utredning
484 1917 42 36 af
563 1917 182 37 behofvet
785 1917 70 37 bör
889 1917 133 49 föregå
1055 1916 283 50 framställning
1366 1917 144 48 derom,
1539 1918 56 37 får
1623 1918 212 48 hemställa,

740 1990 55 33 att
835 1985 220 50 Riksdagen
1097 1989 59 34 må
1188 1986 56 36 till
1272 1985 214 38 beklädnad
1514 1989 38 33 åt
1579 1986 257 50 värnpligtige

639 2040 48 46 på
715 2042 106 32 extra
851 2043 76 31 stat
953 2038 59 36 för
1040 2040 40 34 år
1110 2039 97 35 1898
1238 2037 131 38 anvisa
1400 2039 163 46 105,500
1591 2038 150 37 kronor.

345 2126 97 34 20:o.
499 2122 139 50 Kongl.
669 2123 107 49 Maj:t
804 2123 69 36 har
902 2123 198 48 föreslagit
1128 2123 220 48 Riksdagen
1378 2128 54 31 att
1460 2123 55 36 till
1545 2125 293 49 löneförbättring

241 2177 37 36 åt
319 2177 145 35 lärarne
504 2176 62 35 vid
606 2175 277 49 sjökrigsskolan
926 2177 47 46 på
1009 2180 106 31 extra
1153 2179 75 32 stat
1264 2175 59 36 för
1360 2178 40 33 år
1431 2177 96 35 1898
1556 2175 139 48 bevilja
1727 2178 111 45 1,860

240 2228 152 36 kronor.

345 2279 16 36 I
399 2277 170 50 enlighet
605 2278 85 36 med
726 2278 99 36 hvad
853 2277 219 49 Riksdagen
1100 2277 120 37 under
1248 2291 47 23 en
1323 2277 95 50 följd
1447 2278 42 36 af
1514 2280 39 34 år
1581 2277 12 37 i
1621 2282 127 33 ämnet
1775 2279 63 37 be-

242 2331 125 47 slutat,
396 2329 220 38 hemställer
642 2330 197 47 utskottet,

1886 2135 150 34 Angående

1876 2170 176 32 löneförbätt-

1907 2204 62 33 ring
1988 2203 28 26 åt

1874 2238 109 26 lärarne
2000 2237 46 27 vid

1896 2272 126 33 sjökrigs-

1908 2306 102 27 skolan.

1915 2343 95 47 [20.]
