2074 2651
678 205 259 32 Bankoutskottets
960 204 163 33 Memorial
1146 203 63 32 N:o
1236 206 27 29 1.
1752 206 16 29 7

168 287 58 36 för
255 290 159 41 932,960
444 286 151 36 kronor.
652 284 180 50 Samtliga
861 286 107 36 dessa
997 285 263 49 obligationer,
1290 297 80 24 som
1399 283 96 37 efter
1514 284 256 48 inköpspriset

168 352 92 23 voro
291 338 186 36 bokförda
505 338 59 35 till
593 338 140 35 kronor
764 340 207 42 1,172,960,
1001 337 110 35 hafva
1139 336 62 36 vid
1235 339 193 46 utgången
1457 335 39 36 af
1521 336 181 36 nästlidet
1730 339 40 32 år

168 389 214 37 öfverlåtits
419 390 57 35 till
514 366 368 70 riksgäldskontoret
919 366 83 66 och,
1040 388 212 36 beräknade
1279 365 61 58 till
1355 362 224 78 parivärde,
1609 387 158 48 ingått
1748 383 22 56 i

168 441 166 47 liqviden
365 440 39 35 af
429 441 46 34 de
505 414 134 78 medel,
660 453 79 21 som
760 440 237 42 riksbanken,
1014 440 152 46 jemlikt
1185 439 68 35 sist
1275 439 124 35 hållna
1423 438 185 47 Riksdags
1632 438 137 43 beslut,

169 492 95 35 hade
306 497 56 30 att
403 491 169 36 utbetala
612 468 59 58 till
713 467 339 72 byggnadsfonden
1096 488 60 37 för
1200 495 85 42 nytt
1329 489 188 48 riksdags-
1563 467 69 58 och
1678 466 93 58 riks-

169 543 203 35 bankshus.

269 593 72 36 För
369 593 248 35 riksbankens
645 592 225 47 deltagande
899 593 11 34 i
939 592 319 46 konverteringen
1287 590 40 37 af
1351 591 188 35 allmänna
1568 591 204 48 hypoteks-

168 645 169 35 bankens
369 645 103 35 såväl
507 647 64 42 4!/,
654 644 62 34 lån
745 622 40 56 af
812 645 94 34 1874
935 656 79 23 som
1043 646 21 33 4
1092 640 29 47 2;
1148 643 61 35 lån
1238 641 40 37 af
1304 644 94 34 1872
1428 642 71 36 och
1530 644 95 34 1874
1653 642 119 35 finnes

168 696 241 47 redogörelse
442 695 150 35 lemnad
630 695 10 34 i
676 693 259 50 fullmägtiges
972 694 184 36 särskilda
1193 693 190 48 protokoll
1421 692 58 36 för
1515 692 71 36 den
1616 695 45 34 20
1690 705 82 36 sep-

168 747 158 46 tember,
365 749 19 33 9
421 747 70 35 och
533 748 40 33 11
615 745 160 36 oktober
812 751 95 30 samt
947 747 44 34 22
1030 744 216 45 november,
1283 744 60 36 till
1376 744 128 36 hvilka
1531 743 240 49 fullmägtige

170 797 122 36 tillåta
320 798 56 46 sig
405 797 165 36 hänvisa.

268 848 74 36 Det
379 848 137 36 norska
553 850 20 34 3
602 845 29 47 4
658 847 103 36 lånet
789 846 40 37 af
856 848 107 44 1888,
992 847 11 35 i
1032 846 144 36 hvilket
1202 845 230 37 riksbanken
1462 849 47 44 på
1538 845 233 48 erbjudande

168 899 40 36 af
233 899 166 36 Hambro
430 905 24 29 &
483 898 75 37 Son
596 899 160 47 deltagit
790 898 86 35 med
909 897 27 36 £
964 897 52 38 St.
1047 900 146 44 50,000,
1228 905 40 28 är
1295 898 223 46 visserligen
1547 898 59 35 till
1634 902 138 31 största

168 952 121 42 delen,
325 964 85 22 men
446 951 97 35 dock
579 951 82 34 icke
698 957 99 28 ännu
831 948 242 49 fullständigt
1107 949 155 44 utsåldt,
1296 949 57 35 till
1382 948 92 47 följd
1504 947 135 37 hvaraf
1663 948 109 36 redo-

167 1002 150 48 visning
345 1001 177 37 deröfver
550 1001 82 36 icke
662 1008 40 28 är
730 999 178 49 afgifven.

928 1158 18 50 $
969 1134 40 80 3.

269 1265 260 36 Riksbankens
559 1264 201 36 utländska
788 1263 257 36 vexelrörelse
1075 1263 66 35 har
1169 1263 121 35 under
1319 1266 39 32 år
1389 1265 95 35 1888
1506 1262 80 36 haft
1607 1262 164 48 följande

170 1316 244 47 omfattning:

721 1468 1 3 .
1582 1440 160 31 Bokförings-

570 1472 103 40 Kronor.
759 1475 20 24 £
798 1475 115 31 Sterling.
986 1474 138 23 Riksmark.
1215 1471 97 40 Frances.
1399 1470 121 41 Floriner.
1616 1474 73 24 värde
1708 1475 8 22 i

1616 1508 100 25 kronor.

184 1575 82 25 Skuld
276 1575 44 26 vid
332 1572 70 29 årets
416 1575 91 33 början|
545 1575 172 32 1,048,21440
761 1590 64 3 ——
1012 1590 31 3 —
1407 1590 64 3 ——
1515 1590 32 3 |
1624 1590 66 3 ——
1733 1590 32 2 |

184 1606 161 36 Behållning
369 1609 45 27 vid
439 1617 67 18 sam-

188 1652 64 23 ma
270 1643 41 26 tid
344 1666 160 4 sooscocsovv.
576 1658 65 4 ——
686 1658 30 3 —|
752 1642 149 33 581,517/19|
929 1643 14 25 7)
978 1642 174 32 4,227,764/17)
1189 1642 174 32 7,350,471149|
1398 1642 149 32 372,062147|
1575 1642 189 33 19,010,789157

184 1677 107 33 Ökning
308 1677 83 26 under
410 1674 55 29 året
478 1700 24 3 ...|
526 1677 333 31 38,604,362/19|1,431,675|
886 1677 58 25 9/10)
962 1677 191 32 36,745,182/26]
1173 1676 190 32 13,479,689/35]
1398 1677 368 32 969,429/19/108,071,196|44

428 1728 81 33 Säger|
527 1728 333 33 37,556,147/7912,013,193|
887 1728 15 25 9)
929 1728 225 31 5140,972,946143|
1173 1727 375 32 20,830,160|/84/1,341,491|66
1560 1727 204 32 127,081,986101

182 1787 155 34 Minskning
352 1788 82 25 under
452 1784 58 29 året|
527 1787 375 31 38,850,677/92/1,393,957|19|
929 1788 15 24 61
963 1787 191 31 33,267,303|06]
1174 1787 189 31 10,399,370|26]
1398 1787 366 31 350,524|67|101,424,893/91

180 1846 82 26 Skuld
273 1847 48 25 den
335 1847 30 25 31
376 1847 132 26 december

208 1880 65 26 1888
279 1903 226 5 sänsioseneniöngå
490 1876 19 42 on
545 1881 173 32 1,294,530/13
1642 1895 32 4 —
1735 1895 30 4 =

182 1912 160 36 Behållning
349 1923 101 18 samma
458 1915 57 33 dag!
578 1930 65 4 ——
688 1930 27 2 |—|
754 1914 106 32 619,235|
887 1915 55 25 9/11]
981 1914 173 32 7,705,643|37]
1174 1914 190 32 10,430,790/58]
1399 1914 149 32 990,966/99]
1575 1914 192 33 25,657,092]10

270 2019 203 49 Uppgifter
507 2033 59 22 om
596 2021 209 35 inkomster
834 2021 70 35 och
934 2019 161 49 utgifter
1123 2020 9 35 i
1163 2020 70 35 och
1262 2019 59 36 för
1348 2020 277 36 vexelhandeln
1654 2020 121 36 under

169 2073 40 34 år
240 2074 94 34 1887
364 2072 119 34 finnas
512 2071 221 36 meddelade
764 2072 9 35 i
803 2068 18 49 $
855 2074 43 33 14
927 2070 40 36 af
992 2071 71 36 den
1084 2070 84 36 utaf
1185 2071 237 48 Riksdagens
1442 2072 189 35 revisorer
1651 2078 124 29 senast

169 2122 140 58 afgifna
349 2122 217 47 berättelse,
601 2135 83 23 men
720 2122 58 35 för
815 2123 164 35 sistlidet
1007 2125 41 33 år
1076 2122 127 36 kunna
1229 2098 249 73 fullständiga
1506 2123 139 35 sådana
1674 2130 100 28 ännu

169 2174 31 47 ej
243 2174 155 43 lemnas,
441 2181 89 27 enär
571 2173 301 36 kontokuranter
913 2173 57 35 för
1011 2179 126 30 senast
1178 2172 179 37 förflutna
1398 2173 121 36 halfår
1557 2173 83 36 från
1682 2174 93 35 riks-

170 2225 167 35 bankens
379 2225 203 35 utländska
623 2224 185 36 affärshus
846 2224 194 36 äfvensom
1075 2224 189 48 åtskilliga
1297 2225 369 48 kurtageräkningar
1694 2226 80 35 dels

170 2283 103 27 ännu
305 2277 31 45 ej
367 2276 212 43 inkommit,
609 2276 79 35 dels
718 2276 82 35 icke
830 2276 136 35 hunnit
994 2275 170 48 undergå
1192 2276 241 49 granskning.
