2216 2591
700 133 239 43 Lagutskottets
968 131 171 34 Utlåtande
1162 131 63 32 N:o
1249 132 52 30 76.
1724 130 40 31 31

766 625 452 39 Reservationer:

325 734 40 36 af
390 734 131 36 herrar
557 732 136 45 Widén,
723 730 158 37 Jansson
909 728 12 36 i
949 727 228 38 Edsbäcken
1206 727 72 36 och
1298 727 156 36 Persson
1480 725 5 35 i
1505 725 152 47 Malmö,
1678 724 132 37 hvilka

196 791 135 43 ansett,
363 790 55 32 att
446 784 189 37 utskottet
664 783 88 36 bort
780 781 212 47 hemställa,

729 890 57 31 att
814 884 225 48 Riksdagen
1068 885 119 34 måtte
1216 885 126 33 såsom
1372 883 58 47 lag
1458 880 61 36 för
1546 879 60 37 sin
1635 878 60 37 del
1714 878 95 49 god-

597 938 127 37 känna
767 937 63 36 det
872 948 140 36 genom
1046 934 251 37 förevarande
1330 932 238 50 proposition
1596 930 214 49 framlagda

600 988 419 49 författningsförslag;
1051 991 98 32 samt

326 1147 41 36 af
391 1147 87 35 herr
506 1146 235 45 Lindhagen,
771 1156 82 23 som
883 1142 142 36 anfört:

325 1249 93 36 »Det
447 1248 126 49 gifves
603 1245 311 48 oåterkalleligen
943 1257 45 23 en
1017 1243 271 47 kvinnofråga,
1317 1255 81 23 som
1428 1246 137 31 väntar
1588 1243 49 45 på
1657 1240 60 36 sin
1736 1240 75 37 lös-

195 1303 106 48 ning.
359 1301 85 36 Den
485 1299 107 37 leder
620 1298 13 36 i
661 1298 122 48 högre
824 1296 158 48 mening
1024 1295 66 36 sitt
1131 1307 197 36 ursprung
1357 1294 85 36 från
1471 1293 63 36 det
1562 1292 250 48 obestridliga

196 1352 255 39 förhållandet
489 1356 55 31 att
579 1349 173 37 kvinnan
781 1353 42 31 är
851 1350 48 47 på
927 1360 49 24 en
1004 1349 106 46 gång
1139 1346 201 36 människa
1369 1345 72 36 och
1471 1358 48 22 en
1546 1343 265 50 personlighet

198 1407 58 35 för
298 1404 62 48 sig
402 1403 86 36 med
532 1403 82 35 sina
651 1400 188 37 särskilda
881 1399 154 49 andliga
1075 1397 300 48 bestämningar.
1432 1396 102 36 Från
1577 1396 124 36 denna
1729 1395 83 36 sida

196 1457 86 36 sedt
319 1461 40 31 är
391 1454 320 37 kvinnorörelsen
739 1452 185 36 utbrottet
953 1451 41 35 af
1017 1449 330 37 kvinnonaturens
1376 1447 225 50 ouppfyllda
1629 1451 182 43 trängtan

197 1509 96 36 efter
333 1506 223 48 utveckling
598 1505 71 36 och
702 1503 95 37 efter
825 1502 295 48 utvecklingens
1150 1501 139 36 medel:
1319 1500 232 48 kunskapor,
1583 1498 128 36 arbete
1740 1498 71 36 och

196 1558 352 51 själfbestämning.

326 1610 62 36 All
430 1607 226 48 utveckling
686 1606 204 37 förmedlas
920 1604 211 38 emellertid
1159 1604 43 35 af
1227 1603 210 37 samhället.
1494 1602 73 36 Det
1595 1606 42 31 är
1665 1601 146 36 således

198 1664 76 43 där,
318 1675 82 23 som
442 1661 117 36 äfven
599 1658 190 37 kvinnans
833 1657 221 47 utveckling
1082 1658 122 34 måste
1232 1661 74 42 äga
1334 1667 95 23 rum.
1487 1653 324 37 Kvinnorörelsen

198 1714 159 50 betyder
386 1712 130 37 därför
544 1710 192 51 praktiskt
765 1710 85 36 sedt
878 1708 190 37 kvinnans
1098 1707 151 36 utträde
1278 1707 13 36 i
1319 1706 64 36 det
1403 1705 140 38 sociala
1561 1704 118 36 lifvet.
1723 1704 88 36 Hon

197 1766 69 36 har
295 1766 102 35 förut
426 1764 86 36 med
540 1775 167 24 mannen
736 1761 102 36 delat
868 1759 255 49 familjelifvet
1152 1758 91 37 eller
1270 1758 179 36 hemmet.
1493 1757 89 36 Hon
1608 1755 97 37 skall
1725 1756 85 36 med

198 1818 105 36 tiden
332 1817 115 35 äfven
475 1821 92 43 taga
596 1814 59 36 sin
683 1813 131 36 halfva
842 1817 136 44 anpart
1007 1811 41 36 af
1073 1810 211 37 samhället.

327 1868 80 36 När
434 1880 51 23 nu
514 1867 170 35 kvinnan
713 1865 128 36 träder
864 1865 39 35 in
923 1864 11 35 i
955 1863 62 36 det
1036 1862 139 37 sociala
1194 1862 120 46 lifvet,
1335 1866 123 31 möter
1477 1861 78 35 hon
1575 1859 236 36 främmande

198 1919 277 47 förhållanden,
497 1918 47 36 då
574 1917 200 37 samhället
801 1916 123 36 under
951 1915 173 48 långliga
1147 1913 223 37 tidsskeden
1390 1913 146 36 tillhört
1554 1924 167 23 mannen
1740 1911 71 36 och

198 1972 134 36 danats
374 1974 169 33 närmast
575 1969 99 37 efter
702 1968 97 36 hans
828 1967 121 37 behof
972 1966 71 37 och
1072 1966 225 49 skaplynne.
1352 1964 137 49 Enligt
1517 1962 294 49 utvecklingens

198 2024 66 48 lag
306 2023 96 36 skall
446 2022 65 36 det
554 2021 99 36 blott
695 2020 96 36 efter
819 2018 228 49 långvariga
1076 2017 239 37 evolutioner
1342 2016 131 49 lyckas
1502 2015 170 36 kvinnan
1699 2013 113 50 bryta

198 2074 220 37 samhällets
460 2072 195 37 motstånd
689 2072 71 36 och
787 2071 105 36 finna
921 2071 60 48 sig
1008 2069 58 37 till
1093 2073 100 32 rätta
1221 2068 209 37 därstädes.
1487 2066 324 37 Kvinnorörelsen

198 2127 72 36 blir
312 2126 148 36 således
490 2125 115 36 också
634 2123 166 50 liktydig
828 2122 86 37 med
943 2122 190 36 kvinnans
1162 2121 116 48 kamp
1307 2125 80 31 mot
1415 2118 211 47 samhället,
1656 2117 155 37 hvilken

197 2179 62 36 väl
288 2182 56 32 att
372 2177 132 36 märka
530 2176 85 36 icke
643 2180 41 31 är
713 2180 55 31 att
796 2174 165 37 likställa
990 2173 85 37 med
1105 2185 46 24 en
1180 2172 94 37 strid
1304 2176 79 32 mot
1411 2175 176 32 männen.
