2216 2595
702 148 241 43 Lagutskottets
973 149 171 33 Utlåtande
1167 150 64 32 N:o
1255 151 52 32 76.
1732 152 37 31 17

197 228 134 49 lagens
374 226 245 51 tillämpning
660 228 166 36 utesluta
867 227 323 50 målningsarbete
1234 234 99 31 samt
1375 229 128 37 arbete
1545 231 12 35 i
1599 235 113 32 tvätt-
1746 232 71 37 och

197 279 376 49 strykinrättningar.

327 330 285 49 Befogenheten
641 333 42 35 af
708 332 74 37 den
811 332 120 37 första
959 333 304 49 anmärkningen
1292 333 106 37 torde
1426 334 231 49 visserligen
1686 335 130 37 kunna

197 383 140 48 dragas
366 383 12 35 i
406 382 246 49 tvifvelsmål,
678 384 46 36 då
744 384 192 50 uttrycket
958 384 151 37 »arbete
1133 385 55 36 uti
1210 384 171 50 företag»
1404 391 69 31 etc.
1496 399 114 36 synes
1631 386 185 38 beteckna

197 440 53 31 ett
278 434 139 48 arbete,
448 448 83 23 som
555 436 112 49 ingår
687 439 128 34 såsom
836 442 53 31 ett
907 437 61 36 led
988 437 12 35 i
1022 436 205 50 företagets
1248 437 255 47 verksamhet,
1525 438 71 36 och
1616 439 33 48 ej
1671 438 145 38 hvilket

196 485 127 38 arbete
365 499 83 24 som
485 487 108 47 helst,
624 501 82 23 som
735 488 245 50 tillfälligtvis
1009 488 144 37 utföres
1184 489 57 36 för
1270 489 208 50 företagets
1507 489 176 50 räkning.
1741 491 73 36 Till

196 539 308 36 förekommande
533 539 41 36 af
600 540 274 49 misstolkning
893 541 68 36 har
981 541 209 36 emellertid
1209 542 231 48 paragrafen
1460 542 149 36 erhållit
1629 555 46 23 en
1695 545 119 46 något

195 590 206 37 förändrad
444 591 260 50 formulering,
749 593 251 49 hvarigenom
1043 593 189 49 tydligare
1261 593 188 49 angifves,
1480 599 55 31 att
1565 594 248 37 förevarande

195 643 150 48 lagrum
366 643 100 37 afser
485 649 54 31 ett
558 657 79 24 mer
658 644 309 50 stadigvarande,
988 645 43 36 af
1047 645 206 49 företagets
1274 645 176 37 ändamål
1465 645 192 37 bestämdt
1673 646 138 38 arbete.

325 694 17 36 I
371 695 177 37 afseende
578 699 20 33 å
627 696 73 37 den
728 697 119 36 andra
875 697 305 49 anmärkningen
1207 697 107 36 torde
1334 697 63 37 det
1417 698 32 49 ej
1472 698 130 36 kunna
1623 698 188 48 förnekas,

195 752 54 31 att
291 747 63 36 det
388 747 219 37 förutsättes
641 761 47 24 en
716 749 62 36 väl
807 749 211 48 ansträngd
1047 749 177 49 tolkning
1252 749 42 36 af
1318 749 117 37 orden
1466 750 242 49 »utvinning,
1739 751 72 36 till-

194 798 200 49 verkning,
430 799 89 36 eller
552 799 252 38 bearbetande
834 801 41 35 af
900 813 134 24 varor»
1067 801 57 36 för
1153 806 55 31 att
1236 801 188 37 därunder
1451 801 131 36 kunna
1609 801 203 50 inbegripa

194 850 134 37 sådant
369 850 127 37 arbete
538 864 83 24 som
663 858 24 30 t.
719 866 56 23 ex.
821 853 173 48 målning
1023 852 42 36 af
1088 866 47 23 en
1171 858 106 43 vägg
1305 853 89 36 eller
1423 852 128 37 arbete
1579 853 13 36 i
1620 866 47 23 en
1696 859 114 31 tvätt-

194 902 70 36 och
293 902 321 51 strykinrättning
642 918 48 22 m.
722 918 48 22 m.
803 904 132 49 dylikt.
979 904 296 49 Ifrågavarande
1305 903 246 51 bestämning
1570 918 113 36 synes
1706 906 103 36 dess-

192 959 106 31 utom
327 954 85 37 med
440 955 77 36 lika
545 955 82 36 skäl
656 956 84 36 från
767 956 135 48 lagens
932 956 244 49 tillämpning
1203 956 166 36 utesluta
1397 957 297 49 sysselsättning
1722 958 12 36 i
1763 971 47 24 en

193 1005 59 37 del
288 1005 118 37 andra
436 1006 147 50 företag
612 1007 41 36 af
678 1008 119 36 sådan
825 1007 272 47 beskaffenhet,
1128 1013 54 31 att
1211 1008 194 36 desamma
1433 1011 119 34 måste
1582 1022 110 23 anses
1719 1023 91 23 vara

192 1057 174 49 åsyftade
395 1058 12 35 i
435 1058 158 49 lagarna
621 1059 198 49 angående
848 1059 124 50 skydd
1001 1065 79 31 mot
1107 1060 198 49 yrkesfara
1333 1060 71 36 och
1425 1060 198 49 angående
1644 1061 164 37 minder-

193 1109 126 49 årigas
363 1110 70 35 och
474 1110 183 37 kvinnors
700 1111 250 36 användande
992 1111 55 36 till
1090 1111 127 37 arbete
1258 1112 12 35 i
1312 1112 230 36 industriellt
1578 1112 104 49 yrke,
1718 1113 90 36 eller

193 1160 160 49 företag,
397 1174 82 23 som
521 1162 121 49 enligt
683 1162 246 37 kommitténs
973 1163 230 49 motivering
1245 1168 64 31 äro
1352 1163 158 36 afsedda
1551 1168 55 31 att
1648 1164 71 36 och
1746 1165 62 36 väl

191 1212 113 37 äfven
345 1212 93 37 böra
478 1213 218 50 inbegripas
737 1214 120 37 under
898 1228 51 22 nu
983 1214 246 37 förevarande
1261 1215 75 49 lag.
1393 1215 68 36 Hit
1493 1215 107 36 torde
1632 1229 92 23 vara
1753 1222 55 31 att

190 1264 119 36 räkna
338 1265 193 49 åtskilliga
560 1266 149 49 företag
738 1265 58 37 för
815 1266 223 49 rengöring,
1055 1266 266 47 desinfektion,
1338 1267 289 49 konservering,
1643 1267 164 50 lagning

191 1316 88 36 eller
308 1330 126 22 annan
463 1316 240 50 förbättring.
752 1317 319 37 Verksamhetens
1103 1318 156 36 föremål
1287 1331 114 36 synes
1430 1318 195 49 nämligen
1653 1319 12 36 i
1694 1319 112 37 dessa

191 1367 65 36 fall
297 1368 34 48 ej
377 1368 105 36 alltid
523 1382 92 23 vara
656 1375 54 30 att
756 1369 173 37 betrakta
975 1382 81 24 som
1106 1383 47 23 en
1193 1384 102 33 vara,
1344 1370 230 36 åtminstone
1617 1383 61 23 om
1717 1385 88 23 man

191 1419 165 47 därmed,
387 1422 125 34 såsom
541 1421 190 36 allmänna
760 1420 252 50 språkbruket
1033 1422 251 49 tilläfventyrs
1303 1422 157 46 fordrar,
1479 1422 139 36 förstår
1635 1422 167 48 föremål,

190 1484 83 23 som
315 1474 51 46 gå
407 1472 12 35 1
461 1472 403 37 handelsmarknaden.
922 1473 138 37 Vidare
1103 1473 105 37 torde
1251 1474 79 36 ofta
1367 1474 11 35 i
1407 1487 51 22 nu
1487 1473 159 37 afsedda
1675 1474 64 36 fall
1768 1476 32 48 ej

190 1522 234 37 förekomma
466 1526 119 46 något
626 1524 253 37 bearbetande
921 1525 13 36 i
975 1525 171 49 egentlig
1187 1526 168 48 mening,
1394 1531 25 30 t.
1450 1538 56 23 ex.
1536 1525 65 36 vid
1630 1525 173 38 kemiska

188 1575 238 48 procedurer,
469 1576 71 36 och
580 1579 130 46 någon
752 1576 207 49 utvinning
1000 1577 88 36 eller
1130 1577 250 49 tillverkning
1421 1577 76 36 kan
1526 1577 62 36 det
1617 1577 79 36 ofta
1723 1591 80 36 nog

188 1626 200 49 härvidlag
428 1627 32 49 ej
506 1626 119 37 blifva
666 1628 51 36 tal
746 1641 72 23 om.
879 1628 304 37 »Bearbetande»
1216 1633 40 31 är
1285 1629 57 36 för
1371 1629 119 48 öfrigt
1519 1629 201 49 olämpligt
1748 1636 55 31 att

184 1678 194 49 jämställa
419 1679 85 36 med
544 1680 252 49 »utvinning»
835 1680 70 36 och
936 1680 309 49 »tillverkning»,
1276 1680 47 36 då
1352 1680 212 37 detsamma
1591 1681 62 35 väl
1682 1681 120 37 sällan

187 1730 11 36 1
228 1730 70 36 och
328 1730 58 36 för
414 1731 61 48 sig
502 1731 75 36 kan
606 1736 113 44 sägas
748 1736 140 44 utgöra
914 1732 310 36 verksamhetens
1254 1731 185 37 ändamål.

317 1781 58 37 Då
416 1781 293 50 bestämningen
758 1783 240 49 »utvinning,
1042 1784 247 48 tillverkning
1336 1784 89 36 eller
1467 1782 255 39 bearbetande
1764 1786 41 35 af

187 1845 132 25 varor»
365 1834 158 37 sålunda
565 1837 120 34 måste
725 1848 111 23 anses
879 1835 195 49 olämplig,
1117 1835 68 36 har
1227 1835 222 36 densamma
1489 1849 46 22 ur
1570 1837 232 47 paragrafen

186 1885 190 37 uteslutits
420 1886 70 36 och
533 1886 86 37 dess
663 1886 235 50 ordalydelse
932 1887 12 36 i
973 1887 123 36 denna
1128 1887 59 36 del
1216 1887 154 36 ändrats
1426 1887 66 36 till:
1527 1886 273 50 »Sysselsättes

185 1937 143 36 kvinna
355 1937 55 36 uti
440 1937 160 49 företag,
631 1951 82 23 som
743 1938 100 37 afser
871 1939 164 36 idkande
1055 1939 42 35 af
1112 1938 239 49 bergverks-,
1372 1938 136 37 bruks-
1529 1939 88 36 eller
1639 1939 160 38 fabriks-

185 1989 151 46 rörelse,
377 1989 214 37 handtverk
632 1990 88 36 eller
754 1990 155 37 därmed
934 1991 200 49 jämförlig
1161 1990 231 49 handtering
1421 1991 89 36 eller
1539 2004 126 23 annan
1695 1991 105 50 dylik

185 2040 213 37 industriell
424 2041 243 37 verksamhet
695 2042 71 36 och
796 2055 83 23 som
908 2042 166 37 drifves»
1106 2048 68 31 etc.
1222 2042 86 36 Med
1338 2042 243 49 tillfogandet
1616 2043 42 35 af
1682 2044 117 36 orden

187 2092 177 37 »därmed
390 2093 199 49 jämförlig
616 2093 253 50 handtering»
901 2095 68 36 har
998 2094 133 37 afsetts
1160 2099 54 31 att
1241 2093 121 37 under
1390 2094 114 49 lagen
1529 2094 141 49 tydligt
1693 2095 105 37 inbe-

184 2144 111 49 gripa
338 2145 102 36 såväl
483 2145 142 36 sådana
668 2145 150 50 företag
855 2159 82 23 som
980 2151 113 31 tvätt-
1122 2146 71 36 och
1222 2145 366 49 strykinrättningar
1617 2159 82 24 som
1729 2148 69 36 ock

184 2196 129 47 andra,
343 2197 120 48 enligt
491 2197 100 36 hvad
622 2197 100 36 förut
750 2203 165 42 nämnts,
945 2198 85 36 med
1059 2198 245 36 kommitténs
1335 2197 250 49 formulering
1605 2200 193 36 sannolikt

183 2249 193 36 uteslutna
404 2248 140 38 former
572 2249 41 36 af
637 2249 215 37 industriell
879 2249 251 37 verksamhet.

272 2308 72 32 Bih.
370 2308 49 31 till
443 2308 111 33 Riksd.
580 2309 87 32 Prot.
697 2310 93 32 1908.
838 2310 20 30 7
882 2309 98 32 Saml.
1027 2310 39 30 71
1093 2309 98 41 Häft.
1735 2313 20 31 3
