1910 2816
1597 183 27 24 4.

343 179 17 27 3
548 179 105 26 Första
678 179 197 26 kammarens
897 176 103 30 andra
1023 181 152 33 tillfälliga
1199 181 131 26 utskotts
1354 181 157 27 utlåtande
1534 181 42 28 Nr

385 257 72 30 Vad
482 258 156 36 slutligen
662 258 108 38 angår
794 259 105 30 sådan
923 260 318 38 pensionatrörelse,
1266 261 53 29 för
1341 261 114 30 vilken
1479 261 151 30 tillstånd
1656 262 172 30 erfordras

341 302 61 28 och
420 312 75 19 som
511 302 97 30 alltså
624 313 99 20 avser
737 314 72 19 mer
824 305 42 28 än
882 305 18 28 4
917 314 77 20 rum
1010 305 62 29 och
1089 306 18 29 8
1125 306 121 36 gäster,
1264 315 98 28 synes
1378 306 55 30 det
1448 306 103 38 enligt
1568 307 65 29 den
1648 307 179 29 härstädes

342 346 98 29 förda
458 347 118 29 hotell-
596 348 63 28 och
678 348 336 38 pensionatliggaren
1045 359 66 20 vara
1132 350 8 28 i
1160 330 138 57 mycket
1316 351 192 38 begränsad
1526 350 209 38 omfattning
1755 361 73 20 som

341 389 107 31 sådan
466 392 125 28 rörelse
607 392 156 30 bedrives
781 402 40 20 av
839 390 64 33 den
920 393 137 30 bofasta
1075 393 442 40 skärgårdsbefolkningen.
1535 395 56 30 Att
1608 395 92 30 detta
1719 396 108 30 skulle

341 434 78 30 bero
447 434 44 39 på
518 434 128 31 sådana
673 437 302 36 omständigheter,
1004 447 73 20 som
1103 438 9 29 i
1138 438 176 30 motionen
1340 439 151 35 anföras,
1519 440 94 29 torde
1640 440 187 29 emellertid

342 479 73 29 icke
441 481 119 28 kunna
586 483 153 34 antagas.
780 481 10 29 I
819 481 95 38 fråga
941 492 58 19 om
1025 482 316 38 pensionatrörelse,
1368 493 120 20 varom
1514 484 162 30 förmäles
1703 484 10 29 i
1740 486 40 28 32
1807 482 19 39 8

341 522 225 32 förevarande
585 525 108 37 stadga
731 525 109 38 (högst
859 527 18 28 8
896 536 78 20 rum
993 527 64 29 och
1080 528 37 28 16
1138 527 122 38 gäster)
1285 528 64 29 och
1367 528 218 30 beträffande
1604 529 116 29 vilken
1740 529 87 29 läns-

340 568 165 37 styrelsen
525 570 60 28 har
603 572 48 27 att
670 570 157 29 meddela
845 570 222 39 erforderliga
1086 572 401 35 säkerhetsföreskrifter,
1508 572 205 31 föreskriver
1733 574 93 29 näm-

341 612 87 38 ligen
456 613 243 38 länsstyrelsen
727 615 79 37 inga
831 615 108 29 andra
966 615 56 38 åtg
1014 593 110 52 järder
1150 617 44 28 än
1223 626 73 20 som
1323 617 77 29 med
1427 617 136 38 hänsyn
1591 617 48 30 till
1667 619 42 29 de
1736 618 8 29 i
1773 619 54 28 det

342 657 167 30 särskilda
539 647 90 40 fallet
661 637 234 59 föreliggande
924 637 339 60 omständigheterna
1293 661 114 30 finnas
1437 650 277 50 oundgängligen
1744 663 82 29 nöd-

341 701 147 38 vändiga
516 703 48 28 till
592 703 202 37 skyddande
820 713 41 20 av
888 704 41 29 de
956 704 231 30 inneboendes
1215 705 44 29 liv
1287 705 55 29 vid
1368 705 142 30 eldfara.
1534 691 216 53 Åtgärderna
1778 707 47 29 in-

340 731 151 44 skränka
513 746 48 38 Sig
582 747 7 28 il
612 736 189 41 allmänhet
822 747 48 30 till
891 748 237 38 anbringande
1148 759 42 20 av
1212 750 190 38 ledstänger
1424 750 9 29 i
1455 753 148 36 trappor,
1626 752 199 38 uppsättan-

340 790 40 29 de
406 799 42 20 av
477 790 326 39 livräddningslinor
830 793 63 28 och
920 793 234 36 brandstegar,
1183 794 232 30 anskaffande
1443 804 42 20 av
1512 795 102 38 nödig
1641 796 185 29 brandma-

340 833 92 30 teriel
459 834 147 39 (sprulor
627 847 28 18 o.
679 835 43 38 d.)
750 837 63 28 och
834 837 273 30 understundom
1128 838 207 39 omändring
1355 848 41 20 av
1417 839 140 30 fönster.
1591 838 121 39 Någon
1733 849 92 20 mera

341 880 288 49 senomsgripande
647 880 206 39 omändring
871 890 41 20 av
929 882 200 37 byggnader
1146 892 41 20 av
1206 883 63 29 här
1287 882 262 40 ifrågavarande
1567 884 72 37 slag
1657 884 63 29 har
1739 883 87 30 läns-

340 923 164 37 styrelsen
526 924 73 30 icke
620 925 8 28 i
650 923 103 39 något
776 925 59 29 fall
855 911 205 44 föreskrivit.
1094 926 239 30 Kostnaderna
1353 928 53 29 för
1427 937 48 21 nu
1494 928 153 29 nämnda
1668 928 158 38 åtgärder

342 968 92 29 lorde
460 986 44 2 —
531 968 111 30 såsom
671 969 106 29 också
805 969 152 38 framgår
983 980 42 19 av
1053 970 86 30 vissa
1169 980 42 20 av
1240 971 306 30 landsfiskalernas
1573 973 184 37 yttranden
1783 991 44 2 —

341 1012 71 29 icke
440 1013 119 29 kunna
587 1023 99 19 anses
715 1015 81 28 över
822 1014 113 29 hövan
963 1014 218 37 betungande
1211 1015 52 29 för
1291 1016 265 35 vederbörande,
1585 1016 138 30 särskilt
1752 1027 72 19 som

339 1056 41 29 de
402 1056 9 29 i
434 1057 187 29 allmänhet
646 1058 60 28 äro
730 1068 40 19 av
795 1057 264 39 engångsnatur.
1079 1051 108 37 Även
1212 1059 9 29 i
1245 1058 96 39 fråga
1365 1070 57 19 om
1445 1061 42 29 de
1510 1060 216 39 handlingar,
1752 1071 72 19 som

340 1101 176 29 sökanden
540 1101 100 37 enligt
665 1103 18 27 2
707 1100 20 38 &
750 1102 8 29 i
782 1079 144 61 stadgan
947 1103 64 29 har
1033 1106 47 26 att
1102 1103 117 37 bifoga
1242 1104 247 38 ansökningen,
1514 1105 189 38 uppställas
1727 1105 97 30 mått-

340 1144 63 38 liga
426 1144 204 39 fordringar.
665 1145 153 31 Sålunda
840 1146 212 37 godkännas,
1074 1148 62 29 när
1157 1149 54 28 det
1235 1149 103 36 gäller
1359 1134 99 44 dessa
1479 1149 134 30 mindre
1633 1149 190 52 pensionat,

338 1190 84 28 även
447 1199 42 19 av
514 1191 176 28 sökanden
716 1190 86 38 själv
825 1190 138 31 utförda
987 1191 166 39 ritningar
1182 1192 174 37 (ävensom
1381 1193 211 39 fotografier)
1622 1194 65 29 och
1712 1193 113 30 såsom

339 1234 197 38 sakkunnig
553 1235 123 29 anlitas
696 1235 8 28 i
724 1235 187 30 allmänhet
929 1236 256 30 vederbörande
1204 1237 213 35 landsfiskal,
1438 1247 74 20 som
1531 1238 9 29 i
1560 1239 169 29 samband
1748 1239 76 29 med

337 1277 240 39 besiktningen
596 1288 40 20 av
657 1279 204 38 byggnaden
881 1279 182 39 vanligtvis
1082 1280 129 38 jämväl
1230 1281 135 37 avgiver
1386 1262 128 58 förslag
1533 1282 51 30 till
1602 1283 211 38 erforderlig:

336 1309 403 52 brandskyddsåtgärder
761 1324 161 29 ävensom
945 1325 158 37 yltrande
1125 1324 177 37 angående
1324 1327 40 29 de
1387 1326 150 30 sanitära
1559 1313 264 44 förhållandena

338 1366 91 30 inom
452 1367 215 39 byggnaden.

381 1411 78 30 Med
477 1401 40 40 hä
503 1422 108 28 änsyn
632 1412 48 30 till
699 1422 89 20 ovan
807 1413 146 30 anförda
973 1413 241 30 förhållanden
1234 1424 99 28 synes
1352 1414 104 39 enligt
1475 1416 261 38 länsstyrelsens
1756 1426 66 19 me-

336 1455 91 37 ning,
454 1455 99 31 såvitt
579 1456 219 30 Stockholms
822 1457 55 29 län
902 1457 118 39 angår,
1045 1457 113 39 någon
1183 1458 147 39 ändring
1354 1469 41 19 av
1420 1460 119 29 hotell-
1564 1460 65 30 och
1652 1460 170 52 pesionat-

337 1500 143 38 stadgan
508 1500 9 29 i
544 1501 64 29 den
635 1501 8 29 i
671 1501 175 30 motionen
872 1479 196 61 föreslagna
1094 1487 196 54 riktningen
1311 1481 80 52 icke
1417 1514 82 20 vara
1525 1514 42 20 av
1592 1505 147 29 behovet
1765 1504 56 40 på-

336 1522 124 52 kallad.
483 1545 51 29 En
555 1544 106 31 sådan
682 1545 147 39 ändring
848 1545 108 31 måste
976 1525 55 51 för
1049 1546 117 39 övrigt,
1189 1547 115 30 såsom
1323 1547 104 31 också
1447 1549 252 30 understrukits
1720 1559 42 20 av
1782 1550 40 28 de

335 1588 9 29 i
367 1589 140 30 ärendet
530 1589 107 30 hörda
661 1589 299 37 landsfiskalerna,
984 1590 77 39 inge
1082 1591 280 39 betänkligheter,
1387 1593 9 29 i
1420 1594 184 37 synnerhet
1627 1603 74 20 som
1726 1601 95 30 gene-

335 1633 80 30 rella
434 1633 461 38 brandskyddsföreskrifter
913 1634 19 30 å
952 1634 265 39 ifrågavarande
1236 1639 89 26 orter
1344 1637 8 28 i
1371 1637 189 30 allmänhet
1580 1638 157 29 saknas.»

379 1713 256 39 Länsstyrelsen
656 1715 9 28 i
687 1714 163 30 Gotlands
869 1715 57 29 län
945 1715 64 29 har
1027 1715 9 29 i
1055 1716 139 29 ärendet
1215 1716 76 29 hört
1310 1717 251 38 polischeferna
1581 1717 9 30 i
1610 1718 90 30 länet
1721 1719 99 29 även-

335 1776 71 19 som
429 1766 164 30 Gotlands
616 1767 268 39 turistförening.
908 1767 258 40 Länsstyrelsen
1189 1769 99 30 anför
1311 1770 8 29 i
1341 1770 182 30 huvudsak
1545 1771 167 39 följande:

381 1829 67 28 »Av
470 1828 94 30 såväl
585 1829 175 30 motionen
783 1839 72 20 som
875 1830 270 38 polischefernas
1166 1832 182 38 yttranden
1370 1832 162 39 framgår,
1555 1836 48 27 att
1624 1833 93 30 olika
1738 1843 82 29 upp-

336 1872 189 38 fattningar
550 1883 100 28 synas
679 1874 189 30 förefinnas
894 1875 148 29 rörande
1067 1876 163 37 stadgans
1257 1876 399 39 tillämplighetsområde
1682 1879 65 29 och
1773 1881 47 27 att

334 1917 90 30 detta
452 1917 218 30 förhållande
697 1918 105 30 vållat
828 1919 181 30 osäkerhet
1036 1920 63 29 och
1127 1905 177 53 ojämnhet
1332 1920 55 30 vid
1415 1921 272 40 tillämpningen,
1717 1922 103 30 vilket

335 1960 216 32 förhållande
573 1962 8 29 i
605 1963 64 28 och
693 1961 56 31 för
772 1962 48 38 sig
844 1964 36 28 är
903 1962 135 31 mindre
1061 1963 323 32 tillfredsställande.
1422 1966 115 38 Enligt
1559 1966 260 38 länsstyrelsens

334 2005 139 38 mening
500 2007 68 28 kan
595 2007 54 29 det
678 2006 117 30 vidare
822 2007 171 39 knappast
1020 2017 98 20 anses
1145 2009 166 38 lämpligt,
1339 2013 48 26 att
1415 2010 162 38 stadgans
1604 2010 215 31 föreskrifter

333 2050 109 30 skulle
464 2051 63 37 äga
549 2050 218 39 tillämpning
789 2051 42 39 på
852 2052 188 39 uthyrning
1062 2052 48 30 till
1132 2053 145 30 resande
1298 2054 64 29 och
1383 2054 109 30 andra
1516 2055 202 30 sommartid
1740 2056 79 29 eller

333 2094 94 39 eljest
450 2073 76 51 tillf:
521 2095 144 37 älligtvis
688 2106 43 19 av
754 2096 160 38 byggnad
936 2096 82 30 eller
1039 2097 168 38 lägenhet,
1231 2107 73 20 som
1327 2099 38 29 är
1386 2099 129 30 avsedd
1538 2099 49 30 till
1609 2100 66 29 och
1697 2100 10 29 i
1730 2101 89 37 regel

333 2139 167 49 utnyttjas
524 2149 73 20 som
619 2140 136 30 enskild
776 2140 130 30 bostad.
943 2141 53 29 En
1019 2142 157 29 närmare
1200 2142 179 30 definition
1402 2152 43 21 av
1467 2143 182 40 begreppet
1673 2145 144 29 ”rörelse”

332 2183 8 29 1
365 2182 56 40 18
443 2193 43 21 av
507 2184 142 38 stadgan
672 2184 8 29 i
703 2185 131 37 antydd
855 2184 154 39 riktning
1029 2186 94 29 torde
1145 2187 118 29 därför
1285 2186 34 30 få
1340 2197 99 20 anses
1460 2187 173 39 påkallad.
1668 2189 149 29 Lämnas

331 2197 119 61 därvid
471 2238 42 20 en
534 2206 105 52 sådan
660 2229 221 38 beskrivning
900 2239 42 20 av
962 2230 135 35 rörelse,
1118 2233 48 27 att
1186 2231 142 29 därmed
1348 2232 188 39 otvetydigt
1556 2242 96 20 avses
1673 2233 144 29 allenast

332 2273 146 38 egentlig
506 2273 117 30 hotell-
653 2274 67 28 och
749 2273 307 39 pensionairörelse
1084 2275 64 29 och
1178 2275 30 38 ej
1239 2276 185 38 uthyrning
1454 2286 42 20 av
1525 2277 200 38 byggnader
1754 2278 63 29 och

332 2316 194 38 lägenheter
551 2327 40 19 av
616 2327 81 28 nyss
724 2318 228 30 omförmälda
978 2318 251 32 beskaffenhet,
1258 2320 92 29 torde
1376 2320 102 38 syftet
1503 2322 79 29 med
1606 2322 175 30 motionen
1808 2322 8 28 i

328 2361 182 30 huvudsak
534 2362 87 30 hava
645 2362 169 30 vunnits.»

372 2441 258 38 Länsstyrelsen
653 2443 8 29 i
684 2442 141 30 Kalmar
846 2442 55 30 län
924 2443 64 30 har
1009 2443 9 29 i
1038 2443 141 31 ärendet
1202 2443 168 32 inhämtat
1393 2445 182 38 yttranden
1598 2445 78 30 från
1699 2445 115 31 åtskil-

328 2494 64 38 liga
412 2494 242 31 landsfiskaler
674 2495 65 29 och
759 2495 383 37 kommunalnämnder,
1163 2498 164 29 ävensom
1347 2497 76 31 från
1444 2498 243 32 stadsfiskalen
1708 2500 8 29 i
1739 2500 74 30 Kal-
