1934 2838
120 455 157 27 Utskottet.

328 181 39 31 12
767 184 253 33 Statsutskottets
1043 186 169 32 utlåtande
1236 187 53 31 Nr
1312 190 74 29 102.

370 253 88 40 Över
482 263 251 39 ovannämnda,
758 274 43 22 av
824 264 76 32 herr
916 262 192 44 Wagnsson
1132 266 124 32 väckta
1272 266 129 32 motion
1418 267 62 31 har
1498 268 162 32 utskottet
1676 269 10 31 i
1703 269 115 32 veder-

325 314 107 42 börlig
465 315 146 42 ordning
643 316 218 33 införskaffat
894 319 156 39 yttrande
1086 330 42 22 av
1163 320 250 39 statskontoret,
1450 320 106 33 vilket
1591 323 158 39 yttrande
1781 328 37 27 är

325 370 110 30 såsom
460 368 113 42 bilaga
596 371 94 40 fogat
713 371 59 32 vid
796 371 91 32 detta
909 371 174 33 utlåtande
1107 370 71 43 (Bil.
1205 373 62 38 A.).

369 449 76 32 Vad
469 450 84 31 först
576 450 161 32 beträffar
761 451 65 32 den
850 452 11 31 i
884 455 115 29 ämnet
1020 453 120 32 väckta
1156 454 175 32 motionen
1350 454 110 32 finner
1476 454 52 42 sig
1544 456 164 32 utskottet
1724 456 93 40 böra,

324 502 11 31 i
358 502 107 32 likhet
497 503 77 32 med
608 504 241 33 statskontoret
879 506 63 32 och
975 508 44 39 på
1051 506 41 32 de
1125 517 42 21 av
1200 507 249 33 ämbetsverket
1482 508 146 32 anförda
1656 509 82 40 skäl,
1764 521 54 22 av-

325 556 114 40 styrka
474 556 56 32 det
564 557 10 31 i
613 558 174 32 motionen
823 559 212 32 framställda
1068 560 163 41 förslaget
1255 571 56 21 om
1335 561 223 41 borttagande
1583 573 41 21 av
1649 562 65 32 den
1739 564 79 31 med

325 609 446 43 avlöningsförbättringens
803 612 167 40 utgående
1006 613 195 32 förbundna
1237 614 238 41 skyldigheten
1514 616 53 31 för
1601 615 135 32 lärarna
1770 619 48 29 att

325 664 98 39 åtaga
462 663 52 41 sig
553 664 247 43 undervisning
839 670 85 28 även
963 666 11 31 i
1011 667 249 41 fortsättnings-
1295 668 63 31 och
1392 669 302 41 ersättningsskola
1729 672 90 29 samt

323 715 129 41 jämväl
484 716 161 42 förslaget
675 729 55 20 om
766 719 179 32 införande
968 730 43 22 av
1035 730 41 22 en
1101 720 246 40 bestämmelse,
1371 724 48 29 att
1442 722 130 41 avdrag
1591 724 20 29 å
1627 722 189 42 avlönings-

323 769 249 42 förbättringen
606 773 44 39 på
681 772 114 41 grund
829 783 42 22 av
903 777 129 37 vägran
1064 776 49 29 att
1135 774 149 41 fullgöra
1308 774 105 33 sådan
1437 775 248 42 undervisning
1708 776 111 32 skulle

325 833 77 22 avse
434 823 86 33 blott
553 824 63 32 den
650 825 60 39 tid,
744 826 109 32 under
875 826 115 32 vilken
1014 837 133 22 samma
1170 827 250 42 undervisning
1443 828 109 33 skulle
1576 829 89 33 hava
1689 831 126 40 pågått.

368 868 127 50 Övriga
526 878 11 31 i
572 879 172 32 motionen
777 879 211 33 framställda
1020 880 126 42 förslag
1178 892 80 21 avse
1289 884 48 29 att
1360 892 124 31 genom
1508 883 184 41 ändringar
1716 883 10 32 i
1750 883 68 41 gäl-

323 929 99 32 lande
454 931 479 42 författningsbestämmelser
965 934 178 32 förhindra
1175 945 40 21 en
1251 935 106 32 sådan
1390 935 219 42 tillämpning
1643 947 44 21 av
1720 937 99 32 dessa

323 984 75 31 från
424 984 293 42 skolstyrelsernas
742 986 83 38 sida,
851 997 70 21 som
947 988 54 31 för
1024 987 134 33 lärarna
1181 988 116 32 kunde
1320 989 156 32 medföra
1500 989 90 33 vissa
1614 990 11 31 i
1641 991 175 31 motionen

324 1037 157 41 angivna,
515 1038 105 42 enligt
654 1040 230 32 motionärens
916 1041 223 32 förmenande
1168 1041 139 42 obilliga
1330 1043 260 32 konsekvenser.
1637 1036 97 40 Även
1759 1054 56 21 om

324 1093 112 39 någon
459 1093 92 40 gång
572 1093 170 32 missbruk
759 1094 206 32 härutinnan
982 1095 230 39 förekommit,
1229 1096 95 31 torde
1341 1096 92 32 detta
1449 1096 87 32 dock
1553 1097 119 31 endast
1688 1097 128 32 undan-

324 1145 126 40 tagsvis
474 1146 90 32 hava
587 1147 87 32 varit
696 1147 106 39 fallet,
828 1148 61 32 och
914 1148 162 32 utskottet
1100 1149 67 31 kan
1191 1149 76 31 häri
1290 1150 73 31 icke
1387 1150 94 31 finna
1505 1149 183 42 tillräcklig
1704 1151 112 41 grund

323 1199 53 31 för
400 1209 41 21 en
465 1199 148 32 revision
637 1211 42 21 av
702 1200 153 32 nämnda
878 1201 263 32 bestämmelser.
1181 1202 171 32 Utskottet
1376 1213 98 22 anser
1497 1203 52 41 sig
1569 1203 118 32 kunna
1703 1205 113 30 såsom

324 1251 88 41 regel
444 1252 182 33 förutsätta
658 1253 57 32 det
747 1256 86 29 mått
863 1265 42 21 av
928 1254 158 42 omdöme
1112 1255 64 31 och
1199 1256 135 41 hänsyn
1359 1256 61 32 hos
1445 1256 372 42 skolmyndigheterna,

324 1307 47 29 att
401 1305 40 32 de
474 1305 11 32 i
518 1306 222 33 förevarande
774 1307 165 32 avseende
963 1307 73 33 icke
1060 1308 97 32 ställa
1180 1309 108 31 andra
1312 1309 79 32 eller
1414 1312 105 30 större
1543 1310 84 32 krav
1650 1312 45 39 på
1717 1311 99 31 lärar-

323 1359 211 40 personalen,
559 1365 43 26 än
626 1371 73 21 som
723 1361 69 31 kan
816 1360 169 33 betraktas
1016 1363 111 30 såsom
1151 1362 133 41 skäligt.
1333 1362 115 32 Skulle
1472 1363 51 31 till
1548 1367 157 38 äventyrs
1723 1375 94 21 mera

323 1411 166 33 utbredda
513 1413 322 33 missförhållanden
864 1415 117 31 kunna
1005 1415 143 40 påvisas,
1175 1426 100 30 synes
1299 1416 66 31 den
1388 1416 124 41 riktiga
1535 1422 110 36 vägen
1668 1418 55 31 för
1746 1418 71 32 vin-

323 1466 112 32 nande
459 1477 42 22 av
525 1467 132 32 rättelse
681 1478 92 28 vara,
799 1471 48 28 att
869 1468 254 41 framställning
1145 1469 120 32 härom
1291 1479 42 22 av
1359 1469 251 33 vederbörande
1633 1475 97 36 göres
1754 1471 62 32 hos

324 1519 126 42 Kungl.
476 1520 108 41 Maj:t,
610 1532 72 21 som
706 1521 74 32 icke
804 1521 85 32 lärer
912 1522 176 32 underlåta
1112 1525 58 36 att,
1194 1523 87 32 efter
1297 1528 155 27 närmare
1467 1524 350 41 utredning
1663 1515 21 54 i
1700 1524 117 41 ämnet,

323 1573 138 42 vidtaga
489 1574 40 32 de
554 1574 155 41 åtgärder
731 1576 55 31 för
810 1575 202 40 ändamålet,
1037 1587 72 21 som
1135 1576 118 32 kunna
1276 1576 153 33 befinnas
1454 1577 188 41 påkallade.
1691 1579 53 31 Av
1768 1590 48 20 nu

323 1627 144 32 anförda
491 1627 73 32 skäl
588 1639 97 21 anser
708 1629 53 41 sig
784 1629 162 32 utskottet
968 1629 74 32 icke
1066 1630 118 31 kunna
1207 1630 148 39 förorda,
1380 1633 48 29 att
1444 1630 182 42 riksdagen
1643 1633 43 39 på
1703 1632 113 40 grund

324 1690 42 21 av
389 1681 229 32 motionärens
642 1682 153 41 yrkande
819 1683 102 31 fattar
943 1682 111 33 beslut
1078 1694 55 21 om
1157 1683 143 32 berörda
1324 1684 193 41 ändringar.

369 1733 71 32 Mot
464 1734 127 41 Kungl.
617 1735 116 41 Maj:ts
757 1736 128 41 förslag
908 1736 61 31 har
992 1737 165 31 utskottet
1180 1737 85 32 intet
1289 1740 48 29 att
1361 1737 120 32 erinra.

368 1787 172 33 Utskottet
563 1788 204 40 hemställer,

687 1839 30 44 a)
753 1845 49 29 att
833 1843 180 41 riksdagen
1049 1845 56 30 må
1137 1844 51 31 till
1216 1843 190 33 beredande
1431 1855 42 21 av
1497 1845 205 40 provisorisk
1727 1845 88 32 avlö-

642 1896 307 42 ningsförbättring
972 1898 34 30 åt
1028 1897 106 32 lärare
1159 1897 58 32 vid
1233 1897 85 32 folk-
1334 1898 63 31 och
1414 1898 190 32 småskolor
1620 1915 43 4 —
1679 1898 73 32 däri
1768 1899 47 31 in-

643 1949 164 42 begripna
823 1955 85 28 även
925 1950 106 32 lärare
1047 1951 9 31 i
1074 1950 88 41 slöjd
1179 1951 64 32 och
1259 1951 308 41 hushållsgöromål
1584 1952 58 32 vid
1655 1952 82 31 folk-
1752 1952 63 32 och

642 2003 189 32 småskolor
846 2004 61 31 och
924 2004 140 32 därmed
1080 2004 178 42 jämförlig
1274 2005 124 32 anstalt
1413 2022 43 4 —
1472 2005 126 41 bevilja
1610 2006 54 31 för
1677 2005 139 41 budget-

642 2058 70 30 året
738 2055 189 42 1933/1934
951 2060 46 29 ett
1021 2060 93 29 extra
1136 2058 266 42 förslagsanslag
1426 2069 42 21 av
1486 2059 176 38 6,150,000
1678 2060 136 38 kronor,

686 2107 32 43 b)
752 2113 49 29 att
835 2111 76 31 herr
934 2111 210 41 Wagnssons
1168 2112 243 32 ovannämnda
1435 2112 130 32 motion
1590 2109 36 44 (I:
1643 2110 74 44 171)
1741 2113 75 31 icke

641 2165 57 30 må
721 2164 178 32 föranleda
922 2166 115 40 någon
1061 2165 201 41 riksdagens
1286 2165 128 42 åtgärd.

367 2215 197 34 Stockholm
590 2217 63 32 den
681 2219 39 30 19
746 2218 69 41 maj
844 2219 93 31 1933.

828 2298 48 32 På
899 2299 247 32 statsutskottet
1169 2304 147 36 vägnar:

838 2361 30 32 S.
894 2361 43 31 H.
964 2361 335 33 KVARNZELIUS.

365 2521 236 26 Närvarande:
623 2529 30 18 se
672 2521 94 25 under
785 2521 160 26 utlåtandet
964 2530 34 17 nr
1018 2522 59 25 101.
