1918 2820
564 170 114 30 Första
697 173 223 34 lagutskottets
940 174 163 29 utlåtande
1123 175 48 29 Nr
1201 181 25 28 9.
1629 183 19 29 3

131 251 77 32 från
242 262 41 21 en
318 252 149 42 domstol
496 253 58 31 till
588 264 112 22 annan
731 255 74 32 icke
829 261 79 36 äger
931 268 83 20 rum.
1060 258 16 30 I
1102 259 113 41 dylikt
1239 259 64 31 fall
1327 259 168 32 meddelas
1519 260 128 32 således

132 293 141 41 slutligt
307 293 117 42 utslag
457 306 43 20 av
534 296 97 41 varje
664 297 149 32 särskild
838 298 140 31 domstol
1005 301 171 40 angående
1201 300 57 32 det
1282 302 96 37 brott,
1404 313 69 19 som
1497 302 150 32 förövats

131 336 90 30 inom
245 335 208 32 domstolens
478 337 201 43 domvärjo.>

173 393 93 32 Från
290 405 44 20 nu
359 395 140 32 berörda
521 396 222 43 huvudregel,
767 400 52 29 att
844 398 161 32 brottmål
1028 400 95 31 skola
1146 401 213 42 handläggas
1382 402 59 31 och
1458 407 122 37 prövas
1605 415 41 19 av

130 443 147 33 domstol
311 447 11 28 i
356 446 274 41 gärningsorten,
662 452 61 36 gör
757 449 98 40 lagen
879 449 64 31 den
966 451 39 30 22
1028 450 154 32 februari
1208 453 80 30 1924
1312 455 50 28 ett
1384 452 262 41 betydelsefullt

129 494 187 41 undantag.
361 495 126 41 Enligt
511 496 109 31 denna
643 497 59 42 lag
725 503 39 26 är
788 499 56 31 det
867 500 173 41 nämligen
1063 501 172 41 medgivet
1259 501 151 38 domstol,
1436 503 60 30 där
1516 514 39 19 en
1573 514 71 31 per-

129 554 59 21 son
223 546 71 29 står
328 545 107 32 under
458 546 82 38 åtal,
565 548 53 30 att
640 548 174 31 rannsaka
836 549 61 31 och
921 550 98 31 döma
1043 551 173 40 angående
1239 551 102 38 brott,
1366 563 67 20 som
1458 563 42 21 av
1525 553 118 31 honom

127 594 152 32 förövats
309 595 90 32 inom
424 607 110 20 annan
558 596 164 33 domstols
742 598 388 42 jurisdiktionsområde.
1176 601 54 32 En
1254 602 251 42 förutsättning
1528 603 116 33 härför

128 649 38 27 är
199 645 13 31 i
234 645 109 32 första
373 645 101 39 hand,
510 649 54 30 att
598 647 62 32 den
688 648 178 33 tilltalade
889 650 90 32 skall
1003 662 84 21 vara
1110 651 12 32 i
1145 653 102 31 målet
1270 652 138 41 häktad;
1432 654 211 33 beträffande

127 706 39 21 en
190 696 44 41 på
257 696 47 31 fri
327 696 53 32 fot
402 698 150 32 varande
575 698 153 32 tilltalad
751 700 113 41 gäller
887 701 150 42 alltjämt
1061 702 243 43 huvudregeln.
1350 704 17 31 I
1390 706 111 40 övrigt
1518 705 61 32 har
1594 706 47 32 la-

125 756 65 31 gen
224 747 89 40 givit
345 747 186 33 domstolen
555 760 40 20 en
619 750 195 32 vidsträckt
838 751 291 42 handlingsfrihet
1151 764 119 30 genom
1294 757 53 29 att
1370 775 38 2 —
1432 756 146 31 frånsett
1601 767 40 21 en

126 796 234 32 bestämmelse
394 809 53 20 om
481 799 79 37 mål,
596 810 69 20 som
700 800 95 31 skola
823 801 215 42 handläggas
1061 803 59 31 vid
1144 804 160 41 speciella
1327 805 74 31 fora
1424 825 39 3 —
1487 806 155 41 medgiva

125 856 193 30 gemensam
343 847 271 44 handläggning,
640 850 37 31 så
701 852 96 29 snart
820 852 104 31 sådan
949 852 65 31 kan
1039 852 59 32 ske
1121 856 82 29 utan
1227 865 75 21 men
1325 855 52 31 för
1399 857 241 41 utredningens

124 896 265 43 fullständighet
422 902 90 28 samt
535 899 57 32 det
616 900 99 42 eljest
739 901 73 32 med
836 902 134 42 hänsyn
994 903 58 31 till
1075 903 185 33 kostnader
1282 905 60 32 och
1366 906 106 31 andra
1495 910 143 28 omstän-

125 946 159 42 digheter
311 948 107 32 finnes
446 949 173 43 lämpligt.
666 951 126 32 Genom
818 952 108 32 denna
948 953 58 42 lag
1029 954 61 31 har
1113 955 57 31 det
1193 955 221 43 följaktligen
1438 957 101 31 blivit
1563 958 77 41 möj-

124 996 68 43 ligt
223 998 52 31 för
309 1009 41 21 en
379 999 153 39 domstol,
557 1011 70 21 som
651 1006 37 26 är
713 1002 156 42 behörigt
892 1003 109 32 forum
1025 1004 219 33 beträffande
1270 1009 48 28 ett
1341 1007 11 30 i
1375 1017 40 21 en
1438 1008 84 31 serie
1545 1009 92 40 ingå-

125 1048 82 30 ende
243 1048 103 39 brott,
382 1052 52 28 att
456 1051 171 31 rannsaka
650 1051 58 31 och
734 1052 97 32 döma
854 1054 172 40 angående
1051 1055 73 31 dem
1148 1055 78 39 alla,
1252 1056 60 32 och
1336 1057 65 31 kan
1425 1057 127 32 således
1577 1059 61 31 den

124 1098 92 31 förut
239 1098 218 44 nödvändiga
480 1100 234 43 förvisningen
738 1113 43 20 av
806 1103 103 32 målet
932 1105 181 32 undvikas.

166 1173 125 42 Enligt
313 1176 228 31 motionärens
564 1177 130 42 förslag
716 1178 90 31 skall
829 1179 52 31 för
903 1180 221 43 tillämpning
1148 1193 42 20 av
1216 1184 80 30 1924
1320 1184 56 31 års
1400 1184 56 41 lag
1476 1184 27 43 ej
1521 1185 116 42 längre
1670 1195 155 27 Motionen.

122 1223 212 39 förutsättas,
360 1228 51 29 att
435 1226 64 31 den
522 1227 172 32 tilltalade
717 1228 108 32 hålles
849 1230 11 30 i
884 1230 104 32 målet
1012 1231 137 32 häktad.
1196 1233 18 31 I
1238 1234 116 31 stället
1374 1235 138 31 föreslås
1529 1237 108 30 såsom

121 1273 260 43 förutsättning,
417 1279 52 28 att
501 1277 105 32 åtalet
629 1278 91 31 skall
743 1290 79 21 avse
845 1280 100 38 brott,
970 1292 70 20 som
1063 1282 61 31 hör
1147 1283 107 32 under
1278 1284 143 32 allmänt
1444 1286 77 31 åtal.
1569 1287 68 30 Till

122 1324 110 31 denna
254 1336 111 32 grupp
390 1337 43 21 av
456 1327 92 31 brott
570 1328 161 32 hänföras
756 1329 109 42 enligt
891 1332 36 30 19
952 1334 18 37 8
994 1332 105 32 andra
1118 1334 152 40 punkten
1289 1335 11 29 i
1317 1335 239 42 förordningen
1573 1337 63 31 den

122 1376 39 30 16
186 1375 150 32 februari
362 1378 81 30 1864
466 1388 52 20 om
542 1378 218 42 strafflagens
784 1380 177 33 införande
985 1382 67 31 alla
1076 1383 98 38 brott,
1199 1384 96 31 vilka
1311 1385 28 42 ej
1358 1386 107 41 enligt
1480 1387 155 42 uttryck-

120 1424 68 42 ligt
225 1426 190 41 stadgande
449 1428 12 30 i
494 1428 57 41 lag
581 1433 57 27 äro
662 1430 223 42 undantagna
907 1432 76 31 från
1006 1432 143 32 allmänt
1172 1434 80 32 åtal.
1287 1434 52 33 De
1363 1436 98 37 brott,
1486 1448 69 20 som
1579 1443 56 26 äro

121 1475 231 42 undantagna,
389 1483 56 26 äro
480 1489 42 20 av
551 1480 59 30 två
633 1479 85 42 slag,
742 1481 174 41 nämligen
940 1482 72 31 dels
1036 1484 268 40 angivelsebrott
1327 1486 80 31 eller
1429 1487 100 37 brott,
1553 1489 83 30 varå

120 1525 128 32 allmän
272 1526 161 42 åklagare
457 1528 145 32 allenast
625 1529 85 32 efter
733 1531 174 41 angivelse
931 1542 42 21 av
996 1533 218 42 målsägande
1239 1539 37 27 är
1298 1535 127 42 pliktig
1448 1540 50 27 att
1521 1537 112 32 utföra

121 1575 79 39 åtal,
235 1578 22 29 t.
290 1587 48 21 ex.
364 1578 93 31 vissa
480 1578 98 32 frids-
603 1580 58 31 och
686 1581 329 40 misshandelsbrott,
1040 1583 71 32 dels
1134 1584 60 31 ock
1219 1586 310 42 målsägandebrott
1552 1587 83 32 eller

120 1626 128 32 sådana
282 1627 100 39 brott,
410 1628 97 32 vilka
538 1630 54 31 må
621 1631 110 31 åtalas
755 1632 121 31 endast
899 1644 43 20 av
965 1634 228 42 målsägande,
1218 1638 22 28 t.
1266 1646 48 21 ex.
1339 1637 91 32 vissa
1453 1638 179 32 ärekränk-

119 1677 204 40 ningsbrott.
369 1678 54 33 Då
457 1690 70 21 som
561 1680 126 32 bekant
721 1681 56 32 det
800 1682 210 43 ojämförligt
1033 1687 124 30 största
1180 1687 130 31 antalet
1332 1687 91 32 brott
1445 1688 61 32 hör
1528 1688 106 33 under

120 1727 144 31 allmänt
298 1729 82 38 åtal,
416 1729 111 33 skulle
561 1734 49 28 ett
632 1732 262 40 genomförande
917 1745 42 20 av
982 1735 329 43 ändringsförslaget
1334 1738 161 32 innebära
1518 1750 39 20 en
1581 1739 50 32 be-

118 1777 153 41 tydande
294 1779 210 43 utvidgning
527 1791 42 21 av
592 1782 394 42 tillämpningsområdet
1009 1786 51 30 för
1084 1787 81 30 1924
1189 1788 55 30 års
1267 1788 67 40 lag.

160 1843 70 32 För
253 1845 205 33 bedömande
482 1857 43 21 av
549 1848 56 31 det
627 1849 123 31 väckta
774 1850 329 43 ändringsförslaget
1126 1863 102 31 synes
1258 1854 56 31 det
1337 1855 167 32 utskottet
1526 1856 104 43 lämp-
1643 1866 192 27 Förarbetena

117 1893 68 42 ligt
218 1897 53 29 att
304 1895 12 31 i
349 1896 95 32 vissa
477 1897 94 32 delar
604 1899 104 40 något
731 1904 157 28 närmare
912 1901 161 42 redogöra
1096 1902 52 32 för
1171 1903 211 33 tillkomsten
1406 1916 42 20 av
1473 1907 81 31 1924
1576 1908 55 30 års
1671 1900 47 26 till
1735 1901 82 44 lagen

1650 1933 53 26 den
1721 1935 37 25 22
1768 1933 63 34 feb-

117 1943 64 49 lag
198 1944 61 33 och
283 1946 66 31 vad
374 1946 137 33 därmed
535 1953 79 37 äger
636 1950 174 32 samband.
1652 1968 85 25 ruari
1754 1968 73 26 1924.

160 1994 52 32 Ar
236 1996 80 31 1912
340 1997 140 32 väcktes
504 1999 91 31 inom
618 1999 108 32 första
749 2001 196 32 kammaren
970 2012 38 21 en
1032 2004 138 38 motion,
1195 2016 40 19 nr
1257 2007 50 36 48,
1324 2007 73 30 vari
1413 2006 217 34 hemställdes
1641 2018 96 24 Motion
1767 2018 70 25 1912.

118 2055 52 21 om
205 2045 164 33 skrivelse
403 2047 54 32 till
485 2047 129 43 Kungl.
639 2049 100 43 Maj:t
762 2052 75 31 med
861 2052 164 32 anhållan
1049 2064 51 21 om
1124 2054 131 42 förslag
1278 2055 56 32 till
1359 2057 102 31 sådan
1485 2058 147 42 ändring

117 2106 43 20 av
199 2097 38 30 10
272 2096 75 43 kap.
384 2099 38 30 21
458 2101 18 38 8
498 2101 335 41 rättegångsbalken,
858 2105 52 29 att
933 2103 40 31 de
995 2104 227 41 olägenheter,
1247 2117 69 20 som
1340 2118 77 20 vore
1439 2108 192 32 förbundna

117 2146 75 31 med
215 2147 159 41 gällande
400 2148 250 34 bestämmelser
672 2153 174 40 angående
863 2164 39 20 en
919 2153 202 43 brottslings
1137 2157 238 32 rannsakande
1391 2158 58 31 och
1467 2159 163 31 dömande

116 2197 44 41 på
182 2196 82 32 flera
287 2198 93 32 olika
402 2200 130 41 platser
552 2201 114 32 skulle
689 2202 117 32 kunna
829 2203 72 32 helt
924 2204 60 32 och
1007 2204 111 32 hållet
1142 2205 82 32 eller
1247 2207 205 32 åtminstone
1474 2209 11 31 i
1506 2210 37 30 så
1559 2212 71 29 stor

115 2248 242 42 utsträckning
381 2260 70 21 som
475 2251 137 42 möjligt
636 2252 217 43 undanröjas.

158 2296 249 42 Lagutskottet
441 2300 202 34 hemställde
673 2303 11 30 i
715 2304 187 39 utlåtande,
934 2316 41 20 nr
997 2306 48 38 47,
1070 2317 52 20 om
1146 2307 120 41 avslag
1290 2309 18 29 å
1332 2309 168 31 motionen
1523 2310 106 32 under

116 2347 187 33 anförande
325 2349 104 32 bland
452 2353 118 29 annat:

157 2397 18 32 I
209 2398 48 31 all
280 2401 359 43 processlagstiftning
662 2403 196 33 förefunnes
882 2408 49 28 ett
954 2411 83 26 nära
1060 2408 244 42 sammanhang
1327 2409 123 32 mellan
1474 2410 154 42 reglerna

116 2441 174 39 angående
323 2443 121 38 forum,
479 2444 19 30 å
533 2454 70 28 ena,
628 2448 89 28 samt
750 2448 429 40 rättegångsförfarandets
1203 2450 173 32 allmänna
1398 2452 147 40 grunder
1568 2454 57 31 och
