1914 2814
276 162 37 29 12
724 162 103 28 Första
851 162 201 34 lagutskottets
1075 160 153 29 utlåtande
1251 160 44 28 Nr
1320 159 16 25 9

274 241 89 31 inom
397 240 112 32 skilda
543 239 202 32 domstolars
780 239 184 41 domvärjo,
998 238 129 32 medför
1160 238 192 41 betydande
1375 237 160 32 fördelar.
1580 237 108 31 Dessa
1711 242 80 36 göra

274 291 54 40 sig
352 290 269 42 uppenbarligen
643 289 143 32 framför
808 289 66 31 allt
896 288 170 42 gällande,
1090 289 12 30 i
1126 289 64 30 den
1214 288 76 30 mån
1316 287 261 41 brottsligheten
1601 293 37 24 är
1661 288 57 29 att
1738 287 52 30 be-

275 340 97 30 döma
406 340 106 30 såsom
547 341 49 29 ett
629 339 72 31 helt
736 338 60 32 och
831 338 111 41 enligt
976 337 220 40 strafflagens
1231 336 251 32 bestämmelser
1510 339 49 28 ett
1582 339 209 37 gemensamt

274 389 103 32 straff
398 389 89 32 skall
510 392 149 29 utmätas
682 389 54 31 för
758 388 40 32 de
822 387 186 43 brottsliga
1028 387 261 42 handlingarna.
1313 386 78 32 Men
1406 387 131 42 jämväl
1552 386 43 32 då
1611 385 40 32 de
1667 386 123 32 brotts-

275 441 72 42 liga
379 440 232 43 gärningarna
638 440 76 33 icke
737 439 97 33 skola
857 439 157 33 bedömas
1038 440 43 41 på
1105 439 97 32 detta
1224 441 71 29 sätt
1318 444 37 26 är
1378 438 111 42 enligt
1512 437 280 32 kommissionens

274 492 94 32 åsikt
395 503 190 31 gemensam
609 491 262 42 handläggning
894 490 178 32 önskvärd.
1118 490 55 31 En
1197 489 136 32 klarare
1358 490 225 41 uppfattning
1605 489 119 31 vinnes
1748 500 43 20 av

275 543 63 32 den
361 542 198 41 brottsliges
581 542 233 42 personlighet
837 541 60 32 och
921 546 79 27 över
1023 541 119 30 huvud
1165 540 39 31 de
1228 539 298 41 omständigheter,
1556 550 70 20 som
1650 539 142 31 inverka

274 594 44 40 på
351 593 120 30 målets
506 591 202 32 bedömande
731 602 42 20 ur
796 590 174 42 subjektiv
993 590 187 42 synpunkt.
1226 589 228 31 Förfarandet
1478 588 68 31 blir
1570 588 138 31 enklare
1733 588 59 31 och

275 642 164 32 snabbare
462 641 59 33 och
545 641 74 32 ofta
642 646 85 27 även
750 641 171 41 billigare.

317 693 51 31 De
393 704 41 20 av
457 691 397 57 processkommissionen
878 691 144 32 sålunda
1044 689 208 33 framhållna
1272 688 197 33 fördelarna
1485 700 43 20 av
1545 699 38 21 en
1601 699 190 31 gemensam

275 743 260 42 handläggning
567 742 110 32 finner
703 741 169 32 utskottet
900 741 205 43 uppenbara.
1152 740 126 32 Genom
1304 741 82 30 1924
1411 741 55 30 års
1488 740 59 40 lag
1571 739 58 31 har
1654 740 61 30 ock
1739 750 52 30 ge-

275 805 149 21 mensam
448 793 260 41 handläggning
732 792 233 42 möjliggjorts
989 791 210 32 beträffande
1223 791 77 36 mål,
1322 791 75 30 däri
1414 790 64 31 den
1494 789 173 31 tilitalade
1683 789 110 31 hålles

276 844 139 31 häktad.
444 844 67 31 Att
533 843 40 31 de
596 843 57 31 till
675 843 131 31 förmån
830 843 51 30 för
904 853 40 20 en
967 851 193 32 gemensam
1185 840 260 41 handläggning
1469 839 183 42 åberopade
1675 839 116 31 skälen

275 894 76 32 icke
385 899 84 36 göra
503 896 53 38 sig
590 893 159 42 gällande
778 893 120 31 enbart
921 891 215 33 beträffande
1160 891 127 31 sådana
1309 890 79 37 mål,
1412 895 38 26 är
1473 889 192 32 emellertid
1688 889 102 41 givet.

276 945 18 31 I
317 944 112 43 själva
451 919 119 57 verket
593 943 96 32 torde
714 943 56 32 det
792 954 41 20 ur
856 942 193 43 principiell
1072 942 174 42 synpunkt
1263 952 82 20 vara
1362 940 133 31 mindre
1512 940 126 41 riktigt
1653 942 53 28 att
1722 940 73 31 låta

273 990 158 47 reglerna
463 1006 52 20 om
549 995 108 31 forum
680 994 13 31 i
717 993 160 32 brottmål
902 994 77 31 bero
1003 1004 41 20 av
1068 994 56 29 att
1148 992 63 32 den
1235 992 175 31 tilltalade
1434 997 38 25 är
1494 992 11 29 i
1531 991 101 31 målet
1655 990 138 31 häktad.

275 1046 78 31 Med
380 1045 133 42 hänsyn
535 1045 57 31 till
618 1045 40 30 de
680 1045 78 30 från
781 1043 70 32 alla
874 1044 72 30 håll
968 1042 198 32 vitsordade
1190 1042 90 41 goda
1304 1041 254 41 verkningarna
1582 1052 42 20 av
1643 1042 80 30 1924
1739 1041 57 30 års

277 1097 66 40 lag,
378 1106 99 31 synes
511 1095 56 31 det
599 1094 172 32 utskottet
805 1104 45 20 nu
883 1093 146 41 förtjänt
1052 1104 42 19 av
1118 1092 244 41 övervägande,
1387 1092 173 31 huruvida
1582 1091 74 31 icke
1679 1101 39 20 en
1743 1094 51 27 ut-

277 1147 167 41 vidgning
478 1157 43 20 av
554 1145 116 42 lagens
702 1144 375 43 tillämpningsområde
1111 1143 73 31 med
1219 1142 108 32 fördel
1357 1142 111 31 skulle
1491 1143 71 30 låta
1586 1142 52 41 sig
1661 1152 133 30 genom-

276 1197 83 31 föra.
404 1196 66 32 Att
504 1196 39 31 de
578 1195 223 42 svårigheter,
835 1205 69 21 som
943 1194 71 31 ofta
1042 1193 140 31 vidlåda
1207 1204 39 20 en
1269 1192 141 42 partiell
1432 1168 204 64 förändring
1654 1192 44 40 på
1720 1202 76 31 pro-

277 1246 358 42 cesslagstiftningens
669 1245 145 37 område,
850 1244 111 32 skulle
995 1243 140 32 särskilt
1163 1243 191 31 framträda
1377 1242 58 31 vid
1458 1242 116 31 försök
1598 1243 52 30 att
1673 1241 122 31 bereda

279 1298 81 30 1924
384 1297 54 30 års
461 1296 59 41 lag
543 1295 87 32 ökad
653 1294 177 39 räckvidd,
864 1294 98 31 torde
986 1293 74 32 icke
1085 1293 127 32 behöva
1235 1293 145 37 befaras,
1405 1293 42 30 då
1471 1292 63 31 den
1559 1292 142 42 princip,
1726 1302 68 20 som

277 1347 56 32 det
366 1347 110 42 gäller
510 1349 52 29 att
584 1345 134 43 främja,
742 1345 103 32 redan
868 1349 38 27 är
929 1344 114 31 införd
1065 1344 13 30 i
1101 1343 266 42 lagstiftningen
1390 1342 60 32 och
1473 1341 175 33 befunnits
1671 1351 123 32 gagne-

276 1397 60 43 lig.
381 1397 207 42 Avgörande
619 1397 54 32 för
707 1396 130 42 frågan,
872 1406 54 21 om
961 1394 100 42 lagen
1095 1395 60 31 bör
1179 1393 132 33 erhålla
1333 1393 179 32 utsträckt
1535 1392 260 43 tillämplighet,

277 1453 38 27 är
350 1448 187 32 emellertid
560 1448 56 32 det
640 1447 117 38 behov,
783 1457 68 21 som
875 1447 55 30 må
954 1446 169 41 föreligga
1146 1456 43 20 av
1212 1455 193 31 gemensam
1430 1443 259 42 handläggning
1714 1446 81 28 utav

277 1499 73 32 åtal
385 1502 68 28 mot
486 1499 43 41 på
552 1499 46 30 fri
621 1498 53 31 fot
696 1497 148 32 varande
868 1507 157 32 personer
1048 1496 51 31 för
1123 1496 100 37 brott,
1250 1496 183 40 begångna
1456 1494 90 31 inom
1571 1493 111 32 skilda
1706 1494 87 31 dom-

278 1549 142 31 kretsar.
466 1549 17 30 I
518 1549 95 31 detta
647 1547 186 32 hänseende
866 1546 97 32 torde
998 1547 39 30 de
1072 1557 86 19 ovan
1186 1545 141 32 anförda
1352 1545 160 31 siffrorna
1535 1544 141 31 rörande
1700 1543 96 31 häkt-

278 1599 301 42 ningsfrekvensen
614 1609 83 20 vara
731 1608 42 21 av
807 1598 151 30 intresse.
1005 1596 105 32 HSåväl
1137 1596 131 31 antalet
1296 1594 150 32 häktade
1469 1595 12 30 i
1504 1594 213 32 förhållande
1741 1593 52 31 till

277 1650 130 31 antalet
430 1648 173 33 tilltalade
627 1659 70 21 som
721 1648 131 31 antalet
875 1647 77 38 mål,
977 1648 12 29 i
1012 1647 95 31 vilka
1130 1647 112 40 någon
1266 1648 92 29 varit
1382 1645 140 37 häktad,
1546 1645 11 30 i
1582 1644 214 31 förhållande

277 1701 57 31 till
367 1700 130 32 antalet
531 1699 161 32 brottmål
726 1699 71 31 har
821 1698 102 32 sedan
958 1698 39 31 år
1032 1699 80 29 1921
1148 1696 157 42 nedgått.
1351 1695 186 32 Huruvida
1564 1695 229 41 nedgången
1773 1691 24 53 i

278 1750 392 42 häktningsfrekvensen
701 1749 131 42 jämväl
865 1751 113 29 avsett
1007 1747 127 31 sådana
1157 1757 171 32 personer,
1353 1757 71 20 som
1448 1746 117 41 begått
1588 1745 95 31 brott
1706 1745 88 30 inom

277 1801 82 32 flera
387 1801 234 31 underrätters
645 1799 222 37 domkretsar,
890 1799 88 30 låter
1001 1797 53 42 sig
1079 1797 200 41 naturligen
1304 1797 74 31 icke
1402 1796 76 31 med
1502 1797 111 40 någon
1638 1794 159 31 säkerhet

278 1852 148 37 bedöma,
462 1862 74 20 men
569 1850 57 32 det
653 1850 68 31 kan
749 1852 152 38 antagas,
926 1850 52 30 att
1002 1849 37 31 så
1061 1847 12 32 i
1096 1848 70 31 viss
1190 1848 77 30 mån
1292 1852 38 26 är
1353 1846 241 32 förhållandet.

319 1902 49 32 På
401 1902 113 42 grund
547 1912 44 21 av
626 1901 56 31 det
716 1900 142 31 anförda
883 1899 63 32 vill
970 1897 378 42 utskottet'tillstyrka
1371 1896 184 41 riksdagen
1579 1898 53 29 att
1654 1895 142 41 vidtaga

279 1953 121 42 åtgärd
443 1953 12 31 i
489 1953 187 31 motionens
710 1952 101 41 syfte.
857 1949 67 32 Att
950 1950 184 41 riksdagen
1158 1951 84 29 utan
1264 1948 252 32 vederbörande
1539 1946 257 42 myndigheters

279 2004 148 31 hörande
461 2015 46 19 nu
540 2003 112 31 skulle
685 2001 136 32 besluta
848 2000 217 42 lagändring,
1089 2000 109 31 finner
1220 1999 171 31 utskottet
1414 1997 190 32 emellertid
1627 1997 73 31 icke
1725 1996 71 31 till-

278 2054 143 41 rådligt,
445 2055 85 29 utan
553 2052 99 32 torde
675 2051 205 43 ytterligare
902 2050 187 41 utredning
1112 2060 85 21 vara
1219 2049 211 40 erforderlig.
1465 2047 134 32 Härvid
1623 2047 59 31 bör
1700 2046 96 31 beak-

279 2108 62 34 tas,
376 2106 55 29 att
465 2104 92 30 vissa
592 2103 192 40 erinringar
818 2100 94 32 torde
946 2101 117 31 kunna
1097 2099 214 32 framställas
1341 2101 69 29 mot
1433 2098 62 31 den
1520 2108 43 21 av
1586 2097 208 31 motionären

278 2154 195 41 föreslagna
506 2152 274 42 begränsningen
815 2162 42 21 av
891 2151 120 41 lagens
1043 2149 377 42 tillämpningsområde
1443 2148 58 32 till
1525 2148 102 36 brott,
1651 2147 146 31 hörande

280 2205 107 31 under
411 2204 143 31 allmänt
591 2203 80 31 åtal.
718 2202 150 32 Sålunda
892 2200 111 32 skulle
1026 2200 102 41 lagen
1150 2200 75 31 med
1249 2200 63 31 den
1335 2199 195 41 föreslagna
1552 2196 155 43 lydelsen
1731 2208 65 20 om-

280 2255 88 31 fatta
402 2260 85 26 även
522 2253 127 32 sådana
683 2252 108 32 under
814 2251 145 31 allmänt
982 2250 72 32 åtal
1077 2250 147 31 hörande
1248 2250 101 37 brott,
1373 2249 96 31 vilka
1492 2248 58 31 vid
1574 2247 109 31 första
1706 2247 90 31 dom-

280 2306 109 31 stolen
422 2304 26 42 ej
489 2304 129 32 åtalats
652 2314 43 21 av
729 2302 129 32 allmän
886 2301 161 41 åklagare
1070 2303 84 29 utan
1178 2311 43 20 av
1245 2299 257 41 målsäganden.
1547 2298 16 31 I
1588 2300 49 29 ett
1659 2307 138 21 avseen-

280 2356 40 31 de
359 2355 111 31 skulle
493 2355 100 41 lagen
617 2354 101 32 också
749 2353 75 32 med
848 2364 40 20 en
912 2352 98 43 dylik
1038 2351 131 42 lydelse
1192 2351 35 31 få
1251 2349 130 32 mindre
1409 2348 163 33 räckvidd
1595 2353 42 26 än
1662 2348 63 31 den
1749 2359 42 19 nu

280 2413 88 36 äger,
393 2407 11 31 i
428 2407 57 31 det
508 2409 52 29 att
582 2405 102 42 lagen
708 2405 29 43 ej
764 2404 112 32 skulle
898 2404 36 31 få
957 2403 251 43 tillämplighet
1231 2403 11 30 i
1266 2401 56 32 det
1344 2401 72 38 fall,
1442 2403 54 29 att
1520 2411 40 21 en
1583 2410 120 32 person
1726 2400 70 30 åta-

280 2458 52 31 las
366 2458 59 31 och
460 2457 125 31 häktas
607 2456 55 31 för
685 2457 50 30 ett
758 2455 102 37 brott,
885 2466 69 20 som
979 2454 29 42 ej
1034 2454 98 41 lyder
1155 2453 107 31 under
1286 2452 145 31 allmänt
1455 2451 79 37 åtal,
1560 2453 23 29 t.
1607 2461 49 20 ex.
1682 2449 114 31 vårds-
