1902 2796
315 160 187 31 Allmänna
525 160 399 40 beredningsutskottets
946 160 179 30 utlåtande
1146 169 44 21 nr
1212 160 40 30 17
1274 160 40 30 år
1336 160 84 30 1960
1592 160 19 31 9

799 446 65 42 Nr
886 447 54 41 17

325 557 184 31 Utlåtande
526 558 12 30 i
552 557 189 40 anledning
756 567 44 21 av
816 557 102 31 väckt
933 557 133 30 motion
1083 566 57 21 om
1158 556 91 31 vissa
1266 556 162 41 åtgärder
1444 556 53 30 till
1510 556 101 40 hjälp

520 619 57 40 för
590 619 317 31 rörelsehämmade
921 619 63 30 och
1000 619 96 30 äldre
1109 628 178 31 personer.

168 727 14 30 I
199 727 69 30 den
285 727 53 30 till
355 727 179 30 allmänna
550 727 382 40 beredningsutskottet
949 726 191 31 hänvisade
1157 726 180 30 motionen
1354 726 30 30 I:
1399 725 64 31 492
1482 735 42 21 av
1541 725 69 31 frö-

123 780 69 30 ken
214 779 206 31 Nordström
443 780 212 35 hemställes,
678 781 51 29 att
751 780 188 40 riksdagen
962 780 108 30 måtte
1093 779 182 41 uppdraga
1297 779 36 31 åt
1355 778 127 41 Kungl.
1505 778 105 40 Maj:t

124 835 51 29 att
199 833 158 30 tillställa
379 833 148 31 berörda
551 834 242 39 myndigheter
816 843 44 21 en
883 833 217 41 uppmaning
1125 835 50 28 att
1197 833 60 30 vid
1280 832 225 30 utformande
1529 832 83 30 eller

125 887 220 40 ombyggnad
362 896 43 22 av
419 887 146 41 publika
581 887 199 40 byggnader
797 887 65 30 och
878 887 110 30 andra
1005 886 199 40 byggnader
1220 886 58 30 vid
1295 886 113 30 vilkas
1425 885 186 31 utförande

126 940 274 31 statsmakterna
418 941 65 29 har
503 941 104 39 något
625 940 197 40 inflytande
842 942 90 29 samt
951 940 58 30 vid
1028 939 182 41 planering
1230 949 42 21 av
1292 939 177 30 allmänna
1488 938 124 31 trafik-

125 993 113 30 medel
264 995 81 38 taga
368 993 216 41 vederbörlig
610 994 138 39 hänsyn
774 994 53 30 till
853 994 41 30 de
920 993 319 30 rörelsehämmade
1265 993 66 30 och
1357 992 95 30 äldre
1479 991 137 31 männi-

128 1047 148 30 skornas
295 1047 213 40 svårigheter
526 1049 90 28 samt
633 1049 51 28 att
708 1047 4 30 i
730 1047 70 30 den
816 1047 83 30 mån
917 1047 38 30 så
974 1048 38 28 är
1030 1046 137 40 möjligt
1185 1046 158 39 företaga
1361 1045 131 31 sådana
1510 1045 103 30 enkla

127 1100 252 40 förbättringar
408 1109 75 22 som
514 1101 233 40 uppsättande
777 1109 44 21 av
849 1100 208 39 ledstänger,
1088 1099 216 40 anläggande
1334 1108 43 21 av
1404 1099 208 30 bekvämare

127 1155 154 38 trappor,
299 1153 114 30 hissar
430 1163 30 21 o.
477 1154 33 29 d.

171 1207 13 29 I
216 1206 180 31 motionen
425 1206 205 31 framhålles
661 1208 51 29 att
742 1206 246 31 erfarenheten
1018 1206 99 34 visat,
1149 1208 52 28 att
1231 1205 144 41 publika
1406 1205 66 31 och
1503 1204 110 31 andra

126 1260 199 40 byggnader
349 1260 64 30 och
436 1260 179 31 allmänna
637 1259 443 31 kommunikationsmedel
1104 1261 38 28 är
1165 1259 61 30 illa
1249 1258 194 41 anpassade
1467 1258 56 31 för
1545 1258 69 30 den

125 1313 97 30 äldre
255 1313 84 30 eller
370 1313 318 31 rörelsehämmade
722 1314 263 39 medborgaren.
1020 1313 80 30 Som
1134 1312 156 41 exempel
1322 1312 112 40 härpå
1467 1312 145 30 nämnes

126 1368 51 28 att
199 1367 42 29 de
266 1368 94 28 stora
381 1368 284 39 yttertrapporna
687 1367 54 29 till
763 1366 267 40 riksdagshuset
1052 1366 65 30 och
1139 1365 322 30 nationalmuseum
1485 1364 128 31 saknar

128 1419 209 40 ledstänger.
361 1420 65 30 Vid
449 1428 44 22 en
515 1420 259 39 järnvägsknut
796 1419 267 30 konstaterades
1086 1421 51 28 att
1160 1418 184 30 avståndet
1367 1418 130 30 mellan
1519 1417 96 40 järn-

128 1476 305 38 vägsvagnssteget
450 1474 66 30 och
532 1473 230 41 plattformen
776 1482 63 21 var
856 1472 40 31 75
914 1481 66 22 cm.

172 1527 228 31 Beträffande
418 1527 253 39 motiveringen
687 1527 12 29 i
716 1526 114 39 övrigt
847 1526 54 30 får
920 1525 171 30 utskottet
1107 1524 148 30 hänvisa
1273 1524 52 30 till
1344 1524 189 30 motionen.

172 1581 178 30 Utskottet
376 1581 64 29 har
467 1580 174 30 inhämtat
667 1579 163 40 yttrande
859 1578 81 30 från
965 1577 339 40 järnvägsstyrelsen
1332 1577 65 30 och
1425 1576 191 40 byggnads-

129 1633 171 39 styrelsen
323 1636 91 28 samt
435 1634 112 30 berett
568 1633 49 30 De
642 1632 172 39 Vanföras
835 1631 244 40 Riksförbund
1100 1631 138 30 tillfälle
1260 1632 52 29 att
1333 1630 182 30 inkomma
1536 1629 79 31 med

129 1687 174 40 yttrande.

172 1739 359 40 Byggnadsstyrelsen
549 1741 97 38 säger
664 1739 51 40 sig
732 1739 77 30 dela
826 1738 279 31 motionärernas
1122 1737 93 31 åsikt
1232 1738 51 29 att
1299 1736 215 40 vederbörlig
1531 1736 85 30 hän-

130 1802 65 31 syn
211 1794 63 29 bör
292 1795 97 38 tagas
407 1793 53 31 till
478 1792 318 31 rörelsehämmade
815 1792 64 30 och
898 1791 96 31 äldre
1012 1791 225 30 människors
1257 1790 212 39 svårigheter
1487 1789 58 30 vid
1563 1790 53 29 ut-

132 1846 185 30 formande
339 1846 81 30 eller
442 1846 219 39 ombyggnad
683 1855 43 20 av
746 1845 145 40 publika
912 1845 66 29 och
1000 1844 110 30 andra
1130 1843 210 40 byggnader.

176 1899 155 31 Sålunda
354 1899 211 30 föreskrives
587 1899 12 29 i
621 1899 67 29 den
712 1908 43 20 av
778 1897 170 40 styrelsen
971 1897 140 39 nyligen
1134 1896 131 39 utlysta
1288 1895 330 39 arkitekttävlingen

131 1961 57 21 om
208 1952 199 39 byggnader
429 1951 54 31 för
504 1951 240 30 universitetet
770 1952 4 29 i
796 1950 212 34 Stockholm,
1030 1951 51 29 att
1101 1949 285 33 nivåskillnader,
1408 1957 75 21 som
1504 1948 31 39 ej
1558 1947 60 30 nå-

131 2007 168 38 gonstans
324 2005 95 29 inom
444 2004 205 40 byggnaden
673 2004 73 30 kan
771 2003 208 31 övervinnas
1005 2002 78 31 med
1108 2001 318 35 hissförbindelser,
1452 2001 62 30 bör
1539 2000 79 31 med

132 2059 139 39 hänsyn
289 2059 52 30 till
360 2060 217 39 transporter
596 2058 63 30 och
678 2058 52 29 till
749 2066 166 32 personer
934 2056 79 30 med
1032 2055 138 30 nedsatt
1189 2054 290 40 rörelseförmåga
1497 2053 122 31 undvi-

132 2113 75 29 kas.
228 2112 127 30 Vidare
376 2120 105 31 anges
500 2112 12 29 i
532 2111 389 40 tävlingsprogrammet
941 2111 51 28 att
1012 2109 57 29 det
1090 2109 61 29 bör
1173 2108 119 30 finnas
1312 2109 48 28 ett
1381 2107 95 30 antal
1497 2106 122 41 parke-

131 2165 240 40 ringsplatser,
392 2164 94 31 vilka
506 2165 72 29 kan
599 2163 179 30 användas
799 2172 42 21 av
861 2162 155 30 nämnda
1037 2170 176 31 personer.

178 2218 176 39 Styrelsen
382 2218 157 33 nämner,
568 2218 50 28 att
646 2216 106 30 bland
781 2216 41 29 de
851 2215 172 39 åtgärder,
1053 2223 74 21 som
1155 2214 161 29 kommer
1344 2214 51 29 att
1422 2212 157 39 vidtagas
1607 2211 11 30 i

135 2270 171 29 samband
334 2270 78 29 med
440 2270 68 29 den
536 2269 160 30 blivande
725 2268 265 39 ombyggnaden
1019 2276 42 20 av
1089 2266 331 33 nationalmuseum,
1449 2265 99 39 ingår
1577 2273 46 30 ny

135 2322 287 30 hissförbindelse
442 2322 55 30 för
517 2321 246 30 allmänheten.

180 2376 13 29 I
212 2375 169 31 samband
398 2375 79 29 med
493 2374 177 40 pågående
687 2373 220 39 ombyggnad
924 2381 41 21 av
983 2371 125 39 Kungl.
1125 2373 134 28 teatern
1276 2370 12 30 i
1305 2369 202 32 Stockholm
1522 2378 100 21 avser

136 2438 83 20 man
237 2430 51 28 att
304 2428 157 29 anordna
480 2427 171 30 särskilda
669 2426 294 40 åskådarplatser,
983 2434 74 20 som
1075 2424 70 29 kan
1163 2423 64 30 nås
1245 2423 114 30 direkt
1377 2422 79 30 med
1474 2421 147 31 rullstol.

182 2481 175 40 Styrelsen
373 2481 123 29 ämnar
511 2480 127 34 vidare,
655 2479 166 30 eftersom
838 2478 184 38 offentliga
1038 2477 132 30 lokaler
1186 2477 87 29 även
1288 2475 192 40 inrymmes
1496 2475 11 29 i
1522 2475 103 39 bygg-
