<?xml version="1.0" encoding="UTF-8"?>
<alto xmlns="http://www.loc.gov/standards/alto/ns-v3#" xmlns:xlink="http://www.w3.org/1999/xlink" xmlns:xsi="http://www.w3.org/2001/XMLSchema-instance" xsi:schemaLocation="http://www.loc.gov/standards/alto/ns-v3# http://www.loc.gov/alto/v3/alto-3-0.xsd">
	<Description>
		<MeasurementUnit>pixel</MeasurementUnit>
		<sourceImageInformation>
			<fileName>/tmp/tess_jj42xc6i_input.PNG</fileName>
		</sourceImageInformation>
		<OCRProcessing ID="OCR_0">
			<ocrProcessingStep>
				<processingSoftware>
					<softwareName>tesseract 5.3.0</softwareName>
				</processingSoftware>
			</ocrProcessingStep>
		</OCRProcessing>
	</Description>
	<Layout>
		<Page WIDTH="2226" HEIGHT="2620" PHYSICAL_IMG_NR="0" ID="page_0">
			<PrintSpace HPOS="0" VPOS="0" WIDTH="2226" HEIGHT="2620">
				<ComposedBlock ID="cblock_0" HPOS="419" VPOS="193" WIDTH="1368" HEIGHT="41">
					<TextBlock ID="block_0" HPOS="419" VPOS="193" WIDTH="1368" HEIGHT="41">
						<TextLine ID="line_0" HPOS="419" VPOS="193" WIDTH="1368" HEIGHT="41">
							<String ID="string_0" HPOS="419" VPOS="193" WIDTH="40" HEIGHT="31" WC="0.96" CONTENT="10"/><SP WIDTH="182" VPOS="193" HPOS="459"/>
							<String ID="string_1" HPOS="641" VPOS="193" WIDTH="118" HEIGHT="31" WC="0.78" CONTENT="Andra"/><SP WIDTH="24" VPOS="193" HPOS="759"/>
							<String ID="string_2" HPOS="783" VPOS="194" WIDTH="203" HEIGHT="30" WC="0.95" CONTENT="kammarens"/><SP WIDTH="17" VPOS="194" HPOS="986"/>
							<String ID="string_3" HPOS="1003" VPOS="193" WIDTH="100" HEIGHT="41" WC="0.96" CONTENT="femte"/><SP WIDTH="25" VPOS="193" HPOS="1103"/>
							<String ID="string_4" HPOS="1128" VPOS="193" WIDTH="169" HEIGHT="41" WC="0.96" CONTENT="tillfälliga"/><SP WIDTH="22" VPOS="193" HPOS="1297"/>
							<String ID="string_5" HPOS="1319" VPOS="194" WIDTH="134" HEIGHT="33" WC="0.96" CONTENT="utskotts"/><SP WIDTH="22" VPOS="194" HPOS="1453"/>
							<String ID="string_6" HPOS="1475" VPOS="194" WIDTH="175" HEIGHT="40" WC="0.96" CONTENT="utlåtande,"/><SP WIDTH="27" VPOS="194" HPOS="1650"/>
							<String ID="string_7" HPOS="1677" VPOS="195" WIDTH="53" HEIGHT="32" WC="0.95" CONTENT="Nr"/><SP WIDTH="24" VPOS="195" HPOS="1730"/>
							<String ID="string_8" HPOS="1754" VPOS="197" WIDTH="33" HEIGHT="31" WC="0.96" CONTENT="2."/>
						</TextLine>
					</TextBlock>
				</ComposedBlock>
				<ComposedBlock ID="cblock_1" HPOS="415" VPOS="275" WIDTH="1601" HEIGHT="475">
					<TextBlock ID="block_1" HPOS="1017" VPOS="275" WIDTH="400" HEIGHT="45">
						<TextLine ID="line_1" HPOS="1017" VPOS="275" WIDTH="400" HEIGHT="45">
							<String ID="string_9" HPOS="1017" VPOS="275" WIDTH="49" HEIGHT="35" WC="0.52" CONTENT="II."/><SP WIDTH="62" VPOS="275" HPOS="1066"/>
							<String ID="string_10" HPOS="1128" VPOS="275" WIDTH="289" HEIGHT="45" WC="0.52" CONTENT=" Telegrafverket."/>
						</TextLine>
					</TextBlock>
					<TextBlock ID="block_2" HPOS="415" VPOS="327" WIDTH="1601" HEIGHT="265">
						<TextLine ID="line_2" HPOS="523" VPOS="327" WIDTH="1493" HEIGHT="52">
							<String ID="string_11" HPOS="523" VPOS="327" WIDTH="194" HEIGHT="44" WC="0.95" CONTENT="Assistent,"/><SP WIDTH="31" VPOS="327" HPOS="717"/>
							<String ID="string_12" HPOS="748" VPOS="328" WIDTH="207" HEIGHT="47" WC="0.93" CONTENT="telegrafist,"/><SP WIDTH="31" VPOS="328" HPOS="955"/>
							<String ID="string_13" HPOS="986" VPOS="328" WIDTH="346" HEIGHT="45" WC="0.91" CONTENT="vaktföreståndare,"/><SP WIDTH="21" VPOS="328" HPOS="1332"/>
							<String ID="string_14" HPOS="1353" VPOS="328" WIDTH="409" HEIGHT="46" WC="0.91" CONTENT="interurbantelefonist,"/><SP WIDTH="23" VPOS="328" HPOS="1762"/>
							<String ID="string_15" HPOS="1785" VPOS="330" WIDTH="231" HEIGHT="49" WC="0.92" CONTENT="linjeförman"/>
						</TextLine>
						<TextLine ID="line_3" HPOS="416" VPOS="381" WIDTH="1600" HEIGHT="47">
							<String ID="string_16" HPOS="416" VPOS="381" WIDTH="40" HEIGHT="35" WC="0.93" CONTENT="af"/><SP WIDTH="43" VPOS="381" HPOS="456"/>
							<String ID="string_17" HPOS="499" VPOS="384" WIDTH="90" HEIGHT="33" WC="0.38" CONTENT="I1:sta"/><SP WIDTH="40" VPOS="384" HPOS="589"/>
							<String ID="string_18" HPOS="629" VPOS="381" WIDTH="221" HEIGHT="47" WC="0.92" CONTENT="lönegraden"/><SP WIDTH="40" VPOS="381" HPOS="850"/>
							<String ID="string_19" HPOS="890" VPOS="382" WIDTH="66" HEIGHT="35" WC="0.96" CONTENT="och"/><SP WIDTH="42" VPOS="382" HPOS="956"/>
							<String ID="string_20" HPOS="998" VPOS="386" WIDTH="193" HEIGHT="42" WC="0.96" CONTENT="reparatör,"/><SP WIDTH="46" VPOS="386" HPOS="1191"/>
							<String ID="string_21" HPOS="1237" VPOS="382" WIDTH="239" HEIGHT="36" WC="0.93" CONTENT="stationerade"/><SP WIDTH="28" VPOS="382" HPOS="1476"/>
							<String ID="string_22" HPOS="1504" VPOS="386" WIDTH="21" HEIGHT="32" WC="0.92" CONTENT="å"/><SP WIDTH="28" VPOS="386" HPOS="1525"/>
							<String ID="string_23" HPOS="1553" VPOS="386" WIDTH="66" HEIGHT="41" WC="0.96" CONTENT="ort,"/><SP WIDTH="45" VPOS="386" HPOS="1619"/>
							<String ID="string_24" HPOS="1664" VPOS="384" WIDTH="65" HEIGHT="35" WC="0.96" CONTENT="där"/><SP WIDTH="34" VPOS="384" HPOS="1729"/>
							<String ID="string_25" HPOS="1763" VPOS="384" WIDTH="43" HEIGHT="35" WC="0.96" CONTENT="de"/><SP WIDTH="29" VPOS="384" HPOS="1806"/>
							<String ID="string_26" HPOS="1835" VPOS="384" WIDTH="181" HEIGHT="37" WC="0.96" CONTENT="allmänna"/>
						</TextLine>
						<TextLine ID="line_4" HPOS="416" VPOS="435" WIDTH="1598" HEIGHT="50">
							<String ID="string_27" HPOS="416" VPOS="435" WIDTH="386" HEIGHT="36" WC="0.92" CONTENT="lefnadskostnaderna"/><SP WIDTH="29" VPOS="435" HPOS="802"/>
							<String ID="string_28" HPOS="831" VPOS="441" WIDTH="59" HEIGHT="29" WC="0.96" CONTENT="äro"/><SP WIDTH="30" VPOS="441" HPOS="890"/>
							<String ID="string_29" HPOS="920" VPOS="435" WIDTH="170" HEIGHT="36" WC="0.96" CONTENT="särskildt"/><SP WIDTH="28" VPOS="435" HPOS="1090"/>
							<String ID="string_30" HPOS="1118" VPOS="436" WIDTH="104" HEIGHT="47" WC="0.96" CONTENT="höga,"/><SP WIDTH="32" VPOS="436" HPOS="1222"/>
							<String ID="string_31" HPOS="1254" VPOS="441" WIDTH="76" HEIGHT="42" WC="0.95" CONTENT="äga,"/><SP WIDTH="32" VPOS="441" HPOS="1330"/>
							<String ID="string_32" HPOS="1362" VPOS="439" WIDTH="37" HEIGHT="32" WC="0.96" CONTENT="så"/><SP WIDTH="28" VPOS="439" HPOS="1399"/>
							<String ID="string_33" HPOS="1427" VPOS="436" WIDTH="106" HEIGHT="47" WC="0.96" CONTENT="länge"/><SP WIDTH="29" VPOS="436" HPOS="1533"/>
							<String ID="string_34" HPOS="1562" VPOS="437" WIDTH="44" HEIGHT="35" WC="0.95" CONTENT="de"/><SP WIDTH="28" VPOS="437" HPOS="1606"/>
							<String ID="string_35" HPOS="1634" VPOS="437" WIDTH="201" HEIGHT="48" WC="0.93" CONTENT="tjänstgöra"/><SP WIDTH="28" VPOS="437" HPOS="1835"/>
							<String ID="string_36" HPOS="1863" VPOS="441" WIDTH="21" HEIGHT="32" WC="0.88" CONTENT="å"/><SP WIDTH="19" VPOS="441" HPOS="1884"/>
							<String ID="string_37" HPOS="1903" VPOS="439" WIDTH="111" HEIGHT="35" WC="0.96" CONTENT="sådan"/>
						</TextLine>
						<TextLine ID="line_5" HPOS="416" VPOS="488" WIDTH="1599" HEIGHT="50">
							<String ID="string_38" HPOS="416" VPOS="492" WIDTH="66" HEIGHT="41" WC="0.96" CONTENT="ort,"/><SP WIDTH="32" VPOS="492" HPOS="482"/>
							<String ID="string_39" HPOS="514" VPOS="488" WIDTH="159" HEIGHT="47" WC="0.92" CONTENT="uppbära"/><SP WIDTH="29" VPOS="488" HPOS="673"/>
							<String ID="string_40" HPOS="702" VPOS="488" WIDTH="304" HEIGHT="47" WC="0.89" CONTENT="tilläggsarfvode,"/><SP WIDTH="31" VPOS="488" HPOS="1006"/>
							<String ID="string_41" HPOS="1037" VPOS="490" WIDTH="189" HEIGHT="46" WC="0.96" CONTENT="utgående,"/><SP WIDTH="32" VPOS="490" HPOS="1226"/>
							<String ID="string_42" HPOS="1258" VPOS="489" WIDTH="113" HEIGHT="47" WC="0.96" CONTENT="enligt"/><SP WIDTH="27" VPOS="489" HPOS="1371"/>
							<String ID="string_43" HPOS="1398" VPOS="489" WIDTH="40" HEIGHT="36" WC="0.93" CONTENT="af"/><SP WIDTH="24" VPOS="489" HPOS="1438"/>
							<String ID="string_44" HPOS="1462" VPOS="490" WIDTH="332" HEIGHT="48" WC="0.91" CONTENT="telegrafstyrelsen"/><SP WIDTH="19" VPOS="490" HPOS="1794"/>
							<String ID="string_45" HPOS="1813" VPOS="492" WIDTH="202" HEIGHT="36" WC="0.96" CONTENT="fastställda"/>
						</TextLine>
						<TextLine ID="line_6" HPOS="415" VPOS="542" WIDTH="1404" HEIGHT="50">
							<String ID="string_46" HPOS="415" VPOS="543" WIDTH="169" HEIGHT="46" WC="0.96" CONTENT="grunder,"/><SP WIDTH="31" VPOS="543" HPOS="584"/>
							<String ID="string_47" HPOS="615" VPOS="542" WIDTH="82" HEIGHT="35" WC="0.95" CONTENT="med"/><SP WIDTH="32" VPOS="542" HPOS="697"/>
							<String ID="string_48" HPOS="729" VPOS="544" WIDTH="47" HEIGHT="32" WC="0.96" CONTENT="10"/><SP WIDTH="30" VPOS="544" HPOS="776"/>
							<String ID="string_49" HPOS="806" VPOS="542" WIDTH="86" HEIGHT="35" WC="0.95" CONTENT="eller"/><SP WIDTH="32" VPOS="542" HPOS="892"/>
							<String ID="string_50" HPOS="924" VPOS="544" WIDTH="45" HEIGHT="33" WC="0.91" CONTENT="15"/><SP WIDTH="34" VPOS="544" HPOS="969"/>
							<String ID="string_51" HPOS="1003" VPOS="546" WIDTH="145" HEIGHT="43" WC="0.96" CONTENT="procent"/><SP WIDTH="28" VPOS="546" HPOS="1148"/>
							<String ID="string_52" HPOS="1176" VPOS="542" WIDTH="40" HEIGHT="36" WC="0.96" CONTENT="af"/><SP WIDTH="26" VPOS="542" HPOS="1216"/>
							<String ID="string_53" HPOS="1242" VPOS="544" WIDTH="80" HEIGHT="34" WC="0.96" CONTENT="dem"/><SP WIDTH="27" VPOS="544" HPOS="1322"/>
							<String ID="string_54" HPOS="1349" VPOS="543" WIDTH="274" HEIGHT="36" WC="0.93" CONTENT="tillkommande"/><SP WIDTH="29" VPOS="543" HPOS="1623"/>
							<String ID="string_55" HPOS="1652" VPOS="544" WIDTH="167" HEIGHT="48" WC="0.92" CONTENT="aflöning."/>
						</TextLine>
					</TextBlock>
					<TextBlock ID="block_3" HPOS="415" VPOS="594" WIDTH="1600" HEIGHT="156">
						<TextLine ID="line_7" HPOS="523" VPOS="594" WIDTH="1490" HEIGHT="50">
							<String ID="string_56" HPOS="523" VPOS="595" WIDTH="246" HEIGHT="48" WC="0.92" CONTENT="Linjeförman"/><SP WIDTH="43" VPOS="595" HPOS="769"/>
							<String ID="string_57" HPOS="812" VPOS="594" WIDTH="39" HEIGHT="36" WC="0.92" CONTENT="af"/><SP WIDTH="43" VPOS="594" HPOS="851"/>
							<String ID="string_58" HPOS="894" VPOS="598" WIDTH="90" HEIGHT="33" WC="0.90" CONTENT="1:sta"/><SP WIDTH="37" VPOS="598" HPOS="984"/>
							<String ID="string_59" HPOS="1021" VPOS="596" WIDTH="218" HEIGHT="47" WC="0.91" CONTENT="lönegraden"/><SP WIDTH="29" VPOS="596" HPOS="1239"/>
							<String ID="string_60" HPOS="1268" VPOS="597" WIDTH="65" HEIGHT="35" WC="0.96" CONTENT="och"/><SP WIDTH="28" VPOS="597" HPOS="1333"/>
							<String ID="string_61" HPOS="1361" VPOS="601" WIDTH="195" HEIGHT="43" WC="0.95" CONTENT="reparatör,"/><SP WIDTH="32" VPOS="601" HPOS="1556"/>
							<String ID="string_62" HPOS="1588" VPOS="610" WIDTH="75" HEIGHT="23" WC="0.96" CONTENT="som"/><SP WIDTH="29" VPOS="610" HPOS="1663"/>
							<String ID="string_63" HPOS="1692" VPOS="597" WIDTH="13" HEIGHT="35" WC="0.94" CONTENT="i"/><SP WIDTH="29" VPOS="597" HPOS="1705"/>
							<String ID="string_64" HPOS="1734" VPOS="599" WIDTH="120" HEIGHT="35" WC="0.94" CONTENT="stället"/><SP WIDTH="27" VPOS="599" HPOS="1854"/>
							<String ID="string_65" HPOS="1881" VPOS="599" WIDTH="56" HEIGHT="35" WC="0.96" CONTENT="för"/><SP WIDTH="28" VPOS="599" HPOS="1937"/>
							<String ID="string_66" HPOS="1965" VPOS="599" WIDTH="48" HEIGHT="35" WC="0.96" CONTENT="fri"/>
						</TextLine>
						<TextLine ID="line_8" HPOS="415" VPOS="648" WIDTH="1600" HEIGHT="50">
							<String ID="string_67" HPOS="415" VPOS="649" WIDTH="127" HEIGHT="36" WC="0.96" CONTENT="bostad"/><SP WIDTH="42" VPOS="649" HPOS="542"/>
							<String ID="string_68" HPOS="584" VPOS="649" WIDTH="141" HEIGHT="48" WC="0.93" CONTENT="åtnjuta"/><SP WIDTH="42" VPOS="649" HPOS="725"/>
							<String ID="string_69" HPOS="767" VPOS="648" WIDTH="250" HEIGHT="48" WC="0.91" CONTENT="hyresbidrag,"/><SP WIDTH="30" VPOS="648" HPOS="1017"/>
							<String ID="string_70" HPOS="1047" VPOS="655" WIDTH="77" HEIGHT="41" WC="0.96" CONTENT="äga,"/><SP WIDTH="31" VPOS="655" HPOS="1124"/>
							<String ID="string_71" HPOS="1155" VPOS="649" WIDTH="80" HEIGHT="36" WC="0.96" CONTENT="ifall"/><SP WIDTH="29" VPOS="649" HPOS="1235"/>
							<String ID="string_72" HPOS="1264" VPOS="651" WIDTH="43" HEIGHT="34" WC="0.96" CONTENT="de"/><SP WIDTH="29" VPOS="651" HPOS="1307"/>
							<String ID="string_73" HPOS="1336" VPOS="651" WIDTH="162" HEIGHT="46" WC="0.93" CONTENT="uppbära"/><SP WIDTH="27" VPOS="651" HPOS="1498"/>
							<String ID="string_74" HPOS="1525" VPOS="650" WIDTH="307" HEIGHT="48" WC="0.42" CONTENT="tilläggsarfyode,"/><SP WIDTH="22" VPOS="650" HPOS="1832"/>
							<String ID="string_75" HPOS="1854" VPOS="652" WIDTH="161" HEIGHT="36" WC="0.96" CONTENT="beräkna"/>
						</TextLine>
						<TextLine ID="line_9" HPOS="417" VPOS="702" WIDTH="850" HEIGHT="48">
							<String ID="string_76" HPOS="417" VPOS="703" WIDTH="187" HEIGHT="35" WC="0.96" CONTENT="enahanda"/><SP WIDTH="27" VPOS="703" HPOS="604"/>
							<String ID="string_77" HPOS="631" VPOS="702" WIDTH="129" HEIGHT="47" WC="0.95" CONTENT="tillägg"/><SP WIDTH="29" VPOS="702" HPOS="760"/>
							<String ID="string_78" HPOS="789" VPOS="702" WIDTH="106" HEIGHT="36" WC="0.93" CONTENT="äfven"/><SP WIDTH="29" VPOS="702" HPOS="895"/>
							<String ID="string_79" HPOS="924" VPOS="705" WIDTH="20" HEIGHT="32" WC="0.91" CONTENT="å"/><SP WIDTH="29" VPOS="705" HPOS="944"/>
							<String ID="string_80" HPOS="973" VPOS="703" WIDTH="126" HEIGHT="35" WC="0.96" CONTENT="sådant"/><SP WIDTH="28" VPOS="703" HPOS="1099"/>
							<String ID="string_81" HPOS="1127" VPOS="703" WIDTH="140" HEIGHT="47" WC="0.96" CONTENT="bidrag."/>
						</TextLine>
					</TextBlock>
				</ComposedBlock>
				<ComposedBlock ID="cblock_2" HPOS="410" VPOS="811" WIDTH="1603" HEIGHT="1169">
					<TextBlock ID="block_4" HPOS="1035" VPOS="811" WIDTH="346" HEIGHT="35">
						<TextLine ID="line_10" HPOS="1035" VPOS="811" WIDTH="346" HEIGHT="35">
							<String ID="string_82" HPOS="1035" VPOS="811" WIDTH="76" HEIGHT="34" WC="0.88" CONTENT="III."/><SP WIDTH="58" VPOS="811" HPOS="1111"/>
							<String ID="string_83" HPOS="1169" VPOS="811" WIDTH="212" HEIGHT="35" WC="0.71" CONTENT="Postverket."/>
						</TextLine>
					</TextBlock>
					<TextBlock ID="block_5" HPOS="412" VPOS="862" WIDTH="1601" HEIGHT="317">
						<TextLine ID="line_11" HPOS="523" VPOS="862" WIDTH="1486" HEIGHT="50">
							<String ID="string_84" HPOS="523" VPOS="864" WIDTH="240" HEIGHT="34" WC="0.91" CONTENT="Postmästare"/><SP WIDTH="28" VPOS="864" HPOS="763"/>
							<String ID="string_85" HPOS="791" VPOS="862" WIDTH="39" HEIGHT="36" WC="0.96" CONTENT="af"/><SP WIDTH="25" VPOS="862" HPOS="830"/>
							<String ID="string_86" HPOS="855" VPOS="863" WIDTH="186" HEIGHT="36" WC="0.96" CONTENT="klasserna"/><SP WIDTH="31" VPOS="863" HPOS="1041"/>
							<String ID="string_87" HPOS="1072" VPOS="866" WIDTH="19" HEIGHT="32" WC="0.96" CONTENT="3"/><SP WIDTH="31" VPOS="866" HPOS="1091"/>
							<String ID="string_88" HPOS="1122" VPOS="864" WIDTH="66" HEIGHT="35" WC="0.96" CONTENT="och"/><SP WIDTH="31" VPOS="864" HPOS="1188"/>
							<String ID="string_89" HPOS="1219" VPOS="867" WIDTH="34" HEIGHT="41" WC="0.93" CONTENT="4,"/><SP WIDTH="30" VPOS="867" HPOS="1253"/>
							<String ID="string_90" HPOS="1283" VPOS="864" WIDTH="249" HEIGHT="45" WC="0.91" CONTENT="kontrollörer,"/><SP WIDTH="21" VPOS="864" HPOS="1532"/>
							<String ID="string_91" HPOS="1553" VPOS="865" WIDTH="113" HEIGHT="36" WC="0.93" CONTENT="förste"/><SP WIDTH="23" VPOS="865" HPOS="1666"/>
							<String ID="string_92" HPOS="1689" VPOS="866" WIDTH="320" HEIGHT="46" WC="0.90" CONTENT="postexpeditörer,"/>
						</TextLine>
						<TextLine ID="line_12" HPOS="415" VPOS="916" WIDTH="1598" HEIGHT="49">
							<String ID="string_93" HPOS="415" VPOS="916" WIDTH="321" HEIGHT="46" WC="0.92" CONTENT="postexpeditörer,"/><SP WIDTH="45" VPOS="916" HPOS="736"/>
							<String ID="string_94" HPOS="781" VPOS="916" WIDTH="110" HEIGHT="36" WC="0.93" CONTENT="förste"/><SP WIDTH="38" VPOS="916" HPOS="891"/>
							<String ID="string_95" HPOS="929" VPOS="917" WIDTH="336" HEIGHT="46" WC="0.90" CONTENT="postvaktmästare,"/><SP WIDTH="30" VPOS="917" HPOS="1265"/>
							<String ID="string_96" HPOS="1295" VPOS="916" WIDTH="112" HEIGHT="36" WC="0.93" CONTENT="förste"/><SP WIDTH="28" VPOS="916" HPOS="1407"/>
							<String ID="string_97" HPOS="1435" VPOS="917" WIDTH="221" HEIGHT="48" WC="0.90" CONTENT="postiljoner,"/><SP WIDTH="31" VPOS="917" HPOS="1656"/>
							<String ID="string_98" HPOS="1687" VPOS="919" WIDTH="326" HEIGHT="46" WC="0.90" CONTENT="postvaktmästare"/>
						</TextLine>
						<TextLine ID="line_13" HPOS="415" VPOS="969" WIDTH="1598" HEIGHT="48">
							<String ID="string_99" HPOS="415" VPOS="971" WIDTH="67" HEIGHT="34" WC="0.92" CONTENT="och"/><SP WIDTH="29" VPOS="971" HPOS="482"/>
							<String ID="string_100" HPOS="511" VPOS="969" WIDTH="219" HEIGHT="48" WC="0.92" CONTENT="postiljoner,"/><SP WIDTH="32" VPOS="969" HPOS="730"/>
							<String ID="string_101" HPOS="762" VPOS="969" WIDTH="241" HEIGHT="37" WC="0.93" CONTENT="stationerade"/><SP WIDTH="28" VPOS="969" HPOS="1003"/>
							<String ID="string_102" HPOS="1031" VPOS="973" WIDTH="20" HEIGHT="32" WC="0.93" CONTENT="å"/><SP WIDTH="28" VPOS="973" HPOS="1051"/>
							<String ID="string_103" HPOS="1079" VPOS="973" WIDTH="66" HEIGHT="42" WC="0.96" CONTENT="ort,"/><SP WIDTH="32" VPOS="973" HPOS="1145"/>
							<String ID="string_104" HPOS="1177" VPOS="971" WIDTH="64" HEIGHT="35" WC="0.96" CONTENT="där"/><SP WIDTH="29" VPOS="971" HPOS="1241"/>
							<String ID="string_105" HPOS="1270" VPOS="971" WIDTH="43" HEIGHT="35" WC="0.96" CONTENT="de"/><SP WIDTH="29" VPOS="971" HPOS="1313"/>
							<String ID="string_106" HPOS="1342" VPOS="971" WIDTH="180" HEIGHT="36" WC="0.93" CONTENT="allmänna"/><SP WIDTH="22" VPOS="971" HPOS="1522"/>
							<String ID="string_107" HPOS="1544" VPOS="971" WIDTH="387" HEIGHT="37" WC="0.92" CONTENT="lefnadskostnaderna"/><SP WIDTH="20" VPOS="971" HPOS="1931"/>
							<String ID="string_108" HPOS="1951" VPOS="979" WIDTH="62" HEIGHT="29" WC="0.96" CONTENT="äro"/>
						</TextLine>
						<TextLine ID="line_14" HPOS="416" VPOS="1023" WIDTH="1596" HEIGHT="49">
							<String ID="string_109" HPOS="416" VPOS="1023" WIDTH="172" HEIGHT="36" WC="0.96" CONTENT="särskildt"/><SP WIDTH="36" VPOS="1023" HPOS="588"/>
							<String ID="string_110" HPOS="624" VPOS="1023" WIDTH="102" HEIGHT="48" WC="0.96" CONTENT="höga,"/><SP WIDTH="45" VPOS="1023" HPOS="726"/>
							<String ID="string_111" HPOS="771" VPOS="1029" WIDTH="77" HEIGHT="42" WC="0.96" CONTENT="äga,"/><SP WIDTH="45" VPOS="1029" HPOS="848"/>
							<String ID="string_112" HPOS="893" VPOS="1027" WIDTH="38" HEIGHT="32" WC="0.96" CONTENT="så"/><SP WIDTH="28" VPOS="1027" HPOS="931"/>
							<String ID="string_113" HPOS="959" VPOS="1024" WIDTH="105" HEIGHT="47" WC="0.96" CONTENT="länge"/><SP WIDTH="28" VPOS="1024" HPOS="1064"/>
							<String ID="string_114" HPOS="1092" VPOS="1024" WIDTH="44" HEIGHT="35" WC="0.96" CONTENT="de"/><SP WIDTH="28" VPOS="1024" HPOS="1136"/>
							<String ID="string_115" HPOS="1164" VPOS="1024" WIDTH="201" HEIGHT="48" WC="0.93" CONTENT="tjänstgöra"/><SP WIDTH="28" VPOS="1024" HPOS="1365"/>
							<String ID="string_116" HPOS="1393" VPOS="1027" WIDTH="20" HEIGHT="32" WC="0.89" CONTENT="å"/><SP WIDTH="29" VPOS="1027" HPOS="1413"/>
							<String ID="string_117" HPOS="1442" VPOS="1025" WIDTH="111" HEIGHT="35" WC="0.96" CONTENT="sådan"/><SP WIDTH="28" VPOS="1025" HPOS="1553"/>
							<String ID="string_118" HPOS="1581" VPOS="1028" WIDTH="66" HEIGHT="41" WC="0.96" CONTENT="ort,"/><SP WIDTH="30" VPOS="1028" HPOS="1647"/>
							<String ID="string_119" HPOS="1677" VPOS="1026" WIDTH="163" HEIGHT="46" WC="0.92" CONTENT="uppbära"/><SP WIDTH="29" VPOS="1026" HPOS="1840"/>
							<String ID="string_120" HPOS="1869" VPOS="1026" WIDTH="143" HEIGHT="36" WC="0.91" CONTENT="ortstill-"/>
						</TextLine>
						<TextLine ID="line_15" HPOS="414" VPOS="1077" WIDTH="1598" HEIGHT="49">
							<String ID="string_121" HPOS="414" VPOS="1078" WIDTH="96" HEIGHT="47" WC="0.96" CONTENT="lägg,"/><SP WIDTH="45" VPOS="1078" HPOS="510"/>
							<String ID="string_122" HPOS="555" VPOS="1078" WIDTH="177" HEIGHT="46" WC="0.93" CONTENT="utgående"/><SP WIDTH="37" VPOS="1078" HPOS="732"/>
							<String ID="string_123" HPOS="769" VPOS="1077" WIDTH="113" HEIGHT="47" WC="0.93" CONTENT="enligt"/><SP WIDTH="29" VPOS="1077" HPOS="882"/>
							<String ID="string_124" HPOS="911" VPOS="1077" WIDTH="39" HEIGHT="35" WC="0.93" CONTENT="af"/><SP WIDTH="25" VPOS="1077" HPOS="950"/>
							<String ID="string_125" HPOS="975" VPOS="1078" WIDTH="404" HEIGHT="48" WC="0.89" CONTENT="generalpoststyrelsen"/><SP WIDTH="28" VPOS="1078" HPOS="1379"/>
							<String ID="string_126" HPOS="1407" VPOS="1077" WIDTH="204" HEIGHT="37" WC="0.96" CONTENT="fastställda"/><SP WIDTH="27" VPOS="1077" HPOS="1611"/>
							<String ID="string_127" HPOS="1638" VPOS="1080" WIDTH="170" HEIGHT="46" WC="0.96" CONTENT="grunder,"/><SP WIDTH="32" VPOS="1080" HPOS="1808"/>
							<String ID="string_128" HPOS="1840" VPOS="1080" WIDTH="81" HEIGHT="35" WC="0.92" CONTENT="med"/><SP WIDTH="27" VPOS="1080" HPOS="1921"/>
							<String ID="string_129" HPOS="1948" VPOS="1080" WIDTH="64" HEIGHT="35" WC="0.92" CONTENT="föl-"/>
						</TextLine>
						<TextLine ID="line_16" HPOS="412" VPOS="1130" WIDTH="630" HEIGHT="49">
							<String ID="string_130" HPOS="412" VPOS="1131" WIDTH="110" HEIGHT="48" WC="0.91" CONTENT="jande"/><SP WIDTH="27" VPOS="1131" HPOS="522"/>
							<String ID="string_131" HPOS="549" VPOS="1130" WIDTH="140" HEIGHT="47" WC="0.96" CONTENT="belopp,"/><SP WIDTH="32" VPOS="1130" HPOS="689"/>
							<String ID="string_132" HPOS="721" VPOS="1131" WIDTH="56" HEIGHT="35" WC="0.96" CONTENT="för"/><SP WIDTH="28" VPOS="1131" HPOS="777"/>
							<String ID="string_133" HPOS="805" VPOS="1133" WIDTH="39" HEIGHT="33" WC="0.93" CONTENT="år"/><SP WIDTH="28" VPOS="1133" HPOS="844"/>
							<String ID="string_134" HPOS="872" VPOS="1131" WIDTH="170" HEIGHT="36" WC="0.93" CONTENT="räknadt:"/>
						</TextLine>
					</TextBlock>
					<TextBlock ID="block_6" HPOS="414" VPOS="1184" WIDTH="1599" HEIGHT="157">
						<TextLine ID="line_17" HPOS="521" VPOS="1184" WIDTH="1492" HEIGHT="49">
							<String ID="string_135" HPOS="521" VPOS="1184" WIDTH="57" HEIGHT="35" WC="0.86" CONTENT="till"/><SP WIDTH="41" VPOS="1184" HPOS="578"/>
							<String ID="string_136" HPOS="619" VPOS="1184" WIDTH="234" HEIGHT="35" WC="0.86" CONTENT="omförmälda"/><SP WIDTH="42" VPOS="1184" HPOS="853"/>
							<String ID="string_137" HPOS="895" VPOS="1185" WIDTH="209" HEIGHT="42" WC="0.95" CONTENT="tjänstemän"/><SP WIDTH="43" VPOS="1185" HPOS="1104"/>
							<String ID="string_138" HPOS="1147" VPOS="1185" WIDTH="44" HEIGHT="42" WC="0.95" CONTENT="af"/><SP WIDTH="39" VPOS="1185" HPOS="1191"/>
							<String ID="string_139" HPOS="1230" VPOS="1186" WIDTH="101" HEIGHT="44" WC="0.96" CONTENT="högre"/><SP WIDTH="32" VPOS="1186" HPOS="1331"/>
							<String ID="string_140" HPOS="1363" VPOS="1186" WIDTH="95" HEIGHT="44" WC="0.95" CONTENT="grad"/><SP WIDTH="26" VPOS="1186" HPOS="1458"/>
							<String ID="string_141" HPOS="1484" VPOS="1186" WIDTH="82" HEIGHT="35" WC="0.96" CONTENT="med"/><SP WIDTH="28" VPOS="1186" HPOS="1566"/>
							<String ID="string_142" HPOS="1594" VPOS="1188" WIDTH="45" HEIGHT="32" WC="0.95" CONTENT="15"/><SP WIDTH="31" VPOS="1188" HPOS="1639"/>
							<String ID="string_143" HPOS="1670" VPOS="1186" WIDTH="88" HEIGHT="35" WC="0.96" CONTENT="eller"/><SP WIDTH="32" VPOS="1186" HPOS="1758"/>
							<String ID="string_144" HPOS="1790" VPOS="1189" WIDTH="46" HEIGHT="32" WC="0.96" CONTENT="10"/><SP WIDTH="29" VPOS="1189" HPOS="1836"/>
							<String ID="string_145" HPOS="1865" VPOS="1191" WIDTH="148" HEIGHT="42" WC="0.95" CONTENT="procent"/>
						</TextLine>
						<TextLine ID="line_18" HPOS="415" VPOS="1237" WIDTH="1598" HEIGHT="50">
							<String ID="string_146" HPOS="415" VPOS="1237" WIDTH="40" HEIGHT="35" WC="0.96" CONTENT="af"/><SP WIDTH="26" VPOS="1237" HPOS="455"/>
							<String ID="string_147" HPOS="481" VPOS="1238" WIDTH="69" HEIGHT="35" WC="0.96" CONTENT="den"/><SP WIDTH="28" VPOS="1238" HPOS="550"/>
							<String ID="string_148" HPOS="578" VPOS="1237" WIDTH="92" HEIGHT="36" WC="0.93" CONTENT="fasta"/><SP WIDTH="29" VPOS="1237" HPOS="670"/>
							<String ID="string_149" HPOS="699" VPOS="1237" WIDTH="216" HEIGHT="47" WC="0.91" CONTENT="aflöningen,"/><SP WIDTH="31" VPOS="1237" HPOS="915"/>
							<String ID="string_150" HPOS="946" VPOS="1238" WIDTH="91" HEIGHT="35" WC="0.96" CONTENT="dock"/><SP WIDTH="27" VPOS="1238" HPOS="1037"/>
							<String ID="string_151" HPOS="1064" VPOS="1238" WIDTH="106" HEIGHT="47" WC="0.96" CONTENT="högst"/><SP WIDTH="29" VPOS="1238" HPOS="1170"/>
							<String ID="string_152" HPOS="1199" VPOS="1241" WIDTH="76" HEIGHT="33" WC="0.95" CONTENT="450"/><SP WIDTH="29" VPOS="1241" HPOS="1275"/>
							<String ID="string_153" HPOS="1304" VPOS="1238" WIDTH="205" HEIGHT="47" WC="0.96" CONTENT="respektive"/><SP WIDTH="30" VPOS="1238" HPOS="1509"/>
							<String ID="string_154" HPOS="1539" VPOS="1241" WIDTH="74" HEIGHT="33" WC="0.96" CONTENT="300"/><SP WIDTH="21" VPOS="1241" HPOS="1613"/>
							<String ID="string_155" HPOS="1634" VPOS="1239" WIDTH="135" HEIGHT="35" WC="0.96" CONTENT="kronor"/><SP WIDTH="26" VPOS="1239" HPOS="1769"/>
							<String ID="string_156" HPOS="1795" VPOS="1240" WIDTH="58" HEIGHT="35" WC="0.96" CONTENT="till"/><SP WIDTH="25" VPOS="1240" HPOS="1853"/>
							<String ID="string_157" HPOS="1878" VPOS="1240" WIDTH="135" HEIGHT="47" WC="0.93" CONTENT="manlig"/>
						</TextLine>
						<TextLine ID="line_19" HPOS="414" VPOS="1291" WIDTH="1595" HEIGHT="50">
							<String ID="string_158" HPOS="414" VPOS="1291" WIDTH="217" HEIGHT="48" WC="0.96" CONTENT="tjänsteman"/><SP WIDTH="29" VPOS="1291" HPOS="631"/>
							<String ID="string_159" HPOS="660" VPOS="1291" WIDTH="65" HEIGHT="35" WC="0.96" CONTENT="och"/><SP WIDTH="29" VPOS="1291" HPOS="725"/>
							<String ID="string_160" HPOS="754" VPOS="1291" WIDTH="105" HEIGHT="47" WC="0.96" CONTENT="högst"/><SP WIDTH="30" VPOS="1291" HPOS="859"/>
							<String ID="string_161" HPOS="889" VPOS="1294" WIDTH="74" HEIGHT="32" WC="0.95" CONTENT="225"/><SP WIDTH="31" VPOS="1294" HPOS="963"/>
							<String ID="string_162" HPOS="994" VPOS="1291" WIDTH="204" HEIGHT="47" WC="0.96" CONTENT="respektive"/><SP WIDTH="32" VPOS="1291" HPOS="1198"/>
							<String ID="string_163" HPOS="1230" VPOS="1294" WIDTH="73" HEIGHT="33" WC="0.95" CONTENT="150"/><SP WIDTH="30" VPOS="1294" HPOS="1303"/>
							<String ID="string_164" HPOS="1333" VPOS="1292" WIDTH="132" HEIGHT="35" WC="0.96" CONTENT="kronor"/><SP WIDTH="28" VPOS="1292" HPOS="1465"/>
							<String ID="string_165" HPOS="1493" VPOS="1292" WIDTH="57" HEIGHT="36" WC="0.95" CONTENT="till"/><SP WIDTH="28" VPOS="1292" HPOS="1550"/>
							<String ID="string_166" HPOS="1578" VPOS="1292" WIDTH="170" HEIGHT="47" WC="0.95" CONTENT="kvinnlig"/><SP WIDTH="27" VPOS="1292" HPOS="1748"/>
							<String ID="string_167" HPOS="1775" VPOS="1293" WIDTH="234" HEIGHT="48" WC="0.96" CONTENT="tjänsteman;"/>
						</TextLine>
					</TextBlock>
					<TextBlock ID="block_7" HPOS="519" VPOS="1344" WIDTH="871" HEIGHT="46">
						<TextLine ID="line_20" HPOS="519" VPOS="1344" WIDTH="871" HEIGHT="46">
							<String ID="string_168" HPOS="519" VPOS="1344" WIDTH="58" HEIGHT="36" WC="0.92" CONTENT="till"/><SP WIDTH="27" VPOS="1344" HPOS="577"/>
							<String ID="string_169" HPOS="604" VPOS="1344" WIDTH="235" HEIGHT="36" WC="0.91" CONTENT="omförmälda"/><SP WIDTH="29" VPOS="1344" HPOS="839"/>
							<String ID="string_170" HPOS="868" VPOS="1349" WIDTH="209" HEIGHT="39" WC="0.95" CONTENT="tjänstemän"/><SP WIDTH="29" VPOS="1349" HPOS="1077"/>
							<String ID="string_171" HPOS="1106" VPOS="1345" WIDTH="48" HEIGHT="42" WC="0.95" CONTENT="af"/><SP WIDTH="22" VPOS="1345" HPOS="1154"/>
							<String ID="string_172" HPOS="1176" VPOS="1345" WIDTH="97" HEIGHT="45" WC="0.96" CONTENT="lägre"/><SP WIDTH="23" VPOS="1345" HPOS="1273"/>
							<String ID="string_173" HPOS="1296" VPOS="1347" WIDTH="94" HEIGHT="43" WC="0.96" CONTENT="grad"/>
						</TextLine>
					</TextBlock>
					<TextBlock ID="block_8" HPOS="414" VPOS="1398" WIDTH="1599" HEIGHT="98">
						<TextLine ID="line_21" HPOS="521" VPOS="1398" WIDTH="1492" HEIGHT="48">
							<String ID="string_174" HPOS="521" VPOS="1398" WIDTH="173" HEIGHT="46" WC="0.96" CONTENT="antingen"/><SP WIDTH="28" VPOS="1398" HPOS="694"/>
							<String ID="string_175" HPOS="722" VPOS="1399" WIDTH="82" HEIGHT="35" WC="0.96" CONTENT="med"/><SP WIDTH="31" VPOS="1399" HPOS="804"/>
							<String ID="string_176" HPOS="835" VPOS="1401" WIDTH="74" HEIGHT="32" WC="0.72" CONTENT="250"/><SP WIDTH="30" VPOS="1401" HPOS="909"/>
							<String ID="string_177" HPOS="939" VPOS="1398" WIDTH="142" HEIGHT="45" WC="0.95" CONTENT="kronor,"/><SP WIDTH="32" VPOS="1398" HPOS="1081"/>
							<String ID="string_178" HPOS="1113" VPOS="1399" WIDTH="82" HEIGHT="34" WC="0.95" CONTENT="med"/><SP WIDTH="28" VPOS="1399" HPOS="1195"/>
							<String ID="string_179" HPOS="1223" VPOS="1398" WIDTH="208" HEIGHT="48" WC="0.95" CONTENT="förhöjning"/><SP WIDTH="24" VPOS="1398" HPOS="1431"/>
							<String ID="string_180" HPOS="1455" VPOS="1399" WIDTH="91" HEIGHT="35" WC="0.96" CONTENT="efter"/><SP WIDTH="32" VPOS="1399" HPOS="1546"/>
							<String ID="string_181" HPOS="1578" VPOS="1402" WIDTH="20" HEIGHT="32" WC="0.92" CONTENT="5"/><SP WIDTH="31" VPOS="1402" HPOS="1598"/>
							<String ID="string_182" HPOS="1629" VPOS="1402" WIDTH="39" HEIGHT="32" WC="0.95" CONTENT="år"/><SP WIDTH="29" VPOS="1402" HPOS="1668"/>
							<String ID="string_183" HPOS="1697" VPOS="1399" WIDTH="57" HEIGHT="36" WC="0.96" CONTENT="till"/><SP WIDTH="31" VPOS="1399" HPOS="1754"/>
							<String ID="string_184" HPOS="1785" VPOS="1403" WIDTH="74" HEIGHT="33" WC="0.96" CONTENT="300"/><SP WIDTH="21" VPOS="1403" HPOS="1859"/>
							<String ID="string_185" HPOS="1880" VPOS="1400" WIDTH="133" HEIGHT="35" WC="0.96" CONTENT="kronor"/>
						</TextLine>
						<TextLine ID="line_22" HPOS="414" VPOS="1451" WIDTH="695" HEIGHT="45">
							<String ID="string_186" HPOS="414" VPOS="1452" WIDTH="65" HEIGHT="35" WC="0.96" CONTENT="och"/><SP WIDTH="29" VPOS="1452" HPOS="479"/>
							<String ID="string_187" HPOS="508" VPOS="1452" WIDTH="91" HEIGHT="35" WC="0.96" CONTENT="efter"/><SP WIDTH="32" VPOS="1452" HPOS="599"/>
							<String ID="string_188" HPOS="631" VPOS="1454" WIDTH="45" HEIGHT="33" WC="0.96" CONTENT="10"/><SP WIDTH="31" VPOS="1454" HPOS="676"/>
							<String ID="string_189" HPOS="707" VPOS="1454" WIDTH="39" HEIGHT="33" WC="0.96" CONTENT="år"/><SP WIDTH="28" VPOS="1454" HPOS="746"/>
							<String ID="string_190" HPOS="774" VPOS="1451" WIDTH="57" HEIGHT="36" WC="0.96" CONTENT="till"/><SP WIDTH="30" VPOS="1451" HPOS="831"/>
							<String ID="string_191" HPOS="861" VPOS="1455" WIDTH="75" HEIGHT="32" WC="0.96" CONTENT="350"/><SP WIDTH="30" VPOS="1455" HPOS="936"/>
							<String ID="string_192" HPOS="966" VPOS="1451" WIDTH="143" HEIGHT="45" WC="0.96" CONTENT="kronor,"/>
						</TextLine>
					</TextBlock>
					<TextBlock ID="block_9" HPOS="413" VPOS="1505" WIDTH="1599" HEIGHT="99">
						<TextLine ID="line_23" HPOS="520" VPOS="1505" WIDTH="1492" HEIGHT="49">
							<String ID="string_193" HPOS="520" VPOS="1505" WIDTH="86" HEIGHT="35" WC="0.95" CONTENT="eller"/><SP WIDTH="41" VPOS="1505" HPOS="606"/>
							<String ID="string_194" HPOS="647" VPOS="1506" WIDTH="82" HEIGHT="34" WC="0.96" CONTENT="med"/><SP WIDTH="46" VPOS="1506" HPOS="729"/>
							<String ID="string_195" HPOS="775" VPOS="1508" WIDTH="74" HEIGHT="32" WC="0.96" CONTENT="200"/><SP WIDTH="42" VPOS="1508" HPOS="849"/>
							<String ID="string_196" HPOS="891" VPOS="1506" WIDTH="145" HEIGHT="43" WC="0.95" CONTENT="kronor,"/><SP WIDTH="45" VPOS="1506" HPOS="1036"/>
							<String ID="string_197" HPOS="1081" VPOS="1506" WIDTH="81" HEIGHT="35" WC="0.96" CONTENT="med"/><SP WIDTH="41" VPOS="1506" HPOS="1162"/>
							<String ID="string_198" HPOS="1203" VPOS="1505" WIDTH="211" HEIGHT="49" WC="0.96" CONTENT="förhöjning"/><SP WIDTH="33" VPOS="1505" HPOS="1414"/>
							<String ID="string_199" HPOS="1447" VPOS="1505" WIDTH="91" HEIGHT="36" WC="0.96" CONTENT="efter"/><SP WIDTH="32" VPOS="1505" HPOS="1538"/>
							<String ID="string_200" HPOS="1570" VPOS="1508" WIDTH="19" HEIGHT="33" WC="0.91" CONTENT="5"/><SP WIDTH="32" VPOS="1508" HPOS="1589"/>
							<String ID="string_201" HPOS="1621" VPOS="1509" WIDTH="39" HEIGHT="32" WC="0.96" CONTENT="år"/><SP WIDTH="28" VPOS="1509" HPOS="1660"/>
							<String ID="string_202" HPOS="1688" VPOS="1506" WIDTH="57" HEIGHT="36" WC="0.96" CONTENT="till"/><SP WIDTH="31" VPOS="1506" HPOS="1745"/>
							<String ID="string_203" HPOS="1776" VPOS="1509" WIDTH="74" HEIGHT="33" WC="0.96" CONTENT="250"/><SP WIDTH="30" VPOS="1509" HPOS="1850"/>
							<String ID="string_204" HPOS="1880" VPOS="1506" WIDTH="132" HEIGHT="36" WC="0.95" CONTENT="kronor"/>
						</TextLine>
						<TextLine ID="line_24" HPOS="413" VPOS="1558" WIDTH="693" HEIGHT="46">
							<String ID="string_205" HPOS="413" VPOS="1559" WIDTH="65" HEIGHT="35" WC="0.96" CONTENT="och"/><SP WIDTH="30" VPOS="1559" HPOS="478"/>
							<String ID="string_206" HPOS="508" VPOS="1559" WIDTH="90" HEIGHT="35" WC="0.96" CONTENT="efter"/><SP WIDTH="31" VPOS="1559" HPOS="598"/>
							<String ID="string_207" HPOS="629" VPOS="1561" WIDTH="47" HEIGHT="33" WC="0.96" CONTENT="10"/><SP WIDTH="31" VPOS="1561" HPOS="676"/>
							<String ID="string_208" HPOS="707" VPOS="1562" WIDTH="39" HEIGHT="32" WC="0.95" CONTENT="år"/><SP WIDTH="27" VPOS="1562" HPOS="746"/>
							<String ID="string_209" HPOS="773" VPOS="1558" WIDTH="57" HEIGHT="36" WC="0.95" CONTENT="till"/><SP WIDTH="30" VPOS="1558" HPOS="830"/>
							<String ID="string_210" HPOS="860" VPOS="1561" WIDTH="74" HEIGHT="33" WC="0.96" CONTENT="300"/><SP WIDTH="30" VPOS="1561" HPOS="934"/>
							<String ID="string_211" HPOS="964" VPOS="1559" WIDTH="142" HEIGHT="45" WC="0.96" CONTENT="kronor,"/>
						</TextLine>
					</TextBlock>
					<TextBlock ID="block_10" HPOS="520" VPOS="1612" WIDTH="478" HEIGHT="36">
						<TextLine ID="line_25" HPOS="520" VPOS="1612" WIDTH="478" HEIGHT="36">
							<String ID="string_212" HPOS="520" VPOS="1612" WIDTH="85" HEIGHT="36" WC="0.96" CONTENT="eller"/><SP WIDTH="29" VPOS="1612" HPOS="605"/>
							<String ID="string_213" HPOS="634" VPOS="1613" WIDTH="82" HEIGHT="35" WC="0.96" CONTENT="med"/><SP WIDTH="32" VPOS="1613" HPOS="716"/>
							<String ID="string_214" HPOS="748" VPOS="1615" WIDTH="73" HEIGHT="33" WC="0.96" CONTENT="150"/><SP WIDTH="34" VPOS="1615" HPOS="821"/>
							<String ID="string_215" HPOS="855" VPOS="1612" WIDTH="143" HEIGHT="36" WC="0.96" CONTENT="kronor."/>
						</TextLine>
					</TextBlock>
					<TextBlock ID="block_11" HPOS="411" VPOS="1665" WIDTH="1598" HEIGHT="157">
						<TextLine ID="line_26" HPOS="521" VPOS="1665" WIDTH="1486" HEIGHT="51">
							<String ID="string_216" HPOS="521" VPOS="1665" WIDTH="222" HEIGHT="48" WC="0.91" CONTENT="Ortstillägg,"/><SP WIDTH="32" VPOS="1665" HPOS="743"/>
							<String ID="string_217" HPOS="775" VPOS="1679" WIDTH="74" HEIGHT="22" WC="0.96" CONTENT="som"/><SP WIDTH="28" VPOS="1679" HPOS="849"/>
							<String ID="string_218" HPOS="877" VPOS="1669" WIDTH="107" HEIGHT="44" WC="0.96" CONTENT="utgår"/><SP WIDTH="26" VPOS="1669" HPOS="984"/>
							<String ID="string_219" HPOS="1010" VPOS="1666" WIDTH="56" HEIGHT="36" WC="0.96" CONTENT="till"/><SP WIDTH="27" VPOS="1666" HPOS="1066"/>
							<String ID="string_220" HPOS="1093" VPOS="1667" WIDTH="219" HEIGHT="49" WC="0.96" CONTENT="tjänsteman"/><SP WIDTH="28" VPOS="1667" HPOS="1312"/>
							<String ID="string_221" HPOS="1340" VPOS="1666" WIDTH="40" HEIGHT="36" WC="0.96" CONTENT="af"/><SP WIDTH="24" VPOS="1666" HPOS="1380"/>
							<String ID="string_222" HPOS="1404" VPOS="1666" WIDTH="111" HEIGHT="48" WC="0.96" CONTENT="högre"/><SP WIDTH="27" VPOS="1666" HPOS="1515"/>
							<String ID="string_223" HPOS="1542" VPOS="1667" WIDTH="100" HEIGHT="46" WC="0.96" CONTENT="grad,"/><SP WIDTH="32" VPOS="1667" HPOS="1642"/>
							<String ID="string_224" HPOS="1674" VPOS="1678" WIDTH="104" HEIGHT="24" WC="0.96" CONTENT="anses"/><SP WIDTH="25" VPOS="1678" HPOS="1778"/>
							<String ID="string_225" HPOS="1803" VPOS="1669" WIDTH="115" HEIGHT="33" WC="0.96" CONTENT="såsom"/><SP WIDTH="18" VPOS="1669" HPOS="1918"/>
							<String ID="string_226" HPOS="1936" VPOS="1667" WIDTH="71" HEIGHT="45" WC="0.96" CONTENT="lön,"/>
						</TextLine>
						<TextLine ID="line_27" HPOS="412" VPOS="1719" WIDTH="1597" HEIGHT="50">
							<String ID="string_227" HPOS="412" VPOS="1731" WIDTH="83" HEIGHT="23" WC="0.96" CONTENT="men"/><SP WIDTH="41" VPOS="1731" HPOS="495"/>
							<String ID="string_228" HPOS="536" VPOS="1719" WIDTH="137" HEIGHT="36" WC="0.95" CONTENT="medför"/><SP WIDTH="41" VPOS="1719" HPOS="673"/>
							<String ID="string_229" HPOS="714" VPOS="1719" WIDTH="82" HEIGHT="36" WC="0.95" CONTENT="icke"/><SP WIDTH="33" VPOS="1719" HPOS="796"/>
							<String ID="string_230" HPOS="829" VPOS="1719" WIDTH="152" HEIGHT="49" WC="0.96" CONTENT="höjning"/><SP WIDTH="28" VPOS="1719" HPOS="981"/>
							<String ID="string_231" HPOS="1009" VPOS="1720" WIDTH="40" HEIGHT="35" WC="0.93" CONTENT="af"/><SP WIDTH="24" VPOS="1720" HPOS="1049"/>
							<String ID="string_232" HPOS="1073" VPOS="1720" WIDTH="398" HEIGHT="47" WC="0.92" CONTENT="pensionsunderlaget;"/><SP WIDTH="31" VPOS="1720" HPOS="1471"/>
							<String ID="string_233" HPOS="1502" VPOS="1719" WIDTH="213" HEIGHT="48" WC="0.91" CONTENT="ortstillägg,"/><SP WIDTH="32" VPOS="1719" HPOS="1715"/>
							<String ID="string_234" HPOS="1747" VPOS="1732" WIDTH="75" HEIGHT="24" WC="0.93" CONTENT="som"/><SP WIDTH="28" VPOS="1732" HPOS="1822"/>
							<String ID="string_235" HPOS="1850" VPOS="1720" WIDTH="159" HEIGHT="49" WC="0.91" CONTENT="åtnjutes"/>
						</TextLine>
						<TextLine ID="line_28" HPOS="411" VPOS="1773" WIDTH="1382" HEIGHT="49">
							<String ID="string_236" HPOS="411" VPOS="1773" WIDTH="41" HEIGHT="34" WC="0.96" CONTENT="af"/><SP WIDTH="24" VPOS="1773" HPOS="452"/>
							<String ID="string_237" HPOS="476" VPOS="1773" WIDTH="217" HEIGHT="48" WC="0.96" CONTENT="tjänsteman"/><SP WIDTH="29" VPOS="1773" HPOS="693"/>
							<String ID="string_238" HPOS="722" VPOS="1773" WIDTH="40" HEIGHT="35" WC="0.95" CONTENT="af"/><SP WIDTH="25" VPOS="1773" HPOS="762"/>
							<String ID="string_239" HPOS="787" VPOS="1774" WIDTH="97" HEIGHT="46" WC="0.95" CONTENT="lägre"/><SP WIDTH="28" VPOS="1774" HPOS="884"/>
							<String ID="string_240" HPOS="912" VPOS="1774" WIDTH="100" HEIGHT="47" WC="0.95" CONTENT="grad,"/><SP WIDTH="31" VPOS="1774" HPOS="1012"/>
							<String ID="string_241" HPOS="1043" VPOS="1786" WIDTH="102" HEIGHT="23" WC="0.96" CONTENT="anses"/><SP WIDTH="30" VPOS="1786" HPOS="1145"/>
							<String ID="string_242" HPOS="1175" VPOS="1777" WIDTH="115" HEIGHT="32" WC="0.93" CONTENT="såsom"/><SP WIDTH="29" VPOS="1777" HPOS="1290"/>
							<String ID="string_243" HPOS="1319" VPOS="1773" WIDTH="474" HEIGHT="49" WC="0.87" CONTENT="tjänstgöringspenningar."/>
						</TextLine>
					</TextBlock>
					<TextBlock ID="block_12" HPOS="410" VPOS="1826" WIDTH="1599" HEIGHT="154">
						<TextLine ID="line_29" HPOS="518" VPOS="1826" WIDTH="1491" HEIGHT="50">
							<String ID="string_244" HPOS="518" VPOS="1826" WIDTH="231" HEIGHT="36" WC="0.95" CONTENT="Beträffande"/><SP WIDTH="39" VPOS="1826" HPOS="749"/>
							<String ID="string_245" HPOS="788" VPOS="1826" WIDTH="209" HEIGHT="49" WC="0.95" CONTENT="förhöjning"/><SP WIDTH="41" VPOS="1826" HPOS="997"/>
							<String ID="string_246" HPOS="1038" VPOS="1827" WIDTH="39" HEIGHT="36" WC="0.86" CONTENT="af"/><SP WIDTH="38" VPOS="1827" HPOS="1077"/>
							<String ID="string_247" HPOS="1115" VPOS="1827" WIDTH="239" HEIGHT="47" WC="0.86" CONTENT="ortstillägget"/><SP WIDTH="42" VPOS="1827" HPOS="1354"/>
							<String ID="string_248" HPOS="1396" VPOS="1829" WIDTH="36" HEIGHT="34" WC="0.96" CONTENT="åt"/><SP WIDTH="41" VPOS="1829" HPOS="1432"/>
							<String ID="string_249" HPOS="1473" VPOS="1828" WIDTH="220" HEIGHT="48" WC="0.95" CONTENT="tjänsteman"/><SP WIDTH="36" VPOS="1828" HPOS="1693"/>
							<String ID="string_250" HPOS="1729" VPOS="1827" WIDTH="40" HEIGHT="36" WC="0.95" CONTENT="af"/><SP WIDTH="24" VPOS="1827" HPOS="1769"/>
							<String ID="string_251" HPOS="1793" VPOS="1827" WIDTH="99" HEIGHT="48" WC="0.96" CONTENT="lägre"/><SP WIDTH="27" VPOS="1827" HPOS="1892"/>
							<String ID="string_252" HPOS="1919" VPOS="1828" WIDTH="90" HEIGHT="46" WC="0.96" CONTENT="grad"/>
						</TextLine>
						<TextLine ID="line_30" HPOS="410" VPOS="1879" WIDTH="1598" HEIGHT="50">
							<String ID="string_253" HPOS="410" VPOS="1879" WIDTH="96" HEIGHT="47" WC="0.96" CONTENT="gälla"/><SP WIDTH="43" VPOS="1879" HPOS="506"/>
							<String ID="string_254" HPOS="549" VPOS="1880" WIDTH="187" HEIGHT="35" WC="0.96" CONTENT="enahanda"/><SP WIDTH="41" VPOS="1880" HPOS="736"/>
							<String ID="string_255" HPOS="777" VPOS="1881" WIDTH="268" HEIGHT="35" WC="0.96" CONTENT="bestämmelser"/><SP WIDTH="28" VPOS="1881" HPOS="1045"/>
							<String ID="string_256" HPOS="1073" VPOS="1893" WIDTH="74" HEIGHT="23" WC="0.96" CONTENT="som"/><SP WIDTH="29" VPOS="1893" HPOS="1147"/>
							<String ID="string_257" HPOS="1176" VPOS="1880" WIDTH="14" HEIGHT="35" WC="0.95" CONTENT="1"/><SP WIDTH="28" VPOS="1880" HPOS="1190"/>
							<String ID="string_258" HPOS="1218" VPOS="1881" WIDTH="102" HEIGHT="47" WC="0.96" CONTENT="fråga"/><SP WIDTH="28" VPOS="1881" HPOS="1320"/>
							<String ID="string_259" HPOS="1348" VPOS="1894" WIDTH="56" HEIGHT="22" WC="0.96" CONTENT="om"/><SP WIDTH="29" VPOS="1894" HPOS="1404"/>
							<String ID="string_260" HPOS="1433" VPOS="1880" WIDTH="210" HEIGHT="49" WC="0.95" CONTENT="förhöjning"/><SP WIDTH="29" VPOS="1880" HPOS="1643"/>
							<String ID="string_261" HPOS="1672" VPOS="1881" WIDTH="39" HEIGHT="35" WC="0.96" CONTENT="af"/><SP WIDTH="28" VPOS="1881" HPOS="1711"/>
							<String ID="string_262" HPOS="1739" VPOS="1881" WIDTH="70" HEIGHT="35" WC="0.96" CONTENT="den"/><SP WIDTH="28" VPOS="1881" HPOS="1809"/>
							<String ID="string_263" HPOS="1837" VPOS="1881" WIDTH="93" HEIGHT="36" WC="0.92" CONTENT="fasta"/><SP WIDTH="28" VPOS="1881" HPOS="1930"/>
							<String ID="string_264" HPOS="1958" VPOS="1881" WIDTH="50" HEIGHT="35" WC="0.92" CONTENT="af-"/>
						</TextLine>
						<TextLine ID="line_31" HPOS="411" VPOS="1931" WIDTH="181" HEIGHT="49">
							<String ID="string_265" HPOS="411" VPOS="1931" WIDTH="181" HEIGHT="49" WC="0.92" CONTENT="löningen."/>
						</TextLine>
					</TextBlock>
				</ComposedBlock>
				<ComposedBlock ID="cblock_3" HPOS="410" VPOS="2033" WIDTH="1597" HEIGHT="209">
					<TextBlock ID="block_13" HPOS="410" VPOS="2033" WIDTH="1597" HEIGHT="209">
						<TextLine ID="line_32" HPOS="1037" VPOS="2033" WIDTH="336" HEIGHT="35">
							<String ID="string_266" HPOS="1037" VPOS="2033" WIDTH="69" HEIGHT="35" WC="0.94" CONTENT="IV."/><SP WIDTH="62" VPOS="2033" HPOS="1106"/>
							<String ID="string_267" HPOS="1168" VPOS="2033" WIDTH="205" HEIGHT="35" WC="0.80" CONTENT="Tullverket."/>
						</TextLine>
						<TextLine ID="line_33" HPOS="519" VPOS="2085" WIDTH="1485" HEIGHT="50">
							<String ID="string_268" HPOS="519" VPOS="2085" WIDTH="213" HEIGHT="47" WC="0.85" CONTENT="Ortstillägg"/><SP WIDTH="28" VPOS="2085" HPOS="732"/>
							<String ID="string_269" HPOS="760" VPOS="2089" WIDTH="105" HEIGHT="45" WC="0.96" CONTENT="utgår"/><SP WIDTH="28" VPOS="2089" HPOS="865"/>
							<String ID="string_270" HPOS="893" VPOS="2087" WIDTH="56" HEIGHT="35" WC="0.96" CONTENT="till"/><SP WIDTH="28" VPOS="2087" HPOS="949"/>
							<String ID="string_271" HPOS="977" VPOS="2087" WIDTH="218" HEIGHT="48" WC="0.96" CONTENT="tjänstemän"/><SP WIDTH="28" VPOS="2087" HPOS="1195"/>
							<String ID="string_272" HPOS="1223" VPOS="2086" WIDTH="62" HEIGHT="36" WC="0.93" CONTENT="vid"/><SP WIDTH="28" VPOS="2086" HPOS="1285"/>
							<String ID="string_273" HPOS="1313" VPOS="2086" WIDTH="410" HEIGHT="48" WC="0.91" CONTENT="lokalförvaltningarna"/><SP WIDTH="27" VPOS="2086" HPOS="1723"/>
							<String ID="string_274" HPOS="1750" VPOS="2086" WIDTH="14" HEIGHT="35" WC="0.96" CONTENT="i"/><SP WIDTH="24" VPOS="2086" HPOS="1764"/>
							<String ID="string_275" HPOS="1788" VPOS="2085" WIDTH="216" HEIGHT="43" WC="0.96" CONTENT="Stockholm,"/>
						</TextLine>
						<TextLine ID="line_34" HPOS="411" VPOS="2138" WIDTH="1596" HEIGHT="50">
							<String ID="string_276" HPOS="411" VPOS="2139" WIDTH="221" HEIGHT="47" WC="0.96" CONTENT="Haparanda"/><SP WIDTH="42" VPOS="2139" HPOS="632"/>
							<String ID="string_277" HPOS="674" VPOS="2139" WIDTH="67" HEIGHT="35" WC="0.96" CONTENT="och"/><SP WIDTH="42" VPOS="2139" HPOS="741"/>
							<String ID="string_278" HPOS="783" VPOS="2140" WIDTH="248" HEIGHT="48" WC="0.96" CONTENT="Riksgränsen"/><SP WIDTH="42" VPOS="2140" HPOS="1031"/>
							<String ID="string_279" HPOS="1073" VPOS="2141" WIDTH="82" HEIGHT="35" WC="0.96" CONTENT="med"/><SP WIDTH="46" VPOS="2141" HPOS="1155"/>
							<String ID="string_280" HPOS="1201" VPOS="2144" WIDTH="46" HEIGHT="32" WC="0.96" CONTENT="10"/><SP WIDTH="43" VPOS="2144" HPOS="1247"/>
							<String ID="string_281" HPOS="1290" VPOS="2143" WIDTH="147" HEIGHT="44" WC="0.95" CONTENT="procent"/><SP WIDTH="35" VPOS="2143" HPOS="1437"/>
							<String ID="string_282" HPOS="1472" VPOS="2139" WIDTH="40" HEIGHT="36" WC="0.93" CONTENT="af"/><SP WIDTH="29" VPOS="2139" HPOS="1512"/>
							<String ID="string_283" HPOS="1541" VPOS="2140" WIDTH="372" HEIGHT="48" WC="0.46" CONTENT="»begynnelselönen»"/><SP WIDTH="33" VPOS="2140" HPOS="1913"/>
							<String ID="string_284" HPOS="1946" VPOS="2138" WIDTH="61" HEIGHT="36" WC="0.96" CONTENT="vid"/>
						</TextLine>
						<TextLine ID="line_35" HPOS="410" VPOS="2192" WIDTH="1118" HEIGHT="50">
							<String ID="string_285" HPOS="410" VPOS="2192" WIDTH="267" HEIGHT="37" WC="0.96" CONTENT="vederbörande"/><SP WIDTH="28" VPOS="2192" HPOS="677"/>
							<String ID="string_286" HPOS="705" VPOS="2193" WIDTH="123" HEIGHT="48" WC="0.96" CONTENT="tjänst,"/><SP WIDTH="31" VPOS="2193" HPOS="828"/>
							<String ID="string_287" HPOS="859" VPOS="2194" WIDTH="91" HEIGHT="35" WC="0.96" CONTENT="dock"/><SP WIDTH="29" VPOS="2194" HPOS="950"/>
							<String ID="string_288" HPOS="979" VPOS="2194" WIDTH="106" HEIGHT="48" WC="0.96" CONTENT="högst"/><SP WIDTH="30" VPOS="2194" HPOS="1085"/>
							<String ID="string_289" HPOS="1115" VPOS="2196" WIDTH="74" HEIGHT="34" WC="0.96" CONTENT="300"/><SP WIDTH="31" VPOS="2196" HPOS="1189"/>
							<String ID="string_290" HPOS="1220" VPOS="2194" WIDTH="131" HEIGHT="35" WC="0.96" CONTENT="kronor"/><SP WIDTH="29" VPOS="2194" HPOS="1351"/>
							<String ID="string_291" HPOS="1380" VPOS="2193" WIDTH="148" HEIGHT="47" WC="0.95" CONTENT="årligen."/>
						</TextLine>
					</TextBlock>
				</ComposedBlock>
			</PrintSpace>
		</Page>
	</Layout>
</alto>
