1884 2828
558 182 281 33 Bankoutskottets
861 184 164 32 memorial
1048 185 52 31 Nr
1123 188 30 30 1.

1564 188 39 31 21

879 316 4 4 .
1068 295 39 25 På
1127 296 98 26 längre
1245 297 41 25 tid
1363 297 40 26 På
1422 298 85 25 högst

789 307 36 70 P&
846 311 74 62 Sägs
955 314 41 59 tre
1069 334 36 22 än
1126 304 61 58 tre,
1199 332 84 32 högst
1359 306 121 53 mänade
1500 306 67 61 ip.

960 369 5 4 ”
1065 375 50 18 sex
1135 367 151 27 månader:
1395 369 133 33 sägning:

761 447 114 26 T.o.m.
896 447 78 26 |Fr.o.
990 456 35 17 m.|
1046 448 113 26 T.o.m.
1182 450 79 25 IFr.o.
1276 458 36 17 m.|
1333 450 29 25 T.
1379 458 20 17 o.
1415 458 30 17 m.
1469 451 43 25 |Fr.
1528 459 20 18 o.
1565 459 31 17 m.

757 480 45 33 31/5
812 482 65 26 1941
885 476 9 45 |
905 480 33 33 1/6
950 483 66 26 1941
1042 481 44 34 |?!/5
1096 484 66 26 1941
1172 476 12 45 |
1190 482 32 33 !/e
1238 485 67 26 1941
1312 476 62 45 |2!/5
1388 486 60 26 1941
1474 484 33 33 |!/e
1523 487 66 26 1941

130 576 66 32 För
220 574 143 43 växlar!)
376 604 355 7 ..oso0o0000o00
665 570 71 53 0.
765 578 104 41 3/2)
928 583 73 33 3!)
1069 585 74 32 4$H
1193 581 105 41 ZH)
1368 602 43 4 —
1509 603 44 4 —

131 630 66 32 För
220 629 71 33 lån:

163 677 73 30 mot
259 675 156 32 säkerhet
438 687 56 22 av:

196 719 233 42 obligationer,
472 721 181 32 utfärdade
691 732 42 23 av

230 765 145 32 svenska
407 768 120 36 staten,
560 766 174 32 allmänna

229 809 303 42 hypoteksbanken
568 811 62 32 och
667 812 67 32 Ko-

228 855 207 41 nungariket
459 855 153 42 Sveriges
629 857 104 32 stads-

229 899 269 42 hypotekskassa
513 927 218 7 .........
764 900 103 41 Il
927 905 161 33 314
1191 902 246 42 3/30!)
1496 909 19 31 3
1543 912 25 29 KH

195 943 232 42 obligationer,
469 946 180 32 utfärdade
690 957 43 22 av

228 990 145 31 svenska
409 990 323 33 bostadskreditkas-

228 1044 72 29 san,
331 1035 148 32 svenska
502 1035 230 43 skeppshypo-

228 1079 209 40 tekskassan,
461 1080 214 40 kommuner,

227 1123 184 43 landsting,
458 1125 273 42 inteckningsbo-

228 1168 56 41 lag
316 1169 63 32 och
413 1169 186 42 Göteborgs
628 1171 103 41 hypo-

227 1213 175 33 tekskassa
430 1241 299 6 ............
781 1218 21 29 4
830 1221 26 28 4
904 1214 105 41 [Id
1046 1215 104 41 l4f2gl
1208 1220 22 30 4
1270 1223 24 29 Hl
1350 1221 21 30 4
1399 1224 25 29 HH
1449 1210 17 52 |
1473 1217 103 41 3/2
1557 1210 23 52 G

193 1258 110 32 aktier
323 1285 407 7 ................
782 1262 20 31 5
903 1258 105 42 424
1046 1261 104 42 Heh)
1209 1264 20 31 5
1268 1268 25 29 H|
1363 1281 43 4 —
1505 1282 43 4 car

160 1308 72 27 mot
255 1314 113 21 annan
392 1304 156 32 säkerhet.
565 1332 165 5 ......
762 1304 105 40 4/29
885 1299 20 51 |
923 1308 22 30 4
984 1312 24 28 BH)
1065 1308 20 31 5
1124 1304 169 42 BAB)
1363 1326 43 5 —
1505 1327 42 4 —

156 1374 67 33 Vid
256 1375 272 42 rediskontering
560 1378 33 30 åt
618 1376 235 33 affärsbanker
877 1378 64 32 och
965 1379 245 33 centralkassor
1233 1381 53 31 för
1308 1381 294 41 jordbrukskredit

108 1438 42 21 av
174 1428 118 32 växlar
314 1429 79 32 med
417 1429 101 41 högst
543 1431 41 31 90
609 1430 123 41 dagars
757 1431 211 32 återstående
992 1431 106 42 löptid
1122 1432 63 32 har
1208 1433 180 33 beräknats
1407 1431 41 41 !/2
1464 1438 139 38 procent

107 1480 92 42 lägre
224 1481 157 33 diskonto
406 1487 44 27 än
474 1483 67 32 vad
565 1494 73 21 som
662 1483 103 41 följer
790 1495 42 22 av
857 1485 230 32 ovanstående
1111 1486 245 42 uppställning.

152 1535 66 32 För
250 1535 66 39 lån,
342 1546 72 21 som
440 1535 141 42 beviljas
606 1537 244 40 affärsbanker,
876 1538 218 41 sparbanker,
1120 1539 154 33 Svenska
1296 1540 305 41 jordbrukskredit-

107 1588 124 32 kassan
265 1588 77 33 eller
375 1589 244 33 centralkassor
642 1591 55 32 för
719 1590 297 41 jordbrukskredit
1039 1595 71 29 mot
1134 1592 157 33 säkerhet
1314 1604 43 22 av
1380 1594 222 32 kommunala

105 1641 79 33 eller
215 1642 140 32 därmed
387 1643 173 32 likställda
593 1643 234 42 obligationer,
862 1645 376 41 industriobligationer
1262 1647 77 32 eller
1363 1648 237 41 inteckningar

107 1696 85 32 skall
218 1699 121 29 räntan
363 1696 107 43 enligt
494 1697 110 32 beslut
628 1708 42 22 av
695 1698 219 42 fullmäktige
940 1698 65 33 den
1030 1700 40 31 28
1096 1700 69 40 maj
1187 1701 82 31 1941
1290 1703 118 39 utgöra
1426 1702 19 31 3
1462 1704 138 39 procent

106 1754 86 28 även
225 1751 55 31 för
311 1750 56 32 lån
400 1752 45 39 på
478 1750 115 42 längre
623 1751 50 32 tid
701 1757 43 26 än
769 1755 48 28 tre
842 1752 173 33 månader.
1063 1753 123 32 Denna
1210 1757 164 29 räntesats
1398 1757 57 30 må
1480 1755 118 32 beträf-

105 1803 104 32 fande
241 1803 275 42 inteckningslån
544 1804 173 42 tillämpas
742 1805 108 32 under
873 1806 257 42 förutsättning,
1156 1810 50 29 att
1229 1807 243 43 inteckningen
1494 1809 106 41 ligger

105 1856 94 32 inom
224 1858 43 31 50
290 1860 140 38 procent
454 1868 42 22 av
520 1858 180 41 fastighets
724 1859 287 41 taxeringsvärde.

150 1910 183 42 Samtidigt
348 1910 130 33 beslöto
495 1911 217 42 fullmäktige
729 1915 59 35 att,
801 1912 106 41 enligt
920 1912 229 33 direktionens
1163 1919 155 28 närmare
1330 1914 267 41 bestämmande,

105 1966 122 29 räntan
252 1965 18 30 å
294 1964 56 31 lån
374 1964 52 31 till
449 1964 319 42 inteckningsbolag
787 1970 162 27 ävensom
968 1966 50 31 till
1035 1966 90 32 vissa
1141 1967 179 41 hypoteks-
1338 1968 62 32 och
1418 1971 180 30 tomträtts-

105 2017 118 32 kassor
251 2020 71 29 mot
350 2018 157 31 säkerhet
535 2029 41 21 av
604 2019 239 41 inteckningar
871 2019 94 32 inom
995 2021 43 30 50
1065 2025 25 28 4
1124 2031 43 22 av
1197 2021 293 42 taxeringsvärdet
1519 2022 79 32 tills-

105 2070 117 33 vidare
246 2071 108 31 skulle
379 2074 120 39 utgöra
524 2069 66 41 3!/2
619 2077 39 29 4.

150 2124 197 33 Sedermera
371 2126 90 32 hava
484 2125 217 42 fullmäktige
719 2126 65 33 den
802 2129 19 30 2
839 2127 141 32 oktober
999 2128 81 31 1941
1099 2127 148 33 beslutat
1263 2129 106 32 sänka
1385 2129 212 33 sistnämnda

105 2180 165 29 räntesats
294 2178 50 31 till
368 2179 18 31 3
417 2183 39 29 4.

814 2231 21 42 8
859 2235 29 30 5.

148 2284 67 32 För
239 2285 220 41 finansiering
483 2296 42 22 av
545 2287 439 32 reservförrådsnämndens
1001 2288 217 31 verksamhet
1235 2288 61 32 har
1312 2289 180 41 riksdagen
1511 2290 86 31 med-

103 2337 95 41 givit,
223 2341 48 28 att
295 2341 45 28 ett
364 2338 230 41 sammanlagt
617 2339 124 41 belopp
766 2351 40 20 av
828 2341 66 31 420
912 2340 157 40 miljoner
1085 2341 126 31 kronor
1227 2342 88 40 finge
1332 2352 42 22 av
1391 2342 205 32 riksbanken

104 2390 116 32 ställas
245 2390 50 32 till
319 2392 213 40 förfogande.
568 2393 51 31 Av
645 2392 92 32 detta
754 2393 122 41 belopp
893 2393 62 32 har
972 2393 229 42 sammanlagt
1218 2396 64 30 280
1299 2395 159 40 miljoner
1474 2395 123 33 kronor

104 2443 102 41 tagits
237 2444 10 31 i
279 2445 146 40 anspråk
458 2448 71 28 mot
559 2445 342 41 riksgäldskontorets
932 2446 207 32 förbindelse
1170 2450 48 28 att
1246 2447 56 32 vid
1328 2448 184 32 anfordran
1538 2449 59 32 till-

103 2497 209 32 handahålla
335 2498 377 33 skattkammarväxlar.

152 2567 19 33 !)
191 2569 183 32 Sänkningen
394 2577 36 18 av
450 2570 234 26 växeldiskontot
704 2570 107 26 skedde
832 2571 87 26 redan
941 2571 32 25 fr.
996 2579 24 18 o.
1041 2579 36 17 m.
1098 2571 55 26 den
1173 2571 35 26 29
1228 2571 56 33 maj
1305 2572 77 26 1941.
