2208 2638
419 198 37 28 14
937 199 228 28 Statsutskottets
1195 199 153 28 Utlåtande
1372 199 56 28 N:o
1452 201 47 27 64.

416 273 101 37 hvad
544 273 398 48 departementschefen
970 274 94 38 hade
1091 276 54 45 sig
1163 276 146 43 bekant,
1327 275 181 36 bestridas
1526 275 83 36 från
1627 275 393 49 manufakturförlags-

416 324 226 37 lånefonden
670 332 96 41 samt
792 325 164 36 handels-
983 327 68 34 och
1079 325 297 47 sjöfartsfonden,
1404 332 90 30 utan
1522 332 54 30 att
1602 326 118 36 andra
1746 327 141 47 vigtiga
1910 327 109 35 ända-

416 375 86 44 mål,
538 389 79 22 som
652 376 85 35 med
772 376 102 36 dessa
908 375 131 37 fonder
1065 376 271 48 tillgodosåges,
1364 376 113 47 derpå
1503 377 120 36 skulle
1649 377 118 37 blifva
1793 377 157 36 lidande.
2003 378 15 35 I

416 427 118 34 likhet
568 426 84 36 med
688 427 164 35 komitén
889 426 131 47 ansåge
1055 426 108 38 äfven
1200 426 414 49 departementschefen,
1642 434 55 30 att
1726 428 121 46 någon
1875 429 144 47 garanti

417 476 116 37 borde
563 477 89 35 söka
678 477 186 36 anskaffas
890 477 59 37 för
975 478 244 36 betäckandet
1246 478 46 48 på
1320 479 144 35 enskild
1490 485 71 40 väg
1588 477 41 37 af
1646 479 55 35 till
1720 478 189 49 äfventyrs
1929 490 90 37 upp-

415 528 223 36 kommande
665 528 100 36 brist.

516 678 83 37 Med
636 678 202 47 anledning
872 678 41 37 af
943 679 133 49 Kongl.
1111 680 120 48 Maj:ts
1267 679 111 38 ofvan
1414 679 246 37 omförmälda
1694 681 230 48 proposition
1952 681 67 35 har

418 730 55 34 uti
502 743 44 23 en
572 730 101 35 inom
701 729 130 36 Andra
858 729 220 38 Kammaren
1106 732 111 35 väckt
1242 732 142 35 motion
1403 729 74 48 (n:o
1502 732 83 42 174)
1604 732 85 35 herr
1709 733 40 36 O.
1771 732 51 35 M.
1843 732 175 47 Höglund

414 779 94 37 efter
536 793 43 23 en
606 787 170 29 närmare
802 781 230 46 motivering,
1059 782 57 35 till
1143 782 150 36 hvilken
1320 783 180 35 utskottet
1525 781 136 37 tillåter
1687 783 56 46 sig
1769 783 162 42 hänvisa,
1959 795 60 22 an-

415 830 85 45 fört,
535 836 54 30 att
623 832 231 35 motionären
890 845 113 32 gerna
1037 832 95 46 såge,
1168 845 60 23 om
1265 833 69 36 den
1367 832 208 47 föreslagna
1601 833 125 36 konst-
1753 833 69 36 och
1850 832 169 36 industri-

415 882 266 46 utställningen
717 882 147 36 komme
899 883 57 35 till
991 882 117 45 stånd,
1145 883 70 35 och
1250 882 132 48 ansåge
1416 884 222 44 densamma,
1674 890 74 30 rätt
1779 883 151 44 ordnad,
1958 885 60 34 väl

415 931 92 37 värd
544 931 44 37 de
624 932 151 36 dermed
807 931 246 49 förknippade
1088 933 269 49 uppoffringar,
1392 947 85 23 men
1514 940 52 30 att
1597 935 232 36 motionären
1856 934 21 35 å
1904 934 115 36 andra

415 982 105 36 sidan
545 983 197 47 omöjligen
770 983 123 37 kunde
920 984 89 46 gilla
1036 983 132 49 Kongl.
1195 984 119 49 Maj:ts
1342 984 137 48 förslag
1507 998 59 22 om
1593 985 210 37 beredande
1830 984 39 36 af
1895 999 44 22 en
1959 985 59 35 del

414 1033 41 35 af
491 1033 45 36 de
575 1033 241 48 erforderliga
855 1034 144 36 medlen
1040 1047 134 34 genom
1213 1036 209 36 inrättande
1458 1035 40 36 af
1528 1040 51 31 ett
1605 1036 239 44 klasslotteri;
1871 1035 147 37 hvadan

414 1085 230 36 motionären
673 1085 181 44 hemstält,
881 1090 54 31 att
962 1085 220 46 Riksdagen,
1205 1085 85 37 med
1309 1086 118 47 afslag
1446 1086 21 36 å
1485 1086 132 47 Kongl.
1636 1087 119 48 Maj:ts
1775 1086 244 49 nyssberörda

414 1135 229 44 hemställan,
682 1134 125 46 måtte,
846 1135 118 36 såsom
1004 1135 133 47 bidrag
1176 1137 56 35 till
1268 1136 236 38 bestridande
1541 1136 40 37 af
1614 1138 249 36 kostnaderna
1888 1137 58 36 för
1973 1150 43 23 en

413 1186 139 34 allmän
579 1186 125 35 konst-
731 1186 66 35 och
824 1185 380 50 industriutställning
1230 1187 13 36 i
1270 1186 215 37 Stockholm
1513 1187 41 36 år
1583 1191 106 42 1897,
1710 1194 101 30 utom
1830 1187 41 37 af
1885 1187 132 48 Kongl.

411 1235 103 48 Maj:t
548 1236 48 48 på
631 1241 105 31 extra
771 1241 71 31 stat
872 1235 59 38 för
957 1236 39 36 år
1026 1240 93 34 1896
1148 1237 162 46 begärda
1337 1241 157 41 300,000
1522 1239 149 44 kronor,
1698 1239 135 46 bevilja
1862 1241 155 41 500,000

412 1287 148 42 kronor,
594 1287 90 35 eller
719 1287 62 36 det
815 1288 145 46 belopp,
996 1301 78 22 som
1110 1289 270 36 statsutskottet
1418 1288 177 48 pröfvade
1630 1288 59 37 för
1724 1289 210 36 ändamålet
1966 1302 52 23 er-

412 1335 206 50 forderligt,
659 1343 54 30 att
752 1338 90 46 utgå
880 1338 46 48 på
966 1344 104 31 extra
1110 1344 72 31 stat
1217 1339 118 36 under
1370 1340 127 46 loppet
1531 1339 41 37 af
1596 1346 53 30 ett
1675 1341 89 36 eller
1790 1340 89 36 flera
1906 1340 112 46 derpå

411 1387 165 48 följande
602 1388 49 36 år.

514 1539 51 36 På
603 1540 123 45 grund
767 1540 41 36 af
845 1541 96 36 hvad
981 1542 57 35 till
1065 1541 405 49 statsrådsprotokollet
1496 1541 123 37 blifvit
1646 1541 158 45 anfördt,
1832 1554 106 24 anser
1964 1548 53 30 ut-

413 1590 138 36 skottet
590 1591 70 35 den
701 1590 215 49 ifrågasatta
954 1592 122 36 konst-
1116 1593 67 36 och
1216 1592 427 48 industriutställningen
1675 1606 89 23 vara
1795 1592 40 36 af
1863 1592 70 37 den
1960 1593 57 36 be-

412 1640 142 48 tydelse
593 1640 59 37 för
678 1641 82 37 vårt
798 1642 99 45 land,
937 1648 53 30 att
1028 1642 58 37 för
1126 1643 80 36 dess
1243 1643 326 37 åstadkommande
1609 1643 132 49 bidrag
1768 1643 40 36 af
1831 1644 186 36 allmänna

413 1691 120 36 medel
560 1692 68 36 bör
654 1691 41 37 af
709 1692 211 47 Riksdagen
943 1694 162 47 beviljas.
1145 1694 127 46 Enligt
1290 1695 98 36 hvad
1407 1694 109 37 ofvan
1537 1695 213 44 meddelats,
1769 1695 67 36 har
1854 1695 163 47 departe-

413 1742 247 37 mentschefen
689 1743 61 35 vid
780 1744 166 35 ärendets
973 1742 265 51 föredragning
1264 1744 99 37 inför
1390 1745 132 46 Kongl.
1544 1745 103 48 Maj:t
1665 1745 142 45 antydt,
1826 1751 55 30 att
1898 1745 119 36 medel

411 1793 58 35 till
510 1806 44 22 en
594 1793 59 36 del
685 1793 41 36 af
748 1794 247 36 kostnaderna
1024 1794 59 37 för
1109 1796 267 47 utställningen
1403 1796 119 36 skulle
1548 1797 129 35 kunna
1704 1796 152 36 beredas
1883 1809 132 34 genom

413 1843 232 37 anställande
685 1843 42 37 af
758 1850 52 31 ett
848 1845 232 36 klasslotteri.
1132 1845 58 36 Då
1222 1852 52 30 ett
1306 1847 134 44 lotteri,
1467 1846 174 37 särskildt
1667 1847 13 36 i
1707 1846 70 37 den
1804 1846 106 46 form,
1937 1859 79 24 som

411 1907 52 23 nu
504 1893 41 36 af
581 1894 399 48 departementschefen
1021 1895 195 46 förordats,
1243 1897 104 36 torde
1373 1897 128 36 kunna
1527 1897 168 37 medföra
1721 1897 167 48 skadliga
1914 1898 103 36 verk-

411 1945 142 47 ningar,
580 1946 110 48 hyser
716 1946 188 45 utskottet,
931 1947 76 36 lika
1032 1947 85 36 med
1143 1948 241 44 motionären,
1411 1948 296 47 betänkligheter
1733 1955 78 29 mot
1829 1949 187 36 anlitande

409 1995 41 36 af
488 1996 120 36 denna
648 2001 116 44 utväg
802 1996 58 37 för
899 1997 329 38 åstadkommande
1267 1997 40 37 af
1343 1999 202 47 tillgångar
1579 2000 57 35 till
1663 1999 268 36 kostnadernas
1959 2000 56 36 be-

409 2046 190 36 täckande.
652 2047 198 45 Utskottet,
878 2061 79 23 som
983 2048 155 37 sålunda
1166 2062 106 23 anser
1299 2049 210 45 önskvärdt,
1537 2055 54 30 att
1618 2049 257 37 anordnandet
1901 2049 40 37 af
1964 2056 52 29 ett

409 2097 123 36 lotteri
572 2097 57 36 för
669 2097 283 48 ifrågavarande
991 2099 172 37 ändamål
1191 2099 123 46 måtte,
1342 2100 121 36 såvidt
1488 2101 154 46 möjligt,
1669 2101 128 35 kunna
1824 2100 191 44 undvikas,

410 2147 73 35 kan
513 2149 204 35 emellertid
749 2150 79 35 icke
867 2149 145 37 biträda
1038 2151 250 35 motionärens
1315 2150 147 47 förslag,
1490 2156 55 31 att
1571 2151 209 46 Riksdagen
1814 2151 117 36 skulle
1957 2151 58 35 för

409 2198 264 46 utställningen
702 2200 126 36 anvisa
855 2201 128 45 anslag
1009 2200 146 37 utöfver
1181 2201 62 36 det
1272 2201 142 48 belopp,
1443 2215 76 23 som
1547 2201 40 37 af
1611 2201 133 47 Kongl.
1764 2201 101 48 Maj:t
1884 2202 129 35 äskats.

413 2247 143 38 Genom
584 2248 61 37 det
672 2249 40 36 af
737 2249 133 49 Kongl.
896 2250 101 47 Maj:t
1023 2251 162 48 begärda
1211 2252 129 48 anslag
1367 2252 67 36 och
1462 2253 45 36 de
1533 2253 209 47 tillgångar,
1770 2266 78 23 som
1875 2253 8 34 i
1905 2251 110 49 öfrigt
