2210 2638
413 203 37 30 18
944 204 228 29 Stalsutskotlets
1201 204 154 29 Utlåtande
1378 205 56 29 N:o
1458 207 48 27 64.

1083 795 108 50 N:o
1225 796 96 48 65.

1069 955 72 26 Ank.
1162 955 41 26 till
1223 954 94 26 Riksd.
1337 954 90 26 kansli
1447 953 51 26 den
1517 953 33 26 26
1568 953 70 34 april
1659 952 73 32 1895,
1750 952 37 26 kl.
1806 952 16 25 5
1840 963 20 15 e.
1880 962 32 16 m.

613 1092 206 46 Utlåtande,
847 1093 14 35 i
887 1093 208 48 anledning.
1109 1093 48 48 af
1173 1093 126 48 Kongl.
1317 1093 127 48 Maj:ts
1459 1091 223 49 proposition
1703 1104 55 23 om
1778 1091 235 36 anordnande

808 1160 46 49 af
876 1161 118 48 bageri
1021 1161 61 35 och
1111 1160 162 49 bryggeri
1298 1161 61 35 vid
1394 1159 110 49 Vexjö
1529 1159 165 48 hospital.

1637 1241 120 47 (2:dra
1783 1242 43 37 U.
1854 1240 58 48 A.)

507 1397 64 36 Uti
606 1410 45 23 en
686 1398 58 35 till
779 1397 270 36 statsutskottet
1083 1396 213 37 remitterad
1332 1396 231 48 proposition
1591 1393 71 48 (n:o
1691 1392 63 48 47)
1787 1395 67 35 har
1881 1394 132 46 Kongl.

407 1448 111 47 Maj:t,
545 1448 119 36 under
691 1448 233 47 åberopande
952 1447 40 36 af
1014 1449 278 45 propositionen
1319 1447 144 46 bilagdt
1490 1447 134 47 utdrag
1651 1445 40 37 af
1714 1445 299 46 statsrådsproto-

406 1500 116 35 kollet
549 1497 102 38 öfver
679 1498 387 37 ecklesiastikärenden
1094 1498 59 36 för
1179 1498 70 37 den
1279 1501 44 33 22
1351 1497 185 37 nästlidne
1563 1510 108 32 mars,
1698 1496 189 46 föreslagit
1912 1496 101 36 Riks-

407 1550 118 46 dagen
566 1555 54 30 att
659 1549 59 36 för
757 1549 232 49 uppförande
1028 1550 68 35 och
1135 1549 203 39 inredande
1377 1548 41 36 af
1455 1562 44 23 en
1536 1547 189 49 byggnad,
1753 1546 259 50 inrymmande

407 1601 127 46 bageri
561 1601 67 35 och
656 1601 184 48 bryggeri,
867 1600 64 37 vid
958 1600 121 48 Vexjö
1116 1601 161 46 hospital
1303 1599 46 49 på
1377 1604 105 32 extra
1509 1604 72 30 stat
1608 1598 59 36 för
1694 1598 40 36 år
1764 1600 92 35 1896
1886 1598 127 36 anvisa

406 1657 53 30 ett
485 1652 135 47 belopp
649 1651 41 36 af
715 1654 130 41 21,300
872 1652 148 34 kronor.

507 1702 73 35 Till
607 1701 208 47 åberopade
848 1702 404 46 statsrådsprotokollet
1286 1702 67 35 har
1389 1698 401 49 departementschefen
1817 1699 195 44 meddelat,

407 1758 54 30 att
487 1753 377 48 medicinalstyrelsen
892 1753 12 35 i
932 1752 189 36 skrifvelse
1148 1753 58 35 till
1233 1752 134 46 Kongl.
1396 1751 101 46 Maj:t
1524 1751 69 36 den
1625 1755 40 32 11
1697 1751 13 35 i
1737 1749 276 37 ofvannämnda

405 1803 136 36 månad
579 1804 98 46 gjort
717 1803 274 48 framställning
1029 1816 61 22 om
1128 1802 241 36 anordnande
1409 1801 40 37 af
1486 1802 124 45 bageri
1645 1802 68 35 och
1749 1801 173 49 bryggeri
1949 1801 63 36 vid

406 1853 122 49 Vexjö
555 1854 161 48 hospital
744 1854 67 36 och
838 1854 85 36 med
950 1853 169 37 afseende
1146 1853 90 36 härå
1263 1852 122 37 anfört
1410 1852 177 49 följande:

507 1904 56 36 Då
603 1904 45 37 de
687 1905 104 36 flesta
830 1906 183 46 patienter
1046 1904 21 36 å
1102 1909 137 31 statens
1279 1904 178 36 anstalter
1487 1902 58 37 för
1582 1902 229 48 sinnessjuke
1837 1901 96 37 hade
1960 1915 52 23 ar-

405 1956 144 36 betares
584 1955 263 37 lefnadsvanor
882 1956 69 36 och
986 1957 13 34 i
1034 1955 377 36 öfverensstämmelse
1446 1954 149 36 dermed
1622 1953 215 47 begagnade
1863 1953 150 44 mycket

405 2006 94 36 bröd
526 2007 58 35 till
611 2007 80 35 sina
718 2006 179 45 måltider,
937 2007 149 48 inginge
1113 2005 109 37 också
1247 2005 92 37 bröd
1367 2006 59 35 till
1453 2005 182 47 väsentlig
1662 2004 59 36 del
1749 2005 11 34 i
1786 2003 225 47 hospitalens

405 2057 68 35 och
511 2058 188 48 asylernas
738 2056 246 49 spisordning.
1035 2057 72 36 För
1146 2062 55 30 att
1240 2056 139 37 erhålla
1419 2055 93 37 bröd
1544 2056 59 35 till
1629 2054 235 47 någorlunda
1890 2055 122 44 billigt

404 2108 77 46 pris
517 2108 67 35 och
621 2107 110 38 äfven
766 2109 12 35 i
814 2108 101 36 detta
946 2107 208 37 hänseende
1180 2107 39 36 så
1245 2108 149 47 mycket
1420 2119 78 24 som
1525 2107 147 47 möjligt
1699 2106 179 45 begränsa
1904 2104 108 46 utgif-

403 2165 108 28 terna
536 2157 59 36 för
621 2159 216 48 hospitalets
864 2158 206 43 underhåll,
1098 2158 221 36 förrättades
1339 2157 21 37 å
1378 2158 227 35 anstalterna
1623 2155 48 49 på
1688 2155 235 37 föreskrifvet
1941 2160 72 30 sätt

405 2210 373 44 leveransauktioner,
814 2209 67 36 och
916 2208 195 47 pröfvades
1147 2209 45 36 de
1228 2208 129 37 dervid
1392 2207 141 49 afgifna
1563 2207 175 36 anbuden
1764 2211 185 41 noggrant
1975 2204 41 36 af

404 2259 384 49 medicinalstyrelsen.
840 2260 72 36 Det
951 2260 154 36 oaktadt
1144 2259 94 36 hade
1274 2259 20 35 å
1330 2265 53 29 ett
1418 2259 67 35 och
1522 2264 113 30 annat
1672 2258 168 47 hospital,
1868 2257 145 46 beläget
