2250 2630
742 206 237 34 Statsutskottets
1006 207 166 33 Utlåtande
1194 207 66 33 N:o
1282 209 54 31 42.
1785 206 18 31 1

937 716 93 39 N:o
1057 715 85 42 42.

897 869 76 28 Ank.
998 869 45 28 till
1067 868 103 29 Riksd.
1196 869 97 28 kansli
1318 869 56 28 den
1398 870 17 28 2
1440 869 75 38 april
1540 869 90 34 1897,
1654 869 39 28 kl.
1719 869 18 28 7
1760 878 23 19 e.
1808 878 37 19 m.

445 1013 206 45 Utlåtande,
689 1013 14 35 i
743 1013 201 47 anledning
985 1014 47 44 af
1068 1013 134 48 Kongl.
1245 1013 126 48 Maj:ts
1404 1014 226 47 proposition
1659 1013 185 48 angående

640 1081 162 47 ändring
829 1081 14 35 1
863 1081 308 35 bestämmelserna
1190 1081 157 35 rörande
1365 1087 45 30 ett
1434 1080 410 37 Uddevalla—Veners-

640 1144 125 57 borg—
778 1144 225 57 Herrljunga
1025 1148 375 49 jernvägsaktiebolag
1428 1148 171 48 beviljadt
1625 1148 166 36 statslän.

1563 1245 57 49 (B.
1649 1246 60 49 A.)

372 1349 18 36 I
429 1348 240 50 proposition
710 1348 42 37 af
788 1349 75 36 den
906 1351 44 33 12
992 1348 174 37 sistlidne
1210 1348 170 37 februari
1410 1345 74 50 (n:o
1512 1346 61 49 43)
1602 1349 71 36 har
1699 1349 142 49 Kongl.

241 1399 107 48 Maj:t
374 1399 202 48 föreslagit
603 1399 225 48 Riksdagen
856 1398 209 49 medgifva,

373 1451 74 36 dels
475 1455 55 31 att
557 1449 66 37 det
650 1450 243 49 lånebelopp,
918 1463 82 23 som
1021 1450 41 36 af
1078 1449 65 37 det
1161 1449 681 49 Uddevalla—Venersborg
1695 1445 150 58 —Herr-

239 1500 134 48 ljunga
407 1500 416 50 jernvägsaktiebolag
863 1501 101 36 förut
1004 1499 190 50 beviljade
1237 1500 160 37 statslån
1425 1500 65 37 vid
1518 1500 117 37 slutet
1663 1501 43 36 af
1730 1501 106 37 inne-

240 1550 164 38 varande
446 1555 41 33 år
524 1565 92 22 vore
654 1551 170 49 oguldet,
851 1551 103 48 finge
982 1564 141 35 genom
1151 1556 86 43 nytt
1264 1550 313 48 låneunderstöd,
1605 1557 56 31 att
1689 1552 152 37 anvisas

239 1601 58 37 till
336 1601 192 49 utgående
568 1601 85 37 från
681 1602 388 48 riksgäldskontoret,
1098 1602 109 46 höjas
1236 1601 56 36 till
1321 1601 115 48 högst
1462 1605 65 33 två
1555 1602 190 37 millioner
1772 1615 70 24 sex

239 1651 149 37 hundra
427 1658 113 30 tusen
578 1653 155 46 kronor,
760 1652 124 37 under
910 1652 189 37 förbehåll
1127 1657 55 31 att
1208 1652 160 47 bolaget
1395 1652 66 36 vid
1489 1652 260 37 innevarande
1778 1656 61 34 års

241 1702 76 36 slut
355 1702 58 36 till
439 1702 378 49 riksgäldskontoret
843 1702 217 37 inbetalade
1089 1702 50 37 all
1165 1702 200 49 upplupen
1393 1716 28 23 s.
1453 1703 35 35 k.
1518 1703 222 36 öfverränta
1768 1704 73 36 och

240 1758 55 31 att
322 1753 65 36 det
413 1766 76 36 nya
515 1753 355 46 låneunderstödet,
899 1766 82 23 som
1010 1753 83 36 icke
1127 1753 102 47 finge
1260 1752 209 48 öfverstiga
1498 1755 161 45 620,000
1687 1753 154 47 kronor,

240 1803 194 36 användes
475 1802 59 38 för
567 1803 239 49 jernvägens
835 1803 247 48 ombyggnad
1109 1802 58 37 till
1207 1802 282 50 normalspårig
1515 1803 13 36 i
1556 1803 171 48 enlighet
1755 1804 86 36 med

240 1854 42 36 af
305 1853 138 48 Kongl.
473 1853 106 48 Maj:t
607 1853 282 37 ofvannämnda
918 1853 77 48 dag
1022 1853 176 37 faststäld
1227 1853 101 49 plan,
1357 1853 198 37 äfvensom
1575 1854 124 36 under
1718 1854 124 37 vilkor

238 1904 11 36 i
278 1904 116 47 öfrigt
435 1912 52 29 att
528 1905 82 35 från
651 1904 73 37 och
752 1905 87 36 med
871 1906 90 35 1898
990 1904 149 37 erlades
1164 1917 46 23 en
1241 1903 175 37 annuitet
1443 1904 41 37 af
1507 1904 76 37 fem
1612 1910 164 44 procent
1803 1905 42 36 af

240 1954 87 36 hela
354 1954 283 50 lånebeloppet,
666 1955 112 36 deraf
802 1955 98 36 först
927 1955 238 36 beräknades
1188 1954 84 48 fyra
1299 1960 163 43 procent
1488 1960 108 31 ränta
1625 1959 20 32 å
1674 1955 167 48 oguldna

239 2005 185 48 kapitalet
464 2005 73 36 och
578 2005 224 36 återstoden
842 2004 179 49 utgjorde
1063 2005 399 48 kapitalafbetalning,
1491 2013 63 38 att,
1583 2019 60 23 om
1673 2005 168 37 förfallet

238 2055 404 48 inbetalningsbelopp
671 2056 32 46 ej
735 2055 148 36 erlades
910 2056 12 35 1
950 2054 256 37 föreskrifven
1235 2055 175 47 ordning,
1440 2055 92 36 derå
1559 2055 125 36 skulle
1704 2055 135 48 gäldas

239 2109 108 32 ränta
376 2105 97 35 efter
501 2118 67 23 sex
597 2105 59 35 för
683 2105 149 36 hundra
861 2105 157 47 årligen,
1046 2105 57 35 till
1131 2105 89 36 dess
1250 2118 145 23 samma
1418 2105 144 48 belopp
1582 2105 256 46 inbetalades,

238 2163 94 28 samt
359 2163 51 28 att
437 2155 155 48 bolaget
620 2155 123 36 skulle
773 2154 114 37 hafva
913 2155 82 36 före
1024 2154 259 37 innevarande
1305 2158 60 33 års
1384 2158 148 45 utgång
1550 2155 58 36 till
1627 2155 212 48 riksgälds-

239 2205 179 36 kontoret
446 2205 178 36 aflemnat
653 2205 34 48 ej
717 2205 146 36 mindre
893 2204 164 37 särskild
1097 2205 438 36 säkerhetsförbindelse
1565 2205 58 37 för
1649 2206 189 47 behöriga

239 2255 269 37 användandet
548 2255 41 37 af
625 2255 64 37 det
728 2269 76 35 nya
843 2255 285 49 lånebeloppet,
1170 2260 47 32 än
1258 2254 113 37 äfven
1412 2255 11 36 i
1463 2255 135 48 utbyte
1641 2261 81 31 mot
1762 2256 74 36 den

323 2311 71 32 Bih.
419 2312 46 31 till
487 2311 110 32 Riksd.
623 2311 84 32 Prot.
731 2315 99 28 1897.
877 2314 19 28 4
922 2311 96 32 Samil.
1044 2315 16 27 1
1086 2312 77 40 Afd.
1190 2315 45 28 30
1258 2311 91 39 Häft.
1376 2312 75 38 (N:o
1474 2313 70 38 42.)
1783 2313 9 28 |
