1940 2788
271 175 18 27 4
474 176 187 30 Allmänna
679 178 397 39 beredningsutskottets
1096 179 177 29 utlåtande
1291 189 42 19 nr
1350 179 40 29 46
1408 180 38 29 år
1464 179 84 30 1966

271 256 138 29 elkraft.
430 257 197 29 Eventuellt
647 258 176 29 överskott
844 268 42 19 av
905 258 127 30 elkraft
1053 259 71 28 kan
1144 259 44 29 då
1207 261 112 27 matas
1340 260 36 28 in
1397 259 44 39 på
1461 260 41 29 de
1523 259 231 39 överförings-

272 300 180 39 ledningar
472 302 78 28 med
571 302 94 28 vilka
686 301 193 30 kraftnätet
899 303 95 28 inom
1014 303 158 29 området
1193 304 38 28 är
1252 304 151 29 anslutet
1424 304 51 28 till
1495 304 172 29 riksnätet
1689 304 64 29 och

271 345 69 28 kan
369 345 131 29 således
529 346 99 29 alltid
656 346 255 39 tillgodogöras.
940 348 76 28 Med
1045 348 137 38 hänsyn
1211 348 117 29 härtill
1357 349 66 28 och
1449 349 51 28 till
1530 349 40 28 de
1600 349 153 38 ständigt

272 389 109 29 ökade
405 390 86 28 krav
516 399 75 19 som
616 391 97 28 ställs
736 391 45 38 på
805 391 358 39 kraftproduktionen
1188 393 127 28 saknas
1341 393 75 29 skäl
1442 395 49 27 att
1517 392 78 29 från
1622 394 131 28 statens

272 433 75 29 sida
362 434 139 39 vidtaga
517 434 170 38 åtgärder,
706 444 73 19 som
798 436 68 28 kan
884 436 105 29 verka
1006 436 238 29 återhållande
1262 437 43 38 på
1323 437 244 38 utbyggnaden
1585 446 41 20 av
1643 437 111 29 kraft-

272 478 213 29 värmeverk.

316 522 193 39 Självfallet
533 524 38 28 är
595 524 55 28 det
674 524 179 38 angeläget
877 526 48 27 att
949 525 245 38 utbyggnaden
1217 535 41 19 av
1282 525 302 30 värmekraftverk
1608 526 80 29 sker
1711 525 43 38 på

272 568 49 28 ett
345 567 174 29 rationellt
544 568 67 28 sätt
637 568 63 28 och
725 568 78 29 från
829 569 113 28 denna
967 570 180 38 synpunkt
1172 572 49 26 ter
1246 570 56 29 det
1328 570 50 38 sig
1403 570 168 38 naturligt
1594 572 51 27 att
1670 570 85 29 söka

272 611 109 38 skapa
404 611 113 39 någon
543 611 93 29 form
659 622 42 19 av
724 613 216 38 organiserat
965 613 194 29 samarbete
1184 614 44 38 på
1252 614 94 29 detta
1370 614 151 29 område.
1547 615 51 28 Av
1621 615 134 28 vatten-

271 655 322 39 kraftföreningens
617 657 160 38 yttrande
802 656 154 39 framgår
980 658 193 29 emellertid
1196 660 49 27 att
1270 660 46 27 ett
1341 659 195 38 betydande
1561 659 193 29 samarbete

272 700 108 29 redan
402 700 237 29 förekommer
660 701 9 28 i
693 701 100 29 dessa
816 701 127 39 frågor.
967 702 112 29 Sedan
1103 711 145 20 numera
1271 703 198 29 erfarenhet
1493 703 142 30 vunnits
1659 703 96 29 inom

272 744 117 29 landet
408 754 41 19 av
467 754 42 20 en
526 745 333 39 energiproduktion
879 747 9 27 i
908 746 311 34 kraftvärmeverk,
1238 747 60 29 bör
1317 750 48 26 ett
1384 748 157 38 frivilligt
1561 747 194 30 samarbete

272 798 42 19 av
338 789 93 29 detta
458 790 72 38 slag
555 790 107 38 enligt
688 790 138 38 kollegii
852 790 140 39 mening
1017 800 83 19 vara
1126 791 182 39 tillfyllest.
1336 792 108 29 Såvitt
1470 792 189 38 kollegium
1685 792 70 28 kan

271 833 147 29 bedöma
435 834 37 28 är
490 834 57 29 det
566 834 112 29 bättre
696 836 49 27 att
763 834 62 29 lita
842 835 51 28 till
912 837 48 27 ett
977 835 160 38 frivilligt
1156 836 138 29 samråd
1312 836 57 29 vid
1388 836 157 29 lösandet
1565 846 41 19 av
1624 837 41 28 de
1683 836 73 29 tek-

274 878 100 28 niska
390 878 65 29 och
470 879 229 28 ekonomiska
716 879 170 38 spörsmål
905 888 73 20 som
994 880 233 38 uppkommer
1244 881 43 28 än
1303 881 51 28 till
1372 883 49 27 att
1439 882 112 28 staten
1569 881 88 30 skall
1674 881 81 38 påta

273 922 50 38 sig
344 925 161 26 ansvaret
527 922 54 29 för
603 923 67 29 den
690 923 229 29 ekonomiska
940 923 257 40 bedömningen
1217 925 95 28 inom
1335 934 120 20 ramen
1477 925 54 29 för
1553 927 47 27 ett
1624 925 131 38 statligt

273 966 375 30 samrådsförfarande.
663 967 126 30 Vidare
802 967 62 29 bör
878 968 252 39 understrykas
1144 971 50 27 att
1209 969 40 28 de
1263 969 154 38 problem
1433 979 74 19 som
1522 970 63 29 här
1599 969 157 29 anmäler

273 1011 50 38 sig
344 1010 109 30 måste
474 1012 10 28 i
505 1012 143 28 särskilt
669 1012 66 38 hög
755 1012 85 38 grad
861 1013 169 37 granskas
1052 1013 79 29 med
1152 1013 195 30 beaktande
1367 1023 42 20 av
1429 1014 116 29 lokala
1566 1014 189 29 förhållan-

273 1055 66 29 den
357 1055 63 29 och
438 1055 67 30 den
524 1056 132 29 snabba
674 1056 163 30 tekniska
855 1057 254 38 utvecklingen.
1129 1057 92 29 även
1239 1067 42 19 av
1299 1058 114 29 denna
1431 1059 189 38 anledning
1638 1058 117 29 ställer

274 1099 50 39 sig
348 1099 189 40 kollegium
564 1101 171 28 tveksamt
762 1101 51 29 till
840 1101 129 29 tanken
995 1101 45 39 på
1065 1111 43 20 en
1134 1103 130 28 central
1291 1103 383 38 samordningsinstans
1702 1102 53 29 för

273 1143 311 30 kraftvärmeverk.

317 1189 52 28 En
385 1197 115 20 annan
518 1188 100 39 fråga
635 1198 72 20 som
724 1190 111 29 möter
852 1190 9 28 i
879 1190 93 29 detta
988 1191 255 38 sammanhang
1259 1191 38 28 är
1314 1191 174 29 huruvida
1505 1192 56 29 det
1578 1192 178 29 allmänna

272 1232 229 30 ekonomiska
520 1233 91 39 läget
631 1234 123 29 kräver
773 1243 44 20 en
835 1234 153 29 kontroll
1007 1235 81 28 över
1107 1235 299 38 investeringarna
1426 1236 45 38 på
1489 1236 96 30 detta
1604 1235 151 30 område.

272 1277 122 29 Denna
417 1276 98 40 fråga
538 1278 62 28 bör
623 1278 191 29 emellertid
838 1279 106 38 enligt
967 1279 140 39 kollegii
1131 1279 140 38 mening
1294 1280 76 29 icke
1393 1280 165 30 bedömas
1582 1281 45 38 på
1650 1282 106 27 annat

274 1322 68 28 sätt
361 1322 44 28 än
425 1331 75 20 som
519 1322 80 29 sker
618 1322 221 30 beträffande
859 1323 252 39 investeringar
1131 1323 44 39 på
1195 1324 108 28 andra
1323 1324 177 29 områden.
1521 1325 12 28 I
1554 1325 202 28 nuvarande

273 1366 74 38 läge
370 1366 98 29 torde
491 1367 224 38 knappheten
739 1367 45 38 på
807 1367 152 29 krediter
983 1367 160 29 medföra
1167 1370 50 27 att
1241 1368 115 29 städer
1380 1369 65 28 och
1468 1369 211 28 kommuner
1701 1369 55 29 be-

274 1411 145 37 gränsar
440 1411 76 29 sina
537 1411 253 39 investeringar
813 1412 51 28 till
889 1412 130 29 sådana
1042 1412 140 38 projekt
1205 1421 74 20 som
1302 1413 38 28 är
1364 1412 38 29 så
1423 1413 197 29 lönsamma
1642 1415 49 28 att
1715 1414 41 29 de

273 1454 70 29 kan
362 1455 165 38 godtagas
547 1456 86 28 även
654 1455 77 29 från
752 1456 378 29 samhällsekonomisk
1151 1457 188 38 synpunkt.

318 1499 74 29 Vad
426 1499 171 29 beträffar
633 1500 40 28 de
708 1500 155 29 sanitära
898 1500 222 39 olägenheter
1155 1501 81 29 eller
1272 1501 151 29 fördelar
1460 1510 74 20 som
1570 1502 70 29 kan
1674 1511 82 20 vara

272 1543 233 39 förknippade
528 1544 80 28 med
630 1544 347 29 värmekraftverken
1000 1545 59 29 må
1083 1544 215 34 framhållas,
1323 1547 50 28 att
1398 1546 113 29 denna
1536 1545 99 40 fråga
1658 1546 98 29 torde

272 1587 145 29 beaktas
433 1588 57 29 vid
509 1588 69 29 den
596 1588 176 39 pågående
792 1589 230 38 utredningen
1043 1589 178 38 angående
1241 1590 244 34 immissioner,

317 1632 71 28 Mot
413 1632 231 39 bakgrunden
669 1642 41 19 av
735 1633 66 28 vad
827 1642 89 20 ovan
942 1633 135 29 anförts
1104 1643 102 19 anser
1232 1634 189 39 kollegium
1448 1636 50 28 att
1525 1635 55 29 det
1607 1644 47 19 nu
1680 1635 76 29 icke

275 1676 94 29 finns
393 1676 211 39 tillräckliga
628 1677 74 29 skäl
727 1677 54 28 för
805 1678 273 29 statsmakterna
1102 1679 51 28 att
1176 1678 71 29 låta
1271 1679 123 28 utreda
1419 1678 123 39 frågan
1566 1688 57 20 om
1647 1679 111 29 kraft-

272 1721 267 29 värmeverkens
561 1721 105 29 värde
687 1722 64 28 och
773 1721 179 30 formerna
973 1722 53 29 för
1048 1723 115 28 denna
1184 1722 346 39 produktionsforms
1552 1723 206 38 inpassning

274 1765 9 28 i
303 1765 65 29 den
388 1772 262 31 gemensamma
667 1765 390 40 energiförsörjningen.

320 1854 329 39 Vattenfallsverket
668 1854 101 30 anför
787 1855 45 29 bl.
852 1864 45 20 a.:

317 1925 268 39 Möjligheterna
615 1927 49 28 att
693 1926 205 29 kombinera
926 1927 233 28 värmebehov
1183 1927 80 29 med
1293 1927 246 38 elproduktion
1569 1928 63 29 har
1661 1928 10 29 i
1700 1928 56 29 de-

272 1970 140 29 cennier
441 1970 88 29 varit
561 1979 42 20 av
633 1970 147 30 intresse
810 1970 54 29 för
895 1970 386 39 kraftproducenterna.
1313 1971 280 30 Koncentrerade
1623 1973 133 28 värme-

272 2014 112 29 behov
411 2014 57 29 vid
496 2014 95 29 vissa
619 2014 425 39 tillverkningsprocesser
1072 2015 65 29 har
1166 2015 189 39 utnyttjats
1386 2015 53 29 för
1468 2016 247 39 elproduktion
1745 2017 10 28 i

274 2068 25 19 s.
329 2058 32 29 k.
392 2058 221 29 industriella
641 2058 458 39 mottrycksanläggningar.
1130 2060 74 28 Mer
1232 2059 184 39 utspridda
1444 2060 112 29 behov
1586 2060 55 29 för
1670 2069 86 30 upp-

271 2102 185 39 värmning
478 2112 43 20 av
541 2102 163 30 bostäder
727 2103 65 29 och
813 2103 250 29 arbetslokaler
1087 2104 9 28 i
1120 2104 146 29 tätorter
1288 2104 64 29 har
1376 2104 39 29 så
1437 2104 220 39 småningom
1681 2105 76 29 allt-

273 2156 75 20 mer
361 2147 221 29 samordnats
598 2155 123 31 genom
737 2147 439 39 fjärrvärmedistribution
1191 2148 65 29 och
1271 2148 144 30 därmed
1430 2149 136 29 kunnat
1582 2149 174 40 utnyttjas

272 2191 10 28 i
303 2191 313 29 kraftvärmeverk.
637 2191 100 39 Billig
758 2191 217 30 vattenkraft
996 2192 65 29 och
1082 2193 178 37 samtidigt
1282 2193 88 38 höga
1392 2193 254 39 bränslepriser
1666 2195 89 27 samt

272 2235 136 29 mindre
424 2236 186 29 utvecklad
625 2235 341 30 kraftvärmeteknik
981 2237 44 28 än
1041 2237 130 38 dagens
1187 2237 62 28 har
1266 2237 87 29 dock
1369 2237 147 39 tidigare
1531 2238 155 29 bromsat
1701 2247 56 20 ex-

272 2279 239 39 ploateringen
534 2289 42 19 av
599 2280 335 39 värmeunderlaget.

316 2324 70 29 När
404 2324 40 28 de
463 2324 230 29 ekonomiska
711 2324 342 39 förutsättningarna
1070 2325 78 29 blev
1166 2333 268 31 gynnsammare
1453 2326 55 29 för
1526 2326 231 29 kraftvärme-

272 2368 85 29 verk
377 2376 101 30 synes
499 2368 127 29 främst
647 2368 67 29 den
733 2368 79 30 med
833 2369 138 39 hänsyn
990 2369 52 29 till
1064 2369 116 29 lokala
1201 2369 243 30 förhållanden
1466 2370 182 30 maximalt
1668 2370 89 39 möj-

272 2412 69 38 liga
376 2412 343 39 utbyggnadstakten
755 2422 43 20 av
834 2413 273 39 fjärrvärmenät
1145 2414 65 29 och
1245 2414 430 39 abonnentanläggningar
1712 2414 46 30 ha

273 2456 152 30 dikterat
446 2457 255 38 utvecklingen.
724 2457 120 30 Skulle
864 2466 84 21 man
967 2459 23 28 t.
1014 2467 50 20 ex.
1088 2457 81 30 från
1190 2457 125 39 början
1336 2458 95 39 välja
1453 2468 42 20 en
1517 2459 80 29 med
1618 2458 139 40 hänsyn

271 2500 52 30 till
347 2501 79 29 hela
448 2501 57 29 det
529 2501 233 30 samkörande
785 2501 264 40 kraftsystemet
1073 2502 58 29 vid
1153 2502 293 39 mottryckskraft
1470 2503 144 39 optimal
1640 2511 118 31 aggre-
