1888 2794
604 118 263 30 Statsutskottets
891 115 166 29 utlåtande
1080 123 37 19 nr
1143 114 48 27 39.
1635 104 19 30 9

207 196 172 31 Utskottet
404 192 199 42 tillstyrker,
629 194 51 29 att
705 191 58 30 det
786 190 53 30 för
863 190 97 29 nästa
988 186 163 39 budgetår
1176 184 125 31 äskade
1326 182 155 39 anslaget
1506 180 144 31 anvisas.

150 247 125 42 Kungl.
297 246 101 41 Maj:t
417 246 63 31 bör
502 242 199 38 emellertid,
724 243 111 30 såsom
858 237 375 43 departementschefen
1254 235 171 35 förutsatt,
1447 234 63 39 äga
1530 232 50 30 att
1600 231 53 30 be-

152 300 90 31 sluta
272 309 54 21 om
355 295 260 44 igångsättande
647 305 40 20 av
718 291 257 42 ifrågavarande
1005 288 319 42 byggnadsarbeten
1355 286 11 29 i
1398 285 98 30 deras
1526 283 126 35 helhet,

151 352 117 31 oaktat
287 350 229 31 kostnaderna
536 348 133 30 komma
689 349 49 28 att
759 344 171 40 överstiga
951 343 57 30 det
1028 341 160 31 anvisade
1207 340 161 39 anslaget.

205 403 176 31 Utskottet
401 400 206 37 hemställer,

446 482 50 29 att
524 478 180 40 riksdagen
731 477 55 30 må
811 475 53 31 till
891 473 228 33 Anordnande
1146 482 42 22 av
1213 471 92 31 vissa
1331 465 324 40 drivmedelsförråd

404 533 53 30 för
481 530 202 41 budgetåret
709 527 135 32 1948/49
870 525 118 31 anvisa
1013 526 49 29 ett
1086 520 346 42 investeringsanslag
1456 528 40 20 av
1521 517 60 31 750
1595 517 60 29 000

403 584 134 30 kronor.

204 689 63 41 8:o)
300 688 203 32 Anordnande
533 695 35 22 av
598 684 362 32 artilleriammunitions-
984 682 57 30 och
1065 676 226 43 torpedförråd.
1327 676 126 41 Kungl.
1478 675 100 40 Maj:t
1600 673 60 31 har

156 738 178 41 föreslagit
350 737 182 41 riksdagen
555 733 119 43 (punkt
691 733 28 38 9,
739 743 24 20 s.
783 732 52 40 26)
859 733 51 29 att
926 730 55 31 till
998 727 257 43 ifrågavarande
1273 725 157 31 ändamål
1448 724 53 30 för
1518 723 139 40 budget-

155 793 71 29 året
249 790 134 31 1948/49
404 788 119 31 anvisa
544 789 47 30 ett
612 782 349 42 investeringsanslag
981 792 40 21 av
1041 781 61 30 300
1115 780 61 30 000
1196 779 132 30 kronor.

209 890 365 41 Marinförvaltningen
595 889 61 31 har
679 889 53 30 för
755 888 96 29 nästa
872 885 167 40 budgetår
1062 883 96 31 äskat
1179 881 111 31 medel
1312 880 53 31 för
1387 878 210 42 påbörjande
1620 887 39 20 av

156 949 49 28 ett
229 945 55 32 till
308 944 61 32 605
382 943 61 32 000
469 943 124 30 kronor
617 937 333 34 kostnadsberäknat
974 934 263 33 fullträffsäkert
1262 929 398 34 artilleriammunitions-

158 998 62 31 och
245 994 240 44 torpedförråd
511 996 44 39 på
580 992 186 32 ostkusten.
805 989 81 32 Med
911 989 134 40 hänsyn
1069 987 55 31 till
1149 987 51 30 att
1227 984 191 41 betydande
1446 982 150 31 fördelar
1622 991 40 20 ur

158 1049 93 32 såväl
276 1048 127 31 militär
428 1057 74 21 som
528 1044 199 32 ekonomisk
752 1041 173 42 synpunkt
949 1039 98 32 stode
1073 1040 51 30 att
1147 1038 103 30 vinna
1274 1045 121 32 genom
1421 1036 51 29 att
1495 1035 166 39 inrymma

159 1101 115 32 förråd
292 1101 53 31 för
363 1098 224 32 ammunition
607 1097 11 30 i
637 1094 250 33 fullträffsäkra
904 1093 284 40 bergutrymmen,
1208 1089 61 31 har
1288 1085 374 44 departementschefen

160 1155 111 29 ansett
289 1152 52 40 sig
358 1151 84 31 böra
459 1149 182 42 tillstyrka,
660 1150 50 31 att
727 1146 111 32 medel
856 1146 54 31 för
927 1144 98 31 nästa
1042 1142 167 41 budgetår
1227 1140 134 32 anvisas
1380 1140 54 29 för
1451 1137 211 43 påbörjande

160 1217 39 19 av
219 1202 259 44 ifrågavarande
499 1200 124 33 förråd.
655 1196 388 45 Departementschefen
1062 1195 63 30 har
1144 1194 53 31 för
1217 1192 194 32 ändamålet
1430 1190 164 31 beräknat
1615 1189 48 30 ett

159 1258 126 41 belopp
305 1268 39 19 av
364 1255 62 32 300
439 1255 61 31 000
520 1254 132 30 kronor.
673 1250 227 32 Äterstående
919 1248 111 31 medel
1049 1248 115 40 syntes
1186 1242 376 44 departementschefen
1581 1241 83 30 böra

162 1309 134 32 anvisas
315 1307 107 32 under
439 1305 197 44 påföljande
652 1304 176 41 budgetår.
857 1297 385 45 Departementschefen
1260 1296 192 36 förutsatte,
1470 1296 51 31 att
1535 1293 127 41 Kungl.

159 1361 103 41 Maj:t
281 1359 109 33 skulle
411 1361 63 39 äga
496 1360 50 29 att
565 1357 137 31 besluta
715 1366 54 20 om
782 1352 259 43 igångsättande
1055 1360 39 20 av
1107 1349 341 42 byggnadsarbetena
1461 1347 11 29 i
1486 1347 99 30 deras
1599 1346 66 29 hel-

161 1414 59 31 het
238 1413 117 31 oaktat
372 1410 230 32 kostnaderna
620 1408 135 31 komme
773 1408 50 29 att
842 1405 171 40 överstiga
1033 1403 58 31 det
1109 1401 162 32 anvisade
1290 1399 310 41 anslagsbeloppet.

220 1464 172 31 Utskottet
414 1473 99 20 anser
535 1461 53 41 sig
608 1460 84 31 böra
713 1458 174 41 tillstyrka
909 1457 65 30 den
997 1455 124 31 äskade
1144 1452 356 39 medelsanvisningen
1521 1449 63 31 och
1604 1449 62 30 har

163 1518 87 30 intet
275 1518 49 29 att
352 1515 112 31 erinra
490 1516 72 28 mot
586 1514 59 35 att,
674 1513 113 29 såsom
814 1506 374 44 departementschefen
1215 1504 171 36 förutsatt,
1412 1502 126 39 Kungl.
1566 1501 102 39 Maj:t

161 1568 152 32 beslutar
337 1569 49 29 att
410 1564 343 43 byggnadsarbetena
777 1564 54 29 må
853 1561 210 41 igångsättas
1089 1559 11 29 i
1124 1559 96 30 deras
1245 1556 125 38 helhet,
1395 1555 118 30 oaktat
1536 1554 131 29 kostna-

164 1621 105 31 derna
289 1620 133 31 komma
443 1620 51 30 att
514 1616 172 41 överstiga
707 1615 58 31 det
785 1613 160 32 anvisade
967 1612 161 39 anslaget.

216 1672 179 32 Utskottet
416 1669 206 37 hemställer,

459 1751 52 28 att
530 1746 181 41 riksdagen
732 1746 54 30 må
806 1744 52 31 till
879 1743 229 32 Anordnande
1128 1752 41 21 av
1188 1737 399 35 artillerrammunitions-
1606 1735 63 32 och

418 1800 238 41 torpedförråd
674 1799 54 30 för
745 1796 204 40 budgetåret
967 1793 134 31 1948/49
1121 1792 117 31 anvisa
1256 1792 49 29 ett
1322 1788 349 39 investeringsanslag

419 1863 39 20 av
476 1851 63 31 300
550 1851 60 30 000
628 1850 132 29 kronor.

718 1997 230 48 Flygvapnets
977 1994 149 36 delfond.

220 2089 63 38 9:0)
318 2086 125 30 Smärre
468 2083 208 40 nybyggnads-
701 2083 57 30 och
782 2079 329 39 förändringsarbeten
1137 2086 36 22 m.
1192 2085 35 22 m.
1255 2074 126 40 Kungl.
1399 2073 99 41 Maj:t
1515 2073 61 30 har
1592 2072 84 31 före-

171 2135 104 41 slagit
290 2134 180 40 riksdagen
492 2132 122 41 (punkt
630 2132 47 36 11,
696 2142 25 19 s.
739 2130 38 30 27
795 2129 62 31 och
874 2128 52 40 28)
948 2128 50 30 att
1014 2127 52 30 till
1083 2124 253 40 ifrågavarande
1353 2122 155 31 ändamål
1525 2122 53 29 för
1596 2122 78 28 bud-

170 2189 129 39 getåret
321 2185 136 31 1948/49
481 2184 116 31 anvisa
619 2185 48 28 ett
689 2179 350 41 investeringsanslag
1059 2188 39 20 av
1121 2177 60 30 400
1195 2177 59 29 000
1275 2171 130 49 kronor.

223 2279 221 32 Beträffande
461 2278 40 30 de
518 2275 289 43 utgiftsändamål,
823 2284 73 20 som
912 2283 97 20 avses
1025 2272 95 29 skola
1135 2270 202 40 tillgodoses
1351 2268 75 30 med
1442 2268 93 29 detta
1549 2267 126 38 anslag,

173 2332 62 29 och
249 2330 330 39 förutsättningarna
594 2329 52 30 för
660 2330 50 28 att
724 2326 58 31 det
795 2325 87 31 skall
897 2325 35 30 få
945 2326 95 38 tagas
1055 2323 9 29 i
1081 2321 144 41 anspråk
1238 2320 161 31 hänvisas
1414 2319 53 30 till
1482 2318 64 30 vad
1561 2317 116 31 därom

174 2383 130 31 anförts
321 2383 8 29 i
347 2382 57 31 det
421 2379 203 41 föregående
640 2379 54 29 vid
711 2377 251 39 behandlingen
980 2386 39 20 av
1036 2373 236 31 motsvarande
1289 2372 118 37 anslag
1422 2370 107 30 under
1546 2369 130 30 arméns

175 2435 148 31 delfond.
