2295 2788
531 187 17 30 2
687 185 113 30 Första
825 185 206 29 Kammarens
1058 183 175 38 Tillfälliga
1262 184 134 30 Utskotts
1420 183 74 37 (N:o
1518 185 31 35 1)
1578 183 167 30 Utlåtande
1770 183 58 30 N:o
1851 184 28 28 1.

886 269 79 32 dant
988 268 152 33 ändamål
1163 268 56 32 der
1242 267 148 33 förblifva
1417 266 103 32 under
1543 266 217 42 nästföljande
1782 267 70 40 fyra
1876 267 113 40 dagar;
2015 267 60 32 och

884 323 56 36 att,
966 331 51 20 om
1039 320 143 32 ledamot
1204 319 70 32 icke
1297 319 83 31 inom
1406 318 138 33 sålunda
1567 319 137 41 stadgad
1727 319 46 31 tid
1787 319 141 41 justerat
1950 319 55 31 sitt
2026 323 48 37 yt-

884 372 126 38 trande,
1041 372 180 31 detsamma
1249 370 125 32 ändock
1398 380 96 21 anses
1517 372 103 29 såsom
1641 371 164 40 justeradt
1828 370 58 32 och
1909 371 10 30 i
1940 370 54 32 sitt
2017 371 56 31 då-

883 423 142 31 varande
1051 422 88 31 skick
1163 421 48 32 till
1232 421 126 41 trycket
1382 420 176 33 befordras.

620 473 165 33 Utskottet
812 473 59 32 har
895 474 81 40 tagit
1000 474 105 31 denna
1128 474 95 39 fråga
1243 472 10 31 1
1277 472 234 40 öfvervägande
1536 474 60 30 och
1617 473 50 32 får
1689 472 72 32 med
1785 473 174 41 anledning
1982 473 91 31 deraf

488 529 85 39 yttra
595 525 154 41 följande:

619 570 100 38 Äfven
748 581 77 27 utan
856 576 151 31 afseende
1031 580 42 36 på
1097 575 53 31 det
1174 574 106 31 beslut
1301 573 196 32 Kammaren
1519 573 63 31 kan
1605 573 128 33 komma
1760 577 47 29 att
1831 574 82 31 fatta
1934 573 138 32 rörande

487 627 218 42 protokollens
739 627 177 42 tryckning,
949 628 103 30 finner
1085 625 164 33 Utskottet
1283 628 46 28 ett
1361 624 188 41 stadgande.
1580 625 166 40 angående
1780 627 98 29 sättet
1905 625 48 31 för
1978 625 95 31 deras

487 679 133 32 förande
648 679 60 31 och
735 679 87 31 tiden
845 680 49 31 för
917 679 94 31 deras
1030 678 169 42 justering,
1226 677 77 31 böra
1325 677 122 31 införas
1469 677 11 30 i
1503 676 61 31 den
1590 675 257 41 arbetsordning,
1875 675 198 32 Kammaren

487 730 61 32 kan
573 730 130 32 komma
727 733 46 28 att
795 729 49 32 för
869 730 47 40 sig
940 733 129 37 antaga.
1113 728 137 39 Förslag
1272 727 48 31 till
1343 738 38 20 en
1406 728 102 31 sådan
1532 727 248 40 arbetsordning
1802 726 62 31 kan
1886 726 96 32 likväl
2002 727 70 31 icke

487 782 34 31 af
543 781 163 32 Utskottet
728 781 198 31 framställas
951 782 75 35 förr,
1051 784 40 28 än
1114 781 181 31 Kamrarne
1319 779 155 31 fastställt
1497 779 38 31 de
1557 777 289 42 reglementariska
1861 777 209 36 föreskrifter,

487 841 68 21 som
579 832 92 31 skola
694 831 86 40 gälla
803 831 48 30 för
874 832 71 30 dem
969 834 208 37 gemensamt,
1201 829 137 35 hvartill,
1363 836 42 32 på
1428 833 66 27 sätt
1516 830 202 30 motionären
1742 829 121 39 antydt,
1891 830 106 38 någon
2025 829 45 30 tid

487 881 179 39 erfordras;
691 881 59 32 och
773 881 172 36 Utskottet,
970 892 66 21 som
1059 881 65 31 lika
1148 879 72 32 med
1242 880 202 31 motionären
1467 889 94 22 anser
1583 879 116 40 frågan
1722 889 49 21 om
1796 880 99 29 sättet
1911 879 60 31 och
1983 879 87 31 tiden

485 932 49 32 för
556 933 219 40 protokollens
795 932 161 41 justering
977 932 70 31 icke
1072 933 78 31 böra
1172 931 48 31 till
1243 941 38 21 en
1306 930 167 33 obestämd
1496 930 129 32 framtid
1650 929 202 42 uppskjutas,
1869 930 111 32 tvekar
1992 930 78 33 såle-

486 983 57 31 des
577 983 69 32 icke
681 986 48 29 att
755 984 101 31 redan
880 994 42 20 nu
944 983 201 32 underställa
1168 982 189 31 densamma
1378 982 213 31 Kammarens
1613 981 160 41 pröfning.
1817 980 15 32 I
1855 981 151 31 afseende
2029 983 42 39 på

485 1034 122 32 formen
644 1035 57 31 och
734 1034 176 31 innehållet
933 1034 35 31 af
988 1033 37 31 de
1049 1033 201 41 stadganden
1277 1032 165 32 Utskottet
1464 1033 9 30 i
1497 1032 90 31 detta
1610 1031 184 32 hänseende
1819 1031 98 31 borde
1941 1032 128 38 föreslå,

486 1085 59 31 har
566 1085 173 36 Utskottet,
763 1104 40 4 —
826 1085 41 31 då
891 1095 39 21 en
954 1083 334 33 öfverensstämmelse
1314 1084 115 30 mellan
1452 1084 38 30 de
1514 1084 48 30 för
1592 1083 159 31 hvardera
1780 1082 197 31 Kammaren
2000 1086 68 29 sär-

486 1135 96 32 skildt
605 1136 149 40 gällande
779 1136 285 39 arbetsordningar
1087 1139 46 34 är,
1156 1146 50 21 om
1231 1134 27 41 ej
1284 1135 8 29 i
1318 1134 64 31 alla
1405 1134 90 31 delar
1518 1134 105 40 nödig,
1647 1133 81 32 dock
1756 1133 9 31 i
1782 1133 175 32 allmänhet
1973 1134 95 31 önsk-

485 1186 88 38 värd,
599 1205 35 4 —
659 1190 80 28 trott
772 1187 46 40 sig
851 1187 81 31 böra
965 1190 78 36 taga
1064 1186 130 41 ledning
1218 1186 34 31 af
1272 1185 39 31 de
1335 1184 209 39 föreskrifter,
1568 1195 65 21 som
1658 1184 101 31 redan
1782 1183 102 32 blifvit
1907 1184 33 31 af
1960 1185 110 31 Andra

484 1237 197 31 Kammaren
705 1240 151 38 antagna.
902 1237 47 32 På
971 1240 104 38 grund
1099 1238 33 31 af
1151 1235 184 34 inhemtade
1358 1236 233 41 upplysningar
1609 1235 58 31 har
1680 1234 165 33 Utskottet
1857 1234 97 31 likväl
1967 1235 106 31 funnit

485 1298 39 20 en
550 1287 119 32 mindre
692 1288 179 39 väsendtlig
895 1288 151 32 afvikelse
1081 1289 71 30 från
1187 1288 96 31 dessa
1305 1286 200 32 föreskrifter
1528 1286 141 41 lämplig.
1724 1285 68 32 Mot
1815 1285 98 31 slutet
1937 1286 33 30 af
1990 1286 81 31 riks-

485 1338 113 41 dagen,
633 1338 41 32 då
707 1339 264 31 sammanträden
999 1339 9 30 i
1036 1338 179 32 Karrarne
1239 1337 150 40 dagligen
1412 1337 115 38 hållas,
1551 1337 86 31 lärer
1660 1336 55 31 det
1736 1336 161 40 nemligen
1921 1336 148 31 stundom

485 1392 88 29 möta
596 1389 165 41 svårighet
783 1389 49 33 för
856 1390 81 37 dem,
963 1389 106 32 hvilka
1091 1388 184 42 uppteckna
1297 1388 237 32 ledamöternes
1557 1387 181 41 yttranden,
1755 1390 56 35 att,
1828 1388 42 40 på
1883 1389 66 29 sätt
1961 1386 110 31 Andra

484 1440 195 32 Kammaren
714 1440 138 41 stadgat,
887 1441 95 31 hafva
1015 1441 95 31 dessa
1141 1440 170 41 yttranden
1336 1442 154 38 uppsatta
1514 1439 59 31 och
1595 1438 201 41 tillgängliga
1818 1439 48 30 för
1888 1437 182 41 genomläs-

484 1491 77 40 ning
595 1491 100 32 redan
733 1491 101 32 andra
863 1492 102 40 dagen
994 1492 150 37 derefter,
1172 1491 140 31 klockan
1338 1494 36 27 10
1397 1490 232 40 förmiddagen.
1653 1490 60 30 och
1737 1489 41 31 då
1800 1499 40 20 en
1863 1489 80 39 dags
1967 1488 103 40 dröjs-

485 1543 64 31 mål
572 1543 9 30 i
606 1542 90 31 detta
719 1543 185 31 hänseende
928 1553 94 30 synes
1045 1553 76 20 vara
1141 1543 34 30 af
1195 1541 124 32 mindre
1342 1542 73 39 vigt,
1440 1545 41 28 än
1506 1545 48 28 att
1571 1542 87 40 gifna
1674 1539 200 33 föreskrifter
1886 1542 185 37 noggrannt

483 1593 172 40 iakttagas,
679 1593 60 32 har
764 1594 165 32 Utskottet
951 1597 79 28 trott
1053 1594 88 30 tiden
1165 1593 48 31 för
1236 1593 210 40 yttrandenas
1470 1592 218 41 uppsättande
1713 1591 80 31 böra
1816 1590 166 40 förlängas
2000 1590 71 30 med

484 1654 39 21 en
546 1644 62 40 dag
631 1645 125 30 utöfver
779 1645 82 31 hvad
887 1646 201 30 motionären
1112 1644 176 39 föreslagit.
1332 1643 93 32 Hvad
1458 1644 71 31 åter
1563 1644 102 39 angår
1687 1643 88 30 tiden
1798 1643 50 30 för
1866 1642 204 40 justeringen

485 1695 35 30 af
539 1694 54 31 det
617 1694 229 41 sakprotokoll,
881 1706 69 21 som
983 1696 34 30 af
1045 1695 214 31 Kammarens
1290 1695 202 30 sekreterare
1521 1693 95 35 föres,
1645 1693 87 31 lärer
1759 1693 51 31 väl
1838 1694 92 30 äfven
1954 1693 59 30 den
2038 1692 34 31 af

485 1745 109 32 Andra
614 1745 197 32 Kammaren
834 1746 194 38 fastställda,
1052 1746 78 31 eller
1152 1745 49 40 sju
1226 1745 101 40 dagar
1350 1745 81 31 efter
1454 1744 264 36 sammanträdet,
1742 1745 107 39 någon
1874 1745 84 39 gång
1974 1743 97 32 hafva

482 1796 82 31 visat
598 1797 47 39 sig
680 1796 206 40 otillräcklig;
916 1807 72 20 men
1017 1797 41 31 då
1083 1796 171 41 angeläget
1279 1799 46 35 är,
1350 1799 48 27 att
1420 1796 107 30 denna
1546 1796 160 40 justering
1728 1794 71 31 icke
1822 1796 58 30 allt
1903 1796 48 30 för
1974 1795 95 40 länge

481 1847 200 41 uppskjutes,
717 1847 59 31 och
799 1847 102 31 under
924 1848 232 39 förutsättning
1184 1850 56 33 att,
1271 1847 41 31 då
1336 1847 148 31 behofvet
1507 1846 118 31 sådant
1648 1845 261 41 oundgängligen
1931 1846 139 36 kräfver,

482 1897 110 41 nödigt
614 1898 125 31 biträde
764 1898 49 31 vid
837 1898 326 40 protokollsföringen
1189 1898 59 31 blir
1273 1897 224 32 sekreteraren
1521 1897 180 40 medgifvet,
1731 1897 60 31 har
1818 1897 165 32 Utskottet
1998 1897 70 31 icke

481 1947 105 32 funnit
609 1948 70 32 skäl
703 1951 47 28 att
772 1949 116 39 frångå
911 1949 83 31 hvad
1019 1950 199 31 motionären
1241 1949 9 31 i
1275 1948 90 31 detta
1387 1948 195 36 hänseende,
1605 1948 9 30 i
1638 1948 335 32 öfverensstämmelse
1995 1949 73 30 med

482 1998 53 31 det
558 1999 34 30 af
611 1999 110 31 Andra
742 1999 198 32 Kammaren
964 2000 9 30 i
996 2002 109 29 ämnet
1129 2000 124 31 fattade
1278 1999 115 35 beslut,
1417 1999 148 31 föreslår.

612 2049 47 32 På
682 2050 102 40 grund
809 2051 31 30 af
862 2050 84 31 hvad
970 2050 140 32 sålunda
1132 2051 103 31 blifvit
1259 2050 137 38 anfördt,
1421 2051 49 31 får
1493 2050 167 32 Utskottet
1687 2050 164 31 vördsamt
1884 2050 182 39 hemställa,

481 2101 48 29 att
549 2099 196 33 Kammaren
771 2102 99 30 måtte
893 2101 83 31 fatta
1000 2101 141 41 följande
1167 2101 119 32 beslut:

740 2154 46 29 1:o
810 2152 60 32 Vid
892 2152 214 32 Kammarens
1132 2152 239 32 sammanträde
1398 2153 68 31 före
1496 2153 226 31 sekreteraren
1755 2152 169 42 protokoll,
1952 2156 115 38 uppta-

874 2204 104 39 gande
1002 2204 387 40 öfverläggningsämnen,
1412 2214 139 22 namnen
1575 2208 19 27 å
1617 2204 39 31 de
1683 2204 188 39 ledamöter,
1896 2214 67 21 som
1980 2207 87 38 yttra

875 2255 57 40 sig,
964 2254 217 33 Talmannens
1214 2256 246 41 propositioner,
1495 2256 163 40 utgången
1694 2257 34 31 af
1762 2256 210 41 omröstning,
2009 2258 56 30 der
