1884 2798
505 172 378 31 Jordbruksutskottets
909 172 175 31 utlåtande
1113 183 41 21 nr
1181 173 49 30 43.
1577 169 39 30 19

105 251 63 38 äga
189 253 76 29 utse
286 261 43 21 en
349 252 152 31 ledamot
521 263 42 21 av
583 255 186 29 nämnden.
790 254 140 31 Antalet
952 255 191 30 ledamöter
1163 255 11 29 i
1194 256 115 29 denna
1328 255 63 30 bör
1410 255 121 30 därför
1550 254 60 30 hö-

104 301 55 39 jas
181 302 81 30 från
283 311 58 21 sex
360 302 52 31 till
435 304 67 39 sju.
527 303 120 31 Såsom
668 305 233 39 utredningen
921 305 151 40 påpekat
1093 305 63 30 bör
1176 305 119 30 vidare
1315 306 68 29 den
1402 305 208 39 befogenhet

105 354 48 28 att
177 355 77 28 utse
278 362 43 21 en
344 353 152 31 ledamot
519 363 42 22 av
583 355 187 34 nämnden,
796 364 75 21 som
894 355 125 31 hittills
1042 354 206 31 tillkommit
1275 354 334 40 Hushållningssäll-

105 403 151 40 skapens
279 404 140 35 ombud,
444 405 88 29 efter
555 406 56 29 det
635 406 155 29 nämnda
813 405 237 40 organisation
1075 414 148 22 numera
1247 406 159 40 upplösts
1431 405 178 31 överföras

104 454 19 29 å
148 454 475 41 Hushållningssällskapens
647 456 163 30 förbund.

149 552 162 30 Härefter
333 553 97 29 torde
452 553 60 39 jag
535 553 35 30 få
593 554 125 39 övergå
742 554 52 29 till
818 554 124 39 frågan
965 563 57 21 om
1046 554 212 39 statsbidrag
1281 555 54 29 för
1357 554 254 30 kontrollverk-

105 603 191 28 samheten.
320 603 65 39 Jag
406 603 64 29 har
491 604 108 29 redan
621 604 95 29 förut
738 604 131 39 angivit
891 605 60 35 att,
973 605 45 39 på
1040 606 68 29 sätt
1130 605 133 38 jämväl
1288 605 232 39 utredningen
1542 605 69 29 för-

108 655 110 33 ordat,
241 654 106 40 något
368 655 212 40 statsbidrag
601 656 30 40 ej
656 656 63 30 bör
740 656 84 39 utgå
845 656 53 30 till
920 657 66 29 den
1008 656 384 39 besättningskontroll,
1416 666 75 20 som
1513 666 99 20 even-

105 704 98 28 tuellt
236 704 71 29 kan
336 704 143 30 komma
510 705 49 29 att
591 705 186 29 anordnas.
809 706 74 29 Vad
917 705 108 39 angår
1056 706 67 29 den
1154 706 228 30 individuella
1413 706 197 29 kontrollen

106 754 111 29 skulle
247 754 107 39 enligt
384 755 250 38 utredningens
665 755 133 39 förslag
827 756 212 39 statsbidrag
1070 756 30 38 ej
1136 756 84 38 utgå
1252 756 55 30 för
1337 757 67 29 den
1435 756 175 30 ordinarie

105 804 207 34 kontrollen,
341 805 126 29 medan
495 805 196 30 kostnaden
718 806 55 29 för
800 806 67 29 den
896 806 301 39 kompletterande
1225 806 199 30 kontrollen
1453 807 158 30 däremot

108 856 70 29 helt
201 856 113 30 skulle
336 856 172 30 bestridas
532 866 42 21 av
596 857 213 30 statsmedel.
832 857 53 30 Då
907 858 41 30 de
971 858 297 34 kontrollformer,
1293 868 75 20 som
1389 859 61 40 jag
1471 868 48 20 nu
1543 858 69 30 för-

104 905 109 33 ordat,
239 905 216 39 väsentligen
482 906 125 30 avvika
632 906 79 30 från
735 907 67 29 vad
827 907 232 39 utredningen
1084 907 190 39 föreslagit,
1300 908 98 30 torde
1424 908 60 39 jag
1509 908 102 29 emel-

106 955 99 30 lertid
231 956 30 38 ej
290 956 132 30 behöva
447 956 187 39 uppehålla
659 957 71 39 mig
755 957 58 30 vid
838 958 251 38 utredningens
1116 958 220 39 ståndpunkt
1363 958 11 29 i
1398 958 213 39 bidragsfrå-

104 1012 75 30 san.
206 1006 67 28 Till
298 1006 266 39 utgångspunkt
588 1007 97 29 torde
714 1008 10 28 i
750 1007 115 30 stället
891 1008 187 39 lämpligen
1104 1008 122 29 kunna
1251 1010 98 37 tagas
1377 1018 47 20 nu
1452 1008 156 39 gällande

103 1056 263 30 bestämmelser
390 1057 10 28 i
426 1057 128 29 ämnet.
580 1057 116 39 Enligt
723 1058 101 29 dessa
852 1058 101 39 utgår
977 1075 45 4 —
1046 1058 156 29 förutom
1229 1058 381 40 organisationsbidrag

103 1106 64 28 och
187 1106 122 40 bidrag
330 1107 52 29 till
403 1107 236 39 övervakning
720 1108 103 38 årligt
843 1108 122 39 bidrag
986 1109 55 29 för
1060 1109 151 29 medlem
1234 1109 80 29 med
1333 1109 200 39 besättning
1553 1118 57 21 om

103 1156 100 37 högst
230 1157 37 29 15
293 1157 92 33 eller,
412 1158 10 28 i
446 1157 100 39 fråga
569 1167 57 20 om
650 1158 395 39 provmjölkningsring,
1074 1159 38 28 10
1137 1159 73 29 kor.
1237 1159 308 40 Bidragsbeloppet
1571 1160 39 29 är

103 1207 55 27 vid
182 1207 209 40 fullständig
410 1207 154 30 kontroll
586 1208 102 39 högst
711 1209 38 29 15
772 1208 131 30 kronor
924 1218 62 30 per
1009 1209 160 34 medlem,
1192 1209 58 30 vid
1274 1209 229 40 ofullständig
1525 1210 85 29 kon-

103 1257 78 28 troll
206 1257 102 39 högst
335 1258 39 29 10
399 1258 131 29 kronor
555 1268 60 30 per
640 1259 150 29 medlem
817 1259 64 30 och
908 1259 55 29 för
986 1259 386 41 provmjölkningsring
1398 1260 41 30 50
1466 1261 58 29 öre
1548 1269 61 31 per

103 1307 53 29 ko.
181 1308 49 29 De
256 1308 158 30 faktiska
436 1308 314 40 bidragsbeloppen
773 1309 46 30 ha
843 1309 111 30 under
980 1318 121 21 senare
1125 1310 40 29 år
1189 1310 92 39 legat
1304 1310 104 40 något
1433 1311 111 29 under
1568 1311 41 29 de

103 1365 45 21 nu
169 1358 151 38 angivna
336 1358 327 40 maximibeloppen.

146 1408 374 38 Lantbruksstyrelsen
550 1409 64 29 har
640 1409 11 29 i
680 1409 59 30 sitt
766 1410 162 39 yttrande
956 1410 180 39 föreslagit
1162 1411 49 28 ett
1238 1411 116 29 flertal
1381 1411 190 40 ändringar
1597 1411 12 29 i

102 1458 310 38 bidragsreglerna.
441 1458 180 39 Förslaget
646 1459 128 39 bygger
801 1460 45 39 på
872 1460 141 34 tanken,
1042 1462 49 27 att
1119 1461 41 29 de
1190 1461 203 30 nuvarande
1421 1461 188 30 ortsbidra-

102 1514 63 30 gen
189 1508 85 30 böra
296 1508 165 30 bortfalla
486 1509 65 29 och
574 1509 412 39 bidragsverksamheten
1009 1510 71 29 helt
1104 1511 182 38 övertagas
1310 1520 41 20 av
1375 1513 124 28 staten.
1524 1512 86 29 Här-

103 1559 116 42 vidlag
236 1562 316 29 överensstämmer
570 1563 56 29 det
644 1564 79 29 med
742 1563 66 30 vad
828 1572 74 21 som
920 1563 11 29 i
949 1563 262 39 propositionen
1231 1572 41 20 nr
1293 1564 60 29 172
1372 1564 53 29 till
1448 1563 83 30 1944
1551 1563 56 30 års

102 1612 141 39 riksdag
264 1613 80 29 med
366 1612 131 39 förslag
518 1612 52 29 till
592 1613 467 39 hushållningssällskapens
1082 1614 239 38 organisation
1343 1615 64 29 och
1430 1615 176 29 verksam-

106 1661 57 30 het
180 1661 174 30 uttalades
372 1671 43 20 av
431 1661 198 30 dåvarande
646 1662 125 29 chefen
788 1663 55 29 för
859 1662 471 40 jordbruksdepartementet
1347 1664 65 29 och
1429 1664 179 29 lämnades

105 1713 85 28 utan
211 1711 142 30 erinran
374 1721 42 21 av
436 1711 198 40 riksdagen.
657 1713 65 29 Det
743 1713 222 39 statsbidrag,
988 1722 75 21 som
1083 1723 48 20 nu
1153 1713 101 40 utgår
1275 1713 52 31 till
1349 1714 260 39 hushållnings-

105 1763 219 38 sällskapens
342 1763 259 34 omkostnader,
618 1763 64 29 har
698 1763 194 30 emellertid
907 1764 168 29 bestämts
1094 1765 111 29 under
1220 1765 309 38 hänsynstagande
1545 1765 62 33 till,

102 1812 105 32 bland
225 1815 119 33 annat,
364 1814 40 29 de
422 1814 132 40 bidrag,
575 1824 73 21 som
669 1815 200 39 sällskapen
889 1816 116 29 lämna
1024 1815 52 30 till
1096 1816 162 38 åtgärder
1276 1816 45 39 på
1339 1816 268 39 husdjurssköt-

103 1862 92 32 selns
212 1864 153 30 område.
384 1864 75 29 Den
475 1874 43 20 av
533 1865 357 39 lantbruksstyrelsen
907 1865 197 38 föreslagna
1121 1865 268 40 omläggningen
1410 1875 102 30 synes
1529 1867 78 29 där-

106 1913 54 29 för
177 1913 85 29 böra
281 1913 61 30 ske
360 1913 90 32 först
467 1912 11 30 i
497 1913 170 30 samband
686 1914 78 29 med
783 1923 43 20 en
844 1914 230 39 omprövning
1093 1924 42 20 av
1153 1914 125 39 frågan
1297 1924 57 20 om
1373 1916 176 29 storleken
1566 1924 43 21 av

104 1964 41 29 de
173 1962 141 40 statliga
342 1963 363 39 omkostnadsanslag,
721 1973 76 20 som
810 1964 84 30 böra
908 1964 83 39 utgå
1004 1964 52 30 till
1069 1964 461 41 hushållningssällskapen.
1544 1966 65 39 Jag

105 2015 123 28 ämnar
245 2013 96 30 inom
359 2014 67 29 den
443 2015 177 28 närmaste
638 2014 95 30 tiden
752 2015 63 29 hos
830 2015 125 39 Kungl.
971 2015 104 39 Maj:t
1089 2015 187 30 hemställa
1290 2025 55 20 om
1360 2016 249 40 bemyndigan-

100 2062 41 29 de
163 2063 51 28 att
236 2062 149 30 tillkalla
409 2063 222 38 sakkunniga
654 2064 54 28 för
732 2065 50 28 att
805 2064 123 29 utreda
951 2064 114 29 denna
1088 2064 109 39 fråga.
1222 2064 12 29 I
1259 2065 149 30 avbidan
1431 2065 44 40 på
1499 2065 109 30 resul-

101 2113 84 28 tatet
206 2122 43 20 av
271 2112 115 30 denna
408 2113 188 38 utredning
615 2113 85 29 böra
721 2114 108 38 enligt
850 2114 74 29 min
948 2114 140 39 mening
1108 2114 311 31 bestämmelserna
1443 2124 55 21 om
1521 2117 86 28 orts-

100 2162 121 38 bidrag
245 2162 219 29 fortfarande
489 2163 99 37 gälla.

147 2211 71 30 Vad
240 2212 156 29 härefter
419 2213 108 37 angår
552 2213 133 37 frågan,
708 2223 58 19 om
791 2213 10 29 i
824 2213 111 38 övrigt
959 2214 107 37 några
1090 2214 191 38 ändringar
1305 2214 9 29 i
1338 2214 268 31 föreskrifterna

100 2269 54 20 om
178 2262 212 38 statsbidrag
410 2262 121 29 kunna
552 2271 101 21 anses
672 2262 194 39 påkallade,
888 2263 97 29 torde
1006 2263 60 39 jag
1086 2263 88 29 först
1196 2264 35 28 få
1253 2264 185 39 uppehålla
1460 2264 70 39 mig
1550 2265 56 29 vid

99 2311 63 28 den
193 2311 229 38 fullständiga
446 2312 207 28 kontrollen.

147 2364 48 28 De
218 2363 132 39 förslag
373 2363 60 39 jag
453 2364 165 38 framlagt
640 2364 221 30 beträffande
883 2365 114 30 denna
1020 2365 92 39 syfta
1137 2365 105 30 bland
1266 2369 106 27 annat
1396 2366 50 30 till
1469 2376 42 19 en
1534 2367 70 29 viss

105 2414 234 38 begränsning
372 2423 42 20 av
445 2414 404 30 kontrollkostnaderna.
882 2415 134 34 Därest,
1051 2415 115 29 såsom
1198 2415 60 39 jag
1291 2416 167 34 förordat,
1492 2416 114 29 denna

104 2464 150 30 kontroll
280 2464 10 29 i
315 2464 272 40 fortsättningen
613 2465 9 29 i
648 2465 109 30 första
782 2466 93 29 hand
900 2475 98 20 avses
1023 2466 54 28 för
1102 2465 239 39 besättningar
1367 2476 41 20 av
1432 2467 104 29 värde
1563 2475 41 20 ur
