1880 2794
263 155 16 28 2
643 159 378 30 Jordbruksutskottets
1048 159 175 30 utlåtande
1252 167 40 22 nr
1316 157 49 31 43.

310 404 408 39 Författningsförslaget
740 405 38 28 är
800 414 41 20 av
865 404 157 39 följande
1044 404 139 39 lydeise.

900 514 231 44 Förslag

985 582 53 29 till

892 659 254 44 Förordning

423 729 91 34 med
537 729 109 34 vissa
670 729 306 34 bestämmelser
998 728 206 45 angående
1228 728 389 35 seminverksamhet

818 790 124 34 bland
967 791 251 34 nötkreatur.

309 884 210 38 Härigenom
546 883 185 30 förordnas
757 892 74 21 som
856 882 114 37 följer.

980 968 70 37 18.

310 1036 64 30 Vid
399 1036 211 30 bedrivande
636 1045 43 20 av
703 1035 224 31 verksamhet
952 1036 55 30 för
1031 1035 229 41 befruktning
1284 1045 42 22 av
1349 1036 207 30 nötkreatur
1580 1037 45 39 på
1648 1037 121 30 konst-

265 1087 100 38 gjord
382 1088 66 38 väg
470 1086 371 34 (seminverksamhet)
864 1086 58 30 må
940 1087 55 30 för
1013 1086 262 40 framställning
1294 1096 42 21 av
1354 1095 138 32 sperma
1512 1087 181 30 användas
1711 1097 58 20 en-

265 1137 79 30 dast
361 1137 75 39 tjur
455 1146 75 21 som
549 1137 39 29 är
606 1136 120 31 införd
745 1136 12 30 i
775 1136 239 31 riksstambok
1032 1137 56 30 för
1109 1137 217 30 nötkreatur.

308 1187 126 40 Kungl.
453 1187 106 40 Maj:t
578 1188 81 38 äger
677 1187 159 30 meddela
854 1186 201 40 ytterligare
1074 1187 223 30 föreskrifter
1314 1197 57 21 om
1391 1188 66 30 vad
1476 1197 75 21 som
1572 1188 90 30 skall
1680 1188 88 31 iakt-

265 1239 97 38 tagas
380 1238 58 30 vid
456 1237 211 31 bedrivande
686 1246 43 22 av
747 1237 347 31 seminverksamhet.

974 1321 74 38 28

309 1389 177 30 Förseelse
508 1390 73 29 mot
604 1390 14 29 1
644 1389 16 37 $
685 1389 83 30 eller
788 1389 79 30 med
889 1390 78 29 stöd
988 1389 106 31 därav
1115 1389 183 31 meddelad
1319 1390 183 30 föreskrift
1524 1390 143 30 straffes
1689 1391 79 29 med

265 1440 193 39 dagsböter.
476 1440 150 30 Böterna
643 1439 141 31 tillfalla
801 1440 148 30 kronan.

978 1524 19 30 3
1024 1523 27 38 8.

308 1591 65 30 Det
395 1591 205 30 ankommer
621 1592 46 39 på
690 1591 358 39 lantbruksstyrelsen
1070 1593 50 28 att
1143 1592 64 29 öva
1231 1591 119 39 tillsyn
1374 1592 80 30 över
1477 1591 291 31 seminverksam-

265 1642 113 41 heten.

309 1692 374 39 Lantbruksstyrelsen
707 1692 58 30 må
789 1693 65 29 ock
878 1692 11 29 i
916 1692 142 30 särskilt
1083 1692 63 30 fall
1170 1692 158 39 medgiva
1353 1693 180 38 undantag
1558 1693 80 30 från
1665 1694 65 29 vad
1756 1693 11 29 i

266 1743 14 28 1
305 1743 15 36 $
343 1743 112 30 första
476 1743 135 39 stycket
631 1744 39 28 är
690 1743 147 39 stadgat.

308 1886 122 29 Denna
450 1886 206 39 förordning
674 1886 117 29 träder
810 1885 11 29 i
840 1885 97 30 kraft
957 1886 67 29 den
1047 1886 14 29 1
1084 1885 144 39 januari
1250 1885 92 30 1951.

859 2171 45 34 A.
951 2171 219 44 Inledning.

307 2257 77 30 Med
405 2257 187 39 anledning
613 2266 42 21 av
679 2256 171 30 motioner
871 2256 11 29 i
904 2257 118 29 ämnet
1042 2256 208 30 hemställde
1273 2255 81 30 1946
1376 2256 57 29 års
1455 2256 143 39 lagtima
1620 2257 143 39 riksdag

268 2307 42 32 (r.
334 2308 69 29 skr.
426 2317 42 20 nr
491 2307 62 30 226
577 2308 65 29 och
664 2306 97 35 372),
783 2308 51 28 att
855 2306 126 39 Kungl.
1006 2306 106 39 Maj:t
1132 2305 109 30 måtte
1264 2305 209 30 föranstalta
1496 2315 56 20 om
1575 2307 188 39 utredning

262 2358 72 30 dels
363 2358 149 30 rörande
541 2356 279 39 effektivisering
848 2357 66 29 och
941 2356 207 39 utvidgning
1178 2365 41 20 av
1249 2355 514 41 kontrollföreningsverksam-

261 2408 113 34 heten,
392 2408 72 30 dels
480 2417 56 21 om
551 2407 147 30 behovet
714 2416 42 21 av
772 2406 176 30 artificiell
964 2405 249 30 insemination
1231 2405 106 30 bland
1353 2406 206 31 nötkreatur
1575 2407 65 30 och
1657 2408 104 29 sättet

261 2459 51 28 att
337 2457 132 40 främja
495 2458 216 30 densamma.
737 2456 78 30 Med
844 2456 188 39 anledning
1057 2456 110 30 härav
1192 2455 193 31 tillkallade
1411 2456 198 31 dåvarande
1637 2457 124 30 chefen
