2131 2661
660 210 336 43 Bevillningsutskottets
1020 213 199 33 Betänkande
1242 214 63 33 N:o
1329 217 31 30 2.
1808 226 17 28 5

221 286 169 49 belägna.
446 287 84 38 Man
559 289 71 36 kan
659 290 174 47 invända,
863 298 55 31 att
946 292 65 37 det
1039 296 161 48 återstår
1230 295 96 37 dock
1355 303 55 31 att
1438 298 174 37 beskatta
1639 300 64 37 det
1722 297 103 58 kapi-

222 339 63 44 tal,
314 352 80 22 som
422 339 341 50 fastighetsegaren
791 344 153 36 erhållit
971 348 122 33 såsom
1123 346 211 50 ersättning
1361 348 58 36 för
1447 349 156 49 skogen,
1624 365 85 22 men
1730 353 95 36 erfa-

220 390 185 36 renheten
434 391 68 35 har
531 393 106 43 visat,
667 399 55 31 att
751 401 54 29 ett
833 395 133 36 sådant
994 396 143 49 kapital
1166 397 79 37 ofta
1273 398 216 38 försvunnit
1517 405 122 33 såsom
1660 403 164 38 beskatt-

220 441 280 47 ningsföremål.
554 443 74 36 Det
656 445 66 34 har
751 444 109 36 äfven
897 447 187 45 invändts,
1121 454 56 30 att
1204 449 132 47 sjelfva
1365 450 273 50 afverkningen
1667 454 39 35 af
1731 455 93 48 skog

219 491 123 48 gifver
370 493 112 48 ingen
511 494 112 45 vinst,
652 496 132 36 endast
812 497 216 46 kostnader,
1057 505 56 30 att
1142 499 63 36 det
1234 507 40 29 är
1303 500 95 38 först
1425 516 136 34 genom
1586 504 237 50 förädlingen

220 544 71 35 och
320 544 142 36 virkets
490 544 158 37 förande
677 548 10 34 i
718 548 241 39 marknaden,
989 562 79 23 som
1098 563 84 23 man
1211 551 71 36 kan
1311 551 163 49 förtjena
1503 555 128 48 derpå,
1652 563 96 30 samt
1768 563 56 31 att

219 595 145 46 skogen
394 599 47 44 på
468 602 61 30 rot
558 610 100 35 uppe
679 599 10 34 i
710 598 220 49 obygderna
951 601 66 35 har
1036 602 107 48 ringa
1164 603 92 35 eller
1276 604 97 36 intet
1392 606 128 46 värde,
1541 612 40 41 ty
1602 607 72 36 den
1694 609 73 35 kan
1789 611 32 46 ej

219 646 190 36 användas
439 647 77 36 der.
560 647 72 37 Det
660 656 41 28 är
728 650 223 49 visserligen
980 657 93 39 sant,
1102 659 56 30 att
1186 654 11 35 i
1226 654 208 38 allmänhet
1454 659 258 36 råmaterialet
1732 666 91 30 utan

218 697 252 49 bearbetning
498 699 67 35 har
593 699 88 48 föga
709 701 128 45 värde,
868 715 81 23 men
980 703 65 36 det
1073 711 41 28 är
1143 718 43 22 en
1216 705 74 36 lika
1319 715 80 27 stor
1433 709 171 47 sanning,
1633 717 56 29 att
1717 711 106 36 arbe-

219 754 55 29 tet
315 752 118 32 måste
476 749 110 36 hafva
628 757 54 30 ett
722 754 216 35 råmaterial
967 760 55 30 att
1049 755 207 49 nedläggas
1285 761 47 44 på
1361 758 69 36 och
1460 765 55 30 att
1542 764 120 44 något
1690 762 131 37 arbete

218 798 147 36 fordras
395 800 109 36 äfven
533 801 57 35 för
619 808 55 30 att
702 803 109 48 skilja
839 804 69 35 här
932 804 287 49 ifrågavarande
1240 810 215 34 råmaterial
1474 809 84 36 från
1579 811 241 48 fastigheten,

217 850 65 34 der
309 850 65 36 det
398 851 162 37 alstrats.
607 852 150 37 Rättast
777 855 108 35 torde
912 855 126 36 derför
1065 870 89 23 vara
1183 863 55 31 att
1266 866 100 39 säga,
1396 860 64 37 det
1488 861 201 46 bådadera,
1718 865 103 35 såväl

216 902 257 36 råmaterialet
496 916 80 22 som
602 905 147 35 arbetet
773 905 101 45 derå,
895 907 155 47 bidraga
1069 908 58 35 till
1148 909 71 35 den
1244 909 146 50 färdiga
1409 925 134 23 varans
1564 914 127 36 värde.
1738 914 81 37 Och

217 952 65 35 det
302 953 97 34 lärer
422 954 61 34 väl
507 955 112 46 ingen
644 956 88 47 vilja
755 956 168 46 förneka,
944 964 55 29 att
1020 972 44 22 en
1091 973 89 22 vara
1205 961 84 35 med
1319 975 140 23 samma
1488 964 248 50 bearbetning
1764 966 57 36 får

216 1003 100 35 olika
357 1004 115 36 värde
514 1005 66 36 allt
622 1005 96 38 efter
759 1007 64 36 det
859 1010 227 44 råmaterial,
1116 1010 135 37 hvaraf
1276 1012 70 36 den
1378 1020 40 28 är
1445 1013 246 50 förfärdigad.
1747 1017 73 36 Det

216 1055 108 35 torde
352 1056 147 35 således
540 1070 88 23 vara
668 1058 112 45 klart,
822 1065 56 30 att
915 1073 43 22 en
996 1062 313 48 sågverksegares
1338 1065 100 35 vinst
1466 1065 39 36 af
1529 1068 167 34 rörelsen
1726 1081 93 35 upp-

216 1105 170 36 kommer
428 1108 104 34 såväl
573 1108 40 35 af
650 1108 132 48 sjelfva
823 1113 170 45 råvaran,
1036 1113 71 34 den
1149 1112 203 38 afverkade
1390 1116 153 48 skogen,
1581 1130 80 23 som
1690 1119 39 35 af
1754 1120 65 35 det

215 1156 142 45 arbete,
386 1170 81 23 som
496 1158 126 37 blifvit
649 1160 183 47 nedlagdt
859 1162 62 35 vid
951 1162 321 49 förädlingsorten
1307 1166 68 36 och
1406 1170 21 32 å
1455 1168 191 47 platserna
1674 1169 58 36 för
1760 1177 59 29 ut-

213 1208 214 48 skeppning
468 1211 69 34 och
581 1210 297 38 hufvudkontor.
933 1213 159 37 Svårare
1134 1215 72 36 blir
1248 1216 96 36 dock
1386 1224 55 29 att
1474 1219 207 37 bestämma
1710 1221 108 36 dessa

213 1258 188 37 faktorers
430 1261 178 36 inbördes
636 1262 247 46 förhållande,
914 1265 46 34 då
989 1265 104 36 detta
1121 1273 104 29 snart
1252 1268 110 46 sagdt
1389 1270 12 33 i
1430 1269 128 48 hvarje
1593 1270 66 36 fall
1687 1273 130 35 vexlar

214 1310 70 35 och
314 1310 47 36 då
389 1311 123 36 virket
538 1311 59 36 för
627 1319 54 30 ett
710 1314 94 36 enda
833 1316 178 46 sågverks
1040 1316 118 36 behof
1183 1318 70 35 kan
1284 1319 144 37 hemtas
1456 1320 81 36 från
1559 1325 134 45 många
1714 1324 103 35 kom-

213 1374 143 22 muner.
410 1361 73 37 Det
511 1363 109 36 torde
650 1364 108 36 äfven
788 1366 125 35 kunna
942 1366 252 49 ifrågasättas,
1231 1383 61 22 om
1320 1371 82 35 icke
1432 1372 71 35 den
1532 1374 172 36 växande
1733 1375 83 35 sko-

211 1425 72 33 gen
324 1413 103 35 inom
468 1417 84 32 vårt
592 1415 88 36 land
722 1423 41 28 är
798 1417 11 34 i
847 1418 69 34 och
954 1417 58 36 för
1040 1419 56 46 sig
1124 1419 40 35 af
1188 1423 39 32 så
1255 1428 79 28 stor
1368 1422 228 49 omfattning
1624 1425 69 35 och
1724 1426 91 47 vigt,

213 1468 55 30 att
296 1462 59 36 för
383 1463 217 38 densamma
628 1467 184 36 särskilda
839 1469 167 46 grunder
1034 1469 125 36 kunna
1187 1471 10 35 i
1227 1471 175 37 afseende
1423 1477 20 32 å
1463 1474 241 49 beskattning
1727 1476 88 37 fast-

212 1514 140 43 ställas,
382 1528 61 22 om
472 1515 180 38 behofvet
680 1521 40 32 så
748 1518 162 36 kräfver.
1375 1533 5 4 :

312 1564 195 38 Utskottet
535 1568 65 34 vill
631 1569 66 34 här
725 1570 176 46 påminna
922 1584 72 30 om,
1011 1571 97 36 hvad
1130 1572 213 36 dåvarande
1364 1576 204 35 statsrådet
1588 1578 70 34 och
1680 1578 133 36 chefen

211 1614 58 35 för
297 1616 436 48 finansdepartementet,
775 1620 62 35 vid
879 1621 185 36 aflåtande
1106 1623 58 35 till
1205 1626 91 34 1883
1327 1628 58 32 års
1418 1625 168 49 Riksdag
1614 1627 40 35 af
1680 1628 132 48 Kongl.

211 1665 122 47 Maj:ts
361 1665 105 37 förut
494 1668 248 38 omförmälda
771 1672 235 46 proposition
1037 1674 191 46 angående
1257 1674 140 49 förslag
1425 1677 57 35 till
1502 1691 48 34 ny
1573 1679 241 49 bevillnings-

210 1715 234 50 förordning,
473 1719 11 35 i
514 1719 226 37 hithörande
769 1722 104 35 delar
901 1722 156 37 anförde
1085 1725 58 34 till
1171 1723 439 55 statsrådsprotokollet:

311 1768 175 47 »Frågan,
514 1776 123 41 yttrar
667 1772 85 35 herr
780 1774 215 43 statsrådet,
1018 1775 187 36 huruvida
1225 1779 172 34 växande
1423 1780 93 46 skog
1537 1780 67 35 bör
1624 1781 188 37 beskattas

210 1817 95 37 efter
346 1819 85 36 dess
472 1820 420 53 afkastningsförmåga,
936 1826 68 34 och
1042 1826 146 36 således
1224 1841 136 33 genom
1388 1824 422 62 fastighetsbevillning,

210 1870 92 35 eller
331 1870 95 36 efter
454 1872 71 35 den
554 1873 176 45 inkomst,
759 1888 247 35 som.egaren
1036 1878 194 48 verkligen
1261 1879 135 48 drager
1424 1881 40 35 af
1488 1883 154 47 skogen,
1672 1884 34 34 d.
1728 1897 33 22 v.
1783 1899 26 21 s.

207 1934 138 34 genom
387 1922 387 51 inkomstbevillning,
823 1926 68 36 hör
940 1928 57 35 till
1048 1928 45 36 de
1144 1930 242 36 svårlöstaste
1422 1932 103 36 inom
1567 1934 244 50 bevillnings-

208 1973 311 48 lagstiftningens
539 1975 165 36 område.
747 1976 247 49 Svårigheten
1016 1979 111 36 beror
1147 1980 128 48 derpå,
1296 1987 55 30 att
1371 1984 171 35 växande
1563 1984 95 48 skog
1677 1986 134 36 visser-

207 2024 112 46 ligen,
348 2027 122 32 såsom
501 2032 55 29 ett
584 2027 242 46 adpertinens
855 2030 58 33 till
941 2031 165 44 marken,
1136 2032 57 35 till
1214 2033 54 34 sin
1285 2034 187 46 juridiska
1494 2035 176 36 karakter
1694 2044 40 28 är
1755 2044 55 29 att

208 2074 174 36 betrakta
410 2079 122 32 såsom
560 2076 193 49 fastighet,
783 2093 84 21 men
895 2086 56 29 att
978 2081 142 48 skogen
1149 2083 10 34 i
1189 2082 174 37 afseende
1394 2088 45 43 på
1467 2087 70 34 den
1567 2086 108 45 form,
1704 2088 106 36 hvar-

210 2125 118 35 under
356 2125 262 50 afkastningen
648 2128 40 36 af
713 2129 214 37 densamma
956 2132 141 41 vinnes,
1134 2134 3 34 i
1166 2137 134 44 många
1334 2136 157 47 stycken
1519 2136 141 37 företer
1688 2145 121 30 större

209 2176 120 35 likhet
357 2177 86 36 med
472 2177 55 36 lös
557 2180 184 46 egendom
771 2188 46 28 än
846 2182 84 35 med
958 2182 192 47 fastighet.
1204 2184 56 36 Då
1297 2199 83 22 man
1411 2187 192 36 beskattar
1631 2189 180 49 fastighet

208 2225 96 36 efter
345 2227 85 36 dess
471 2228 419 50 afkastningsförmåga,
932 2233 84 35 sker
1059 2234 103 36 detta
1203 2235 162 46 derföre,
1402 2244 56 30 att
1493 2252 83 22 man
1615 2253 108 23 anser
1752 2242 57 46 sig

208 2277 126 35 kunna
375 2278 95 36 efter
511 2293 196 36 noggrann
749 2282 284 48 undersökning
1061 2285 40 35 af
1126 2286 246 48 fastighetens
1401 2291 190 47 naturliga
1619 2291 189 37 förmåner
