2208 2632
688 187 344 32 Jordbruksutskottets
1057 188 163 32 utlåtande
1243 190 48 30 Nr
1314 190 50 31 46.
1760 192 35 30 21

247 262 90 36 fulla
365 263 398 49 konstgödselmedlen
794 265 54 36 till
877 266 125 47 lägsta
1030 267 155 48 möjliga
1214 268 121 48 priser
1363 274 41 30 är
1432 272 53 32 ett
1514 267 139 49 viktigt
1681 269 54 36 led
1768 269 9 35 i
1798 270 45 36 de

245 314 188 48 åtgärder,
463 328 80 23 som
569 316 82 36 från
671 316 62 37 det
753 317 208 37 allmännas
976 318 82 36 sida
1086 319 127 36 kunna
1234 320 174 48 vidtagas
1430 320 57 36 för
1506 320 162 36 nämnda
1688 321 154 48 närings

247 364 327 52 understödjande.
631 368 68 36 Att
740 369 384 47 uppmärksamheten
1166 370 132 37 härvid
1334 371 11 36 i
1374 371 156 36 främsta
1571 378 164 30 rummet
1776 372 67 36 bör

242 421 120 44 ägnas
403 418 258 49 utnyttjandet
688 419 11 35 i
728 420 215 48 möjligaste
978 425 84 32 mån
1091 436 47 21 av
1166 425 90 33 våra
1283 435 99 35 egna
1409 423 208 48 tillgångar
1644 437 112 35 synes
1783 431 58 29 ut-

245 468 141 37 skottet
413 469 224 52 uppenbart.

374 519 130 37 Såsom
551 520 12 36 i
609 520 71 37 den
727 535 46 23 av
814 522 86 36 herr
944 522 187 37 Lindman
1164 537 48 22 m.
1242 524 36 36 fl.
1307 524 135 36 väckta
1470 525 191 36 motionen
1689 527 152 46 erinras,

247 571 202 36 förefinnas
484 578 56 29 tre
570 572 183 36 särskilda
795 586 168 36 grupper
1004 574 383 49 konstgödselmedel,
1416 576 192 47 nämligen
1635 576 208 48 fosfatgöd-

247 622 191 44 selmedel,
468 622 376 49 kvävegödselmedel
885 624 70 37 och
998 625 344 49 kaligödselmedel,
1370 627 102 35 vilka
1500 627 178 47 samtliga
1706 632 62 31 äro
1797 642 44 22 av

246 680 78 29 stor
352 672 193 51 betydelse
573 674 59 36 för
658 677 82 34 vårt
764 675 195 47 jordbruk.
1015 676 75 36 För
1119 677 282 37 framställande
1429 691 46 23 av
1504 679 164 36 nämnda
1695 679 148 48 gödsel-

246 724 120 36 medel
409 724 159 37 medelst
608 726 198 37 inhemska
842 730 177 35 råämnen
1050 728 96 36 hava
1175 729 256 37 framkommit
1458 730 193 49 åtskilliga
1678 731 166 36 metoder

248 775 70 36 och
347 776 176 48 uppslag,
553 790 81 23 som
664 792 113 35 synas
806 779 179 49 förtjänta
1013 794 46 22 av
1088 780 220 37 beaktande.

377 826 82 37 Vad
491 829 400 49 fosfatgödselmedlen
920 831 177 37 beträffar
1123 832 66 36 vill
1217 832 184 37 utskottet
1433 833 158 49 påpeka,
1621 839 54 30 att
1702 834 53 35 till
1786 840 57 30 ut-

247 877 164 38 skottets
453 879 236 49 behandling
717 882 187 48 föreligga
933 883 79 36 dels
1041 896 45 23 en
1114 883 132 48 kungl.
1275 885 236 49 proposition
1540 898 61 22 om
1630 890 53 32 ett
1711 885 133 49 anslag

247 933 20 33 å
315 932 162 46 100,000
519 931 142 37 kronor
694 932 55 36 till
783 932 256 50 akiiebolaget
1066 934 165 37 Difostat
1259 936 58 35 för
1345 936 247 36 fortsättande
1621 936 69 36 och
1719 937 124 35 avslu-

246 982 115 36 tande
408 995 46 23 av
495 982 177 49 bolagets
728 984 393 38 försöksverksambet
1171 987 58 35 för
1269 987 281 49 framställning
1593 990 49 47 på
1687 988 155 37 elektro-

246 1033 146 37 kemisk
419 1039 77 43 väg
526 1048 47 22 av
603 1035 55 36 till
686 1036 258 48 gödselmedel
974 1043 121 30 avsett
1123 1037 322 38 dikalciumfosfat
1473 1039 80 36 dels
1582 1039 69 36 ock
1680 1046 53 30 tre
1753 1040 90 35 ian-

246 1085 157 49 ledning
445 1099 47 23 av
533 1087 165 36 nämnda
739 1089 234 48 proposition
1015 1089 136 36 väckta
1196 1091 196 36 motioner.
1462 1090 173 37 Rörande
1680 1091 160 37 nämnda

245 1138 238 47 proposition
512 1138 70 36 och
612 1139 188 36 motioner
827 1140 172 36 kommer
1026 1141 183 36 utskottet
1230 1147 55 30 att
1305 1142 138 49 avgiva
1464 1142 151 36 särskilt
1637 1143 203 36 utlåtande.

374 1189 133 48 Enligt
535 1190 72 36 vad
636 1191 185 36 utskottet
848 1192 187 36 inhämtat
1062 1193 68 36 har
1158 1192 173 38 Skånska
1347 1194 244 49 superfosfat-
1611 1194 70 37 och
1697 1196 144 36 svavel-

244 1240 493 49 syrefabriksaktiebolaget
781 1242 9 36 i
837 1242 264 51 Hälsingborg
1145 1245 9 35 i
1198 1245 179 36 skrivelse
1410 1246 56 35 till
1495 1251 143 31 statens
1666 1246 176 36 industri-

245 1292 247 37 kommission
525 1293 168 46 anhållit,
724 1299 54 31 att
805 1295 196 36 inhemska
1027 1299 151 33 råvaror
1206 1299 125 34 måtte:
1350 1297 128 36 ställas
1498 1297 56 36 till
1573 1297 172 48 bolagets
1766 1298 74 36 för-

245 1344 165 48 fogande
439 1344 58 36 för
524 1344 282 50 framställning
834 1359 45 22 av
909 1347 351 49 fosforsyrehaltiga
1286 1349 332 48 gödningsämnen
1646 1350 120 47 enligt
1793 1362 46 24 en

243 1395 161 55 särskild
448 1395 124 37 metod
615 1402 177 31 ävensom
834 1397 162 49 erbjudit
1038 1399 60 48 sig
1139 1405 54 30 att
1220 1405 93 30 utan
1340 1400 163 36 kostnad
1531 1401 58 35 för
1616 1401 223 37 statsverket

242 1452 171 44 upptaga
442 1460 46 23 en
518 1447 397 51 försökstillverkning
943 1450 94 36 efter
1065 1451 124 35 denna
1216 1451 139 48 metod,
1384 1451 126 36 vilken
1536 1451 179 38 skrivelse
1735 1457 103 32 över-

242 1499 162 36 lämnats
432 1499 57 36 till
519 1500 203 36 statsrådet
744 1501 70 35 och
834 1501 132 36 chefen
987 1502 58 36 för
1059 1502 515 50 jordbruksdepartementet.
1613 1503 72 37 Vid
1706 1504 133 37 sådant

243 1550 233 37 förhållande
518 1551 96 36 lärer
642 1552 121 48 enligt
791 1553 206 36 utskottets
1017 1554 243 37 förmenande
1288 1554 141 49 Kungl.
1460 1555 107 48 Maj:t
1594 1556 81 36 icke
1703 1557 134 35 under-

242 1602 75 36 låta
360 1607 54 31 att
451 1608 92 43 taga
571 1603 119 36 under
717 1605 262 47 övervägande
1007 1605 184 37 huruvida
1218 1606 69 36 och
1316 1606 10 36 i
1356 1607 74 36 vad
1459 1610 87 33 mån
1573 1610 177 34 råämnen
1779 1611 58 34 må

241 1654 130 37 kunna
412 1655 84 35 från
539 1655 255 48 fyndigheter,
837 1661 158 32 varöver
1035 1663 122 30 staten
1185 1663 91 44 äger
1304 1664 55 30 att
1386 1658 222 48 bestämma,
1638 1660 198 36 tillhanda-

241 1705 118 36 hållas
389 1706 58 35 för
477 1706 278 48 framställning
782 1721 47 22 av
858 1707 139 37 sådana
1025 1709 268 48 gödselmedel.

368 1757 175 37 Rörande
588 1758 408 49 kvävegödselmedlen
1042 1761 70 35 och
1157 1761 359 49 kaligödselmedlen
1562 1763 65 35 vill
1656 1763 181 36 utskottet

240 1808 161 49 åberopa
431 1809 72 37 den
530 1809 189 49 ingående
747 1811 228 48 motivering
1016 1812 230 37 beträffande
1274 1813 110 37 dessa
1412 1814 268 49 gödselmedel,
1710 1815 125 36 vilken

244 1860 199 37 återfinnes
471 1861 13 36 i
512 1861 74 36 den
614 1875 45 22 av
688 1862 85 36 herr
800 1862 186 37 Lindman
1015 1878 47 22 m.
1092 1863 37 37 £.
1159 1864 135 37 väckta
1321 1866 203 36 motionen.

368 1912 14 36 I
411 1912 117 37 likhet
566 1913 87 36 med
681 1913 276 38 motionärerna
985 1916 116 35 håller
1127 1916 186 36 utskottet
1341 1917 88 47 före,
1460 1923 54 30 att
1542 1918 176 48 åtgärder
1745 1918 90 37 böra

238 1964 82 36 från
349 1965 310 36 statsmakternas
687 1965 80 36 sida
795 1966 175 49 vidtagas
999 1968 57 36 för
1082 1967 319 50 understödjande
1430 1982 46 23 av
1503 1969 47 36 de
1569 1970 12 35 i
1601 1970 233 36 motionerna

238 2016 165 49 angivna
431 2017 187 48 syftemål,
647 2017 70 36 och
745 2030 110 24 anser
874 2019 192 47 utskottet,
1088 2025 55 31 att
1166 2021 278 36 motionärerna
1467 2021 12 36 i
1498 2021 134 36 sådant
1652 2022 182 36 avseende

238 2068 172 36 framfört
438 2067 298 38 beaktansvärda
765 2070 247 49 synpunkter.

367 2119 74 36 För
470 2120 211 36 utrönande
709 2134 46 22 av
782 2120 45 37 de
856 2122 182 48 åtgärder,
1068 2136 81 23 som
1178 2123 129 37 kunna
1333 2137 91 23 vara
1447 2125 149 48 ägnade
1622 2130 56 31 att
1697 2125 136 49 främja

238 2171 288 49 ifrågavarande
569 2173 195 47 spörsmål,
805 2186 113 36 synes
952 2178 97 32 även
1085 2175 183 37 utskottet
1296 2189 46 23 en
1371 2175 154 49 allsidig
1552 2177 208 48 utredning
1788 2190 45 23 av

239 2223 132 48 frågan
401 2223 12 36 i
442 2223 83 36 hela
553 2223 85 37 dess
667 2224 87 36 vidd
783 2231 145 31 snarast
956 2227 150 48 möjligt
1134 2226 90 37 böra
1253 2227 151 37 komma
1432 2228 57 36 till
1517 2228 121 36 stånd.

281 2282 128 42 Bihang
432 2284 49 31 till
504 2283 186 42 riksdagens
712 2284 153 42 protokoll
888 2287 94 31 1917.
1036 2288 35 30 10
1095 2288 87 30 saml.
1229 2289 41 30 32
1293 2288 79 40 häft.
1420 2288 67 38 (Nr
1512 2289 66 35 46.)
1769 2290 20 30 4
