1886 2834
529 201 276 27 Bankoutskottets
827 201 158 28 utlåtande
1004 202 43 26 Nr
1067 203 45 25 49.
1552 204 13 28 1

739 481 67 39 Nr
838 480 65 40 49.

595 610 112 25 Ankom
731 611 39 24 till
795 611 167 31 riksdagens
985 612 92 24 kansli
1103 612 52 24 den
1180 612 33 24 22
1238 612 57 31 maj
1321 613 66 23 1942
1412 612 36 24 kl.
1474 613 30 23 12
1530 620 35 16 m.

277 718 181 30 Utlåtande
485 720 9 28 i
519 718 186 40 anledning
730 729 41 20 av
798 720 124 29 väckta
949 721 168 29 motioner
1143 730 55 21 om
1224 720 280 39 tilläggspension
1532 720 36 30 åt

475 779 368 39 materialförvaltaren
865 781 29 31 J.
920 782 35 30 L.
977 781 224 32 Mårtensson.

121 906 13 30 I
156 905 58 31 två
232 906 222 39 likalydande
474 907 180 36 motioner,
676 908 123 29 väckta
821 908 66 30 den
908 917 64 22 ena
991 908 95 30 inom
1107 908 108 31 första
1235 910 203 29 kammaren
1459 910 108 29 under

77 969 42 20 nr
145 960 61 30 139
230 970 41 20 av
294 960 80 30 herr
398 960 126 39 Björck
545 960 107 39 jämte
675 964 48 27 tre
747 971 41 20 av
813 962 220 30 kammarens
1058 962 116 39 övriga
1199 962 188 31 ledamöter
1412 963 63 30 och
1500 964 66 29 den

77 1014 111 29 andra
205 1013 92 32 inom
316 1014 111 30 andra
444 1015 205 29 kammaren
666 1015 108 30 under
793 1024 42 21 nr
856 1016 60 29 193
935 1025 41 20 av
994 1016 78 29 herr
1092 1016 108 38 Vougt
1218 1016 106 38 jämte
1343 1019 49 27 tre
1411 1026 41 20 av
1471 1017 95 29 kam-

77 1076 137 21 marens
240 1067 117 39 övriga
382 1068 204 36 ledamöter,
606 1068 64 30 har
695 1069 202 35 hemställts,
928 1072 67 27 »att
1018 1069 183 38 riksdagen
1228 1069 105 31 måtte
1361 1070 206 30 tillerkänna

76 1120 370 31 materialförvaltaren
474 1121 9 29 i
511 1121 259 39 riksdagshuset
800 1122 115 30 Johan
943 1122 132 39 Ludvig
1103 1122 214 31 Mårtensson
1347 1133 41 20 en
1418 1123 148 39 tilläggs-

77 1174 145 39 pension
245 1175 78 29 med
347 1177 47 27 ett
418 1173 100 40 årligt
540 1175 126 39 belopp
690 1184 41 21 av
759 1176 93 29 1000
876 1176 127 30 kronor
1028 1179 49 27 alt
1102 1175 80 40 utgå
1206 1175 77 31 från
1308 1177 65 30 och
1398 1177 77 30 med
1500 1177 66 30 den

77 1228 77 38 dag,
176 1227 44 31 då
242 1228 69 30 han
335 1228 171 30 tillträder
528 1228 149 39 pension
700 1238 75 21 som
797 1229 385 31 materialförvaltare»>.

122 1317 66 30 Till
207 1317 75 31 stöd
301 1317 55 30 för
375 1316 266 40 ifrågavarande
659 1318 128 39 förslag
806 1318 139 31 anföres
965 1319 9 29 i
994 1319 175 30 motionen
1189 1319 28 29 I:
1234 1320 62 29 139
1316 1319 167 39 följande:

126 1391 11 14 »
144 1379 377 31 Materialförvaltaren
550 1380 10 29 i
587 1380 265 39 riksdagshuset
880 1381 115 30 Johan
1021 1381 135 39 Ludvig
1182 1381 221 31 Mårtensson
1429 1381 139 40 uppnår

77 1423 236 31 innevarande
335 1424 40 30 år
396 1425 41 29 65
459 1424 38 30 år
517 1425 67 29 och
606 1426 39 28 är
668 1424 132 31 således
823 1426 109 38 enligt
953 1426 160 38 gällande
1135 1426 432 38 pensionsbestämmelser

77 1468 137 38 skyldig
234 1471 49 27 att
305 1468 89 39 avgå
414 1468 80 30 från
517 1469 52 30 sin
591 1469 208 39 befattning,
822 1470 113 30 ehuru
956 1470 81 36 han,
1059 1480 76 20 som
1156 1471 54 29 för
1232 1470 53 30 sin
1307 1470 97 31 ålder
1423 1471 144 30 besitter

77 1515 73 35 gott
170 1512 261 31 hälsotillstånd
451 1513 66 30 och
538 1514 152 30 obrutna
710 1514 279 38 kroppskrafter,
1013 1515 111 29 skulle
1145 1515 120 30 kunna
1287 1518 48 27 ett
1355 1516 83 29 eller
1458 1518 109 27 annat

76 1556 39 31 år
137 1557 141 30 kvarstå
300 1557 9 29 i
332 1557 54 30 sin
406 1558 236 30 ansvarsfulla
663 1559 66 29 och
750 1559 179 29 krävande
950 1559 207 38 befattning.

122 1601 65 30 Det
213 1602 37 29 är
275 1602 148 30 allmänt
447 1602 85 30 känt
557 1602 67 30 och
652 1603 133 35 erkänt,
812 1606 50 27 att
888 1603 220 31 Mårtensson
1134 1604 80 30 med
1239 1604 236 39 hängivenhet
1500 1604 67 31 och

76 1646 113 38 aldrig
211 1646 167 30 svikande
402 1646 146 30 intresse
570 1648 94 29 skött
687 1647 75 30 sina
785 1647 209 39 åligganden
1017 1647 44 40 på
1083 1651 47 27 ett
1152 1649 139 38 mycket
1314 1649 163 39 skickligt
1499 1650 68 29 sätt

77 1691 67 30 och
169 1693 50 27 att
244 1691 70 30 han
341 1691 101 30 alltid
466 1691 219 39 beredvilligt
711 1692 93 30 ställt
831 1692 51 38 sig
910 1692 52 30 till
989 1693 210 38 förfogande
1225 1693 57 30 vid
1309 1693 188 31 utförande
1524 1703 42 21 av

76 1735 133 30 honom
231 1734 150 40 pålagda
405 1736 187 38 uppgifter.
619 1736 121 30 Såsom
764 1740 47 26 ett
833 1738 228 29 erkännande
1084 1738 56 29 för
1163 1738 88 29 hans
1274 1738 202 39 långvariga
1500 1738 67 30 och

77 1779 256 39 förtjänstfulla
364 1781 224 29 verksamhet
619 1781 9 29 i
660 1781 205 38 riksdagens
896 1781 108 39 tjänst
1035 1792 84 20 anse
1151 1782 31 30 vi
1213 1783 57 29 det
1300 1792 84 21 vara
1413 1782 153 39 befogat,

77 1833 58 20 om
157 1824 69 30 han
248 1824 227 31 tillerkännes
499 1834 41 21 en
564 1825 289 39 tilläggspension
875 1829 50 27 alt
945 1826 82 38 utgå
1048 1828 122 28 utöver
1192 1827 66 29 den
1280 1827 132 30 honom
1435 1828 9 29 i
1467 1835 99 31 egen-

76 1869 88 38 skap
188 1878 42 20 av
253 1869 354 30 materialförvaltare
632 1870 268 30 tillkommande
923 1871 202 38 pensionen.

122 1912 220 30 Mårtensson
364 1913 65 30 har
451 1914 87 29 varit
562 1915 153 29 anställd
737 1914 9 29 i
769 1914 206 38 riksdagens
998 1915 108 38 tjänst
1130 1915 9 29 i
1162 1916 81 29 över
1265 1916 41 29 40
1330 1915 38 30 år
1391 1916 65 30 och
1479 1916 10 29 i
1512 1916 54 30 sin

78 1958 202 29 nuvarande
300 1957 199 39 befattning
520 1958 10 29 i
550 1958 41 30 35
613 1957 49 36 år,
685 1959 174 29 varunder
881 1958 71 30 han
972 1958 76 31 haft
1070 1960 257 38 en”arbetsdag,
1353 1969 74 21 som
1447 1960 120 38 betyd-

77 2001 62 38 ligt
165 2001 209 30 överskridit
403 2002 66 29 den
497 2002 55 29 för
580 2002 225 39 statstjänare
834 2003 148 38 vanliga.
1022 2003 79 30 Han
1129 2003 63 30 har
1220 2004 85 37 tagit
1334 2013 41 21 en
1405 2005 161 29 verksam

77 2045 55 30 del
159 2045 10 29 i
196 2046 373 30 omhänderhavandet
596 2056 42 20 av
665 2046 129 31 vården
821 2056 43 21 av
891 2047 263 39 riksdagshuset
1180 2048 65 30 och
1271 2048 64 30 har
1363 2049 204 30 medverkat

77 2089 58 30 vid
165 2090 216 30 tillkomsten
412 2100 41 21 av
483 2091 42 29 de
557 2091 101 30 flesta
691 2091 130 38 förslag
854 2092 50 29 till
933 2092 267 39 ombyggnaden
1230 2102 42 20 av
1303 2093 264 38 riksdagshuset

77 2143 75 20 som
175 2144 46 20 nu
243 2135 65 29 och
330 2135 148 37 tidigare
499 2136 150 29 kommit
671 2136 51 29 till
743 2136 198 30 utförande.
976 2136 66 30 För
1064 2137 99 30 dessa
1185 2137 297 39 arbetsuppgifter
1502 2138 65 29 har

77 2178 70 30 han
177 2178 76 30 icke
279 2178 144 39 ålnjutit
449 2179 115 38 någon
593 2180 150 29 särskild
771 2180 204 38 ersättning,
1004 2190 78 20 men
1113 2182 87 29 hans
1229 2182 168 29 arbetstid
1427 2182 101 38 tagits
1558 2181 9 29 i

77 2222 155 39 anspråk
260 2223 9 29 i
297 2222 109 31 sådan
436 2224 214 38 omfattning
680 2227 48 27 alt
758 2224 70 30 han
857 2224 31 38 ej
916 2225 136 30 kunnat
1080 2226 142 29 komma
1250 2226 9 28 i
1288 2225 208 39 åtnjutande
1524 2236 43 20 av

77 2266 116 38 någon
214 2267 150 37 ledighet
385 2268 111 29 under
515 2268 42 29 de
578 2272 137 26 senaste
736 2269 93 29 åren.
864 2269 64 29 Det
948 2270 69 28 kan
1040 2269 117 30 vidare
1179 2271 158 34 nämnas,
1360 2273 50 26 att
1430 2271 69 29 han
1522 2270 44 38 på

76 2314 76 33 eget
181 2310 148 30 initiativ
358 2311 89 30 efter
473 2311 198 38 mångårigt
698 2312 117 29 arbete
846 2312 134 38 lyckats
1009 2313 245 29 rekonstruera
1283 2314 283 38 riksdagshusets

78 2355 186 29 förkomna
285 2355 171 38 pålkarta.

121 2399 80 29 Med
222 2399 136 38 hänsyn
386 2399 47 29 till
457 2400 66 29 den
548 2400 103 36 långa
675 2400 65 30 och
764 2400 255 38 förtjänstfulla
1043 2401 232 35 verksamhet,
1299 2411 76 20 som
1399 2402 167 30 Mårtens-

77 2452 61 20 son
164 2443 135 38 nedlagt
322 2443 8 29 i
355 2443 201 38 riksdagens
580 2444 114 38 tjänst,
718 2454 81 20 anse
822 2445 43 35 vi,
891 2448 48 26 alt
962 2445 181 38 riksdagen
1166 2446 62 29 bör
1251 2445 76 39 giva
1351 2446 56 30 silt
1429 2447 137 38 uttryck

76 2487 64 29 och
164 2487 222 30 erkännande
409 2488 118 30 härför
550 2496 124 31 genom
695 2491 47 27 att
765 2489 123 38 bevilja
912 2489 127 30 honom
1061 2499 42 20 en
1127 2489 278 39 tilläggspension
1428 2489 18 31 å
1473 2492 11 28 1
1502 2492 64 28 000

77 2532 162 29 kronor.»

117 2584 120 35 Bihang
254 2585 45 26 till
316 2585 181 35 riksdagens
515 2585 158 35 protokoll
692 2587 83 26 1942.
803 2587 18 26 8
839 2587 87 27 saml.
955 2587 42 27 Nr
1015 2587 125 27 49—50.
