2218 2630
687 177 347 34 Jordbruksutskottets
1057 180 163 31 memorial
1245 181 51 31 Nr
1319 183 50 29 86.
1781 187 14 29 1

956 552 58 40 Nr
1040 553 63 40 86.

723 705 115 30 Ankom
863 705 41 29 till
929 705 171 38 riksdagens
1125 707 92 31 kansli
1242 709 56 28 den
1325 709 37 27 12
1387 709 56 37 maj
1472 710 79 29 1919
1576 710 36 31 kl.
1639 711 16 28 5
1680 721 23 19 e.
1730 722 39 18 m.

420 846 186 35 Memorial
631 848 13 33 i
671 846 188 45 anledning
900 859 42 23 av
983 848 208 35 kamrarnas
1231 849 199 46 skiljaktiga
1469 851 108 35 beslut
1618 851 216 46 beträffande

621 905 132 44 Kungl.
795 906 129 42 Maj:ts
958 907 218 43 proposition
1203 909 176 42 angående
1402 910 123 43 anslag
1546 909 66 43 för
1639 911 193 38 beredande

621 974 42 24 av
692 963 153 46 lindring
872 965 12 33 i
911 964 40 35 de
978 964 135 35 mindre
1141 965 210 36 bemedlades
1375 967 275 36 levnadsvillkor.

317 1111 16 35 I
361 1110 140 37 nionde
541 1111 244 36 huvudtiteln
828 1126 46 23 av
911 1116 102 34 årets
1054 1114 457 50 statsverksproposition
1551 1117 100 38 hade
1683 1119 143 50 Kungl.

215 1160 109 49 Maj:t
363 1160 202 50 föreslagit
602 1162 209 48 riksdagen
852 1164 90 36 att
931 1156 24 64 i
971 1164 165 37 avbidan
1174 1168 48 45 på
1250 1165 179 38 blivande
1458 1168 284 48 propositioner
1770 1173 59 34 för

215 1211 219 37 beredande
463 1224 47 24 av
537 1211 170 50 lindring
734 1213 11 35 i
769 1213 47 36 de
846 1214 148 36 mindre
1035 1214 250 38 bemedlades
1325 1216 304 39 levnadsvillkor
1657 1219 171 39 beräkna

214 1261 83 37 dels
326 1264 20 33 å
374 1267 107 30 extra
509 1268 77 30 stat
610 1263 59 36 för
698 1267 39 32 år
767 1265 96 35 1920
891 1270 55 31 ett
970 1266 138 47 anslag
1137 1278 47 23 av
1212 1268 197 44 5,000,000
1437 1268 154 48 kronor,
1615 1269 82 38 dels
1706 1257 16 63 å
1753 1271 76 37 till-

214 1312 194 48 läggsstat
436 1312 58 36 för
519 1315 40 34 år
590 1315 93 34 1919
713 1319 55 30 ett
796 1314 139 49 anslag
959 1328 48 23 av
1034 1317 226 46 47,000,000
1289 1317 152 37 kronor.

314 1361 179 37 Därefter
528 1362 100 38 hade
667 1363 141 49 Kungl.
851 1365 106 48 Maj:t
984 1366 9 35 i
1019 1378 47 23 en
1106 1365 73 37 den
1217 1368 45 34 18
1304 1381 101 23 mars
1449 1370 94 35 1919
1574 1369 165 46 avlåten,
1767 1370 58 37 till

209 1411 402 48 Jordbruksutskottet
651 1414 188 51 hänvisad
879 1415 240 49 proposition
1160 1430 45 22 nr
1232 1419 84 43 342,
1350 1418 122 37 under
1505 1419 243 50 åberopande
1778 1434 48 24 av

212 1462 121 49 bilagt
361 1462 141 50 utdrag
529 1477 47 23 av
599 1464 424 49 statsrådsprotokollet
1042 1466 59 37 för
1120 1480 147 24 samma
1287 1468 88 49 dag,
1392 1469 203 50 föreslagit
1614 1471 210 49 riksdagen

212 1519 55 30 att
307 1513 59 37 för
398 1514 219 37 beredande
646 1529 47 23 av
716 1515 170 50 lindring
912 1517 11 36 i
952 1517 47 37 de
1028 1517 149 37 mindre
1205 1518 248 38 bemedlades
1482 1520 303 39 levnadsvillkor
1813 1523 11 36 i

212 1563 259 50 huvudsaklig
503 1566 387 38 överensstämmelse
919 1567 86 37 med
1035 1568 48 37 de
1111 1581 47 23 av
1181 1569 137 36 chefen
1348 1570 59 37 för
1430 1571 391 50 jordbruksdeparte-

213 1619 145 32 mentet
385 1615 10 35 i
424 1616 425 50 statsrådsprotokollet
887 1618 213 49 tillstyrkta
1127 1619 171 49 grunder
1327 1621 132 37 anvisa
1484 1625 125 34 såsom
1638 1623 186 50 förslags-

212 1665 107 36 ansla

313 1679 82 73 dels
424 1718 21 34 å
471 1715 239 50 tilläggsstat
737 1717 60 37 för
826 1722 40 33 år
896 1720 95 36 1919
1021 1721 225 46 30,000,000
1275 1721 152 47 kronor,

312 1766 83 37 dels
424 1767 70 36 ock
524 1770 21 33 å
568 1772 108 32 extra
700 1774 77 31 stat
804 1769 59 36 för
891 1772 41 34 år
957 1772 98 35 1920
1084 1772 198 45 6,000,000
1306 1772 152 37 kronor.

311 1817 17 36 I
356 1816 66 37 sitt
450 1817 87 36 med
566 1818 211 49 anledning
803 1819 119 37 härav
951 1821 167 48 avgivna
1145 1822 196 37 utlåtande
1370 1837 45 22 nr
1436 1825 46 35 70
1502 1823 99 37 hade
1621 1824 202 47 utskottet,

209 1866 117 37 bland
355 1873 127 39 annat,
512 1868 127 37 anfört
667 1869 186 49 följande:

311 1929 218 21 PO

308 1968 176 49 Rörande
516 1970 224 47 grunderna
767 1971 59 36 för
850 1970 159 50 bidrags
1039 1973 193 47 utgående
1260 1973 84 37 från
1373 1973 108 37 detta
1508 1974 138 50 anslag
1674 1973 147 48 (nämli-

208 2031 76 35 gen
326 2019 176 47 anslaget
543 2019 58 37 till
643 2020 219 38 beredande
903 2035 47 24 av
983 2022 170 49 lindring
1180 2023 9 36 i
1219 2023 46 37 de
1290 2024 148 36 mindre
1463 2025 248 37 bemedlades
1741 2026 79 37 lev-

206 2068 249 48 nadsvillkor)
497 2070 76 36 kan
614 2070 65 37 det
719 2071 228 50 visserligen
977 2073 10 35 i
1015 2073 173 37 förstone
1228 2074 189 47 förefalla,
1458 2088 83 24 som
1582 2089 60 23 om
1680 2077 65 36 det
1772 2090 47 23 av

208 2118 656 51 folkhushållningskommissionen
905 2123 241 37 framställda
1184 2124 199 49 förslaget,
1422 2131 56 31 att
1510 2126 310 50 grundbidraget

207 2182 158 25 numera
393 2171 117 37 borde
541 2171 191 48 bortfalla,
761 2172 82 38 icke
872 2174 173 37 saknade
1072 2175 97 36 visst
1197 2175 79 49 fog.
1330 2175 74 37 Det
1424 2176 259 38 förhållandet
1702 2178 118 36 emel-

206 2219 126 48 lertid,
370 2227 56 31 att
464 2235 45 23 en
548 2222 120 37 sådan
711 2223 218 50 anordning
967 2224 124 37 skulle
1133 2225 129 38 kunna
1290 2226 200 37 föranleda
1518 2227 140 48 därtill,
1687 2233 56 32 att
1771 2229 48 36 de

289 2277 132 42 Bihang
446 2278 52 33 till
520 2279 190 42 riksdagens
726 2281 156 40 protokoll
904 2284 91 29 1919.
1040 2285 43 29 10
1105 2283 89 31 saml.
1239 2285 42 29 52
1303 2282 80 42 häft.
1429 2284 70 40 (Nr
1522 2284 67 40 86)
