1904 2780
314 155 20 30 4
655 155 298 37 Statsutskottets
971 160 184 35 utlåtande
1173 173 42 21 nr
1232 164 65 39 104
1315 164 40 33 år
1371 166 91 32 1960

314 231 251 35 räntelikvider
587 234 21 34 å
630 233 42 35 de
694 236 151 34 svenska
868 238 294 36 statskrediterna
1184 241 52 34 till
1259 242 150 35 Finland
1438 244 113 44 (prop.
1578 247 142 33 1938:B
1746 252 55 36 57,

313 274 57 35 SU
387 276 29 33 B
437 279 77 38 106,
530 277 94 35 Rskr
638 279 30 33 B
687 280 94 42 129).

357 320 78 34 När
451 321 61 34 det
528 322 106 42 gäller
651 328 56 29 att
723 324 78 35 från
821 326 41 34 de
880 328 306 42 utgångspunkter
1202 330 60 43 jag
1278 343 83 32 nyss
1380 334 137 42 angivit
1534 336 86 34 söka
1638 337 52 43 sig
1708 338 91 34 fram

314 364 50 34 till
387 370 54 29 ett
465 365 160 45 lämpligt
649 368 176 41 ändamål,
850 372 113 33 måste
988 373 126 34 främst
1140 374 146 35 beaktas
1312 377 67 34 den
1404 381 296 42 genomgripande
1726 396 72 21 om-

313 408 141 44 daning,
473 423 76 22 som
567 412 59 34 det
643 414 150 34 svenska
812 415 185 35 samhället
1016 420 205 40 genomgått
1240 421 111 34 under
1370 422 42 33 de
1431 423 139 35 hundra
1590 426 81 34 åren
1691 428 107 34 sedan

311 453 148 36 fondens
483 454 183 43 tillkomst;
692 458 114 34 denna
830 460 192 44 omdaning
1044 462 64 34 har
1132 465 216 42 väsentligen
1372 467 132 34 rubbat
1528 469 270 45 förutsättning-

312 510 86 23 arna
424 499 55 34 för
506 501 173 43 åtskilliga
706 515 47 22 av
779 504 167 35 donators
974 506 270 37 förordnanden.
1272 510 136 44 Många
1436 524 46 22 av
1510 513 42 34 de
1580 514 116 35 behov
1723 529 75 21 som

311 548 134 30 avsetts
474 545 99 34 skola
601 546 200 43 tillgodoses
829 560 127 31 genom
985 551 129 35 fonden
1147 552 168 37 bestrides
1345 568 147 22 numera
1522 570 126 30 genom
1678 561 121 43 anslag

310 587 78 34 från
406 593 76 30 stat
500 590 65 33 och
585 590 170 36 kommun
775 593 11 33 i
805 606 42 21 en
868 594 73 35 helt
961 607 118 23 annan
1099 597 216 45 omfattning
1335 603 44 30 än
1400 602 47 41 på
1466 602 201 42 Längmans
1688 605 63 34 tid.

355 632 79 35 Vad
450 646 49 22 nu
515 640 95 37 sagts
627 637 99 33 torde
744 641 66 39 äga
825 638 225 45 tillämpning
1065 641 10 33 i
1091 642 147 34 särskild
1256 644 85 42 grad
1360 645 223 36 beträffande
1600 648 42 33 de
1660 649 10 33 i
1689 654 107 29 testa-

310 682 134 29 mentet
462 679 153 42 angivna
630 681 129 34 sociala
775 683 221 35 ändamålen.
1011 685 369 44 Utredningsmännen
1396 690 225 36 konstaterar
1637 694 159 40 sålunda,

310 726 55 29 att
388 722 60 34 det
472 724 127 34 sociala
621 725 93 42 läget
737 738 145 23 numera
907 732 38 30 är
967 729 74 34 helt
1064 736 109 28 annat
1198 735 43 30 än
1267 733 58 33 vid
1348 734 98 34 tiden
1471 735 54 34 för
1547 742 248 30 testamentets

309 767 176 36 tillkomst
504 769 66 34 och
591 775 55 29 att
667 771 110 34 sådan
798 773 69 33 nöd
890 785 76 22 som
986 774 183 43 Längman
1190 776 80 34 haft
1290 777 11 33 i
1322 779 178 34 tankarna
1519 780 31 42 ej
1573 781 118 43 längre
1712 782 86 35 exis-

308 815 104 30 terar.
437 812 88 34 Med
550 812 137 44 hänsyn
713 815 54 34 till
794 816 42 34 de
863 817 10 33 i
898 818 125 34 socialt
1048 820 172 34 avseende
1246 821 74 35 helt
1346 823 156 35 ändrade
1529 825 265 36 förhållandena

307 866 102 23 anser
427 857 360 43 utredningsmännen
808 866 55 29 att
883 861 131 36 fonden
1035 864 75 33 icke
1131 864 63 34 bör
1214 867 181 34 användas
1416 868 96 34 inom
1533 869 59 34 det
1613 870 10 33 i
1644 872 152 43 egentlig

307 900 141 43 mening
469 902 128 34 sociala
616 904 173 35 området.
810 906 18 33 I
849 906 115 34 denna
985 908 151 43 mening,
1158 922 76 21 som
1255 910 154 36 biträdes
1433 925 45 21 av
1500 913 153 36 flertalet
1676 928 45 21 av
1743 929 50 21 re-

306 944 316 44 missinstanserna,
646 948 71 35 kan
741 949 61 43 jag
826 950 54 34 för
905 963 85 30 egen
1017 953 54 33 del
1096 954 202 35 instämma.
1322 956 68 34 Om
1415 957 142 41 fonden,
1584 960 116 34 såsom
1725 961 68 33 för-

306 989 102 35 ordas
434 1003 46 21 av
505 992 108 42 några
638 993 306 42 remissinstanser,
969 997 110 34 skulle
1104 1002 100 38 tagas
1231 999 10 33 i
1268 1000 88 33 bruk
1383 1001 55 33 för
1462 1002 128 35 sociala
1617 1005 176 40 ändamål,

306 1033 100 35 bleve
429 1035 61 34 det
511 1037 47 42 på
578 1038 112 41 grund
712 1051 47 21 av
781 1039 42 34 de
846 1039 215 43 begränsade
1083 1054 197 24 resurserna
1303 1045 221 43 nödvändigt
1548 1052 55 29 att
1626 1048 92 35 hålla
1742 1050 51 42 sig

305 1078 95 35 inom
419 1080 127 34 enbart
568 1081 98 35 detta
689 1083 153 34 område.
865 1085 145 34 Fonden
1033 1086 110 34 skulle
1166 1088 144 34 därmed
1331 1089 36 34 få
1388 1090 170 35 karaktär
1581 1105 45 21 av
1648 1098 55 30 ett
1724 1094 67 34 för-

304 1122 218 37 hållandevis
551 1126 198 44 obetydligt
775 1128 242 43 komplement
1044 1131 52 33 till
1124 1132 61 33 det
1212 1132 10 33 i
1250 1133 129 43 dagens
1407 1135 76 42 läge
1511 1136 70 34 rikt
1609 1137 182 44 utbyggda

303 1167 128 35 sociala
457 1169 339 44 välfärdssystemet.
822 1174 65 33 Ett
912 1174 115 43 dylikt
1053 1177 148 33 resultat
1225 1177 71 35 kan
1320 1179 108 42 enligt
1454 1180 72 34 min
1552 1182 142 43 mening
1718 1184 73 33 inte

303 1223 99 24 anses
422 1215 58 32 väl
499 1214 162 44 förenligt
680 1218 80 33 med
779 1218 42 33 de
840 1219 215 43 principiella
1075 1221 213 35 intentioner
1306 1223 184 44 Längman
1511 1227 112 33 måste
1643 1232 146 38 antagas

303 1256 45 34 ha
367 1257 79 34 haft
467 1260 81 33 med
570 1259 338 39 donationsmedlen.

346 1301 188 45 Åtskilliga
555 1304 108 35 andra
684 1319 46 21 av
751 1307 42 33 de
814 1308 10 32 i
845 1313 231 31 testamentet
1097 1311 151 43 angivna
1271 1313 208 36 ändamålen
1503 1315 73 41 bör,
1598 1318 116 34 såsom
1734 1324 55 28 ut-

302 1345 317 44 redningsmännen
640 1349 130 42 funnit,
792 1352 29 42 ej
845 1352 107 35 heller
970 1354 144 35 komma
1135 1356 10 33 i
1167 1356 99 43 fråga
1286 1370 74 21 som
1384 1359 164 35 ändamål
1571 1361 54 34 för
1646 1362 143 34 fonden.

301 1391 177 42 Antingen
499 1393 112 35 drives
631 1407 147 23 numera
798 1397 66 34 den
885 1399 156 34 avsedda
1061 1401 268 35 verksamheten
1350 1403 280 44 huvudsakligen
1650 1419 46 21 av
1716 1412 70 29 stat

300 1435 82 34 eller
398 1437 183 41 kommun,
600 1440 116 33 såsom
736 1442 210 42 exempelvis
966 1444 107 41 gäller
1093 1445 221 35 beträffande
1335 1448 249 35 skolväsendet
1604 1451 65 33 och
1690 1452 98 33 kom-

300 1480 424 39 munikationsväsendet.
742 1486 94 33 Eller
853 1487 107 34 också
978 1492 39 30 är
1035 1489 209 35 ändamålen
1263 1492 133 34 sådana
1412 1514 47 4 —
1475 1494 61 42 jag
1553 1495 127 34 tänker
1696 1501 27 29 t.
1736 1509 51 21 ex.

299 1526 46 41 på
365 1527 438 45 torrläggningsföretagen
823 1551 46 5 —
888 1536 56 30 att
965 1533 61 33 det
1045 1534 125 35 kräves
1192 1535 288 43 kapitalinsatser
1501 1551 45 21 av
1567 1540 109 34 sådan
1699 1546 88 28 stor-

299 1569 224 45 leksordning
550 1577 54 29 att
631 1574 41 33 de
699 1575 31 41 ej
759 1575 280 36 tillnärmelsevis
1067 1578 71 34 kan
1165 1579 199 43 tillgodoses
1392 1582 81 33 med
1502 1583 41 33 de
1572 1584 214 44 tillgängliga

299 1614 237 36 fondmedlen.

342 1660 145 35 Bortses
504 1663 147 35 sålunda
668 1664 78 35 från
765 1666 42 34 de
825 1667 117 43 syften
959 1669 61 42 jag
1036 1682 45 21 nu
1101 1670 117 34 berört
1236 1672 150 34 återstår
1403 1686 45 21 av
1467 1674 42 34 de
1527 1676 10 32 i
1555 1680 230 31 testamentet

298 1710 184 39 upptagna
509 1708 208 35 ändamålen
745 1711 10 33 i
783 1711 188 35 huvudsak
999 1714 125 34 endast
1151 1716 143 40 sådana,
1322 1730 75 21 som
1425 1719 360 43 utredningsmännen

298 1751 134 41 angivit
451 1752 112 34 under
581 1754 65 34 den
665 1767 261 30 gemensamma
946 1758 253 44 beteckningen
1218 1760 338 44 företagsamhetens
1576 1765 209 43 främjande.

297 1795 370 44 Utredningsmännen
692 1799 65 34 har
778 1800 118 35 funnit
921 1802 60 34 det
1006 1803 138 43 möjligt
1169 1809 55 29 att
1248 1806 81 34 med
1354 1806 130 35 fonden
1509 1812 83 39 göra
1616 1822 44 22 en
1684 1810 100 44 bety-

296 1839 115 35 dande
432 1841 110 35 insats
564 1842 94 35 inom
679 1844 93 34 vissa
793 1845 167 35 områden
982 1860 46 21 av
1048 1849 238 41 näringslivet,
1308 1852 141 33 särskilt
1471 1853 223 35 beträffande
1717 1856 67 33 den

296 1887 130 32 smärre
449 1885 332 44 företagsamheten,
804 1902 74 21 som
901 1891 109 42 enligt
1033 1893 69 33 vad
1124 1894 360 43 utredningsmännen
1507 1898 155 42 påpekat
1685 1900 98 33 käm-

296 1941 63 30 par
386 1931 82 33 med
496 1935 96 30 stora
618 1932 227 43 svårigheter,
874 1935 126 34 främst
1028 1937 132 34 kanske
1189 1939 10 32 i
1229 1939 256 44 glesbebyggda
1516 1942 81 34 eller
1626 1944 155 42 avlägset

295 1973 160 42 liggande
474 1976 147 34 trakter.
639 1977 56 34 De
715 1978 142 43 statliga
879 1980 294 43 stödåtgärderna
1193 1983 54 33 för
1267 1984 97 43 dylik
1385 1986 277 43 företagsamhet
1683 2002 101 22 anser

296 2018 358 43 utredningsmännen
675 2022 31 42 ej
729 2023 122 34 kunna
871 2024 170 41 medföra,
1063 2031 55 29 att
1139 2027 151 34 behovet
1312 2042 45 20 av
1378 2031 79 33 stöd
1480 2031 78 34 från
1580 2040 110 28 annat
1711 2035 70 33 håll

293 2063 81 34 eller
400 2065 82 33 med
509 2077 116 22 annan
652 2066 194 44 inriktning
871 2069 192 35 bortfaller.
1089 2071 370 44 Utredningsmännen
1487 2076 64 33 har
1577 2073 204 52 framhållit,

293 2112 55 30 att
365 2109 60 33 det
442 2109 79 34 från
537 2112 399 44 permutationsrättslig
952 2116 182 41 synpunkt
1153 2117 109 33 skulle
1281 2130 84 22 vara
1384 2119 322 37 tillfredsställande
1724 2136 58 22 om

293 2152 147 36 fondens
468 2155 228 43 användning
719 2158 48 41 på
792 2157 99 35 detta
918 2162 73 31 sätt
1017 2160 291 36 koncentrerades
1336 2163 52 33 till
1414 2169 54 28 ett
1495 2178 46 21 av
1566 2166 42 33 de
1635 2167 11 32 i
1674 2168 106 34 dona-

295 2198 120 34 tionen
449 2199 185 35 bestämda
666 2202 449 42 användningsområdena.
1147 2206 387 42 Utredningsmännens
1567 2211 130 42 förslag
1728 2213 52 33 till

293 2244 148 35 fondens
464 2245 239 43 användning,
725 2259 76 21 som
823 2248 103 33 alltså
947 2251 38 31 är
1008 2261 45 21 av
1075 2249 115 34 denna
1211 2250 181 42 innebörd,
1414 2253 65 34 har
1500 2255 128 35 vunnit
1649 2257 133 35 anslut-

292 2287 83 43 ning
397 2302 46 21 av
465 2290 155 34 flertalet
643 2304 46 21 av
711 2292 355 37 remissinstanserna.

336 2334 121 43 Enligt
481 2336 73 34 min
578 2337 141 44 mening
741 2338 147 35 innebär
911 2341 376 42 utredningsmännens
1313 2344 129 43 förslag
1467 2351 55 28 att
1546 2347 147 35 fondens
1719 2361 59 21 an-

291 2380 182 44 vändning
497 2382 145 34 erhåller
666 2396 43 21 en
735 2384 89 34 efter
849 2386 76 34 dess
952 2399 151 22 resurser
1128 2389 57 33 väl
1212 2391 174 41 avpassad
1414 2391 242 45 begränsning.
1681 2394 97 34 Sam-

290 2426 106 43 tidigt
419 2428 200 42 tillgodoses
643 2429 147 35 härmed
813 2436 54 30 ett
891 2445 47 21 av
961 2433 43 34 de
1029 2434 300 41 huvudändamål,
1354 2449 76 22 som
1455 2443 151 30 testator
1630 2440 61 34 vid
1716 2441 62 33 sitt

290 2472 236 35 förordnande
554 2474 97 35 ställt
678 2476 10 33 i
717 2476 224 42 förgrunden.
969 2477 101 36 Även
1097 2480 60 43 jag
1185 2484 38 30 är
1250 2494 45 21 av
1324 2482 66 34 den
1419 2483 275 45 uppfattningen
1722 2491 54 28 att
