2224 2622
371 179 18 30 6
906 182 229 29 Statsutskottets
1156 184 149 28 utlåtande
1327 183 46 28 Nr
1398 184 67 29 198.

371 269 59 23 om
467 258 306 36 elektrotekniska
810 258 223 45 fackskolan,
1071 259 401 36 maskinfackskolorna
1504 266 95 30 samt
1625 268 85 40 väg-
1738 262 68 35 och
1834 267 140 30 vatten-

370 307 419 48 byggnadsfackskolan,
826 310 217 47 ytterligare
1080 310 148 47 algebra
1260 311 59 34 till
1356 310 70 36 den
1462 310 235 48 omfattning,
1725 323 78 24 som
1831 311 144 36 fordras

369 356 57 37 för
463 358 167 35 lösandet
666 371 42 23 av
744 359 176 48 problem,
956 359 157 36 ledande
1149 361 56 34 till
1242 360 114 36 andra
1391 360 157 48 gradens
1581 362 211 35 ekvationer
1819 362 84 35 med
1929 375 45 22 en

369 408 90 35 eller
498 408 90 35 flera
627 408 189 44 obekanta,
845 414 93 30 samt
964 421 44 23 av
1035 412 241 45 geometrien:
1306 411 317 47 proportionslära
1649 412 67 34 och
1744 413 228 45 planimetri;

469 459 222 35 naturlära:
717 458 163 49 fysikens
908 460 69 35 och
1006 460 162 35 kemiens
1197 459 114 37 första
1338 461 179 47 grunder;

468 508 149 47 ritning
644 510 63 34 och
734 510 187 46 teckning:
948 509 114 49 nödig
1090 509 195 48 färdighet.

468 558 338 44 Inträdessökande,
836 572 76 23 som
940 561 125 47 avlagt
1092 561 315 35 realskolexamen
1435 561 85 35 med
1547 561 114 49 betyg
1692 574 59 22 om
1779 561 195 48 godkända

367 609 154 34 insikter
547 610 5 33 i
575 608 244 36 omförmälda
837 617 144 36 ämnen,
1002 611 118 35 skulle
1139 611 129 35 endast
1286 611 138 35 behöva
1444 613 155 46 avlägga
1618 624 89 35 prov
1721 613 12 34 i
1749 612 224 35 matematik.

367 658 211 36 Detsamma
597 659 117 35 skulle
733 660 96 47 gälla
848 667 90 28 även
958 661 136 35 sådana
1107 661 335 44 inträdessökande,
1459 674 80 23 som
1556 661 152 36 medelst
1722 663 119 47 intyg,
1859 661 115 36 utfär-

368 707 61 36 dat
448 721 43 22 av
509 708 273 37 vederbörande
801 711 117 34 lärare
937 711 62 35 vid
1020 712 152 35 allmänt
1190 712 168 35 läroverk
1377 712 88 35 eller
1492 713 213 34 kommunal
1721 714 251 41 mellanskola,

368 760 125 46 styrka
529 761 56 46 sig
620 766 69 40 äga
728 761 207 47 kunskaper
970 762 12 33 i
1011 763 152 34 svenska
1190 763 164 46 språkets
1382 761 186 49 skriftliga
1595 762 238 48 behandling,
1862 762 109 50 fysik,

367 808 97 35 kemi
504 810 68 34 och
614 811 172 46 teckning
825 811 57 34 till
913 811 61 35 det
1001 811 161 48 omfång,
1192 825 79 22 som
1300 825 124 23 svarar
1452 817 77 30 mot
1556 813 178 35 vitsordet
1760 813 172 46 godkänd
1960 815 12 32 i

365 859 323 36 realskolexamen.

465 909 175 36 Förutom
681 910 183 36 ordinarie
907 911 193 48 lärjungar
1152 913 119 34 skulle
1311 919 89 28 även
1451 913 126 35 kunna
1628 918 148 43 antagas
1822 914 151 47 special-

365 960 192 46 lärjungar
602 959 56 36 för
703 960 265 49 undervisning
1017 962 12 34 i
1083 964 95 33 vissa
1234 969 143 28 ämnen.
1449 962 70 36 För
1569 967 54 31 att
1670 964 112 34 vinna
1829 964 143 34 inträde

366 1021 77 23 som
472 1010 307 48 speciallärjunge
806 1011 67 35 bör
900 1011 70 36 den
999 1012 325 36 inträdessökande
1353 1013 91 35 hava
1473 1012 87 49 fyllt
1590 1014 43 34 17
1662 1017 49 40 år,
1731 1013 58 35 till
1808 1015 165 46 nöjaktig

365 1058 228 48 omfattning
620 1060 156 48 deltagit
802 1063 12 33 i
842 1062 164 47 praktisk
1034 1063 232 35 verksamhet
1293 1076 43 22 av
1363 1063 154 48 lämplig
1540 1069 58 30 art
1625 1064 67 35 och
1719 1065 13 33 i
1759 1064 122 48 övrigt
1905 1071 68 41 äga

364 1109 135 48 nödiga
540 1109 307 50 förutsättningar
887 1117 52 30 att
979 1112 247 48 tillgodogöra
1266 1114 58 45 sig
1360 1112 328 49 undervisningen.
1746 1114 75 35 Där
1852 1114 120 36 denna

364 1158 175 37 omfattar
566 1162 187 46 praktiska
780 1163 277 46 specialkurser,
1086 1163 66 34 bör
1178 1163 156 35 särskild
1362 1163 141 48 hänsyn
1527 1168 104 42 tagas
1650 1165 55 34 till
1724 1163 248 37 framstående

364 1210 165 46 praktisk
566 1211 205 47 duglighet,
808 1212 117 35 under
961 1212 61 36 det
1058 1214 182 47 prövning
1267 1226 44 23 av
1338 1213 227 36 sökandenas
1592 1215 196 35 teoretiska
1815 1213 156 37 förkun-

364 1260 130 47 skaper
522 1261 31 46 ej
584 1261 67 35 bör
677 1261 242 48 ifrågasättas.

463 1309 57 36 Då
547 1310 62 35 det
637 1312 207 35 emellertid
869 1313 79 34 icke
973 1325 110 35 synes
1109 1315 173 46 lämpligt
1300 1315 89 34 eller
1417 1326 63 23 ens
1500 1315 147 46 möjligt
1673 1320 52 29 att
1766 1315 113 35 redan
1920 1328 50 21 nu

363 1361 11 33 i
403 1359 110 48 detalj
556 1359 128 37 fastslå
723 1361 44 35 de
807 1361 221 48 fordringar,
1058 1375 77 23 som
1163 1364 88 34 böra
1278 1376 86 23 vara
1393 1363 198 49 uppfyllda
1618 1363 57 37 för
1702 1364 186 36 vinnande
1928 1378 43 22 av

362 1410 144 35 inträde
546 1411 13 34 i
599 1411 146 35 teknisk
786 1411 194 44 fackskola,
1019 1413 141 35 erinrar
1195 1413 420 47 departementschefen,
1644 1420 53 30 att
1724 1414 62 36 det
1813 1415 65 35 bör
1906 1428 64 22 an-

362 1460 147 35 komma
536 1463 47 45 på
610 1461 136 47 Kungl.
774 1461 105 47 Maj:t
906 1467 54 30 att
987 1463 12 34 i
1027 1462 174 36 händelse
1229 1476 44 23 av
1300 1463 118 37 behov
1445 1464 152 48 vidtaga
1623 1465 237 48 jämkningar
1885 1465 13 35 i
1926 1465 45 35 de

362 1523 50 21 nu
440 1512 160 46 angivna
626 1511 437 48 inträdesfordringarna,
1078 1513 125 35 varvid
1232 1513 62 36 det
1320 1514 207 36 emellertid
1554 1528 95 35 noga
1676 1515 65 35 bör
1769 1514 200 44 fasthållas,

361 1565 53 30 att
428 1560 105 36 dessa
547 1564 39 32 så
613 1568 142 41 avägas,
771 1567 54 30 att
852 1561 43 36 de
923 1565 20 32 å
974 1575 69 22 ena
1075 1563 103 35 sidan
1206 1564 123 35 lämna
1357 1565 193 47 möjlighet
1578 1566 56 34 till
1661 1565 239 36 meddelande
1930 1578 42 22 av

361 1623 45 22 en
432 1610 161 48 gedigen
626 1612 67 35 och
726 1612 180 47 ingående
940 1612 269 49 undervisning
1248 1616 12 33 i
1290 1613 256 37 fackskolorna
1586 1616 67 35 och
1680 1619 20 33 å
1726 1616 115 35 andra
1867 1617 103 35 sidan

361 1673 82 22 avse
484 1666 54 30 att
579 1666 193 42 utestänga
812 1662 128 36 endast
967 1663 137 36 sådana
1130 1664 336 44 inträdessökande,
1496 1678 78 23 som
1615 1667 79 35 icke
1734 1673 68 41 äga
1837 1666 133 48 nödiga

360 1711 209 47 kunskaper
596 1712 69 34 och
689 1711 230 48 färdigheter
947 1712 58 36 för
1032 1718 54 31 att
1113 1717 45 44 på
1186 1719 52 30 ett
1266 1715 342 36 tillfredsställande
1636 1721 71 30 sätt
1725 1717 246 48 tillgodogöra

360 1761 57 46 sig
444 1761 324 48 undervisningen.
941 1792 2 2 ;

167 1857 144 56 Lärotider,
462 1861 126 49 Enligt
631 1863 276 47 propositionen
947 1864 121 35 skulle
1106 1864 70 35 den
1217 1866 167 34 normala
1417 1867 218 35 lärokursen
1662 1867 61 35 vid
1751 1880 45 23 en
1823 1868 146 35 teknisk

362 1911 187 36 fackskola
577 1911 154 37 omfatta
757 1916 60 32 två
843 1914 105 35 läsår.
1002 1913 114 49 Varje
1143 1916 95 34 läsår
1266 1916 117 35 skulle
1410 1915 159 37 omfatta
1597 1919 46 33 40
1670 1918 198 41 läsveckor,
1888 1918 80 35 däri

362 1962 202 36 inräknade
592 1961 109 49 påsk-
729 1963 70 35 och
827 1963 239 48 pingstferier
1093 1970 93 30 samt
1213 1964 113 49 dagar
1353 1965 56 36 för
1427 1966 357 48 inträdesprövning.
1821 1968 148 36 Antalet

361 2012 266 35 veckotimmar
655 2012 149 36 föreslås
831 2015 57 34 till
917 2016 47 34 40
993 2015 68 34 och
1089 2016 296 35 lärotimmarnes
1412 2016 114 48 längd
1554 2018 57 34 till
1640 2018 45 34 50
1705 2018 162 35 minuter
1884 2018 82 36 med

365 2063 44 34 10
437 2063 183 35 minuters
648 2068 74 30 rast
749 2064 134 35 mellan
910 2067 62 33 två
998 2065 183 35 lektioner
1207 2067 11 33 i
1247 2065 105 48 följd.

160 2155 68 57 Ord
262 2157 61 64 por
463 2162 323 49 Undervisningen
821 2164 62 36 vid
913 2164 44 36 de
998 2166 168 34 tekniska
1202 2165 254 36 fackskolorna
1496 2168 118 34 skulle
1655 2167 223 48 ombesörjas
1914 2167 55 37 "av

199 2224 82 23 sonal.
318 2208 18 55 —
361 2213 172 43 lektorer,
575 2212 212 45 facklärare,
829 2216 211 34 assistenter
1089 2216 66 35 och
1200 2217 234 35 extralärare.
1488 2217 178 36 Rektorer
1700 2218 68 35 och
1808 2219 161 35 lektorer
