1907 2832
433 154 405 39 Bevillningsutskottets
853 158 219 31 betänkande
1085 169 44 20 nr
1144 160 39 30 72
1197 161 39 30 år
1251 162 84 30 1969
1605 168 19 30 3

300 233 225 35 (Nuvarande
543 235 145 40 lydelse)

135 294 259 40 biografbilder,
435 298 235 36 vaxkabinett,
713 301 137 39 opliska

137 339 81 30 eller
248 341 207 31 mekaniska
486 343 251 41 konststycken
770 346 80 30 eller

136 384 57 29 vid
215 394 116 21 annan
351 387 81 29 med
454 387 42 30 de
517 398 47 19 nu
587 389 154 31 nämnda
761 391 90 39 jäm-

135 428 104 40 förlig
265 430 232 41 tillställning,
527 442 75 21 som
629 434 77 30 icke
734 435 39 29 är
800 438 49 27 att

135 473 150 31 hänföra
319 476 111 30 under
464 477 52 34 a),
551 477 87 31 efter
670 479 179 31 beräknad

136 518 286 37 bruttoinkomst,
454 522 80 29 med
565 523 87 39 lägst
683 523 70 39 fem
786 524 64 30 och

130 562 103 39 högst
246 563 123 40 femtio
383 566 130 30 kronor
527 567 55 30 för
596 568 98 37 varje
707 569 75 40 dag,
798 570 52 30 så-

133 608 69 29 dan
238 609 243 41 föreslällning
517 612 81 30 eller
635 613 214 41 förevisning

131 652 80 39 äger
224 662 89 20 rum.

177 697 18 29 2
223 706 35 20 m
272 706 18 20 0
304 699 60 29 m.!
380 699 13 29 I
408 700 158 30 utlandet
581 701 114 31 bosatt
709 712 138 31 person,

134 750 73 22 som
222 742 64 30 här
299 744 10 29 i
324 743 90 31 riket
428 745 206 31 medverkar
648 748 58 29 vid
720 748 127 30 offent-

130 786 48 39 lig
195 786 253 42 föreställning,
466 789 176 41 offentligt
660 792 187 31 utförande

132 839 42 21 av
188 832 128 34 musik,
333 832 114 32 såsom
463 834 227 33 kafékonsert
707 838 64 29 och
787 838 59 39 dy-

131 875 76 34 likt,
239 876 81 30 eller
350 877 58 30 vid
439 888 116 21 annan
587 880 161 41 offentlig
778 883 67 29 till-

131 920 166 41 ställning
320 922 99 35 skall,
443 926 132 28 oavsett
597 925 175 31 huruvida
793 928 51 29 in-

135 965 131 30 trädes-
304 967 81 29 eller
422 977 116 21 annan
576 970 109 39 avgift
722 971 121 31 därvid

130 1009 174 39 uppbäres
330 1011 83 30 eller
438 1012 263 41 tillställningen
727 1016 39 29 är
790 1025 56 20 av-

128 1054 144 39 giftsfri,
294 1056 138 40 erlägga
453 1058 151 30 särskild
623 1060 222 40 bevillnings-

128 1099 108 39 avgift
257 1100 80 30 med
359 1101 100 39 tjugu
479 1106 144 36 procent
644 1114 42 20 av
706 1105 66 30 den
792 1107 51 29 in-

128 1144 126 34 komst,
278 1153 75 21 som
374 1146 45 39 på
440 1148 113 38 grund
576 1157 41 20 av
638 1149 89 30 hans
749 1151 94 29 med-

127 1188 131 30 verkan
273 1189 159 40 tillflyter
447 1191 139 35 honom,
601 1202 81 21 vare
697 1194 50 40 sig
762 1195 80 30 den-

127 1241 44 20 na
197 1233 155 31 inkomst
379 1236 139 38 utgöres
545 1246 42 20 av
613 1238 10 29 i
648 1239 194 40 penningar

125 1277 160 30 bestämd
308 1280 203 39 ersättning,
534 1282 308 31 naturaförmåner

128 1321 81 30 eller
233 1323 102 30 andel
359 1333 42 20 av
425 1324 198 31 inkomsten
648 1327 20 29 å
693 1327 149 31 tillställ-

125 1366 94 38 ning.
239 1367 165 40 Avgiften
423 1370 88 29 skall
530 1371 11 29 i
560 1371 98 40 varje
677 1371 62 31 fall
758 1373 83 40 utgå

125 1411 80 29 med
224 1412 108 30 minst
352 1413 121 39 femtio
494 1415 58 29 öre
572 1415 55 30 för
646 1417 98 39 varje
765 1418 74 40 dag,

125 1455 213 31 medverkan
358 1457 136 32 lämnas
515 1468 41 21 av
574 1461 11 29 i
605 1461 158 31 utlandet
784 1462 56 30 bo-

125 1501 69 28 satt
218 1509 127 30 person
373 1503 82 30 eller
482 1505 193 40 ersättning
701 1507 53 29 till
780 1508 60 29 ho-

124 1553 82 21 nom
230 1546 183 31 beräknas.
440 1548 68 30 För
534 1550 171 39 avgiftens
733 1552 106 40 erläg-

124 1590 111 38 gande
262 1600 117 21 svarar
405 1593 284 41 tillställningens
716 1597 123 30 anord-

125 1643 93 21 nare.

152 2514 8 14 1
182 2515 112 24 Scnaste
307 2516 104 30 lydelse
425 2517 76 24 1966:
515 2518 58 25 731.

151 2550 9 13 ?
181 2551 210 25 Förutvarande
405 2552 15 24 3
434 2560 83 17 mom.
531 2555 128 30 upphävt
673 2556 76 25 1952:
762 2557 60 25 360.

1072 242 222 41 (Föreslagen
1313 244 145 40 lydelse)

907 302 257 40 biografbilder,
1205 307 235 35 vaxkabinett,
1484 309 138 40 optiska

908 347 82 30 eller
1019 350 207 30 mekaniska
1256 352 252 40 konststycken
1540 354 81 30 eller

907 392 57 30 vid
986 402 117 21 annan
1124 396 79 29 med
1225 396 41 29 de
1287 406 47 20 nu
1357 398 154 30 nämnda
1531 399 89 39 jäm-

907 436 103 41 förlig
1037 439 231 41 tillställning,
1297 450 74 21 som
1399 443 77 29 icke
1504 444 38 29 är
1570 446 49 27 att

907 481 150 31 hänföra
1091 484 110 30 under
1234 486 51 33 a),
1321 485 86 31 efter
1440 488 180 30 beräknad

906 526 285 37 bruttoinkomst,
1208 531 79 28 med
1303 531 87 39 lägst
1405 531 122 39 femtio
1542 533 79 30 kro-

906 580 64 21 nor
998 572 56 30 för
1080 573 98 40 varje
1206 575 75 39 dag,
1311 575 109 31 sådan
1448 577 172 31 föreställ-

906 616 84 39 ning
1005 618 81 29 eller
1100 618 215 41 förevisning
1328 621 80 38 äger
1422 631 89 20 rum.

949 661 18 30 2
999 670 127 21 mom.
1159 663 13 29 I
1193 664 158 31 utlandet
1370 666 114 31 bosatt
1505 666 114 40 fysisk

903 714 137 31 person,
1069 716 73 21 som
1169 708 64 30 här
1258 710 11 29 i
1295 710 91 31 riket
1412 712 206 30 medverkar

902 751 58 29 vid
982 751 162 41 offentlig
1165 753 252 42 föreställning,
1441 756 176 41 offentligt

904 795 187 32 utförande
1109 807 42 20 av
1168 799 128 34 musik,
1316 800 114 30 såsom
1449 802 168 30 kafékon-

904 844 70 27 sert
997 842 65 29 och
1087 842 122 39 dylikt,
1236 844 81 30 eller
1341 846 57 29 vid
1424 855 117 21 annan
1567 847 49 29 of-

903 884 123 42 fentlig
1041 887 221 41 tillställning
1279 889 82 30 eller
1378 891 122 30 utövar
1516 893 100 29 artis-

904 930 68 30 tisk
989 931 220 31 verksamhet
1224 933 56 40 för
1295 936 127 29 svensk
1440 936 175 39 ljudradio

903 975 80 29 eller
1004 976 177 31 television
1202 979 98 34 skall,
1321 983 132 28 oavsett
1473 982 142 30 huruvi-

901 1020 43 29 da
967 1021 169 31 inträdes-
1161 1023 81 30 eller
1266 1033 117 21 annan
1407 1026 108 39 avgift
1538 1027 76 30 där-

899 1065 59 29 vid
973 1066 184 39 uppbäres,
1176 1068 137 40 erlägga
1330 1070 151 30 särskild
1496 1072 117 30 bevill-

900 1110 212 40 ningsavgift
1142 1113 80 29 med
1254 1114 114 30 trettio
1398 1119 144 35 procent
1573 1126 41 20 av

901 1154 66 29 den
985 1155 166 35 inkomst,
1172 1166 75 21 som
1266 1158 45 40 på
1330 1161 113 38 grund
1464 1170 41 20 av
1524 1161 88 31 hans

898 1200 212 30 medverkan
1138 1202 81 29 eller
1246 1203 221 31 verksamhet
1494 1206 119 40 tillfly-

898 1245 50 28 ter
972 1244 140 36 honom,
1137 1256 81 21 vare
1244 1248 51 39 sig
1319 1249 113 30 denna
1457 1251 155 31 inkomst

898 1289 139 38 utgöres
1061 1299 42 21 av
1125 1291 11 29 i
1160 1293 194 39 penningar
1378 1294 160 31 bestämd
1563 1305 49 20 er-

899 1333 163 40 sättning,
1082 1336 307 32 naturaförmåner
1409 1340 81 29 eller
1510 1341 101 30 andel

898 1387 41 20 av
970 1378 157 31 intäkten
1159 1389 42 21 av
1234 1382 263 41 tillställningen
1530 1385 82 30 eller

899 1423 276 31 verksamheten.
1219 1426 66 30 Till
1325 1427 89 31 hans
1457 1429 154 32 inkomst

897 1467 91 29 skall
1007 1469 129 30 räknas
1157 1471 85 29 även
1266 1473 191 40 ersättning
1479 1475 52 29 till
1551 1485 60 20 an-

895 1521 71 20 nan
997 1513 11 29 i
1035 1513 65 30 den
1130 1515 82 29 mån
1244 1517 236 40 ersättningen
1511 1529 99 21 avser

896 1557 210 31 omkostnad
1119 1559 56 39 för
1187 1560 140 32 honom.
1342 1563 165 40 Avgiflen
1521 1566 89 29 skall

895 1602 10 29 i
926 1603 99 39 varje
1046 1603 61 30 fall
1128 1605 83 39 utgå
1232 1607 80 29 med
1333 1609 109 29 minst
1463 1610 46 29 tio
1531 1610 78 30 kro-

894 1655 65 21 nor
973 1647 54 30 för
1042 1649 98 39 varje
1154 1650 75 39 dag,
1245 1652 211 31 medverkan
1472 1655 135 30 lämnas

896 1691 82 29 eller
997 1693 221 31 verksamhet
1238 1696 121 30 utövas
1379 1707 42 20 av
1440 1698 65 30 den
1525 1700 11 29 i
1556 1702 52 28 ut-

894 1736 117 30 landet
1033 1737 134 31 bosatta
1189 1748 170 31 personen
1383 1743 82 30 eller
1487 1745 121 30 ersätt-

895 1781 84 39 ning
991 1782 52 29 till
1058 1783 128 30 honom
1201 1785 183 31 beräknas.

936 1825 68 30 För
1039 1827 172 39 avgiftens
1247 1831 206 40 erläggande
1489 1843 118 21 svarar

893 1869 284 42 tillställningens
1206 1875 195 31 anordnare
1431 1878 81 29 eller
1541 1879 65 30 den

894 1923 74 21 som
983 1915 64 30 har
1062 1918 51 28 att
1129 1918 115 38 utgiva
1262 1921 192 40 ersättning
1469 1922 56 40 för
1540 1924 66 29 den

892 1959 179 31 artistiska
1100 1962 265 32 verksamheten
1393 1966 56 39 för
1475 1968 132 39 ljudra-

893 2003 56 29 dio
968 2004 82 30 eller
1067 2006 187 32 television.

937 2049 20 29 3
985 2052 143 28 mom:
1155 2052 16 28 I
1188 2053 157 30 utlandet
1363 2055 113 30 bosatt
1493 2057 114 39 fysisk

891 2101 125 30 person
1037 2094 64 30 och
1121 2095 63 30 där
1203 2096 297 35 hemmahörande
1518 2102 88 39 juri-

892 2136 79 30 disk
985 2147 126 30 person
1129 2149 73 21 som
1221 2142 39 29 är
1277 2143 192 41 berättigad
1487 2147 52 29 till
1556 2157 49 20 er-

891 2182 156 40 sättning
1063 2184 56 39 för
1136 2194 136 22 annans
1291 2189 211 31 medverkan
1523 2192 82 30 eller

887 2226 179 32 artistiska
1082 2229 221 33 verksamhet
1316 2242 42 21 av
1371 2234 57 30 det
1441 2235 74 41 slag
1528 2246 74 22 som

891 2280 98 21 avses
1012 2272 11 30 i
1044 2274 19 29 2
1086 2283 104 22 mom.
1214 2276 92 31 skall
1329 2279 135 40 erlägga
1488 2281 116 31 bevill-

888 2316 223 41 ningsavgift.
1138 2320 132 31 Därvid
1295 2323 63 39 äga
1386 2325 218 32 bestämmel-

890 2370 102 21 serna
1011 2362 11 29 i
1040 2364 19 28 2
1078 2373 104 21 mom.
1203 2375 54 20 om
1278 2367 68 30 hur
1365 2369 108 31 sådan
1494 2372 108 40 avgift

889 2405 91 30 skall
1008 2409 140 37 utgöras
1176 2411 63 29 och
1270 2413 154 39 erläggas
1452 2418 151 29 motsva-

889 2451 107 30 rande
1018 2453 229 42 tillämpning.
