2224 2620
775 200 227 29 Statsutskottets
1028 199 145 28 utlåtande
1196 198 47 27 Nr
1266 198 19 27 8
1308 198 36 27 DB.
1796 192 60 30 293

244 281 386 48 handelsgymnasium
682 279 107 47 högst
834 278 134 39 20,000
1007 276 148 40 kronor,
1201 275 57 34 till
1294 272 135 37 Malmö
1467 271 387 48 handelsgymnasium

246 333 105 46 högst
397 332 130 42 16,000
567 331 147 41 kronor,
756 329 59 34 till
856 319 142 44 Örebro
1027 325 392 48 handelsgymnasium
1448 323 108 47 högst
1585 322 107 43 8,400
1720 321 136 35 kronor

244 387 94 30 samt
382 382 58 34 till
480 379 169 37 vartdera
688 391 43 23 av
776 377 252 47 Norrköpings
1069 375 391 48 handelsgymnasium
1488 372 69 35 och
1588 371 267 47 Hälsingborgs

244 431 390 49 handelsgymnasium
662 429 108 46 högst
801 429 134 42 12,000
963 427 148 42 kronor,
1140 425 84 35 med
1252 423 212 49 skyldighet
1491 422 58 36 för
1576 423 190 39 kommun,
1791 420 65 35 där

246 480 581 46 handelsundervisningsanstalt
868 478 164 45 åtnjuter
1068 474 308 43 statsunderstöd,
1405 479 53 29 att
1486 473 92 45 själv
1607 472 88 34 eller
1722 482 134 35 genom

245 530 167 37 enskilda
451 530 197 35 donatorer
687 527 280 36 tillhandahålla
1008 525 243 46 erforderliga
1286 525 140 34 lokaler
1458 522 56 35 för
1541 521 314 46 undervisningen

245 586 95 31 samt
355 581 140 46 årligen
523 581 121 34 lämna
672 583 54 31 ett
753 579 157 34 kontant
935 575 142 47 bidrag,
1107 573 259 37 motsvarande
1394 573 113 34 minst
1534 584 44 22 en
1607 570 180 47 tredjedel
1815 582 43 22 av

246 629 341 43 statsunderstödet,
629 633 94 31 samt
767 631 47 45 på
841 627 44 36 de
912 627 132 35 villkor
1071 626 11 34 i
1110 626 133 46 övrigt,
1272 636 79 22 som
1379 622 135 48 Kungl.
1536 621 103 47 Maj:t
1665 621 69 34 kan
1758 621 101 33 finna

246 682 136 47 skäligt
404 681 215 36 bestämma.

348 731 128 36 Under
502 729 233 49 åberopande
762 742 44 23 av
834 727 71 37 vad
932 726 118 36 under
1078 726 118 48 punkt
1225 726 70 34 265
1326 726 10 33 i
1367 724 199 35 utskottets
1597 720 189 37 utlåtande
1816 733 43 21 nr

248 787 20 31 8
299 784 27 33 A
359 781 140 36 anförts
527 781 57 36 får
612 781 180 35 utskottet
818 778 205 43 hemställa,

753 835 55 30 att
834 828 197 47 riksdagen
1060 829 60 33 må

753 878 34 47 a)
832 879 58 35 till
929 876 210 37 beredande
1172 875 56 36 för
1256 879 40 32 år
1327 876 93 34 1919
1450 887 43 22 av
1520 872 173 47 förhöjda
1723 871 136 35 under-

653 930 81 36 stöd
774 933 37 32 åt
852 926 423 48 handelsgymnasierna
1303 930 129 30 utöver
1458 924 57 35 till
1543 922 82 36 dem
1654 921 112 36 redan
1793 934 66 23 an-

653 981 127 46 slagna
807 980 135 47 belopp
970 978 127 35 anvisa
1123 979 48 46 på
1196 977 225 47 tilläggsstat
1448 973 57 36 för
1532 976 40 32 år
1593 974 94 34 1919
1712 976 53 31 ett
1784 970 75 37 för-

653 1031 240 47 slagsanslag,
921 1030 118 46 högst,
1070 1029 135 42 90,400
1233 1028 156 40 kronor;

754 1079 40 45 b)
838 1079 155 42 besluta,
1035 1082 53 31 att
1128 1090 45 23 av
1212 1074 279 50 ifrågavarande
1518 1075 128 46 anslag
1674 1073 102 36 skola
1803 1071 57 37 för

654 1129 229 39 sistnämnda
897 1132 40 33 år
951 1132 90 44 utgå
1056 1129 57 35 till
1127 1126 207 49 Göteborgs
1349 1125 389 48 handelsgymnasium
1752 1123 108 48 högst

656 1183 135 39 25,000
819 1182 148 43 kronor,
990 1179 59 36 till
1076 1177 233 38 Stockholms
1337 1175 394 49 handelsgymnasium
1751 1173 109 48 högst

656 1233 135 41 20,000
836 1231 149 41 kronor,
1029 1229 58 36 till
1131 1228 137 36 Malmö
1312 1226 391 48 handelsgymnasium
1751 1224 110 47 högst

658 1284 134 41 16,000
821 1282 149 42 kronor,
998 1281 58 34 till
1076 1279 255 47 Norrköpings
1346 1276 392 48 handelsgymnasium
1754 1274 108 48 högst

657 1334 134 39 12,000
818 1333 146 42 kronor,
985 1331 59 35 till
1060 1329 270 47 Hälsingborgs
1350 1325 388 49 handelsgymnasium
1754 1324 109 48 högst

657 1384 109 43 9,000
807 1383 137 35 kronor
983 1381 68 35 och
1078 1381 59 34 till
1164 1372 143 44 Örebro
1335 1377 391 48 handelsgymnasium
1753 1375 110 47 högst

657 1435 110 43 8,400
795 1433 148 44 kronor,
965 1431 85 35 med
1077 1429 214 50 skyldighet
1318 1428 60 36 för
1397 1428 190 42 kommun,
1608 1426 65 35 där
1692 1424 170 37 handels-

657 1482 423 48 undervisningsanstalt
1119 1480 165 48 åtnjuter
1325 1476 309 44 statsunderstöd,
1677 1481 52 30 att
1768 1476 95 47 själv

656 1535 90 36 eller
782 1546 135 37 genom
953 1531 167 37 enskilda
1147 1531 197 35 donatorer
1371 1528 281 37 tillhandahålla
1680 1525 184 37 erforder-

655 1586 77 47 liga
774 1585 142 35 lokaler
942 1582 57 37 för
1026 1582 316 47 undervisningen
1370 1585 94 31 samt
1491 1580 143 47 årligen
1660 1578 124 35 lämna
1811 1582 52 30 ett

656 1637 157 35 kontant
864 1633 142 48 bidrag,
1053 1631 256 38 motsvarande
1349 1631 112 35 minst
1506 1642 45 23 en
1594 1627 181 48 tredjedel
1820 1640 43 23 av

657 1684 348 44 statsunderstödet,
1034 1689 95 30 samt
1157 1685 46 46 på
1222 1682 45 36 de
1285 1683 133 35 villkor
1436 1681 13 35 i
1468 1681 132 47 övrigt,
1625 1692 77 23 som
1724 1678 137 48 Kungl.

658 1736 105 48 Maj:t
790 1737 71 35 kan
888 1736 101 35 finna
1017 1735 134 46 skäligt
1178 1734 214 35 bestämma.

666 1964 227 61 Åtgärder
919 1974 70 41 för
1016 1973 148 52 fysisk
1191 1972 261 51 utbildning.

359 2086 98 46 71:0)
486 2089 135 47 Kungl.
649 2087 107 49 Maj:t
783 2088 68 35 har
877 2087 191 48 föreslagit
1095 2086 196 49 riksdagen
1320 2083 137 51 (punkt
1485 2082 63 49 68)
1575 2090 64 38 att,
1668 2087 11 34 i
1707 2085 158 36 avbidan

256 2142 47 45 på
329 2139 231 49 proposition
587 2138 190 48 angående
804 2137 181 37 täckande
1011 2150 46 24 av
1083 2137 94 36 brist
1204 2138 12 35 i
1243 2137 254 48 gymnastiska
1516 2136 349 36 centralinstitutets

256 2190 245 48 räkenskaper
527 2188 59 37 för
613 2192 87 33 åren
731 2190 96 35 1918
856 2189 67 35 och
946 2190 107 42 1919,
1083 2187 57 37 för
1163 2187 210 37 ändamålet
1392 2187 161 36 beräkna
1576 2189 46 46 på
1640 2187 226 48 tilläggsstat

255 2240 59 36 för
341 2243 40 33 år
410 2240 94 36 1919
533 2245 52 31 ett
611 2240 135 48 belopp
775 2253 45 23 av
849 2240 135 47 22,000
1011 2239 148 36 kronor.

1887 2039 141 24 Täckande
2055 2046 29 15 av

1894 2072 65 25 brist
1977 2072 9 23 i
2004 2079 72 25 gym-

1885 2106 119 25 nastiska
2028 2112 57 18 cen-

1890 2140 195 24 tralinstitutets

1897 2173 180 32 räkenskaper

1887 2208 40 24 för
1944 2207 63 25 åren
2020 2207 65 24 1918

1917 2242 48 24 och
1984 2242 72 24 1919.

1942 2285 87 46 [68.1
