2232 2622
774 205 230 29 Statsutskottets
1029 202 148 31 utlåtande
1202 204 45 28 Nr
1271 207 19 25 8
1317 205 31 26 b.
1803 201 54 29 291

357 281 98 48 65:0)
486 284 49 34 På
561 281 123 50 grund
712 295 42 23 av
784 281 135 48 Kungl.
941 281 122 47 Maj:ts
1083 280 125 37 därom
1235 279 232 37 framställda
1487 280 138 47 förslag
1645 278 135 50 (punkt
1802 281 60 42 62)

255 335 67 34 och
365 333 116 36 under
521 333 223 46 hänvisning
783 332 57 35 till
877 332 69 36 vad
988 332 179 35 utskottet
1196 331 118 35 under
1341 332 165 46 punkten
1536 333 70 33 255
1636 331 9 34 i
1676 331 64 34 sitt
1770 331 93 33 utlå-

255 383 109 36 tande
392 397 43 21 nr
465 385 19 34 8
514 384 31 34 A
574 383 122 36 anfört
724 382 213 36 hemställer
965 382 190 40 utskottet,

757 488 55 29 att
852 482 194 46 riksdagen
1075 484 59 32 må
1162 481 56 35 för
1245 481 208 35 beredande
1482 494 41 21 av
1551 479 185 49 tillfälligt
1763 481 99 33 löne-

657 534 131 45 tillägg
828 534 37 32 åt
903 532 271 34 vaktmästaren
1216 536 95 30 samt
1347 531 239 34 maskinisten
1616 530 69 35 och
1713 529 149 36 eldaren

656 582 63 35 vid
747 581 172 36 tekniska
946 581 338 43 elementarskolan,
1313 579 374 47 maskinfackskolan
1710 580 65 35 och
1790 580 72 35 tek-

656 632 114 36 niska
806 631 209 47 gymnasiet
1054 631 16 34 i
1094 631 143 35 Malmö
1263 632 126 34 anvisa
1416 633 47 45 på
1489 630 224 47 tilläggsstat
1742 629 55 35 för
1825 632 38 32 år

660 684 94 34 1919
783 686 53 31 ett
863 681 296 48 förslagsanslag,
1186 681 122 48 högst,
1338 682 72 34 650
1430 681 147 40 kronor,
1598 685 54 30 att
1671 682 90 46 utgå
1780 679 81 36 med

657 734 72 35 400
758 733 135 42 kronor
920 732 57 35 till
1004 732 269 35 vaktmästaren
1307 736 94 31 samt
1430 730 82 36 med
1541 733 72 33 250
1640 731 139 36 kronor
1806 731 53 34 till

657 783 239 36 maskinisten
924 782 68 35 och
1020 782 160 35 eldaren.

356 880 98 48 66:0)
484 883 15 35 I
527 884 164 47 enlighet
719 883 84 35 med
830 882 138 47 Kungl.
997 882 121 45 Maj:ts
1146 881 129 36 därom
1304 881 230 36 framställda
1561 880 138 48 förslag
1725 878 137 50 (punkt

256 931 61 47 63)
345 933 68 36 och
455 933 119 35 under
613 933 224 47 hänvisning
876 933 57 35 till
960 932 69 35 vad
1055 933 179 34 utskottet
1262 930 123 37 anfört
1412 931 119 36 under
1558 932 165 46 punkten
1755 931 70 35 257
1849 931 12 34 i

254 984 66 36 sitt
348 982 190 37 utlåtande
566 996 45 22 nr
640 984 20 35 8
689 984 45 41 A,
762 983 212 35 hemställer
1001 982 189 42 utskottet,

755 1087 55 31 att
836 1082 197 48 riksdagen
1061 1085 60 32 må
1147 1082 59 35 till
1223 1081 207 36 beredande
1450 1095 43 22 av
1507 1082 217 48 ytterligare
1743 1081 118 36 medel

654 1132 58 37 för
738 1132 239 49 lyshållning,
1005 1133 276 48 uppvärmning
1307 1145 46 23 m.
1372 1145 48 23 m.
1440 1132 64 37 vid
1522 1132 172 36 tekniska
1712 1131 148 37 elemen-

655 1183 193 36 tarskolan
874 1183 17 36 i
915 1183 121 36 Borås
1062 1183 126 36 anvisa
1215 1186 47 44 på
1288 1183 227 48 tilläggsstat
1542 1182 57 37 för
1628 1185 40 32 år
1694 1184 95 35 1919
1809 1188 53 30 ett

655 1232 299 49 förslagsanslag,
982 1233 119 48 högst,
1131 1234 112 43 3,000
1271 1233 147 36 kronor.

355 1332 97 48 67:0)
481 1335 15 34 I
525 1335 165 47 enlighet
718 1334 84 36 med
829 1334 137 47 Kungl.
994 1332 121 49 Maj:ts
1142 1334 129 35 därom
1299 1332 232 37 framställda
1557 1332 141 48 förslag
1726 1329 136 51 (punkt

254 1383 61 47 64)
356 1384 67 37 och
467 1384 118 36 under
616 1385 224 47 hänvisning
865 1385 57 35 till
950 1384 70 36 vad
1048 1384 181 36 utskottet
1255 1382 126 37 anfört
1408 1383 119 36 under
1554 1384 166 46 punkten
1750 1384 71 35 258
1849 1385 12 33 i

252 1436 65 34 sitt
345 1434 193 37 utlåtande
565 1448 45 23 nr
638 1436 20 34 8
687 1435 44 43 A,
760 1434 215 36 hemställer
1003 1434 190 43 utskottet,

755 1540 55 31 att
850 1535 195 49 riksdagen
1086 1538 60 33 må
1172 1535 58 36 till
1257 1535 256 36 förstärkande
1540 1548 44 23 av
1611 1536 167 47 anslaget
1804 1535 57 36 till

653 1585 272 49 uppehållande
952 1598 44 23 av
1013 1586 281 36 verksamheten
1312 1585 64 37 vid
1394 1585 172 37 tekniska
1584 1585 275 37 elementarsko-

653 1636 67 37 lan
747 1636 16 37 i
788 1637 245 42 Härnösand,
1063 1641 131 31 utöver
1220 1635 58 37 för
1297 1635 113 49 sagda
1428 1635 170 37 ändamål
1627 1635 58 37 för
1703 1639 40 33 år
1765 1638 94 34 1919

653 1685 103 37 förut
783 1686 181 49 beviljade
991 1686 131 44 medel,
1151 1687 127 36 anvisa
1305 1689 47 46 på
1378 1687 224 48 tilläggsstat
1626 1686 58 36 för
1702 1689 40 33 år
1766 1687 92 35 1919

653 1741 53 32 ett
733 1736 296 50 förslagsanslag,
1057 1738 119 47 högst,
1208 1738 110 43 1,550
1345 1738 147 35 kronor.

353 1834 97 50 68:0)
477 1838 53 36 På
568 1838 124 48 grund
733 1851 44 23 av
812 1838 137 48 Kungl.
985 1838 124 48 Maj:ts
1145 1837 128 36 därom
1301 1836 231 38 framställda
1558 1838 139 48 förslag
1724 1835 136 51 (punkt

252 1887 62 46 65)
354 1889 69 35 och
464 1888 120 36 under
609 1889 225 48 hänvisning
861 1890 57 35 till
946 1888 70 37 vad
1043 1888 182 37 utskottet
1252 1887 125 37 anfört
1404 1888 119 36 under
1551 1889 167 47 punkten
1748 1890 70 34 259
1847 1902 12 22 i

251 1939 66 35 sitt
343 1939 189 36 utlåtande
559 1952 46 23 nr
632 1941 21 35 8
681 1940 45 43 A,
754 1939 213 36 hemställer
994 1939 190 43 utskottet,

755 2045 54 31 att
843 2040 195 47 riksdagen
1065 2043 60 33 må
1152 2041 127 35 anvisa
1305 2043 22 33 å
1352 2040 228 48 tilläggsstat
1607 2039 59 37 för
1694 2043 39 33 år
1764 2043 93 34 1919

754 2088 37 47 a)
832 2093 118 33 såsom
989 2090 133 48 bidrag
1162 2090 85 36 med
1278 2086 48 51 ?/;
1353 2091 58 35 till
1437 2091 96 36 vissa
1559 2090 63 37 vid
1649 2097 210 42 uppgöran-

654 2141 62 36 det
756 2154 44 23 av
839 2142 94 35 1918
966 2143 57 34 års
1050 2146 72 31 stat
1147 2140 60 37 för
1233 2141 277 47 bergsskolorna
1535 2141 17 36 i
1576 2141 194 47 Filipstad
1796 2142 60 36 och

650 2192 132 36 Falun
804 2191 117 48 jämte
948 2190 152 38 därmed
1118 2190 176 38 förenade
1308 2192 235 49 yrkesskolor
1557 2192 79 35 icke
1650 2191 208 37 beräknade

651 2243 200 35 kostnader
878 2242 57 36 för
962 2241 280 51 dyrtidstillägg
1268 2245 38 33 åt
1323 2243 145 35 lärarna
1487 2247 52 31 ett
1557 2241 299 49 förslagsanslag,

1884 276 141 31 Tillfälligt
2046 277 36 22 lö-

1897 310 127 30 netillägg
2045 309 26 24 åt

1896 344 169 23 vaktmästar-

1901 377 153 31 personalen

1890 411 42 23 vid
1951 410 122 24 tekniska

1883 443 201 26 elementarsko-

1883 478 53 28 lan,
1962 477 121 24 tekniska

1903 511 154 24 fackskolan

1883 544 47 24 och
1950 543 123 25 tekniska

1894 578 146 31 gymnasiet
2058 578 7 23 i

1958 613 78 22 almö.

1935 653 88 45 [62.]

1882 872 92 30 Ökade
1998 878 83 24 medel

1898 911 42 24 till
1957 910 108 31 utgifter

1898 945 41 24 för
1956 943 107 33 lyshåll-

1903 978 74 31 ning,
1995 986 63 24 upp-

1912 1012 136 30 värmning

1907 1053 33 17 m.
1959 1054 33 16 m.
2010 1046 45 24 vid

1882 1080 123 24 tekniska
2029 1080 51 24 ele-

1882 1113 195 25 mentarskolan

1923 1148 8 23 i
1951 1145 91 27 Borås.

1936 1187 90 49 [63.]

1880 1331 196 25 Förstärkande

1892 1372 33 17 av
1942 1365 120 32 anslaget

1908 1398 42 25 till
1968 1406 80 25 uppe-

1891 1431 125 26 hållande
2035 1440 32 17 av

1880 1466 200 25 verksamheten

1880 1499 45 24 vid
1955 1500 124 25 tekniska

1901 1534 155 24 elementar-

1917 1568 95 24 skolan
2029 1568 9 24 i

1896 1601 166 25 Härnösand.

1934 1643 89 47 [64.]

1883 1836 186 31 Bergsskolor-

1849 1889 7 8 .
1878 1870 56 24 nai
1947 1870 129 32 Filipstad

1901 1904 49 24 och
1968 1904 85 25 Falun

1875 1937 84 32 jämte
1971 1938 105 25 därmed

1916 1971 124 25 förenade

1890 2005 177 32 yrkesskolor.

1930 2047 91 46 [65.]
