2186 2576
345 178 18 29 2
768 175 285 34 Stats-Utskottets
1084 175 176 33 Utlåtande
1284 176 63 32 N:o
1370 178 53 30 42.

301 255 43 37 af
381 254 143 49 Kongl.
560 254 129 48 Maj:ts
717 254 444 49 Befallningshafvande
1189 254 13 36 i
1231 254 278 50 Kopparbergs
1539 255 75 47 län,
1646 255 98 36 efter
1771 256 147 37 inhem-

300 307 117 36 tande
461 306 41 36 af
532 306 276 48 magistratens
843 306 10 35 i
883 306 220 36 Hedemora
1132 306 197 49 yttrande,
1360 311 101 31 samt
1489 306 43 36 af
1554 307 363 37 kammaradvokat-

300 359 178 36 fiskalen.
536 357 259 48 Magistraten
838 357 100 37 hade
982 358 138 47 anfört,
1160 363 56 31 att
1245 358 401 48 utredningsmannen
1675 358 13 35 i
1716 358 92 36 boet
1835 359 83 36 låtit

300 411 106 35 inom
435 409 90 48 laga
553 409 57 35 tid
640 409 150 36 bevaka
818 414 254 31 testamentet
1099 410 13 35 1
1142 409 88 36 dess
1259 409 144 48 helhet,
1433 410 121 35 ehuru
1575 410 76 35 han
1672 409 137 36 dervid
1828 410 90 36 alle-

301 467 90 30 nast
416 461 159 35 företett
604 460 179 36 fullmakt
811 460 85 36 från
925 475 48 21 en
1003 461 43 36 af
1069 466 408 43 testamentstagarne,
1499 461 71 36 och
1587 467 56 30 att
1659 461 124 48 öfriga
1799 466 118 31 testa-

301 517 265 43 mentstagare
609 515 41 33 så
692 512 156 48 mycket
877 512 160 36 mindre'
1057 518 129 30 ansett
1216 512 62 48 sig
1307 512 165 36 behöfva
1502 512 160 49 vidtaga
1688 512 229 49 ytterligare

300 563 401 49 bevakningsåtgärd,
731 577 83 22 som
843 563 46 36 de
917 564 258 35 utbekommit
1203 564 48 35 de
1279 564 328 36 testamenterade
1636 564 154 36 medlen
1819 569 100 31 samt

301 615 63 36 väl
405 615 141 45 kände,
589 620 56 30 att
674 617 129 45 någon
833 615 177 48 arfvinge
1039 615 85 36 icke
1153 615 151 44 funnes,
1335 628 82 23 som
1446 616 130 35 kunde
1606 615 163 37 klandra
1798 620 119 31 testa-

302 670 159 33 mentet.
518 667 145 47 Kongl.
693 666 127 48 Maj:ts
851 666 455 48 Befallningshafvande,
1336 667 87 35 med
1445 667 161 35 hvilken
1623 667 295 36 kammaradvo-

301 718 235 36 katfiskalen
566 718 173 47 instämt,
769 718 111 47 hade,
913 718 87 36 med
1029 718 181 36 afseende
1241 721 20 33 å
1289 718 46 36 de
1362 718 42 36 af
1415 718 225 36 sökandena
1657 718 160 36 anförda
1834 719 81 35 skäl

303 775 100 30 samt
433 769 89 36 med
550 769 153 48 hänsyn
732 769 60 35 till
820 769 102 36 hvad
951 769 256 49 magistraten
1236 769 172 49 upplyst,
1439 770 193 47 hemstält,
1663 775 57 31 att
1747 770 171 36 kronans

303 826 78 30 rätt
409 821 62 35 till
487 820 253 36 omförmälda
756 821 310 35 danaarfsmedel
1083 824 118 32 måtte
1219 821 240 48 eftergifvas,
1477 822 87 35 med
1589 821 192 36 förbehåll
1797 821 121 36 likväl

303 872 43 35 af
368 872 75 35 den
473 872 334 36 advokatfiskalen
837 872 11 35 i
877 872 400 48 Kammarkollegium
1303 872 174 49 lagligen
1493 872 295 37 tillkommande
1805 873 113 36 andel

302 923 13 35 i
359 936 146 24 samma
548 923 138 47 medel,
727 923 215 48 hvarjemte
987 923 140 49 Kongl.
1159 901 87 71 Maj:
1252 929 35 31 ts
1316 924 448 48 Befallningshafvande,
1794 924 124 36 under

302 974 203 48 förmälan,
536 980 56 30 att
625 952 296 59 landtränteriet
953 974 12 36 i
994 953 122 57 Falun
1145 975 200 48 förskjutit
1376 977 44 34 16
1451 976 142 35 kronor
1622 978 48 33 30
1699 981 76 41 öre,
1806 981 112 42 utgö-

302 1026 122 37 rande
454 1004 74 59 den
558 1026 230 48 ersättning,
820 1039 83 23 som
932 1026 214 36 tillkomme
1176 1027 325 47 borgmästaren
1490 1022 23 57 i
1530 1026 123 48 Säter,
1670 1028 61 35 för
1747 1027 64 36 det
1828 1004 87 71 han,

304 1081 129 33 såsom
462 1077 43 36 af
529 1077 100 36 Svea
658 1077 166 48 Hofrätt,
851 1081 49 45 på
927 1078 127 47 grund
1084 1078 109 47 afjäf
1205 1078 60 36 för
1280 1078 191 36 ordinarie
1488 1056 428 58 ordföranden
1757 1052 20 78 i
1800 1056 116 58 Hede-

303 1142 109 23 mora
445 1129 294 48 rådstufvurätt,
768 1129 211 36 förordnad
1009 1130 165 35 särskild
1204 1129 230 36 ordförande
1461 1129 14 36 i
1503 1130 168 36 nämnda
1698 1130 219 36 rådstufvu-

304 1185 89 42 rätt,
429 1180 191 47 handlagt
649 1180 282 37 ofvanberörda
961 1180 86 47 mål,
1077 1180 196 48 hemstält,
1303 1186 55 31 att
1388 1194 146 23 samma
1561 1182 141 48 belopp
1731 1184 119 33 måtte
1880 1181 43 36 af

304 1232 228 36 sökandena
560 1236 175 32 :ersättas.
792 1232 91 35 Med
898 1232 183 36 afseende
1098 1235 20 32 å
1133 1232 103 36 hvad
1252 1232 161 36 sålunda
1429 1233 247 36 förekommit
1691 1233 71 35 har
1777 1233 143 47 Kongl.

304 1283 109 48 Maj:t
443 1297 51 21 nu
522 1282 204 49 föreslagit
754 1283 237 49 Riksdagen,
1023 1289 55 30 att
1106 1284 171 35 kronans
1306 1289 77 30 rätt
1411 1284 58 35 till
1488 1284 297 49 ifrågavarande
1806 1285 117 35 dana-

305 1334 222 48 arfsmedel,
545 1336 115 46 2,000
689 1334 154 48 kronor,
863 1338 118 33 måtte
1010 1335 208 35 öfverlåtas
1246 1338 50 45 på
1325 1335 121 36 Maria
1474 1335 149 36 Noréus
1644 1336 71 36 och
1733 1335 190 36 Gustafva

303 1385 239 37 Vilhelmina
584 1386 163 47 Noréus,
779 1386 98 36 dock
907 1386 87 35 med
1024 1386 189 36 förbehåll
1242 1386 42 36 af
1309 1387 74 35 den
1411 1387 512 36 kammaradvokatfiskalen

303 1437 176 47 lagligen
508 1437 296 36 tillkommande
833 1442 78 31 rätt
938 1437 60 36 till
1027 1437 115 36 andel
1170 1438 12 35 i
1211 1451 147 23 samma
1380 1438 126 36 medel
1526 1445 101 29 samt
1641 1439 88 35 med
1746 1438 179 48 skyldig-

306 1489 67 35 het
406 1489 61 35 för
500 1488 226 36 sökandena
755 1494 57 30 att
841 1489 194 48 godtgöra
1065 1489 282 36 ofvanberörda
1376 1490 41 35 af
1440 1489 150 36 kronan
1619 1490 217 48 förskjutna
1865 1502 58 23 er-

307 1540 190 48 sättning,
544 1542 45 34 16
632 1539 144 37 kronor
818 1543 49 33 30
898 1546 78 42 öre,
1007 1540 59 36 till
1094 1540 168 36 särskild
1291 1540 231 37 ordförande
1550 1541 14 35 i
1591 1541 220 36 Hedemora
1839 1541 85 35 råd-

307 1591 224 36 stufvurätt.

440 1641 340 46 Stats-Utskottet,
822 1641 59 36 till
906 1641 117 36 hvars
1053 1641 279 37 förberedande
1356 1641 299 50 handläggning
1684 1643 127 36 denna
1839 1655 85 36 pro-

305 1693 171 48 position
504 1693 131 37 blifvit
663 1693 201 47 hänvisad,
896 1693 69 47 får,
996 1693 98 35 efter
1122 1698 119 43 tagen
1270 1693 63 36 del
1361 1693 42 36 af
1426 1694 47 35 de
1502 1694 58 35 till
1577 1694 160 36 ärendet
1752 1694 172 36 hörande

306 1745 247 48 handlingar,
584 1745 219 44 hemställa,

848 1855 55 30 att
931 1850 144 48 Kongl.
1106 1850 129 48 Maj:ts
1264 1850 253 37 förenämnda
1546 1849 289 47 framställning
1863 1851 63 33 må

717 1900 41 36 af
781 1900 228 48 Riksdagen
1041 1900 164 37 bifallas.

440 2000 225 38 Stockholm
696 2003 74 36 den
798 2004 50 34 30
875 2003 113 48 April
1018 2004 112 35 1883.

806 2105 56 36 På
889 2104 346 38 Stats-Utskottets
1264 2110 164 45 vägnar:

906 2210 197 36 GUSTAF
1132 2209 201 54 SPARRE.

558 2331 218 29 STOCKHOLM,
795 2332 104 23 ISAAC
922 2333 148 22 MARCUS
1090 2332 495 29 BOKTRYCKERI-AKTIEBOLAG,
1609 2335 73 21 1883.
