1894 2858
521 151 116 30 Första
661 152 223 36 lagutskottets
908 153 165 31 utlåtande
1098 155 49 29 Nr
1170 160 50 27 12.
1602 159 16 29 7

106 237 208 33 stämmelser
336 236 79 35 böra
438 238 181 34 meddelas.
664 238 19 33 I
706 240 231 33 ovannämnda
961 241 295 40 framställningar
1278 243 55 33 till
1357 243 129 39 Kungl.
1510 244 104 39 Maj:t

105 287 159 39 åsyftade
282 288 240 39 länsstyrelsen
540 289 11 32 i
570 289 211 34 Stockholms
800 290 55 33 län
873 291 11 32 i
902 291 106 33 likhet
1026 292 74 32 med
1118 292 222 40 landsfogden
1358 294 12 31 i
1387 293 89 34 länet
1494 294 120 34 endast

105 337 231 40 yrkesmässig
358 338 191 40 linjetrafik
571 340 74 32 med
667 340 347 35 automobilomnibus.
1058 342 196 34 Detsamma
1277 355 98 27 synes
1397 356 83 21 vara
1502 347 111 30 avsett

105 400 43 21 av
171 388 254 35 motionärerna.
471 389 320 40 Trafikbilägarnas
817 391 219 34 riksförbund
1061 392 149 34 däremot
1234 393 192 34 hemställer
1450 406 51 21 om
1527 406 85 21 sam-

104 450 54 21 ma
176 439 110 39 skydd
305 439 53 33 för
374 440 46 32 all
437 440 232 39 yrkesmässig
686 441 302 40 automobiltrafik,
1007 443 128 33 således
1155 448 82 28 även
1256 455 107 22 annan
1382 444 231 40 yrkesmässig

104 489 293 34 automobiltrafik
416 495 41 28 än
477 490 191 39 linjetrafik
688 491 60 33 och
766 496 83 28 även
869 492 232 40 yrkesmässig
1119 494 192 39 linjetrafik
1329 495 73 33 med
1422 495 103 34 andra
1546 508 66 20 mo-

103 540 174 33 torfordon
303 545 41 28 än
369 541 387 34 automobilomnibusar.
803 543 115 39 Något
944 543 130 40 förslag
1100 544 54 32 till
1179 544 79 34 ökat
1284 545 111 39 skydd
1421 546 54 32 för
1500 546 112 33 lands-

102 591 237 38 vägstrafiken
361 591 11 32 i
394 591 183 33 allmänhet
598 592 62 33 har
681 593 159 40 däremot,
863 594 104 32 såvitt
987 594 166 33 utskottet
1175 595 60 33 har
1258 596 52 39 sig
1331 596 133 40 bekant,
1487 596 125 34 hittills

102 640 74 33 icke
194 641 239 34 framkommit.
472 641 169 40 Samtliga
657 643 211 39 möjligheter
885 644 180 40 härvidlag
1082 646 94 32 torde
1193 646 185 33 emellertid
1395 647 80 33 böra
1493 647 118 33 under-

104 691 110 34 sökas.

149 742 113 44 Under
283 742 207 40 åberopande
513 755 43 21 av
577 743 67 33 vad
665 743 167 34 utskottet
854 756 84 21 ovan
961 745 125 41 anfört,
1111 746 56 32 får
1188 746 166 34 utskottet
1376 748 189 39 hemställa,

458 829 52 31 att
535 827 192 40 riksdagen,
752 828 12 32 i
789 828 181 40 anledning
996 841 41 21 av
1063 830 219 34 förevarande
1308 831 134 40 motion,
1468 833 104 33 måtte
1597 833 13 32 i

412 877 162 33 skrivelse
595 878 54 33 till
670 878 128 38 Kungl.
819 879 103 38 Maj:t
942 879 136 33 anhålla
1100 892 51 20 om
1173 880 199 39 skyndsamt
1391 883 220 33 utarbetande

411 928 61 32 och
494 928 257 39 framläggande
773 929 55 32 för
850 929 179 39 riksdagen
1051 943 42 20 av
1115 931 131 39 förslag
1267 932 53 32 till
1343 933 141 32 revision
1506 946 42 20 av
1571 932 53 34 de”

412 978 55 32 för
495 979 209 33 närvarande
733 979 11 32 i
775 980 206 39 strafflagen
1012 981 193 33 meddelade
1236 982 290 35 bestämmelserna
1555 984 54 34 till

412 1028 112 39 skydd
540 1029 54 32 för
610 1029 61 33 den
686 1029 170 34 allmänna
871 1030 195 40 landsvägs-
1083 1032 61 32 och
1159 1033 245 38 gatutrafiken.

146 1120 192 34 Stockholm
358 1121 62 33 den
440 1123 19 32 3
478 1133 90 22 mars
590 1123 97 32 1931.

552 1222 51 33 På
620 1223 108 33 första
745 1223 242 40 lagutskottets
1003 1229 146 35 vägnar:

692 1306 44 33 A.
758 1304 256 37 ÄKERMAN.

180 1556 63 28 Vid
265 1556 86 29 detta
373 1556 129 29 ärendes
523 1557 194 35 behandling
738 1558 81 29 hava
842 1560 158 28 närvarit:

136 1606 75 29 från
242 1606 152 29 första
427 1607 194 29 kammaren:
650 1607 109 29 herrar
785 1606 166 35 Åkerman,
975 1619 93 25 greve
1093 1608 113 36 Spens,
1229 1611 165 36 Klefbeck,
1416 1612 192 35 Bissmark",

98 1648 147 34 Norling,
265 1648 139 30 Jonsson
426 1650 9 28 i
458 1649 176 35 Lycksele",
656 1650 138 29 Forssell
816 1652 57 28 och
896 1651 104 29 Julin.

143 1699 73 29 från
245 1700 138 29 andra
409 1701 194 28 kammaren:
623 1701 109 29 herrar
748 1702 184 34 Björkman,
949 1703 145 35 Lindley,
1112 1703 111 30 Olsson
1242 1705 8 28 i
1269 1705 170 34 Rimforsa,
1457 1707 153 28 Hedlund

95 1742 10 28 i
123 1741 200 35 Östersund”,
342 1742 235 36 Christenson",
620 1743 139 30 Johanson
778 1745 10 28 i
808 1745 201 35 Huskvarna,
1030 1745 112 30 Olsson
1159 1747 11 28 i
1188 1747 156 30 Mellerud
1362 1748 56 29 och
1435 1748 140 31 Jonsson
1592 1750 11 28 i

95 1783 159 34 Risinge"”.

135 1862 14 14 +
169 1860 31 33 Ej
221 1861 162 25 närvarande
400 1862 44 25 vid
464 1862 160 26 utlåtandets
639 1863 140 33 justering.
