1898 2820
158 2351 148 24 Utskottet.

325 197 18 28 4
724 192 395 28 Konstitutionsutskottets
1138 191 157 27 utlåtande
1316 190 42 26 Nr
1377 190 26 26 8.

326 275 275 39 propositionens
624 274 206 38 motivering
853 273 92 39 giver
968 272 104 39 ingen
1096 272 153 38 antydan
1273 280 42 21 av
1340 271 67 28 hur
1430 279 83 20 man
1537 269 98 30 tänkt
1659 268 50 39 sig
1733 268 77 30 den.

326 328 89 30 Utan
436 327 105 31 tvivel
563 327 64 31 har
649 327 190 30 emellertid
862 326 113 30 denna
999 323 99 40 fråga
1121 324 88 31 varit
1231 322 146 32 föremål
1401 322 56 31 för
1478 321 170 40 ingående
1671 321 140 30 övervä-

326 382 134 37 ganden
479 380 97 30 inom
596 381 280 37 departementet,
897 379 64 30 och
982 379 57 29 det
1059 378 70 30 kan
1148 378 78 29 med
1247 377 75 30 skäl
1342 375 194 39 påfordras,
1559 377 49 28 att
1627 374 186 38 utredning

323 435 64 28 och
410 433 131 39 förslag
564 433 119 30 därom
706 435 136 27 snarast
863 431 134 39 möjligt
1019 430 192 38 föreläggas
1234 429 193 38 riksdagen.
1463 427 154 30 Sålunda
1639 426 174 30 erfordras

326 487 259 31 bestämmelser
604 496 56 21 om
680 487 42 29 de
741 486 249 39 myndigheter,
1013 494 75 20 som
1109 484 96 30 skola
1225 483 186 30 handhava
1433 481 258 40 granskningen
1717 479 96 39 (utan

327 541 100 30 tvivel
453 540 176 30 erfordras
653 539 116 30 lokala
794 546 116 31 organ,
936 547 82 21 men
1042 538 100 38 lagen
1165 546 101 29 synes
1292 534 113 37 också,
1433 534 116 32 såsom
1574 533 166 39 naturligt
1764 535 48 32 är,

328 594 107 30 räkna
461 594 82 29 med
570 602 42 21 en
638 593 129 29 central
795 589 443 41 granskningsmyndighet)
1273 590 65 29 och
1366 589 99 30 deras
1493 588 161 30 inbördes
1683 585 130 32 förhål-

329 647 108 30 lande.
476 646 226 38 Synnerligen
727 645 109 39 viktig
862 645 38 29 är
926 643 125 40 frågan
1077 653 56 20 om
1161 641 537 41 granskningsmyndigheternas
1725 649 88 22 sam-

328 700 248 38 mansättning;
602 699 56 30 det
680 698 119 30 kunde
823 698 195 38 övervägas,
1043 696 172 30 huruvida
1239 696 31 38 ej
1295 696 275 37 representanter
1593 693 55 31 för
1670 692 144 40 publici-

328 755 90 27 teten
439 752 109 30 borde
571 751 229 30 tillförsäkras
823 751 88 38 plats
934 750 85 30 däri.
1057 749 77 31 Med
1158 750 67 29 den
1248 749 152 30 centrala
1424 746 390 41 granskningsmyndig-

327 806 117 30 hetens
465 804 245 40 befogenheter
731 804 293 38 sammanhänger
1044 802 104 31 också
1167 803 77 29 dess
1266 800 219 32 förhållande
1506 801 51 29 till
1578 799 236 39 tryckfrihets-

330 858 205 31 kommittén
555 858 64 30 och
640 857 411 39 tryckfrihetsnämnden.
1085 856 185 38 Angeläget
1289 856 39 29 är
1347 855 117 30 vidare
1483 857 50 27 att
1552 856 170 36 noggrant
1741 861 74 30 pre-

329 912 106 30 cisera
458 911 306 39 myndigheternas
789 910 245 39 befogenheter
1060 911 171 36 gentemot
1255 908 191 39 utgivarna,
1474 908 117 29 dessas
1616 905 200 39 rättsskydd

331 966 7 27 i
360 965 61 30 fall
442 975 42 20 av
505 964 186 39 obehöriga
709 964 146 38 ingrepp
875 973 29 20 o.
926 973 24 20 s.
970 972 32 20 v.
1036 962 79 30 Helt
1134 962 83 30 visst
1237 962 70 30 kan
1326 962 57 29 det
1401 961 108 30 bland
1529 963 107 27 annat
1655 959 161 30 befinnas

330 1017 156 39 lämpligt
511 1020 50 27 att
585 1019 81 37 göra
689 1027 43 20 en
756 1017 157 30 bestämd
938 1016 151 30 skillnad
1114 1015 128 30 mellan
1267 1015 68 30 den
1359 1023 95 21 mera
1479 1012 170 40 ingående
1675 1012 141 39 gransk-

330 1071 90 38 ning,
444 1080 77 21 som
544 1080 98 21 anses
664 1070 85 30 böra
772 1071 107 38 ägnas
901 1069 219 30 uteslutande
1141 1067 36 32 åt
1198 1068 213 39 tryckalster,
1435 1067 11 30 i
1471 1067 93 30 vilka
1586 1075 84 21 man
1692 1065 32 39 ej
1747 1066 71 29 kan

331 1124 108 30 räkna
465 1122 47 40 på
538 1124 152 38 lojalitet,
718 1123 67 31 och
813 1123 66 30 den
907 1132 74 21 som
1008 1122 10 30 i
1047 1121 137 31 särskilt
1211 1121 146 30 kritiska
1383 1121 102 38 lägen
1512 1119 168 31 etableras
1707 1119 11 30 i
1745 1119 71 30 vid-

331 1177 190 30 sträcktare
544 1176 218 39 omfattning.

375 1230 77 30 Med
473 1230 171 30 avseende
664 1228 45 39 på
729 1228 293 39 importförbudet
1049 1227 31 38 (5
1101 1226 32 40 $)
1160 1226 58 32 må
1240 1228 87 29 blott
1348 1227 187 31 anmärkas
1557 1227 56 29 det
1635 1226 182 38 egendom-

332 1284 66 39 liga
419 1284 86 35 däri,
528 1286 51 27 att
598 1283 11 29 i
630 1282 84 31 strid
735 1282 80 30 med
838 1282 123 29 svensk
984 1281 170 30 statsrätts
1175 1281 177 30 allmänna
1373 1279 175 39 principer
1567 1279 251 38 befogenheten

332 1340 49 27 att
397 1337 161 30 meddela
576 1334 122 32 sådant
717 1335 129 30 förbud
864 1334 203 30 anförtrotts
1086 1332 35 32 åt
1137 1333 312 39 justitieministern
1466 1333 66 29 och
1552 1332 31 39 ej
1603 1331 216 31 förbehållits

331 1389 35 31 åt
385 1389 124 39 Kungl.
530 1388 129 40 Maj:t.>

376 1443 13 29 I
414 1442 180 30 motionen
618 1442 27 29 I:
662 1442 61 29 129
749 1441 65 30 har
839 1441 50 29 till
915 1441 76 29 stöd
1018 1440 56 30 för
1098 1441 56 29 det
1178 1440 63 29 där
1267 1439 194 30 framförda
1487 1438 332 39 revisionsförslaget

332 1497 43 29 bl.
396 1506 30 20 a.
449 1495 136 31 anförts
607 1495 168 38 följande:

379 1548 272 39 »Lagförslagets
673 1547 195 39 avfattning
889 1547 97 30 torde
1007 1547 167 38 medgiva,
1197 1549 50 27 att
1268 1547 99 37 lagen
1389 1553 56 31 ges
1467 1545 220 38 tillämpning
1708 1553 111 21 exem-

333 1602 104 39 pelvis
462 1602 124 30 endast
610 1602 10 29 i
645 1600 98 40 fråga
767 1610 59 21 om
851 1599 392 39 förhandsgranskning.
1282 1598 164 31 Däremot
1470 1599 53 29 lär
1549 1597 271 39 formuleringen

334 1655 74 31 icke
426 1655 177 38 inrymma
622 1654 181 38 möjlighet
822 1654 54 30 för
898 1653 194 39 Konungen
1110 1653 65 30 och
1195 1653 186 38 riksdagen
1400 1654 50 29 att
1468 1652 135 30 besluta
1623 1660 58 21 om
1701 1660 44 21 en
1764 1651 56 29 be-

335 1708 187 39 gränsning
547 1718 43 21 av
614 1707 265 39 tillämpningen
904 1707 79 30 med
1009 1706 137 38 hänsyn
1172 1706 50 30 till
1250 1706 42 29 de
1319 1705 91 30 olika
1437 1705 179 30 allmänna
1641 1704 178 34 intressen,

335 1771 73 21 som
429 1762 100 30 skola
550 1761 150 39 skyddas
723 1769 124 30 genom
868 1759 167 40 åtgärden
1055 1759 10 30 i
1087 1758 106 40 fråga.

378 1814 201 31 Emellertid
603 1823 100 29 synes
728 1814 57 29 det
810 1822 82 21 vara
916 1813 175 35 önskvärt,
1118 1815 49 27 att
1191 1821 44 21 en
1260 1810 108 32 sådan
1393 1810 276 39 differentiering
1693 1810 128 30 beträf-

335 1868 104 30 fande
460 1868 120 39 lagens
603 1867 219 38 tillämpning
844 1867 70 30 kan
937 1866 69 30 ske.
1043 1865 99 31 Detta
1165 1865 111 31 skulle
1299 1866 81 38 göra
1402 1865 57 30 det
1482 1864 136 39 möjligt
1639 1866 50 28 att
1711 1864 111 30 under

336 1921 97 35 vissa,
462 1921 11 30 i
503 1920 289 39 utrikespolitiskt
820 1920 167 30 avseende
1016 1919 134 30 relativt
1178 1918 137 30 mindre
1344 1918 133 38 spända
1506 1916 245 31 förhållanden
1780 1933 43 4 —

335 1974 120 30 därvid
480 1974 78 30 fara
583 1973 54 30 för
660 1973 76 39 krig
760 1973 106 30 likväl
892 1971 183 40 föreligger
1097 1988 44 4 —
1163 1971 117 30 införa
1304 1980 43 21 en
1370 1970 385 39 förhandsgranskning
1780 1979 42 21 av

335 2027 133 39 tryckta
490 2026 149 36 skrifter,
661 2027 116 29 vilken
796 2026 186 38 begränsas
1002 2025 52 30 till
1075 2027 48 28 att
1143 2024 135 39 skydda
1298 2024 169 30 intressen
1488 2033 43 21 av
1551 2023 271 38 inrikespolitisk

336 2084 51 27 art
406 2080 64 30 och
492 2079 102 31 alltså
612 2089 96 21 avser
728 2082 50 27 att
798 2078 190 36 förhindra,
1009 2080 50 28 att
1077 2077 173 39 periodisk
1272 2077 102 30 skrift
1392 2075 193 32 innehåller
1605 2075 124 32 sådant
1747 2085 75 22 som

336 2135 37 28 är
392 2134 105 38 ägnat
518 2136 50 28 att
587 2133 216 38 undergräva
824 2131 271 40 krigslydnaden
1116 2131 79 30 eller
1215 2129 135 40 åsyftar
1369 2133 49 28 att
1438 2130 184 30 förbereda
1643 2129 179 31 samhälls-

336 2187 210 38 ordningens
572 2186 235 30 omstörtande
832 2186 79 29 med
936 2184 216 31 våldsamma
1176 2184 113 30 medel
1315 2184 80 30 eller
1418 2183 81 30 med
1525 2183 97 39 hjälp
1648 2192 42 21 av
1716 2183 106 30 främ-

336 2240 124 30 mande
481 2240 128 30 makt.»

380 2346 13 29 I
415 2347 56 29 det
492 2345 179 31 utlåtande
696 2345 54 38 (nr
771 2344 54 39 28)
852 2345 51 29 till
925 2343 207 40 föregående
1153 2343 54 31 års
1229 2344 142 38 lagtima
1392 2344 151 37 riksdag,
1566 2343 71 30 vari
1659 2342 165 30 utskottet

338 2399 182 39 tillstyrkte
546 2400 42 29 de
610 2399 11 30 i
646 2399 56 30 det
727 2397 207 40 föregående
958 2398 148 30 berörda
1131 2397 200 39 grundlags-
1357 2396 65 30 och
1448 2396 241 39 lagförslagen,
1718 2395 105 31 fram-

337 2453 70 29 höll
429 2452 177 35 utskottet,
630 2455 48 27 att
701 2451 251 39 tryckfriheten
974 2468 44 3 —
1040 2451 10 29 i
1075 2459 76 22 vars
1173 2450 95 39 hägn
1291 2448 75 32 vårt
1388 2449 148 31 svenska
1560 2448 263 31 samhällsskick

338 2504 72 31 nått
432 2505 53 30 sin
507 2506 200 29 nuvarande
728 2504 198 39 utveckling
947 2522 44 3 —
1013 2513 61 21 var
1095 2513 42 21 en
1158 2503 56 30 för
1235 2506 47 27 ett
1303 2503 74 29 fritt
1399 2502 65 31 och
1488 2501 241 40 självständigt
1750 2500 73 32 folk
