2228 2622
406 191 20 29 [NA

891 182 266 33 Statsutskottets
1180 178 177 31 memorial
1380 176 51 30 Nr
1455 176 74 29 115.

1131 591 61 40 Nr
1218 589 79 41 15.

960 756 109 23 Ankom
1090 753 46 24 till
1156 752 163 30 riksdagens
1340 748 91 25 kansli
1451 747 53 24 den
1524 744 34 25 26
1577 743 156 32 september
1753 739 70 27 1914
1843 740 37 25 kl.
1899 740 17 25 6
1936 747 22 17 e.
1980 746 37 17 m.

633 900 190 37 Memorial
855 899 14 34 i
907 896 189 43 anledning
1127 905 44 23 av
1205 893 210 34 kamrarnas
1444 887 199 43 skiljaktiga
1671 885 107 34 beslut
1808 883 14 34 i
1836 882 114 44 fråga
1969 891 52 24 om

842 969 224 45 förändrade
1100 963 252 38 bestämmelser
1381 961 77 35 med
1491 958 166 37 avseende
1699 957 21 33 å
1760 958 131 32 statens
1932 952 89 36 med-

848 1042 145 35 delande
1022 1050 43 23 av
1088 1035 259 45 sjöförsäkring
1372 1036 68 31 mot
1468 1029 191 45 krigsfara.

1716 1099 70 40 (3:e
1817 1094 99 47 avd.)

529 1277 20 36 I
593 1288 47 23 en
681 1274 59 36 till
781 1272 204 45 riksdagen
1028 1268 148 36 avlåten
1217 1262 239 50 proposition,
1494 1273 45 22 nr
1569 1261 87 41 284,
1689 1270 45 22 av
1764 1256 72 35 den
1869 1257 46 33 18
1945 1265 80 34 sep-

423 1331 145 36 tember
600 1330 101 34 1914
735 1326 97 35 hade
860 1323 142 46 Kungl.
1033 1321 120 47 Maj:t,
1184 1319 119 35 under
1333 1314 234 47 åberopande
1597 1324 46 23 av
1670 1310 119 45 bilagt
1816 1308 136 45 utdrag
1982 1318 45 23 av

425 1379 408 49 statsrådsprotokollet
876 1382 87 31 över
1004 1372 289 37 finansärenden
1334 1370 57 34 för
1431 1378 139 25 samma
1600 1365 83 45 dag,
1715 1360 193 47 föreslagit
1935 1358 92 36 riks-

427 1439 122 45 dagen
578 1433 184 47 medgiva,
786 1434 54 32 att
864 1430 85 35 med
978 1426 184 38 avseende
1193 1427 20 33 å
1241 1426 141 33 statens
1412 1418 245 38 meddelande
1687 1428 45 23 av
1762 1411 266 52 sjöförsäkring

427 1494 76 32 mot
531 1487 185 48 krigsfara
745 1487 58 34 må
832 1485 12 34 i
872 1483 106 46 fråga
1008 1494 56 23 om
1095 1478 177 49 premiers
1302 1474 226 48 erläggande
1558 1472 69 35 och
1655 1468 280 46 försäkringens
1955 1477 72 23 om-

426 1543 165 45 fattning
632 1540 186 45 tillämpas
851 1535 222 37 förändrade
1106 1531 279 36 bestämmelser
1414 1540 45 23 av
1488 1527 13 34 i
1528 1522 200 38 huvudsak
1757 1522 62 34 det
1847 1518 180 42 innehåll,

429 1609 75 24 som
535 1596 121 34 finnes
685 1593 13 35 i
721 1591 156 36 berörda
907 1585 366 48 statsrådsprotokoll
1302 1582 161 46 angivet.

538 1646 284 39 Statsutskottet
863 1643 97 35 hade
1000 1641 15 35 i
1054 1641 158 34 häröver
1246 1636 150 47 avgivet
1428 1632 193 37 utlåtande
1645 1641 45 24 nr
1721 1630 72 33 111
1826 1620 200 56 hemställt,

430 1708 54 32 att
523 1702 203 46 riksdagen
768 1700 114 34 måtte
925 1694 184 48 medgiva,
1153 1695 54 33 att
1235 1691 85 35 med
1349 1687 186 38 avseende
1565 1688 20 33 å
1614 1686 141 34 statens
1784 1678 245 38 meddelande

431 1771 45 22 av
519 1754 268 50 sjöförsäkring
831 1754 76 32 mot
935 1748 184 47 krigsfara
1148 1749 59 32 må
1236 1745 12 35 i
1275 1744 106 46 fråga
1410 1754 57 24 om
1498 1738 177 49 premiers
1704 1734 227 48 erläggande
1961 1732 68 35 och

429 1810 281 45 försäkringens
740 1803 225 46 omfattning
993 1802 187 45 tillämpas
1216 1796 221 38 förändrade
1465 1791 280 38 bestämmelser
1774 1801 46 22 av
1847 1787 14 35 1
1889 1786 141 35 huvud-

431 1864 68 36 sak
542 1864 64 33 det
645 1859 180 43 innehåll,
870 1869 77 23 som
987 1855 122 35 finnes
1151 1852 14 35 i
1193 1846 407 49 statsrådsprotokollet
1628 1849 88 31 över
1743 1835 288 56 finansärenden

432 1919 73 34 den
537 1918 47 33 18
615 1912 211 49 september
849 1912 101 35 1914
972 1907 162 48 angivet,
1157 1905 96 36 dock
1273 1907 54 32 att
1346 1900 140 50 premie
1506 1899 56 36 för
1580 1895 212 46 försäkring
1812 1906 45 23 av
1877 1891 155 38 svenskt

431 1971 124 47 fartyg
584 1969 58 36 för
669 1979 83 24 resa
781 1964 132 37 enbart
941 1962 138 36 mellan
1107 1958 202 37 utländska
1329 1957 156 35 hamnar
1502 1952 96 37 skall
1617 1951 14 35 i
1650 1950 59 36 sin
1728 1948 127 36 helbet
1874 1947 159 35 kontant

432 2026 171 45 erläggas
632 2021 63 37 vid
723 2018 230 46 försäkrings
983 2014 231 37 avslutande.

540 2075 131 46 Enligt
698 2073 183 35 utskottet
909 2068 323 37 tillhandakomna
1267 2060 343 51 protokollsutdrag
1638 2058 68 34 har
1728 2055 116 35 första
1871 2053 167 47 kamma-

433 2143 67 23 ren
527 2128 138 37 bifallit
692 2126 202 36 utskottets
921 2122 157 36 berörda
1106 2118 235 43 hemställan,
1370 2115 120 36 under
1520 2114 62 34 det
1611 2113 54 33 att
1684 2109 115 36 andra
1818 2107 217 35 kammaren

434 2183 137 37 bifallit
614 2193 139 25 samma
795 2177 224 37 hemställan
1052 2174 85 36 med
1171 2174 72 34 den
1272 2170 170 46 ändring,
1475 2170 55 33 att
1559 2166 89 36 sista
1678 2163 108 36 delen
1816 2161 113 35 därav
1953 2158 83 35 från

436 2238 68 36 och
533 2237 86 35 med
649 2235 115 36 orden
798 2231 118 37 »dock
945 2233 54 33 att
1027 2228 161 48 premie»
1222 2223 200 38 uteslutits.
