2188 2614
689 161 293 33 Statsutskottets
1004 161 189 32 utlåtande
1214 161 52 33 Nr
1288 160 50 32 89.
1749 159 15 31 1

934 511 58 40 Nr
1020 511 65 41 89.

822 669 112 27 Ankom
954 669 49 27 till:
1015 668 170 35 riksdagens
1205 667 92 27 kansli
1316 667 53 27 den
1390 667 32 27 19
1442 667 54 36 maj
1518 667 69 28 1922
1606 666 38 27 kl.
1663 667 18 27 3
1699 676 22 17 e.
1742 676 34 17 m.

421 810 193 36 Utlåtande
641 811 13 34 i
683 810 199 45 anledning
911 821 43 24 av
982 809 138 45 Kungl.
1150 808 128 44 Maj:ts
1305 809 115 35 under
1440 808 117 44 femte
1585 808 227 36 huvudtiteln

611 891 44 24 av
683 880 466 44 statsverkspropositionen
1174 879 131 45 gjorda
1327 877 279 45 framställning
1627 877 186 37 angående

611 949 127 47 anslag
763 948 57 35 till
848 947 137 36 allmän
1015 948 116 35 hälso-
1162 948 63 35 och
1253 947 185 44 sjukvård.

1467 1014 86 49 (3:e
1581 1013 100 49 avd.)

342 1120 65 38 Uti
453 1119 72 37 den
566 1119 56 36 till
657 1118 205 49 riksdagen
892 1119 72 36 den
994 1121 18 34 7
1040 1119 152 48 januari
1225 1121 95 34 1922
1350 1119 152 36 avlåtna
1529 1117 285 50 propositionen

214 1171 197 51 angående
453 1171 247 37 statsverkets
730 1170 170 37 tillstånd
930 1170 70 37 och
1029 1170 125 37 behov
1183 1170 59 37 för
1269 1171 105 36 tiden
1405 1172 18 34 1
1450 1169 256 49 januari—30
1730 1169 86 49 juni

218 1227 96 34 1923
356 1223 59 49 (nr
445 1222 34 49 1)
521 1223 69 36 bar
631 1222 144 48 Kungl.
817 1222 110 48 Maj:t
967 1222 121 36 under
1130 1222 114 36 femte
1272 1221 253 47 huvudtiteln,
1555 1220 261 37 innefattande

216 1276 183 48 anslagen
440 1275 56 36 till
533 1274 428 49 socialdepartementet,
990 1273 186 49 (punkten
1208 1275 70 35 105
1308 1273 12 36 i
1348 1273 64 36 det
1438 1271 63 37 vid
1529 1272 287 49 propositionen

217 1327 138 49 fogade
384 1325 413 50 statsrådsprotokollet
824 1330 92 31 över
944 1325 282 36 socialärenden
1256 1325 57 36 för
1340 1337 144 24 samma
1507 1323 89 49 dag)
1622 1323 196 48 föreslagit

216 1379 205 48 riksdagen
464 1383 54 31 att
558 1378 58 35 för
658 1377 121 48 sagda
807 1376 51 36 tid
886 1382 169 44 upptaga
1085 1377 62 36 det
1175 1376 188 37 ordinarie
1392 1375 340 49 förslagsanslaget
1759 1375 58 36 till

217 1429 241 38 bestridande
499 1443 46 22 av
588 1429 257 36 kostnaderna
887 1429 58 36 för
974 1429 138 36 allmän
1141 1428 123 36 hälso-
1291 1428 70 36 och
1389 1427 193 50 sjukvård,
1612 1440 51 23 nu
1691 1427 59 36 för
1778 1429 40 34 år

220 1483 200 46 1,000,000
449 1481 140 36 kronor
617 1480 58 36 till
703 1486 53 31 ett
783 1479 138 50 belopp
950 1494 46 23 av
1027 1481 164 46 600,000
1221 1480 148 36 kronor.

343 1532 265 49 Utredningen
650 1532 12 35 i
703 1537 129 31 ämnet
873 1533 199 34 återfinnes
1114 1534 21 33 å
1176 1531 69 36 sid.
1292 1532 190 35 165—171
1517 1531 12 35 i
1558 1530 259 49 nyssnämnda

219 1583 385 50 statsrådsprotokoll.

346 1688 72 36 Det
459 1687 189 36 ordinarie
688 1687 341 47 förslagsanslaget
1070 1686 59 35 till
1169 1685 240 37 bestridande
1451 1698 46 22 av
1529 1685 204 35 kostnader
1761 1684 58 36 för

217 1740 141 36 allmän
398 1738 125 37 hälso-
565 1738 70 36 och
677 1737 182 49 sjukvård
897 1737 134 49 höjdes
1062 1750 45 23 av
1138 1739 95 34 1921
1265 1740 59 33 års
1353 1736 158 49 riksdag
1541 1736 83 36 från
1653 1736 165 46 275,000

220 1792 138 35 kronor
386 1790 58 36 till
476 1791 201 47 1,000,000
706 1789 152 36 kronor.

347 1842 129 37 Under
516 1842 119 36 första
677 1841 170 36 halvåret
890 1842 95 34 1921
1030 1840 69 36 har
1141 1840 122 48 enligt
1302 1839 154 50 uppgift
1493 1839 80 36 från
1602 1838 217 37 medicinal-

218 1894 188 49 styrelsen
447 1893 268 48 belastningen
758 1906 45 23 av
837 1892 182 48 anslaget,
1050 1892 94 37 efter
1172 1892 144 48 avdrag
1345 1905 46 22 av
1418 1891 207 36 inkomster
1654 1890 55 36 till
1738 1890 80 36 det-

221 1959 154 33 samma,
421 1948 163 46 uppgått
625 1945 56 36 till
723 1944 82 37 icke
851 1944 145 36 mindre
1042 1949 48 31 än
1128 1945 162 45 966,571
1321 1943 138 36 kronor
1489 1944 47 34 70
1566 1947 75 31 öre.
1697 1941 122 36 Bland

220 1997 209 49 utgifterna
466 1996 148 36 märkas
652 1995 203 37 kostnader
884 1996 58 35 för
970 1995 176 48 åtgärder
1174 2001 80 29 mot
1281 1994 231 48 utbredning
1541 2007 46 22 av
1616 1993 202 48 könssjuk-

221 2048 129 37 domar
391 2048 163 46 575,915
597 2047 139 35 kronor
778 2048 47 34 88
868 2051 64 31 öre
973 2046 70 35 och
1072 2046 59 35 för
1159 2046 164 35 arvoden
1351 2046 57 35 till
1437 2051 105 30 extra
1570 2045 127 35 läkare
1725 2049 97 31 samt

221 2105 26 29 t.
277 2100 24 35 f.
332 2099 115 36 förste
475 2097 338 50 provinsialläkare
842 2097 70 36 och
941 2096 335 49 provinsialläkare
1305 2098 163 45 211,778
1497 2095 141 36 kronor
1668 2096 45 34 75
1743 2099 76 32 öre.

221 2150 99 36 Från
350 2149 234 37 sistnämnda
612 2161 147 24 summa
787 2149 74 35 kan
891 2148 95 36 dock
1014 2148 188 35 avräknas
1226 2153 53 30 ett
1298 2147 137 49 belopp
1456 2160 47 22 av
1523 2147 138 46 35,911
1683 2146 139 36 kronor

224 2203 46 34 98
312 2205 75 42 öre,
424 2200 211 49 utgörande
663 2199 293 49 ifrågavarande
985 2199 135 48 anslag
1146 2198 271 48 tillgodoförda
1444 2197 377 49 tjänstgöringspen-

223 2252 135 48 ningar
386 2255 20 32 å
434 2265 47 23 av
508 2251 166 36 vikarier
695 2251 190 37 bestridda
906 2251 116 36 förste
1045 2250 333 48 provinsialläkar-
1398 2249 70 37 och
1488 2248 333 50 provinsialläkar-

224 2312 128 42 Bihang
375 2313 48 31 till
445 2312 188 41 riksdagens
653 2311 154 41 protokoll
832 2311 94 31 1922.
973 2312 20 30 6
1015 2311 90 31 saml.
1152 2311 43 31 46
1217 2309 79 41 häft.
1342 2309 66 40 (Nr
1429 2309 154 34 89—91)
1762 2309 13 30 1
