1916 2848
284 160 17 30 6
734 164 260 29 Statsutskottets
1015 166 163 29 utlåtande
1203 167 47 28 Nr
1277 171 55 29 93;

283 246 154 34 handels-
477 248 58 31 och
573 248 264 38 sjöfartsfonden
875 250 104 38 jämte
1019 251 80 33 därå
1126 252 170 39 upplupen
1324 255 258 32 anståndsränta
1612 259 49 29 ett
1688 256 55 32 lån
1772 258 18 31 å

286 297 142 38 224,000
448 297 121 33 kronor
588 310 41 21 ur
649 298 167 33 allmänna
836 300 374 39 järnvägslånefonden.

328 347 19 31 I
372 347 161 33 skrivelse
557 346 62 34 den
645 350 18 31 9
689 349 132 38 januari
848 351 85 32 1930
959 351 86 32 hava
1071 351 217 40 fullmäktige
1312 357 12 29 i
1350 354 326 39 riksgäldskontoret
1702 356 89 39 gjort

284 396 254 40 framställning
559 399 12 31 i
594 399 101 38 fråga
717 411 51 21 om
791 400 169 39 reglering
982 413 42 20 av
1046 402 539 39 Ruda-—Finsjö—Oskarshamn
1608 407 61 32 och
1691 407 99 32 Ruda

283 443 210 43 —Älghults
519 449 372 40 järnvägsaktiebolags
919 451 311 35 skuldförhållande
1257 454 55 31 till
1340 458 110 29 staten
1478 460 84 28 samt
1592 456 118 33 därvid
1737 457 55 32 till

284 508 37 20 en
339 497 118 39 början
474 499 127 32 anfört:

328 555 555 40 Ruda—Finsjö—Oskarshamns
916 560 355 41 järnvägsaktiebolag
1302 564 84 32 hade
1419 565 30 37 ej
1480 564 130 34 kunnat
1641 566 149 39 fullgöra

284 597 50 31 sin
356 597 388 41 betalningsskyldighet
766 601 53 32 för
841 602 188 33 statslånet.
1052 604 68 31 Till
1142 604 326 38 riksgäldskontoret
1488 607 84 32 hade
1593 609 106 31 under
1718 609 74 31 hela

280 640 169 33 lånetiden
471 642 116 33 endast
607 643 126 38 erlagts
757 645 116 37 74,000
894 644 132 40 kronor,
1047 646 106 33 vilket
1174 647 117 39 belopp
1314 648 12 32 i
1347 652 51 29 tre
1419 653 112 34 poster
1551 650 159 34 inbetalts
1732 664 58 19 un-

280 682 60 32 der
360 684 79 31 åren
463 685 227 33 1917—1919.
735 686 68 32 Till
825 687 86 37 följd
933 688 105 32 härav
1059 689 84 32 hade
1164 689 150 39 bolagets
1339 690 100 33 skuld
1461 692 54 31 till
1538 692 251 38 riksgäldskon-

281 728 86 30 toret
385 726 40 32 år
441 726 54 32 för
511 727 38 31 år
565 727 97 32 ökats
680 728 60 32 och
757 729 150 37 uppgick
926 729 61 32 den
1003 732 44 31 30
1064 730 73 38 juni
1156 732 84 32 1928
1259 732 54 32 till
1332 734 173 37 1,077,215
1524 734 123 33 kronor
1664 737 40 30 35
1724 740 65 33 öre,

281 778 105 21 varav
405 769 137 43 601,325
561 769 124 32 kronor
703 772 42 31 34
763 776 53 27 öre
833 783 80 20 voro
932 772 162 33 förfallna
1113 773 55 32 till
1185 773 183 39 betalning.

324 809 310 39 Ruda—Älghults
660 812 356 40 järnvägsaktiebolag
1040 815 85 32 hade
1151 816 122 32 hittills
1299 817 75 32 icke
1400 817 179 33 verkställt
1604 820 110 37 någon
1740 819 49 32 in-

281 851 172 40 betalning
473 853 18 32 å
510 853 51 32 sin
580 853 100 34 skuld
700 855 53 32 för
772 855 197 33 statslånen.
1011 856 147 34 Skulden
1178 857 84 33 hade
1282 858 194 39 därigenom
1496 860 176 33 efterhand
1692 861 96 32 ökats

280 893 61 32 och
359 894 150 39 uppgick
529 895 60 32 den
610 897 41 31 30
671 896 72 40 juni
764 898 84 32 1928
868 898 55 32 till
944 898 172 39 2,321,551
1137 899 122 33 kronor
1280 901 40 32 70
1342 900 64 39 öre,
1427 913 105 21 varav
1552 901 140 39 223,231
1714 903 74 32 kro-

279 940 60 28 hor
359 937 41 32 91
421 941 55 28 öre
494 948 78 22 voro
593 938 165 33 förfallna
778 939 53 32 till
851 939 184 40 betalning.
1305 978 2 2 |

324 978 261 39 Trafikeringen
608 992 43 20 av
673 980 183 40 järnvägen
880 980 299 41 Ruda—Älghult
1196 984 89 33 hade
1304 985 168 32 alltsedan
1494 986 202 38 järnvägens
1721 987 67 32 till-

277 1019 112 33 komst
411 1021 193 39 ombesörjts
627 1034 43 21 av
690 1023 556 39 Ruda—Finsjö-—Oskarshamns
1268 1027 366 39 järnvägsaktiebolag.

325 1061 111 34 Sedan
460 1063 38 32 de
521 1063 85 33 båda
629 1065 305 39 järnvägsbolagen
957 1067 12 32 i
993 1068 185 37 september
1203 1069 84 32 1928
1311 1069 178 33 inkommit
1511 1070 74 32 med
1610 1082 39 20 en
1674 1070 113 32 anhål-

277 1103 56 33 lan
358 1116 52 21 om
434 1109 50 29 att
508 1106 217 39 fullmäktige
747 1108 12 32 i
784 1108 325 38 riksgäldskontoret
1130 1111 103 32 måtte
1257 1111 70 32 låta
1353 1111 154 38 företaga
1530 1112 181 38 utredning
1736 1124 51 20 om

278 1146 171 39 reglering
470 1160 42 20 av
532 1149 95 32 deras
649 1149 313 34 skuldförhållande
983 1151 54 33 till
1058 1155 120 35 staten,
1199 1153 84 32 hade
1306 1153 218 39 fullmäktige
1545 1154 187 38 uppdragit
1753 1155 36 31 åt

278 1188 400 39 riksgäldssekreteraren
703 1192 35 32 J.
761 1192 187 39 Hägglund
971 1194 61 32 och
1054 1194 204 38 byråchefen
1282 1195 34 33 S.
1339 1195 168 33 Norrman
1529 1199 52 29 att
1602 1196 185 32 verkställa

276 1227 64 36 den
360 1231 142 33 sålunda
520 1232 146 39 begärda
686 1234 232 39 utredningen.
959 1236 101 32 Efter
1079 1237 260 38 förhandlingar
1354 1238 81 32 med:
1450 1240 265 36 representanter
1733 1238 55 32 för

277 1272 143 39 bolagen
442 1274 85 33 hade
549 1276 340 38 utredningsmännen
912 1278 12 31 i
948 1290 38 20 en
1011 1278 61 33 den
1096 1280 41 31 10
1160 1279 133 38 januari
1318 1280 85 32 1929
1429 1279 210 39 dagtecknad
1661 1291 126 27 prome-

276 1316 107 32 moria
405 1316 163 39 framlagt
589 1317 206 38 redogörelse
816 1319 60 32 och
897 1319 131 39 förslag
1047 1320 12 31 i
1081 1324 120 28 ämnet.

321 1381 367 40 Utredningsmännens
714 1383 263 39 ifrågavarande
1003 1386 129 39 förslag
1156 1387 138 32 innebar
1320 1399 53 20 en.
1385 1387 241 38 nedskrivning
1643 1396 53 24 av
1720 1391 66 29 sta-

277 1434 72 30 tens
372 1432 139 33 fordran
531 1434 12 31 i
565 1434 38 32 de
624 1434 87 32 båda
733 1434 146 33 banorna
901 1436 55 31 till
979 1437 140 37 525,000
1140 1437 131 38 kronor,
1286 1438 128 31 varvid
1437 1437 83 32 dock
1540 1438 149 32 banorna
1711 1437 75 33 allt-

276 1482 84 38 jämt
382 1482 108 33 skule
511 1484 117 32 fortbli
647 1485 12 31 i
679 1486 192 32 nuvarande
890 1486 232 33 intressenters
1144 1492 74 33 ägo.

320 1533 200 33 Emellertid
537 1534 61 32 har
618 1534 184 34 sedermera
821 1536 187 33 utarbetats
1027 1549 39 20 en
1084 1537 79 39 plan
1183 1538 54 32 till
1256 1538 39 32 de
1314 1538 87 33 båda
1421 1538 364 34 Oskarshamnsbanor-

276 1594 60 21 nas
356 1584 284 39 samförvaltning
659 1586 75 32 med
753 1586 144 33 Kalmar
916 1586 74 33 läns
1011 1591 88 29 östra
1119 1588 367 39 järnvägsaktiebolag,
1507 1601 69 20 som
1597 1594 81 33 äger
1696 1589 89 38 järn-

275 1638 110 33 vägen
408 1634 300 39 Kalmar—Berga
732 1641 85 29 samt
840 1637 168 33 dessutom
1031 1642 38 28 är
1090 1638 296 33 huvudintressent
1408 1640 12 31 i
1442 1640 91 32 vissa
1558 1639 104 33 andra
1683 1639 102 37 smal-

277 1684 138 38 spåriga
432 1684 103 33 banor
552 1686 12 31 i
583 1686 155 38 sydöstra
760 1686 170 34 Småland.
972 1688 116 32 Denna
1107 1688 97 39 plans
1223 1689 158 33 innebörd
1402 1690 152 37 framgår
1573 1702 43 20 av
1636 1690 148 38 följande

339 1816 155 41 Förslag
516 1818 62 32 till
602 1818 229 34 förbindelse
854 1829 43 24 av
919 1820 153 33 Kalmar
1094 1822 81 32 läns
1199 1822 103 33 östra
1321 1820 402 45 järnvägsaktiebolag.

996 1904 70 40 $1.

284 1998 6 5 .
320 1959 126 33 Därest
472 1964 118 36 staten,
616 1962 88 32 efter
729 1963 181 32 eventuellt
935 1964 100 39 inköp
1063 1977 41 20 av
1130 1965 394 34 Ruda—Oskarshamns
1552 1968 60 32 och
1638 1968 100 32 Ruda

275 1998 167 42 Älghults
467 2003 192 39 järnvägar,
686 2004 108 33 skulle
817 2004 85 39 vilja
928 2006 141 38 försälja
1095 2007 72 32 dem
1193 2011 51 29 att
1269 2008 165 33 förvaltas
1460 2009 224 33 tillsammans
1708 2010 75 32 med

276 2045 119 38 övriga
418 2057 42 21 av
481 2045 143 33 Kalmar
646 2046 73 32 läns
743 2050 90 29 östra
855 2048 357 40 järnvägsaktiebolag
1238 2048 63 41 (K.
1326 2050 39 34 L.
1390 2047 39 36 Ö.
1452 2050 109 40 j.-ab.)
1590 2052 89 38 ägda
1702 2052 81 33 eller

276 2086 192 33 förvaltade
486 2087 194 41 järnvägar,
702 2089 170 33 förbinder
893 2090 54 38 sig
967 2090 143 39 bolaget,
1133 2092 71 32 dels
1224 2096 50 30 att
1295 2104 117 26 genom
1435 2093 54 32 för
1510 2093 190 44 ändamålet
1721 2094 61 33 bil-

276 2129 59 32 dat
355 2129 109 39 bolag,
485 2130 106 32 nedan
612 2131 157 33 benämnt
789 2128 101 37 Östra
914 2132 176 34 Smålands
1112 2134 357 40 järnvägsaktiebolag
1495 2134 57 40 (Ö.
1576 2135 72 34 Sm.
1666 2135 111 40 j.-ab.)

274 2171 119 38 ingiva
412 2172 111 32 anbud
542 2176 51 29 att
613 2173 125 39 inköpa
756 2174 229 38 järnvägarna
1004 2175 106 39 enligt
1129 2176 133 39 villkor,
1285 2189 69 21 som
1376 2178 12 31 i
1410 2177 149 38 följande
1580 2178 202 39 paragrafer

276 2214 86 31 2—4
384 2218 110 35 sägas,
515 2215 61 32 och
595 2215 73 33 dels
689 2219 51 29 att
759 2216 87 33 efter
865 2217 245 38 järnvägarnas
1132 2220 224 37 övertagande
1377 2219 58 32 vid
1458 2219 95 34 deras
1574 2221 208 38 trafikering

275 2255 179 38 tillgodose
478 2258 191 31 nuvarande
694 2263 118 33 ägares
838 2259 60 32 och
923 2260 221 33 trafikanters
1169 2260 162 33 intressen
1357 2273 117 26 genom
1499 2263 12 31 i
1536 2262 244 39 paragraferna

275 2298 85 32 3—7
382 2298 107 39 sagda
505 2299 254 38 medgivanden.

991 2368 18 39 8
1030 2370 29 31 2.

318 2423 116 34 Under
462 2425 245 40 förutsättning
734 2430 51 29 att
812 2431 127 28 statens
980 2428 172 44 samtycke
1191 2428 54 32 till
1283 2428 262 44 ifrågavarande
1576 2429 204 40 försäljning

274 2466 129 32 lämnas
428 2467 104 32 under
558 2469 39 30 år
624 2469 95 38 1930,
736 2481 161 20 ansvarar
914 2470 44 33 K,
975 2470 39 32 L.
1029 2471 39 32 Ö.
1083 2471 91 37 j.-ab.
1192 2471 52 31 för
1261 2474 50 29 att
1325 2472 41 32 Ö.
1384 2471 70 34 Sm.
1468 2472 102 38 j.-ab.,
1588 2473 74 32 med
1679 2472 100 33 ända-
