1880 2788
271 212 41 30 22
641 208 123 29 Första
790 206 245 39 lagutskottets
1062 202 177 31 utlåtande
1264 211 44 19 nr
1332 201 52 29 39.

271 300 221 39 svårigheter,
521 307 76 20 som
624 305 122 31 genom
774 296 68 29 den
868 293 220 31 föreskrivna
1113 290 335 38 vakanssättningen
1475 287 159 40 uppstått
1661 286 93 29 såväl

270 354 56 29 för
348 352 247 38 församlingar
616 350 64 29 och
702 348 221 31 skoldistrikt
945 356 74 20 som
1041 346 55 29 för
1118 346 41 29 de
1181 344 160 30 enskilda
1363 340 326 41 kyrkomusikerna.

315 430 412 39 Lärarlönesakkunniga
750 429 46 29 ha
819 429 12 28 i
856 428 58 29 sitt
936 426 221 30 betänkande
1180 424 166 39 framlagt
1369 422 130 39 förslag
1522 421 54 30 till
1600 429 41 20 en
1664 428 92 21 ome-

271 486 120 30 delbar
409 483 261 42 uppmjukning
689 492 41 20 av
750 481 227 31 föreskriften
996 489 57 21 om
1073 477 302 38 vakanssättning.
1394 476 49 29 De
1462 475 46 29 ha
1527 475 12 28 i
1558 474 93 29 detta
1670 473 85 28 hän-

272 540 126 29 seende
425 538 116 30 anfört
568 537 65 30 och
659 535 181 39 föreslagit
868 534 165 39 följande.

316 607 412 39 Lärarlönesakkunniga
748 607 89 38 hysa
857 606 66 29 den
943 603 280 41 uppfattningen,
1245 604 51 27 att
1318 602 66 28 den
1405 598 274 39 undantagslösa
1699 606 58 21 va-

272 654 291 39 kanssättningen
586 653 76 29 icke
683 652 120 38 längre
825 651 62 29 bör
909 648 267 41 upprätthållas,
1199 647 44 29 då
1265 655 48 20 nu
1337 646 70 29 kan
1428 645 165 32 förutses,
1617 644 49 28 att
1689 642 67 29 den

271 709 70 30 nya
366 698 300 40 organisationens
692 695 272 40 genomförande
988 693 30 39 ej
1048 693 108 29 heller
1180 692 160 29 kommer
1365 692 49 27 att
1439 689 60 29 ske
1524 688 112 29 under
1660 687 97 28 inne-

271 744 153 30 varande
451 743 48 29 år.
527 742 50 29 De
607 740 222 39 sakkunniga
856 738 136 34 föreslå,
1021 739 50 28 att
1099 746 42 20 en
1169 735 184 31 föreskrift
1381 743 55 20 om
1465 731 292 39 vakanssättning

272 789 135 30 alltfort
429 788 65 29 blir
517 785 224 39 huvudregel,
765 794 82 20 men
872 786 49 27 att
945 783 54 29 för
1023 781 247 39 församlingar
1294 780 66 29 och
1385 777 220 31 skoldistrikt
1630 776 126 39 skapas

272 843 44 20 en
331 832 180 40 möjlighet
527 833 51 28 att
593 831 87 29 efter
695 829 152 30 särskild
862 828 170 40 prövning
1046 827 38 29 få
1097 825 228 39 medgivande
1341 825 50 28 att
1405 822 210 31 återbesätta
1630 820 127 39 kyrko-

271 877 271 39 musikertjänst
561 876 80 29 med
660 874 176 30 ordinarie
855 873 221 29 innehavare.
1098 871 119 29 Såsom
1239 868 165 40 generellt
1423 867 127 30 villkor
1571 866 54 29 för
1645 865 112 39 dylikt

272 921 279 31 återbesättande
570 920 110 29 måste
701 919 151 38 stadgas,
873 919 50 28 att
941 916 57 30 vid
1019 915 233 31 anställandet
1272 923 43 20 av
1334 912 174 30 ordinarie
1528 910 229 38 befattnings-

271 968 130 28 havare
422 967 110 28 denne
555 964 89 30 skall
666 963 176 30 förklaras
865 961 134 39 skyldig
1021 962 51 28 att
1094 959 214 30 underkasta
1332 957 51 39 sig
1403 958 41 28 de
1466 956 189 38 ändringar
1677 954 80 29 med

272 1011 169 30 avseende
468 1010 19 29 å
512 1012 24 27 t.
564 1018 51 20 ex.
641 1007 361 40 tjänståliggandenas
1029 1006 55 29 art
1110 1004 64 30 och
1201 1002 213 38 omfattning
1442 1002 91 28 samt
1561 1000 196 37 avlönings-

271 1056 245 29 förmånernas
540 1053 140 33 storlek,
703 1061 74 21 som
800 1051 58 30 må
879 1051 141 29 komma
1042 1051 51 28 att
1115 1049 59 29 ske
1195 1048 58 29 vid
1274 1048 69 28 den
1366 1055 67 30 nya
1455 1044 301 40 organisationens

273 1099 283 40 genomförande.

317 1145 124 28 Därest
457 1143 126 39 Kungl.
600 1141 104 39 Maj:t
720 1141 65 30 och
802 1140 186 37 riksdagen
1003 1139 76 29 före
1096 1138 81 29 eller
1199 1137 4 29 i
1220 1136 170 30 samband
1405 1135 79 29 med
1500 1143 43 20 en
1559 1133 96 39 dylik
1670 1141 87 30 upp-

272 1189 189 39 mjukning
489 1197 42 20 av
559 1186 228 30 föreskriften
816 1194 58 20 om
900 1182 291 39 vakanssättning
1219 1181 91 29 fatta
1337 1178 253 42 principbeslut
1618 1178 12 28 i
1658 1177 99 38 fråga

272 1243 58 20 om
356 1234 66 29 den
445 1231 169 31 framtida
639 1229 300 40 organisationens
963 1227 235 33 utformande,
1223 1226 99 29 torde
1348 1224 143 30 därmed
1517 1223 127 38 skapas
1668 1221 89 38 möj-

271 1278 110 39 lighet
406 1278 53 29 för
483 1275 240 40 domkapitlen
749 1276 51 28 att
826 1274 12 29 i
864 1274 41 29 de
931 1273 86 29 allra
1042 1272 100 29 flesta
1167 1271 61 29 fall
1256 1270 137 38 avgöra,
1420 1268 117 30 vilken
1564 1267 192 38 tjänstetyp

273 1332 77 20 som
377 1322 56 29 vid
460 1320 301 40 organisationens
791 1317 272 40 genomförande
1090 1316 71 29 kan
1188 1315 209 29 förutsättas
1423 1312 92 30 bliva
1543 1310 177 31 fastställd
1746 1310 11 29 i

275 1368 69 29 viss
368 1366 217 38 församling.
610 1365 13 29 I
648 1364 118 39 dylika
790 1363 63 29 fall
880 1371 102 30 synas
1006 1359 240 40 domkapitlen
1270 1359 89 29 efter
1384 1357 155 30 hörande
1565 1365 42 20 av
1631 1355 126 39 kyrko-

272 1412 100 29 rådet
398 1411 73 33 och,
496 1409 216 30 beträffande
738 1408 148 29 förenad
911 1406 120 39 tjänst,
1059 1406 86 28 även
1172 1405 132 28 statens
1330 1400 336 40 folkskolinspektör
1692 1399 65 29 och

272 1455 257 31 vederbörande
548 1453 234 39 skolstyrelse,
801 1452 84 29 böra
903 1452 63 38 äga
983 1451 70 29 rätt
1070 1451 50 28 att
1139 1449 75 39 giva
1230 1447 160 30 tillstånd
1408 1446 51 30 till
1478 1444 279 31 återbesättande

272 1501 81 29 med
373 1499 173 31 ordinarie
565 1498 222 29 innehavare.
809 1497 13 29 I
843 1496 117 39 övriga
979 1495 62 29 fall
1061 1494 62 30 bör
1143 1492 303 38 tillståndsfrågan
1467 1500 42 20 av
1529 1488 229 40 domkapitlet

272 1544 235 31 underställas
527 1543 127 39 Kungl.
675 1542 125 39 Maj:ts
821 1540 180 41 prövning.

317 1606 291 39 Föredraganden
631 1604 203 39 tillstyrker,
858 1605 50 27 att
930 1602 125 38 Kungl.
1080 1600 105 39 Maj:t
1206 1600 178 28 inhämtar
1407 1596 276 40 bemyndigande
1707 1597 51 28 att

272 1661 144 29 utfärda
434 1659 242 30 bestämmelse
694 1667 56 20 om
769 1657 181 37 undantag
968 1656 10 28 i
996 1655 95 30 vissa
1109 1654 62 29 fall
1190 1653 80 29 från
1289 1651 228 30 föreskriften
1535 1659 58 21 om
1610 1650 148 29 vakans-

274 1714 164 38 sättning.
458 1713 125 29 Därest
602 1712 187 38 riksdagen
810 1710 161 39 godtager
992 1709 42 28 de
1053 1717 48 19 nu
1122 1706 196 39 framlagda
1339 1705 198 39 grunderna
1557 1704 55 29 för
1632 1699 126 47 kyrko-

272 1765 452 40 musikerorganisationen,
742 1764 99 29 torde
860 1762 105 39 enligt
983 1760 278 39 föredraganden
1278 1759 46 40 på
1343 1759 67 29 sätt
1428 1756 330 31 lärarlönesakkun-

273 1821 82 39 niga
373 1819 178 39 föreslagit
570 1819 141 39 dispens
728 1817 82 30 från
829 1812 540 41 vakanssättningsföreskriften
1388 1812 10 28 i
1416 1811 91 39 regel
1527 1811 37 29 få
1582 1809 175 30 meddelas

273 1884 43 20 av
333 1873 257 31 vederbörande
610 1870 214 40 domkapitel
843 1870 64 29 och
926 1869 124 38 frågan
1069 1868 122 29 endast
1210 1865 252 39 undantagsvis
1481 1864 133 29 behöva
1633 1863 124 29 under-

275 1928 121 29 ställas
415 1926 124 39 Kungl.
560 1925 123 39 Maj:ts
702 1923 183 41 prövning.

319 2007 13 29 I
353 2007 176 28 motionen
551 2005 48 29 II:
616 2005 58 29 131
698 2004 64 29 har
783 2003 46 40 på
850 2003 147 29 anförda
1019 2002 76 29 skäl
1117 2000 207 33 hemställts,
1350 2001 69 27 »att
1440 1998 187 38 riksdagen
1649 1996 107 29 måtte

273 2060 147 33 besluta,
438 2061 49 28 att
504 2058 126 39 Kungl.
650 2057 104 39 Maj:t
771 2057 60 29 må
847 2056 11 29 i
878 2055 171 30 särskilda
1067 2055 62 29 fall
1148 2054 63 29 och
1228 2053 89 29 efter
1336 2052 99 39 gjord
1453 2051 159 30 ansökan
1631 2049 126 39 bevilja

272 2113 144 39 dispens
438 2112 79 30 från
539 2111 281 32 bestämmelsen,
845 2111 50 28 att
918 2109 168 33 klockar-,
1110 2106 168 40 organist-
1302 2106 66 29 och
1391 2099 366 49 kyrkosångarbefatt-

273 2167 126 38 ningar
416 2166 74 29 icke
508 2165 60 30 må
586 2164 206 30 annorledes
811 2164 45 28 än
875 2170 121 31 genom
1014 2160 236 31 förordnande
1269 2160 73 29 tills
1361 2159 115 29 vidare
1495 2158 165 29 tillsättas
1677 2157 79 29 med

273 2229 48 30 ny
339 2219 244 29 innehavare».

888 2340 54 30 VI.
966 2339 179 31 Utskottet.

317 2425 54 28 En
397 2423 129 30 allmän
552 2421 130 30 reform
710 2430 42 20 av
777 2418 338 40 kyrkomusikernas
1141 2416 246 39 anställnings-
1413 2415 64 30 och
1504 2414 253 39 avlöningsför-

272 2477 189 30 hållanden
477 2476 64 29 har
557 2475 112 29 under
684 2475 163 28 närmare
864 2474 48 28 ett
926 2472 96 29 halvt
1039 2471 93 30 sekel
1149 2470 87 30 varit
1254 2469 142 31 aktuell.
1413 2468 171 30 Ansvaret
1601 2468 53 29 för
1671 2476 86 30 upp-
