1874 2784
487 170 285 31 Statsutskottets
794 171 179 31 utlåtande
990 181 43 20 nr
1050 174 19 29 9
1086 172 39 31 år
1144 173 83 29 1956
1572 175 39 30 33

105 253 213 30 omedelbart
343 253 88 29 efter
455 254 57 29 det
539 254 109 30 första
675 254 37 30 så
737 256 50 28 att
812 254 89 31 båda
927 255 72 30 står
1025 255 52 30 till
1102 256 207 39 förfogande
1335 257 110 30 under
1470 257 139 30 vintern

107 304 157 34 1960/61.

150 354 74 29 Den
253 354 431 40 vattenkraftutbyggnad,
714 364 76 20 som
820 356 78 29 med
928 356 138 39 hänsyn
1096 356 53 29 till
1180 357 139 35 storlek,
1349 357 164 30 ekonomi
1543 358 66 30 och

105 404 231 39 byggnadstid
353 404 63 31 bör
433 405 144 30 komma
596 406 157 30 närmast
772 405 88 31 efter
879 415 46 20 nu
944 406 182 30 beslutade
1144 407 252 40 anläggningar
1414 408 66 29 och
1497 407 111 40 Lång-

104 454 310 39 björnsstationen,
438 456 38 29 är
500 456 98 30 Porsi
621 457 9 29 i
653 456 199 32 Luleälven.
876 456 180 31 Stationen
1078 457 159 30 kommer
1260 459 50 28 att
1333 458 156 39 utnyttja
1513 458 96 30 såväl

105 505 98 29 Stora
229 514 75 21 som
329 505 88 30 Lilla
442 506 84 30 Lule
552 506 72 31 älvs
649 508 129 29 vatten.
803 506 75 30 Den
903 515 58 31 ger
987 507 79 30 med
1090 507 58 30 två
1172 510 163 37 aggregat
1358 508 11 29 i
1394 508 214 39 genomsnitt

104 555 62 30 200
189 556 130 29 MKkWh
339 565 62 30 per
421 556 38 29 år
481 556 65 30 och
567 557 70 29 kan
658 556 47 29 bli
727 557 203 40 driftfärdig
950 558 79 29 med
1051 559 48 28 ett
1120 560 162 37 aggregat
1304 558 52 30 till
1375 558 126 30 hösten
1523 558 84 31 1960

105 607 111 28 under
246 606 255 40 förutsättning
530 608 51 28 att
612 607 164 31 arbetena
806 607 165 40 påbörjas
1002 608 124 30 hösten
1159 609 94 30 1956.
1283 608 252 40 Utbyggnaden
1566 618 43 21 av

105 655 97 30 Porsi
228 657 97 29 torde
351 656 143 30 komma
519 658 51 28 att
595 658 123 38 utgöra
744 657 226 40 inledningen
996 657 52 30 till
1074 660 48 28 ett
1147 658 142 31 fortsatt
1314 658 226 40 utnyttjande
1566 667 43 22 av

103 706 92 30 vissa
217 706 219 31 återstående
458 707 63 29 fall
542 707 11 29 i
574 707 197 36 Luleälven,
793 707 120 31 varvid
936 709 41 29 de
997 708 94 30 olika
1112 708 315 30 kraftstationerna
1448 709 160 30 kommer

104 758 50 28 att
175 757 134 30 utföras
332 766 42 22 av
393 766 43 21 en
457 765 200 31 gemensam
678 758 432 40 byggnadsorganisation.
1131 759 164 31 Närmast
1315 758 11 30 i
1347 761 57 28 tur
1426 759 73 30 står
1520 759 87 30 Mes-

105 816 100 21 saure
231 808 10 29 i
269 808 99 29 Stora
394 808 85 30 Lule
507 808 55 30 älv
588 808 173 30 nedanför
786 808 116 40 Ligga,
930 808 51 30 till
1007 809 119 29 vilken
1152 809 211 41 anläggning
1388 809 219 30 vattenfalls-

104 858 169 38 styrelsen
300 859 123 28 ämnar
448 858 128 39 begära
602 858 335 41 begynnelseanslag
963 860 102 29 nästa
1091 859 48 31 år.
1168 859 174 40 Styrelsen
1368 859 162 30 förordar
1556 861 51 28 att

101 909 107 29 redan
234 909 79 30 från
338 909 126 39 början
490 910 49 28 ett
564 911 215 36 gemensamt
804 909 121 40 anslag
951 909 127 40 skapas
1104 909 54 29 för
1185 909 218 30 återstående
1428 909 142 29 arbeten
1595 909 11 29 i

103 959 197 31 Luleälven.

148 1009 79 29 Som
250 1011 48 27 ett
320 1011 76 28 rent
419 1009 294 40 förnyelsearbete
736 1010 214 31 tillkommer
972 1011 11 29 i
1006 1011 38 30 år
1067 1021 42 21 en
1132 1021 46 31 ny
1200 1012 185 40 ångpanna
1407 1013 12 30 i
1441 1014 164 30 Västerås

101 1059 298 39 ångkraftstation
422 1059 117 30 såsom
563 1060 195 40 ersättning
781 1061 55 30 för
859 1070 42 21 en
924 1061 54 30 del
1003 1071 42 20 av
1067 1062 41 30 de
1131 1063 113 29 äldsta
1268 1072 195 31 pannorna,
1486 1063 120 41 Åtgär-

102 1110 66 29 den
194 1111 37 28 är
255 1110 189 39 angelägen
468 1111 80 29 med
571 1110 138 40 hänsyn
734 1111 52 29 till
809 1112 57 31 det
890 1113 94 28 stora
1008 1112 225 40 utnyttjande
1258 1123 42 20 av
1323 1114 283 39 ångkraftresur-

103 1169 111 27 serna,
236 1169 74 21 som
332 1161 97 29 torde
449 1161 142 29 komma
612 1163 50 27 att
682 1161 177 30 erfordras
879 1162 112 30 under
1010 1162 67 30 den
1097 1164 177 29 närmaste
1294 1164 311 40 femårsperioden.

148 1210 173 39 Styrelsen
344 1210 152 40 föreslog
518 1211 96 30 förra
636 1211 73 30 året
732 1212 73 30 dels
829 1212 188 31 utförande
1040 1222 42 20 av
1104 1222 42 21 en
1168 1213 111 40 tredje
1303 1214 270 41 avloppstunnel
1594 1214 12 30 i

103 1260 125 39 Porjus
250 1261 229 30 kraftstation
499 1262 65 29 och
585 1261 73 30 dels
678 1261 217 40 påbörjande
916 1272 42 21 av
979 1263 137 30 Stalons
1136 1264 228 30 kraftstation
1384 1264 12 29 i
1416 1265 189 39 Kultsjöån

102 1311 128 30 mellan
252 1311 166 39 Kultsjön
440 1312 66 29 och
529 1311 199 40 Malgomaj.
751 1312 68 32 Till
841 1312 89 40 följd
951 1322 43 21 av
1015 1313 513 41 investeringsbegränsningen
1549 1315 57 30 be-

103 1362 121 38 gärdes
244 1361 75 31 icke
340 1362 121 38 anslag
480 1362 55 29 för
553 1362 101 30 dessa
673 1362 166 30 ändamål
857 1363 12 29 i
889 1363 83 31 1955
991 1362 57 31 års
1068 1364 424 41 statsverksproposition.
1512 1365 93 30 Ehu-

103 1420 40 20 ru
163 1411 152 30 motiven
336 1411 55 30 för
408 1411 90 31 båda
519 1412 164 30 arbetena
702 1412 97 32 finns
818 1412 96 35 kvar,
934 1413 117 29 avstår
1071 1414 170 39 styrelsen
1260 1414 80 29 från
1360 1416 50 28 att
1430 1414 11 29 i
1461 1414 38 30 år
1519 1424 86 31 upp-

102 1470 82 31 repa
210 1462 75 29 sina
312 1462 191 31 äskanden.
530 1462 244 40 Anledningen
800 1464 38 28 är
863 1462 219 31 önskemålet
1107 1465 50 28 att
1181 1464 172 39 begränsa
1377 1464 229 40 investering-

102 1520 95 21 arna.
221 1512 226 30 Beträffande
471 1512 294 39 avloppstunneln
788 1513 11 29 i
822 1512 127 40 Porjus
971 1512 165 31 inverkar
1157 1514 184 39 därjämte,
1365 1516 51 28 att
1436 1515 68 29 den
1526 1515 79 29 med

102 1562 137 39 hänsyn
265 1562 51 29 till
343 1562 66 30 den
435 1562 228 39 kraftmängd
690 1571 75 21 som
791 1563 122 30 vinnes
940 1564 38 29 är
1003 1573 43 21 av
1071 1563 84 30 liten
1179 1564 176 39 betydelse
1381 1565 65 29 och
1472 1566 51 28 att
1548 1565 58 30 det

101 1621 145 21 numera
272 1613 64 30 och
363 1613 113 38 någon
504 1613 49 29 tid
579 1613 130 29 framåt
735 1613 77 30 icke
838 1613 95 30 finns
961 1614 114 38 någon
1102 1614 418 38 byggnadsorganisation
1548 1614 57 30 vid

103 1663 83 29 Lule
212 1663 63 35 älv,
302 1663 144 40 lämplig
470 1665 51 27 att
546 1665 78 37 taga
649 1663 94 31 hand
768 1673 57 20 om
851 1664 213 33 utförandet.
1090 1665 51 29 En
1167 1665 86 39 tidig
1277 1664 261 40 igångsättning
1564 1674 42 21 av

103 1713 245 39 ulbyggnaden
373 1723 42 20 av
442 1714 129 34 Stalon,
599 1713 37 30 så
662 1715 50 28 att
738 1715 41 28 de
805 1716 9 29 i
842 1714 65 30 och
932 1714 55 30 för
1013 1714 52 40 sig
1088 1715 79 29 med
1193 1715 137 39 hänsyn
1357 1715 52 30 till
1435 1716 41 29 de
1503 1715 103 40 långa

102 1764 189 29 tunnlarna
311 1764 249 30 tidskrävande
579 1764 164 30 arbetena
763 1764 70 29 kan
852 1764 160 31 bedrivas
1031 1765 11 29 i
1063 1764 83 40 lugn
1165 1765 85 34 takt,
1271 1765 113 30 skulle
1403 1765 76 30 icke
1499 1765 108 30 minst

103 1822 42 20 ur
164 1814 228 29 ekonomiska
413 1814 220 39 synpunkter
651 1823 83 21 vara
754 1814 220 39 fördelaktig.
995 1815 265 39 Anläggningen
1280 1817 38 28 är
1337 1816 193 30 emellertid
1550 1825 56 21 av-

103 1864 85 29 sedd
214 1865 49 28 att
288 1872 39 30 ge
352 1864 248 29 krafttillskott
626 1864 88 30 först
738 1864 38 29 år
804 1865 82 29 1962
911 1865 83 29 eller
1021 1865 93 30 1963.
1141 1866 12 29 I
1179 1866 201 29 nuvarande
1405 1866 74 39 läge
1503 1875 104 21 anser

104 1914 169 38 styrelsen
292 1914 57 29 det
366 1914 163 39 riktigast
547 1916 50 27 att
614 1914 231 30 koncentrera
864 1923 203 21 resurserna
1084 1914 45 40 på
1147 1914 170 39 åtgärder,
1335 1924 75 20 som
1429 1923 58 30 ger
1505 1915 101 30 snab-

103 1964 82 29 bare
206 1964 156 30 resultat.

149 2014 284 38 Resonemangen
455 2014 10 28 i
487 2015 56 28 det
566 2014 207 39 föregående
794 2023 56 21 om
871 2014 459 40 produktionsmöjligheter
1348 2014 57 30 vid
1427 2015 94 30 olika
1542 2015 65 30 tid-

104 2064 151 39 punkter
281 2066 62 28 etc.
370 2064 215 34 förutsätter,
613 2066 49 28 att
687 2064 178 40 pågående
891 2065 64 28 och
982 2064 187 40 planerade
1193 2064 334 40 vattenregleringar
1553 2073 54 31 ge-

104 2114 177 29 nomföres
307 2114 10 29 i
342 2114 66 29 den
435 2114 86 34 takt,
548 2123 74 20 som
648 2114 257 39 behandlingen
931 2116 9 28 i
966 2114 361 30 vattendomstolarna
1352 2116 151 38 medger,
1530 2116 77 29 Sär-

103 2164 84 28 skilt
207 2164 105 38 gäller
332 2165 94 28 detta
447 2163 259 39 regleringarna
729 2165 8 29 i
760 2164 230 35 Indalsälven,
1012 2164 299 38 Ångermanälven
1332 2165 79 29 med
1431 2165 174 29 Faxälven

103 2214 65 28 och
192 2214 197 30 Umeälven.
415 2214 174 38 Styrelsen
612 2214 62 29 bör
698 2214 191 29 emellertid
913 2214 107 29 redan
1045 2215 110 28 under
1178 2214 236 30 innevarande
1436 2214 170 39 budgetår

104 2263 100 37 börja
231 2263 222 30 ekonomiskt
479 2264 135 37 deltaga
641 2265 85 27 även
753 2264 10 28 i
790 2263 211 39 regleringar
1028 2263 94 29 inom
1149 2263 285 30 Skellefteälvens
1460 2263 148 30 flodom-

107 2314 91 30 råde.

149 2364 10 28 I
184 2363 260 39 propositionen
475 2363 43 33 (s.
543 2363 146 33 86—87)
719 2364 64 28 har
806 2363 117 29 vidare
949 2363 150 28 lämnats
1124 2372 42 19 en
1190 2363 153 29 översikt
1367 2364 80 28 över
1470 2363 139 29 verkets

105 2413 364 38 medelsförbrukning
497 2414 109 28 under
632 2413 214 37 budgetåren
874 2413 343 34 1954/55—1956/57,
1243 2422 105 20 varav
1374 2413 43 30 bl.
1445 2422 29 20 a.
1503 2413 106 28 fram-

103 2464 71 38 går,
197 2466 49 26 att
267 2464 237 28 kostnaderna
527 2464 53 28 för
602 2463 274 38 genomförande
899 2473 41 19 av
961 2463 56 31 det
1042 2463 174 38 reguljära
1240 2464 236 38 programmet
1499 2463 109 29 under

134 2532 16 24 3
190 2531 109 30 Bihang
312 2531 46 23 till
370 2531 168 30 riksdagens
549 2530 146 31 protokoll
710 2531 75 23 1956.
802 2533 14 22 6
830 2533 74 23 saml.
926 2533 38 22 Nr
976 2532 14 22 9
