1900 2790
497 171 406 39 Bevillningsutskottets
926 171 183 29 memorial
1130 181 43 19 nr
1194 171 50 28 59.
1601 166 38 30 15

129 258 144 30 innebär
295 258 123 29 relativ
440 256 252 40 skogstillgång
715 257 51 33 1,1,
790 257 51 32 1,2,
867 256 40 33 1,3
929 265 28 20 o.
980 264 25 19 s.
1027 264 42 26 v.,
1091 256 51 28 att
1164 253 289 40 skogsbeståndet
1473 253 52 29 till
1547 252 88 39 följd

130 310 41 38 av
193 311 74 21 mer
291 303 45 28 än
358 299 131 40 vanligt
514 302 73 27 stor
611 299 175 29 slutenhet
810 299 84 29 eller
915 296 258 40 jämförelsevis
1198 297 65 38 god
1287 295 145 39 tillgång
1454 294 45 40 på
1522 295 116 38 moget

129 343 96 31 virke
243 344 111 29 under
371 343 71 29 viss
459 343 50 29 tid
527 343 71 29 kan
615 341 161 38 medgiva
793 342 111 28 större
922 339 215 39 avverkning
1153 338 83 30 eller
1252 338 190 38 uttagande
1459 346 42 20 av
1516 337 122 29 värde-

130 386 124 30 fullare
276 385 237 30 dimensioner
532 385 46 29 än
600 393 75 20 som
696 384 54 29 för
770 383 138 29 normal
927 380 318 39 värdeavkastning
1266 380 72 29 kan
1358 379 183 33 beräknas,
1561 387 77 21 var-

130 428 55 30 för
204 428 228 38 skogsvärdet
457 428 5 28 i
482 436 136 20 samma
639 425 81 30 mån
741 426 107 29 sättes
868 425 115 38 högre.
1004 423 75 29 Den
1099 422 227 39 erforderliga
1345 421 232 39 jämkningen
1597 429 42 20 av

129 472 42 29 de
199 471 151 39 angivna
380 469 260 39 skogsvärdena
667 468 58 29 vid
752 467 138 29 normal
919 464 252 41 skogstillgång
1200 465 80 29 sker
1309 464 81 29 med
1419 463 76 29 stöd
1525 471 43 21 av
1596 463 43 29 de

128 513 118 30 kända
265 512 204 34 avvikelser,
491 511 150 38 skogens
661 508 240 31 virkesförråd
922 508 63 30 och
1006 508 114 29 dettas
1141 505 320 39 sammansättning
1480 506 80 29 med
1581 513 57 20 av-

129 556 124 29 seende
270 555 46 40 på
333 555 117 30 åldrar
468 554 65 29 och
551 552 342 39 mogenhetsklasser
910 552 90 28 samt
1019 550 121 39 grövre
1158 549 64 29 och
1240 548 143 29 klenare
1401 546 236 30 dimensioner

132 598 169 40 uppvisar
323 596 58 30 vid
403 595 204 40 jämförelse
630 594 79 29 med
735 593 156 29 förrådet
915 591 20 30 å
957 600 41 20 en
1025 590 152 29 normalt
1206 589 232 29 sammansatt
1463 587 85 38 skog
1573 586 64 30 och

129 640 149 38 skogens
304 640 109 29 därav
438 638 171 29 beroende
636 636 158 39 förmåga
821 637 50 28 att
896 635 58 29 vid
979 633 166 39 uthålligt
1170 632 198 39 skogsbruk
1394 631 77 40 giva
1496 639 43 21 en
1565 631 73 28 mot

130 682 92 30 åsatt
244 682 134 30 bonitet
403 681 64 29 och
490 679 163 30 rotvärde
678 678 168 30 svarande
871 675 327 39 värdeavkastning.

175 724 239 29 Bedömandet
436 732 42 20 av
499 722 68 29 den
588 720 145 30 relativa
756 718 296 39 skogstillgången
1076 716 90 31 skall
1190 717 60 29 ske
1273 717 79 29 med
1375 713 265 40 utgångspunkt

130 766 80 30 från
234 776 43 20 en
301 763 257 41 uppskattning
582 772 43 21 av
648 762 176 39 befintligt
848 759 239 31 virkesförråd
1112 759 65 29 och
1202 759 113 29 dettas
1341 752 220 34 förhållande
1586 755 53 30 till

130 809 58 29 det
201 806 251 34 virkesförråd,
468 814 75 21 som
559 804 91 30 skall
665 803 118 31 finnas
801 802 20 30 å
837 802 139 38 skogen,
993 800 45 29 då
1053 800 115 29 denna
1184 799 37 29 är
1237 797 154 30 normalt
1407 796 232 30 sammansatt

131 852 66 29 och
222 851 115 30 sluten
369 849 153 33 (relativt
548 845 271 34 virkesförråd).
846 845 67 30 Till
938 844 141 39 ledning
1104 843 59 30 vid
1189 843 94 29 detta
1308 840 216 31 bedömande
1551 839 89 30 skall

130 893 125 39 Kungl.
278 892 107 40 Maj:t
407 892 45 40 på
473 901 42 20 av
536 888 304 39 domänstyrelsen
861 888 12 29 i
895 886 140 30 samråd
1056 886 81 29 med
1159 885 132 29 statens
1314 881 326 40 skogsforsknings-

131 936 141 30 institut
302 935 66 29 och
400 933 278 39 skogsstyrelsen
708 931 182 39 upprättat
921 929 131 38 förslag
1083 926 176 31 fastställa
1289 925 116 33 tabell,
1435 924 119 29 vilken
1585 923 55 29 för

132 977 93 31 olika
241 977 173 31 boniteter
431 976 64 29 och
513 973 253 40 omloppstider
782 971 134 30 utvisar
933 970 176 30 storleken
1126 977 43 21 av
1185 968 156 29 nämnda
1358 965 129 31 förråd.
1505 964 66 30 Det
1588 963 54 31 så-

131 1020 108 30 lunda
256 1019 152 39 angivna
425 1015 285 34 virkesförrådet,
729 1024 75 20 som
821 1015 195 28 motsvarar
1035 1011 145 30 relativa
1198 1007 297 41 skogstillgången
1514 1006 52 34 1,0,
1584 1006 56 29 be-

130 1062 145 30 tecknar
292 1061 134 39 jämväl
443 1059 146 30 relativa
606 1055 275 32 virkesförrådet
901 1055 51 33 1,0.
970 1054 126 29 Därest
1114 1052 257 29 kubikmassan
1388 1049 20 30 å
1425 1048 158 31 området
1601 1049 40 28 är

132 1106 110 28 större
262 1104 83 29 eller
364 1102 136 30 mindre
520 1102 45 29 än
584 1101 68 29 vad
671 1107 76 21 som
767 1097 148 30 sålunda
935 1095 156 39 framgår
1111 1103 42 21 av
1171 1092 161 33 tabellen,
1353 1093 38 28 är
1411 1090 143 31 relativa
1574 1090 67 29 vir-

132 1145 221 31 kesförrådet
374 1145 12 29 i
408 1142 246 30 motsvarande
676 1140 82 30 mån
781 1140 111 29 större
915 1138 82 30 eller
1018 1136 138 30 mindre
1178 1136 45 28 än
1247 1134 51 33 1,0.
1323 1133 133 30 Siffran
1478 1132 55 29 för
1555 1132 87 28 rela-

133 1189 70 30 tiva
222 1186 275 31 virkesförrådet
516 1185 103 39 utgör
639 1183 121 30 därvid
780 1181 114 30 tillika
915 1180 128 30 siffran
1063 1178 56 30 för
1138 1177 124 30 relativ
1281 1173 261 42 skogstillgång,
1564 1174 78 29 där-

132 1235 51 27 est
205 1228 292 32 virkesförrådets
519 1226 174 30 avvikelse
715 1225 80 29 från
818 1224 57 30 det
897 1222 159 30 normala
1077 1219 158 40 betingas
1258 1219 148 29 allenast
1428 1225 41 21 av
1492 1216 148 38 skogens

132 1275 110 29 större
266 1273 83 29 eller
372 1270 136 30 mindre
534 1268 186 33 slutenhet,
744 1276 82 20 men
850 1266 131 38 skogen
1003 1264 12 29 i
1039 1262 113 39 övrigt
1175 1260 223 31 beträffande
1422 1258 129 30 ålders-
1575 1256 65 30 och

132 1312 418 39 dimensionsfördelning
578 1311 71 29 kan
675 1308 179 30 betraktas
883 1306 116 30 såsom
1026 1303 148 32 normal.
1202 1302 53 30 Då
1282 1300 193 31 emellertid
1503 1299 137 30 normal

135 1358 129 29 ålders-
286 1356 66 29 och
375 1350 418 38 dimensionsfördelning
815 1349 108 29 oftast
945 1347 29 39 ej
1001 1347 38 29 är
1063 1345 55 30 för
1142 1344 150 33 handen,
1316 1342 159 29 kommer
1498 1341 58 29 det
1578 1339 59 33 tal,

133 1411 74 20 som
232 1399 182 39 uttrycker
438 1396 145 30 relativa
607 1392 285 33 virkesförrådet,
918 1390 162 38 vanligen
1104 1388 77 29 icke
1207 1387 50 30 att
1283 1386 115 30 direkt
1424 1384 123 38 angiva
1574 1383 66 29 den

133 1442 146 30 relativa
305 1438 308 40 skogstillgången.
642 1436 68 29 För
735 1433 202 30 erhållande
964 1441 42 21 av
1033 1430 145 30 relativa
1206 1426 296 41 skogstillgången
1529 1424 112 29 måste

134 1485 84 30 talet
246 1484 55 30 för
329 1482 144 30 relativa
500 1476 275 33 virkesförrådet
802 1475 151 40 jämkas,
982 1472 178 38 nämligen
1188 1469 119 40 uppåt,
1337 1478 58 20 om
1421 1467 156 30 förrådet
1605 1467 38 28 är

134 1526 233 30 sammansatt
389 1533 42 20 av
453 1522 94 29 äldre
569 1519 148 30 bestånd
739 1518 82 29 eller
844 1518 119 38 grövre
985 1515 98 29 virke
1107 1515 44 28 än
1173 1511 163 36 normalt,
1360 1510 65 29 och
1446 1508 115 33 nedåt,
1585 1516 56 20 om

134 1570 41 29 de
200 1569 95 29 äldre
319 1565 299 30 åldersklasserna
644 1561 126 30 saknas
796 1560 82 29 eller
902 1557 193 31 bestånden
1120 1556 59 28 äro
1204 1553 255 30 sammansatta
1481 1559 42 21 av
1547 1550 96 29 Över-

134 1610 155 39 vägande
310 1609 105 29 klena
434 1604 246 32 dimensioner.

179 1653 64 30 Det
261 1653 91 30 skall
370 1649 342 41 uppmärksammas,
731 1647 49 28 att
799 1645 57 28 det
874 1639 351 33 förhandenvarande
1243 1637 109 29 totala
1369 1632 273 32 virkesförrådet

133 1713 44 4 —
196 1695 74 30 vari
291 1694 91 30 skall
402 1691 81 40 ingå
502 1690 134 39 jämväl
655 1687 97 30 virke
774 1695 42 21 av
836 1684 136 30 mindre
993 1680 237 32 dimensioner
1251 1680 46 28 än
1318 1678 67 29 den
1406 1676 129 29 minsta
1556 1683 87 31 upp-

135 1737 161 30 skattade
311 1753 45 4 —
372 1737 86 27 utan
475 1733 140 37 hänsyn
631 1730 53 29 till
702 1730 50 29 att
769 1728 71 30 viss
859 1728 54 28 del
932 1735 41 20 av
990 1725 79 29 dess
1088 1721 210 38 avkastning
1315 1719 177 30 måhända
1509 1717 77 29 icke
1604 1717 39 28 är

135 1778 283 38 avsättningsbar
438 1775 82 30 eller
538 1772 175 40 utnyttjas
734 1771 54 29 för
807 1768 190 32 husbehov,
1018 1765 90 30 skall
1127 1764 91 39 ligga
1237 1763 52 29 till
1310 1761 113 39 grund
1442 1760 54 28 för
1514 1758 129 39 jämfö-

136 1823 87 29 relse
250 1822 80 28 med
359 1820 58 29 det
444 1817 161 30 normala
631 1811 285 32 virkesförrådet.

180 1864 13 29 I
217 1860 259 32 vederbörande
500 1855 285 39 taxeringslängd
808 1852 132 29 införes
965 1851 56 29 för
1043 1848 99 38 varje
1167 1846 166 38 fastighet
1357 1842 138 41 uppgift
1520 1850 57 21 om
1602 1839 36 34 a)

135 1903 294 32 virkesförrådets
456 1899 132 30 storlek
613 1899 11 28 i
651 1894 211 42 genomsnitt
889 1894 12 28 i
927 1892 222 30 kubikmeter
1176 1898 60 30 per
1263 1887 135 32 hektar,
1426 1885 133 28 oavsett
1586 1891 57 20 om

136 1946 183 41 uppgiften
341 1947 39 27 är
402 1941 227 31 konstaterad
652 1947 123 31 genom
796 1933 233 42 uppmätning
1051 1932 84 29 eller
1155 1930 123 29 endast
1299 1927 149 30 bedömd
1469 1926 11 28 i
1501 1925 65 29 och
1588 1923 55 30 för

135 1987 265 32 bestämmande
420 1995 42 20 av
479 1982 123 31 relativ
622 1977 251 41 skogstillgång
892 1976 105 38 enligt
1016 1974 66 30 vad
1102 1981 83 30 nyss
1205 1972 105 36 sagts,
1329 1969 38 33 b)
1392 1969 56 28 det
1466 1967 44 39 på
1530 1966 113 39 grund

138 2032 109 29 härav
264 2030 115 29 åsatta
396 2027 83 29 talet
500 2025 55 29 för
575 2023 144 30 relativa
737 2017 283 32 virkesförrådet,
1040 2013 157 39 uttryckt
1215 2011 11 29 i
1245 2009 183 33 tiondelar,
1447 2008 33 34 c)
1503 2008 70 29 den
1590 2015 51 20 re-

137 2074 106 30 lativa
265 2069 308 40 skogstillgången,
597 2064 166 30 likaledes
786 2061 158 39 uttryckt
965 2060 10 29 i
998 2057 183 33 tiondelar,
1205 2056 91 29 samt
1320 2052 53 34 d),
1397 2053 10 28 i
1431 2052 55 29 det
1509 2050 62 29 fall
1595 2051 50 28 att

137 2116 173 30 avvikelse
338 2114 93 28 skett
458 2111 80 28 från
564 2109 85 28 talet
676 2106 53 29 för
756 2104 145 29 relativa
927 2098 274 33 virkesförrådet
1227 2097 57 29 vid
1312 2093 263 31 bestämmande
1603 2100 41 20 av

137 2158 143 30 relativa
306 2151 308 42 skogstillgången,
642 2149 109 29 skälet
776 2147 55 29 för
857 2144 208 31 avvikelsen.

182 2197 219 31 Innebörden
421 2205 41 20 av
482 2203 88 20 ovan
592 2191 149 37 angivna
760 2184 323 39 värderingsmetod
1103 2182 134 37 belyses
1258 2180 117 30 därav,
1397 2179 49 27 att
1467 2175 18 29 å
1506 2175 137 38 skogar,

138 2243 54 28 för
217 2241 95 28 vilka
339 2235 220 38 tillförlitliga
585 2229 369 38 hushållningsplaner
979 2226 129 31 finnas,
1135 2232 41 19 ur
1201 2222 94 28 vilka
1321 2218 153 30 översikt
1498 2218 71 27 kan
1595 2225 51 19 er-

138 2283 110 29 hållas
267 2280 149 31 rörande
435 2279 66 27 den
519 2271 329 37 virkesavkastning
867 2278 74 20 som
960 2266 214 30 omedelbart
1193 2263 63 28 och
1275 2262 10 28 i
1305 2260 187 30 framtiden
1512 2257 131 38 årligen

137 2327 61 28 bör
217 2326 120 27 kunna
358 2320 174 31 utvinnas,
553 2318 149 35 skogens
722 2314 64 28 och
806 2309 272 39 skogsmarkens
1098 2303 265 45 sammanlagda
1382 2301 103 29 värde
1505 2300 69 44 kan
1595 2308 50 18 er-

141 2367 114 30 hållas
271 2365 45 39 på
332 2364 57 28 det
406 2362 102 28 sättet
527 2360 50 27 att
594 2358 99 27 dessa
711 2352 248 35 avkastningar
976 2349 166 45 värderas
1159 2347 9 27 i
1186 2350 194 33 penningar
1400 2341 76 48 med
1495 2339 150 37 tillämp-

140 2410 83 37 ning
239 2418 41 20 av
296 2408 42 28 de
355 2405 82 40 pris,
455 2412 72 18 som
548 2400 88 30 varit
651 2396 264 31 bestämmande
933 2393 53 28 för
1003 2393 56 44 det
1076 2390 106 36 enligt
1200 2387 112 39 punkt
1329 2386 18 27 5
1364 2383 197 47 beräknade
1579 2383 67 45 rot-

139 2452 129 32 värdet,
292 2449 63 29 och
380 2444 251 37 skogsbrukets
653 2441 76 28 hela
752 2438 48 30 till
826 2436 143 29 nutiden
993 2431 246 31 diskonterade
1263 2429 208 33 avkastning
1493 2424 153 29 därefter

141 2493 168 30 uträknas
331 2489 87 28 efter
440 2488 17 27 5
479 2486 161 39 procents
664 2480 160 31 räntefot,
847 2476 148 31 varefter
1017 2475 129 35 avdrag
1167 2472 79 28 sker
1268 2470 77 28 med
1368 2468 39 28 33
1429 2467 142 39 procent
1592 2465 54 27 för
