1891 2835
420 137 404 39 Bevillningsutskottels
846 136 218 30 betänkande
1085 146 42 19 nr
1147 137 41 28 20
1207 136 39 29 år
1268 135 82 29 1967
1589 137 40 28 19

145 218 163 30 samråda
337 218 79 30 med
447 216 500 41 familjeskatteberedningen.
978 216 151 30 Behovet
1161 225 41 20 av
1233 215 187 40 utredning
1452 214 178 40 angående

143 271 310 39 barnfamiljernas
477 271 165 40 ställning
664 270 94 30 såväl
779 271 11 29 i
812 270 129 29 skatte-
963 279 76 20 som
1060 270 11 29 i
1092 270 340 39 bidragshänseende
1454 269 64 29 har
1542 269 85 29 såle-

144 325 60 30 des
225 325 107 30 redan
352 325 97 30 blivit
468 325 152 29 beaktat.

188 379 77 29 Med
295 380 56 29 det
381 378 148 30 anförda
558 378 181 40 avstyrker
767 379 170 30 utskottet
965 378 99 30 bifall
1093 378 53 29 till
1176 377 220 30 motionerna
1425 377 106 30 TI:222
1563 377 65 29 och

144 433 45 29 II:
207 433 73 33 286,
299 433 28 29 I:
344 432 63 30 224
426 433 65 29 och
507 433 45 29 II:
568 433 73 34 282,
659 433 28 29 I:
704 432 63 30 424
786 432 65 30 och
868 433 45 29 II:
930 432 60 30 541
1011 433 90 28 samt
1119 432 28 29 1:
1164 432 62 30 565
1245 432 66 29 och
1328 431 28 29 I:
1375 431 72 30 718.

189 487 175 30 Utskottet
388 487 38 29 är
451 487 71 29 inte
547 487 108 29 heller
679 487 109 29 berett
813 486 177 40 tillstyrka
1014 486 98 30 bifall
1136 485 54 30 till
1216 485 412 40 lagstiftningsyrkandet

143 540 9 29 i
179 540 220 30 motionerna
424 540 28 30 I:
470 540 60 30 160
557 541 64 29 och
646 541 45 29 11:
709 540 60 30 188
796 542 49 28 att
871 540 324 40 förvärvsavdraget
1222 539 54 30 för
1303 539 64 40 gift
1395 539 233 40 skattskyldig

143 597 87 27 utan
251 595 87 29 barn
362 595 89 29 skall
474 595 115 39 slopas
613 594 42 30 fr.
671 604 86 20 o.m.
783 595 82 29 1969
889 594 56 30 års
969 594 166 40 taxering.
1161 594 177 29 Eftersom
1362 593 266 30 ensamstående

144 648 235 40 skattskyldig
397 649 72 29 inte
489 649 38 29 är
546 648 195 40 berättigad
759 648 53 29 till
833 648 245 30 motsvarande
1099 648 137 39 avdrag,
1258 648 71 29 kan
1349 647 203 39 visserligen
1574 646 57 30 det

143 702 65 40 gift
224 702 234 40 skattskyldig
473 702 268 30 tillkommande
757 702 162 39 avdraget
935 704 33 27 te
986 702 50 39 sig
1052 702 214 29 omotiverat.
1284 702 173 38 Avdraget
1474 700 157 30 infördes

144 756 90 30 dock
254 756 108 30 redan
384 756 37 30 år
445 756 93 30 1919.
560 756 117 39 Enligt
698 756 188 29 utskottets
908 756 141 39 mening
1071 755 62 30 bör
1154 755 125 39 frågan
1300 755 94 30 lösas
1415 755 11 29 i
1449 756 48 28 ett
1521 755 109 29 större

144 810 265 39 sammanhang,
431 810 141 29 särskilt
593 818 75 21 som
688 809 303 40 skattehöjningar
1012 809 55 30 för
1086 808 267 40 ifrågavarande
1375 808 258 40 skattskyldiga

143 882 27 4 —
202 864 8 29 i
231 864 152 30 flertalet
401 863 62 30 fall
480 863 150 30 kvinnor
647 864 79 29 med
745 863 273 30 förhållandevis
1036 863 83 39 högt
1137 863 184 29 beskattad
1340 863 154 29 inkomst
1513 880 44 3 —
1576 862 55 29 för

145 917 218 30 närvarande
382 917 71 29 inte
473 918 37 28 är
530 917 163 29 aktuella.

190 998 174 29 Utskottet
391 997 65 29 har
482 997 162 39 slutligen
672 998 49 28 att
747 997 174 29 behandla
947 997 172 39 yrkandet
1147 996 11 29 i
1185 996 177 30 motionen
1390 997 45 28 II:
1451 996 73 34 406,
1554 996 74 30 vari

143 1051 202 30 hemställes
377 1052 49 28 att
457 1051 144 41 änkling
631 1051 79 29 med
740 1051 294 29 hemmavarande
1065 1050 227 41 minderårigt
1323 1050 87 30 barn
1444 1050 88 30 skall
1564 1051 65 39 äga

144 1106 69 28 rätt
229 1105 53 29 till
298 1105 289 39 förvärvsavdrag
602 1104 108 30 redan
727 1104 54 30 för
798 1105 55 29 det
870 1104 38 30 år
924 1104 44 30 då
983 1105 152 29 hustrun
1152 1104 139 30 avlider.

188 1158 116 40 Enligt
327 1159 39 29 65
393 1158 14 37 $
431 1158 114 39 tredje
568 1158 134 40 stycket
725 1158 425 39 kommunalskattelagen
1174 1158 89 29 skall
1287 1158 42 29 de
1353 1158 54 29 för
1431 1158 63 40 gift
1520 1158 107 29 skatt-

144 1212 137 40 skyldig
310 1213 159 38 gällande
497 1212 311 30 bestämmelserna
836 1212 177 39 tillämpas
1043 1212 112 29 under
1184 1212 56 29 det
1270 1211 284 41 beskattningsår
1584 1212 43 29 då

143 1266 104 29 make
274 1266 130 29 avlidit.
434 1266 211 39 Stadgandet
673 1265 155 31 infördes
857 1266 38 30 år
926 1265 82 31 1960
1038 1265 54 30 för
1121 1267 49 28 att
1201 1266 65 30 den
1297 1265 243 35 efterlevande,
1571 1275 56 20 om

143 1319 188 30 dödsfallet
359 1320 191 30 inträffade
579 1320 111 29 under
719 1320 111 29 första
858 1320 100 29 delen
987 1329 42 21 av
1056 1320 328 39 beskattningsåret,
1414 1320 71 29 inte
1515 1320 113 29 skulle

145 1373 149 30 drabbas
321 1383 41 20 av
389 1374 66 29 den
482 1374 11 29 i
518 1374 91 39 regel
636 1373 148 31 hårdare
812 1374 225 40 beskattning
1064 1383 74 20 som
1165 1374 130 29 träffar
1321 1374 118 40 ogifta.
1465 1374 162 39 Tidigare

144 1427 114 40 gällde
274 1427 176 40 nämligen
468 1429 49 28 att
536 1428 56 29 det
611 1427 229 35 förhållande,
860 1437 75 20 som
953 1428 69 29 rått
1040 1428 111 29 under
1170 1428 109 29 större
1298 1428 100 29 delen
1416 1437 42 20 av
1475 1428 153 29 beskatt-

145 1480 188 40 ningsåret,
362 1481 112 29 skulle
501 1491 84 20 vara
612 1482 194 39 avgörande
836 1481 55 30 för
918 1481 124 40 frågan
1071 1490 56 20 om
1157 1482 66 29 den
1253 1481 233 30 efterlevande
1516 1482 112 29 skulle

145 1536 138 28 taxeras
304 1543 75 21 som
399 1534 64 40 gift
483 1535 83 30 eller
585 1535 96 40 ogift,
704 1536 30 29 d.
749 1545 29 20 v.
794 1544 25 21 s.
841 1544 136 21 samma
997 1536 90 39 regel
1110 1544 74 21 som
1207 1535 217 30 fortfarande
1446 1536 106 39 gäller
1574 1535 54 30 för

146 1589 111 28 andra
279 1589 71 34 fall,
375 1589 44 29 då
442 1589 332 30 sammanlevnaden
797 1589 129 30 mellan
949 1590 124 29 makar
1097 1590 161 39 upphört.
1284 1590 76 29 Den
1384 1590 245 29 ovannämnda

145 1642 269 29 bestämmelsen
444 1643 11 28 i
483 1643 39 29 65
555 1642 15 37 $
601 1643 425 40 kommunalskattelagen
1056 1643 138 30 medför
1224 1645 49 28 att
1303 1653 42 20 en
1376 1643 145 40 änkling
1549 1643 79 30 med

145 1695 228 40 minderårigt
394 1696 87 29 barn
503 1697 71 29 inte
595 1697 38 29 är
655 1697 193 39 berättigad
870 1697 52 30 till
946 1697 290 40 förvärvsavdrag
1258 1697 55 30 för
1336 1698 55 29 det
1416 1698 38 29 år
1476 1698 152 29 hustrun

146 1749 130 34 avlidit,
306 1751 132 28 oavsett
467 1751 64 28 när
560 1750 111 29 under
699 1751 318 39 beskattningsåret
1047 1751 186 29 dödsfallet
1263 1751 201 30 inträffade.
1496 1752 93 29 även
1618 1752 12 28 i

146 1803 111 29 andra
284 1802 62 30 fall
374 1803 43 29 då
445 1804 332 29 sammanlevnaden
804 1804 153 39 upphört
987 1804 128 29 mellan
1144 1805 133 33 makar,
1307 1806 138 29 taxeras
1475 1814 43 20 en
1547 1814 82 20 man

145 1857 80 29 med
241 1857 296 29 hemmavarande
554 1857 227 40 minderårigt
800 1857 87 30 barn
904 1859 11 28 i
933 1858 235 39 huvudsaklig
1187 1858 346 30 överensstämmelse
1553 1858 78 30 med

146 1910 158 39 reglerna
325 1910 55 29 för
402 1910 63 39 gift
487 1910 243 40 skattskyldig,
753 1920 80 20 men
855 1911 78 29 med
955 1911 44 29 bl.
1014 1921 28 19 a.
1066 1912 66 29 den
1156 1912 197 29 skillnaden
1375 1912 12 29 i
1409 1912 220 30 förhållande

146 1963 53 29 till
217 1963 199 40 änklingen,
437 1965 49 27 att
506 1963 289 43 förvärvsavdrag
813 1965 149 39 medges.

191 2017 176 29 Utskottet
386 2017 70 29 kan
475 2017 12 29 i
506 2018 60 29 allt
585 2018 185 39 väsentligt
789 2018 190 30 instämma
997 2019 11 29 i
1028 2018 105 40 syftet
1153 2019 79 29 med
1252 2019 187 30 motionen.
1461 2019 169 30 Motionä-

146 2079 120 20 rernas
291 2071 157 38 yrkande
473 2071 146 30 innebär
643 2071 201 35 emellertid,
872 2074 49 28 att
948 2072 289 40 förvärvsavdrag
1263 2073 88 30 skall
1378 2074 139 39 medges
1545 2074 84 29 änk-

147 2123 117 40 lingen
281 2124 86 30 även
385 2133 56 20 om
458 2125 153 30 hustrun
630 2125 119 30 avlidit
767 2126 11 28 i
797 2126 104 29 slutet
921 2136 42 20 av
979 2126 328 41 beskattningsåret.
1327 2127 66 30 Till
1413 2128 77 29 stöd
1508 2128 121 29 härför

146 2177 168 40 åberopas
335 2178 44 29 bl.
395 2187 28 20 a.
444 2178 311 31 bestämmelserna
774 2180 11 29 i
805 2180 39 30 65
868 2179 15 38 8
906 2180 112 30 första
1038 2181 134 39 stycket
1194 2181 434 41 kommunalskattelagen,

147 2232 50 28 att
221 2231 268 30 förhållandena
513 2232 66 30 den
606 2233 14 29 1
646 2233 187 30 november
857 2234 73 29 året
954 2235 79 28 näst
1059 2234 73 30 före
1156 2235 251 40 taxeringsåret
1434 2236 88 29 skall
1546 2246 85 20 vara

148 2285 194 39 avgörande
363 2285 56 30 vid
439 2285 255 41 bedömningen
716 2296 42 21 av
778 2287 133 40 frågan,
934 2296 56 21 om
1014 2288 233 41 skattskyldig
1267 2289 78 30 haft
1366 2290 264 30 hemmavaran-

148 2338 41 29 de
208 2338 87 29 barn
314 2339 111 29 under
446 2340 38 29 16
504 2340 47 29 år.

190 2392 117 39 Enligt
322 2393 189 29 utskottets
526 2394 142 39 mening
682 2394 38 29 är
735 2394 57 29 det
807 2395 71 28 inte
893 2395 184 30 motiverat
1092 2397 50 28 att
1158 2396 120 39 medge
1295 2396 243 40 skattskyldig,
1556 2406 74 20 som

145 2445 98 30 blivit
265 2446 143 40 änkling
429 2447 11 29 i
462 2447 105 30 slutet
587 2457 43 20 av
649 2447 328 41 beskattningsåret,
999 2449 72 29 helt
1092 2449 299 40 förvärvsavdrag.
1413 2451 53 28 En
1488 2451 143 39 uppdel-

146 2499 84 40 ning
246 2509 42 20 av
305 2500 325 41 förvärvsavdraget
647 2510 101 31 synes
766 2502 88 29 dock
871 2502 71 30 inte
958 2502 153 40 lämplig,
1129 2503 167 30 eftersom
1313 2503 94 30 detta
1424 2504 112 30 skulle
1554 2505 78 29 stri-
