<?xml version="1.0" encoding="UTF-8"?>
<alto xmlns="http://www.loc.gov/standards/alto/ns-v3#" xmlns:xlink="http://www.w3.org/1999/xlink" xmlns:xsi="http://www.w3.org/2001/XMLSchema-instance" xsi:schemaLocation="http://www.loc.gov/standards/alto/ns-v3# http://www.loc.gov/alto/v3/alto-3-0.xsd">
	<Description>
		<MeasurementUnit>pixel</MeasurementUnit>
		<sourceImageInformation>
			<fileName>/tmp/tess_amq7tn0y_input.PNG</fileName>
		</sourceImageInformation>
		<OCRProcessing ID="OCR_0">
			<ocrProcessingStep>
				<processingSoftware>
					<softwareName>tesseract 5.3.0</softwareName>
				</processingSoftware>
			</ocrProcessingStep>
		</OCRProcessing>
	</Description>
	<Layout>
		<Page WIDTH="2208" HEIGHT="2606" PHYSICAL_IMG_NR="0" ID="page_0">
			<PrintSpace HPOS="0" VPOS="0" WIDTH="2208" HEIGHT="2606">
				<ComposedBlock ID="cblock_0" HPOS="689" VPOS="183" WIDTH="1108" HEIGHT="40">
					<TextBlock ID="block_0" HPOS="689" VPOS="183" WIDTH="1108" HEIGHT="40">
						<TextLine ID="line_0" HPOS="689" VPOS="183" WIDTH="1108" HEIGHT="40">
							<String ID="string_0" HPOS="689" VPOS="191" WIDTH="253" HEIGHT="32" WC="0.92" CONTENT="Statsutskottets"/><SP WIDTH="22" VPOS="191" HPOS="942"/>
							<String ID="string_1" HPOS="964" VPOS="188" WIDTH="174" HEIGHT="33" WC="0.96" CONTENT="utlåtande"/><SP WIDTH="22" VPOS="188" HPOS="1138"/>
							<String ID="string_2" HPOS="1160" VPOS="188" WIDTH="53" HEIGHT="31" WC="0.91" CONTENT="Nr"/><SP WIDTH="21" VPOS="188" HPOS="1213"/>
							<String ID="string_3" HPOS="1234" VPOS="190" WIDTH="52" HEIGHT="29" WC="0.95" CONTENT="23."/><SP WIDTH="474" VPOS="190" HPOS="1286"/>
							<String ID="string_4" HPOS="1760" VPOS="183" WIDTH="37" HEIGHT="31" WC="0.96" CONTENT="21"/>
						</TextLine>
					</TextBlock>
				</ComposedBlock>
				<ComposedBlock ID="cblock_1" HPOS="206" VPOS="267" WIDTH="1789" HEIGHT="264">
					<TextBlock ID="block_1" HPOS="206" VPOS="267" WIDTH="1789" HEIGHT="219">
						<TextLine ID="line_1" HPOS="308" VPOS="267" WIDTH="1687" HEIGHT="59">
							<String ID="string_5" HPOS="308" VPOS="279" WIDTH="204" HEIGHT="47" WC="0.96" CONTENT="Utskottet,"/><SP WIDTH="42" VPOS="279" HPOS="512"/>
							<String ID="string_6" HPOS="554" VPOS="291" WIDTH="80" HEIGHT="24" WC="0.96" CONTENT="som"/><SP WIDTH="33" VPOS="291" HPOS="634"/>
							<String ID="string_7" HPOS="667" VPOS="277" WIDTH="96" HEIGHT="49" WC="0.96" CONTENT="tagit"/><SP WIDTH="29" VPOS="277" HPOS="763"/>
							<String ID="string_8" HPOS="792" VPOS="276" WIDTH="58" HEIGHT="37" WC="0.96" CONTENT="del"/><SP WIDTH="29" VPOS="276" HPOS="850"/>
							<String ID="string_9" HPOS="879" VPOS="289" WIDTH="47" HEIGHT="23" WC="0.96" CONTENT="av"/><SP WIDTH="28" VPOS="289" HPOS="926"/>
							<String ID="string_10" HPOS="954" VPOS="275" WIDTH="46" HEIGHT="36" WC="0.96" CONTENT="de"/><SP WIDTH="29" VPOS="275" HPOS="1000"/>
							<String ID="string_11" HPOS="1029" VPOS="274" WIDTH="55" HEIGHT="36" WC="0.96" CONTENT="till"/><SP WIDTH="29" VPOS="274" HPOS="1084"/>
							<String ID="string_12" HPOS="1113" VPOS="272" WIDTH="153" HEIGHT="38" WC="0.96" CONTENT="ärendet"/><SP WIDTH="27" VPOS="272" HPOS="1266"/>
							<String ID="string_13" HPOS="1293" VPOS="271" WIDTH="167" HEIGHT="37" WC="0.96" CONTENT="hörande"/><SP WIDTH="28" VPOS="271" HPOS="1460"/>
							<String ID="string_14" HPOS="1488" VPOS="269" WIDTH="167" HEIGHT="50" WC="0.93" CONTENT="hemliga"/><SP WIDTH="28" VPOS="269" HPOS="1655"/>
							<String ID="string_15" HPOS="1683" VPOS="267" WIDTH="117" HEIGHT="38" WC="0.89" CONTENT="hand-"/><SP WIDTH="43" VPOS="267" HPOS="1800"/>
							<String ID="string_16" HPOS="1843" VPOS="279" WIDTH="152" HEIGHT="23" WC="0.47" CONTENT=" viskottets"/>
						</TextLine>
						<TextLine ID="line_2" HPOS="206" VPOS="310" WIDTH="1779" HEIGHT="72">
							<String ID="string_17" HPOS="206" VPOS="334" WIDTH="181" HEIGHT="48" WC="0.96" CONTENT="lingarna,"/><SP WIDTH="31" VPOS="334" HPOS="387"/>
							<String ID="string_18" HPOS="418" VPOS="331" WIDTH="67" HEIGHT="36" WC="0.96" CONTENT="har"/><SP WIDTH="28" VPOS="331" HPOS="485"/>
							<String ID="string_19" HPOS="513" VPOS="330" WIDTH="82" HEIGHT="37" WC="0.96" CONTENT="icke"/><SP WIDTH="29" VPOS="330" HPOS="595"/>
							<String ID="string_20" HPOS="624" VPOS="329" WIDTH="124" HEIGHT="37" WC="0.96" CONTENT="funnit"/><SP WIDTH="23" VPOS="329" HPOS="748"/>
							<String ID="string_21" HPOS="771" VPOS="327" WIDTH="206" HEIGHT="49" WC="0.96" CONTENT="anledning"/><SP WIDTH="18" VPOS="327" HPOS="977"/>
							<String ID="string_22" HPOS="995" VPOS="326" WIDTH="57" HEIGHT="37" WC="0.96" CONTENT="till"/><SP WIDTH="20" VPOS="326" HPOS="1052"/>
							<String ID="string_23" HPOS="1072" VPOS="325" WIDTH="146" HEIGHT="37" WC="0.96" CONTENT="erinran"/><SP WIDTH="19" VPOS="325" HPOS="1218"/>
							<String ID="string_24" HPOS="1237" VPOS="329" WIDTH="79" HEIGHT="32" WC="0.96" CONTENT="mot"/><SP WIDTH="19" VPOS="329" HPOS="1316"/>
							<String ID="string_25" HPOS="1335" VPOS="323" WIDTH="141" HEIGHT="48" WC="0.95" CONTENT="Kungl."/><SP WIDTH="21" VPOS="323" HPOS="1476"/>
							<String ID="string_26" HPOS="1497" VPOS="321" WIDTH="127" HEIGHT="48" WC="0.96" CONTENT="Maj:ts"/><SP WIDTH="20" VPOS="321" HPOS="1624"/>
							<String ID="string_27" HPOS="1644" VPOS="320" WIDTH="153" HEIGHT="50" WC="0.95" CONTENT="förslag."/><SP WIDTH="55" VPOS="320" HPOS="1797"/>
							<String ID="string_28" HPOS="1852" VPOS="310" WIDTH="133" HEIGHT="63" WC="0.60" CONTENT="yttrande."/>
						</TextLine>
						<TextLine ID="line_3" HPOS="208" VPOS="372" WIDTH="1591" HEIGHT="56">
							<String ID="string_29" HPOS="208" VPOS="384" WIDTH="107" HEIGHT="37" WC="0.96" CONTENT="Dock"/><SP WIDTH="28" VPOS="384" HPOS="315"/>
							<String ID="string_30" HPOS="343" VPOS="384" WIDTH="220" HEIGHT="36" WC="0.96" CONTENT="förutsätter"/><SP WIDTH="27" VPOS="384" HPOS="563"/>
							<String ID="string_31" HPOS="590" VPOS="381" WIDTH="195" HEIGHT="47" WC="0.96" CONTENT="utskottet,"/><SP WIDTH="29" VPOS="381" HPOS="785"/>
							<String ID="string_32" HPOS="814" VPOS="385" WIDTH="54" HEIGHT="31" WC="0.96" CONTENT="att"/><SP WIDTH="29" VPOS="385" HPOS="868"/>
							<String ID="string_33" HPOS="897" VPOS="379" WIDTH="45" HEIGHT="36" WC="0.96" CONTENT="de"/><SP WIDTH="25" VPOS="379" HPOS="942"/>
							<String ID="string_34" HPOS="967" VPOS="379" WIDTH="214" HEIGHT="47" WC="0.96" CONTENT="föreslagna"/><SP WIDTH="20" VPOS="379" HPOS="1181"/>
							<String ID="string_35" HPOS="1201" VPOS="375" WIDTH="305" HEIGHT="49" WC="0.95" CONTENT="anordningarna"/><SP WIDTH="19" VPOS="375" HPOS="1506"/>
							<String ID="string_36" HPOS="1525" VPOS="373" WIDTH="81" HEIGHT="37" WC="0.95" CONTENT="icke"/><SP WIDTH="19" VPOS="373" HPOS="1606"/>
							<String ID="string_37" HPOS="1625" VPOS="372" WIDTH="174" HEIGHT="49" WC="0.96" CONTENT="vidtagas"/>
						</TextLine>
						<TextLine ID="line_4" HPOS="208" VPOS="426" WIDTH="680" HEIGHT="60">
							<String ID="string_38" HPOS="208" VPOS="440" WIDTH="20" HEIGHT="33" WC="0.90" CONTENT="å"/><SP WIDTH="27" VPOS="440" HPOS="228"/>
							<String ID="string_39" HPOS="255" VPOS="435" WIDTH="246" HEIGHT="51" WC="0.92" CONTENT="pansarbåtar"/><SP WIDTH="28" VPOS="435" HPOS="501"/>
							<String ID="string_40" HPOS="529" VPOS="447" WIDTH="46" HEIGHT="23" WC="0.92" CONTENT="av"/><SP WIDTH="29" VPOS="447" HPOS="575"/>
							<String ID="string_41" HPOS="604" VPOS="426" WIDTH="284" HEIGHT="43" WC="0.91" CONTENT="Åran-klassen."/>
						</TextLine>
					</TextBlock>
					<TextBlock ID="block_2" HPOS="310" VPOS="485" WIDTH="449" HEIGHT="46">
						<TextLine ID="line_5" HPOS="310" VPOS="485" WIDTH="449" HEIGHT="46">
							<String ID="string_42" HPOS="310" VPOS="487" WIDTH="193" HEIGHT="38" WC="0.91" CONTENT="Utskottet."/><SP WIDTH="27" VPOS="487" HPOS="503"/>
							<String ID="string_43" HPOS="530" VPOS="485" WIDTH="229" HEIGHT="46" WC="0.96" CONTENT="hemställer,"/>
						</TextLine>
					</TextBlock>
				</ComposedBlock>
				<ComposedBlock ID="cblock_2" HPOS="608" VPOS="578" WIDTH="1196" HEIGHT="321">
					<TextBlock ID="block_3" HPOS="608" VPOS="578" WIDTH="1196" HEIGHT="305">
						<TextLine ID="line_6" HPOS="711" VPOS="578" WIDTH="1093" HEIGHT="57">
							<String ID="string_44" HPOS="711" VPOS="592" WIDTH="69" HEIGHT="43" WC="0.96" CONTENT="att"/><SP WIDTH="24" VPOS="592" HPOS="780"/>
							<String ID="string_45" HPOS="804" VPOS="585" WIDTH="206" HEIGHT="50" WC="0.95" CONTENT="riksdagen"/><SP WIDTH="28" VPOS="585" HPOS="1010"/>
							<String ID="string_46" HPOS="1038" VPOS="587" WIDTH="59" HEIGHT="34" WC="0.92" CONTENT="må"/><SP WIDTH="28" VPOS="587" HPOS="1097"/>
							<String ID="string_47" HPOS="1125" VPOS="582" WIDTH="186" HEIGHT="50" WC="0.92" CONTENT="medgiva,"/><SP WIDTH="31" VPOS="582" HPOS="1311"/>
							<String ID="string_48" HPOS="1342" VPOS="586" WIDTH="54" HEIGHT="32" WC="0.96" CONTENT="att"/><SP WIDTH="27" VPOS="586" HPOS="1396"/>
							<String ID="string_49" HPOS="1423" VPOS="580" WIDTH="57" HEIGHT="37" WC="0.95" CONTENT="till"/><SP WIDTH="28" VPOS="580" HPOS="1480"/>
							<String ID="string_50" HPOS="1508" VPOS="578" WIDTH="222" HEIGHT="49" WC="0.96" CONTENT="förändring"/><SP WIDTH="29" VPOS="578" HPOS="1730"/>
							<String ID="string_51" HPOS="1759" VPOS="591" WIDTH="45" HEIGHT="23" WC="0.96" CONTENT="av"/>
						</TextLine>
						<TextLine ID="line_7" HPOS="608" VPOS="629" WIDTH="1194" HEIGHT="54">
							<String ID="string_52" HPOS="608" VPOS="636" WIDTH="515" HEIGHT="40" WC="0.90" CONTENT="undervattenssidotuberna"/><SP WIDTH="36" VPOS="636" HPOS="1123"/>
							<String ID="string_53" HPOS="1159" VPOS="638" WIDTH="20" HEIGHT="33" WC="0.90" CONTENT="å"/><SP WIDTH="32" VPOS="638" HPOS="1179"/>
							<String ID="string_54" HPOS="1211" VPOS="634" WIDTH="100" HEIGHT="37" WC="0.93" CONTENT="vissa"/><SP WIDTH="39" VPOS="634" HPOS="1311"/>
							<String ID="string_55" HPOS="1350" VPOS="631" WIDTH="246" HEIGHT="52" WC="0.91" CONTENT="pansarbåtar"/><SP WIDTH="15" VPOS="631" HPOS="1596"/>
							<String ID="string_56" HPOS="1611" VPOS="629" WIDTH="191" HEIGHT="48" WC="0.96" CONTENT="anvisade,"/>
						</TextLine>
						<TextLine ID="line_8" HPOS="609" VPOS="683" WIDTH="1195" HEIGHT="55">
							<String ID="string_57" HPOS="609" VPOS="696" WIDTH="101" HEIGHT="32" WC="0.95" CONTENT="ännu"/><SP WIDTH="28" VPOS="696" HPOS="710"/>
							<String ID="string_58" HPOS="738" VPOS="690" WIDTH="82" HEIGHT="37" WC="0.96" CONTENT="icke"/><SP WIDTH="28" VPOS="690" HPOS="820"/>
							<String ID="string_59" HPOS="848" VPOS="687" WIDTH="247" HEIGHT="51" WC="0.96" CONTENT="disponerade"/><SP WIDTH="28" VPOS="687" HPOS="1095"/>
							<String ID="string_60" HPOS="1123" VPOS="686" WIDTH="119" HEIGHT="37" WC="0.96" CONTENT="medel"/><SP WIDTH="29" VPOS="686" HPOS="1242"/>
							<String ID="string_61" HPOS="1271" VPOS="699" WIDTH="46" HEIGHT="23" WC="0.93" CONTENT="av"/><SP WIDTH="29" VPOS="699" HPOS="1317"/>
							<String ID="string_62" HPOS="1346" VPOS="685" WIDTH="138" HEIGHT="48" WC="0.92" CONTENT="29,490"/><SP WIDTH="28" VPOS="685" HPOS="1484"/>
							<String ID="string_63" HPOS="1512" VPOS="683" WIDTH="141" HEIGHT="36" WC="0.96" CONTENT="kronor"/><SP WIDTH="20" VPOS="683" HPOS="1653"/>
							<String ID="string_64" HPOS="1673" VPOS="684" WIDTH="43" HEIGHT="34" WC="0.96" CONTENT="67"/><SP WIDTH="24" VPOS="684" HPOS="1716"/>
							<String ID="string_65" HPOS="1740" VPOS="686" WIDTH="64" HEIGHT="32" WC="0.96" CONTENT="öre"/>
						</TextLine>
						<TextLine ID="line_9" HPOS="610" VPOS="734" WIDTH="1194" HEIGHT="57">
							<String ID="string_66" HPOS="610" VPOS="745" WIDTH="60" HEIGHT="34" WC="0.96" CONTENT="må"/><SP WIDTH="41" VPOS="745" HPOS="670"/>
							<String ID="string_67" HPOS="711" VPOS="748" WIDTH="108" HEIGHT="43" WC="0.96" CONTENT="tagas"/><SP WIDTH="40" VPOS="748" HPOS="819"/>
							<String ID="string_68" HPOS="859" VPOS="741" WIDTH="12" HEIGHT="36" WC="0.96" CONTENT="i"/><SP WIDTH="28" VPOS="741" HPOS="871"/>
							<String ID="string_69" HPOS="899" VPOS="739" WIDTH="165" HEIGHT="51" WC="0.96" CONTENT="anspråk"/><SP WIDTH="27" VPOS="739" HPOS="1064"/>
							<String ID="string_70" HPOS="1091" VPOS="739" WIDTH="59" HEIGHT="36" WC="0.96" CONTENT="för"/><SP WIDTH="28" VPOS="739" HPOS="1150"/>
							<String ID="string_71" HPOS="1178" VPOS="737" WIDTH="146" HEIGHT="38" WC="0.96" CONTENT="ökande"/><SP WIDTH="29" VPOS="737" HPOS="1324"/>
							<String ID="string_72" HPOS="1353" VPOS="750" WIDTH="46" HEIGHT="23" WC="0.92" CONTENT="av"/><SP WIDTH="28" VPOS="750" HPOS="1399"/>
							<String ID="string_73" HPOS="1427" VPOS="734" WIDTH="377" HEIGHT="50" WC="0.92" CONTENT="träffmöjligheterna"/>
						</TextLine>
						<TextLine ID="line_10" HPOS="610" VPOS="784" WIDTH="1194" HEIGHT="59">
							<String ID="string_74" HPOS="610" VPOS="794" WIDTH="69" HEIGHT="37" WC="0.91" CONTENT="vid"/><SP WIDTH="15" VPOS="794" HPOS="679"/>
							<String ID="string_75" HPOS="694" VPOS="792" WIDTH="337" HEIGHT="51" WC="0.90" CONTENT="torpedskjutning"/><SP WIDTH="21" VPOS="792" HPOS="1031"/>
							<String ID="string_76" HPOS="1052" VPOS="792" WIDTH="81" HEIGHT="36" WC="0.93" CONTENT="från"/><SP WIDTH="19" VPOS="792" HPOS="1133"/>
							<String ID="string_77" HPOS="1152" VPOS="789" WIDTH="260" HEIGHT="51" WC="0.91" CONTENT="pansarbåtar,"/><SP WIDTH="16" VPOS="789" HPOS="1412"/>
							<String ID="string_78" HPOS="1428" VPOS="787" WIDTH="134" HEIGHT="50" WC="0.96" CONTENT="jagare"/><SP WIDTH="20" VPOS="787" HPOS="1562"/>
							<String ID="string_79" HPOS="1582" VPOS="786" WIDTH="69" HEIGHT="37" WC="0.93" CONTENT="och"/><SP WIDTH="18" VPOS="786" HPOS="1651"/>
							<String ID="string_80" HPOS="1669" VPOS="784" WIDTH="135" HEIGHT="38" WC="0.92" CONTENT="under-"/>
						</TextLine>
						<TextLine ID="line_11" HPOS="610" VPOS="841" WIDTH="817" HEIGHT="58">
							<String ID="string_81" HPOS="610" VPOS="841" WIDTH="266" HEIGHT="58" WC="0.91" CONTENT="vattensbåtar."/><SP WIDTH="394" VPOS="841" HPOS="876"/>
							<String ID="string_82" HPOS="1270" VPOS="863" WIDTH="3" HEIGHT="4" WC="0.0" CONTENT="."/><SP WIDTH="144" VPOS="863" HPOS="1273"/>
							<String ID="string_83" HPOS="1417" VPOS="864" WIDTH="10" HEIGHT="9" WC="0.0" CONTENT=":"/>
						</TextLine>
					</TextBlock>
				</ComposedBlock>
				<ComposedBlock ID="cblock_3" HPOS="316" VPOS="914" WIDTH="973" HEIGHT="149">
					<TextBlock ID="block_4" HPOS="316" VPOS="914" WIDTH="973" HEIGHT="149">
						<TextLine ID="line_12" HPOS="316" VPOS="914" WIDTH="664" HEIGHT="39">
							<String ID="string_84" HPOS="316" VPOS="915" WIDTH="219" HEIGHT="38" WC="0.95" CONTENT="Stockholm"/><SP WIDTH="29" VPOS="915" HPOS="535"/>
							<String ID="string_85" HPOS="564" VPOS="914" WIDTH="72" HEIGHT="37" WC="0.96" CONTENT="den"/><SP WIDTH="30" VPOS="914" HPOS="636"/>
							<String ID="string_86" HPOS="666" VPOS="916" WIDTH="45" HEIGHT="34" WC="0.95" CONTENT="21"/><SP WIDTH="31" VPOS="916" HPOS="711"/>
							<String ID="string_87" HPOS="742" VPOS="926" WIDTH="98" HEIGHT="24" WC="0.94" CONTENT="mars"/><SP WIDTH="31" VPOS="926" HPOS="840"/>
							<String ID="string_88" HPOS="871" VPOS="914" WIDTH="109" HEIGHT="35" WC="0.93" CONTENT="1922."/>
						</TextLine>
						<TextLine ID="line_13" HPOS="695" VPOS="1015" WIDTH="594" HEIGHT="48">
							<String ID="string_89" HPOS="695" VPOS="1037" WIDTH="2" HEIGHT="2" WC="0.0" CONTENT=":"/><SP WIDTH="23" VPOS="1037" HPOS="697"/>
							<String ID="string_90" HPOS="720" VPOS="1018" WIDTH="51" HEIGHT="35" WC="0.92" CONTENT="På"/><SP WIDTH="28" VPOS="1018" HPOS="771"/>
							<String ID="string_91" HPOS="799" VPOS="1015" WIDTH="301" HEIGHT="38" WC="0.91" CONTENT="statsutskottets"/><SP WIDTH="28" VPOS="1015" HPOS="1100"/>
							<String ID="string_92" HPOS="1128" VPOS="1019" WIDTH="161" HEIGHT="44" WC="0.96" CONTENT="vägnar:"/>
						</TextLine>
					</TextBlock>
				</ComposedBlock>
				<ComposedBlock ID="cblock_4" HPOS="754" VPOS="1116" WIDTH="516" HEIGHT="41">
					<TextBlock ID="block_5" HPOS="754" VPOS="1116" WIDTH="516" HEIGHT="41">
						<TextLine ID="line_14" HPOS="754" VPOS="1116" WIDTH="516" HEIGHT="41">
							<String ID="string_93" HPOS="754" VPOS="1120" WIDTH="36" HEIGHT="37" WC="0.65" CONTENT="S."/><SP WIDTH="31" VPOS="1120" HPOS="790"/>
							<String ID="string_94" HPOS="821" VPOS="1120" WIDTH="46" HEIGHT="36" WC="0.89" CONTENT="H."/><SP WIDTH="29" VPOS="1120" HPOS="867"/>
							<String ID="string_95" HPOS="896" VPOS="1116" WIDTH="374" HEIGHT="40" WC="0.90" CONTENT="KVARNZELIUS."/>
						</TextLine>
					</TextBlock>
				</ComposedBlock>
				<ComposedBlock ID="cblock_5" HPOS="319" VPOS="1311" WIDTH="724" HEIGHT="31">
					<TextBlock ID="block_6" HPOS="319" VPOS="1311" WIDTH="724" HEIGHT="31">
						<TextLine ID="line_15" HPOS="319" VPOS="1311" WIDTH="724" HEIGHT="31">
							<String ID="string_96" HPOS="319" VPOS="1313" WIDTH="205" HEIGHT="29" WC="0.95" CONTENT="Närvarande:"/><SP WIDTH="25" VPOS="1313" HPOS="524"/>
							<String ID="string_97" HPOS="549" VPOS="1322" WIDTH="32" HEIGHT="19" WC="0.96" CONTENT="se"/><SP WIDTH="23" VPOS="1322" HPOS="581"/>
							<String ID="string_98" HPOS="604" VPOS="1313" WIDTH="102" HEIGHT="28" WC="0.93" CONTENT="under"/><SP WIDTH="23" VPOS="1313" HPOS="706"/>
							<String ID="string_99" HPOS="729" VPOS="1311" WIDTH="182" HEIGHT="29" WC="0.92" CONTENT="utlåtandet"/><SP WIDTH="22" VPOS="1311" HPOS="911"/>
							<String ID="string_100" HPOS="933" VPOS="1320" WIDTH="39" HEIGHT="18" WC="0.96" CONTENT="nr"/><SP WIDTH="26" VPOS="1320" HPOS="972"/>
							<String ID="string_101" HPOS="998" VPOS="1311" WIDTH="45" HEIGHT="27" WC="0.96" CONTENT="18."/>
						</TextLine>
					</TextBlock>
				</ComposedBlock>
			</PrintSpace>
		</Page>
	</Layout>
</alto>
