2200 2622
192 320 143 29 Utskottet.
371 337 8 5 -

381 235 40 29 14
829 237 121 31 Andra
973 238 223 41 lagutskottets
1219 240 169 32 utlåtande
1413 240 53 31 Nr
1490 244 53 28 39.

490 318 96 35 »Det
617 340 48 3 —
696 340 49 3 —
776 340 51 4 —
857 319 387 47 skogsägareförbund.

485 370 74 36 Vid
588 393 51 3 —
669 393 50 4 —
749 393 50 4 —
829 372 174 49 följande:

490 426 108 34 >Den
624 446 50 4 —
704 446 49 4 —
784 447 50 4 —
843 422 156 55 tillkom
1011 422 73 55 mit.

484 478 19 34 I
530 479 119 35 likhet
678 500 50 4 —
758 500 51 5 —
839 501 51 3 —
920 479 170 48 förslag.»

485 532 72 36 Det
599 533 101 35 torde
730 554 47 3 —
809 554 51 4 —
891 555 50 2 —
970 534 67 35 har
1078 534 178 36 utskottet
1284 538 120 32 ansett
1433 535 55 47 sig
1516 536 86 35 böra
1629 535 186 49 tillstyrka
1844 549 46 23 en
1919 539 73 45 Jag-

378 586 169 48 stiftning
575 586 13 34 i
617 587 61 34 det
705 586 107 48 syfte,
844 599 75 23 som
951 587 147 47 angives
1127 587 13 35 1
1169 588 70 34 den
1267 588 127 47 kungl.
1427 589 282 46 propositionen.

484 640 87 35 Med
609 640 175 35 avseende
813 643 46 44 på
888 640 71 35 den
987 641 205 47 föreslagna
1220 641 164 48 lydelsen
1414 654 44 23 av
1487 642 44 35 de
1560 642 178 36 särskilda
1766 644 225 35 bestämmel-

378 706 104 23 serna
510 693 14 35 i
552 693 183 47 förslaget,
778 694 67 34 har
888 694 178 36 utskottet
1108 697 119 33 ansett
1271 695 55 47 sig
1353 695 89 36 böra
1470 695 130 36 föreslå
1630 696 94 35 vissa
1753 697 198 47 ändringar
1980 698 12 34 i

380 750 21 32 2
432 747 33 46 8.
524 746 186 37 Utskottet
739 747 66 35 har
832 747 132 35 härvid
992 747 91 47 tagit
1112 748 144 48 hänsyn
1284 748 57 35 till
1370 749 294 36 önskvärdheten
1689 750 123 44 därav,
1834 754 54 32 att
1907 751 83 44 den,

377 801 52 36 låt
470 813 86 23 vara
598 800 193 47 tillfälliga,
836 800 283 48 inskränkning,
1155 814 74 22 som
1273 807 40 30 är
1340 802 192 47 ifrågasatt
1559 803 12 34 i
1597 803 209 47 jordägares
1835 807 74 32 rätt
1938 807 54 32 att

377 854 140 47 förfoga
559 858 85 31 över
685 866 127 35 genom
844 855 251 35 arrendeavtal
1127 855 174 47 upplåten
1330 855 185 48 fastighet,
1546 856 163 47 vidtages
1738 857 128 35 endast
1894 858 13 34 i
1936 860 52 32 så-

377 909 94 34 dana
499 907 76 45 fall,
607 908 65 34 där
699 907 70 35 den
797 907 94 36 efter
919 920 50 22 nu
997 908 228 47 tillgängliga
1253 909 267 47 upplysningar
1539 909 73 35 kan
1633 915 129 41 prövas
1782 911 207 46 oundgäng-

377 961 53 47 lig
471 962 82 34 med
595 961 143 47 hänsyn
766 960 58 36 till
853 961 168 37 blivande
1051 961 241 48 lagstiftning,
1324 966 94 32 samt
1447 966 53 32 att
1529 963 70 35 den
1627 963 31 48 ej
1688 964 227 46 genomföres
1944 968 45 43 på

378 1015 128 35 sådant
548 1017 82 42 sätt,
674 1017 53 33 att
769 1015 70 34 den
872 1014 181 37 försvårar
1082 1015 268 47 produktionen
1378 1016 98 35 inom
1506 1019 80 32 vårt
1611 1016 179 48 jordbruk
1818 1020 90 32 utan
1937 1020 53 33 att

378 1068 160 36 medföra
567 1068 182 47 påtagliga
777 1068 159 35 fördelar
963 1068 97 35 inom
1091 1069 44 35 de
1164 1072 182 33 närmaste
1376 1072 98 41 åren,
1505 1070 137 46 ägnade
1672 1072 54 33 att
1753 1076 171 42 uppväga
1943 1083 46 23 en

378 1122 112 35 sådan
531 1122 203 47 olägenhet.
792 1121 188 36 Utskottet
1015 1122 66 35 har
1110 1122 123 36 därför
1261 1126 132 41 ansett,
1424 1126 53 32 att
1505 1123 156 36 förutom
1691 1124 44 34 de
1763 1124 76 43 fall,
1871 1136 74 23 som
1976 1124 13 34 i

378 1176 70 34 den
477 1175 126 46 kungl.
635 1175 269 46 propositionen
932 1175 114 47 enligt
1074 1189 52 21 nu
1154 1176 152 35 berörda
1336 1177 22 45 8
1388 1182 61 29 äro
1477 1177 235 46 undantagna
1731 1177 82 35 från
1833 1177 155 46 tillämp-

376 1228 137 47 ningen
556 1242 44 23 av
643 1229 70 34 den
740 1228 13 35 i
785 1232 18 31 1
835 1229 23 45 $
886 1228 110 47 givna
1037 1229 277 36 bestämmelsen
1353 1242 57 23 om
1440 1230 272 36 arrendetidens
1742 1230 246 48 förlängning,

377 1288 92 30 även
509 1283 188 46 undantag
734 1282 82 35 från
844 1282 281 48 tillämpningen
1154 1295 44 24 av
1227 1283 120 35 denna
1376 1284 250 35 bestämmelse
1654 1284 87 35 böra
1769 1289 106 42 göras
1903 1284 13 35 i
1945 1285 45 34 de

376 1336 77 43 fall,
497 1337 44 34 då
570 1336 13 35 i
612 1337 167 34 arrendet
820 1336 106 46 ingår
968 1336 245 47 fullgörandet
1247 1349 44 23 av
1320 1336 410 48 dagsverksskyldighet
1758 1337 62 35 vid
1849 1338 139 36 huvud-

376 1390 102 46 gård,
508 1402 75 22 som
613 1395 83 41 äges
725 1402 44 23 av
797 1389 146 36 enskild
972 1402 141 34 person,
1144 1390 125 35 vilken
1289 1395 38 30 är
1348 1390 303 36 mantalsskriven
1673 1393 19 32 å
1712 1391 277 47 ifrågavarande

376 1443 173 47 fastighet
578 1443 88 35 eller
694 1445 20 33 å
742 1442 186 49 fastighet,
960 1456 74 22 som
1063 1444 149 35 därmed
1241 1449 39 29 är
1308 1444 14 35 i
1350 1444 185 44 sambruk,
1565 1445 66 34 och
1660 1445 46 34 då
1735 1445 69 34 den
1824 1448 163 32 utarren-

377 1497 130 35 derade
545 1497 149 47 jordens
723 1497 190 35 brukande
942 1497 116 35 under
1085 1497 265 47 huvudgården
1379 1497 119 36 skulle
1527 1497 160 36 medföra
1717 1498 173 35 avsevärd
1919 1498 69 35 för-

376 1550 59 35 del
463 1550 55 35 för
547 1550 225 35 sistnämnda
800 1550 184 47 fastighet.

485 1604 80 35 Vad
595 1603 171 36 beträffar
786 1616 110 34 greve
915 1603 301 37 Wachtmeisters
1232 1604 136 36 motion
1384 1626 51 2 —
1452 1626 50 2 —
1519 1625 50 3 —
1585 1604 236 36 förevarande
1837 1604 147 36 motion.

483 1658 51 33 På
562 1657 120 46 grund
711 1669 43 24 av
782 1657 72 35 vad
882 1658 179 34 utskottet
1089 1657 152 35 sålunda
1270 1658 121 34 anfört
1419 1657 58 35 får
1504 1658 177 48 utskottet
1709 1658 208 35 hemställa:

483 1710 47 46 A)
561 1713 53 33 att
641 1710 208 47 riksdagen,
883 1711 80 35 med
991 1710 233 36 förklarande
1253 1714 53 32 att
1334 1711 138 47 Kungl.
1503 1710 124 48 Maj:ts
1655 1710 237 37 förevarande
1918 1711 70 35 för-

375 1764 79 46 slag
494 1763 82 36 icke
618 1764 142 35 kunnat
802 1777 44 23 av
876 1764 194 47 riksdagen
1099 1764 14 35 i
1141 1764 208 36 oförändrat
1378 1764 106 36 skick
1513 1770 160 41 antagas,
1706 1767 110 33 måtte
1845 1765 57 35 för
1930 1764 56 35 sin

375 1817 58 34 del
462 1820 130 44 antaga
620 1817 158 49 följande

1078 1905 204 40 LAG

699 1984 72 26 om
798 1976 285 40 förlängning
1108 1984 55 25 av
1189 1977 118 32 vissa
1332 1976 324 34 arrendeavtal.

481 2066 222 48 Härigenom
732 2066 190 36 förordnas
951 2078 74 24 som
1056 2066 120 49 följer:

478 2249 21 31 1
529 2257 101 23 mom.
688 2246 80 34 Har
1040 2267 49 3 —
1207 2267 49 3 —
1289 2246 107 47 gälla.

479 2299 76 47 Lag
584 2320 51 4 —
665 2320 50 3 —
745 2320 50 3 —
826 2299 185 35 sambruk.
