2202 2612
380 178 20 30 6
606 178 249 34 Sammansatta
878 183 93 31 stats-
996 182 55 32 och
1072 182 106 40 första
1202 183 221 42 lagutskottets
1441 185 169 34 utlåtande
1633 187 54 32 Nr
1710 190 30 30 8.

941 263 74 48 2:0)
1053 270 54 31 att
1148 266 85 36 herr
1262 266 168 38 Kilboms
1458 269 12 34 i
1510 274 125 32 ämnet
1662 271 130 37 väckta
1821 275 152 44 motion,

802 319 14 34 i
853 317 70 37 vad
961 318 71 37 den
1062 319 32 47 ej
1126 319 70 37 kan
1226 333 107 25 anses
1360 334 134 37 genom
1525 324 199 36 utskottets
1754 325 220 39 hemställan

802 370 120 37 under
967 370 74 48 1:0)
1078 372 66 36 här
1179 385 94 25 ovan
1311 375 191 45 besvarad,
1532 377 80 37 icke
1641 382 115 33 måtte
1787 378 188 39 föranleda

804 427 122 46 någon
956 425 214 50 riksdagens
1198 428 142 47 åtgärd.

506 527 214 39 Stockholm
750 530 71 37 den
855 533 46 34 14
933 533 71 47 maj
1040 535 112 35 1923.

573 637 51 36 På
653 644 265 31 sammansatta
946 645 110 31 stats-
1084 641 68 36 och
1182 640 116 38 första
1325 643 261 47 lagutskottets
1614 651 156 42 vägnar:

1003 746 125 38 CARL
1157 747 185 38 EKMAN.

502 1011 63 31 Vid
589 1012 89 32 detta
700 1014 135 30 ärendes
860 1014 194 40 behandling
1078 1015 82 31 hava
1183 1016 154 31 närvarit:

495 1057 77 36 från
591 1058 100 37 första
706 1059 184 30 kammaren:
907 1059 108 31 herrar
1030 1061 214 30 Hederstierna
1253 1062 26 36 +,
1299 1062 31 30 C.
1348 1063 37 30 G.
1403 1063 124 36 Ekman,
1545 1064 119 30 Nilsson
1680 1064 10 30 i
1707 1063 261 39 Skottlandshus,

367 1101 90 30 Jacob
480 1102 160 37 Larsson",
664 1103 134 38 Rogberg
821 1104 60 30 och
904 1105 167 30 Johansson
1093 1105 12 29 i
1128 1105 233 40 Hälsingborg;

496 1147 75 36 från
596 1148 95 29 andra
714 1148 185 30 kammaren:
922 1148 109 31 herrar
1053 1150 129 31 Jansson
1197 1150 10 30 i
1224 1150 116 37 Falun,
1360 1152 101 30 Olsson
1478 1151 10 31 i
1505 1152 297 41 Kullenbergstorp,
1822 1154 146 31 Carlsson-

367 1189 169 35 Frosterud,
561 1192 40 36 af
618 1192 168 38 Ekenstam,
810 1194 165 30 Johansson
998 1193 12 30 i
1034 1194 130 31 Brånalt
1187 1196 59 30 och
1273 1196 122 31 Carlson
1419 1196 10 30 i
1452 1196 153 32 Mölndal.

504 1290 14 15 +
538 1290 34 31 Ej
592 1292 172 24 närvarande
783 1292 48 25 vid
851 1292 172 26 utlåtandets
1042 1293 145 33 justering.

813 2361 160 27 Stockholm,
990 2362 118 23 Svenska
1123 2362 320 29 Tryckeriaktiebolaget,
1458 2365 59 24 1923.
