2169 2647
694 237 104 35 Stats-
807 237 176 33 Utskottets
1010 235 175 33 Utlåtande
1208 234 62 33 N:o
1292 235 50 32 41.
1750 231 39 31 37

629 327 112 35 dande
777 325 248 36 arrendatorns
1064 322 221 46 åligganden,
1326 321 54 35 för
1420 318 115 38 såvidt
1574 320 175 35 desamma
1790 316 44 38 då

630 379 119 35 kunna
789 376 111 36 blifva
932 373 145 38 föremål
1104 375 53 34 för
1183 373 175 46 pröfning,
1388 372 101 43 skall,
1518 372 61 34 der
1605 371 78 35 icke
1710 371 124 35 hinder

629 432 122 40 möter,
779 428 169 34 förrättas
975 428 110 33 under
1112 426 86 34 sista
1225 423 77 36 året
1329 423 39 36 af
1391 423 95 35 förut
1512 423 147 44 löpande
1675 423 160 34 arrende-

631 480 131 46 period,
791 476 44 47 på
861 478 144 44 lämplig
1031 475 120 46 årstid,
1181 473 43 38 då
1250 476 145 34 marken
1423 478 39 31 är
1489 475 73 34 bar.

682 531 70 35 Det
790 529 326 44 ersättningsbelopp
1147 527 65 43 för
1244 527 122 34 brister
1392 526 13 33 i
1431 525 157 45 byggnad
1614 524 58 35 och
1698 524 139 45 hägnad

632 594 43 23 m.
709 593 56 31 m.,
798 592 71 24 som
903 580 201 35 tillkommer
1132 579 221 35 tillträdarén
1380 577 88 41 efter
1495 575 126 45 afdrag
1651 575 45 43 af
1716 576 121 34 värdet

632 634 21 34 å
680 633 42 35 de
732 631 65 44 för
813 632 87 34 hans
913 631 149 45 räkning
1076 629 48 44 af
1123 629 252 43 företrädaren
1380 627 199 45 fullgjorda
1593 627 242 45 prestationer,

633 683 279 36 tillhandahålles
938 682 118 35 honom
1083 681 45 43 af
1148 679 303 46 domänstyrelsen,
1480 690 70 23 som
1576 678 58 35 hos
1652 679 67 34 den
1738 677 99 36 betal-

632 735 257 44 ningsskyldige
911 737 123 41 genast
1061 733 86 35 låter
1173 735 118 41 uttaga
1318 731 159 44 beloppet.

679 786 207 35 Kostnaden
926 785 54 34 för
1012 795 75 33 syn,
1115 795 70 23 som
1211 794 48 23 mt
1286 788 41 29 är
1354 782 94 44 sagd,
1477 781 98 35 skola
1603 780 48 36 af-
1679 781 65 35 och
1770 780 66 35 till-

628 839 143 34 trädare
797 837 78 34 med
900 836 136 34 hälften
1062 835 175 36 hvardera
1264 834 115 44 gälda.

683 888 74 35 Vid
802 898 103 34 syner
944 888 62 33 bör
1033 886 308 35 domänintendent
1368 885 84 34 eller
1479 884 77 44 den,
1585 894 71 24 som
1684 883 117 35 dertill
1826 883 12 35 i

634 941 88 34 hans
761 940 100 34 ställe
902 938 39 35 af
976 937 129 45 Kongl.
1147 936 125 45 Maj:ts
1299 935 400 44 Befallningshafvande
1730 937 107 41 utses,

632 1001 87 26 vara
747 988 110 37 såsom
884 990 153 34 kronans
1066 988 124 35 ombud
1217 987 233 43 närvarande,
1479 986 64 35 och
1567 986 132 45 jemväl
1722 986 115 44 skogs-

630 1043 212 45 tjensteman
871 1051 86 25 vara
984 1040 183 43 tillstädes,
1196 1039 61 34 der
1283 1037 130 45 Kongl.
1442 1037 126 45 Maj:ts
1603 1036 233 46 Befallnings-

629 1093 178 36 hafvande
835 1092 112 35 finner
974 1091 188 44 anledning
1190 1091 116 34 derom
1333 1089 173 34 förordna.

680 1144 79 35 Mot
786 1146 184 41 synemäns
997 1143 114 34 beslut
1139 1152 61 33 ege
1229 1141 77 43 den,
1335 1151 70 23 som
1433 1139 139 35 dermed
1593 1139 78 35 icke
1686 1136 148 48 åtnöjes,

631 1195 77 35 föra
748 1195 98 34 talan
887 1194 90 35 efter
1016 1193 175 44 stämning
1217 1192 55 34 till
1298 1191 146 35 domstol
1470 1190 92 35 inom
1589 1192 55 33 tre
1670 1187 167 38 månader

631 1244 79 37 från
756 1246 66 34 den
868 1246 79 44 dag,
994 1243 346 46 syneförrättningen
1380 1242 175 35 afslutats.
1621 1240 217 36 Instrument

634 1297 99 36 öfver
772 1307 109 34 synen
921 1296 91 34 skall
1051 1296 92 34 inom
1175 1294 122 35 trettio
1326 1294 110 44 dagar
1464 1293 89 34 efter
1579 1292 259 45 förrättningen

632 1349 63 35 hos
739 1347 239 45 kronofogden
1029 1344 113 37 hållas
1187 1345 157 35 enskilda
1383 1346 120 42 parter
1542 1344 184 43 tillhanda,
1774 1344 64 34 och

635 1400 177 43 exemplar
839 1398 39 35 af
902 1398 334 44 syneinstrumentet
1262 1396 92 34 inom
1381 1406 132 24 samma
1544 1395 52 35 tid
1624 1395 55 35 till
1705 1394 130 46 Kongl.

635 1450 125 45 Maj:ts
787 1448 399 45 Befallningshafvande
1213 1447 180 44 insändas;

686 1504 54 32 att
765 1500 205 45 Riksdagen
996 1497 57 38 må
1078 1498 192 45 medgifva:

686 1553 72 34 dels
798 1554 55 32 att
891 1552 12 34 i
942 1549 102 47 fråga
1085 1561 54 24 om
1170 1549 270 44 utarrendering
1467 1549 64 34 och
1557 1548 218 44 förvaltning
1802 1548 40 35 af

635 1604 154 34 kronans
829 1603 164 34 domäner
1033 1601 229 44 erforderliga
1300 1600 271 44 bestämmelser,
1611 1599 123 36 hvilka
1760 1599 78 35 icke

634 1655 214 34 förekomma
887 1654 12 34 i
927 1654 40 34 de
1000 1653 231 44 nyssberörda
1258 1651 200 45 grunderna
1484 1650 55 35 för
1565 1651 273 44 förvaltningen,

636 1704 55 37 må
718 1703 36 37 få
781 1705 39 35 af
843 1704 129 45 Kongl.
1002 1703 108 46 Maj:t
1136 1703 190 45 meddelas;
1356 1703 63 34 och

687 1757 72 34 dels
800 1758 64 42 att,
906 1756 61 34 der
1004 1756 112 33 under
1155 1754 111 35 första
1299 1754 194 34 ordnandet
1520 1752 38 35 af
1583 1753 65 34 den
1674 1763 71 33 nya
1772 1752 67 35 för-

635 1807 208 44 valtningen
870 1807 41 34 de
938 1817 48 24 nu
1012 1806 199 44 föreslagna
1238 1805 199 44 grunderna
1455 1804 54 34 för
1523 1804 317 44 utarrenderingen

636 1859 78 35 icke
754 1859 119 34 kunna
905 1857 146 44 utföras,
1091 1856 126 35 hittills
1256 1856 162 44 gällande
1445 1855 128 35 former
1600 1855 54 35 för
1680 1855 160 34 arrende-

637 1907 218 46 upplåtelsen
881 1906 109 36 måtte
1017 1906 36 36 få
1079 1908 191 43 tillämpas;

689 1963 54 32 att
781 1959 205 44 Riksdagen
1025 1956 56 37 må
1120 1958 55 34 för
1213 1958 202 34 inrättande
1455 1958 39 35 af
1531 1969 42 24 en
1613 1959 54 34 för
1707 1961 134 33 statens

636 2011 357 46 jordbruksdomäner
1033 2010 64 34 och
1136 2010 129 43 skogar
1292 2020 198 33 gemensam
1517 2011 284 43 domänstyrelse,
1829 2011 12 34 i

638 2063 145 35 hvilken
823 2062 66 34 den
916 2062 204 34 nuvarande
1150 2059 286 45 Skogsstyrelsen
1463 2062 63 33 bör
1552 2059 128 46 uppgå,
1708 2062 132 43 bevilja

641 2117 51 31 ett
733 2113 123 44 anslag
896 2110 20 36 å
956 2112 173 34 ordinarie
1158 2113 71 32 stat
1256 2111 39 34 af
1321 2113 133 42 88,300
1482 2112 130 34 kronor
1638 2115 54 32 att
1718 2110 86 47 utgå
1830 2113 13 34 i

640 2165 154 43 enlighet
821 2164 77 34 med
924 2164 129 33 härhos
1079 2163 141 43 bilagda
1249 2162 244 44 aflöningsstat
1522 2161 80 47 (Bil.
1632 2163 86 35 Litt.
1748 2162 60 48 A).

693 2217 53 32 att
773 2214 205 44 Riksdagen
1005 2211 55 37 må
1087 2214 54 34 för
1167 2213 173 44 rättighet
1367 2216 54 32 att
1448 2211 140 47 åtnjuta
1615 2214 227 35 förenämnda

640 2263 255 38 löneförmåner
922 2265 176 35 fastställa
1125 2264 154 45 följande
1306 2265 127 36 vilkor:

691 2320 54 39 att
773 2318 142 36 embets-
945 2317 84 34 eller
1056 2316 211 46 tjensteman
1294 2317 90 40 skall
1410 2326 88 26 vara
1525 2316 239 41 underkastad
1778 2316 66 37 den
