1892 2814
502 136 393 39 Bevillningsutskottets
921 133 216 33 betänkande
1163 142 42 21 nr
1231 133 48 31 58.
1626 124 18 30 5

314 223 207 33 Nuvarande
545 222 141 38 lydelse:
1096 216 207 38 Föreslagen
1322 215 141 38 lydelse:

913 289 176 36 undantag
1105 297 40 21 av
1160 295 159 22 reserven
1335 281 218 40 tillhörande,
1568 280 78 39 från

913 340 93 30 aktiv
1026 341 67 29 stat
1111 335 343 40 pensionsavgången
1472 331 175 40 personal;

957 389 75 37 4:0)
1056 389 78 36 väg-
1181 388 65 30 och
1292 381 355 40 vattenbyggnadskå-

915 451 77 21 rens
1008 439 176 39 personal;

959 490 75 38 5:0)
1058 491 76 30 icke
1163 488 210 38 värnpliktig
1401 486 160 37 personal
1592 482 57 32 vid

916 540 276 40 sjövärnskåren.

189 681 122 30 Denna
331 678 202 37 förordning
555 678 114 31 träder
689 677 11 30 i
721 676 96 31 kraft
838 677 67 30 den
929 677 14 28 1
965 675 137 39 januari
1125 674 93 30 1947.

184 732 132 30 Genom
336 730 112 30 denna
467 728 205 36 förordning
690 728 184 36 upphävas
895 725 248 36 förordningen
1162 724 67 30 den
1248 725 20 29 9
1287 722 76 37 juni
1386 722 84 30 1944
1496 720 54 40 (nr
1567 719 75 40 283)

147 780 177 38 angående
348 780 197 36 indrivning
572 788 42 21 av
639 778 180 37 utskylder
844 778 64 30 hos
933 775 232 38 värnpliktiga
1188 785 46 20 m.
1264 773 37 32 fl.
1328 773 65 31 och
1421 772 229 37 kungörelsen

147 832 66 30 den
234 833 41 29 22
301 831 75 39 juni
401 831 83 30 1944
513 829 54 40 (nr
590 829 75 40 467)
694 828 177 37 angående
892 827 190 36 ersättning
1106 826 56 30 för
1185 824 198 37 indrivning
1406 833 42 22 av
1473 822 177 37 utskylder

145 883 11 30 i
174 883 90 31 vissa
286 883 72 39 fall,
378 881 44 32 då
440 880 326 38 indrivningsavgift
784 880 31 36 ej
836 880 88 30 skall
943 877 93 38 utgå;
1059 878 88 31 dock
1166 879 51 29 att
1235 876 12 30 i
1265 874 98 38 fråga
1383 884 58 21 om
1461 873 187 39 utskylder,

144 943 75 20 som
239 933 147 31 förfallit
405 932 50 31 till
474 931 176 37 betalning
668 931 76 30 före
760 930 71 30 den
855 931 14 29 1
893 928 138 37 januari
1054 928 94 35 1947,
1172 926 95 31 äldre
1288 924 260 32 bestämmelser
1566 922 83 31 fort-

148 983 146 31 farande
315 983 97 31 skola
436 983 64 36 äga
522 981 229 37 tillämpning.

189 1128 145 31 Jämlikt
360 1128 122 35 Kungl.
508 1126 119 36 Maj:ts
650 1124 279 38 bemyndigande
957 1124 66 29 den
1049 1124 16 28 7
1092 1121 76 37 juni
1199 1121 84 29 1946
1310 1118 188 32 tillkallade
1526 1116 123 31 chefen

144 1180 55 30 för
222 1178 391 44 finansdepartementet
636 1177 65 29 den
727 1177 36 29 17
789 1176 11 30 i
824 1183 135 22 samma
982 1172 129 32 månad
1133 1169 327 37 avdelningschefen
1484 1169 10 30 i
1521 1170 127 28 statens

146 1218 534 43 arbetsmarknadskommission
714 1226 34 31 C.
777 1226 54 30 W.
865 1225 175 35 Curtman,
1072 1224 254 29 länsassessorn
1355 1220 39 31 K.
1426 1219 30 31 S.
1487 1218 162 31 Edström

145 1281 65 30 och
231 1280 195 30 ledamoten
445 1289 42 20 av
508 1278 201 36 riksdagens
730 1278 109 29 första
859 1277 189 34 kammare,
1071 1274 135 30 lektorn
1225 1272 42 30 H.
1288 1272 36 30 L.
1347 1271 37 30 E.
1409 1269 153 37 Sjödahl,
1583 1269 65 30 den

146 1331 213 31 sistnämnde
373 1329 220 36 ordförande,
610 1331 48 28 att
673 1327 115 31 såsom
804 1326 218 36 sakkunniga
1036 1326 95 29 inom
1145 1322 391 36 finansdepartementet
1552 1319 96 31 verk-

146 1383 99 30 ställa
261 1381 183 36 utredning
461 1390 43 21 av
522 1379 124 37 frågan
664 1389 56 20 om
740 1378 171 31 särskilda
929 1375 260 32 bestämmelser
1207 1372 178 38 angående
1402 1370 149 32 anstånd
1571 1370 77 30 med

147 1432 212 36 inbetalning
376 1442 42 20 av
434 1430 232 37 värnpliktiga
681 1428 149 37 påförda
849 1427 187 37 utskylder.
1055 1426 14 30 I
1089 1425 190 31 direktiven
1298 1424 56 30 för
1371 1424 41 29 de
1432 1421 218 35 sakkunniga

146 1483 183 31 framhölls
354 1483 44 29 bl.
426 1491 40 26 a.,
492 1484 49 28 att
566 1480 122 37 frågan
712 1489 58 21 om
796 1478 170 31 särskilda
989 1478 108 35 regler
1122 1474 178 38 angående
1323 1473 149 31 anstånd
1496 1472 78 30 med
1597 1475 52 27 ut-

147 1532 295 39 skyldsbetalning
461 1532 57 30 för
536 1530 232 37 värnpliktiga
786 1547 45 3 —
848 1529 115 29 vilken
981 1527 98 36 fråga
1100 1535 80 21 vore
1197 1525 156 36 reglerad
1374 1532 124 28 genom
1517 1522 132 32 förord-

147 1584 125 37 ningen
293 1584 66 30 den
380 1584 19 29 9
416 1582 76 36 juni
514 1582 83 29 1944
623 1581 52 39 (nr
694 1580 76 39 283)
797 1578 177 38 angående
992 1576 197 37 indrivning
1210 1586 42 20 av
1271 1575 179 36 utskylder
1468 1575 64 29 hos
1551 1574 99 29 värn-

147 1635 145 36 pliktiga
313 1644 45 20 m.
379 1634 36 30 fl.
437 1651 44 3 —
503 1634 140 29 komme
665 1632 10 29 i
698 1634 46 28 ett
765 1634 76 34 nytt
864 1631 84 35 läge,
971 1628 44 31 då
1037 1629 56 30 det
1117 1637 68 27 nya
1207 1626 344 37 uppbördssystemet
1573 1624 77 30 bör-

147 1686 80 35 jade
242 1685 175 36 tillämpas
434 1684 65 30 den
518 1684 14 29 1
552 1682 138 37 januari
710 1682 92 30 1947.
822 1681 14 30 I
855 1679 185 37 anledning
1058 1679 106 30 därav
1179 1677 108 31 borde
1302 1676 224 35 undersökas,
1546 1675 104 30 huru-

149 1736 78 30 vida
252 1735 184 36 tillräcklig
462 1734 186 36 anledning
675 1732 201 30 överhuvud
906 1734 90 32 taget
1022 1730 116 30 kunde
1163 1738 100 21 anses
1291 1726 165 37 föreligga
1483 1729 49 27 att
1559 1725 92 31 bibe-

149 1786 93 31 hålla
263 1785 169 31 särskilda
454 1783 276 36 anståndsregler
748 1783 57 30 för
822 1780 232 37 värnpliktiga
1073 1780 65 30 och
1161 1789 56 20 om
1238 1778 38 31 så
1294 1778 170 30 befunnes
1486 1786 82 20 vara
1589 1775 63 31 fal-

149 1838 45 30 let
212 1837 68 30 vad
298 1836 98 31 dessa
414 1836 109 35 regler
540 1835 110 30 skulle
668 1833 176 30 innehålla
862 1833 65 29 och
947 1832 11 30 i
975 1831 114 30 vilken
1110 1830 91 30 form
1220 1830 42 29 de
1279 1828 107 31 borde
1405 1827 185 31 meddelas.

194 1888 49 30 De
264 1886 228 35 sakkunniga,
514 1895 75 20 som
609 1884 130 36 antagit
759 1886 142 27 namnet
919 1882 150 30 militära
1089 1877 496 36 skatteanståndskommittén,
1609 1877 45 30 ha

151 1938 65 30 den
235 1937 41 30 25
296 1936 192 36 september
509 1935 83 30 1946
613 1933 126 37 avgivit
758 1932 220 31 betänkande
998 1931 79 30 med
1098 1931 130 35 förslag
1246 1929 50 30 till
1315 1928 260 31 bestämmelser
1595 1936 58 21 an-

150 1987 130 37 gående
302 1985 147 32 anstånd
473 1985 79 30 med
574 1983 212 37 inbetalning
809 1992 42 21 av
872 1981 232 37 värnpliktiga
1127 1979 148 37 påförda
1297 1978 187 37 utskylder.
1509 1977 66 31 Vid
1597 1978 56 29 be-

152 2038 189 31 tänkandet
362 2037 103 30 fanns
486 2036 97 36 fogat
605 2035 129 35 förslag
757 2034 51 30 till
831 2032 203 36 förordning
1058 2041 56 20 om
1140 2030 146 36 ändring
1308 2030 10 30 i
1341 2028 313 37 uppbördsförord-

152 2089 126 36 ningen
300 2088 66 30 den
386 2088 38 29 31
448 2086 181 31 december
652 2085 81 30 1945
760 2084 54 39 (nr
831 2082 91 40 896).
943 2083 100 29 Detta
1065 2082 129 35 förslag
1215 2081 65 30 har
1299 2090 74 20 som
1397 2079 128 37 bihang
1543 2079 112 36 fogats

152 2140 85 29 även
258 2139 57 29 vid
334 2136 246 32 ovannämnda
602 2134 349 36 statsrådsprotokoll.

197 2190 13 29 I
242 2188 235 31 betänkandet
508 2187 66 30 har
604 2185 204 31 kommittén
841 2202 45 3 —
914 2185 120 29 utöver
1065 2182 122 36 frågan
1221 2191 58 21 om
1310 2179 261 32 skatteanstånd
1601 2180 56 31 för

154 2239 231 36 värnpliktiga
406 2255 43 3 —
469 2238 87 29 även
578 2237 115 29 berört
712 2236 91 29 vissa
824 2232 169 38 spörsmål
1017 2234 10 29 i
1048 2233 169 30 samband
1241 2232 78 29 med
1343 2230 123 37 frågan
1487 2240 58 20 om
1566 2231 90 29 löne-

154 2290 128 35 avdrag
298 2289 104 35 enligt
421 2288 64 29 den
506 2296 68 27 nya
592 2283 426 39 uppbördsförordningen
1037 2282 20 31 å
1074 2281 258 36 familjebidrag
1349 2282 49 29 till
1415 2279 241 36 värnpliktiga.

156 2339 211 33 Kommittén
385 2339 65 29 har
465 2337 88 30 dock
571 2336 75 30 icke
663 2336 163 35 framlagt
844 2333 103 37 något
963 2333 130 35 förslag
1108 2332 10 30 i
1136 2333 125 34 ämnet,
1283 2340 74 21 som
1376 2330 205 31 kommittén
1598 2338 58 23 an-

156 2394 62 28 sett
238 2391 90 36 ligga
344 2388 141 32 utanför
502 2387 56 30 sitt
577 2386 167 37 uppdrag.
