2250 2632
423 223 42 30 44
866 226 249 34 Statsutskottets
1144 228 168 33 Utlåtande
1334 229 62 32 N:o
1420 232 72 31 133.

380 302 244 48 egendomar,
662 316 80 23 som
773 304 128 36 blifvit
927 305 13 35 i
968 306 188 37 ämbetets
1184 307 93 36 vård
1312 308 256 48 anförtrodda,
1602 315 54 31 att
1685 310 153 37 därmed
1869 312 108 49 inga-

379 353 115 36 lunda
522 354 126 36 kunde
677 354 189 38 bestridas
895 357 112 36 också
1036 358 270 37 omkostnader
1335 359 57 37 för
1421 360 41 36 af
1485 361 182 37 behofvet
1690 362 198 48 påkallade
1908 378 68 35 ny-

379 404 226 49 byggnader
646 409 21 33 å
708 420 144 23 samma
885 409 241 47 egendomar,
1155 410 224 37 hemställde
1408 412 176 45 ämbetet,
1614 418 55 31 att
1696 414 144 48 Kungl.
1870 415 106 50 Maj:t

379 457 144 36 täcktes
565 457 57 36 till
661 458 222 49 Riksdagen
920 460 111 36 aflåta
1059 461 117 48 nådig
1202 463 236 48 proposition
1468 477 60 23 om
1557 465 207 36 anvisande
1792 469 48 45 på
1870 473 105 30 extra

379 513 75 31 stat
495 508 42 36 af
574 509 251 49 erforderliga
867 512 121 36 medel
1030 512 59 37 för
1129 514 240 48 uppförande
1411 515 11 35 i
1463 516 397 38 öfverensstämmelse
1891 520 83 35 med

378 560 165 50 nämnda
570 561 189 49 ritningar
788 563 41 35 af
856 577 47 22 en
930 564 374 38 vaktmästarbostad
1333 566 64 36 vid
1426 567 139 36 slottet.

505 612 118 37 Ofver
650 613 162 37 berörda
840 616 282 48 framställning
1148 617 69 36 har
1236 617 144 49 Kungl.
1402 618 128 49 Maj:ts
1550 619 422 49 befallningshafvande

376 663 13 35 i
416 663 156 37 Kalmar
599 664 61 36 län
689 665 73 36 den
793 668 45 34 31
871 667 155 36 oktober
1058 669 97 35 1904
1184 669 156 48 afgifvit
1367 669 213 37 infordradt
1607 672 257 49 underdånigt
1878 674 94 35 utlå-

376 715 124 47 tande,
545 715 80 37 däri
664 716 145 49 Kungl.
852 718 125 49 Maj:ts
1009 719 437 50 befallningshafvande,
1476 727 90 31 enär
1593 723 108 36 faran
1730 724 42 35 af
1795 724 137 37 vådeld
1960 726 11 35 i

377 767 72 35 den
478 770 38 33 åt
543 767 171 38 bemälde
743 769 255 37 vaktmästare
1027 771 181 49 upplåtna
1236 772 232 49 lägenheten
1496 774 12 35 i
1537 774 131 36 slottet
1695 775 107 36 alltid
1830 776 139 37 hotade

376 818 111 47 detta,
529 819 184 37 förklarat
755 821 61 48 sig
858 835 87 23 anse
987 822 63 36 det
1077 836 89 23 vara
1194 824 247 48 synnerligen
1470 826 217 48 angeläget,
1717 832 55 30 att
1797 830 38 33 åt
1862 829 107 35 vakt-

375 874 190 33 mästaren
591 871 185 38 bereddes
804 873 133 37 bostad
965 879 105 31 utom
1100 874 134 48 själfva
1263 875 361 49 slottsbyggnaden;
1655 878 70 36 och
1755 879 46 36 då
1825 880 142 47 Kungl.

373 921 127 49 Maj:ts
541 923 424 49 befallningshafvande
1007 925 84 37 icke
1132 927 127 36 funnit
1300 930 119 46 något
1457 933 55 31 att
1540 929 124 36 erinra
1693 935 79 31 mot
1801 931 45 36 de
1874 945 95 35 upp-

371 973 136 49 gjorda
534 974 241 49 ritningarna
804 976 91 36 eller
923 976 172 37 däremot
1124 983 53 31 att
1204 978 234 49 byggnaden
1467 980 164 37 förlades
1660 984 20 32 å
1701 982 73 35 den
1794 983 41 35 af
1847 982 122 37 öfver-

371 1024 388 39 intendentsämbetet
800 1028 219 49 föreslagna
1057 1029 113 49 plats,
1200 1031 12 34 i
1240 1030 176 37 hvilkens
1444 1032 135 35 närhet
1606 1032 137 37 funnes
1772 1046 48 23 en
1849 1039 119 31 större

371 1076 153 48 källare,
555 1091 80 23 som
662 1078 211 50 lämpligen
903 1085 131 43 syntes
1064 1081 126 36 kunna
1220 1082 195 36 användas
1442 1082 56 36 till
1526 1083 196 50 förvaring
1751 1085 42 36 af
1817 1085 66 36 det
1911 1086 58 36 för

371 1128 202 37 bostadens
614 1131 285 49 uppvärmning
941 1132 247 49 erforderliga
1217 1134 163 46 bränsle,
1411 1137 141 45 ansåge
1581 1136 60 47 sig
1668 1136 141 48 Kungl.
1839 1137 129 48 Maj:ts

370 1179 424 50 befallningshafvande
813 1183 92 36 böra
922 1187 48 45 på
986 1184 65 36 det
1065 1184 178 49 lifligaste
1260 1185 153 36 förorda
1427 1185 105 37 bifall
1548 1186 58 36 till
1621 1187 346 38 öfverintendents-

369 1231 186 38 ämbetets
583 1233 293 48 ifrågavarande
903 1235 240 37 hemställan.

496 1284 73 36 Vid
611 1285 178 37 ärendets
830 1287 277 49 föredragning
1149 1288 71 37 den
1260 1290 45 34 18
1335 1289 208 36 november
1575 1292 97 34 1904
1700 1291 93 36 fann
1821 1292 143 49 Kungl.

365 1335 107 48 Maj:t
512 1336 519 39 öfverintendentsämbetets
1067 1339 249 37 omförmälda
1343 1341 287 49 framställning
1657 1342 84 36 icke
1770 1343 196 38 föranleda

367 1399 124 24 annan
532 1389 147 47 åtgärd,
718 1394 49 31 än
802 1395 55 31 att
876 1390 500 38 öfverintendentsämbetet
1410 1393 230 36 anbefalldes
1673 1399 56 31 att
1760 1395 76 36 låta
1871 1409 93 36 upp-

365 1443 94 42 göra
500 1440 71 35 och
611 1439 57 37 till
709 1441 143 48 Kungl.
896 1442 106 48 Maj:t
1030 1442 193 37 inkomma
1252 1443 84 37 med
1365 1457 52 36 ny
1443 1445 148 48 ritning
1613 1446 121 48 jämte
1762 1446 201 37 kostnads-

366 1490 146 49 förslag
551 1491 58 36 till
649 1505 48 23 en
725 1493 373 37 vaktmästarbostad
1126 1495 64 36 vid
1218 1495 159 36 Kalmar
1401 1496 90 36 slott
1520 1497 41 35 af
1586 1497 152 36 enklare
1766 1498 71 36 och
1866 1499 97 36 billi-

364 1554 92 35 gare
483 1542 260 38 beskaffenhet
772 1549 47 31 än
850 1545 72 37 den
952 1546 41 35 af
1018 1546 168 37 ämbetet
1213 1547 230 48 föreslagna.

493 1594 73 36 Till
608 1595 182 49 åtlydnad
831 1596 111 37 häraf
979 1598 69 35 har
1081 1598 498 37 öfverintendentsämbetet
1607 1601 86 35 med
1721 1601 241 50 underdånig

363 1645 199 37 skrifvelse
591 1646 70 37 den
690 1649 45 34 31
768 1648 160 37 oktober
959 1650 97 35 1905
1086 1649 252 37 öfverlämnat
1366 1664 46 22 en
1440 1651 40 36 af
1496 1651 234 38 förbemälde
1747 1653 214 37 arkitekten

361 1696 206 50 Lindgren,
601 1702 47 45 på
675 1699 179 49 uppdrag
881 1701 42 35 af
946 1701 181 47 ämbetet,
1156 1702 194 48 uppgjord
1379 1716 51 35 ny
1457 1702 149 49 ritning
1632 1704 58 36 till
1719 1704 240 49 uppförande

362 1748 43 36 af
426 1749 293 49 ifrågavarande
747 1751 187 49 byggnad
957 1753 122 47 jämte
1100 1752 230 38 tillhörande
1351 1754 410 50 kostnadsberäkning,
1783 1756 176 36 slutande

361 1802 20 33 å
422 1806 56 30 ett
518 1802 137 49 belopp
698 1802 43 36 af
771 1804 114 46 8,500
913 1804 159 45 kronor;
1103 1805 70 36 och
1201 1805 68 36 har
1297 1805 500 38 öfverintendentsämbetet
1823 1808 133 41 tillika,

359 1852 86 36 med
486 1853 185 36 förmälan
716 1859 56 31 att
814 1855 254 49 nyssberörda
1102 1856 143 49 förslag
1287 1857 58 35 till
1373 1857 253 49 byggnadens
1654 1859 239 48 uppförande
1922 1861 41 35 af

359 1903 168 38 ämbetet
553 1905 163 37 lämnats
743 1911 96 31 utan
867 1907 267 49 anmärkning,
1163 1908 131 37 vidare
1324 1909 138 46 anfört,
1484 1914 55 31 att
1558 1910 166 36 ämbetet
1743 1911 101 36 hölle
1865 1911 92 47 före,

358 1960 55 30 att
453 1956 72 36 den
554 1957 217 48 föreslagna
798 1958 247 49 byggnaden,
1076 1960 85 35 med
1189 1960 151 49 hävsyn
1368 1960 59 37 till
1455 1960 74 37 den
1557 1966 92 32 nära
1677 1962 281 49 belägenheten

356 2006 58 36 till
442 2007 157 38 Kalmar
626 2009 102 47 slott,
758 2010 186 48 gifvetvis
971 2010 119 37 borde
1117 2012 184 49 uppföras
1331 2012 40 36 af
1397 2017 83 31 sten
1509 2013 70 36 och
1607 2014 230 49 näppeligen
1868 2028 88 35 syn-

356 2063 58 31 tes
441 2059 130 37 kunna
598 2060 128 48 gifvas
755 2074 48 23 en
833 2062 153 36 enklare
1015 2063 184 48 utstyrsel
1228 2068 48 31 än
1305 2064 75 35 den
1409 2069 128 31 senast
1565 2065 229 49 föreslagna.

483 2111 189 37 Häröfver
712 2113 71 36 har
823 2116 49 46 på
912 2114 126 47 grund
1081 2114 42 36 af
1146 2115 120 48 nådig
1292 2116 135 36 remiss
1455 2116 141 49 Kungl.
1627 2117 129 49 Maj:ts
1784 2118 172 36 bemälde

355 2161 426 50 befallningshafvande
801 2164 74 37 den
898 2167 44 34 13
962 2166 207 36 november
1191 2168 98 35 1905
1306 2167 154 48 afgifvit
1473 2168 258 49 underdånigt
1746 2169 208 46 utlåtande,

355 2212 80 37 däri
475 2214 143 49 Kungl.
650 2215 129 49 Maj:ts
808 2216 437 49 befallningshafvande,
1273 2219 124 36 under
1425 2219 239 49 åberopande
1694 2221 41 35 af
1759 2221 66 36 sitt
1853 2221 102 36 förut

352 2264 12 35 i
392 2266 157 36 ärendet
591 2266 147 49 afgifna
778 2268 190 49 yttrande,
1011 2269 185 36 förklarat
1237 2270 61 48 sig
1340 2270 81 37 icke
1458 2271 113 36 hafva
1598 2274 119 46 något
1746 2277 56 31 att
1831 2273 124 35 erinra

352 2321 78 31 mot
457 2317 65 36 det
550 2324 127 31 senast
704 2320 229 48 upprättade
961 2320 195 49 förslaget.
