1868 2816
417 146 435 32 Konstitutionsutskottets
879 144 180 30 memorial
1086 151 41 21 nr
1154 141 49 31 19.
1551 133 18 29 9

60 236 132 31 bundet
214 234 192 31 samarbete
431 234 9 29 i
464 230 294 36 utrikespolitiska
782 228 118 35 frågor
923 228 128 29 mellan
1076 225 198 36 regeringen
1298 227 64 28 och
1385 222 185 35 riksdagen

62 288 66 30 och
148 286 200 36 därigenom
366 285 78 29 med
463 283 150 30 svenska
631 281 118 31 folket.
770 280 13 29 I
804 279 57 30 sitt
880 288 78 21 svar
977 279 66 29 den
1065 278 41 28 24
1126 275 87 37 april
1233 274 171 37 uttryckte
1424 272 144 31 utrikes-

62 337 182 31 ministern
267 336 67 31 den
357 332 281 37 förhoppningen
664 332 55 30 för
740 329 197 38 framtiden,
961 331 49 28 att
1033 327 186 37 lyckligare
1242 326 65 30 och
1333 326 142 34 lugnare
1501 323 67 30 för-

62 388 189 32 hållanden
275 386 109 32 skulle
408 383 204 38 möjliggöra
638 392 42 20 en
703 384 115 33 öppen
842 380 146 30 kontakt
1011 378 129 30 mellan
1162 376 155 36 regering
1342 376 64 29 och
1431 374 139 35 riksdag

63 440 11 30 i
94 439 100 37 fråga
214 448 57 22 om
292 435 308 37 utrikespolitiken,
622 432 104 37 något
748 441 74 21 som
842 430 142 37 givetvis
1006 438 81 22 vore
1110 432 47 26 ett
1179 426 163 37 naturligt
1364 426 64 30 och
1450 424 121 36 viktigt

64 488 190 37 önskemål,
277 488 110 30 ehuru
410 487 55 29 det
490 485 110 31 under
624 484 38 31 så
686 484 167 29 abnorma
877 481 88 30 tider
989 490 74 20 som
1087 480 42 30 de
1152 477 200 31 nuvarande
1375 476 76 30 icke
1475 475 96 31 alltid

65 542 136 29 kunnat
222 539 205 36 tillgodoses.

111 641 99 30 Vissa
239 648 43 22 av
312 640 42 30 de
383 638 110 30 under
524 633 304 40 granskningsåret
858 632 173 37 ingångna
1061 629 399 33 överenskommelserna
1494 626 79 30 med

66 690 221 32 främmande
306 689 135 31 makter
459 689 46 29 ha
525 685 244 36 obestridligen
790 684 88 30 varit
896 692 43 22 av
957 684 108 29 större
1083 681 82 32 vikt.
1187 680 212 35 Riksdagens
1420 678 153 30 medver-

67 744 71 29 kan
161 743 65 29 har
250 741 89 30 dock
367 740 74 30 icke
467 739 10 30 i
502 737 105 37 något
631 736 62 31 fall
719 736 130 30 ansetts
874 732 212 37 erforderlig.
1114 731 181 31 Sannolikt
1322 730 64 30 har
1409 729 31 37 ej
1467 728 108 30 heller

67 791 310 33 utrikesnämnden
399 791 125 29 beretts
547 787 135 32 tillfälle
703 790 49 27 att
774 785 75 31 före
872 783 211 38 avgörandet
1104 786 79 32 taga
1206 780 161 37 ställning
1388 779 50 31 till
1460 778 115 36 någon

68 854 43 21 av
142 845 99 30 dessa
270 839 362 34 överenskommelser.
664 838 14 30 I
707 836 96 36 varje
832 835 62 31 fall
922 833 177 32 innehålla
1129 831 325 32 utrikesnämndens
1486 829 88 30 före-

68 893 286 38 dragningslistor
377 892 100 35 ingen
500 889 139 37 uppgift
661 889 132 30 härom.
819 886 183 31 Nämnden
1027 885 88 30 skall
1140 884 89 30 dock
1253 882 103 35 enligt
1379 881 18 37 $
1423 882 38 28 12
1485 887 90 28 rege-

67 944 234 37 ringsformen
321 943 109 30 andra
451 941 131 36 stycket
603 940 103 30 höras
728 939 10 29 i
760 939 41 29 de
822 937 72 35 fall,
918 936 44 31 då
984 945 43 20 en
1050 933 334 33 överenskommelse
1404 942 43 21 av
1469 932 107 29 större

68 996 74 31 vikt
169 995 126 39 (vilken
317 994 32 37 ej
373 991 105 37 angår
501 991 109 36 fråga,
632 1000 75 21 som
726 989 186 34 riksdagen
931 988 80 35 äger
1032 984 154 40 avgöra),
1212 984 150 30 avslutas
1385 986 84 27 utan
1490 981 86 30 riks-

69 1048 129 35 dagens
216 1043 264 39 godkännande.

115 1097 76 30 Den
211 1094 293 37 utrikespolitiska
527 1092 108 36 fråga,
662 1100 74 21 som
760 1090 112 30 under
894 1085 303 40 granskningsåret
1220 1084 80 31 stått
1321 1085 10 30 i
1354 1082 223 37 förgrunden,

69 1148 66 30 har
161 1147 88 31 varit
274 1145 76 32 vårt
375 1143 219 32 förhållande
619 1142 51 30 till
694 1140 187 37 Tyskland.
910 1138 97 31 Efter
1031 1136 263 36 förhandlingar
1319 1136 87 29 även
1430 1134 80 29 med
1537 1133 41 29 de

70 1198 164 31 allierade
253 1197 181 30 makterna
456 1195 163 30 avbrötos
636 1190 423 33 handelsförbindelserna
1079 1187 127 30 mellan
1229 1185 136 36 Sverige
1385 1185 64 30 och
1471 1183 106 36 Tysk-

70 1250 84 29 land
179 1248 38 31 så
238 1251 73 34 gott
337 1256 73 21 som
436 1244 228 36 fullständigt.
693 1241 226 32 Beträffande
946 1241 42 29 de
1013 1240 11 30 i
1049 1238 171 32 samband
1248 1237 142 30 därmed
1416 1234 163 36 vidtagna

71 1299 206 37 åtgärderna
294 1298 126 30 hördes
439 1295 197 36 visserligen
657 1291 317 36 utrikesnämnden,
995 1299 80 21 men
1095 1291 88 29 även
1203 1288 184 34 riksdagen
1406 1285 107 31 borde
1535 1285 45 29 ha

72 1350 222 30 informerats
323 1348 75 30 före
425 1346 223 36 åtgärdernas
679 1342 216 37 vidtagande.
926 1341 101 30 Detta
1058 1339 146 31 innebär
1230 1338 76 30 icke
1334 1337 11 30 i
1374 1337 62 30 sak
1464 1334 116 36 någon

72 1400 233 36 anmärkning
325 1402 72 27 mot
417 1398 67 30 den
506 1396 102 31 förda
630 1394 177 38 politiken,
830 1402 75 21 som
926 1392 205 31 tvivelsutan
1152 1390 110 30 skulle
1282 1389 45 30 ha
1350 1386 123 32 vunnit
1495 1386 84 30 riks-

73 1452 128 35 dagens
232 1449 207 35 anslutning.
470 1447 117 37 Själva
615 1443 350 38 tillvägagångssättet
997 1451 99 27 synes
1126 1441 89 30 dock
1245 1433 334 45 anmärkningsvärt.

73 1502 50 30 Bl.
148 1511 30 20 a.
206 1501 47 30 lät
277 1499 203 36 regeringen
505 1507 44 20 en
574 1495 251 32 underordnad
851 1493 215 36 myndighet,
1093 1494 131 27 statens
1249 1487 331 38 krigsförsäkrings-

74 1552 142 36 nämnd,
239 1551 134 30 besluta
397 1552 48 27 att
470 1546 199 38 försäkring
690 1546 75 30 icke
787 1544 111 30 skulle
920 1541 144 37 beviljas
1089 1541 55 30 för
1169 1550 94 20 resor
1288 1539 50 30 till
1361 1539 100 36 tyska
1484 1538 96 29 ham-

75 1612 73 22 nar.
169 1603 63 30 Det
251 1603 70 29 kan
341 1600 75 30 icke
435 1608 82 22 vara
536 1598 128 35 riktigt,
686 1600 49 27 att
754 1594 200 37 regeringen
973 1592 46 38 på
1039 1596 46 26 ett
1105 1591 122 31 sådant
1250 1591 65 29 sätt
1335 1587 179 33 uraktlåtit
1535 1590 48 27 att

76 1656 78 33 taga
175 1653 56 30 det
250 1651 159 31 formella
430 1652 159 28 ansvaret
607 1648 10 29 i
638 1657 42 20 en
698 1645 97 36 fråga
814 1655 42 20 av
878 1643 37 31 så
934 1641 268 36 utomordentlig
1220 1641 73 30 vikt
1311 1649 74 21 som
1408 1639 66 30 den
1493 1637 88 30 före-

77 1703 161 31 varande.

121 1753 50 31 Av
191 1754 58 30 det
271 1752 150 31 anförda
441 1749 155 36 framgår
617 1751 48 28 att
687 1748 189 30 kontakten
899 1745 126 30 mellan
1046 1743 154 36 regering
1221 1743 64 30 och
1306 1741 139 36 riksdag
1468 1740 10 29 i
1502 1738 75 31 utri-

78 1803 223 37 kespolitiska
321 1802 118 36 frågor
457 1801 110 30 under
585 1796 304 40 granskningsåret
909 1795 88 32 varit
1017 1795 71 30 lika
1107 1792 185 37 bristfällig
1312 1801 73 21 som
1407 1789 176 36 föregåen-

78 1856 42 30 de
141 1855 48 31 år.
214 1854 48 31 På
284 1853 111 37 grund
415 1853 108 29 härav
546 1852 65 29 har
633 1851 58 36 jag
712 1850 120 34 ansett,
855 1850 49 27 att
928 1844 232 37 anmärkning
1182 1844 77 30 bort
1281 1842 210 31 framställas
1513 1843 72 27 mot

80 1904 179 32 ministern
275 1904 56 31 för
346 1903 128 30 utrikes
494 1900 174 31 ärendena
686 1899 183 31 Giänther.»

797 2062 76 32 II.

125 2148 42 21 av
187 2139 80 29 herr
288 2145 66 22 von
377 2135 149 37 Friesen,
550 2143 75 21 som
645 2134 80 29 med
745 2130 256 32 instämmande
1023 2139 41 21 av
1088 2129 119 29 herrar
1227 2126 137 31 Nilsson
1385 2126 10 29 i
1418 2125 169 34 Göteborg

81 2190 65 29 och
168 2188 198 37 Spångberg
387 2186 128 30 anfört:

130 2256 32 28 »I
189 2254 53 30 sin
264 2252 315 31 ämbetsberättelse
611 2250 36 38 (s.
675 2248 71 39 170)
777 2251 109 33 yttrar
908 2245 433 37 justitieombudsmannen
1367 2240 221 31 beträffande

82 2305 255 34 verkningarna
354 2312 41 20 av
413 2303 98 33 lagen
529 2302 66 28 den
614 2301 19 28 9
651 2298 137 37 januari
810 2298 82 29 1940
912 2307 56 19 om
987 2296 89 29 vissa
1098 2293 233 36 tvångsmedel
1350 2292 56 29 vid
1425 2291 77 36 krig
1522 2290 64 30 och

82 2355 172 35 krigsfara
271 2364 44 19 m.
335 2363 44 19 m.
399 2352 42 29 bl.
463 2361 28 20 a.
512 2350 169 36 följande:

129 2403 228 37 ”Exempelvis
382 2402 89 29 hade
496 2401 109 29 under
632 2400 87 29 vissa
748 2397 294 35 omständigheter
1068 2404 83 20 rena
1178 2393 121 30 åsikts-
1326 2393 65 29 och
1418 2391 169 34 menings-

85 2455 167 38 yttringar
278 2456 127 29 ansetts
431 2453 119 35 utgöra
580 2451 129 30 sådana
738 2448 253 35 förhållanden,
1019 2446 109 31 vilkas
1155 2443 226 31 meddelande
1410 2442 46 29 till
1485 2442 104 29 främ-
