1874 2810
280 147 38 33 18
634 148 437 33 Konstitutionsutskottets
1097 148 181 31 memorial
1304 156 40 21 nr
1372 147 50 31 19.

285 245 62 20 son
369 233 116 33 såsom
508 233 135 32 enskild
667 233 193 36 företagare
882 232 79 31 sökt
984 232 80 30 med
1087 239 86 28 egna
1195 231 113 31 medel
1331 229 37 32 få
1390 230 158 31 tillverka
1574 230 213 36 brandslang

285 290 88 27 samt
397 290 49 26 att
467 284 205 31 Albrektson
693 283 88 37 själv
802 283 117 30 kunde
941 282 94 36 sörja
1056 282 55 31 för
1132 281 228 37 anskaffning
1380 291 43 21 av
1444 280 150 32 råvaror.
1616 281 169 30 Anmärk-

284 337 177 35 ningsvärt
480 345 80 21 vore
579 337 87 29 även
684 339 50 26 att
752 333 421 31 industrikommissionen
1192 333 11 29 i
1224 332 58 31 sitt
1299 332 109 30 första
1425 331 284 36 remissyttrande
1727 341 59 21 an-

286 387 77 37 fört,
394 392 50 26 att
472 386 183 31 Jonsereds
682 385 154 31 fabriker
862 385 66 30 och
955 383 395 37 Almedahl-Dalsjöfors
1378 382 45 37 på
1449 382 337 37 luftskyddsinspek-

285 438 134 30 tionens
436 438 102 30 order
556 436 203 31 tillverkade
776 436 210 35 brandslang
1006 434 218 31 uteslutande
1242 434 56 30 för
1314 438 129 27 statens
1461 433 157 36 räkning,
1639 442 82 21 men
1739 436 49 27 att

286 488 281 36 kommissionen,
591 487 107 31 sedan
719 486 206 30 Albrektson
948 485 160 38 påpekat,
1133 489 49 27 att
1203 485 114 30 behov
1339 494 42 21 av
1403 485 212 35 brandslang
1638 482 151 37 förelåge

287 541 86 29 även
396 539 57 31 för
473 539 111 31 andra
609 537 240 37 myndigheter
872 538 45 29 än
940 538 43 29 de
1008 536 145 36 statliga,
1181 535 11 30 i
1217 535 56 31 sitt
1300 536 110 29 andra
1433 535 159 36 yttrande
1616 535 173 30 meddelat

287 594 48 27 att
361 590 99 30 dessa
489 589 155 30 fabriker
669 587 223 37 tillgodosåge
917 587 379 37 brandslangsbehovet
1320 586 203 30 överhuvud
1550 589 99 33 taget.

332 642 73 29 Den
435 642 38 29 10
501 640 74 36 juni
607 640 83 30 1944
717 639 202 30 meddelade
943 637 423 31 industrikommissionen
1392 636 11 30 i
1430 636 163 31 skrivelse
1623 636 50 30 till
1699 635 88 31 folk-

287 691 523 35 hushållningsdepartementet,
842 693 49 27 att
919 688 423 31 industrikommissionen
1370 688 55 30 för
1452 687 53 30 sin
1535 688 54 29 del
1617 686 173 36 framgent

288 743 65 29 och
371 742 67 31 tills
456 742 117 30 vidare
591 741 118 30 kunde
727 740 95 30 avstå
840 739 79 31 från
937 744 48 26 att
1003 740 133 29 fördela
1156 741 42 29 de
1215 738 129 39 partier
1361 739 202 38 hampgarn,
1586 747 75 20 som
1680 737 111 30 skulle

289 793 179 30 inkomma
490 792 50 31 till
561 793 127 34 landet,
711 793 78 29 med
813 791 179 36 undantag
1015 790 55 30 för
1091 800 42 20 en
1155 789 169 31 kvantitet
1347 788 79 31 från
1450 789 137 36 Ungern
1608 787 21 31 å
1653 789 41 29 45
1720 792 69 31 ton,

289 848 88 26 samt
398 844 79 30 med
499 842 212 31 reservation
732 842 55 30 för
808 841 170 31 särskilda
1001 839 163 32 ändamål
1184 841 67 29 och
1274 841 287 29 statsleveranser.
1584 839 207 30 Albrektson

290 895 109 30 skulle
425 894 118 31 vidare
568 893 80 31 från
672 892 395 37 Almedahl-Dalsjöfors
1092 890 37 31 få
1156 891 94 39 köpa
1280 892 35 29 11
1332 892 63 29 883
1420 890 46 38 kg
1491 899 94 28 garn.

334 946 73 30 Den
439 946 39 28 14
506 944 75 39 juni
612 945 83 29 1944
721 944 175 30 tillställde
923 941 443 40 luftskyddsinspektionen
1392 941 206 30 Albrektson
1626 940 119 31 anbud
1771 939 21 30 å

289 996 212 37 brandslang
521 995 74 30 vari
615 995 229 35 meddelades,
866 998 49 27 att
937 993 203 36 erforderlig
1159 992 169 31 kvantitet
1348 1001 86 28 garn
1454 992 97 30 torde
1571 991 121 30 kunna
1713 991 78 30 stäl-

290 1048 50 29 las
363 1047 51 30 till
438 1046 224 31 Albrektsons
685 1045 214 36 förfogande.

335 1097 117 31 Under
475 1096 208 37 hänvisning
710 1095 50 31 till
787 1097 40 29 de
850 1094 58 31 två
933 1095 216 30 sistnämnda
1175 1094 229 30 skrivelserna
1429 1093 86 30 fann
1542 1093 122 36 Kungl.
1691 1091 102 37 Maj:t

290 1149 67 29 den
376 1148 11 30 i
405 1147 57 32 sitt
479 1147 247 31 ovannämnda
743 1147 68 30 den
832 1147 37 30 15
886 1146 76 39 juni
983 1146 82 30 1944
1085 1146 132 30 fattade
1234 1145 111 30 beslut
1363 1144 223 30 Albrektsons
1606 1143 185 30 framställ-

291 1199 82 37 ning
389 1209 58 21 om
464 1198 192 37 tilldelning
675 1207 43 21 av
736 1196 142 31 råvaror
894 1196 56 31 för
967 1195 221 37 tillverkning
1204 1205 43 21 av
1265 1195 211 36 brandslang
1493 1194 74 31 icke
1584 1194 120 30 kunna
1724 1194 67 29 för-

291 1250 123 30 anleda
436 1248 115 37 någon
572 1249 122 36 Kungl.
718 1248 117 40 Maj:ts
857 1246 131 38 åtgärd.

336 1301 64 29 Det
422 1299 59 31 må
507 1299 159 36 slutligen
689 1300 157 35 nämnas,
871 1302 49 27 att
943 1298 206 30 Albrektson
1173 1298 111 30 under
1308 1296 286 36 skriftväxlingen
1619 1295 10 30 i
1654 1295 141 31 ärendet

293 1350 201 38 framhållit,
523 1354 50 27 att
599 1351 90 29 hans
716 1349 217 39 möjligheter
963 1353 49 26 att
1043 1347 130 32 erhålla
1202 1347 192 37 tilldelning
1422 1356 42 21 av
1493 1356 84 27 garn
1605 1344 189 32 försvårats

294 1402 199 36 därigenom
514 1405 50 27 att
582 1402 72 29 han
673 1400 31 37 ej
727 1400 10 30 i
758 1404 141 26 motsats
923 1400 51 30 till
994 1400 41 31 de
1055 1400 142 35 företag,
1219 1409 75 20 som
1314 1397 136 32 erhållit
1469 1397 124 31 råvara
1613 1397 56 30 för
1688 1396 105 30 fram-

291 1452 164 36 ställning
490 1461 43 21 av
569 1451 225 36 brandslang,
830 1450 89 31 varit
955 1450 162 30 ansluten
1143 1450 10 29 i
1182 1449 156 31 Svenska
1364 1450 73 34 lin-,
1463 1448 87 37 jute-
1579 1448 66 29 och
1673 1447 122 35 hamp-

293 1502 331 37 importföreningen
646 1503 85 29 1940
748 1511 32 21 u.
799 1511 32 27 p.
854 1511 29 21 a.
905 1505 89 26 samt
1012 1505 49 26 att
1079 1499 439 32 industrikommissionens
1537 1497 161 32 tekniska
1718 1496 76 30 råd-

292 1554 116 35 givare
429 1553 89 32 varit
539 1553 222 30 intressenter
783 1552 10 30 i
815 1553 80 30 med
916 1551 206 31 Albrektson
1145 1551 287 30 konkurrerande
1454 1549 141 36 företag.

335 1653 49 31 Av
405 1652 232 33 ovanstående
659 1652 215 36 redogörelse
896 1650 164 37 framgår,
1083 1655 49 26 att
1153 1649 423 32 industrikommissionen
1598 1648 199 30 förhindrat

292 1707 46 28 ett
355 1707 171 33 nystartat
543 1703 133 35 företag
695 1706 50 26 att
763 1702 156 30 tillverka
937 1702 55 30 för
1010 1702 134 29 landets
1161 1701 193 35 beredskap
1372 1699 240 37 betydelsefull
1629 1698 165 31 materiel.

293 1752 457 38 Luftskyddsinspektionen
773 1752 183 36 tillstyrkte
979 1752 56 29 för
1055 1751 52 31 sin
1131 1751 55 30 del
1208 1754 50 27 att
1278 1749 221 36 tillverkning
1520 1759 42 20 av
1584 1749 213 35 brandslang

293 1804 62 30 hos
374 1802 266 38 ifrågavarande
659 1802 106 30 firma
785 1802 109 30 skulle
913 1802 65 36 äga
997 1811 87 20 rum.
1106 1800 103 31 Olika
1228 1801 76 30 skäl
1323 1799 109 32 måste
1452 1800 46 30 ha
1519 1800 83 29 talat
1621 1799 55 30 för
1696 1798 100 30 bifall

294 1854 49 30 till
367 1854 223 30 Albrektsons
615 1852 266 36 framställning.
908 1852 206 29 Albrektson
1138 1860 63 21 var
1223 1851 130 30 beredd
1377 1854 50 26 att
1452 1851 150 29 leverera
1627 1849 50 30 till
1703 1849 93 36 lägre

293 1903 69 36 pris
384 1904 46 29 än
455 1904 55 29 det
532 1903 142 35 företag,
699 1912 75 20 som
798 1902 108 30 erhöll
928 1902 165 35 monopol
1114 1900 46 37 på
1181 1901 195 30 leveranser
1397 1900 51 30 till
1471 1900 212 34 statsverket,
1707 1898 87 32 vari-

293 1962 123 28 genom
443 1954 92 30 detta
561 1952 219 37 följaktligen
807 1951 177 31 åsamkats
1011 1951 148 36 onödiga
1186 1950 150 37 utgifter.
1365 1950 49 30 Ur
1439 1950 357 36 säkerhetssynpunkt

293 2003 91 30 hade
407 2003 56 30 det
487 2002 116 31 vidare
627 2002 90 30 varit
740 2001 174 35 önskvärt,
940 2004 49 27 att
1013 2001 66 30 den
1102 2000 188 37 planerade
1313 2000 264 36 tillverkningen
1600 2000 50 29 till
1674 2009 44 20 en
1742 1999 54 30 del

292 2052 64 31 fått
375 2054 64 35 äga
458 2062 79 20 rum
554 2052 57 30 vid
629 2052 223 29 Albrektsons
873 2050 126 36 fabrik,
1019 2060 76 20 som
1112 2050 10 30 i
1142 2050 369 36 luftskyddsavseende
1530 2060 61 20 var
1609 2050 112 30 bättre
1741 2050 55 29 be-

294 2104 98 36 lägen
414 2105 46 29 än
480 2104 66 29 den
566 2104 110 29 andra
697 2102 170 30 fabriken.
888 2101 335 36 Anmärkningsvärt
1245 2101 39 29 är
1304 2099 105 32 också
1430 2103 49 27 att
1501 2099 114 31 såsom
1637 2099 161 31 tekniska

293 2153 180 37 rådgivare
501 2153 64 30 och
594 2152 219 36 sakkunniga
840 2151 35 31 åt
904 2150 423 31 industrikommissionen
1354 2150 160 36 fungerat
1543 2151 71 29 dels
1643 2150 152 30 konkur-

293 2203 255 32 rentfabrikens
571 2203 193 36 disponent,
788 2202 70 30 dels
883 2201 110 31 andra
1015 2210 172 27 personer,
1208 2210 79 21 som
1310 2200 98 31 stodo
1432 2200 91 31 detta
1546 2201 133 36 företag
1700 2200 96 30 nära.

295 2253 192 36 Anledning
505 2253 113 30 finnes
637 2253 51 29 till
706 2252 195 36 antagande
918 2255 49 26 att
986 2251 56 30 det
1060 2250 230 36 förhållande,
1308 2254 51 26 att
1379 2250 204 31 Albrektson
1602 2252 76 30 stod
1698 2254 98 26 utan-

292 2303 57 30 för
381 2312 43 20 en
460 2302 150 30 särskild
643 2301 374 44 importorganisation
1054 2300 167 35 (Svenska
1247 2300 73 35 lin-,
1346 2299 86 37 jute-
1456 2301 65 29 och
1543 2300 254 36 hampimport-

295 2354 202 35 föreningen
526 2354 82 30 1940
633 2363 34 20 u.
693 2362 33 27 p.
752 2352 42 40 a.)
827 2352 157 30 inverkat
1009 2351 141 36 menligt
1176 2350 45 37 på
1247 2351 88 30 hans
1362 2350 191 36 tilldelning
1578 2360 42 20 av
1645 2349 150 32 råvaror.

295 2403 121 31 Denna
438 2403 169 36 förening,
630 2412 79 21 vars
734 2402 210 30 ordförande
968 2401 110 30 tillika
1102 2401 41 30 är
1165 2400 284 36 avdelningschef
1472 2401 56 30 för
1550 2400 245 31 industrikom-

293 2453 206 31 missionens
522 2452 290 36 textilavdelning,
836 2451 69 31 står
927 2452 111 30 under
1058 2452 151 29 kontroll
1234 2460 42 21 av
1300 2450 430 31 industrikommissionen.
