1888 2808
296 145 18 29 6
730 151 276 31 Statsutskottets
1028 151 175 30 utlåtande
1224 161 41 20 nr
1291 152 71 30 177.

298 235 89 31 tilier
407 235 65 30 och
491 235 134 30 skodon
646 236 133 30 anslöte
798 235 51 36 sig
870 236 53 30 för
943 236 109 36 övrigt
1071 237 86 29 nära
1176 236 50 31 till
1247 235 467 37 intendenturavdelningens
1735 236 68 31 för-

298 286 290 31 söksverkstäder.
617 284 105 32 Såvitt
746 286 302 37 fabriksstyrelsen
1073 286 134 31 kunnat
1230 285 109 37 finna,
1363 287 89 30 hade
1476 286 41 31 de
1541 286 50 31 till
1616 287 111 35 grund
1751 287 54 29 för

297 336 146 30 beslutet
463 345 57 21 om
541 335 370 37 underhållstjänstens
933 335 258 38 centralisering
1211 335 159 37 liggande
1390 335 278 39 beräkningarna
1689 336 11 30 i
1720 339 85 28 stort

298 390 64 27 sett
383 386 87 31 visat
491 386 50 37 sig
562 396 82 21 vara
668 386 134 36 riktiga.
827 386 75 31 Den
924 396 42 21 av
988 387 349 36 personalförbundet
1360 386 120 38 gjorda
1504 386 301 38 framställningen

297 436 108 30 borde
425 436 215 31 fördenskull
659 436 74 31 icke
754 436 183 31 föranleda
957 436 114 36 någon
1090 436 130 36 åtgärd.

342 511 14 30 I
384 511 89 36 syfte
498 515 50 27 att
573 511 38 32 få
637 511 41 32 de
705 516 73 26 mot
806 511 419 37 centraliseringsplanens
1252 511 222 37 fullföljande
1502 512 217 31 framställda
1745 522 58 21 an-

298 561 271 36 märkningarna
600 561 148 37 allsidigt
776 563 66 29 och
870 562 212 36 sakkunnigt
1110 563 132 36 belysta
1269 562 161 37 uppdrog
1458 562 122 36 Kungl.
1610 561 101 38 Maj:t
1739 563 67 30 den

304 612 41 28 29
366 611 75 38 juni
463 612 82 29 1945
567 610 35 31 åt
621 612 336 36 generaldirektören
977 611 33 32 C.
1034 612 35 30 T.
1093 612 143 30 Sällfors
1256 615 58 33 att,
1338 613 81 29 med
1438 612 194 30 beaktande
1652 622 43 21 av
1718 612 87 30 före-

299 663 158 36 liggande
477 663 233 31 erfarenheter
728 664 150 30 rörande
894 663 279 31 driftsresultatet
1190 664 57 29 vid
1265 664 43 30 de
1325 672 124 28 genom
1467 663 335 30 intendenturavdel-

299 712 145 36 ningens
463 713 136 37 försorg
616 714 233 36 garnisonsvis
873 714 263 30 centraliserade
1158 713 437 37 reparationsanstalterna,
1618 713 184 31 verkställa

299 764 146 35 översyn
470 772 41 21 av
536 763 234 37 föreliggande
793 764 233 36 beräkningar
1049 765 147 29 rörande
1220 765 41 29 de
1285 765 130 30 vinster
1438 765 10 29 i
1473 764 220 31 ekonomiskt
1717 765 84 30 hän-

300 813 133 35 seende,
455 823 74 20 som
549 814 117 30 kunde
688 814 219 35 uppkomma
926 815 58 30 vid
1005 815 285 36 genomförandet
1315 824 42 20 av
1384 815 82 29 1944
1489 815 55 30 års
1566 814 157 37 riksdags
1746 815 56 30 be-

299 864 69 29 slut
389 864 10 29 i
422 863 199 37 jämförelse
641 865 78 29 med
741 865 244 30 motsvarande
1006 864 130 31 vinster
1157 865 57 30 vid
1237 865 257 36 centralisering
1517 865 11 30 i
1551 865 150 36 enlighet
1724 865 80 30 med

301 923 43 20 av
366 913 450 37 intendenturavdelningen
840 914 148 37 angivna
1012 914 180 37 riktlinjer,
1216 918 92 27 samt
1333 918 50 27 att
1408 916 50 30 till
1482 915 121 36 Kungl.
1630 914 101 37 Maj:t
1753 916 50 30 in-

298 964 142 29 komma
459 965 79 29 med
557 964 214 36 redogörelse
793 965 10 29 i
823 966 125 29 ämnet.

341 1017 342 31 Generaldirektören
708 1016 145 31 Sällfors
878 1033 44 4 —
947 1016 10 30 i
983 1016 57 31 det
1065 1015 156 38 följande
1245 1017 177 30 benämnd
1452 1016 353 36 utredningsmannen

294 1085 45 3 —
358 1068 64 30 har
441 1066 51 31 till
512 1066 222 37 fullföljande
752 1077 43 21 av
813 1067 59 31 det
892 1068 130 29 honom
1041 1067 101 36 givna
1160 1066 193 37 uppdraget
1371 1066 68 31 den
1457 1067 39 29 21
1517 1067 182 30 december
1721 1066 83 30 1945

296 1118 52 31 till
376 1118 122 30 chefen
526 1118 55 30 för
608 1118 425 36 försvarsdepartementet
1064 1117 214 30 överlämnat
1305 1116 203 31 ekonomisk
1536 1116 184 36 utredning
1746 1125 61 22 an-

296 1168 131 36 gående
444 1169 66 30 viss
528 1167 256 37 centralisering
801 1178 42 20 av
864 1167 351 36 underhållstjänsten
1232 1167 55 37 för
1305 1166 375 31 intendenturmateriel
1697 1176 45 20 m.
1760 1176 45 21 m.

346 1218 74 30 Den
441 1217 147 31 sålunda
611 1217 211 31 verkställda
842 1216 229 37 utredningen
1092 1217 66 29 har
1177 1216 11 29 i
1212 1219 85 27 stort
1320 1218 65 28 sett
1404 1215 174 31 bekräftat
1599 1215 207 36 riktigheten

301 1278 44 21 av
365 1269 42 30 de
429 1268 143 36 tidigare
595 1267 242 37 beräkningar,
858 1266 46 39 på
922 1266 94 31 vilka
1037 1266 67 30 den
1126 1275 41 21 av
1188 1267 269 29 statsmakterna
1477 1265 177 31 beslutade
1674 1267 131 29 centra-

301 1319 183 36 liseringen
509 1328 43 21 av
575 1317 354 37 underhållstjänsten
951 1317 178 36 grundats,
1155 1319 90 28 samt
1271 1316 65 30 har
1358 1316 84 36 givit
1466 1315 195 38 ytterligare
1686 1316 120 36 belägg

302 1369 55 30 för
374 1372 50 27 att
444 1378 43 21 en
509 1368 258 36 centralisering
786 1377 43 21 av
850 1368 100 30 tvätt-
971 1367 65 31 och
1059 1366 369 37 reparationstjänsten
1448 1367 55 29 för
1522 1366 169 31 försvaret
1710 1366 96 31 inom

297 1419 171 31 mellersta
494 1419 170 30 Norrland
687 1423 90 26 samt
800 1419 115 30 västra
937 1419 66 29 och
1027 1419 93 30 östra
1142 1417 170 31 Götaland
1335 1418 51 30 till
1408 1422 50 27 tre
1484 1419 107 29 större
1613 1419 193 29 centralan-

302 1470 119 30 stalter
437 1469 12 30 i
468 1468 174 38 Långsele,
663 1468 209 36 Herrljunga
890 1468 66 30 och
974 1466 133 39 Mjölby
1126 1468 159 30 kommer
1302 1470 51 27 att
1368 1467 160 30 medföra
1547 1477 42 20 en
1610 1467 196 37 betydande

302 1520 183 37 besparing
509 1519 12 30 i
547 1519 199 37 jämförelse
771 1519 80 30 med
880 1518 55 30 det
961 1518 131 36 förslag
1115 1518 51 30 till
1189 1517 236 37 garnisonsvis
1451 1518 134 30 ordnad
1611 1517 193 31 centralise-

300 1570 86 36 ring,
413 1579 77 21 vars
515 1568 274 38 genomförande
811 1567 174 32 förordats
1009 1578 42 21 av
1076 1567 461 37 intendenturavdelningen.
1575 1568 230 31 Kostnadsbe-

301 1620 236 37 räkningarna
554 1620 47 31 ha
621 1619 83 37 givit
721 1619 52 30 till
790 1619 153 36 resultat,
962 1621 50 28 att
1032 1618 42 31 de
1092 1617 107 38 årliga
1219 1618 337 30 driftskostnaderna
1576 1618 56 31 för
1651 1618 42 31 de
1712 1618 93 31 olika

299 1679 172 28 grenarna
489 1680 43 21 av
549 1669 356 37 underhållstjänsten
923 1669 105 36 enligt
1044 1669 154 30 nämnda
1218 1667 92 32 båda
1331 1668 182 31 alternativ
1532 1669 111 30 skulle
1661 1669 145 36 gestalta

301 1720 51 38 sig
371 1720 45 38 på
436 1720 155 38 följande
611 1722 76 29 sätt.

1065 1811 170 29 Årskostnad
1253 1817 48 22 vid
1322 1798 2 3 |
1346 1810 171 30 Årskostnad
1534 1817 48 23 vid
1602 1802 2 29 |

1059 1850 43 24 till
1119 1852 42 21 tre
1179 1850 132 23 anstalter
1373 1850 184 30 garnisonsvis
1602 1847 2 12 =.

644 1864 261 54 Verksamhetsgren
1049 1884 191 23 centraliserad
1252 1884 67 23 drift!
1373 1884 107 23 ordnad
1498 1884 67 24 drift

1134 1918 101 23 kronor
1415 1918 100 23 kronor

518 2028 179 23 Vattentvätt.s.::s
711 2045 323 6 secs
911 2021 23 40 si
944 2021 25 40 öd
981 2021 56 40 nes
1143 2024 50 26 743
1202 2024 50 25 200
1399 2024 74 26 1028
1483 2024 49 26 180

520 2078 113 24 Kennisk.
650 2079 74 23 tväll
744 2095 290 7 ::::ssssdå.
898 2072 21 39 «3
927 2072 11 39 3
945 2072 8 39 3
964 2072 74 39 550
1144 2074 48 26 144
1202 2074 51 26 230
1425 2074 107 26 148190

519 2128 279 30 Textilreparationer
812 2146 222 6 ..............
1143 2125 49 26 349
1202 2124 50 26 340
1424 2124 47 26 677
1482 2124 49 26 250

520 2178 241 31 Skoreparationer'
778 2196 256 6 s:«sjssjss
892 2172 27 41 ss
928 2172 24 41 ss
961 2196 73 6 sense
1144 2175 49 26 523
1202 2175 51 26 850
1400 2176 11 24 1
1423 2175 49 25 024
1482 2175 50 25 210

919 2236 113 24 Summa
1118 2234 15 26 1
1145 2234 48 26 760
1201 2233 51 26 620
1397 2233 17 26 2
1423 2233 47 27 877
1481 2233 51 26 830

350 2307 74 31 Den
448 2307 108 37 årliga
583 2307 228 38 besparingen
840 2307 58 30 vid
923 2317 42 21 en
990 2307 71 31 helt
1085 2306 206 37 genomförd
1316 2306 258 38 centralisering
1598 2306 51 30 till
1675 2305 128 31 omför-

300 2357 117 31 mälda
440 2361 50 27 tre
510 2359 297 30 centralanstalter
827 2358 65 30 har
913 2357 131 31 således
1066 2357 186 31 beräknats
1276 2357 49 30 till
1346 2356 159 37 omkring
1529 2358 15 28 1
1563 2357 61 30 115
1638 2356 65 31 000
1726 2356 78 29 kro-

298 2417 67 21 nor
385 2407 58 31 vid
465 2407 200 38 jämförelse
689 2408 80 31 med
791 2407 293 32 årskostnaderna
1106 2407 58 31 vid
1185 2407 235 37 garnisonsvis
1445 2407 203 38 genomförd
1672 2407 131 30 centra-

300 2458 148 37 lisering.
