1896 2810
600 179 228 29 Statsutskottets
852 179 145 34 utlåtande
1019 181 48 27 Nr
1089 177 71 33 133.
1590 180 40 30 20

799 484 62 40 Nr
892 484 85 40 133.

527 595 125 27 Ankom
676 595 49 27 till
749 595 187 36 riksdagens
964 594 103 28 kansli
1092 596 60 27 den
1177 596 39 27 20
1240 596 62 36 maj
1330 596 77 27 1927
1431 596 41 27 kl.
1497 596 17 27 3
1538 605 25 19 e.
1588 606 41 18 m.

448 686 191 36 Utlåtande
678 686 14 35 i
720 686 195 49 anledning
944 699 44 22 av
1015 687 135 47 Kungl.
1180 688 127 47 Maj:ts
1326 687 226 47 proposition
1576 688 55 35 till

544 738 190 47 riksdagen
763 738 183 48 angdende
974 738 127 49 anslag
1131 738 54 36 till
1197 738 207 49 fattigvård
1423 739 61 36 och
1499 739 130 35 barna-

544 790 91 36 värd
655 790 64 47 för
747 790 142 48 lappar.

1391 845 69 41 (3:e
1487 845 90 43 avd.)

183 940 62 32 Uti
273 940 66 32 den
368 940 52 31 till
448 940 181 41 riksdagen
658 940 66 31 den
753 942 21 29 4
801 940 134 42 januari
967 941 92 31 1927
1091 941 134 31 avlåtna
1243 941 259 41 propositionen
1523 939 51 42 (nr
1598 940 30 42 1)

131 992 175 41 angående
335 992 223 31 statsverkets
588 991 154 32 tillstånd
771 992 63 31 och
862 992 112 32 behov
1001 993 52 30 för
1079 992 202 42 budgetåret
1300 993 247 31 1927—1928
1569 994 61 30 har

131 1044 127 41 Kungl.
288 1043 101 41 Maj:t
416 1043 109 32 under
551 1044 103 31 femte
682 1043 217 32 huvudtiteln
930 1041 121 44 (punkt
1080 1042 59 44 32)
1167 1044 176 42 föreslagit
1369 1044 178 42 riksdagen
1568 1047 59 36 att,

130 1096 11 31 i
170 1095 146 32 avbidan
352 1097 45 40 på
433 1096 66 31 den
535 1096 228 41 proposition,
802 1107 74 21 som
912 1096 114 32 kunde
1062 1096 136 32 komma
1233 1099 50 29 att
1309 1097 127 31 avlåtas
1464 1097 11 31 i
1503 1099 123 36 ämnet,

133 1147 109 32 under
280 1147 226 42 avdelningen
543 1148 126 31 sociala
696 1148 81 31 verk
805 1148 63 31 och
896 1148 234 42 inrättningar,
1161 1148 331 42 underavdelningen
1521 1149 109 42 fattig-

130 1199 82 31 vård
249 1199 64 32 och
351 1199 199 38 barnavård,
589 1199 53 32 till
678 1200 182 41 fattigvård
891 1200 53 31 för
970 1200 120 41 lappar
1116 1200 150 32 beräkna
1293 1202 48 30 ett
1369 1200 168 32 ordinarie
1565 1202 63 31 för-

131 1251 213 42 slagsanslag
371 1262 40 20 av
446 1252 156 37 100,000
631 1251 136 32 kronor.

184 1303 201 32 Sedermera
412 1303 61 32 har
499 1303 110 32 Eders
638 1304 126 42 Kungl.
795 1304 101 41 Maj:t
927 1304 11 31 i
967 1315 41 21 en
1036 1304 52 31 till
1116 1304 180 42 riksdagen
1324 1304 131 32 avlåten
1475 1305 153 42 proposi-

131 1355 84 39 tion,
253 1367 41 20 nr
334 1355 82 39 108,
456 1355 108 32 under
591 1355 217 43 åberopande
837 1367 39 20 av
905 1356 106 42 bilagt
1039 1357 121 41 utdrag
1187 1367 39 21 av
1255 1357 374 41 statsrådsprotokollet

131 1409 80 30 över
239 1407 256 32 socialärenden
522 1408 52 31 för
602 1419 128 20 samma
758 1408 66 42 dag
849 1408 175 42 föreslagit
1050 1408 181 42 riksdagen
1260 1411 50 29 att

182 1459 70 32 dels
280 1459 108 31 under
415 1459 102 31 femte
545 1459 229 39 huvudtiteln,
804 1460 225 41 avdelningen
1058 1460 126 31 sociala
1211 1461 80 31 verk
1310 1460 63 32 och
1391 1460 236 42 inrättningar,

130 1510 336 42 underavdelningen
493 1511 182 41 fattigvård
703 1512 63 31 och
793 1511 200 39 barnavård,
1022 1512 53 31 till
1094 1512 181 41 fattigvård
1294 1513 63 30 och
1376 1512 187 31 barnavård
1577 1514 53 30 för

129 1562 131 41 lappar,
290 1564 50 29 att
367 1562 173 32 användas
568 1563 11 30 i
607 1563 228 41 huvudsaklig
854 1564 339 31 överensstämmelse
1213 1564 77 31 med
1309 1575 39 20 av
1363 1564 265 41 departements-

130 1614 119 31 chefen
291 1613 145 42 angivna
472 1614 157 41 grunder,
659 1615 146 41 uppföra
834 1617 48 29 ett
910 1615 168 31 ordinarie
1106 1615 265 42 förslagsanslag
1396 1626 40 21 av
1468 1617 160 37 100,000

129 1665 140 39 kronor;

181 1718 69 32 dels
278 1717 55 32 ock
361 1717 166 42 medgiva,
557 1720 50 29 att
632 1718 88 41 jord,
751 1729 74 20 som
854 1720 70 30 står
952 1719 108 31 under
1078 1719 149 31 kronans
1248 1719 215 32 omedelbara
1482 1720 146 41 disposi-

129 1769 73 32 tion
239 1769 83 32 eller
359 1780 73 21 som
464 1769 117 32 tillhör
616 1771 112 41 någon
760 1781 41 21 av
829 1770 42 32 de
899 1770 108 32 under
1034 1771 87 31 bruk
1149 1771 64 31 och
1241 1771 161 42 bergverk
1430 1772 52 31 för
1509 1772 119 41 nödigt

130 1822 184 42 skogsfång
342 1822 166 42 upplåtna
536 1822 247 42 allmänningar
811 1823 82 31 eller
920 1825 112 40 någon
1052 1835 40 19 av
1111 1823 42 32 de
1172 1834 123 31 genom
1315 1824 313 42 domänstyrelsens

127 1874 134 41 försorg
297 1874 263 31 utarrenderade
596 1874 326 42 kronoegendomar,
960 1875 90 31 vilka
1085 1875 74 31 icke
1193 1876 166 41 upplåtits
1387 1876 53 31 till
1467 1876 160 32 förenade

127 1926 521 41 mötespassevolanskassornas
685 1926 94 38 fond,
815 1927 204 31 stuterierna
1046 1927 83 31 eller
1156 1927 174 31 Vadstena
1356 1927 270 42 krigsmanshus-

127 1977 94 38 fond,
261 1979 64 37 må,
361 1978 85 31 efter
474 1989 39 20 av
541 1978 126 41 Kungl.
699 1978 100 41 Maj:t
826 1978 11 31 i
865 1979 90 41 varje
984 1979 137 31 särskilt
1148 1979 59 31 fall
1235 1979 184 31 verkställd
1446 1980 179 41 prövning,

126 2031 83 30 utan
246 2029 148 32 särskild
431 2029 190 42 ersättning
657 2030 52 31 till
736 2030 129 31 kronan
894 2032 44 40 på
966 2030 41 32 de
1034 2031 123 31 villkor
1184 2031 10 31 i
1223 2031 119 42 övrigt,
1373 2031 125 42 Kungl.
1528 2032 99 41 Maj:t

127 2081 65 31 kan
220 2082 93 30 finna
341 2081 124 42 skäligt
492 2081 199 39 bestämma,
722 2082 160 41 upplåtas
902 2082 52 31 till
973 2083 160 31 kommun
1154 2083 52 31 för
1225 2083 218 32 anordnande
1461 2095 41 20 av
1520 2083 105 32 ålder-

126 2133 179 32 domshem
333 2134 52 31 för
412 2134 129 41 lappar.

177 2185 219 32 Beträffande
436 2185 226 41 utredningen
700 2186 11 31 i
748 2188 113 30 ämnet
897 2186 50 31 får
983 2186 168 32 utskottet
1187 2187 140 32 hänvisa
1356 2187 51 32 till
1435 2187 191 42 åberopade

126 2237 389 42 statsrådsprotokollet.

176 2340 77 32 Den
284 2340 45 32 25
360 2340 195 42 september
586 2341 96 31 1924
711 2341 62 31 har
799 2342 22 30 f.
852 2341 32 32 d.
914 2341 295 43 landshövdingen
1236 2342 113 32 Johan
1370 2343 121 31 Widén
1511 2345 113 29 såsom

125 2392 93 31 inom
248 2392 379 42 socialdepartementet
655 2393 168 31 tillkallad
859 2393 191 42 sakkunnig
1077 2394 125 41 avgivit
1229 2394 213 31 betänkande
1470 2395 77 31 med
1575 2397 49 29 ut-

124 2444 145 41 redning
305 2444 63 31 och
405 2445 128 40 förslag
568 2444 174 42 angående
779 2445 191 31 ordnandet
997 2457 40 19 av
1065 2446 224 41 fattigvården
1318 2446 103 31 bland
1448 2446 173 41 lapparna.

176 2489 90 40 Över
301 2495 163 43 förslaget
501 2496 85 32 hava
621 2496 183 42 yttranden
840 2497 143 41 avgivits
1012 2508 40 21 av
1080 2498 68 31 dels
1175 2497 282 43 länsstyrelserna
1484 2498 11 31 i
1523 2498 100 32 Norr-
