2215 2667
654 171 395 33 Konstitutionsutskottets
1074 173 161 32 utlåtande
1258 174 53 32 Nr
1333 175 51 31 34.
1755 177 16 31 7

218 249 143 38 ridiska
402 263 254 37 personernas
693 256 168 44 rösträtt,
891 253 46 36 då
966 266 47 23 en
1042 254 117 35 sådan
1188 259 169 44 rösträtt,
1387 255 145 36 hvilket
1559 256 112 36 äfven
1698 256 13 36 i
1738 269 79 24 mo-

219 302 127 38 tionen
379 308 232 41 omnämnes,
639 304 83 37 icke
751 304 252 38 förekommer
1030 306 13 36 i
1072 306 45 37 de
1145 305 108 39 flesta
1282 307 116 37 andra
1425 308 142 48 länder,
1597 309 71 37 och
1697 309 47 37 då
1773 309 45 38 de

219 356 99 36 olika
346 356 371 50 samfälligheternas
745 357 189 38 intressen
962 359 68 36 hos
1059 372 60 23 oss
1147 358 136 38 liksom
1313 361 247 36 annorstädes
1588 362 12 35 i
1629 362 71 36 alla
1724 363 93 36 hän-

219 408 124 37 delser
384 408 151 37 komme
578 414 53 31 att
672 410 200 49 tillbörligt
912 411 164 37 bevakas
1117 412 42 35 af
1198 412 44 36 de
1271 426 191 35 personer,
1491 426 80 23 som
1599 414 12 36 i
1640 414 84 37 dem
1752 421 65 30 äro

219 460 176 49 delägare
436 461 92 36 eller
568 462 85 52 med
687 461 84 37 dem
800 467 63 31 äro
891 466 48 45 på
967 469 113 30 annat
1109 469 74 31 sätt
1212 464 222 48 förbundna,
1463 466 82 36 med
1578 466 127 37 dessas
1732 480 85 37 per-

218 513 152 48 sonliga
397 518 131 32 röster.
583 516 59 34 An
673 514 149 37 mindre
850 515 119 37 skulle
999 521 53 31 ett
1080 516 134 36 sådant
1241 517 269 50 upphäfvande
1537 518 119 37 rubba
1683 519 134 37 Första

219 565 240 37 kammarens
502 566 155 37 afsedda
697 567 176 36 karaktär
915 568 41 36 af
993 581 46 23 en
1079 571 299 46 representation
1415 570 59 36 för
1502 570 45 36 de
1575 571 242 37 kommunala

219 617 221 49 intressena,
482 618 47 36 då
570 619 110 36 dessa
720 619 243 37 kommunala
1003 621 187 36 intressen
1228 622 244 49 naturligtvis
1500 628 114 43 göras
1641 623 176 49 gällande

219 682 139 36 genom
387 670 45 37 de
459 670 320 50 röstberättigade
808 672 276 50 medborgarne
1112 672 101 37 inom
1241 674 273 37 kommunerna
1540 675 77 37 lika
1645 677 61 35 väl
1734 689 81 24 som

219 735 138 36 genom
385 722 197 50 bolagen.»

348 774 197 39 Utskottet
571 776 122 37 finner
716 776 46 37 de
788 776 93 49 skäl,
903 790 80 24 som
1003 778 41 36 af
1060 777 169 50 fjolårets
1248 784 236 32 reservanter
1501 779 127 38 blifvit
1647 781 168 49 anförda,

219 828 233 36 fortfarande
494 833 74 45 äga
606 828 68 37 full
701 830 182 48 giltighet
912 830 69 36 och
1009 831 67 35 har
1104 830 126 37 därför
1257 832 127 35 funnit
1411 832 61 49 sig
1500 832 91 37 böra
1619 833 197 37 hemställa

219 893 60 23 om
321 880 200 37 skrifvelse
561 880 58 37 till
652 881 141 49 Kungl.
822 882 108 50 Maj:t
957 883 12 35 i
997 883 98 49 syfte
1123 889 55 31 att
1206 883 134 50 bolags
1369 885 69 35 och
1466 885 116 36 andra
1610 886 205 48 samfällig-

218 932 124 37 heters
371 938 155 31 rösträtt
553 933 224 50 upphäfves.

349 1037 18 36 I
391 1038 182 36 samband
602 1039 84 36 med
713 1039 72 36 den
804 1040 130 48 kungl.
955 1041 283 48 propositionen
1258 1054 61 23 om
1339 1041 163 49 ändring
1522 1042 40 36 af
1582 1042 231 37 kommunal-

218 1090 321 48 författningarna
567 1090 63 37 vid
657 1092 95 35 1907
784 1094 59 34 års
870 1092 154 48 riksdag
1051 1093 249 36 framställdes
1329 1094 221 36 motionsvis
1582 1095 143 47 förslag
1753 1108 60 24 om

218 1141 213 37 beredande
474 1143 40 35 af
552 1142 197 37 valbarhet
789 1143 58 37 för
887 1144 143 37 kvinna
1071 1145 55 36 till
1167 1145 314 48 landstingsman.
1537 1145 192 38 Bärskilda
1756 1153 57 31 ut-

218 1194 143 36 skottet
389 1194 92 36 fann
510 1195 61 48 sig
597 1195 208 37 emellertid
833 1196 82 36 icke
943 1196 58 36 för
1028 1198 234 36 närvarande
1289 1197 92 37 böra
1404 1198 206 49 tillstyrkta
1630 1199 183 49 förslaget

218 1246 143 37 härom.
416 1247 151 36 Jämväl
607 1247 64 37 vid
714 1248 150 36 förlidet
905 1251 59 34 års
1005 1249 156 49 riksdag
1200 1250 251 36 framställdes
1482 1251 143 49 förslag
1652 1251 11 36 i
1693 1252 122 49 dylikt

219 1299 112 48 syfte,
361 1312 88 23 men
478 1298 82 37 blef
584 1298 209 38 detsamma
822 1300 40 36 af
886 1300 460 38 konstitutionsutskottet
1373 1302 175 49 afstyrkt.

347 1350 110 37 Efter
490 1352 205 36 utskottets
723 1352 247 50 uppfattning
996 1353 121 37 finnes
1145 1354 96 36 intet
1268 1354 162 37 hållbart
1458 1354 81 37 skäl
1567 1355 59 36 för
1652 1360 55 32 att
1734 1362 80 31 ute-

218 1407 138 45 stänga
398 1403 212 37 kvinnorna
652 1404 82 36 från
774 1404 197 37 valbarhet
1012 1406 57 36 till
1106 1406 253 48 landstingen,
1389 1407 208 36 allraminst
1625 1409 115 36 sedan
1769 1409 45 36 de

218 1468 138 36 genom
389 1457 96 35 1907
507 1459 59 33 års
598 1457 138 36 reform
764 1456 124 37 blifvit
915 1457 153 37 valbara
1095 1459 57 35 till
1181 1459 44 36 de
1253 1459 84 36 med
1365 1459 242 49 landstingen
1634 1461 12 35 i
1675 1463 139 47 många

219 1507 205 38 afseenden
460 1508 246 49 jämnställda
739 1509 683 51 stadsfullmäktigekorporationerna
1454 1512 69 36 och
1543 1513 142 37 således
1701 1514 112 36 äfven

219 1560 56 36 till
317 1561 141 36 sådana
499 1574 80 23 som
608 1562 12 35 i
648 1561 118 36 likhet
807 1562 86 36 med
933 1562 240 50 landstingen
1218 1563 114 37 hafva
1375 1569 53 31 att
1459 1570 82 31 utse
1569 1565 245 37 ledamöter
1793 1556 24 60 i

218 1611 239 50 Riksdagens
498 1613 137 36 Första
666 1614 201 36 kammare.
923 1614 195 38 Utskottet
1146 1616 67 35 har
1241 1616 129 36 därför
1400 1616 125 36 funnit
1554 1616 60 49 sig
1641 1617 91 37 böra
1760 1618 54 36 bi-

219 1664 107 36 träda
353 1665 295 37 motionärernas
676 1665 143 49 förslag
846 1666 12 36 i
887 1666 103 37 detta
1018 1667 188 37 afseende.

351 1768 132 38 Håsom
525 1770 42 36 af
603 1770 280 37 motionärerna
915 1772 158 37 erinrats
1104 1787 65 22 var
1198 1773 133 48 frågan
1360 1787 60 22 om
1449 1774 298 37 tillerkännande
1777 1776 40 35 af

220 1821 331 47 dagtraktamente
581 1825 38 33 åt
646 1822 304 49 landstingsman
981 1830 126 31 senast
1134 1827 41 34 år
1203 1827 96 34 1911
1322 1826 156 36 föremål
1496 1826 59 36 för
1574 1827 238 49 Riksdagens

219 1873 194 49 pröfning.
469 1874 468 38 Konstitutionsutskottet
977 1877 204 49 tillstyrkte
1223 1877 46 37 då
1310 1883 54 31 ett
1405 1878 225 37 framställdt
1670 1880 144 48 förslag

221 1925 143 47 härom,
406 1939 87 23 men
535 1926 127 36 förföll
702 1927 135 49 frågan
877 1931 48 45 på
966 1929 125 48 grund
1121 1929 40 36 af
1185 1929 217 38 kamrarnes
1432 1931 217 49 skiljaktiga
1677 1931 133 37 beslut.

353 1978 13 35 I
395 1978 64 36 sitt
499 1979 192 36 utlåtande
719 1979 11 35 i
758 1980 205 49 anledning
1001 1981 41 36 af
1066 1981 290 49 ifrågavarande
1384 1982 144 50 förslag
1555 1984 155 36 anförde
1739 1984 74 36 för-

219 2030 94 35 lidet
342 2032 58 34 års
429 2031 156 47 utskott,
614 2031 96 36 efter
738 2037 54 30 att
819 2032 114 36 hafva
961 2034 139 35 erinrat
1129 2039 55 31 att
1212 2034 143 48 förslag
1381 2035 12 35 i
1414 2035 121 49 dylikt
1563 2037 99 47 syfte
1683 2036 131 36 dittills

219 2082 42 35 af
285 2082 281 37 vederbörande
595 2083 144 36 utskott
759 2083 126 37 blifvit
905 2085 186 49 afstyrkta
1109 2085 120 37 under
1247 2087 229 49 hänvisning
1496 2087 54 36 till
1572 2093 53 31 att
1645 2088 45 36 de
1713 2088 101 36 kom-

220 2134 153 36 munala
396 2135 223 50 uppdragen
639 2137 123 35 såsom
785 2136 362 51 förtroendesysslor
1166 2138 90 37 böra
1280 2139 178 48 fullgöras
1479 2145 91 31 ntan
1590 2141 223 49 ersättning,

219 2186 183 50 följande:

349 2239 38 37 »I
414 2239 120 37 likhet
575 2240 83 37 med
699 2240 99 37 hvad
828 2241 85 36 herr
942 2242 120 37 Staaff
1087 2257 47 22 m.
1164 2243 35 36 fl.
1230 2244 11 35 i
1270 2243 56 37 sin
1358 2244 140 36 motion
1529 2245 135 47 anfört,
1694 2246 120 35 finner

220 2291 205 37 emellertid
453 2291 196 49 utskottet,
679 2298 54 30 att
760 2293 196 50 principen
985 2307 60 24 om
1074 2295 195 37 oaflönade
1299 2296 389 50 förtroendeuppdrag
1712 2301 101 33 svår-

1840 1053 119 24 Kvinnas
1976 1055 54 23 val-

1863 1089 88 23 barhet
1970 1090 39 23 till

1859 1124 155 32 landstings-

1900 1168 69 17 man.

1857 1794 158 31 Dagtrakta-

1869 1832 82 21 mente
1972 1830 26 23 åt

1859 1865 155 32 landstings-

1901 1910 68 15 man.
