2212 2622
415 159 38 30 16
887 155 92 30 första
1003 153 207 41 lagutskottets
1234 153 162 31 utlåtande
1422 153 52 31 Nr
1495 153 55 31 33.

371 249 154 35 nämnd.
582 246 207 44 Samtidigt
817 246 70 33 har
915 245 207 34 emellertid
1151 243 498 44 sakkunnigeberedningen
1668 241 49 44 på
1737 240 161 35 anförda
1918 242 82 34 skäl

371 300 185 34 förklarat
597 298 58 42 sig
687 296 34 44 ej
752 297 130 33 kunna
910 295 153 34 förorda
1090 294 316 44 genomförandet
1435 304 48 23 av
1511 305 46 22 en
1586 294 141 33 allmän
1755 292 245 34 besvärsrätt.

158 345 198 61 maten.
507 348 246 35 Beträffande
772 346 136 44 frågan
930 357 60 23 om
1010 345 96 35 ökad
1126 345 200 43 möjlighet
1345 347 57 32 att
1422 343 203 43 överklaga
1644 342 278 44 hyresnämnds
1938 342 62 33 be-

372 401 76 33 slut
476 398 215 35 förklarade
720 399 58 42 sig
797 395 418 45 departementschefen
1237 396 84 34 dela
1342 395 73 35 den
1435 406 48 23 av
1503 392 497 44 sakkunnigeberedningen

372 450 171 34 uttalade
558 449 310 44 uppfattningen,
885 450 57 31 att
957 447 63 34 det
1035 458 47 22 av
1096 446 197 43 praktiska
1308 446 82 34 skäl
1406 445 229 43 näppeligen
1650 454 89 23 vore
1755 443 176 42 lämpligt
1946 445 56 31 att

370 500 222 44 genomföra
620 511 46 23 en
695 499 141 34 allmän
857 498 241 41 besvärsrätt,
1120 499 100 31 samt
1242 495 151 44 yttrade
1413 496 147 33 vidare:
1591 495 184 33 »Bortsett
1793 492 86 35 från
1901 493 101 34 kost-

371 551 235 43 nadsfrågan
622 561 113 32 synes
751 549 78 42 mig
843 548 194 43 nämligen
1053 559 45 22 en
1115 547 120 34 sådan
1251 546 218 42 anordning
1483 556 92 22 vara
1588 545 125 43 ägnad
1730 547 56 32 att
1797 544 100 43 ihög
1907 542 94 45 grad

372 603 168 41 betunga
568 600 105 35 såväl
701 598 256 45 hyresvärdar
985 610 79 22 som
1093 598 254 43 hyresgäster,
1372 595 192 43 varjämte
1585 595 86 41 den,
1693 594 123 34 såsom
1837 595 165 33 sakkun-

372 651 346 45 nigeberedningen
752 652 138 40 antytt,
920 649 59 34 för
1006 648 146 34 mindre
1180 646 223 36 bemedlade
1432 646 242 43 hyresgäster
1702 645 300 43 uppenbarligen

373 703 121 34 skulle
530 701 172 35 medföra
730 701 155 33 alldeles
914 699 187 35 särskilda
1129 698 245 43 svårigheter.
1430 697 87 34 Icke
1546 696 118 34 heller
1692 706 111 32 synes
1832 695 80 42 mig
1939 694 65 34 nå-

373 764 74 32 gon
476 752 147 44 verklig
651 752 102 33 vinst
779 751 131 34 kunna
939 753 135 31 väntas
1102 760 135 33 genom
1266 747 218 44 antagande
1513 758 48 22 av
1589 746 64 34 det
1681 757 47 22 av
1752 745 253 42 sakkunnige-

373 803 256 43 beredningen
672 801 223 34 utarbetade
936 800 182 43 förslaget
1155 800 57 34 till
1240 796 403 45 överhyresnämnder.
1698 790 108 39 Även
1836 807 61 22 om
1926 794 78 35 må-

373 853 128 35 hända
529 853 104 34 detta
661 852 143 43 förslag
831 854 112 41 utgör
971 851 72 34 den
1071 850 154 34 relativt
1253 852 96 31 mest
1377 848 185 43 lämpliga
1581 847 198 42 lösningen
1801 857 48 22 av
1867 845 137 43 frågan

373 916 60 22 om
462 903 278 44 överklagande
769 914 47 22 av
844 901 278 44 hyresnämnds
1151 901 134 41 beslut,
1314 899 109 35 torde
1453 898 94 34 dock
1577 897 171 34 däremot
1766 896 239 34 fortfarande

373 955 46 34 de
448 954 298 43 anmärkningar
773 956 72 40 äga
873 952 186 44 giltighet,
1088 951 103 34 vilka
1218 951 68 43 jag
1313 950 65 33 vid
1405 948 158 44 frågans
1591 947 234 42 behandling
1852 947 12 33 i
1893 949 113 31 stats-

373 1005 108 35 rådet
508 1005 73 34 den
613 1005 43 34 12
687 1015 101 23 mars
821 1003 94 35 1918
945 1002 157 35 anförde
1122 1004 79 32 mot
1225 1001 45 33 de
1290 1000 275 44 grundtankar,
1587 997 92 35 varå
1697 997 183 43 förslaget
1894 997 108 33 vilar.

373 1057 75 33 För
489 1056 45 33 de
577 1059 110 37 orter,
717 1055 68 33 där
821 1052 443 44 överhyresnämnderna
1293 1051 100 42 finge
1423 1051 66 32 sitt
1517 1052 92 38 säte,
1640 1048 119 34 skulle
1787 1051 54 30 ett
1869 1046 138 34 anord-

374 1106 125 35 nande
528 1117 48 23 av
603 1103 394 44 överhyresnämnder
1025 1102 191 34 sannolikt
1244 1104 171 31 närmast
1435 1100 172 33 medföra
1622 1110 46 22 en
1684 1098 190 42 sänkning
1894 1109 48 22 av
1962 1097 45 33 de

374 1158 126 43 gamla
541 1154 371 45 hyresnämndernas
953 1153 158 34 kvalitet
1152 1152 70 34 och
1250 1163 48 22 av
1325 1150 236 35 förtroendet
1588 1149 57 34 till
1674 1149 204 33 desamma.
1934 1147 75 34 För

375 1209 131 42 övriga
547 1209 100 32 orter
687 1205 81 35 åter
795 1205 122 34 skulle
946 1202 417 44 överhyresnämndens
1391 1200 195 35 bristande
1615 1198 213 35 kännedom
1858 1210 61 22 om
1948 1197 58 34 rå-

375 1258 125 35 dande
541 1257 126 35 lokala
707 1254 268 36 förhållanden
1017 1253 191 35 sannolikt
1248 1253 12 33 i
1288 1252 75 43 hög
1391 1251 95 43 grad
1513 1250 170 43 förringa
1712 1249 211 34 utsikterna
1951 1248 56 33 till

375 1313 57 31 att
473 1306 417 45 överhyresnämndens
922 1305 124 34 beslut
1072 1304 107 34 bleve
1213 1304 122 33 bättre
1363 1301 198 44 grundade
1590 1303 48 31 än
1667 1298 340 45 hyresnämndens.

376 1361 202 33 Dessutom
620 1361 42 30 är
702 1360 57 31 att
790 1356 142 42 märka,
963 1358 57 30 att
1046 1354 183 43 förslaget
1256 1353 81 34 icke
1365 1353 150 33 lämnar
1542 1351 127 43 någon
1697 1350 149 43 garanti
1874 1349 60 34 för
1962 1360 46 22 en

375 1410 59 35 för
462 1410 87 33 hela
575 1409 98 33 riket
701 1407 167 42 enhetlig
896 1406 243 42 tillämpning
1168 1416 48 22 av
1243 1404 124 42 lagen.
1421 1401 169 35 Härmed
1618 1401 68 34 vill
1713 1400 67 43 jag
1807 1400 80 33 icke
1908 1399 101 34 hava

377 1460 207 34 framställt
610 1458 126 43 någon
765 1456 255 42 anmärkning
1046 1458 78 31 mot
1152 1454 64 34 det
1243 1452 225 36 utarbetade
1488 1452 192 42 förslaget,
1702 1450 48 34 då
1770 1450 93 34 det
1850 1445 20 60 i
1884 1449 126 43 själva

378 1511 129 34 verket
546 1509 107 35 torde
695 1510 103 32 möta
838 1507 87 34 hart
965 1508 70 32 när
1067 1505 268 42 oöverstigliga
1364 1502 236 44 svårigheter
1627 1503 57 32 att
1711 1501 133 33 anvisa
1873 1511 46 23 en
1948 1510 62 32 ge-

379 1572 169 24 mensam
576 1560 136 43 högsta
739 1559 160 41 instans,
930 1568 81 22 som
1039 1555 125 35 kunde
1193 1558 71 40 äga
1292 1553 203 44 möjlighet
1522 1555 56 31 att
1603 1551 127 35 utföra
1755 1562 45 22 en
1819 1550 192 43 prövning

378 1624 48 23 av
455 1611 138 35 sådant
620 1610 83 42 slag
731 1609 69 34 och
828 1620 48 22 av
905 1607 120 35 sådan
1055 1606 241 42 omfattning,
1327 1616 80 23 som
1437 1602 416 44 hyresstegringslagen
1888 1600 121 34 skulle

380 1661 227 36 föranleda.»

169 1708 116 60 Herrar
322 1706 45 61 te
516 1712 141 34 Herrar
700 1710 38 34 C.
774 1709 40 35 G.
845 1709 141 34 Ekman
1019 1708 68 33 och
1115 1706 244 34 Kvarngelius
1387 1708 100 31 samt
1513 1704 201 42 Bengtsson
1741 1702 12 33 i
1780 1702 131 42 Norup
1940 1701 70 33 och

167 1761 201 41 Kvarnzelius
395 1747 144 60 Jönsson
578 1763 12 32 i
630 1761 170 42 Revinge
841 1760 101 33 hava
983 1759 12 33 i
1036 1758 82 34 sina
1159 1757 186 33 motioner
1378 1755 204 41 hemställt,
1612 1756 57 31 att
1697 1764 45 23 en
1770 1751 243 35 besvärsord-

166 1809 98 60 konst
277 1810 93 65 Nosup
382 1815 93 42 ning
515 1812 117 35 måtte
673 1811 149 43 skapas,
851 1810 222 42 varigenom
1101 1808 46 33 de
1175 1806 49 44 på
1252 1806 105 35 detta
1386 1804 153 35 område
1568 1815 49 23 av
1645 1815 45 22 en
1719 1802 212 44 synnerligt
1960 1801 53 33 in-

193 1876 51 27 och
262 1876 85 26 Jöns-
382 1864 185 44 gripande
607 1861 243 45 lagstiftning
891 1859 87 35 hårt
1017 1858 158 35 berörda
1216 1856 116 35 måtte
1377 1857 118 33 vinna
1541 1854 193 44 garantier
1761 1853 58 34 för
1846 1855 57 31 att
1930 1851 81 34 icke

166 1920 33 59 ge
223 1918 26 52 m
247 1909 14 61 i
273 1909 98 61 Revinz
382 1917 101 32 orätt
510 1912 216 36 vederfares
755 1912 96 33 dem.

176 2008 194 75 Magnussons
517 2015 142 33 Herrar
681 2013 85 34 Carl
786 2013 223 42 Magnusson
1029 2011 69 33 och
1117 2007 199 36 Lithander
1335 2008 100 33 hava
1455 2007 11 33 i
1487 2006 82 34 sina
1589 2005 185 34 motioner
1788 2002 224 41 framhållit,

177 2079 50 26 och
241 2062 121 43 Lithan.
382 2069 55 32 att
478 2065 46 35 de
565 2064 128 35 funnit
726 2063 64 34 det
817 2062 370 42 anmärkningsvärt,
1217 2061 57 32 att
1301 2069 88 23 man
1418 2057 134 34 tvekar
1578 2055 125 34 införa
1730 2055 283 33 besvärsrätten

178 2113 64 26 ders
260 2112 133 38 motio-
387 2101 16 58 i
422 2116 73 34 den
523 2115 96 34 fulla
647 2113 274 42 utsträckning,
951 2123 80 23 som
1059 2122 130 23 ensam
1218 2110 74 33 kan
1321 2111 90 41 göra
1440 2107 73 34 den
1542 2105 170 42 effektiv,
1742 2105 69 34 och
1839 2106 57 32 att
1925 2114 89 23 man

242 2155 57 17 2”:
382 2178 81 23 som
504 2166 132 34 ursäkt
677 2164 129 34 härför
846 2162 122 42 anför,
1011 2164 56 32 att
1107 2161 64 34 det
1211 2160 119 34 skulle
1358 2158 103 34 vålla
1489 2156 206 43 väsentligt
1722 2154 119 35 ökade
1869 2154 144 34 arbets-

383 2217 138 34 bördor
560 2216 71 34 och
671 2214 216 42 kostnader,
930 2215 99 32 samt
1069 2211 133 34 anföra
1242 2209 130 35 vidare
1400 2220 69 22 var
1496 2207 60 34 för
1583 2207 72 43 sig:
1686 2206 94 43 Mig
1807 2216 114 32 synes
1950 2204 64 34 det
