<?xml version="1.0" encoding="UTF-8"?>
<alto xmlns="http://www.loc.gov/standards/alto/ns-v3#" xmlns:xlink="http://www.w3.org/1999/xlink" xmlns:xsi="http://www.w3.org/2001/XMLSchema-instance" xsi:schemaLocation="http://www.loc.gov/standards/alto/ns-v3# http://www.loc.gov/alto/v3/alto-3-0.xsd">
	<Description>
		<MeasurementUnit>pixel</MeasurementUnit>
		<sourceImageInformation>
			<fileName>/tmp/tess_ky1qc2h6_input.PNG</fileName>
		</sourceImageInformation>
		<OCRProcessing ID="OCR_0">
			<ocrProcessingStep>
				<processingSoftware>
					<softwareName>tesseract 5.3.0</softwareName>
				</processingSoftware>
			</ocrProcessingStep>
		</OCRProcessing>
	</Description>
	<Layout>
		<Page WIDTH="2206" HEIGHT="2640" PHYSICAL_IMG_NR="0" ID="page_0">
			<PrintSpace HPOS="0" VPOS="0" WIDTH="2206" HEIGHT="2640">
				<ComposedBlock ID="cblock_0" HPOS="341" VPOS="212" WIDTH="1395" HEIGHT="48">
					<TextBlock ID="block_0" HPOS="341" VPOS="212" WIDTH="1395" HEIGHT="48">
						<TextLine ID="line_0" HPOS="341" VPOS="212" WIDTH="1395" HEIGHT="48">
							<String ID="string_0" HPOS="341" VPOS="224" WIDTH="122" HEIGHT="33" WC="0.96" CONTENT="Första"/><SP WIDTH="26" VPOS="224" HPOS="463"/>
							<String ID="string_1" HPOS="489" VPOS="223" WIDTH="222" HEIGHT="32" WC="0.96" CONTENT="Kammarens"/><SP WIDTH="28" VPOS="223" HPOS="711"/>
							<String ID="string_2" HPOS="739" VPOS="220" WIDTH="188" HEIGHT="40" WC="0.93" CONTENT="Tillfälliga"/><SP WIDTH="33" VPOS="220" HPOS="927"/>
							<String ID="string_3" HPOS="960" VPOS="218" WIDTH="143" HEIGHT="34" WC="0.92" CONTENT="Utskotts"/><SP WIDTH="27" VPOS="218" HPOS="1103"/>
							<String ID="string_4" HPOS="1130" VPOS="216" WIDTH="84" HEIGHT="41" WC="0.96" CONTENT="(N:o"/><SP WIDTH="27" VPOS="216" HPOS="1214"/>
							<String ID="string_5" HPOS="1241" VPOS="215" WIDTH="37" HEIGHT="41" WC="0.95" CONTENT="1)"/><SP WIDTH="35" VPOS="215" HPOS="1278"/>
							<String ID="string_6" HPOS="1313" VPOS="214" WIDTH="175" HEIGHT="35" WC="0.95" CONTENT="Utlåtande"/><SP WIDTH="26" VPOS="214" HPOS="1488"/>
							<String ID="string_7" HPOS="1514" VPOS="213" WIDTH="65" HEIGHT="33" WC="0.96" CONTENT="N:o"/><SP WIDTH="30" VPOS="213" HPOS="1579"/>
							<String ID="string_8" HPOS="1609" VPOS="215" WIDTH="28" HEIGHT="29" WC="0.95" CONTENT="9."/><SP WIDTH="79" VPOS="215" HPOS="1637"/>
							<String ID="string_9" HPOS="1716" VPOS="212" WIDTH="20" HEIGHT="31" WC="0.82" CONTENT="3"/>
						</TextLine>
					</TextBlock>
				</ComposedBlock>
				<ComposedBlock ID="cblock_1" HPOS="200" VPOS="290" WIDTH="1591" HEIGHT="28">
					<TextBlock ID="block_1" HPOS="200" VPOS="290" WIDTH="1591" HEIGHT="28">
						<TextLine ID="line_1" HPOS="200" VPOS="290" WIDTH="1591" HEIGHT="28">
							<String ID="string_10" HPOS="196" VPOS="281" WIDTH="118" HEIGHT="41" WC="0.0" CONTENT="——"/><SP WIDTH="33" VPOS="281" HPOS="314"/>
							<String ID="string_11" HPOS="347" VPOS="281" WIDTH="31" HEIGHT="41" WC="0.0" CONTENT="24"/><SP WIDTH="-178" VPOS="281" HPOS="378"/>
							<String ID="string_12" HPOS="200" VPOS="290" WIDTH="1591" HEIGHT="28" WC="0.12" CONTENT="72=—————2=&quot;00——=2e===========&gt;==================&quot;=======&gt;==—"/><SP WIDTH="-348" VPOS="290" HPOS="1791"/>
							<String ID="string_13" HPOS="1443" VPOS="281" WIDTH="30" HEIGHT="41" WC="0.0" CONTENT="="/><SP WIDTH="1" VPOS="281" HPOS="1473"/>
							<String ID="string_14" HPOS="1474" VPOS="281" WIDTH="173" HEIGHT="41" WC="0.0" CONTENT="&quot;=&quot;=&quot;0====&quot;=====—"/><SP WIDTH="35" VPOS="281" HPOS="1647"/>
							<String ID="string_15" HPOS="1682" VPOS="281" WIDTH="113" HEIGHT="41" WC="0.57" CONTENT="===&quot;"/>
						</TextLine>
					</TextBlock>
				</ComposedBlock>
				<GraphicalElement ID="cblock_2" HPOS="209" VPOS="301" WIDTH="1559" HEIGHT="17"></GraphicalElement >
				<GraphicalElement ID="cblock_3" HPOS="1213" VPOS="403" WIDTH="499" HEIGHT="6"></GraphicalElement >
				<GraphicalElement ID="cblock_4" HPOS="1213" VPOS="487" WIDTH="570" HEIGHT="8"></GraphicalElement >
				<GraphicalElement ID="cblock_5" HPOS="1214" VPOS="564" WIDTH="570" HEIGHT="11"></GraphicalElement >
				<GraphicalElement ID="cblock_6" HPOS="1643" VPOS="494" WIDTH="5" HEIGHT="466"></GraphicalElement >
				<GraphicalElement ID="cblock_7" HPOS="1206" VPOS="329" WIDTH="7" HEIGHT="640"></GraphicalElement >
				<GraphicalElement ID="cblock_8" HPOS="1496" VPOS="380" WIDTH="6" HEIGHT="586"></GraphicalElement >
				<ComposedBlock ID="cblock_9" HPOS="230" VPOS="305" WIDTH="1564" HEIGHT="667">
					<TextBlock ID="block_2" HPOS="230" VPOS="305" WIDTH="1564" HEIGHT="667">
						<TextLine ID="line_2" HPOS="1542" VPOS="324" WIDTH="70" HEIGHT="26">
							<String ID="string_16" HPOS="1542" VPOS="324" WIDTH="70" HEIGHT="26" WC="0.89" CONTENT="Mjel"/>
						</TextLine>
						<TextLine ID="line_3" HPOS="1262" VPOS="305" WIDTH="480" HEIGHT="75">
							<String ID="string_17" HPOS="1262" VPOS="339" WIDTH="183" HEIGHT="41" WC="0.91" CONTENT="Mjeltbrand."/><SP WIDTH="40" VPOS="339" HPOS="1445"/>
							<String ID="string_18" HPOS="1485" VPOS="305" WIDTH="14" HEIGHT="75" WC="0.43" CONTENT="|"/><SP WIDTH="73" VPOS="305" HPOS="1499"/>
							<String ID="string_19" HPOS="1572" VPOS="324" WIDTH="170" HEIGHT="32" WC="0.90" CONTENT="jeltbrands-"/>
						</TextLine>
						<TextLine ID="line_4" HPOS="1570" VPOS="359" WIDTH="147" HEIGHT="32">
							<String ID="string_20" HPOS="1570" VPOS="359" WIDTH="147" HEIGHT="32" WC="0.92" CONTENT="emfysem."/>
						</TextLine>
						<TextLine ID="line_5" HPOS="1297" VPOS="440" WIDTH="405" HEIGHT="24">
							<String ID="string_21" HPOS="1297" VPOS="443" WIDTH="115" HEIGHT="21" WC="0.95" CONTENT="Antal"/><SP WIDTH="175" VPOS="443" HPOS="1412"/>
							<String ID="string_22" HPOS="1587" VPOS="440" WIDTH="115" HEIGHT="21" WC="0.96" CONTENT="Antal"/>
						</TextLine>
						<TextLine ID="line_6" HPOS="1256" VPOS="512" WIDTH="490" HEIGHT="43">
							<String ID="string_23" HPOS="1256" VPOS="522" WIDTH="51" HEIGHT="20" WC="0.82" CONTENT="län."/><SP WIDTH="46" VPOS="522" HPOS="1307"/>
							<String ID="string_24" HPOS="1353" VPOS="553" WIDTH="2" HEIGHT="2" WC="0.75" CONTENT="|"/><SP WIDTH="42" VPOS="553" HPOS="1355"/>
							<String ID="string_25" HPOS="1397" VPOS="512" WIDTH="58" HEIGHT="38" WC="0.95" CONTENT="fall."/><SP WIDTH="90" VPOS="512" HPOS="1455"/>
							<String ID="string_26" HPOS="1545" VPOS="519" WIDTH="52" HEIGHT="20" WC="0.96" CONTENT="län."/><SP WIDTH="90" VPOS="519" HPOS="1597"/>
							<String ID="string_27" HPOS="1687" VPOS="513" WIDTH="59" HEIGHT="25" WC="0.85" CONTENT="fall."/>
						</TextLine>
						<TextLine ID="line_7" HPOS="230" VPOS="623" WIDTH="1521" HEIGHT="41">
							<String ID="string_28" HPOS="230" VPOS="633" WIDTH="39" HEIGHT="31" WC="0.62" CONTENT="År,"/><SP WIDTH="21" VPOS="633" HPOS="269"/>
							<String ID="string_29" HPOS="290" VPOS="640" WIDTH="65" HEIGHT="23" WC="0.65" CONTENT="1800)"/><SP WIDTH="17" VPOS="640" HPOS="355"/>
							<String ID="string_30" HPOS="372" VPOS="654" WIDTH="622" HEIGHT="9" WC="0.0" CONTENT="mysonerousmunsädens"/><SP WIDTH="-407" VPOS="654" HPOS="994"/>
							<String ID="string_31" HPOS="587" VPOS="626" WIDTH="54" HEIGHT="47" WC="0.14" CONTENT="ast"/><SP WIDTH="10" VPOS="626" HPOS="641"/>
							<String ID="string_32" HPOS="651" VPOS="626" WIDTH="60" HEIGHT="47" WC="0.0" CONTENT="Örn"/><SP WIDTH="20" VPOS="626" HPOS="711"/>
							<String ID="string_33" HPOS="731" VPOS="626" WIDTH="104" HEIGHT="47" WC="0.0" CONTENT="ANN"/><SP WIDTH="49" VPOS="626" HPOS="835"/>
							<String ID="string_34" HPOS="884" VPOS="626" WIDTH="71" HEIGHT="47" WC="0.0" CONTENT="Nnsen"/><SP WIDTH="60" VPOS="626" HPOS="955"/>
							<String ID="string_35" HPOS="1015" VPOS="656" WIDTH="70" HEIGHT="2" WC="0.8" CONTENT="een"/><SP WIDTH="40" VPOS="656" HPOS="1085"/>
							<String ID="string_36" HPOS="1125" VPOS="651" WIDTH="75" HEIGHT="5" WC="0.0" CONTENT="semarh"/><SP WIDTH="83" VPOS="651" HPOS="1200"/>
							<String ID="string_37" HPOS="1283" VPOS="627" WIDTH="32" HEIGHT="27" WC="0.96" CONTENT="15"/><SP WIDTH="111" VPOS="627" HPOS="1315"/>
							<String ID="string_38" HPOS="1426" VPOS="625" WIDTH="33" HEIGHT="27" WC="0.96" CONTENT="81"/><SP WIDTH="131" VPOS="625" HPOS="1459"/>
							<String ID="string_39" HPOS="1590" VPOS="625" WIDTH="16" HEIGHT="26" WC="0.96" CONTENT="6"/><SP WIDTH="111" VPOS="625" HPOS="1606"/>
							<String ID="string_40" HPOS="1717" VPOS="623" WIDTH="34" HEIGHT="27" WC="0.96" CONTENT="36"/>
						</TextLine>
						<TextLine ID="line_8" HPOS="244" VPOS="675" WIDTH="1508" HEIGHT="40">
							<String ID="string_41" HPOS="244" VPOS="700" WIDTH="10" HEIGHT="12" WC="0.31" CONTENT="sn"/><SP WIDTH="36" VPOS="700" HPOS="254"/>
							<String ID="string_42" HPOS="290" VPOS="691" WIDTH="63" HEIGHT="24" WC="0.40" CONTENT="[BULL"/><SP WIDTH="20" VPOS="691" HPOS="353"/>
							<String ID="string_43" HPOS="373" VPOS="709" WIDTH="61" HEIGHT="5" WC="0.0" CONTENT="orre"/><SP WIDTH="15" VPOS="709" HPOS="434"/>
							<String ID="string_44" HPOS="449" VPOS="709" WIDTH="53" HEIGHT="4" WC="0.0" CONTENT="dess"/><SP WIDTH="20" VPOS="709" HPOS="502"/>
							<String ID="string_45" HPOS="522" VPOS="708" WIDTH="59" HEIGHT="4" WC="0.19" CONTENT="väsen"/><SP WIDTH="22" VPOS="708" HPOS="581"/>
							<String ID="string_46" HPOS="603" VPOS="708" WIDTH="13" HEIGHT="4" WC="0.42" CONTENT="en"/><SP WIDTH="11" VPOS="708" HPOS="616"/>
							<String ID="string_47" HPOS="627" VPOS="706" WIDTH="35" HEIGHT="6" WC="0.0" CONTENT="HN"/><SP WIDTH="4" VPOS="706" HPOS="662"/>
							<String ID="string_48" HPOS="666" VPOS="682" WIDTH="54" HEIGHT="39" WC="0.0" CONTENT="reveterst"/><SP WIDTH="9" VPOS="682" HPOS="720"/>
							<String ID="string_49" HPOS="729" VPOS="682" WIDTH="36" HEIGHT="39" WC="0.22" CONTENT="Hacka"/><SP WIDTH="8" VPOS="682" HPOS="765"/>
							<String ID="string_50" HPOS="773" VPOS="682" WIDTH="108" HEIGHT="39" WC="0.0" CONTENT="nenenernsnen"/><SP WIDTH="6" VPOS="682" HPOS="881"/>
							<String ID="string_51" HPOS="887" VPOS="705" WIDTH="16" HEIGHT="5" WC="0.11" CONTENT="on"/><SP WIDTH="8" VPOS="705" HPOS="903"/>
							<String ID="string_52" HPOS="911" VPOS="682" WIDTH="15" HEIGHT="39" WC="0.15" CONTENT="Sin"/><SP WIDTH="9" VPOS="682" HPOS="926"/>
							<String ID="string_53" HPOS="935" VPOS="682" WIDTH="25" HEIGHT="39" WC="0.9" CONTENT="nose"/><SP WIDTH="9" VPOS="682" HPOS="960"/>
							<String ID="string_54" HPOS="969" VPOS="704" WIDTH="93" HEIGHT="5" WC="0.0" CONTENT="Rans"/><SP WIDTH="31" VPOS="704" HPOS="1062"/>
							<String ID="string_55" HPOS="1093" VPOS="704" WIDTH="4" HEIGHT="4" WC="0.0" CONTENT="e"/><SP WIDTH="3" VPOS="704" HPOS="1097"/>
							<String ID="string_56" HPOS="1100" VPOS="682" WIDTH="9" HEIGHT="39" WC="0.13" CONTENT="ge"/><SP WIDTH="13" VPOS="682" HPOS="1109"/>
							<String ID="string_57" HPOS="1122" VPOS="682" WIDTH="30" HEIGHT="39" WC="0.30" CONTENT="EE."/><SP WIDTH="10" VPOS="682" HPOS="1152"/>
							<String ID="string_58" HPOS="1162" VPOS="703" WIDTH="38" HEIGHT="4" WC="0.29" CONTENT="BERT"/><SP WIDTH="83" VPOS="703" HPOS="1200"/>
							<String ID="string_59" HPOS="1283" VPOS="678" WIDTH="33" HEIGHT="27" WC="0.96" CONTENT="14"/><SP WIDTH="112" VPOS="678" HPOS="1316"/>
							<String ID="string_60" HPOS="1428" VPOS="677" WIDTH="33" HEIGHT="27" WC="0.96" CONTENT="78"/><SP WIDTH="129" VPOS="677" HPOS="1461"/>
							<String ID="string_61" HPOS="1590" VPOS="676" WIDTH="15" HEIGHT="26" WC="0.95" CONTENT="7"/><SP WIDTH="113" VPOS="676" HPOS="1605"/>
							<String ID="string_62" HPOS="1718" VPOS="675" WIDTH="34" HEIGHT="26" WC="0.96" CONTENT="30"/>
						</TextLine>
						<TextLine ID="line_9" HPOS="245" VPOS="725" WIDTH="1506" HEIGHT="41">
							<String ID="string_63" HPOS="245" VPOS="751" WIDTH="9" HEIGHT="12" WC="0.22" CONTENT="&gt;"/><SP WIDTH="35" VPOS="751" HPOS="254"/>
							<String ID="string_64" HPOS="289" VPOS="743" WIDTH="65" HEIGHT="23" WC="0.0" CONTENT="ÅR"/><SP WIDTH="19" VPOS="743" HPOS="354"/>
							<String ID="string_65" HPOS="373" VPOS="761" WIDTH="16" HEIGHT="5" WC="0.25" CONTENT="ro"/><SP WIDTH="10" VPOS="761" HPOS="389"/>
							<String ID="string_66" HPOS="399" VPOS="761" WIDTH="47" HEIGHT="4" WC="0.0" CONTENT="tommr"/><SP WIDTH="8" VPOS="761" HPOS="446"/>
							<String ID="string_67" HPOS="454" VPOS="760" WIDTH="38" HEIGHT="4" WC="0.14" CONTENT="dont"/><SP WIDTH="20" VPOS="760" HPOS="492"/>
							<String ID="string_68" HPOS="512" VPOS="760" WIDTH="58" HEIGHT="4" WC="0.9" CONTENT="mesta"/><SP WIDTH="9" VPOS="760" HPOS="570"/>
							<String ID="string_69" HPOS="579" VPOS="758" WIDTH="62" HEIGHT="5" WC="0.19" CONTENT="SENSE"/><SP WIDTH="17" VPOS="758" HPOS="641"/>
							<String ID="string_70" HPOS="658" VPOS="758" WIDTH="40" HEIGHT="5" WC="0.0" CONTENT="SA"/><SP WIDTH="9" VPOS="758" HPOS="698"/>
							<String ID="string_71" HPOS="707" VPOS="757" WIDTH="59" HEIGHT="5" WC="0.0" CONTENT="ORÄNG"/><SP WIDTH="25" VPOS="757" HPOS="766"/>
							<String ID="string_72" HPOS="791" VPOS="757" WIDTH="9" HEIGHT="4" WC="0.0" CONTENT="ö"/><SP WIDTH="20" VPOS="757" HPOS="800"/>
							<String ID="string_73" HPOS="820" VPOS="755" WIDTH="72" HEIGHT="7" WC="0.2" CONTENT="essäer"/><SP WIDTH="8" VPOS="755" HPOS="892"/>
							<String ID="string_74" HPOS="900" VPOS="753" WIDTH="302" HEIGHT="13" WC="0.6" CONTENT="bensen"/><SP WIDTH="81" VPOS="753" HPOS="1202"/>
							<String ID="string_75" HPOS="1283" VPOS="730" WIDTH="32" HEIGHT="26" WC="0.95" CONTENT="12"/><SP WIDTH="113" VPOS="730" HPOS="1315"/>
							<String ID="string_76" HPOS="1428" VPOS="728" WIDTH="33" HEIGHT="27" WC="0.96" CONTENT="82"/><SP WIDTH="129" VPOS="728" HPOS="1461"/>
							<String ID="string_77" HPOS="1590" VPOS="727" WIDTH="16" HEIGHT="26" WC="0.96" CONTENT="6"/><SP WIDTH="113" VPOS="727" HPOS="1606"/>
							<String ID="string_78" HPOS="1719" VPOS="725" WIDTH="32" HEIGHT="27" WC="0.96" CONTENT="12"/>
						</TextLine>
						<TextLine ID="line_10" HPOS="245" VPOS="777" WIDTH="1507" HEIGHT="40">
							<String ID="string_79" HPOS="245" VPOS="802" WIDTH="9" HEIGHT="12" WC="0.18" CONTENT="5"/><SP WIDTH="37" VPOS="802" HPOS="254"/>
							<String ID="string_80" HPOS="291" VPOS="793" WIDTH="64" HEIGHT="24" WC="0.70" CONTENT="1808"/><SP WIDTH="19" VPOS="793" HPOS="355"/>
							<String ID="string_81" HPOS="374" VPOS="809" WIDTH="347" HEIGHT="7" WC="0.0" CONTENT="dinsselesedesöreron"/><SP WIDTH="-130" VPOS="809" HPOS="721"/>
							<String ID="string_82" HPOS="591" VPOS="786" WIDTH="53" HEIGHT="40" WC="0.0" CONTENT="renen"/><SP WIDTH="4" VPOS="786" HPOS="644"/>
							<String ID="string_83" HPOS="648" VPOS="786" WIDTH="31" HEIGHT="40" WC="0.0" CONTENT="tor"/><SP WIDTH="7" VPOS="786" HPOS="679"/>
							<String ID="string_84" HPOS="686" VPOS="786" WIDTH="38" HEIGHT="40" WC="0.7" CONTENT="Ver"/><SP WIDTH="8" VPOS="786" HPOS="724"/>
							<String ID="string_85" HPOS="732" VPOS="807" WIDTH="2" HEIGHT="3" WC="0.11" CONTENT="ås"/><SP WIDTH="28" VPOS="807" HPOS="734"/>
							<String ID="string_86" HPOS="762" VPOS="808" WIDTH="50" HEIGHT="5" WC="0.0" CONTENT="olle"/><SP WIDTH="20" VPOS="808" HPOS="812"/>
							<String ID="string_87" HPOS="832" VPOS="808" WIDTH="60" HEIGHT="4" WC="0.11" CONTENT="smo"/><SP WIDTH="31" VPOS="808" HPOS="892"/>
							<String ID="string_88" HPOS="923" VPOS="807" WIDTH="38" HEIGHT="5" WC="0.0" CONTENT="NSSO"/><SP WIDTH="13" VPOS="807" HPOS="961"/>
							<String ID="string_89" HPOS="974" VPOS="807" WIDTH="55" HEIGHT="4" WC="0.13" CONTENT="LST"/><SP WIDTH="9" VPOS="807" HPOS="1029"/>
							<String ID="string_90" HPOS="1038" VPOS="804" WIDTH="163" HEIGHT="6" WC="0.10" CONTENT="RN"/><SP WIDTH="83" VPOS="804" HPOS="1201"/>
							<String ID="string_91" HPOS="1284" VPOS="780" WIDTH="33" HEIGHT="28" WC="0.96" CONTENT="15"/><SP WIDTH="112" VPOS="780" HPOS="1317"/>
							<String ID="string_92" HPOS="1429" VPOS="779" WIDTH="32" HEIGHT="27" WC="0.92" CONTENT="73"/><SP WIDTH="129" VPOS="779" HPOS="1461"/>
							<String ID="string_93" HPOS="1590" VPOS="779" WIDTH="17" HEIGHT="26" WC="0.97" CONTENT="8"/><SP WIDTH="112" VPOS="779" HPOS="1607"/>
							<String ID="string_94" HPOS="1719" VPOS="777" WIDTH="33" HEIGHT="27" WC="0.96" CONTENT="85"/>
						</TextLine>
						<TextLine ID="line_11" HPOS="246" VPOS="828" WIDTH="1506" HEIGHT="40">
							<String ID="string_95" HPOS="246" VPOS="853" WIDTH="9" HEIGHT="13" WC="0.19" CONTENT="3"/><SP WIDTH="36" VPOS="853" HPOS="255"/>
							<String ID="string_96" HPOS="291" VPOS="844" WIDTH="66" HEIGHT="24" WC="0.64" CONTENT="1808"/><SP WIDTH="17" VPOS="844" HPOS="357"/>
							<String ID="string_97" HPOS="374" VPOS="835" WIDTH="195" HEIGHT="39" WC="0.0" CONTENT="sosteselenssnnesdi"/><SP WIDTH="11" VPOS="835" HPOS="569"/>
							<String ID="string_98" HPOS="580" VPOS="856" WIDTH="622" HEIGHT="12" WC="0.0" CONTENT="tocedvldsnesnsvnenenserkesen"/><SP WIDTH="-312" VPOS="856" HPOS="1202"/>
							<String ID="string_99" HPOS="890" VPOS="835" WIDTH="28" HEIGHT="39" WC="0.0" CONTENT="öns"/><SP WIDTH="6" VPOS="835" HPOS="918"/>
							<String ID="string_100" HPOS="924" VPOS="835" WIDTH="38" HEIGHT="39" WC="0.0" CONTENT="nets"/><SP WIDTH="8" VPOS="835" HPOS="962"/>
							<String ID="string_101" HPOS="970" VPOS="835" WIDTH="33" HEIGHT="39" WC="0.0" CONTENT="stå"/><SP WIDTH="14" VPOS="835" HPOS="1003"/>
							<String ID="string_102" HPOS="1017" VPOS="835" WIDTH="25" HEIGHT="39" WC="0.0" CONTENT="nns"/><SP WIDTH="14" VPOS="835" HPOS="1042"/>
							<String ID="string_103" HPOS="1056" VPOS="835" WIDTH="47" HEIGHT="39" WC="0.0" CONTENT="NRA"/><SP WIDTH="4" VPOS="835" HPOS="1103"/>
							<String ID="string_104" HPOS="1107" VPOS="835" WIDTH="59" HEIGHT="39" WC="0.0" CONTENT="ånEnns"/><SP WIDTH="14" VPOS="835" HPOS="1166"/>
							<String ID="string_105" HPOS="1180" VPOS="835" WIDTH="25" HEIGHT="39" WC="0.0" CONTENT="re"/><SP WIDTH="80" VPOS="835" HPOS="1205"/>
							<String ID="string_106" HPOS="1285" VPOS="833" WIDTH="32" HEIGHT="26" WC="0.95" CONTENT="15"/><SP WIDTH="112" VPOS="833" HPOS="1317"/>
							<String ID="string_107" HPOS="1429" VPOS="830" WIDTH="33" HEIGHT="27" WC="0.96" CONTENT="64"/><SP WIDTH="129" VPOS="830" HPOS="1462"/>
							<String ID="string_108" HPOS="1591" VPOS="828" WIDTH="17" HEIGHT="27" WC="0.95" CONTENT="5"/><SP WIDTH="111" VPOS="828" HPOS="1608"/>
							<String ID="string_109" HPOS="1719" VPOS="828" WIDTH="33" HEIGHT="26" WC="0.96" CONTENT="36"/>
						</TextLine>
						<TextLine ID="line_12" HPOS="246" VPOS="879" WIDTH="1507" HEIGHT="46">
							<String ID="string_110" HPOS="246" VPOS="904" WIDTH="9" HEIGHT="13" WC="0.75" CONTENT="&gt;"/><SP WIDTH="37" VPOS="904" HPOS="255"/>
							<String ID="string_111" HPOS="292" VPOS="896" WIDTH="64" HEIGHT="23" WC="0.53" CONTENT="1805"/><SP WIDTH="19" VPOS="896" HPOS="356"/>
							<String ID="string_112" HPOS="375" VPOS="886" WIDTH="174" HEIGHT="40" WC="0.0" CONTENT="mesesunsanunennnn"/><SP WIDTH="23" VPOS="886" HPOS="549"/>
							<String ID="string_113" HPOS="572" VPOS="912" WIDTH="70" HEIGHT="4" WC="0.0" CONTENT="tenn"/><SP WIDTH="8" VPOS="912" HPOS="642"/>
							<String ID="string_114" HPOS="650" VPOS="886" WIDTH="15" HEIGHT="40" WC="0.10" CONTENT="tin"/><SP WIDTH="9" VPOS="886" HPOS="665"/>
							<String ID="string_115" HPOS="674" VPOS="911" WIDTH="60" HEIGHT="5" WC="0.0" CONTENT="kn"/><SP WIDTH="40" VPOS="911" HPOS="734"/>
							<String ID="string_116" HPOS="774" VPOS="910" WIDTH="39" HEIGHT="6" WC="0.0" CONTENT="ARSR"/><SP WIDTH="9" VPOS="910" HPOS="813"/>
							<String ID="string_117" HPOS="822" VPOS="910" WIDTH="37" HEIGHT="5" WC="0.27" CONTENT="ONES"/><SP WIDTH="20" VPOS="910" HPOS="859"/>
							<String ID="string_118" HPOS="879" VPOS="910" WIDTH="61" HEIGHT="4" WC="0.0" CONTENT="DNS"/><SP WIDTH="8" VPOS="910" HPOS="940"/>
							<String ID="string_119" HPOS="948" VPOS="903" WIDTH="255" HEIGHT="10" WC="0.16" CONTENT="rien"/><SP WIDTH="7" VPOS="903" HPOS="1203"/>
							<String ID="string_120" HPOS="1210" VPOS="906" WIDTH="2" HEIGHT="19" WC="0.91" CONTENT="|"/><SP WIDTH="73" VPOS="906" HPOS="1212"/>
							<String ID="string_121" HPOS="1285" VPOS="884" WIDTH="32" HEIGHT="26" WC="0.96" CONTENT="17"/><SP WIDTH="112" VPOS="884" HPOS="1317"/>
							<String ID="string_122" HPOS="1429" VPOS="883" WIDTH="33" HEIGHT="26" WC="0.90" CONTENT="80"/><SP WIDTH="113" VPOS="883" HPOS="1462"/>
							<String ID="string_123" HPOS="1575" VPOS="881" WIDTH="33" HEIGHT="26" WC="0.96" CONTENT="10"/><SP WIDTH="111" VPOS="881" HPOS="1608"/>
							<String ID="string_124" HPOS="1719" VPOS="879" WIDTH="34" HEIGHT="26" WC="0.96" CONTENT="33"/>
						</TextLine>
						<TextLine ID="line_13" HPOS="247" VPOS="921" WIDTH="1547" HEIGHT="51">
							<String ID="string_125" HPOS="247" VPOS="956" WIDTH="9" HEIGHT="12" WC="0.55" CONTENT="3"/><SP WIDTH="36" VPOS="956" HPOS="256"/>
							<String ID="string_126" HPOS="292" VPOS="947" WIDTH="64" HEIGHT="24" WC="0.0" CONTENT="ÅÖDG"/><SP WIDTH="18" VPOS="947" HPOS="356"/>
							<String ID="string_127" HPOS="374" VPOS="959" WIDTH="828" HEIGHT="13" WC="0.0" CONTENT="bissmosserguserpisrsevelsteresrsennstennnnt"/><SP WIDTH="-309" VPOS="959" HPOS="1202"/>
							<String ID="string_128" HPOS="893" VPOS="928" WIDTH="39" HEIGHT="52" WC="0.30" CONTENT="ror"/><SP WIDTH="19" VPOS="928" HPOS="932"/>
							<String ID="string_129" HPOS="951" VPOS="928" WIDTH="59" HEIGHT="52" WC="0.0" CONTENT="knä"/><SP WIDTH="19" VPOS="928" HPOS="1010"/>
							<String ID="string_130" HPOS="1029" VPOS="928" WIDTH="30" HEIGHT="52" WC="0.12" CONTENT="APR"/><SP WIDTH="25" VPOS="928" HPOS="1059"/>
							<String ID="string_131" HPOS="1084" VPOS="928" WIDTH="121" HEIGHT="52" WC="0.6" CONTENT="ns"/><SP WIDTH="81" VPOS="928" HPOS="1205"/>
							<String ID="string_132" HPOS="1286" VPOS="935" WIDTH="31" HEIGHT="26" WC="0.96" CONTENT="17"/><SP WIDTH="97" VPOS="935" HPOS="1317"/>
							<String ID="string_133" HPOS="1414" VPOS="934" WIDTH="48" HEIGHT="26" WC="0.96" CONTENT="121"/><SP WIDTH="129" VPOS="934" HPOS="1462"/>
							<String ID="string_134" HPOS="1591" VPOS="932" WIDTH="17" HEIGHT="26" WC="0.96" CONTENT="9"/><SP WIDTH="112" VPOS="932" HPOS="1608"/>
							<String ID="string_135" HPOS="1720" VPOS="931" WIDTH="33" HEIGHT="26" WC="0.85" CONTENT="41"/><SP WIDTH="38" VPOS="931" HPOS="1753"/>
							<String ID="string_136" HPOS="1791" VPOS="921" WIDTH="3" HEIGHT="42" WC="0.85" CONTENT="|"/>
						</TextLine>
					</TextBlock>
				</ComposedBlock>
				<GraphicalElement ID="cblock_10" HPOS="204" VPOS="321" WIDTH="7" HEIGHT="657"></GraphicalElement >
				<GraphicalElement ID="cblock_11" HPOS="1353" VPOS="498" WIDTH="5" HEIGHT="470"></GraphicalElement >
				<ComposedBlock ID="cblock_12" HPOS="208" VPOS="1071" WIDTH="1600" HEIGHT="1294">
					<TextBlock ID="block_3" HPOS="208" VPOS="1071" WIDTH="1590" HEIGHT="272">
						<TextLine ID="line_14" HPOS="310" VPOS="1071" WIDTH="1486" HEIGHT="59">
							<String ID="string_137" HPOS="310" VPOS="1085" WIDTH="206" HEIGHT="36" WC="0.96" CONTENT="Dessutom"/><SP WIDTH="39" VPOS="1085" HPOS="516"/>
							<String ID="string_138" HPOS="555" VPOS="1082" WIDTH="69" HEIGHT="36" WC="0.96" CONTENT="har"/><SP WIDTH="42" VPOS="1082" HPOS="624"/>
							<String ID="string_139" HPOS="666" VPOS="1080" WIDTH="172" HEIGHT="50" WC="0.96" CONTENT="sjukdom"/><SP WIDTH="41" VPOS="1080" HPOS="838"/>
							<String ID="string_140" HPOS="879" VPOS="1079" WIDTH="12" HEIGHT="36" WC="0.92" CONTENT="i"/><SP WIDTH="37" VPOS="1079" HPOS="891"/>
							<String ID="string_141" HPOS="928" VPOS="1076" WIDTH="209" HEIGHT="51" WC="0.89" CONTENT="epizootisk"/><SP WIDTH="37" VPOS="1076" HPOS="1137"/>
							<String ID="string_142" HPOS="1174" VPOS="1075" WIDTH="99" HEIGHT="37" WC="0.95" CONTENT="form"/><SP WIDTH="27" VPOS="1075" HPOS="1273"/>
							<String ID="string_143" HPOS="1300" VPOS="1073" WIDTH="86" HEIGHT="38" WC="0.96" CONTENT="med"/><SP WIDTH="27" VPOS="1073" HPOS="1386"/>
							<String ID="string_144" HPOS="1413" VPOS="1073" WIDTH="131" HEIGHT="48" WC="0.96" CONTENT="längre"/><SP WIDTH="29" VPOS="1073" HPOS="1544"/>
							<String ID="string_145" HPOS="1573" VPOS="1071" WIDTH="223" HEIGHT="37" WC="0.95" CONTENT="mellanrum"/>
						</TextLine>
						<TextLine ID="line_15" HPOS="209" VPOS="1122" WIDTH="1588" HEIGHT="63">
							<String ID="string_146" HPOS="209" VPOS="1136" WIDTH="240" HEIGHT="38" WC="0.96" CONTENT="förekommit"/><SP WIDTH="26" VPOS="1136" HPOS="449"/>
							<String ID="string_147" HPOS="475" VPOS="1137" WIDTH="47" HEIGHT="48" WC="0.96" CONTENT="på"/><SP WIDTH="28" VPOS="1137" HPOS="522"/>
							<String ID="string_148" HPOS="550" VPOS="1132" WIDTH="168" HEIGHT="39" WC="0.96" CONTENT="Gotland"/><SP WIDTH="28" VPOS="1132" HPOS="718"/>
							<String ID="string_149" HPOS="746" VPOS="1132" WIDTH="71" HEIGHT="37" WC="0.96" CONTENT="och"/><SP WIDTH="28" VPOS="1132" HPOS="817"/>
							<String ID="string_150" HPOS="845" VPOS="1122" WIDTH="123" HEIGHT="46" WC="0.96" CONTENT="Öland"/><SP WIDTH="28" VPOS="1122" HPOS="968"/>
							<String ID="string_151" HPOS="996" VPOS="1133" WIDTH="98" HEIGHT="33" WC="0.96" CONTENT="samt"/><SP WIDTH="27" VPOS="1133" HPOS="1094"/>
							<String ID="string_152" HPOS="1121" VPOS="1142" WIDTH="50" HEIGHT="22" WC="0.96" CONTENT="nu"/><SP WIDTH="29" VPOS="1142" HPOS="1171"/>
							<String ID="string_153" HPOS="1200" VPOS="1131" WIDTH="129" HEIGHT="33" WC="0.96" CONTENT="senast"/><SP WIDTH="27" VPOS="1131" HPOS="1329"/>
							<String ID="string_154" HPOS="1356" VPOS="1125" WIDTH="152" HEIGHT="37" WC="0.96" CONTENT="förlidet"/><SP WIDTH="27" VPOS="1125" HPOS="1508"/>
							<String ID="string_155" HPOS="1535" VPOS="1127" WIDTH="42" HEIGHT="34" WC="0.96" CONTENT="år"/><SP WIDTH="27" VPOS="1127" HPOS="1577"/>
							<String ID="string_156" HPOS="1604" VPOS="1123" WIDTH="12" HEIGHT="37" WC="0.93" CONTENT="i"/><SP WIDTH="28" VPOS="1123" HPOS="1616"/>
							<String ID="string_157" HPOS="1644" VPOS="1122" WIDTH="153" HEIGHT="38" WC="0.91" CONTENT="Vester-"/>
						</TextLine>
						<TextLine ID="line_16" HPOS="208" VPOS="1177" WIDTH="1590" HEIGHT="61">
							<String ID="string_158" HPOS="208" VPOS="1188" WIDTH="169" HEIGHT="50" WC="0.90" CONTENT="götland."/><SP WIDTH="56" VPOS="1188" HPOS="377"/>
							<String ID="string_159" HPOS="433" VPOS="1186" WIDTH="71" HEIGHT="38" WC="0.95" CONTENT="Vid"/><SP WIDTH="38" VPOS="1186" HPOS="504"/>
							<String ID="string_160" HPOS="542" VPOS="1185" WIDTH="73" HEIGHT="38" WC="0.96" CONTENT="alla"/><SP WIDTH="37" VPOS="1185" HPOS="615"/>
							<String ID="string_161" HPOS="652" VPOS="1185" WIDTH="109" HEIGHT="36" WC="0.96" CONTENT="dessa"/><SP WIDTH="36" VPOS="1185" HPOS="761"/>
							<String ID="string_162" HPOS="797" VPOS="1183" WIDTH="179" HEIGHT="37" WC="0.96" CONTENT="tillfällen"/><SP WIDTH="27" VPOS="1183" HPOS="976"/>
							<String ID="string_163" HPOS="1003" VPOS="1182" WIDTH="69" HEIGHT="35" WC="0.96" CONTENT="har"/><SP WIDTH="28" VPOS="1182" HPOS="1072"/>
							<String ID="string_164" HPOS="1100" VPOS="1180" WIDTH="74" HEIGHT="37" WC="0.96" CONTENT="den"/><SP WIDTH="28" VPOS="1180" HPOS="1174"/>
							<String ID="string_165" HPOS="1202" VPOS="1178" WIDTH="212" HEIGHT="38" WC="0.93" CONTENT="förorsakat"/><SP WIDTH="28" VPOS="1178" HPOS="1414"/>
							<String ID="string_166" HPOS="1442" VPOS="1177" WIDTH="225" HEIGHT="49" WC="0.92" CONTENT="djuregarne"/><SP WIDTH="30" VPOS="1177" HPOS="1667"/>
							<String ID="string_167" HPOS="1697" VPOS="1179" WIDTH="101" HEIGHT="32" WC="0.96" CONTENT="stora"/>
						</TextLine>
						<TextLine ID="line_17" HPOS="211" VPOS="1226" WIDTH="1587" HEIGHT="61">
							<String ID="string_168" HPOS="211" VPOS="1241" WIDTH="188" HEIGHT="46" WC="0.96" CONTENT="förluster,"/><SP WIDTH="28" VPOS="1241" HPOS="399"/>
							<String ID="string_169" HPOS="427" VPOS="1239" WIDTH="129" HEIGHT="37" WC="0.96" CONTENT="hvilka"/><SP WIDTH="28" VPOS="1239" HPOS="556"/>
							<String ID="string_170" HPOS="584" VPOS="1237" WIDTH="175" HEIGHT="37" WC="0.96" CONTENT="omfattat"/><SP WIDTH="28" VPOS="1237" HPOS="759"/>
							<String ID="string_171" HPOS="787" VPOS="1235" WIDTH="31" HEIGHT="49" WC="0.96" CONTENT="ej"/><SP WIDTH="31" VPOS="1235" HPOS="818"/>
							<String ID="string_172" HPOS="849" VPOS="1234" WIDTH="98" HEIGHT="38" WC="0.96" CONTENT="blott"/><SP WIDTH="27" VPOS="1234" HPOS="947"/>
							<String ID="string_173" HPOS="974" VPOS="1233" WIDTH="135" HEIGHT="36" WC="0.96" CONTENT="värdet"/><SP WIDTH="27" VPOS="1233" HPOS="1109"/>
							<String ID="string_174" HPOS="1136" VPOS="1231" WIDTH="41" HEIGHT="37" WC="0.96" CONTENT="af"/><SP WIDTH="24" VPOS="1231" HPOS="1177"/>
							<String ID="string_175" HPOS="1201" VPOS="1231" WIDTH="46" HEIGHT="37" WC="0.96" CONTENT="de"/><SP WIDTH="29" VPOS="1231" HPOS="1247"/>
							<String ID="string_176" HPOS="1276" VPOS="1230" WIDTH="97" HEIGHT="37" WC="0.96" CONTENT="döda"/><SP WIDTH="28" VPOS="1230" HPOS="1373"/>
							<String ID="string_177" HPOS="1401" VPOS="1229" WIDTH="145" HEIGHT="49" WC="0.96" CONTENT="djuren,"/><SP WIDTH="28" VPOS="1229" HPOS="1546"/>
							<String ID="string_178" HPOS="1574" VPOS="1232" WIDTH="92" HEIGHT="32" WC="0.96" CONTENT="utan"/><SP WIDTH="18" VPOS="1232" HPOS="1666"/>
							<String ID="string_179" HPOS="1684" VPOS="1226" WIDTH="114" HEIGHT="37" WC="0.96" CONTENT="äfven"/>
						</TextLine>
						<TextLine ID="line_18" HPOS="209" VPOS="1276" WIDTH="1328" HEIGHT="67">
							<String ID="string_180" HPOS="209" VPOS="1291" WIDTH="174" HEIGHT="52" WC="0.96" CONTENT="upphörd"/><SP WIDTH="29" VPOS="1291" HPOS="383"/>
							<String ID="string_181" HPOS="412" VPOS="1290" WIDTH="92" HEIGHT="38" WC="0.96" CONTENT="eller"/><SP WIDTH="26" VPOS="1290" HPOS="504"/>
							<String ID="string_182" HPOS="530" VPOS="1288" WIDTH="176" HEIGHT="38" WC="0.93" CONTENT="minskad"/><SP WIDTH="27" VPOS="1288" HPOS="706"/>
							<String ID="string_183" HPOS="733" VPOS="1286" WIDTH="287" HEIGHT="50" WC="0.90" CONTENT="mjölkinkomst"/><SP WIDTH="28" VPOS="1286" HPOS="1020"/>
							<String ID="string_184" HPOS="1048" VPOS="1288" WIDTH="98" HEIGHT="33" WC="0.93" CONTENT="samt"/><SP WIDTH="28" VPOS="1288" HPOS="1146"/>
							<String ID="string_185" HPOS="1174" VPOS="1282" WIDTH="111" HEIGHT="50" WC="0.93" CONTENT="aflyst"/><SP WIDTH="27" VPOS="1282" HPOS="1285"/>
							<String ID="string_186" HPOS="1312" VPOS="1276" WIDTH="225" HEIGHT="59" WC="0.96" CONTENT="betesmark."/>
						</TextLine>
					</TextBlock>
					<TextBlock ID="block_4" HPOS="211" VPOS="1329" WIDTH="1590" HEIGHT="374">
						<TextLine ID="line_19" HPOS="312" VPOS="1329" WIDTH="1487" HEIGHT="55">
							<String ID="string_187" HPOS="312" VPOS="1344" WIDTH="89" HEIGHT="36" WC="0.96" CONTENT="Men"/><SP WIDTH="40" VPOS="1344" HPOS="401"/>
							<String ID="string_188" HPOS="441" VPOS="1342" WIDTH="83" HEIGHT="37" WC="0.95" CONTENT="icke"/><SP WIDTH="40" VPOS="1342" HPOS="524"/>
							<String ID="string_189" HPOS="564" VPOS="1341" WIDTH="99" HEIGHT="37" WC="0.96" CONTENT="blott"/><SP WIDTH="41" VPOS="1341" HPOS="663"/>
							<String ID="string_190" HPOS="704" VPOS="1339" WIDTH="74" HEIGHT="37" WC="0.96" CONTENT="den"/><SP WIDTH="41" VPOS="1339" HPOS="778"/>
							<String ID="string_191" HPOS="819" VPOS="1337" WIDTH="172" HEIGHT="38" WC="0.93" CONTENT="enskilde"/><SP WIDTH="36" VPOS="1337" HPOS="991"/>
							<String ID="string_192" HPOS="1027" VPOS="1335" WIDTH="229" HEIGHT="49" WC="0.92" CONTENT="djuregaren"/><SP WIDTH="29" VPOS="1335" HPOS="1256"/>
							<String ID="string_193" HPOS="1285" VPOS="1333" WIDTH="162" HEIGHT="37" WC="0.96" CONTENT="drabbas"/><SP WIDTH="28" VPOS="1333" HPOS="1447"/>
							<String ID="string_194" HPOS="1475" VPOS="1332" WIDTH="40" HEIGHT="37" WC="0.96" CONTENT="af"/><SP WIDTH="25" VPOS="1332" HPOS="1515"/>
							<String ID="string_195" HPOS="1540" VPOS="1329" WIDTH="259" HEIGHT="51" WC="0.96" CONTENT="nyssnämnda"/>
						</TextLine>
						<TextLine ID="line_20" HPOS="212" VPOS="1381" WIDTH="1587" HEIGHT="62">
							<String ID="string_196" HPOS="212" VPOS="1396" WIDTH="189" HEIGHT="47" WC="0.96" CONTENT="förluster,"/><SP WIDTH="37" VPOS="1396" HPOS="401"/>
							<String ID="string_197" HPOS="438" VPOS="1399" WIDTH="89" HEIGHT="32" WC="0.96" CONTENT="utan"/><SP WIDTH="37" VPOS="1399" HPOS="527"/>
							<String ID="string_198" HPOS="564" VPOS="1392" WIDTH="116" HEIGHT="37" WC="0.96" CONTENT="äfven"/><SP WIDTH="37" VPOS="1392" HPOS="680"/>
							<String ID="string_199" HPOS="717" VPOS="1390" WIDTH="198" HEIGHT="38" WC="0.70" CONTENT="samhället"/><SP WIDTH="35" VPOS="1390" HPOS="915"/>
							<String ID="string_200" HPOS="950" VPOS="1388" WIDTH="107" HEIGHT="50" WC="0.96" CONTENT="löper"/><SP WIDTH="27" VPOS="1388" HPOS="1057"/>
							<String ID="string_201" HPOS="1084" VPOS="1387" WIDTH="94" HEIGHT="47" WC="0.96" CONTENT="fara,"/><SP WIDTH="29" VPOS="1387" HPOS="1178"/>
							<String ID="string_202" HPOS="1207" VPOS="1390" WIDTH="55" HEIGHT="33" WC="0.96" CONTENT="att"/><SP WIDTH="28" VPOS="1390" HPOS="1262"/>
							<String ID="string_203" HPOS="1290" VPOS="1385" WIDTH="223" HEIGHT="49" WC="0.93" CONTENT="sjukdomen"/><SP WIDTH="28" VPOS="1385" HPOS="1513"/>
							<String ID="string_204" HPOS="1541" VPOS="1382" WIDTH="147" HEIGHT="50" WC="0.91" CONTENT="sprides"/><SP WIDTH="28" VPOS="1382" HPOS="1688"/>
							<String ID="string_205" HPOS="1716" VPOS="1381" WIDTH="83" HEIGHT="37" WC="0.92" CONTENT="der-"/>
						</TextLine>
						<TextLine ID="line_21" HPOS="211" VPOS="1433" WIDTH="1589" HEIGHT="64">
							<String ID="string_206" HPOS="211" VPOS="1450" WIDTH="165" HEIGHT="47" WC="0.96" CONTENT="igenom,"/><SP WIDTH="41" VPOS="1450" HPOS="376"/>
							<String ID="string_207" HPOS="417" VPOS="1451" WIDTH="56" HEIGHT="32" WC="0.96" CONTENT="att"/><SP WIDTH="26" VPOS="1451" HPOS="473"/>
							<String ID="string_208" HPOS="499" VPOS="1445" WIDTH="155" HEIGHT="37" WC="0.96" CONTENT="fruktan"/><SP WIDTH="30" VPOS="1445" HPOS="654"/>
							<String ID="string_209" HPOS="684" VPOS="1443" WIDTH="60" HEIGHT="37" WC="0.96" CONTENT="för"/><SP WIDTH="28" VPOS="1443" HPOS="744"/>
							<String ID="string_210" HPOS="772" VPOS="1442" WIDTH="130" HEIGHT="49" WC="0.96" CONTENT="dylika"/><SP WIDTH="28" VPOS="1442" HPOS="902"/>
							<String ID="string_211" HPOS="930" VPOS="1440" WIDTH="70" HEIGHT="37" WC="0.96" CONTENT="och"/><SP WIDTH="28" VPOS="1440" HPOS="1000"/>
							<String ID="string_212" HPOS="1028" VPOS="1444" WIDTH="101" HEIGHT="32" WC="0.96" CONTENT="ännu"/><SP WIDTH="28" VPOS="1444" HPOS="1129"/>
							<String ID="string_213" HPOS="1157" VPOS="1443" WIDTH="120" HEIGHT="32" WC="0.96" CONTENT="större"/><SP WIDTH="28" VPOS="1443" HPOS="1277"/>
							<String ID="string_214" HPOS="1305" VPOS="1436" WIDTH="179" HEIGHT="38" WC="0.96" CONTENT="förluster"/><SP WIDTH="26" VPOS="1436" HPOS="1484"/>
							<String ID="string_215" HPOS="1510" VPOS="1434" WIDTH="160" HEIGHT="38" WC="0.91" CONTENT="afhåller"/><SP WIDTH="28" VPOS="1434" HPOS="1670"/>
							<String ID="string_216" HPOS="1698" VPOS="1433" WIDTH="102" HEIGHT="49" WC="0.92" CONTENT="djur-"/>
						</TextLine>
						<TextLine ID="line_22" HPOS="213" VPOS="1484" WIDTH="1586" HEIGHT="65">
							<String ID="string_217" HPOS="213" VPOS="1513" WIDTH="139" HEIGHT="36" WC="0.92" CONTENT="egaren"/><SP WIDTH="28" VPOS="1513" HPOS="352"/>
							<String ID="string_218" HPOS="380" VPOS="1499" WIDTH="86" HEIGHT="36" WC="0.96" CONTENT="från"/><SP WIDTH="27" VPOS="1499" HPOS="466"/>
							<String ID="string_219" HPOS="493" VPOS="1502" WIDTH="56" HEIGHT="32" WC="0.96" CONTENT="att"/><SP WIDTH="27" VPOS="1502" HPOS="549"/>
							<String ID="string_220" HPOS="576" VPOS="1495" WIDTH="150" HEIGHT="38" WC="0.96" CONTENT="anmäla"/><SP WIDTH="27" VPOS="1495" HPOS="726"/>
							<String ID="string_221" HPOS="753" VPOS="1493" WIDTH="227" HEIGHT="38" WC="0.96" CONTENT="misstänkta"/><SP WIDTH="28" VPOS="1493" HPOS="980"/>
							<String ID="string_222" HPOS="1008" VPOS="1491" WIDTH="67" HEIGHT="37" WC="0.96" CONTENT="fall"/><SP WIDTH="27" VPOS="1491" HPOS="1075"/>
							<String ID="string_223" HPOS="1102" VPOS="1491" WIDTH="60" HEIGHT="37" WC="0.96" CONTENT="för"/><SP WIDTH="28" VPOS="1491" HPOS="1162"/>
							<String ID="string_224" HPOS="1190" VPOS="1494" WIDTH="55" HEIGHT="33" WC="0.96" CONTENT="att"/><SP WIDTH="28" VPOS="1494" HPOS="1245"/>
							<String ID="string_225" HPOS="1273" VPOS="1488" WIDTH="147" HEIGHT="51" WC="0.96" CONTENT="skydda"/><SP WIDTH="27" VPOS="1488" HPOS="1420"/>
							<String ID="string_226" HPOS="1447" VPOS="1488" WIDTH="58" HEIGHT="48" WC="0.96" CONTENT="sig"/><SP WIDTH="19" VPOS="1488" HPOS="1505"/>
							<String ID="string_227" HPOS="1524" VPOS="1491" WIDTH="80" HEIGHT="32" WC="0.95" CONTENT="mot"/><SP WIDTH="17" VPOS="1491" HPOS="1604"/>
							<String ID="string_228" HPOS="1621" VPOS="1484" WIDTH="178" HEIGHT="39" WC="0.96" CONTENT="befarade"/>
						</TextLine>
						<TextLine ID="line_23" HPOS="213" VPOS="1537" WIDTH="1583" HEIGHT="65">
							<String ID="string_229" HPOS="213" VPOS="1548" WIDTH="453" HEIGHT="54" WC="0.90" CONTENT="afspärrningsåtgärder."/><SP WIDTH="60" VPOS="1548" HPOS="666"/>
							<String ID="string_230" HPOS="726" VPOS="1546" WIDTH="17" HEIGHT="37" WC="0.95" CONTENT="I"/><SP WIDTH="40" VPOS="1546" HPOS="743"/>
							<String ID="string_231" HPOS="783" VPOS="1546" WIDTH="77" HEIGHT="37" WC="0.95" CONTENT="viss"/><SP WIDTH="42" VPOS="1546" HPOS="860"/>
							<String ID="string_232" HPOS="902" VPOS="1548" WIDTH="86" HEIGHT="33" WC="0.95" CONTENT="mån"/><SP WIDTH="41" VPOS="1548" HPOS="988"/>
							<String ID="string_233" HPOS="1029" VPOS="1557" WIDTH="115" HEIGHT="36" WC="0.96" CONTENT="synes"/><SP WIDTH="42" VPOS="1557" HPOS="1144"/>
							<String ID="string_234" HPOS="1186" VPOS="1542" WIDTH="115" HEIGHT="37" WC="0.96" CONTENT="också"/><SP WIDTH="37" VPOS="1542" HPOS="1301"/>
							<String ID="string_235" HPOS="1338" VPOS="1540" WIDTH="127" HEIGHT="50" WC="0.92" CONTENT="dylika"/><SP WIDTH="37" VPOS="1540" HPOS="1465"/>
							<String ID="string_236" HPOS="1502" VPOS="1537" WIDTH="294" HEIGHT="46" WC="0.92" CONTENT="försummelser,"/>
						</TextLine>
						<TextLine ID="line_24" HPOS="213" VPOS="1588" WIDTH="1588" HEIGHT="62">
							<String ID="string_237" HPOS="213" VPOS="1605" WIDTH="115" HEIGHT="36" WC="0.95" CONTENT="hafva"/><SP WIDTH="40" VPOS="1605" HPOS="328"/>
							<String ID="string_238" HPOS="368" VPOS="1601" WIDTH="168" HEIGHT="49" WC="0.96" CONTENT="bidragit"/><SP WIDTH="39" VPOS="1601" HPOS="536"/>
							<String ID="string_239" HPOS="575" VPOS="1600" WIDTH="58" HEIGHT="37" WC="0.96" CONTENT="till"/><SP WIDTH="42" VPOS="1600" HPOS="633"/>
							<String ID="string_240" HPOS="675" VPOS="1599" WIDTH="74" HEIGHT="37" WC="0.93" CONTENT="den"/><SP WIDTH="40" VPOS="1599" HPOS="749"/>
							<String ID="string_241" HPOS="789" VPOS="1594" WIDTH="426" HEIGHT="53" WC="0.91" CONTENT="mjeltbrandsepizooti,"/><SP WIDTH="38" VPOS="1594" HPOS="1215"/>
							<String ID="string_242" HPOS="1253" VPOS="1607" WIDTH="81" HEIGHT="23" WC="0.96" CONTENT="som"/><SP WIDTH="36" VPOS="1607" HPOS="1334"/>
							<String ID="string_243" HPOS="1370" VPOS="1592" WIDTH="102" HEIGHT="37" WC="0.96" CONTENT="förra"/><SP WIDTH="27" VPOS="1592" HPOS="1472"/>
							<String ID="string_244" HPOS="1499" VPOS="1594" WIDTH="80" HEIGHT="34" WC="0.96" CONTENT="året"/><SP WIDTH="28" VPOS="1594" HPOS="1579"/>
							<String ID="string_245" HPOS="1607" VPOS="1589" WIDTH="154" HEIGHT="50" WC="0.96" CONTENT="härjade"/><SP WIDTH="28" VPOS="1589" HPOS="1761"/>
							<String ID="string_246" HPOS="1789" VPOS="1588" WIDTH="12" HEIGHT="36" WC="0.96" CONTENT="i"/>
						</TextLine>
						<TextLine ID="line_25" HPOS="213" VPOS="1653" WIDTH="304" HEIGHT="50">
							<String ID="string_247" HPOS="213" VPOS="1653" WIDTH="304" HEIGHT="50" WC="0.90" CONTENT="Vestergötland."/>
						</TextLine>
					</TextBlock>
					<TextBlock ID="block_5" HPOS="215" VPOS="1691" WIDTH="1592" HEIGHT="631">
						<TextLine ID="line_26" HPOS="317" VPOS="1691" WIDTH="1486" HEIGHT="62">
							<String ID="string_248" HPOS="317" VPOS="1706" WIDTH="60" HEIGHT="36" WC="0.95" CONTENT="En"/><SP WIDTH="41" VPOS="1706" HPOS="377"/>
							<String ID="string_249" HPOS="418" VPOS="1706" WIDTH="201" HEIGHT="47" WC="0.96" CONTENT="ifrågasatt"/><SP WIDTH="40" VPOS="1706" HPOS="619"/>
							<String ID="string_250" HPOS="659" VPOS="1701" WIDTH="170" HEIGHT="49" WC="0.96" CONTENT="lindring"/><SP WIDTH="40" VPOS="1701" HPOS="829"/>
							<String ID="string_251" HPOS="869" VPOS="1700" WIDTH="56" HEIGHT="37" WC="0.96" CONTENT="uti"/><SP WIDTH="41" VPOS="1700" HPOS="925"/>
							<String ID="string_252" HPOS="966" VPOS="1699" WIDTH="45" HEIGHT="36" WC="0.95" CONTENT="de"/><SP WIDTH="41" VPOS="1699" HPOS="1011"/>
							<String ID="string_253" HPOS="1052" VPOS="1695" WIDTH="252" HEIGHT="51" WC="0.96" CONTENT="lagstadgade"/><SP WIDTH="33" VPOS="1695" HPOS="1304"/>
							<String ID="string_254" HPOS="1337" VPOS="1694" WIDTH="228" HEIGHT="49" WC="0.96" CONTENT="åtgärderna"/><SP WIDTH="27" VPOS="1694" HPOS="1565"/>
							<String ID="string_255" HPOS="1592" VPOS="1697" WIDTH="81" HEIGHT="32" WC="0.96" CONTENT="mot"/><SP WIDTH="27" VPOS="1697" HPOS="1673"/>
							<String ID="string_256" HPOS="1700" VPOS="1691" WIDTH="103" HEIGHT="49" WC="0.92" CONTENT="sjuk-"/>
						</TextLine>
						<TextLine ID="line_27" HPOS="215" VPOS="1742" WIDTH="1588" HEIGHT="61">
							<String ID="string_257" HPOS="215" VPOS="1759" WIDTH="137" HEIGHT="37" WC="0.96" CONTENT="domen"/><SP WIDTH="29" VPOS="1759" HPOS="352"/>
							<String ID="string_258" HPOS="381" VPOS="1757" WIDTH="106" HEIGHT="36" WC="0.94" CONTENT="torde"/><SP WIDTH="28" VPOS="1757" HPOS="487"/>
							<String ID="string_259" HPOS="515" VPOS="1754" WIDTH="228" HEIGHT="49" WC="0.96" CONTENT="visserligen"/><SP WIDTH="27" VPOS="1754" HPOS="743"/>
							<String ID="string_260" HPOS="770" VPOS="1753" WIDTH="129" HEIGHT="36" WC="0.96" CONTENT="kunna"/><SP WIDTH="28" VPOS="1753" HPOS="899"/>
							<String ID="string_261" HPOS="927" VPOS="1751" WIDTH="67" HEIGHT="36" WC="0.96" CONTENT="ske"/><SP WIDTH="20" VPOS="1751" HPOS="994"/>
							<String ID="string_262" HPOS="1014" VPOS="1750" WIDTH="71" HEIGHT="36" WC="0.96" CONTENT="och"/><SP WIDTH="18" VPOS="1750" HPOS="1085"/>
							<String ID="string_263" HPOS="1103" VPOS="1748" WIDTH="145" HEIGHT="49" WC="0.95" CONTENT="förslag"/><SP WIDTH="19" VPOS="1748" HPOS="1248"/>
							<String ID="string_264" HPOS="1267" VPOS="1747" WIDTH="130" HEIGHT="36" WC="0.96" CONTENT="derom"/><SP WIDTH="18" VPOS="1747" HPOS="1397"/>
							<String ID="string_265" HPOS="1415" VPOS="1746" WIDTH="56" HEIGHT="36" WC="0.96" CONTENT="lär"/><SP WIDTH="18" VPOS="1746" HPOS="1471"/>
							<String ID="string_266" HPOS="1489" VPOS="1745" WIDTH="60" HEIGHT="36" WC="0.96" CONTENT="för"/><SP WIDTH="18" VPOS="1745" HPOS="1549"/>
							<String ID="string_267" HPOS="1567" VPOS="1742" WIDTH="236" HEIGHT="38" WC="0.96" CONTENT="närvarande"/>
						</TextLine>
						<TextLine ID="line_28" HPOS="216" VPOS="1794" WIDTH="1587" HEIGHT="60">
							<String ID="string_268" HPOS="216" VPOS="1823" WIDTH="91" HEIGHT="24" WC="0.96" CONTENT="vara"/><SP WIDTH="40" VPOS="1823" HPOS="307"/>
							<String ID="string_269" HPOS="347" VPOS="1809" WIDTH="120" HEIGHT="36" WC="0.95" CONTENT="under"/><SP WIDTH="40" VPOS="1809" HPOS="467"/>
							<String ID="string_270" HPOS="507" VPOS="1805" WIDTH="216" HEIGHT="49" WC="0.96" CONTENT="utredning,"/><SP WIDTH="42" VPOS="1805" HPOS="723"/>
							<String ID="string_271" HPOS="765" VPOS="1817" WIDTH="88" HEIGHT="24" WC="0.96" CONTENT="men"/><SP WIDTH="42" VPOS="1817" HPOS="853"/>
							<String ID="string_272" HPOS="895" VPOS="1805" WIDTH="40" HEIGHT="34" WC="0.96" CONTENT="så"/><SP WIDTH="39" VPOS="1805" HPOS="935"/>
							<String ID="string_273" HPOS="974" VPOS="1801" WIDTH="153" HEIGHT="50" WC="0.96" CONTENT="mycket"/><SP WIDTH="35" VPOS="1801" HPOS="1127"/>
							<String ID="string_274" HPOS="1162" VPOS="1802" WIDTH="118" HEIGHT="34" WC="0.96" CONTENT="måste"/><SP WIDTH="29" VPOS="1802" HPOS="1280"/>
							<String ID="string_275" HPOS="1309" VPOS="1798" WIDTH="97" HEIGHT="36" WC="0.96" CONTENT="dock"/><SP WIDTH="28" VPOS="1798" HPOS="1406"/>
							<String ID="string_276" HPOS="1434" VPOS="1796" WIDTH="104" HEIGHT="37" WC="0.93" CONTENT="alltid"/><SP WIDTH="29" VPOS="1796" HPOS="1538"/>
							<String ID="string_277" HPOS="1567" VPOS="1797" WIDTH="152" HEIGHT="47" WC="0.92" CONTENT="qvarstå"/><SP WIDTH="26" VPOS="1797" HPOS="1719"/>
							<String ID="string_278" HPOS="1745" VPOS="1794" WIDTH="58" HEIGHT="36" WC="0.96" CONTENT="till"/>
						</TextLine>
						<TextLine ID="line_29" HPOS="217" VPOS="1845" WIDTH="1586" HEIGHT="66">
							<String ID="string_279" HPOS="217" VPOS="1861" WIDTH="123" HEIGHT="50" WC="0.96" CONTENT="skydd"/><SP WIDTH="41" VPOS="1861" HPOS="340"/>
							<String ID="string_280" HPOS="381" VPOS="1861" WIDTH="61" HEIGHT="36" WC="0.96" CONTENT="för"/><SP WIDTH="40" VPOS="1861" HPOS="442"/>
							<String ID="string_281" HPOS="482" VPOS="1862" WIDTH="66" HEIGHT="33" WC="0.93" CONTENT="vår"/><SP WIDTH="41" VPOS="1862" HPOS="548"/>
							<String ID="string_282" HPOS="589" VPOS="1855" WIDTH="281" HEIGHT="51" WC="0.90" CONTENT="husdjursafvel"/><SP WIDTH="42" VPOS="1855" HPOS="870"/>
							<String ID="string_283" HPOS="912" VPOS="1854" WIDTH="70" HEIGHT="37" WC="0.96" CONTENT="och"/><SP WIDTH="27" VPOS="1854" HPOS="982"/>
							<String ID="string_284" HPOS="1009" VPOS="1853" WIDTH="56" HEIGHT="37" WC="0.96" CONTENT="till"/><SP WIDTH="30" VPOS="1853" HPOS="1065"/>
							<String ID="string_285" HPOS="1095" VPOS="1850" WIDTH="214" HEIGHT="39" WC="0.96" CONTENT="bevarande"/><SP WIDTH="28" VPOS="1850" HPOS="1309"/>
							<String ID="string_286" HPOS="1337" VPOS="1850" WIDTH="42" HEIGHT="36" WC="0.96" CONTENT="af"/><SP WIDTH="25" VPOS="1850" HPOS="1379"/>
							<String ID="string_287" HPOS="1404" VPOS="1852" WIDTH="65" HEIGHT="33" WC="0.96" CONTENT="vår"/><SP WIDTH="27" VPOS="1852" HPOS="1469"/>
							<String ID="string_288" HPOS="1496" VPOS="1851" WIDTH="138" HEIGHT="46" WC="0.96" CONTENT="export"/><SP WIDTH="26" VPOS="1851" HPOS="1634"/>
							<String ID="string_289" HPOS="1660" VPOS="1845" WIDTH="57" HEIGHT="38" WC="0.93" CONTENT="till"/><SP WIDTH="28" VPOS="1845" HPOS="1717"/>
							<String ID="string_290" HPOS="1745" VPOS="1850" WIDTH="58" HEIGHT="32" WC="0.89" CONTENT="ut-"/>
						</TextLine>
						<TextLine ID="line_30" HPOS="216" VPOS="1897" WIDTH="1588" HEIGHT="63">
							<String ID="string_291" HPOS="216" VPOS="1913" WIDTH="141" HEIGHT="47" WC="0.95" CONTENT="landet,"/><SP WIDTH="49" VPOS="1913" HPOS="357"/>
							<String ID="string_292" HPOS="406" VPOS="1916" WIDTH="57" HEIGHT="32" WC="0.92" CONTENT="att"/><SP WIDTH="45" VPOS="1916" HPOS="463"/>
							<String ID="string_293" HPOS="508" VPOS="1910" WIDTH="227" HEIGHT="50" WC="0.91" CONTENT="djuregaren"/><SP WIDTH="46" VPOS="1910" HPOS="735"/>
							<String ID="string_294" HPOS="781" VPOS="1907" WIDTH="11" HEIGHT="37" WC="0.94" CONTENT="i"/><SP WIDTH="47" VPOS="1907" HPOS="792"/>
							<String ID="string_295" HPOS="839" VPOS="1906" WIDTH="73" HEIGHT="38" WC="0.94" CONTENT="alla"/><SP WIDTH="38" VPOS="1906" HPOS="912"/>
							<String ID="string_296" HPOS="950" VPOS="1904" WIDTH="73" HEIGHT="55" WC="0.96" CONTENT="fall"/><SP WIDTH="45" VPOS="1904" HPOS="1023"/>
							<String ID="string_297" HPOS="1068" VPOS="1904" WIDTH="84" HEIGHT="37" WC="0.96" CONTENT="icke"/><SP WIDTH="45" VPOS="1904" HPOS="1152"/>
							<String ID="string_298" HPOS="1197" VPOS="1903" WIDTH="75" HEIGHT="37" WC="0.96" CONTENT="kan"/><SP WIDTH="44" VPOS="1903" HPOS="1272"/>
							<String ID="string_299" HPOS="1316" VPOS="1901" WIDTH="128" HEIGHT="49" WC="0.87" CONTENT="undgå"/><SP WIDTH="56" VPOS="1901" HPOS="1444"/>
							<String ID="string_300" HPOS="1500" VPOS="1899" WIDTH="169" HEIGHT="37" WC="0.66" CONTENT="känbara"/><SP WIDTH="59" VPOS="1899" HPOS="1669"/>
							<String ID="string_301" HPOS="1728" VPOS="1897" WIDTH="76" HEIGHT="37" WC="0.92" CONTENT="för-"/>
						</TextLine>
						<TextLine ID="line_31" HPOS="216" VPOS="1949" WIDTH="1589" HEIGHT="63">
							<String ID="string_302" HPOS="216" VPOS="1965" WIDTH="120" HEIGHT="37" WC="0.92" CONTENT="luster"/><SP WIDTH="27" VPOS="1965" HPOS="336"/>
							<String ID="string_303" HPOS="363" VPOS="1964" WIDTH="65" HEIGHT="37" WC="0.96" CONTENT="vid"/><SP WIDTH="28" VPOS="1964" HPOS="428"/>
							<String ID="string_304" HPOS="456" VPOS="1962" WIDTH="244" HEIGHT="50" WC="0.96" CONTENT="sjukdomens"/><SP WIDTH="27" VPOS="1962" HPOS="700"/>
							<String ID="string_305" HPOS="727" VPOS="1960" WIDTH="155" HEIGHT="36" WC="0.96" CONTENT="utbrott."/><SP WIDTH="57" VPOS="1960" HPOS="882"/>
							<String ID="string_306" HPOS="939" VPOS="1960" WIDTH="54" HEIGHT="34" WC="0.79" CONTENT="År"/><SP WIDTH="28" VPOS="1960" HPOS="993"/>
							<String ID="string_307" HPOS="1021" VPOS="1957" WIDTH="73" HEIGHT="36" WC="0.93" CONTENT="han"/><SP WIDTH="29" VPOS="1957" HPOS="1094"/>
							<String ID="string_308" HPOS="1123" VPOS="1960" WIDTH="27" HEIGHT="32" WC="0.83" CONTENT="t."/><SP WIDTH="31" VPOS="1960" HPOS="1150"/>
							<String ID="string_309" HPOS="1181" VPOS="1968" WIDTH="56" HEIGHT="23" WC="0.96" CONTENT="ex."/><SP WIDTH="30" VPOS="1968" HPOS="1237"/>
							<String ID="string_310" HPOS="1267" VPOS="1954" WIDTH="127" HEIGHT="37" WC="0.96" CONTENT="bosatt"/><SP WIDTH="27" VPOS="1954" HPOS="1394"/>
							<String ID="string_311" HPOS="1421" VPOS="1953" WIDTH="12" HEIGHT="36" WC="0.97" CONTENT="i"/><SP WIDTH="27" VPOS="1953" HPOS="1433"/>
							<String ID="string_312" HPOS="1460" VPOS="1952" WIDTH="183" HEIGHT="36" WC="0.96" CONTENT="närheten"/><SP WIDTH="20" VPOS="1952" HPOS="1643"/>
							<String ID="string_313" HPOS="1663" VPOS="1950" WIDTH="40" HEIGHT="36" WC="0.96" CONTENT="af"/><SP WIDTH="17" VPOS="1950" HPOS="1703"/>
							<String ID="string_314" HPOS="1720" VPOS="1949" WIDTH="85" HEIGHT="37" WC="0.96" CONTENT="stad"/>
						</TextLine>
						<TextLine ID="line_32" HPOS="219" VPOS="2001" WIDTH="1586" HEIGHT="60">
							<String ID="string_315" HPOS="219" VPOS="2017" WIDTH="71" HEIGHT="37" WC="0.96" CONTENT="och"/><SP WIDTH="33" VPOS="2017" HPOS="290"/>
							<String ID="string_316" HPOS="323" VPOS="2017" WIDTH="68" HEIGHT="35" WC="0.96" CONTENT="har"/><SP WIDTH="32" VPOS="2017" HPOS="391"/>
							<String ID="string_317" HPOS="423" VPOS="2015" WIDTH="58" HEIGHT="37" WC="0.93" CONTENT="sin"/><SP WIDTH="29" VPOS="2015" HPOS="481"/>
							<String ID="string_318" HPOS="510" VPOS="2011" WIDTH="331" HEIGHT="50" WC="0.92" CONTENT="mjölkafsättning"/><SP WIDTH="28" VPOS="2011" HPOS="841"/>
							<String ID="string_319" HPOS="869" VPOS="2011" WIDTH="12" HEIGHT="35" WC="0.96" CONTENT="i"/><SP WIDTH="29" VPOS="2011" HPOS="881"/>
							<String ID="string_320" HPOS="910" VPOS="2010" WIDTH="229" HEIGHT="45" WC="0.94" CONTENT="densamma,"/><SP WIDTH="29" VPOS="2010" HPOS="1139"/>
							<String ID="string_321" HPOS="1168" VPOS="2007" WIDTH="58" HEIGHT="36" WC="0.96" CONTENT="får"/><SP WIDTH="28" VPOS="2007" HPOS="1226"/>
							<String ID="string_322" HPOS="1254" VPOS="2006" WIDTH="74" HEIGHT="36" WC="0.93" CONTENT="han"/><SP WIDTH="27" VPOS="2006" HPOS="1328"/>
							<String ID="string_323" HPOS="1355" VPOS="2004" WIDTH="192" HEIGHT="48" WC="0.92" CONTENT="nemligen"/><SP WIDTH="27" VPOS="2004" HPOS="1547"/>
							<String ID="string_324" HPOS="1574" VPOS="2002" WIDTH="111" HEIGHT="48" WC="0.96" CONTENT="ringa"/><SP WIDTH="27" VPOS="2002" HPOS="1685"/>
							<String ID="string_325" HPOS="1712" VPOS="2001" WIDTH="93" HEIGHT="36" WC="0.96" CONTENT="eller"/>
						</TextLine>
						<TextLine ID="line_33" HPOS="218" VPOS="2052" WIDTH="1588" HEIGHT="64">
							<String ID="string_326" HPOS="218" VPOS="2069" WIDTH="116" HEIGHT="47" WC="0.96" CONTENT="ingen"/><SP WIDTH="27" VPOS="2069" HPOS="334"/>
							<String ID="string_327" HPOS="361" VPOS="2067" WIDTH="105" HEIGHT="48" WC="0.93" CONTENT="hjelp"/><SP WIDTH="29" VPOS="2067" HPOS="466"/>
							<String ID="string_328" HPOS="495" VPOS="2065" WIDTH="234" HEIGHT="48" WC="0.90" CONTENT="derigenom,"/><SP WIDTH="30" VPOS="2065" HPOS="729"/>
							<String ID="string_329" HPOS="759" VPOS="2067" WIDTH="56" HEIGHT="31" WC="0.96" CONTENT="att"/><SP WIDTH="27" VPOS="2067" HPOS="815"/>
							<String ID="string_330" HPOS="842" VPOS="2061" WIDTH="177" HEIGHT="37" WC="0.96" CONTENT="förbudet"/><SP WIDTH="19" VPOS="2061" HPOS="1019"/>
							<String ID="string_331" HPOS="1038" VPOS="2063" WIDTH="79" HEIGHT="32" WC="0.96" CONTENT="mot"/><SP WIDTH="18" VPOS="2063" HPOS="1117"/>
							<String ID="string_332" HPOS="1135" VPOS="2057" WIDTH="229" HEIGHT="48" WC="0.96" CONTENT="försäljning"/><SP WIDTH="19" VPOS="2057" HPOS="1364"/>
							<String ID="string_333" HPOS="1383" VPOS="2056" WIDTH="40" HEIGHT="36" WC="0.95" CONTENT="af"/><SP WIDTH="16" VPOS="2056" HPOS="1423"/>
							<String ID="string_334" HPOS="1439" VPOS="2055" WIDTH="118" HEIGHT="49" WC="0.96" CONTENT="mjölk"/><SP WIDTH="20" VPOS="2055" HPOS="1557"/>
							<String ID="string_335" HPOS="1577" VPOS="2054" WIDTH="86" HEIGHT="36" WC="0.93" CONTENT="från"/><SP WIDTH="19" VPOS="2054" HPOS="1663"/>
							<String ID="string_336" HPOS="1682" VPOS="2052" WIDTH="124" HEIGHT="49" WC="0.91" CONTENT="mjelt-"/>
						</TextLine>
						<TextLine ID="line_34" HPOS="219" VPOS="2105" WIDTH="1588" HEIGHT="59">
							<String ID="string_337" HPOS="219" VPOS="2117" WIDTH="296" HEIGHT="39" WC="0.91" CONTENT="brandssmittad"/><SP WIDTH="28" VPOS="2117" HPOS="515"/>
							<String ID="string_338" HPOS="543" VPOS="2115" WIDTH="95" HEIGHT="49" WC="0.93" CONTENT="gård"/><SP WIDTH="29" VPOS="2115" HPOS="638"/>
							<String ID="string_339" HPOS="667" VPOS="2115" WIDTH="208" HEIGHT="46" WC="0.92" CONTENT="borttages."/><SP WIDTH="56" VPOS="2115" HPOS="875"/>
							<String ID="string_340" HPOS="931" VPOS="2111" WIDTH="106" HEIGHT="36" WC="0.89" CONTENT="Hans"/><SP WIDTH="29" VPOS="2111" HPOS="1037"/>
							<String ID="string_341" HPOS="1066" VPOS="2109" WIDTH="147" HEIGHT="37" WC="0.96" CONTENT="kunder"/><SP WIDTH="28" VPOS="2109" HPOS="1213"/>
							<String ID="string_342" HPOS="1241" VPOS="2108" WIDTH="121" HEIGHT="37" WC="0.93" CONTENT="skulle"/><SP WIDTH="26" VPOS="2108" HPOS="1362"/>
							<String ID="string_343" HPOS="1388" VPOS="2105" WIDTH="282" HEIGHT="47" WC="0.92" CONTENT="otvifvelaktigt"/><SP WIDTH="18" VPOS="2105" HPOS="1670"/>
							<String ID="string_344" HPOS="1688" VPOS="2108" WIDTH="119" HEIGHT="44" WC="0.96" CONTENT="vägra"/>
						</TextLine>
						<TextLine ID="line_35" HPOS="220" VPOS="2155" WIDTH="1587" HEIGHT="62">
							<String ID="string_345" HPOS="220" VPOS="2176" WIDTH="54" HEIGHT="31" WC="0.93" CONTENT="att"/><SP WIDTH="28" VPOS="2176" HPOS="274"/>
							<String ID="string_346" HPOS="302" VPOS="2174" WIDTH="194" HEIGHT="43" WC="0.91" CONTENT="emottaga"/><SP WIDTH="28" VPOS="2174" HPOS="496"/>
							<String ID="string_347" HPOS="524" VPOS="2166" WIDTH="104" HEIGHT="50" WC="0.96" CONTENT="dylik"/><SP WIDTH="29" VPOS="2166" HPOS="628"/>
							<String ID="string_348" HPOS="657" VPOS="2165" WIDTH="129" HEIGHT="49" WC="0.96" CONTENT="mjölk,"/><SP WIDTH="30" VPOS="2165" HPOS="786"/>
							<String ID="string_349" HPOS="816" VPOS="2163" WIDTH="145" HEIGHT="37" WC="0.96" CONTENT="hvilket"/><SP WIDTH="27" VPOS="2163" HPOS="961"/>
							<String ID="string_350" HPOS="988" VPOS="2163" WIDTH="168" HEIGHT="46" WC="0.96" CONTENT="framgår"/><SP WIDTH="28" VPOS="2163" HPOS="1156"/>
							<String ID="string_351" HPOS="1184" VPOS="2159" WIDTH="118" HEIGHT="47" WC="0.96" CONTENT="deraf,"/><SP WIDTH="30" VPOS="2159" HPOS="1302"/>
							<String ID="string_352" HPOS="1332" VPOS="2163" WIDTH="55" HEIGHT="32" WC="0.96" CONTENT="att"/><SP WIDTH="19" VPOS="2163" HPOS="1387"/>
							<String ID="string_353" HPOS="1406" VPOS="2158" WIDTH="71" HEIGHT="36" WC="0.96" CONTENT="den"/><SP WIDTH="18" VPOS="2158" HPOS="1477"/>
							<String ID="string_354" HPOS="1495" VPOS="2157" WIDTH="117" HEIGHT="36" WC="0.96" CONTENT="redan"/><SP WIDTH="20" VPOS="2157" HPOS="1612"/>
							<String ID="string_355" HPOS="1632" VPOS="2169" WIDTH="50" HEIGHT="22" WC="0.96" CONTENT="nu"/><SP WIDTH="19" VPOS="2169" HPOS="1682"/>
							<String ID="string_356" HPOS="1701" VPOS="2155" WIDTH="106" HEIGHT="48" WC="0.90" CONTENT="gifna"/>
						</TextLine>
						<TextLine ID="line_36" HPOS="220" VPOS="2206" WIDTH="1587" HEIGHT="61">
							<String ID="string_357" HPOS="220" VPOS="2220" WIDTH="204" HEIGHT="39" WC="0.92" CONTENT="tillåtelsen"/><SP WIDTH="41" VPOS="2220" HPOS="424"/>
							<String ID="string_358" HPOS="465" VPOS="2223" WIDTH="55" HEIGHT="33" WC="0.92" CONTENT="att"/><SP WIDTH="39" VPOS="2223" HPOS="520"/>
							<String ID="string_359" HPOS="559" VPOS="2218" WIDTH="141" HEIGHT="49" WC="0.91" CONTENT="afyttra"/><SP WIDTH="42" VPOS="2218" HPOS="700"/>
							<String ID="string_360" HPOS="742" VPOS="2216" WIDTH="127" HEIGHT="47" WC="0.96" CONTENT="sådan,"/><SP WIDTH="31" VPOS="2216" HPOS="869"/>
							<String ID="string_361" HPOS="900" VPOS="2214" WIDTH="114" HEIGHT="37" WC="0.96" CONTENT="sedan"/><SP WIDTH="29" VPOS="2214" HPOS="1014"/>
							<String ID="string_362" HPOS="1043" VPOS="2213" WIDTH="74" HEIGHT="37" WC="0.95" CONTENT="den"/><SP WIDTH="29" VPOS="2213" HPOS="1117"/>
							<String ID="string_363" HPOS="1146" VPOS="2211" WIDTH="125" HEIGHT="37" WC="0.94" CONTENT="blifvit"/><SP WIDTH="27" VPOS="2211" HPOS="1271"/>
							<String ID="string_364" HPOS="1298" VPOS="2210" WIDTH="58" HEIGHT="36" WC="0.93" CONTENT="till"/><SP WIDTH="28" VPOS="2210" HPOS="1356"/>
							<String ID="string_365" HPOS="1384" VPOS="2208" WIDTH="245" HEIGHT="38" WC="0.92" CONTENT="föreskrifvet"/><SP WIDTH="28" VPOS="2208" HPOS="1629"/>
							<String ID="string_366" HPOS="1657" VPOS="2206" WIDTH="150" HEIGHT="49" WC="0.91" CONTENT="gradtal"/>
						</TextLine>
						<TextLine ID="line_37" HPOS="220" VPOS="2263" WIDTH="1057" HEIGHT="59">
							<String ID="string_367" HPOS="220" VPOS="2271" WIDTH="222" HEIGHT="51" WC="0.96" CONTENT="uppvärmd,"/><SP WIDTH="29" VPOS="2271" HPOS="442"/>
							<String ID="string_368" HPOS="471" VPOS="2271" WIDTH="41" HEIGHT="36" WC="0.96" CONTENT="af"/><SP WIDTH="24" VPOS="2271" HPOS="512"/>
							<String ID="string_369" HPOS="536" VPOS="2270" WIDTH="192" HEIGHT="48" WC="0.96" CONTENT="knappast"/><SP WIDTH="26" VPOS="2270" HPOS="728"/>
							<String ID="string_370" HPOS="754" VPOS="2270" WIDTH="129" HEIGHT="46" WC="0.94" CONTENT="någon"/><SP WIDTH="27" VPOS="2270" HPOS="883"/>
							<String ID="string_371" HPOS="910" VPOS="2265" WIDTH="125" HEIGHT="38" WC="0.94" CONTENT="blifvit"/><SP WIDTH="27" VPOS="2265" HPOS="1035"/>
							<String ID="string_372" HPOS="1062" VPOS="2263" WIDTH="215" HEIGHT="49" WC="0.95" CONTENT="begagnad."/>
						</TextLine>
					</TextBlock>
					<TextBlock ID="block_6" HPOS="326" VPOS="2308" WIDTH="1482" HEIGHT="57">
						<TextLine ID="line_38" HPOS="326" VPOS="2308" WIDTH="1482" HEIGHT="57">
							<String ID="string_373" HPOS="326" VPOS="2325" WIDTH="73" HEIGHT="36" WC="0.96" CONTENT="Det"/><SP WIDTH="41" VPOS="2325" HPOS="399"/>
							<String ID="string_374" HPOS="440" VPOS="2322" WIDTH="108" HEIGHT="37" WC="0.96" CONTENT="torde"/><SP WIDTH="42" VPOS="2322" HPOS="548"/>
							<String ID="string_375" HPOS="590" VPOS="2321" WIDTH="128" HEIGHT="37" WC="0.96" CONTENT="derför"/><SP WIDTH="40" VPOS="2321" HPOS="718"/>
							<String ID="string_376" HPOS="758" VPOS="2332" WIDTH="90" HEIGHT="23" WC="0.96" CONTENT="vara"/><SP WIDTH="40" VPOS="2332" HPOS="848"/>
							<String ID="string_377" HPOS="888" VPOS="2317" WIDTH="155" HEIGHT="37" WC="0.96" CONTENT="alldeles"/><SP WIDTH="37" VPOS="2317" HPOS="1043"/>
							<String ID="string_378" HPOS="1080" VPOS="2315" WIDTH="224" HEIGHT="50" WC="0.95" CONTENT="uppenbart,"/><SP WIDTH="30" VPOS="2315" HPOS="1304"/>
							<String ID="string_379" HPOS="1334" VPOS="2317" WIDTH="56" HEIGHT="32" WC="0.96" CONTENT="att"/><SP WIDTH="26" VPOS="2317" HPOS="1390"/>
							<String ID="string_380" HPOS="1416" VPOS="2311" WIDTH="118" HEIGHT="37" WC="0.96" CONTENT="under"/><SP WIDTH="28" VPOS="2311" HPOS="1534"/>
							<String ID="string_381" HPOS="1562" VPOS="2309" WIDTH="142" HEIGHT="39" WC="0.93" CONTENT="sådana"/><SP WIDTH="28" VPOS="2309" HPOS="1704"/>
							<String ID="string_382" HPOS="1732" VPOS="2308" WIDTH="76" HEIGHT="38" WC="0.93" CONTENT="för-"/>
						</TextLine>
					</TextBlock>
				</ComposedBlock>
			</PrintSpace>
		</Page>
	</Layout>
</alto>
