1866 2794
264 164 19 30 4
669 164 390 31 Jordbruksutskottets
1077 166 180 30 utlåtande
1274 176 42 20 nr
1331 168 29 29 4.

958 293 218 44 Förslaget.

311 383 225 30 Beträffande
557 384 41 29 de
621 385 163 29 närmare
806 385 193 40 detaljerna
1023 386 11 29 i
1055 386 229 31 kommitténs
1305 389 233 38 promemoria
1560 389 54 29 får
1635 389 136 29 utskot-

266 435 49 27 tet
334 433 145 31 hänvisa
499 434 53 30 till
571 444 96 30 prop.
690 444 41 20 nr
751 435 39 30 31
813 445 24 20 s.
857 435 95 31 4—9.
974 437 71 29 Här
1064 437 58 30 må
1141 438 89 29 dock
1253 438 206 30 framhållas
1478 439 167 39 följande.

311 484 114 39 Enligt
444 485 259 39 promemorian
723 487 208 39 uppskattas
950 487 67 30 den
1037 487 54 29 för
1111 488 166 29 försöken
1297 489 226 39 erforderliga
1545 490 224 30 åkerarealen

265 534 54 29 till
336 535 95 30 cirka
450 535 41 30 20
508 536 124 29 hektar
649 536 55 30 för
719 536 327 39 jordbruksförsök,
1064 537 18 30 3
1102 538 52 30 till
1172 538 19 29 4
1208 539 126 30 hektar
1351 540 54 29 för
1422 540 115 29 frukt-
1554 540 63 30 och
1635 540 134 30 bärför-

267 586 63 28 sök
349 588 88 28 samt
454 586 18 29 2
491 586 124 30 hektar
633 587 53 29 för
704 587 307 31 köksväxtförsök.

310 637 64 31 Det
399 639 270 39 ursprungligen
694 639 53 30 till
774 640 226 39 försöksgård
1027 641 198 39 föreslagna
1252 642 156 31 området
1434 659 43 4 —
1503 643 147 39 ungefär
1676 643 91 30 hälf-

264 689 59 28 ten
344 697 41 21 av
404 688 252 40 fastigheterna
676 690 118 30 Sunne
814 691 183 39 prästgård
1020 692 27 28 1"
1067 692 64 29 och
1157 692 27 29 1"
1203 709 44 3 —
1265 692 194 31 innehåller
1479 694 10 29 i
1510 694 91 29 areal
1622 693 41 30 69
1682 694 84 30 hek-

264 739 65 34 tar,
352 739 106 30 därav
479 738 105 34 64,4870
604 739 125 31 hektar
752 740 93 35 åker,
868 741 81 34 2,1280
970 741 125 30 hektar
1117 743 200 38 ängsmark,
1341 743 80 34 0,120
1442 743 125 31 hektar
1589 746 88 29 tomt
1700 744 65 30 och

264 788 82 34 2,2650
368 788 124 31 hektar
516 799 124 21 mosse.
666 790 167 32 Området
858 793 37 29 är
918 792 134 40 beläget
1077 793 43 34 0,6
1142 794 60 29 km
1228 802 83 22 norr
1335 803 55 21 om
1417 795 117 30 Sunne
1562 796 113 38 kyrka
1699 796 66 29 och

264 838 94 30 öster
383 848 57 21 om
467 840 126 30 sundet
619 840 130 31 mellan
777 840 87 31 Övre
890 842 139 39 Fryken
1057 843 64 30 och
1149 843 256 40 Mellanfryken
1434 846 91 28 samt
1553 845 213 30 omedelbart

264 899 83 21 norr
366 900 56 20 om
441 891 69 30 den
531 891 177 40 bebyggda
729 893 100 30 delen
851 903 41 21 av
911 894 187 40 köpingen.

309 940 76 31 Med
406 941 182 40 undantag
608 952 41 20 av
671 945 48 29 ett
743 944 135 30 mindre
900 946 88 38 torp,
1012 945 251 41 Fiskartorpet,
1286 946 12 30 i
1319 956 104 21 norra
1446 947 101 30 delen
1570 957 41 20 av
1634 948 130 38 ägorna

264 994 90 27 samt
376 1001 41 20 en
440 993 110 30 större
574 994 76 32 lada
672 994 11 29 i
705 995 160 38 sydöstra
887 995 99 30 delen
1009 996 118 31 finnas
1150 997 79 39 inga
1256 997 198 39 byggnader
1476 998 96 30 inom
1595 999 168 29 området.

264 1039 127 31 Värdet
411 1050 41 20 av
470 1042 157 29 området
645 1042 64 30 har
728 1043 67 29 den
814 1043 19 30 9
851 1044 143 29 oktober
1016 1044 82 30 1935
1118 1054 41 21 av
1178 1046 244 30 ecklesiastika
1442 1047 324 30 boställsnämnden

264 1091 222 39 uppskattats
506 1092 53 30 till
577 1092 40 30 24
631 1092 63 30 469
712 1093 141 31 kronor.

307 1143 74 29 Den
407 1143 40 30 23
474 1145 187 29 november
690 1145 83 30 1947
801 1146 108 31 beslöt
936 1147 118 30 Sunne
1082 1148 145 30 sockens
1255 1149 430 40 kommunalfullmäktige
1712 1152 51 28 att

262 1191 234 31 tillsammans
518 1194 79 29 med
622 1194 117 31 Sunne
763 1195 129 39 köping
913 1196 131 39 inköpa
1066 1196 253 40 fastigheterna
1340 1198 135 31 Brårud
1501 1199 36 28 1”
1561 1199 64 29 och
1650 1199 38 29 1”
1709 1208 57 20 om

261 1241 98 30 cirka
380 1242 42 34 5,s
440 1243 136 35 hektar,
599 1244 93 30 vilka
712 1245 205 39 fastigheter
940 1247 113 29 skulle
1075 1247 158 40 tilläggas
1254 1249 57 28 det
1332 1249 269 39 ursprungligen
1621 1250 55 29 för
1697 1250 71 29 för-

263 1293 212 39 söksgården
494 1295 150 31 avsedda
661 1296 169 30 området.
848 1297 13 29 I
880 1297 145 39 gengäld
1045 1298 111 29 skulle
1174 1299 176 39 köpingen
1370 1299 151 30 tillföras
1539 1300 70 30 lika
1627 1300 139 39 mycket

262 1344 93 29 areal
373 1344 10 29 i
402 1344 187 40 sydligaste
609 1346 100 30 delen
729 1357 43 20 av
791 1348 104 38 sagda
913 1348 143 30 område
1074 1349 128 30 mellan
1220 1350 139 38 Fryken
1378 1350 64 31 och
1460 1350 212 40 landsvägen
1693 1352 73 28 mot

261 1393 145 31 Brårud.
427 1395 116 39 Enligt
564 1396 57 30 två
656 1397 174 31 särskilda
848 1399 78 29 med
945 1400 131 37 ägarna
1097 1399 52 30 till
1168 1400 267 39 ifrågavarande
1455 1401 205 39 fastigheter
1680 1410 87 31 upp-

262 1444 124 39 gjorda
401 1446 225 39 preliminära
643 1447 258 40 köpekontrakt
919 1449 113 30 skulle
1049 1450 114 40 köpen
1181 1451 153 34 förfalla,
1353 1452 115 29 därest
1486 1452 186 39 riksdagen
1689 1452 77 30 icke

262 1495 112 31 skulle
393 1496 186 39 godkänna
596 1498 166 39 förslaget
782 1508 56 20 om
858 1499 226 40 förläggande
1103 1511 41 20 av
1161 1501 272 40 försöksgården
1452 1502 53 30 till
1524 1503 153 29 nämnda
1697 1503 69 29 fas-

259 1545 147 39 tigheter
422 1546 82 30 eller
518 1548 77 29 icke
610 1548 111 31 skulle
736 1549 89 30 fatta
840 1550 111 30 beslut
967 1551 124 29 härom
1108 1555 116 27 senast
1238 1552 67 30 den
1323 1552 38 29 14
1376 1562 94 20 mars
1488 1553 94 31 1949.

306 1597 49 30 På
379 1597 251 40 fastigheterna
654 1599 137 30 Brårud
820 1601 36 29 1”
882 1601 63 30 och
974 1601 38 29 1”
1039 1601 118 31 finnas
1184 1603 48 29 ett
1258 1602 211 31 bostadshus
1496 1603 65 30 och
1584 1603 181 30 ekonomi-

260 1646 170 40 byggnad.
447 1648 286 41 Köpeskillingen
750 1651 64 30 har
831 1652 53 29 för
901 1652 136 30 Brårud
1058 1653 36 28 1"
1110 1654 146 39 uppgått
1273 1654 53 29 till
1347 1654 38 30 10
1400 1654 62 31 000
1481 1655 130 29 kronor
1628 1655 64 30 och
1710 1655 54 30 för

261 1697 134 31 Brårud
420 1699 36 29 1”
477 1699 53 30 till
553 1700 40 30 30
608 1701 62 30 000
691 1701 142 30 kronor.

305 1750 13 29 I
341 1753 258 37 promemorian
622 1753 64 30 har
707 1754 119 30 vidare
849 1756 178 39 upptagits
1050 1758 48 28 ett
1120 1757 132 39 förslag
1274 1757 12 29 i
1308 1757 98 39 fråga
1429 1767 57 20 om
1509 1758 175 30 områdets
1708 1760 54 27 ut-

261 1800 179 40 byggande
468 1802 53 30 till
550 1803 239 40 försöksgård.
818 1805 128 31 Därvid
974 1806 46 31 ha
1049 1807 201 31 verkställts
1278 1808 234 39 beräkningar
1541 1808 222 31 beträffande

261 1849 345 39 engångskostnader
642 1852 55 30 för
735 1853 227 41 erforderliga
1000 1855 254 40 ombyggnads-
1291 1857 64 29 och
1392 1857 371 39 nybyggnadsarbeten

261 1901 66 30 och
348 1902 55 30 för
424 1902 107 41 inköp
554 1913 43 21 av
616 1904 214 32 inventarier
852 1908 88 28 samt
963 1906 11 30 i
995 1907 100 39 fråga
1117 1917 56 21 om
1195 1908 110 39 årliga
1327 1909 153 39 utgifter.
1503 1909 260 40 Engångskost-

261 1952 155 31 naderna
440 1952 45 31 ha
509 1953 189 32 beräknats
723 1955 56 30 för
804 1956 273 40 försöksgården
1100 1957 53 30 till
1179 1957 63 30 522
1257 1957 63 30 500
1345 1959 130 29 kronor
1500 1960 65 29 och
1590 1960 54 29 för
1668 1960 95 30 träd-

259 2000 421 39 gårdsförsöksstationen
703 2004 55 29 till
782 2004 40 30 89
837 2004 61 30 000
921 2005 142 30 kronor.
1087 2005 48 31 De
1159 2006 110 39 årliga
1292 2006 190 40 utgifterna
1506 2008 46 30 ha
1574 2007 188 31 beräknats

259 2050 55 30 för
339 2051 270 41 försöksgården
633 2053 52 31 till
711 2054 42 30 50
770 2055 60 30 100
855 2056 129 30 kronor
1012 2057 64 29 och
1102 2057 53 30 för
1180 2057 502 39 trädgårdsförsöksstationen
1707 2058 53 31 till

263 2101 39 30 19
319 2102 60 30 100
404 2103 141 31 kronor.
574 2105 66 30 För
666 2105 204 40 budgetåret
898 2106 151 36 1948/49
1077 2108 111 31 skulle
1215 2109 107 39 enligt
1349 2110 209 30 kommittén
1584 2111 177 30 erfordras

260 2151 42 30 40
317 2152 62 30 000
403 2153 131 31 kronor
559 2155 51 30 till
635 2155 109 42 inköp
770 2166 42 21 av
836 2157 212 31 inventarier
1078 2161 89 28 samt
1193 2159 55 30 för
1273 2160 95 29 tiden
1393 2161 67 29 den
1488 2160 39 30 14
1553 2162 208 29 mars—den

261 2201 41 31 30
319 2202 79 40 juni
420 2203 83 31 1949
523 2204 40 31 35
579 2205 62 30 000
660 2206 132 31 kronor
811 2207 52 30 till
882 2208 126 30 arvode
1028 2209 36 30 åt
1083 2208 382 32 försöksföreståndare
1486 2211 65 30 och
1569 2212 52 30 till
1641 2212 120 30 drifts-

259 2252 200 33 kostnader.
480 2254 52 31 Av
549 2255 224 32 sistnämnda
793 2257 122 40 belopp
937 2267 80 21 avse
1042 2257 38 30 10
1095 2258 62 30 000
1178 2259 132 30 kronor
1330 2260 107 40 inköp
1458 2270 43 21 av
1521 2261 240 39 konstgödsel-

259 2303 123 31 medel.

302 2353 176 40 Styrelsen
503 2355 58 40 för
585 2354 379 43 lantbrukshögskolan
989 2359 66 30 har
1080 2359 172 31 förklarat
1277 2361 51 39 sig
1352 2361 109 39 livligt
1486 2361 142 31 förorda
1653 2363 108 30 inrät-

259 2405 105 29 tande
383 2414 41 21 av
442 2414 42 21 en
504 2406 227 40 försöksgård
750 2407 21 30 å
789 2408 56 29 det
863 2408 199 40 föreslagna
1078 2410 170 30 området.
1269 2410 174 39 Styrelsen
1462 2411 65 30 har
1545 2412 89 30 dock
1653 2413 107 30 fram-

258 2451 111 36 hållit,
394 2455 49 29 att
469 2454 148 40 detaljer
642 2455 11 30 i
679 2456 169 30 avseende
873 2457 44 39 på
942 2456 236 41 utbyggandet
1204 2468 42 20 av
1272 2460 156 30 området
1453 2460 54 30 till
1533 2461 227 40 försöksgård

257 2501 106 33 borde
386 2505 162 30 närmare
572 2506 188 39 övervägas
783 2507 10 29 i
817 2509 47 28 ett
889 2516 121 22 senare
1035 2509 265 40 sammanhang.
