1956 2854
561 185 320 35 Bankoutskottets
905 181 189 33 utlåtande
1117 180 52 32 Nr
1193 180 51 31 29.
1584 173 18 30 5

141 271 176 32 säkerhet.
362 266 256 34 Motsvarande
640 262 245 34 bestämmelse
912 259 148 33 föreslås
1085 259 12 31 i
1124 258 107 35 fråga
1255 265 57 22 om
1335 251 272 38 kreditgivning
1632 249 13 31 i

141 325 115 29 större
280 319 219 36 omfattning
522 319 74 30 mot
619 315 166 32 säkerhet
809 324 45 21 av
879 312 116 32 aktier
1022 311 12 31 i
1059 318 138 23 samma
1220 307 86 32 eller
1329 306 79 31 med
1434 302 182 33 varandra
1637 301 13 31 i

141 373 206 33 ekonomisk
374 367 369 39 intressegemenskap
772 364 204 33 förbundna
1003 363 115 34 bolag.

184 424 178 37 Slutligen
382 424 96 30 hava
500 422 13 31 i
536 421 38 31 48
597 418 201 38 respektive
821 417 58 31 164
902 415 19 36 $
945 413 186 38 upptagits
1155 408 273 37 bestämmelser,
1452 417 75 21 som
1549 405 96 31 inne-

143 478 95 31 fatta
255 474 179 34 särskilda
454 475 190 33 strängare
661 470 132 31 villkor
815 469 56 31 för
891 459 120 39 kredit
1032 466 39 31 åt
1090 464 99 32 vissa
1207 459 360 38 befattningshavare
1585 456 65 32 och

143 530 38 31 åt
203 528 177 31 revisorer
402 526 13 31 i
438 525 95 31 bank
555 527 169 28 ävensom
745 522 37 31 åt
805 521 150 34 företag,
978 518 80 32 vari
1081 516 136 32 sådana
1238 522 167 28 personer
1427 513 69 34 äga
1518 510 51 31 ett
1591 510 59 29 vä-

141 580 149 36 sentligt
310 577 222 33 ekonomiskt
554 576 160 31 intresse.
757 572 142 32 Villkor
921 581 46 21 av
988 568 199 37 lindrigare
1207 567 57 30 art
1285 564 150 32 föreslås
1455 563 57 30 för
1531 559 119 33 kredit

144 634 38 30 åt
200 630 358 38 styrelseledamöter,
578 636 74 22 som
671 626 32 36 ej
725 627 62 29 äro
807 621 361 37 befattningshavare
1188 619 13 30 i
1219 617 150 32 banken.

310 714 227 32 Utfärdande
560 721 46 21 av
631 708 333 43 depositionsbevis
987 705 124 32 såsom
1135 704 125 30 valuta
1283 702 59 30 för
1364 700 134 31 kredit.

184 785 134 37 Kungl.
344 783 128 37 Maj:ts
500 780 137 36 förslag
662 778 197 32 härtinnan
886 776 160 35 innebär,
1074 774 55 31 att
1153 791 41 5 —
1218 772 12 31 i
1257 770 94 37 syfte
1379 770 53 31 att
1458 766 190 33 förhindra

144 836 236 34 utfärdandet
399 845 46 21 av
466 845 25 21 s.
512 834 33 30 k.
564 830 235 37 konstgjorda
820 824 328 41 depositionsbevis,
1169 824 32 32 d.
1219 834 34 21 v.
1273 833 26 21 s.
1318 817 330 41 depositionsbevis,

142 891 13 30 i
180 889 97 37 regel
302 886 176 33 utställda
502 886 47 35 på
576 884 85 35 lång
689 882 62 37 tid,
780 880 166 32 lämnade
974 880 115 30 såsom
1114 876 127 32 valuta
1266 875 56 31 för
1347 872 151 36 beviljat
1525 871 62 31 lån
1611 887 40 5 —

144 941 115 32 skulle
283 940 13 31 i
322 938 202 36 banklagen
550 936 138 31 införas
714 944 43 21 en
781 942 50 27 ny
856 930 175 38 paragraf
1057 928 82 32 med
1163 935 161 23 nummer
1349 925 71 31 50
1403 917 19 47 a
1446 921 202 38 respektive

144 993 92 32 166
221 975 21 54 a
258 1002 45 21 av
328 989 170 36 innehåll,
521 989 55 30 att
598 987 65 31 vid
682 984 205 37 beviljande
911 993 45 21 av
980 980 119 33 kredit
1123 979 95 32 bank
1242 978 76 31 icke
1342 978 58 29 må
1424 977 88 35 göra
1535 973 113 32 förbe-

144 1045 76 32 håll
246 1044 125 32 därom
397 1043 53 30 att
475 1038 285 37 kreditbeloppet
786 1036 88 31 eller
898 1035 56 31 del
980 1034 115 31 därav
1122 1030 92 33 skall
1240 1029 153 32 insättas
1418 1028 63 30 hos
1507 1025 141 33 banken

146 1097 55 31 för
223 1096 126 36 längre
372 1093 54 32 tid
449 1095 47 29 än
520 1101 62 22 sex
605 1089 181 32 månader.

500 1187 167 45 Ändring
691 1200 44 21 av
760 1191 38 30 51
824 1198 98 31 resp.
948 1189 61 29 167
1034 1188 18 39 8
1074 1186 221 38 banklagen.

185 1267 127 37 Enligt
332 1267 39 31 51
394 1263 202 39 respektive
619 1263 58 31 167
701 1260 18 37 $
741 1260 204 36 banklagen
966 1258 60 31 må
1049 1256 97 32 bank
1167 1255 34 36 ej
1224 1253 148 33 utfärda
1396 1251 144 37 tryckta
1563 1249 86 32 eller

145 1318 207 39 graverade,
375 1317 57 32 till
457 1315 247 32 innehavaren
727 1312 86 32 eller
837 1311 58 31 till
917 1310 74 31 viss
1015 1318 86 22 man
1123 1307 86 31 eller
1232 1305 104 33 order
1360 1303 132 33 ställda
1516 1301 133 32 förbin-

144 1371 126 34 delser.

185 1423 70 32 Till
278 1419 284 39 ifrågavarande
584 1416 198 38 stadgande
805 1414 115 33 skulle
944 1413 113 36 enligt
1079 1410 135 37 Kungl.
1234 1408 129 37 Maj:ts
1388 1407 135 36 förslag
1548 1407 102 34 fogas

142 1475 61 32 det
238 1473 176 37 tillägget,
450 1472 54 30 att
541 1469 96 33 bank
671 1469 33 36 ej
740 1468 111 31 heller
876 1467 59 30 må
960 1464 123 32 ikläda
1108 1463 54 36 sig
1188 1460 233 36 ansvarighet
1447 1459 56 31 för
1528 1457 125 37 dylika

147 1524 245 34 förbindelser.

616 1596 121 30 Banks
760 1593 273 32 verkställande
1057 1596 129 35 organ.

184 1672 19 32 I
228 1671 38 32 53
291 1668 201 38 respektive
517 1667 59 31 169
603 1665 18 36 $
646 1665 204 35 banklagen
876 1662 151 32 föreslår
1052 1659 136 37 Kungl.
1215 1658 110 37 Maj:t
1348 1657 67 32 den
1439 1653 212 38 ändringen,

144 1725 55 30 att
222 1722 137 33 antalet
381 1718 348 39 styrelseledamöter
753 1717 12 30 i
788 1715 95 32 bank
905 1734 42 3 —
966 1713 115 31 vilket
1103 1711 114 36 enligt
1240 1709 166 39 gällande
1429 1706 223 34 bestämmel-

145 1786 55 22 ser
221 1775 33 37 ej
276 1775 58 31 får
356 1771 212 37 understiga
588 1770 71 31 fem
678 1788 41 5 —
738 1768 77 32 icke
835 1769 59 29 må
913 1765 182 36 överstiga
1116 1764 60 36 tio,
1197 1763 79 32 med
1297 1762 75 31 rätt
1393 1760 88 32 dock
1504 1760 56 30 för
1580 1757 71 32 Ko-

144 1835 144 28 nungen
311 1827 64 35 att,
397 1827 67 29 när
486 1822 179 33 särskilda
686 1820 78 33 skäl
785 1818 125 33 därtill
931 1821 73 33 äro,
1024 1815 169 37 medgiva
1214 1816 113 30 större
1351 1812 110 36 antal,
1482 1812 93 31 samt
1597 1810 55 31 att

145 1890 47 21 av
209 1877 396 38 styrelseledamöterna
623 1873 33 37 ej
676 1873 92 31 flera
785 1875 47 28 än
849 1880 44 22 en
912 1870 56 31 för
982 1868 104 36 varje
1103 1866 168 39 påbörjat
1288 1865 107 32 tretal
1413 1865 59 31 må
1487 1873 91 21 vara
1596 1862 56 31 be-

146 1929 314 37 fattningshavare
479 1927 11 31 i
511 1926 150 31 banken.
701 1923 84 32 Med
806 1922 173 32 avseende
1000 1922 21 30 å
1042 1920 227 35 övergången
1289 1917 57 31 till
1366 1916 115 31 denna
1500 1914 153 36 ordning

148 1982 158 35 föreslås,
332 1981 54 30 att
411 1976 306 38 styrelseledamot
742 1976 60 30 må
825 1973 97 31 intill
946 1972 115 31 första
1086 1969 181 33 ordinarie
1294 1968 277 35 bolagsstämma
1596 1965 55 31 be-

147 2033 98 32 hålla
269 2032 63 32 sitt
356 2031 176 36 uppdrag,
556 2028 95 31 ändå
675 2027 54 31 att
754 2025 138 31 antalet
916 2022 347 37 styrelseledamöter
1290 2018 196 36 överstiger
1509 2018 61 31 det
1595 2026 56 21 en-

146 2085 70 37 ligt
237 2085 41 31 de
300 2093 74 27 nya
395 2081 164 37 reglerna
582 2079 192 36 medgivna
796 2077 129 36 högsta
945 2070 147 46 antalet.

185 2136 19 31 I
226 2136 38 31 56
285 2133 201 38 respektive
509 2132 58 31 172
589 2130 18 36 $
629 2130 202 35 banklagen
853 2127 150 32 föreslås
1024 2136 46 21 av
1088 2124 135 36 Kungl.
1246 2122 111 36 Maj:t
1378 2121 207 32 införandet
1606 2128 47 23 av

146 2186 265 33 bestämmelser
437 2185 12 30 i
476 2183 97 37 syfte
598 2183 54 30 att
678 2182 12 30 i
718 2181 73 31 viss
818 2181 86 30 mån
929 2178 142 37 reglera
1098 2174 244 34 förhållandet
1369 2173 134 32 mellan
1529 2171 126 37 styrel-

147 2249 64 22 gen
229 2239 66 31 och
310 2237 44 32 de
371 2244 179 28 personer,
570 2236 38 29 åt
626 2233 99 31 vilka
744 2231 176 37 styrelsen
940 2229 93 37 givit
1057 2229 5 31 i
1082 2228 163 36 uppdrag
1266 2227 54 31 att
1337 2227 109 30 utöva
1468 2224 96 31 vissa
1584 2224 73 35 sty-

148 2290 134 31 relsens
303 2286 262 37 befogenheter.
609 2282 324 33 Bestämmelserna
954 2280 184 34 innebära,
1160 2279 53 30 att
1234 2276 174 38 styrelsen
1430 2275 32 36 ej
1487 2276 57 30 får
1565 2274 91 32 dele-

149 2350 84 27 gera
254 2340 57 31 sin
328 2336 286 34 beslutanderätt
634 2335 11 30 i
665 2335 90 30 visst
774 2332 174 32 avseende
966 2333 89 29 utan
1075 2331 54 30 att
1147 2329 130 31 härvid
1297 2327 160 31 meddela
1476 2325 180 32 särskilda

150 2390 226 34 föreskrifter
392 2389 12 31 i
420 2399 43 21 en
480 2398 45 20 av
543 2386 177 37 styrelsen
736 2385 55 30 för
808 2384 105 36 högst
929 2383 51 30 ett
996 2383 40 30 år
1052 2381 11 31 i
1081 2380 128 32 sänder
1226 2378 182 32 fastställd
1424 2376 232 32 instruktion.

187 2442 134 32 Vidare
344 2439 150 46 föreslås
514 2448 46 21 av
581 2436 135 37 Kungl.
737 2434 111 37 Maj:t
868 2435 12 30 i
900 2434 38 30 57
960 2431 201 38 respektive
1183 2431 57 30 173
1262 2429 28 37 $,
1311 2430 54 30 att
1384 2428 161 32 direktör
1567 2425 87 33 eller

149 2495 217 37 tjänsteman
394 2491 64 32 vid
484 2490 113 32 banks
625 2487 137 32 huvud-
790 2487 86 30 eller
903 2483 352 36 avdelningskontor,
1281 2482 38 30 åt
1347 2479 122 32 vilken
1499 2478 154 37 uppdra-
