1940 2846
347 156 40 31 18
711 160 321 33 Bankoutskottets
1056 162 188 33 utlåtande
1268 164 52 31 Nr
1341 165 54 31 29.

436 235 136 39 Kungl.
593 237 130 38 Maj:ts
743 239 152 38 förslag:
1256 243 199 33 Utskottets
1477 244 154 39 förslag:

342 287 55 32 Då
418 288 176 32 aktierätt
616 289 214 39 förverkats,
852 291 72 33 kan
945 292 71 32 vad
1038 293 22 31 å
1078 293 124 33 aktien
1223 294 111 33 redan
1355 294 172 34 inbetalts
1549 297 86 32 eller
1657 298 71 32 vad
1750 307 57 29 ge-

304 348 82 22 nom
412 340 215 38 realisering
654 352 49 21 av
731 342 144 33 lämnad
900 345 90 35 pant
1018 344 86 32 eller
1133 354 122 24 annan
1283 346 166 33 säkerhet
1477 348 144 32 influtit
1649 350 34 36 ej
1712 351 96 30 åter-

304 391 150 32 fordras.

1006 491 41 31 40
1067 490 29 37 $.

341 545 59 32 Av
421 565 42 5 —
479 565 42 5 —
538 566 41 4 —
599 548 159 37 vidtaga.

342 597 71 32 Till
441 599 257 33 reservfonden
725 600 94 32 skall
845 601 107 33 alltid
979 603 127 37 läggas
1135 604 71 32 vad
1235 605 61 32 vid
1324 605 269 39 aktieteckning
1621 610 59 30 må
1709 609 96 32 hava

303 650 56 31 för
382 650 168 32 aktierna
571 651 165 33 erhållits
758 654 126 31 utöver
907 654 60 32 det
989 655 137 38 belopp,
1149 658 89 30 varå
1261 657 43 32 de
1326 657 96 38 lyda,
1445 659 40 31 så
1509 659 74 37 ock,
1606 660 65 32 där
1693 660 112 33 aktie-

301 702 75 32 rätt
395 701 215 38 förverkats,
628 704 72 32 vad
718 714 76 22 som
811 704 106 33 blivit
933 705 153 34 inbetalt
1105 708 22 31 å
1145 707 124 32 aktien
1286 708 86 33 eller
1391 709 146 33 influtit
1556 720 126 28 genom
1700 712 105 32 reali-

301 752 120 38 sering
445 764 47 21 av
515 755 146 32 lämnad
683 758 90 35 pant
796 756 86 32 eller
904 756 311 39 tillgodogörande
1237 770 45 22 av
1307 770 122 22 annan
1452 762 110 33 ställd
1584 763 177 33 säkerhet.

340 805 244 38 Nedsättning
602 825 41 5 —
661 826 40 4 —
721 826 40 5 —
781 808 123 32 medel.

1006 905 41 31 44
1067 904 28 37 $.

339 968 84 34 Med
446 970 68 33 den
535 971 275 39 inskränkning,
833 983 75 22 som
930 974 67 32 här
1020 975 117 32 nedan
1158 978 93 35 sägs,
1273 978 59 30 må
1354 977 314 40 bankaktiebolag,
1690 981 115 37 jämte

300 1018 51 34 in-
373 1021 67 32 och
460 1022 168 38 utlåning
650 1032 47 23 av
716 1024 212 38 penningar,
950 1025 87 33 idka
1059 1035 120 24 annan
1200 1028 238 39 verksamhet,
1460 1039 77 23 som
1559 1030 147 34 därmed
1727 1033 78 31 står

298 1072 14 32 i
335 1073 184 33 samband.

339 1123 66 34 Om
425 1127 76 30 rätt
522 1126 55 32 för
598 1127 302 39 bankaktiebolag
920 1131 55 30 att
994 1130 86 32 idka
1101 1131 472 35 fondkommissionsrörelse
1594 1137 41 29 är
1654 1133 150 35 särskilt

299 1176 154 38 stadgat.

1003 1260 41 31 45
1063 1259 28 37 $.

339 1323 309 39 Bankaktiebolag
674 1328 59 30 må
760 1327 56 31 för
842 1336 89 29 egen
956 1329 157 38 räkning
1139 1330 106 32 driva
1271 1330 132 34 handel
1429 1332 155 33 allenast
1607 1336 82 31 med
1714 1336 89 37 guld

298 1376 94 30 samt
414 1375 52 32 in-
490 1377 66 31 och
578 1378 188 32 utländskt
788 1380 113 37 mynt,
924 1380 139 38 växlar,
1086 1381 162 39 checkar,
1271 1382 230 39 invisningar
1524 1388 169 31 ävensom
1716 1387 87 33 obli-

299 1427 165 36 gationer
493 1428 66 32 och
588 1429 115 32 andra
733 1430 57 32 för
819 1431 68 32 den
915 1430 186 35 allmänna
1127 1434 157 32 rörelsen
1310 1436 159 32 avsedda
1498 1433 304 48 förskrivningar,

298 1479 80 32 med
406 1480 187 37 undantag
621 1481 56 32 för
703 1482 138 32 sådana
868 1483 57 32 för
953 1484 69 32 den
1048 1484 184 34 allmänna
1258 1486 158 33 rörelsen
1443 1489 158 33 avsedda
1628 1490 174 33 förskriv-

299 1530 142 38 ningar,
469 1541 77 23 som
572 1533 164 32 medföra
764 1536 75 31 rätt
867 1534 58 33 till
953 1535 187 39 betalning
1169 1537 92 33 först
1290 1538 92 33 efter
1411 1540 234 34 utfärdarens
1673 1537 129 49 övriga

298 1581 296 40 fordringsägare
624 1584 279 40 (förlagsbevis).
953 1588 194 38 Egendom,
1175 1591 146 32 varmed
1347 1591 302 40 bankaktiebolag
1677 1594 35 38 ej
1742 1597 59 30 må

298 1634 105 32 driva
420 1635 133 32 handel
570 1636 56 32 för
643 1645 90 29 egen
749 1638 165 37 räkning,
931 1641 87 35 äger
1035 1640 300 39 bankaktiebolag
1352 1643 34 37 ej
1405 1644 112 32 heller
1535 1645 183 38 förvärva,
1735 1647 67 32 där

297 1685 34 38 ej
357 1686 119 32 nedan
501 1688 14 31 i
541 1688 116 32 denna
681 1691 176 35 paragraf
884 1691 228 33 annorlunda
1136 1693 157 37 stadgas.

336 1737 311 40 Bankaktiebolag
671 1742 60 30 må
754 1741 185 33 förvärva:

337 1789 75 33 dels
433 1790 185 38 fastighet,
640 1793 135 32 avsedd
796 1793 56 32 för
874 1793 160 33 bankens
1055 1796 261 38 inrymmande,
1337 1798 99 34 aktie
1457 1800 14 31 i
1492 1800 116 38 bolag,
1628 1812 76 22 som
1726 1804 76 31 ute-

295 1841 168 33 slutande
483 1842 68 32 har
569 1843 58 32 till
645 1844 169 33 ändamål
834 1846 54 32 att
907 1846 160 33 förvalta
1086 1848 114 32 sådan
1219 1849 174 37 fastighet
1413 1852 66 31 och
1499 1863 83 22 vars
1601 1849 200 47 aktiekapi-

296 1893 53 32 tal
374 1895 142 36 uppgår
540 1894 58 32 till
622 1895 111 33 minst
759 1905 44 23 en
825 1897 176 37 tredjedel
1023 1909 46 22 av
1095 1899 237 38 fastighetens
1359 1902 177 34 bokförda
1561 1906 119 37 värde,
1706 1910 95 29 samt

297 1944 249 40 förlagsbevis,
567 1947 167 32 utfärdat
754 1958 45 21 av
821 1948 114 38 bolag,
957 1960 76 22 som
1053 1960 50 22 nu
1123 1954 158 35 nämnts;
1426 1965 3 3 |

336 1997 75 32 dels
437 1997 234 38 inventarier,
700 1999 99 33 vilka
825 2000 191 34 anskaffas
1043 2002 57 32 för
1127 2003 158 33 rörelsen
1311 2005 86 32 eller
1425 2006 58 32 till
1511 2008 184 38 fastighet,
1723 2020 76 22 som

296 2048 339 39 bankaktiebolaget
655 2053 101 35 äger;

336 2100 74 32 dels
428 2101 76 36 ock,
521 2102 119 32 därest
658 2103 204 37 Konungen
880 2104 126 33 därtill
1024 2106 140 32 lämnar
1183 2107 175 39 tillstånd,
1376 2109 98 33 aktie
1492 2111 13 31 i
1523 2114 112 30 annat
1651 2114 147 32 svenskt

296 2151 311 40 bankaktiebolag,
633 2154 13 32 i
672 2154 187 34 utländskt
885 2156 239 39 bankföretag
1150 2158 86 33 eller
1263 2160 13 32 i
1301 2162 146 32 svenskt
1474 2162 214 40 aktiebolag,
1714 2175 84 24 vars

295 2204 170 32 ändamål
487 2205 73 31 kan
581 2206 104 32 anses
709 2206 184 38 gagneligt
918 2207 56 33 för
997 2208 267 36 bankväsendet
1287 2211 86 33 eller
1397 2213 60 33 det
1477 2215 193 39 allmänna,
1692 2220 105 29 även-

294 2264 76 23 som
395 2256 248 38 förlagsbevis,
670 2259 166 32 utfärdat
862 2269 45 22 av
933 2260 106 38 bolag
1065 2259 85 34 eller
1177 2262 151 39 företag,
1354 2274 75 23 som
1455 2275 49 23 nu
1530 2269 154 36 nämnts,
1710 2268 88 34 eller

294 2307 210 34 solidariskt
525 2307 211 40 bankbolag.

333 2358 310 40 Bankaktiebolag
666 2364 59 30 må
749 2362 57 32 till
829 2362 207 38 skyddande
1059 2376 46 21 av
1130 2366 149 32 fordran
1302 2369 21 30 å
1347 2366 170 42 offentlig
1541 2371 149 33 auktion
1713 2372 89 34 eller

294 2410 169 33 fondbörs
490 2412 132 37 inköpa
649 2414 182 37 egendom,
857 2425 76 21 som
959 2418 43 29 är
1030 2415 56 33 för
1114 2417 210 38 fordringen
1349 2420 135 34 utmätt
1513 2422 86 32 eller
1628 2421 172 46 pantsatt,

292 2463 40 30 så
351 2462 63 31 ock
435 2464 117 31 såsom
571 2464 185 38 betalning
778 2466 56 31 för
856 2466 148 33 fordran
1025 2469 172 37 övertaga
1219 2468 56 34 för
1296 2471 211 39 fordringen
1527 2475 162 36 pantsatt
1708 2477 88 32 eller
