1886 2802
543 179 286 35 Statsutskottets
852 180 181 35 utlåtande
1055 192 40 22 nr
1122 184 74 32 166.
1572 186 43 30 37

172 259 74 34 dels
267 260 64 34 ock
353 260 195 34 utskottets
570 260 212 35 hemställan
805 261 110 34 under
935 262 30 33 I.
986 262 78 34 bort
1087 262 93 34 hava
1204 262 153 42 följande
1381 262 142 43 lydelse:

494 332 49 34 »I.
560 337 53 29 att
629 332 185 42 riksdagen
830 333 69 39 må,
915 333 9 34 i
939 332 187 44 anledning
1141 346 45 21 av
1200 334 131 42 Kungl.
1345 333 128 43 Maj:ts
1489 334 128 42 förslag

446 385 65 34 och
540 385 222 34 motionerna
787 386 28 33 I:
830 389 64 31 279
923 386 65 34 och
1016 387 48 33 II:
1080 390 78 37 357,
1185 387 11 33 i
1224 387 69 34 vad
1320 387 42 34 de
1391 400 83 21 avse
1503 387 112 34 ökade

444 439 113 34 medel
576 439 51 33 till
648 439 251 43 undervisning
916 440 10 33 i
948 440 162 42 engelska
1129 440 154 43 språket,
1303 446 93 29 samt
1416 441 80 34 med
1517 440 98 35 bifall

444 492 53 34 till
523 492 222 35 motionerna
768 493 28 33 I:
812 496 64 31 273
902 493 66 34 och
994 494 48 33 II:
1057 497 62 30 341
1149 497 166 31 ävensom
1342 494 81 34 med
1449 495 120 42 avslag
1595 495 19 33 å

444 545 222 35 motionerna
685 546 29 33 I:
730 549 64 31 279
817 546 63 34 och
902 547 49 33 II:
967 550 64 31 357
1052 568 45 3 —
1115 547 112 34 såvitt
1247 548 41 33 de
1311 560 82 22 avse
1415 548 199 42 beviljande

444 611 46 21 av
513 599 113 34 ökade
651 600 252 41 anslagsmedel
928 603 125 31 utöver
1077 601 69 33 vad
1171 613 82 30 nyss
1279 601 150 42 angivits
1453 622 46 4 —
1523 606 90 29 samt

444 652 219 34 motionerna
680 653 30 33 I:
726 656 64 30 278
810 653 64 34 och
893 653 50 33 IT:
959 657 78 36 358,

490 714 34 42 a)
544 714 190 43 godkänna
749 714 154 43 följande
920 715 198 35 huvudstat
1135 716 55 33 för
1206 716 222 35 Stockholms
1446 717 167 42 högskola

443 772 54 29 att
524 768 175 42 tillämpas
728 768 108 34 under
864 768 210 43 budgetåret
1101 769 168 42 1949/50:

868 867 314 35 Huvudstat.

949 938 159 42 Utgifter:

445 1002 29 30 1.
499 999 227 43 Avlöningar,
749 1000 200 42 förslagsvis
983 1028 255 6 ............
1269 1001 129 34 kronor
1423 1005 19 29 2
1458 1005 64 30 210
1537 1005 65 30 000

1097 1116 146 35 Summa
1267 1117 129 34 kronor
1421 1121 18 30 3
1455 1121 64 31 326
1535 1122 77 30 000.

921 1205 213 34 Inkomster:

1094 1375 147 34 Summa
1264 1376 129 34 kronor
1418 1380 19 30 3
1453 1380 64 30 326
1533 1380 77 36 000;

486 1444 36 42 b)
555 1444 51 34 till
633 1444 133 43 Bidrag
793 1445 51 34 till
870 1446 224 34 Stockholms
1121 1446 170 42 högskola
1317 1447 54 34 för
1400 1447 209 43 budgetåret

441 1497 155 42 1949/50
620 1498 112 34 under
757 1499 146 33 åttonde
926 1498 227 35 huvudtiteln
1178 1500 122 34 anvisa
1323 1505 52 29 ett
1400 1500 209 43 förslagsan-

439 1551 73 41 slag
532 1563 44 21 av
598 1554 97 30 1592
711 1555 65 30 500
795 1551 160 35 kronor.»
