2232 2652
665 169 362 42 Bevillningsutskottets
1050 168 196 33 betänkande
1268 168 52 31 Nr
1345 168 52 31 42.
1745 165 41 32 37

229 251 12 36 i
271 250 184 36 avseende
495 251 48 47 på
582 248 129 37 vilken
752 248 160 37 anstånd
949 248 210 48 medgives.
1215 246 207 49 Angående
1454 244 286 49 framställning
1768 256 61 24 om

230 302 160 36 anstånd
417 307 179 31 ävensom
625 301 230 48 kungörelse
884 300 130 37 härom
1043 299 120 49 gäller
1186 299 73 36 vad
1278 299 12 36 i
1324 300 6 35 I
1354 311 112 23 mom.
1486 302 91 44 sägs
1595 296 235 37 beträffande

229 353 259 49 eftergivande
517 367 46 22 av
591 353 113 36 skatt.

358 408 24 34 3
409 418 102 24 mom.
568 405 142 36 Besvär
750 409 90 32 över
879 402 374 52 prövningsnämnds
1296 402 122 37 beslut
1447 402 12 35 i
1487 401 109 49 fråga
1628 413 61 24 om
1717 400 112 37 efter-

229 458 166 48 givande
437 470 47 23 av
523 456 298 49 krigstidsskatt,
855 459 42 33 så
924 456 70 36 ock
1022 456 12 35 i
1062 455 108 48 fråga
1197 468 62 23 om
1288 454 160 36 anstånd
1477 453 87 36 med
1591 452 239 37 densammas

229 509 243 49 erläggande,
502 511 61 34 må
592 508 101 36 föras
722 508 12 36 i
763 508 71 36 den
862 508 60 36 för
945 506 280 49 överklagande
1245 520 47 23 av
1310 504 378 51 prövningsnämnds
1707 503 124 37 beslut

228 561 161 37 rörande
423 560 174 48 taxering
632 560 57 36 till
716 559 185 37 inkomst-
928 559 70 37 och
1027 557 387 50 förmögenhetsskatt
1442 556 184 49 stadgade
1655 555 175 49 ordning.

359 615 24 34 4
411 625 102 24 mom.
569 611 77 37 Där
688 611 289 49 krigstidsskatt
1018 610 213 49 eftergivits
1268 609 90 37 eller
1395 609 160 36 anstånd
1587 610 50 47 på
1664 612 73 31 sätt
1765 607 12 36 i
1807 609 22 34 2

231 677 111 24 mom.
386 669 91 44 sägs
519 663 189 49 beviljats,
750 663 97 36 skall
888 662 137 49 utdrag
1068 676 46 22 av
1153 660 423 50 prövningsnämndens
1604 658 229 50 protokoll
1813 654 25 63 i

230 716 155 37 ärendet
424 729 141 35 genom
603 715 383 50 protokollsförarens
1024 714 153 48 försorg
1205 713 190 37 tillställas
1424 711 284 38 vederbörande
1736 724 96 36 upp-

230 767 356 50 bördsmyndighet.

973 888 47 35 25
1051 887 33 49 8.

359 974 72 37 Till
472 974 216 37 ersättande
729 987 48 23 av
817 973 256 37 kostnaderna
1113 973 59 37 för
1209 972 61 37 det
1304 970 270 39 förberedande
1603 970 143 37 arbetet
1774 970 60 36 för

231 1026 175 49 taxering
445 1026 57 36 till
542 1025 301 50 krigstidsskatt,
886 1038 82 24 som
1009 1025 122 48 enligt
1175 1026 44 35 16
1253 1023 21 50 $
1301 1023 96 37 skall
1425 1036 141 36 genom
1594 1023 238 48 Konungens

230 1078 427 49 befallningshavandes
699 1077 298 37 föranstaltande
1038 1077 156 46 utföras,
1236 1082 98 31 samt
1372 1076 132 47 övriga
1540 1088 49 23 av
1621 1074 212 48 taxerings-

231 1130 146 37 arbetet
417 1129 219 37 föranledda
677 1129 202 37 kostnader
915 1129 68 36 har
1019 1127 505 51 krigstidsskattenämnden
1554 1131 55 32 att
1636 1126 94 37 efter
1756 1126 77 36 för-

231 1183 84 48 slag
343 1195 45 23 av
417 1182 235 48 Konungens
680 1181 411 50 befallningshavande
1119 1179 174 38 använda
1320 1179 247 48 erforderliga
1596 1178 131 37 medel.

359 1225 35 45 Å
421 1233 524 50 krigstidsskattenämndens
975 1232 358 37 sammanträdesort
1357 1231 82 36 icke
1458 1230 151 37 bosatta
1628 1230 206 37 ledamöter

230 1286 13 36 i
271 1286 124 36 denna
431 1285 139 36 nämnd
600 1290 72 43 äga
700 1285 148 48 åtnjuta
875 1284 286 37 resekostnads-
1189 1283 70 36 och
1287 1282 461 47 traktamentsersättning
1775 1284 59 33 så-

231 1351 81 23 som
343 1338 58 36 för
427 1337 164 36 ledamot
618 1337 12 36 i
657 1336 354 50 prövningsnämnd
1039 1341 41 31 är
1109 1335 163 48 stadgat.

361 1389 80 36 Här
469 1388 249 37 omförmälda
745 1388 265 48 ersättningar,
1039 1387 104 36 vilka
1171 1386 106 37 skola
1305 1385 186 37 bestridas
1518 1384 87 37 med
1625 1384 207 50 inflytande

231 1439 440 51 krigstidsskattemedel,
713 1440 188 36 utbetalas
943 1453 47 22 av
1034 1439 235 48 Konungens
1303 1437 408 49 befallningshavande
1739 1436 95 37 efter

231 1493 240 48 granskning
500 1505 46 23 av
575 1492 89 36 därå
693 1492 159 48 ingivna
879 1491 275 37 rekvisitioner.

981 1665 46 34 26
1057 1663 32 49 8.

361 1754 20 32 1
411 1763 103 23 mom.
560 1748 276 50 Sammandrag
851 1763 46 22 av
912 1748 532 50 krigstidsskattelängderna,
1461 1747 225 49 upprättade
1700 1747 12 35 i
1728 1751 106 31 över-

232 1801 283 38 ensstämmelse
544 1801 83 36 med
658 1801 177 36 fastställt
862 1801 194 46 formulär,
1085 1800 105 36 skola
1220 1800 81 35 före
1330 1799 73 36 den
1434 1801 17 33 1
1484 1798 156 36 oktober
1669 1799 94 35 1917
1788 1811 45 22 av

231 1852 283 39 vederbörande
549 1852 304 37 häradsskrivare
881 1853 71 36 och
980 1852 212 49 magistrat,
1222 1857 103 30 utom
1353 1850 12 36 i
1395 1850 231 46 Stockholm,
1656 1849 177 37 insändas

233 1906 55 36 till
316 1905 238 47 Konungens
582 1904 415 49 befallningshavande.

362 1959 24 32 2
413 1969 102 23 mom.
572 1956 53 36 På
653 1956 123 48 grund
805 1970 47 22 av
880 1956 108 36 dessa
1017 1954 270 48 sammandrag
1314 1954 70 36 och
1414 1954 116 36 sedan
1560 1953 46 36 de
1634 1953 64 36 vid
1724 1952 108 37 deras

232 2008 242 48 granskning
516 2008 196 36 anmärkta
754 2007 262 36 förhållanden
1053 2007 109 36 blivit
1198 2006 211 36 förklarade
1437 2006 89 35 eller
1554 2004 145 37 rättade
1729 2004 66 36 bör
1823 2005 11 34 i

232 2060 104 47 varje
377 2060 62 35 län
481 2072 45 22 av
566 2059 286 36 landskontoret
889 2063 193 44 uppgöras
1120 2058 152 36 särskilt
1300 2056 269 48 sammandrag
1596 2061 89 31 över
1712 2055 121 37 länets

233 2110 86 36 hela
359 2110 158 48 påförda
559 2109 303 49 krigstidsskatt;
893 2110 70 36 och
991 2109 95 36 skall
1115 2109 11 35 i
1156 2108 218 37 Stockholm
1403 2107 134 36 sådant
1566 2107 269 47 sammandrag

232 2165 196 44 upprättas
457 2175 47 21 av
532 2161 234 36 därvarande
795 2160 296 49 uppbördsverk.
1134 2160 55 35 De
1218 2173 47 22 av
1293 2159 298 36 landskontoren
1611 2158 70 36 och
1702 2157 131 37 Stock-

234 2212 122 36 holms
405 2212 101 36 stads
552 2212 288 49 uppbördsverk
880 2212 225 48 upprättade
1148 2210 329 48 sammandragen,
1520 2209 125 36 därtill
1686 2209 149 48 tryckta

233 2263 214 37 blanketter
494 2276 140 35 genom
678 2263 291 36 statskontorets
1012 2263 150 48 försorg
1203 2261 306 36 tillhandahållas
1552 2260 283 37 vederbörande

323 2323 127 42 Bihang
474 2324 49 31 till
547 2323 187 42 riksdagens
754 2323 156 42 protokoll
934 2324 93 30 1916.
1097 2324 20 29 7
1140 2322 89 31 saml.
1281 2323 43 31 37
1346 2321 79 40 höft.
1470 2321 68 39 (Nr
1561 2321 68 36 42.)
1775 2320 18 31 6
