1872 2764
283 168 40 28 20
668 161 276 31 Statsutskottets
963 161 174 31 utlåtande
1157 172 40 20 nr
1215 164 20 28 8
1252 161 37 31 år
1307 163 81 34 1964

285 242 168 31 utskottet
476 241 105 31 erinra
605 252 55 20 om
685 245 53 27 att
763 240 363 40 departementschefen
1150 241 105 30 under
1279 240 281 39 anslagspunkten
1588 243 37 28 16
1651 240 10 30 i
1686 239 87 31 årets

286 293 399 40 statsverksproposition,
712 293 131 40 bilagan
871 297 48 33 10,
945 293 495 40 Ecklesiastikdepartementet,
1468 293 160 32 förklarat
1655 293 48 39 sig
1730 293 42 31 ha

288 348 50 31 för
358 347 112 32 avsikt
492 351 52 28 att
564 347 51 31 för
636 349 98 31 nästa
755 346 162 40 budgetår
939 347 80 31 söka
1040 346 152 32 realisera
1215 351 49 27 ett
1286 346 130 40 statligt
1438 347 75 31 stöd
1536 346 50 31 för
1608 357 40 20 en
1671 346 102 31 effek-

288 400 106 32 tivare
419 400 177 40 spridning,
622 410 119 29 genom
764 400 44 31 bl.
833 411 29 20 a.
888 399 391 41 grammofoninspelning
1304 411 43 20 av
1373 400 172 31 inhemska
1571 402 202 29 tonsättares

288 454 80 31 verk
384 454 63 31 och
464 464 117 29 genom
597 452 242 41 framställning
855 464 43 20 av
916 453 221 37 notmaterial,
1154 464 43 20 av
1215 453 98 31 seriös
1330 453 151 31 inhemsk
1499 452 117 32 musik.
1635 452 138 32 Utskot-

288 511 50 27 tet
361 506 196 32 förutsätter
579 510 53 27 att
655 507 41 31 de
719 517 43 20 av
785 505 244 33 motionärerna
1051 506 172 39 efterlysta
1247 506 198 40 åtgärderna
1469 506 51 32 för
1544 505 229 32 introduktion

285 574 44 20 av
351 563 140 31 svenskt
512 562 154 31 musikliv
691 561 11 32 i
725 562 153 31 utlandet
900 561 190 40 härigenom
1113 560 85 31 skall
1221 560 113 31 kunna
1358 559 9 31 i
1392 559 71 31 icke
1486 558 184 40 oväsentlig
1694 557 79 41 grad

287 615 177 38 realiseras,
483 615 42 32 då
543 615 146 32 nämnda
708 615 105 31 medel
831 614 178 39 självfallet
1027 613 101 32 också
1145 613 61 31 bör
1223 613 114 31 kunna
1354 612 173 32 användas
1545 612 50 31 för
1613 623 40 20 en
1673 611 100 32 effek-

288 668 107 33 tivare
422 668 167 40 spridning
616 679 43 21 av
687 668 99 32 seriös
813 668 120 31 svensk
959 667 108 31 musik
1094 667 11 31 i
1133 666 163 32 utlandet.
1324 665 177 32 Utskottet
1528 665 107 31 finner
1663 664 112 32 därför

289 722 68 31 inte
375 722 70 32 skäl
463 726 53 27 att
533 722 167 38 tillstyrka
717 733 43 20 av
777 720 243 32 motionärerna
1037 720 123 39 begärd
1179 719 138 32 särskild
1335 718 155 32 skrivelse
1508 718 74 31 från
1600 718 174 39 riksdagen

290 776 8 30 i
319 778 114 29 ämnet
455 776 49 31 till
525 775 122 39 Kungl.
669 774 114 39 Maj:t.

330 838 115 31 Under
465 837 209 40 åberopande
696 847 43 21 av
761 837 66 30 vad
849 836 138 31 sålunda
1009 835 127 32 anförts
1158 835 189 31 hemställer
1368 834 178 37 utskottet,

646 898 27 31 I.
696 902 53 27 att
774 897 173 40 riksdagen
970 897 64 37 må,
1060 896 10 32 i
1095 896 178 40 anledning
1296 907 42 20 av
1363 895 123 40 Kungl.
1512 894 119 39 Maj:ts
1656 894 121 39 förslag

605 956 89 27 samt
720 950 205 32 motionerna
951 950 102 31 I:273
1079 950 62 31 och
1167 949 120 32 II:316
1316 953 87 27 samt
1429 949 101 30 I:327
1557 948 61 31 och
1645 948 130 36 ITI:333,

606 1004 154 40 samtliga
778 1003 162 32 motioner
959 1003 102 31 såvitt
1078 1014 45 20 nu
1143 1006 36 28 är
1198 1002 10 31 i
1226 1003 100 39 fråga,
1346 1005 157 28 ävensom
1522 1002 75 30 med
1617 1001 92 31 bifall
1727 1001 49 31 till

605 1057 206 32 motionerna
825 1057 29 31 I:
869 1059 57 29 146
942 1057 61 31 och
1018 1056 47 31 II:
1080 1059 69 34 192,
1164 1056 50 31 till
1232 1055 239 39 Utställningar
1484 1066 43 19 av
1541 1055 121 30 svensk
1678 1055 100 30 konst

605 1112 12 30 i
632 1111 155 31 utlandet
802 1110 50 32 för
868 1110 199 40 budgetåret
1084 1109 143 36 1964/65
1244 1108 116 32 anvisa
1376 1113 50 27 ett
1444 1108 333 39 reservationsanslag

605 1175 45 21 av
667 1167 61 28 250
741 1167 59 28 000
819 1164 58 37 kr.;

648 1226 48 31 II.
711 1230 53 28 att
778 1225 206 32 motionerna
998 1224 29 32 I:
1039 1227 60 28 410
1115 1224 61 32 och
1192 1224 47 31 II:
1252 1227 59 28 483
1328 1224 70 31 icke
1413 1224 54 31 må
1483 1223 170 32 föranleda
1667 1224 109 39 någon

607 1280 191 39 riksdagens
820 1279 127 39 åtgärd.

330 1414 86 41 10:0)
440 1415 203 38 Ersättning
667 1414 36 30 åt
728 1412 189 32 författare
941 1422 47 20 m.
1003 1411 41 31 fl.
1069 1410 62 31 för
1154 1410 164 40 utlåning
1341 1421 43 20 av
1408 1410 103 31 deras
1535 1410 88 31 verk
1648 1420 130 30 genom

288 1467 174 33 bibliotek
478 1478 47 20 m.
540 1478 47 20 m.
606 1465 124 40 Kungl.
747 1464 102 39 Maj:t
866 1465 60 30 har
944 1464 124 39 (punkt
1087 1466 48 34 10,
1152 1474 25 20 s.
1195 1463 136 39 32—35)
1351 1462 167 40 föreslagit
1535 1463 173 39 riksdagen
1726 1467 53 27 att

287 1521 51 32 till
359 1520 196 40 Ersättning
577 1519 36 31 åt
635 1518 175 32 författare
831 1517 90 32 m.fl.
944 1517 51 31 för
1017 1516 152 40 utlåning
1191 1527 42 20 av
1257 1516 94 31 deras
1374 1516 80 30 verk
1478 1526 117 29 genom
1619 1515 160 32 bibliotek

288 1585 99 21 m.m.
413 1574 52 31 för
488 1572 199 41 budgetåret
713 1572 140 35 1964/65
879 1570 116 32 anvisa
1020 1574 51 27 ett
1095 1569 251 40 förslagsanslag
1371 1580 42 20 av
1440 1571 90 29 2020
1543 1572 60 28 000
1629 1569 48 31 kr.
1704 1569 75 31 eller

288 1638 129 21 samma
437 1627 121 38 belopp
578 1636 71 20 som
670 1625 149 31 anvisats
839 1624 51 31 för
911 1623 223 31 innevarande
1155 1622 172 40 budgetår.

330 1734 17 31 I
366 1734 96 31 detta
479 1731 239 40 sammanhang
735 1731 60 31 har
812 1731 167 31 utskottet
996 1729 49 32 till
1063 1728 201 41 behandling
1281 1728 144 32 förehaft

330 1787 70 31 dels
417 1786 60 31 två
493 1785 212 39 likalydande
722 1783 171 38 motioner,
911 1783 123 31 väckta
1050 1783 65 31 den
1132 1793 62 20 ena
1212 1781 87 31 inom
1317 1781 105 32 första
1439 1782 191 30 kammaren
1648 1793 42 20 av
1709 1781 70 31 her-

290 1852 52 20 rar
362 1839 178 40 Adolfsson
559 1838 61 31 och
641 1838 106 38 Lager
769 1837 108 40 (I:96)
900 1836 61 31 och
983 1836 64 31 den
1067 1835 104 32 andra
1194 1835 88 31 inom
1303 1835 104 31 andra
1429 1835 191 30 kammaren
1642 1846 43 19 av
1706 1835 75 30 herr

292 1894 226 31 Hermansson
536 1903 44 19 m.
591 1891 35 40 fl.
650 1891 61 40 (II:
727 1890 84 40 132),
832 1889 9 31 i
862 1889 90 31 vilka
971 1889 196 36 hemställts,
1189 1887 103 32 såvitt
1312 1898 45 20 nu
1379 1890 37 29 är
1436 1887 10 31 i
1467 1887 101 40 fråga,
1589 1891 52 28 att
1663 1889 117 29 ersätt-

291 1946 120 40 ningen
436 1946 36 31 åt
497 1945 174 31 författare
695 1943 90 31 m.fl.
810 1943 50 30 för
884 1941 150 40 utlåning
1059 1953 42 20 av
1127 1942 96 30 deras
1248 1941 80 30 verk
1353 1951 117 29 genom
1496 1940 160 31 bibliotek
1680 1950 100 21 m.m.

291 1999 92 40 höjes
401 1999 74 31 från
492 1998 65 31 fem
575 1997 49 31 till
643 1997 74 31 åtta
735 1999 55 28 öre
806 2006 58 29 per
880 1995 123 31 boklån
1020 1995 61 31 och
1099 1999 54 27 att
1170 1993 114 40 övriga
1301 1993 321 39 ersättningsbelopp
1639 1993 142 39 justeras

291 2053 10 31 i
321 2052 194 40 proportion
535 2050 120 37 därtill,
676 2050 10 31 i
707 2049 143 40 enlighet
869 2048 76 32 med
966 2048 164 31 äskandet
1150 2047 74 31 från
1245 2046 159 39 styrelsen
1425 2046 51 31 för
1497 2046 148 40 Sveriges
1666 2045 115 32 förfat-

291 2105 145 37 tarfond;

333 2168 69 31 dels
428 2167 60 31 två
512 2165 212 39 likalydande
750 2164 171 37 motioner,
947 2163 123 31 väckta
1096 2162 65 31 den
1187 2172 62 21 ena
1275 2161 87 31 inom
1389 2161 105 31 första
1519 2161 193 32 kammaren
1738 2171 43 21 av

292 2221 112 31 herrar
421 2220 170 39 Källqvist
609 2218 62 31 och
690 2218 144 31 Billman
854 2217 43 40 (I:
909 2216 76 40 273)
1005 2216 61 31 och
1087 2216 65 30 den
1170 2215 104 31 andra
1294 2214 88 31 inom
1402 2214 105 31 andra
1526 2214 192 31 kammaren
1738 2224 43 20 av

293 2274 51 31 fru
365 2273 110 32 Gärde
498 2272 165 33 Widemar
681 2271 63 32 och
763 2271 74 31 herr
855 2269 114 39 Keijer
990 2269 61 40 (II:
1064 2269 88 39 316),
1173 2268 9 30 i
1203 2267 89 32 vilka
1311 2267 195 37 hemställts,
1525 2266 105 32 såvitt
1650 2278 45 20 nu
1715 2270 37 28 är
1773 2266 9 31 i

293 2327 102 40 fråga,
418 2330 54 28 att
494 2325 173 39 riksdagen
693 2324 103 31 under
818 2323 140 31 åttonde
979 2321 231 32 huvudtitelns
1234 2320 206 39 driftbudget
1463 2319 107 31 måtte
1593 2319 116 32 anvisa
1733 2323 50 27 ett

294 2379 251 40 förslagsanslag
561 2389 42 20 av
622 2381 19 27 3
653 2380 61 28 716
727 2380 59 28 000
804 2376 48 31 kr.
870 2375 49 31 till
936 2373 197 41 Ersättning
1150 2374 36 31 åt
1204 2373 174 31 författare
1395 2384 43 19 m.
1451 2372 34 31 fl.
1503 2372 50 31 för
1571 2373 151 40 utlåning
1739 2383 43 20 av

288 2434 100 31 deras
405 2432 81 31 verk
502 2442 116 29 genom
635 2430 160 31 bibliotek
811 2440 43 20 m.
866 2439 55 26 m.;
