1886 2764
258 181 38 33 66
638 171 276 32 Statsutskottets
935 170 170 31 utlåtande
1127 180 38 20 nr
1183 172 19 28 8
1222 169 36 31 år
1277 171 80 33 1964

259 254 198 31 oförändrad
477 252 296 39 medelsanvisning
792 251 49 31 för
861 251 190 31 ändamålet
1069 250 50 32 för
1138 252 96 29 nästa
1253 248 172 40 budgetår.
1444 248 176 31 Utskottet
1639 247 103 30 förut-

259 309 102 29 sätter
381 305 179 32 emellertid
581 310 50 26 att
651 305 123 39 Kungl.
794 304 102 39 Maj:t
917 304 55 31 vid
994 303 69 31 sina
1083 303 157 31 fortsatta
1260 301 251 40 överväganden
1531 311 54 24 om
1604 300 140 40 insatser

260 360 42 38 på
323 359 239 42 kulturstödets
584 358 134 36 område
742 358 137 42 beaktar
901 357 41 31 de
962 357 71 37 skäl
1056 366 69 34 som
1148 356 85 41 talar
1256 355 51 32 för
1329 365 39 20 en
1391 353 208 46 uppräkning
1621 364 43 21 av
1686 363 57 21 an-

259 413 112 39 slaget.

301 465 175 33 Utskottet
506 464 178 44 tillstyrker
712 464 96 33 alltså
835 463 91 43 bifall
956 462 48 33 till
1032 462 122 43 Kungl.
1183 460 120 40 Maj:ts
1333 460 119 40 förslag
1480 460 60 31 och
1569 459 175 39 avstyrker

261 518 9 31 i
288 518 205 31 motionerna
513 517 27 31 I:
553 520 59 28 273
632 517 61 31 och
713 516 47 31 II:
773 520 69 33 316,
860 516 28 31 I:
901 518 60 35 327
981 515 60 31 och
1061 514 46 32 II:
1120 517 60 28 333
1199 518 88 35 samt
1307 514 28 30 I:
1350 516 57 30 146
1426 513 61 31 och
1506 513 47 31 II:
1568 516 57 30 192
1645 512 98 41 fram-

260 572 94 39 lagda
373 571 120 40 förslag
512 570 48 43 till
578 569 137 40 höjning
734 581 42 20 av
795 569 214 42 förevarande
1027 568 141 39 anslag.»

301 624 67 32 dels
387 624 61 31 ock
467 628 53 27 att
538 623 180 44 utskottets
737 622 195 38 hemställan
951 622 103 35 under
1072 621 27 31 I.
1118 621 75 31 bort
1211 620 43 31 ha
1273 619 144 40 följande
1434 619 132 38 lydelse:

620 685 46 34 »I.
690 689 53 30 att
765 684 173 39 riksdagen
961 684 64 36 må,
1049 683 75 36 med
1148 682 92 36 bifall
1264 682 49 35 till
1337 681 122 40 Kungl.
1482 680 119 39 Maj:ts
1625 680 121 39 förslag

577 741 157 31 ävensom
760 738 75 31 med
861 737 114 39 avslag
1000 737 18 30 å
1045 735 206 36 motionerna
1277 735 28 31 TI:
1320 737 56 33 146
1403 734 61 31 och
1488 734 130 36 II:192,
1643 733 28 31 I:
1685 736 59 28 273

577 791 60 37 och
659 791 48 37 II:
719 794 60 32 316
800 795 87 31 samt
908 790 28 31 I:
949 793 60 28 327
1031 789 60 31 och
1112 789 47 35 II:
1172 791 70 34 333,
1263 787 205 34 sistnämnda
1489 787 72 38 fyra
1583 786 164 31 motioner

577 844 104 40 såvitt
704 855 46 20 nu
773 846 36 29 är
832 843 10 32 i
866 843 101 39 fråga,
992 842 49 34 till
1068 841 239 38 Utställningar
1329 852 42 20 av
1394 840 121 31 svensk
1538 840 99 30 konst
1659 839 12 31 i
1693 843 52 27 ut-

578 897 114 32 landet
708 897 51 36 för
777 896 197 40 budgetåret
994 896 138 35 1964/635
1152 894 115 32 anvisa
1286 898 50 27 ett
1354 893 331 39 reservationsanslag
1703 903 43 20 av

580 953 57 28 100
651 953 60 28 000
733 950 77 36 kr.;»

303 1059 32 38 5)
367 1058 55 31 vid
441 1057 150 40 punkten
609 1060 39 28 10
669 1056 210 40 (Ersättning
897 1056 36 31 åt
952 1055 173 41 författare
1145 1065 44 32 m.
1202 1054 34 32 fl.
1255 1053 50 32 för
1323 1052 149 44 utlåning
1490 1064 42 20 av
1552 1052 94 41 deras
1666 1052 81 31 verk

262 1122 115 29 genom
396 1111 160 32 bibliotek
572 1122 43 19 m.
627 1100 67 50 m.)

302 1165 33 38 a)
375 1176 42 20 av
444 1164 112 33 herrar
581 1164 139 34 Boman,
747 1162 80 34 Axel
852 1162 167 31 Johannes
1046 1160 200 40 Andersson,
1272 1160 178 41 Källqvist,
1477 1159 115 31 fröken
1618 1153 129 51 Elmén,

259 1218 112 31 herrar
387 1217 176 35 Arvidson,
579 1216 106 30 Helén
702 1215 61 31 och
780 1214 165 37 Källstad,
963 1214 88 32 vilka
1069 1218 111 29 ansett

302 1270 67 31 dels
389 1275 53 31 att
462 1270 57 31 det
536 1269 142 39 stycke
669 1260 18 55 i
701 1269 181 42 utskottets
902 1268 158 38 yttrande
1080 1267 42 44 på
1142 1277 24 20 s.
1187 1270 50 33 23,
1257 1277 70 20 som
1348 1265 111 44 börjar
1477 1266 75 30 med
1573 1265 35 31 »I
1629 1264 118 32 motio-

263 1334 117 22 nerna»
399 1323 61 36 och
476 1323 104 44 slutar
596 1322 75 39 med
692 1321 79 45 »fria
789 1321 81 43 del»,
887 1321 76 30 bort
979 1322 139 37 ersättas
1135 1320 76 40 med
1229 1323 71 37 text
1317 1330 42 29 av
1374 1318 145 44 följande
1536 1318 133 40 lydelse:

305 1375 393 44 »Departementschefen
725 1361 133 44 föreslår
884 1373 209 39 beträffande
1119 1373 109 31 denna
1255 1372 238 42 anslagspunkt
1520 1375 54 28 att
1599 1372 149 39 anslaget

263 1429 48 39 till
335 1429 183 40 ersättning
542 1429 35 30 åt
599 1428 176 31 författare
799 1427 89 31 m.fl.
912 1426 50 31 för
987 1426 149 42 utlåning
1158 1437 43 20 av
1227 1426 93 30 deras
1345 1425 80 42 verk
1447 1435 117 30 genom
1588 1424 161 38 bibliotek

261 1494 100 28 m.m.
386 1482 83 39 skall
494 1486 162 41 upptagas
681 1481 75 31 med
782 1491 125 29 samma
932 1480 120 39 belopp
1079 1490 69 20 som
1173 1478 98 40 utgår
1295 1478 50 32 för
1368 1478 190 35 ändamålet
1582 1477 51 32 för
1659 1477 88 41 inne-

264 1536 144 39 varande
425 1535 172 45 budgetår.
614 1534 64 31 Till
694 1534 77 31 stöd
789 1533 50 31 för
856 1533 155 39 förslaget
1028 1532 158 41 åberopas
1204 1536 53 27 att
1275 1531 173 32 författare
1465 1530 61 39 och
1544 1533 204 38 översättare

260 1589 84 38 skall
369 1589 113 31 kunna
509 1587 119 34 erhålla
655 1585 356 40 konstnärsstipendier
1035 1585 61 44 och
1121 1585 70 31 s.k.
1218 1583 376 42 konstnärsbelöningar.
1619 1584 70 41 Det
1713 1586 36 29 är

263 1641 180 43 emellertid
464 1641 100 39 enligt
585 1640 182 39 utskottets
789 1639 131 40 mening
941 1650 42 20 av
1006 1639 72 33 vikt
1097 1643 53 28 att
1170 1638 174 36 framhålla
1365 1648 41 20 en
1428 1636 160 44 väsentlig
1607 1637 142 40 skillnad

262 1695 119 39 mellan
405 1695 19 31 å
447 1705 61 21 ena
530 1694 92 42 sidan
645 1692 402 41 biblioteksersättningen
1069 1692 61 35 och
1152 1692 20 31 å
1194 1692 65 30 den
1281 1691 103 31 andra
1405 1689 343 44 konstnärsbelöning-

264 1759 89 21 arna.
371 1748 127 36 Medan
518 1747 40 35 de
575 1758 113 28 senare
707 1749 37 32 är
761 1757 40 20 en
819 1745 84 39 form
920 1756 42 21 av
980 1744 234 40 stipendiering
1233 1746 97 38 utgör
1347 1743 402 43 biblioteksersättningen

264 1801 182 41 ersättning
471 1801 51 30 för
545 1800 104 36 utfört
674 1799 123 39 arbete,
823 1798 110 39 vilken
959 1798 182 39 ersättning
1165 1801 112 30 staten
1302 1797 210 31 tillerkänner
1536 1797 40 31 de
1600 1796 148 33 litterära

264 1855 261 38 yrkesutövarna
550 1864 69 20 som
644 1851 252 41 kompensation
921 1851 51 37 för
996 1851 64 37 den
1083 1850 238 40 inskränkning
1344 1850 10 31 i
1379 1850 274 40 upphovsrätten,
1678 1860 71 20 som

264 1908 41 30 de
331 1907 60 32 fria
416 1906 273 32 bibliotekslånen
715 1905 145 31 innebär.
886 1904 107 45 Detta
1018 1904 204 36 förhållande
1248 1904 161 41 påverkas
1435 1903 68 31 inte
1529 1914 53 28 av,
1607 1907 54 37 att
1686 1903 63 31 för-

265 1960 144 41 fattaren
426 1960 120 40 endast
563 1964 51 30 tar
632 1963 40 34 ut
691 1969 40 20 en
750 1958 52 31 del
820 1969 41 20 av
880 1958 40 30 de
939 1957 156 41 anslagna
1114 1957 131 31 medlen
1265 1956 9 31 i
1293 1956 107 42 direkt
1418 1956 191 40 ersättning,
1628 1956 122 39 medan

263 2018 108 30 resten
395 2013 129 32 utdelas
547 2012 9 31 i
579 2012 84 37 form
685 2023 43 22 av
752 2012 84 32 bl.a.
861 2010 181 40 pensioner.
1065 2010 83 31 Med
1171 2010 65 31 den
1259 2009 203 41 utformning
1486 2009 263 39 konstnärsbelö-

264 2066 159 40 ningarna
451 2066 67 31 fått
543 2066 10 30 i
580 2064 379 40 departementschefens
986 2064 129 39 förslag,
1142 2063 95 31 torde
1264 2063 93 31 dessa
1385 2063 68 31 inte
1480 2063 99 31 heller
1606 2062 10 31 i
1642 2063 108 39 någon

265 2120 155 36 märkbar
448 2118 228 45 utsträckning
704 2118 128 32 avlasta
861 2117 132 38 trycket
1020 2117 43 39 på
1090 2116 295 32 författarfondens
1412 2116 61 31 fria
1502 2116 61 37 del,
1592 2116 42 31 då
1663 2116 87 31 belö-

265 2172 158 43 ningarna
443 2173 118 39 endast
579 2182 93 21 avses
693 2171 80 40 utgå
792 2171 48 31 till
858 2174 39 28 25
916 2171 195 39 konstnärer
1130 2169 89 32 inom
1237 2169 73 41 hela
1329 2169 63 31 den
1411 2169 61 32 fria
1492 2169 258 40 kultursektorn.

306 2226 52 31 En
383 2225 209 46 uppräkning
616 2236 43 20 av
686 2223 401 40 biblioteksersättningen
1114 2223 156 40 framstår
1295 2222 100 40 enligt
1421 2222 166 40 utskottet
1611 2233 72 20 som
1710 2233 40 20 en

264 2279 219 39 ofrånkomlig
506 2277 248 40 nödvändighet
776 2277 50 31 för
847 2276 267 42 författarkåren,
1137 2276 86 38 både
1246 2276 76 30 med
1345 2276 100 40 tanke
1468 2275 42 40 på
1534 2275 64 31 den
1621 2275 129 40 direkta

266 2331 192 40 ersättning,
476 2342 72 20 som
567 2331 96 39 utgår
683 2330 49 31 till
751 2330 197 31 författaren
968 2329 61 31 och
1048 2329 76 32 med
1144 2329 102 31 tanke
1267 2329 43 41 på
1329 2328 212 41 möjligheten
1560 2332 54 35 att
1633 2339 118 29 genom

266 2384 331 40 långtidsstipendier,
624 2382 324 41 engångsstipendier
973 2382 62 31 och
1063 2381 172 40 pensioner
1262 2381 109 39 stödja
1396 2381 42 37 de
1465 2381 147 32 litterära
1640 2382 111 39 yrkes-

267 2440 172 37 utövarna.
467 2437 175 38 Utskottet
666 2436 181 39 tillstyrker
871 2435 112 31 därför
1007 2435 91 39 bifall
1123 2435 49 35 till
1197 2435 58 31 det
1279 2435 147 39 yrkande
1450 2445 71 20 som
1546 2434 169 32 framförts
1742 2434 10 31 i

266 2491 206 31 motionerna
493 2491 100 31 I:273
616 2490 62 31 och
701 2489 47 36 II:
761 2492 59 28 316
841 2488 117 32 liksom
980 2490 84 29 även
1086 2487 207 34 motionerna
1315 2487 78 32 I:96
1415 2487 60 40 och
1498 2487 46 39 II:
1559 2491 68 34 132,
1649 2491 102 35 samt-
