<?xml version="1.0" encoding="UTF-8"?>
<alto xmlns="http://www.loc.gov/standards/alto/ns-v3#" xmlns:xlink="http://www.w3.org/1999/xlink" xmlns:xsi="http://www.w3.org/2001/XMLSchema-instance" xsi:schemaLocation="http://www.loc.gov/standards/alto/ns-v3# http://www.loc.gov/alto/v3/alto-3-0.xsd">
	<Description>
		<MeasurementUnit>pixel</MeasurementUnit>
		<sourceImageInformation>
			<fileName>/tmp/tess_4zx6mofz_input.PNG</fileName>
		</sourceImageInformation>
		<OCRProcessing ID="OCR_0">
			<ocrProcessingStep>
				<processingSoftware>
					<softwareName>tesseract 5.3.0</softwareName>
				</processingSoftware>
			</ocrProcessingStep>
		</OCRProcessing>
	</Description>
	<Layout>
		<Page WIDTH="1872" HEIGHT="2764" PHYSICAL_IMG_NR="0" ID="page_0">
			<PrintSpace HPOS="0" VPOS="0" WIDTH="1872" HEIGHT="2764">
				<ComposedBlock ID="cblock_0" HPOS="279" VPOS="152" WIDTH="1101" HEIGHT="38">
					<TextBlock ID="block_0" HPOS="279" VPOS="152" WIDTH="1101" HEIGHT="38">
						<TextLine ID="line_0" HPOS="279" VPOS="152" WIDTH="1101" HEIGHT="38">
							<String ID="string_0" HPOS="279" VPOS="157" WIDTH="37" HEIGHT="27" WC="0.96" CONTENT="12"/><SP WIDTH="342" VPOS="157" HPOS="316"/>
							<String ID="string_1" HPOS="658" VPOS="152" WIDTH="278" HEIGHT="32" WC="0.89" CONTENT="Statsutskottets"/><SP WIDTH="19" VPOS="152" HPOS="936"/>
							<String ID="string_2" HPOS="955" VPOS="153" WIDTH="173" HEIGHT="32" WC="0.96" CONTENT="utlåtande"/><SP WIDTH="19" VPOS="153" HPOS="1128"/>
							<String ID="string_3" HPOS="1147" VPOS="165" WIDTH="41" HEIGHT="20" WC="0.96" CONTENT="nr"/><SP WIDTH="18" VPOS="165" HPOS="1188"/>
							<String ID="string_4" HPOS="1206" VPOS="157" WIDTH="20" HEIGHT="29" WC="0.96" CONTENT="8"/><SP WIDTH="18" VPOS="157" HPOS="1226"/>
							<String ID="string_5" HPOS="1244" VPOS="154" WIDTH="36" HEIGHT="31" WC="0.95" CONTENT="år"/><SP WIDTH="18" VPOS="154" HPOS="1280"/>
							<String ID="string_6" HPOS="1298" VPOS="157" WIDTH="82" HEIGHT="33" WC="0.78" CONTENT="1964"/>
						</TextLine>
					</TextBlock>
				</ComposedBlock>
				<ComposedBlock ID="cblock_1" HPOS="276" VPOS="230" WIDTH="1489" HEIGHT="255">
					<TextBlock ID="block_1" HPOS="276" VPOS="230" WIDTH="1489" HEIGHT="255">
						<TextLine ID="line_1" HPOS="277" VPOS="230" WIDTH="1488" HEIGHT="45">
							<String ID="string_7" HPOS="277" VPOS="230" WIDTH="10" HEIGHT="31" WC="0.96" CONTENT="i"/><SP WIDTH="17" VPOS="230" HPOS="287"/>
							<String ID="string_8" HPOS="304" VPOS="230" WIDTH="108" HEIGHT="40" WC="0.96" CONTENT="övrigt"/><SP WIDTH="17" VPOS="230" HPOS="412"/>
							<String ID="string_9" HPOS="429" VPOS="231" WIDTH="66" HEIGHT="31" WC="0.96" CONTENT="kan"/><SP WIDTH="17" VPOS="231" HPOS="495"/>
							<String ID="string_10" HPOS="512" VPOS="242" WIDTH="94" HEIGHT="21" WC="0.96" CONTENT="anses"/><SP WIDTH="17" VPOS="242" HPOS="606"/>
							<String ID="string_11" HPOS="623" VPOS="231" WIDTH="209" HEIGHT="41" WC="0.96" CONTENT="erforderliga"/><SP WIDTH="18" VPOS="231" HPOS="832"/>
							<String ID="string_12" HPOS="850" VPOS="233" WIDTH="75" HEIGHT="31" WC="0.96" CONTENT="med"/><SP WIDTH="19" VPOS="233" HPOS="925"/>
							<String ID="string_13" HPOS="944" VPOS="233" WIDTH="176" HEIGHT="40" WC="0.96" CONTENT="anledning"/><SP WIDTH="16" VPOS="233" HPOS="1120"/>
							<String ID="string_14" HPOS="1136" VPOS="245" WIDTH="43" HEIGHT="20" WC="0.96" CONTENT="av"/><SP WIDTH="18" VPOS="245" HPOS="1179"/>
							<String ID="string_15" HPOS="1197" VPOS="234" WIDTH="163" HEIGHT="40" WC="0.95" CONTENT="förslaget."/><SP WIDTH="19" VPOS="234" HPOS="1360"/>
							<String ID="string_16" HPOS="1379" VPOS="235" WIDTH="16" HEIGHT="31" WC="0.96" CONTENT="I"/><SP WIDTH="18" VPOS="235" HPOS="1395"/>
							<String ID="string_17" HPOS="1413" VPOS="235" WIDTH="94" HEIGHT="31" WC="0.96" CONTENT="detta"/><SP WIDTH="17" VPOS="235" HPOS="1507"/>
							<String ID="string_18" HPOS="1524" VPOS="236" WIDTH="241" HEIGHT="39" WC="0.96" CONTENT="sammanhang"/>
						</TextLine>
						<TextLine ID="line_2" HPOS="277" VPOS="283" WIDTH="1487" HEIGHT="45">
							<String ID="string_19" HPOS="277" VPOS="283" WIDTH="195" HEIGHT="39" WC="0.91" CONTENT="framhålles,"/><SP WIDTH="18" VPOS="283" HPOS="472"/>
							<String ID="string_20" HPOS="490" VPOS="289" WIDTH="52" HEIGHT="27" WC="0.93" CONTENT="att"/><SP WIDTH="16" VPOS="289" HPOS="542"/>
							<String ID="string_21" HPOS="558" VPOS="285" WIDTH="364" HEIGHT="39" WC="0.91" CONTENT="departementschefen"/><SP WIDTH="18" VPOS="285" HPOS="922"/>
							<String ID="string_22" HPOS="940" VPOS="287" WIDTH="100" HEIGHT="31" WC="0.96" CONTENT="redan"/><SP WIDTH="18" VPOS="287" HPOS="1040"/>
							<String ID="string_23" HPOS="1058" VPOS="287" WIDTH="55" HEIGHT="32" WC="0.93" CONTENT="vid"/><SP WIDTH="19" VPOS="287" HPOS="1113"/>
							<String ID="string_24" HPOS="1132" VPOS="288" WIDTH="213" HEIGHT="39" WC="0.92" CONTENT="uppgörande"/><SP WIDTH="17" VPOS="288" HPOS="1345"/>
							<String ID="string_25" HPOS="1362" VPOS="299" WIDTH="42" HEIGHT="20" WC="0.96" CONTENT="av"/><SP WIDTH="18" VPOS="299" HPOS="1404"/>
							<String ID="string_26" HPOS="1422" VPOS="288" WIDTH="155" HEIGHT="40" WC="0.95" CONTENT="förslaget"/><SP WIDTH="16" VPOS="288" HPOS="1577"/>
							<String ID="string_27" HPOS="1593" VPOS="288" WIDTH="171" HEIGHT="38" WC="0.96" CONTENT="förutsatt,"/>
						</TextLine>
						<TextLine ID="line_3" HPOS="276" VPOS="338" WIDTH="1486" HEIGHT="43">
							<String ID="string_28" HPOS="276" VPOS="341" WIDTH="52" HEIGHT="28" WC="0.93" CONTENT="att"/><SP WIDTH="19" VPOS="341" HPOS="328"/>
							<String ID="string_29" HPOS="347" VPOS="338" WIDTH="411" HEIGHT="40" WC="0.91" CONTENT="konstnärsbelöningarna"/><SP WIDTH="19" VPOS="338" HPOS="758"/>
							<String ID="string_30" HPOS="777" VPOS="339" WIDTH="81" HEIGHT="31" WC="0.96" CONTENT="skall"/><SP WIDTH="19" VPOS="339" HPOS="858"/>
							<String ID="string_31" HPOS="877" VPOS="339" WIDTH="34" HEIGHT="32" WC="0.96" CONTENT="få"/><SP WIDTH="19" VPOS="339" HPOS="911"/>
							<String ID="string_32" HPOS="930" VPOS="340" WIDTH="198" HEIGHT="31" WC="0.96" CONTENT="karaktären"/><SP WIDTH="20" VPOS="340" HPOS="1128"/>
							<String ID="string_33" HPOS="1148" VPOS="352" WIDTH="42" HEIGHT="20" WC="0.96" CONTENT="av"/><SP WIDTH="19" VPOS="352" HPOS="1190"/>
							<String ID="string_34" HPOS="1209" VPOS="341" WIDTH="228" HEIGHT="40" WC="0.96" CONTENT="skattepliktig"/><SP WIDTH="17" VPOS="341" HPOS="1437"/>
							<String ID="string_35" HPOS="1454" VPOS="341" WIDTH="146" HEIGHT="32" WC="0.95" CONTENT="inkomst"/><SP WIDTH="17" VPOS="341" HPOS="1600"/>
							<String ID="string_36" HPOS="1617" VPOS="353" WIDTH="75" HEIGHT="20" WC="0.96" CONTENT="men"/><SP WIDTH="19" VPOS="353" HPOS="1692"/>
							<String ID="string_37" HPOS="1711" VPOS="347" WIDTH="51" HEIGHT="27" WC="0.96" CONTENT="att"/>
						</TextLine>
						<TextLine ID="line_4" HPOS="276" VPOS="391" WIDTH="1485" HEIGHT="45">
							<String ID="string_38" HPOS="276" VPOS="391" WIDTH="40" HEIGHT="31" WC="0.96" CONTENT="de"/><SP WIDTH="15" VPOS="391" HPOS="316"/>
							<String ID="string_39" HPOS="331" VPOS="392" WIDTH="150" HEIGHT="30" WC="0.96" CONTENT="däremot"/><SP WIDTH="14" VPOS="392" HPOS="481"/>
							<String ID="string_40" HPOS="495" VPOS="391" WIDTH="67" HEIGHT="32" WC="0.96" CONTENT="inte"/><SP WIDTH="14" VPOS="391" HPOS="562"/>
							<String ID="string_41" HPOS="576" VPOS="393" WIDTH="94" HEIGHT="30" WC="0.96" CONTENT="torde"/><SP WIDTH="15" VPOS="393" HPOS="670"/>
							<String ID="string_42" HPOS="685" VPOS="392" WIDTH="134" HEIGHT="32" WC="0.96" CONTENT="komma"/><SP WIDTH="14" VPOS="392" HPOS="819"/>
							<String ID="string_43" HPOS="833" VPOS="397" WIDTH="52" HEIGHT="27" WC="0.96" CONTENT="att"/><SP WIDTH="15" VPOS="397" HPOS="885"/>
							<String ID="string_44" HPOS="900" VPOS="396" WIDTH="116" HEIGHT="36" WC="0.93" CONTENT="utgöra"/><SP WIDTH="15" VPOS="396" HPOS="1016"/>
							<String ID="string_45" HPOS="1031" VPOS="394" WIDTH="346" HEIGHT="39" WC="0.91" CONTENT="pensionsgrundande"/><SP WIDTH="16" VPOS="394" HPOS="1377"/>
							<String ID="string_46" HPOS="1393" VPOS="395" WIDTH="145" HEIGHT="32" WC="0.96" CONTENT="inkomst"/><SP WIDTH="16" VPOS="395" HPOS="1538"/>
							<String ID="string_47" HPOS="1554" VPOS="395" WIDTH="100" HEIGHT="40" WC="0.96" CONTENT="enligt"/><SP WIDTH="14" VPOS="395" HPOS="1654"/>
							<String ID="string_48" HPOS="1668" VPOS="397" WIDTH="93" HEIGHT="39" WC="0.96" CONTENT="lagen"/>
						</TextLine>
						<TextLine ID="line_5" HPOS="276" VPOS="445" WIDTH="402" HEIGHT="40">
							<String ID="string_49" HPOS="276" VPOS="455" WIDTH="53" HEIGHT="20" WC="0.96" CONTENT="om"/><SP WIDTH="18" VPOS="455" HPOS="329"/>
							<String ID="string_50" HPOS="347" VPOS="445" WIDTH="121" HEIGHT="31" WC="0.96" CONTENT="allmän"/><SP WIDTH="18" VPOS="445" HPOS="468"/>
							<String ID="string_51" HPOS="486" VPOS="445" WIDTH="192" HEIGHT="40" WC="0.96" CONTENT="försäkring."/>
						</TextLine>
					</TextBlock>
				</ComposedBlock>
				<ComposedBlock ID="cblock_2" HPOS="262" VPOS="551" WIDTH="1500" HEIGHT="1967">
					<TextBlock ID="block_2" HPOS="275" VPOS="551" WIDTH="1487" HEIGHT="205">
						<TextLine ID="line_6" HPOS="316" VPOS="551" WIDTH="1446" HEIGHT="43">
							<String ID="string_52" HPOS="316" VPOS="551" WIDTH="18" HEIGHT="31" WC="0.96" CONTENT="I"/><SP WIDTH="19" VPOS="551" HPOS="334"/>
							<String ID="string_53" HPOS="353" VPOS="551" WIDTH="167" HEIGHT="37" WC="0.96" CONTENT="särskilda,"/><SP WIDTH="19" VPOS="551" HPOS="520"/>
							<String ID="string_54" HPOS="539" VPOS="552" WIDTH="48" HEIGHT="31" WC="0.96" CONTENT="till"/><SP WIDTH="20" VPOS="552" HPOS="587"/>
							<String ID="string_55" HPOS="607" VPOS="553" WIDTH="253" HEIGHT="31" WC="0.93" CONTENT="statsutskottet"/><SP WIDTH="19" VPOS="553" HPOS="860"/>
							<String ID="string_56" HPOS="879" VPOS="553" WIDTH="133" HEIGHT="39" WC="0.91" CONTENT="ingivna"/><SP WIDTH="16" VPOS="553" HPOS="1012"/>
							<String ID="string_57" HPOS="1028" VPOS="553" WIDTH="279" HEIGHT="41" WC="0.95" CONTENT="framställningar"/><SP WIDTH="17" VPOS="553" HPOS="1307"/>
							<String ID="string_58" HPOS="1324" VPOS="555" WIDTH="59" HEIGHT="31" WC="0.96" CONTENT="har"/><SP WIDTH="18" VPOS="555" HPOS="1383"/>
							<String ID="string_59" HPOS="1401" VPOS="556" WIDTH="197" HEIGHT="38" WC="0.96" CONTENT="styrelserna"/><SP WIDTH="18" VPOS="556" HPOS="1598"/>
							<String ID="string_60" HPOS="1616" VPOS="556" WIDTH="51" HEIGHT="31" WC="0.93" CONTENT="för"/><SP WIDTH="17" VPOS="556" HPOS="1667"/>
							<String ID="string_61" HPOS="1684" VPOS="557" WIDTH="78" HEIGHT="31" WC="0.91" CONTENT="Sve-"/>
						</TextLine>
						<TextLine ID="line_7" HPOS="275" VPOS="603" WIDTH="1486" HEIGHT="46">
							<String ID="string_62" HPOS="275" VPOS="603" WIDTH="82" HEIGHT="41" WC="0.92" CONTENT="riges"/><SP WIDTH="33" VPOS="603" HPOS="357"/>
							<String ID="string_63" HPOS="390" VPOS="604" WIDTH="234" HEIGHT="32" WC="0.91" CONTENT="författarfond"/><SP WIDTH="34" VPOS="604" HPOS="624"/>
							<String ID="string_64" HPOS="658" VPOS="606" WIDTH="61" HEIGHT="30" WC="0.96" CONTENT="och"/><SP WIDTH="35" VPOS="606" HPOS="719"/>
							<String ID="string_65" HPOS="754" VPOS="606" WIDTH="50" HEIGHT="31" WC="0.96" CONTENT="för"/><SP WIDTH="33" VPOS="606" HPOS="804"/>
							<String ID="string_66" HPOS="837" VPOS="606" WIDTH="76" HEIGHT="31" WC="0.96" CONTENT="Fria"/><SP WIDTH="32" VPOS="606" HPOS="913"/>
							<String ID="string_67" HPOS="945" VPOS="606" WIDTH="146" HEIGHT="32" WC="0.93" CONTENT="litterära"/><SP WIDTH="35" VPOS="606" HPOS="1091"/>
							<String ID="string_68" HPOS="1126" VPOS="607" WIDTH="254" HEIGHT="39" WC="0.91" CONTENT="yrkesutövares"/><SP WIDTH="34" VPOS="607" HPOS="1380"/>
							<String ID="string_69" HPOS="1414" VPOS="610" WIDTH="347" HEIGHT="39" WC="0.91" CONTENT="centralorganisation"/>
						</TextLine>
						<TextLine ID="line_8" HPOS="276" VPOS="657" WIDTH="1485" HEIGHT="42">
							<String ID="string_70" HPOS="276" VPOS="657" WIDTH="176" HEIGHT="41" WC="0.91" CONTENT="(FLYCO)"/><SP WIDTH="38" VPOS="657" HPOS="452"/>
							<String ID="string_71" HPOS="490" VPOS="663" WIDTH="87" HEIGHT="26" WC="0.96" CONTENT="samt"/><SP WIDTH="34" VPOS="663" HPOS="577"/>
							<String ID="string_72" HPOS="611" VPOS="658" WIDTH="236" HEIGHT="40" WC="0.40" CONTENT="Konstnärliga"/><SP WIDTH="37" VPOS="658" HPOS="847"/>
							<String ID="string_73" HPOS="884" VPOS="660" WIDTH="61" HEIGHT="31" WC="0.92" CONTENT="och"/><SP WIDTH="36" VPOS="660" HPOS="945"/>
							<String ID="string_74" HPOS="981" VPOS="660" WIDTH="147" HEIGHT="32" WC="0.92" CONTENT="litterära"/><SP WIDTH="35" VPOS="660" HPOS="1128"/>
							<String ID="string_75" HPOS="1163" VPOS="661" WIDTH="253" HEIGHT="38" WC="0.92" CONTENT="yrkesutövares"/><SP WIDTH="36" VPOS="661" HPOS="1416"/>
							<String ID="string_76" HPOS="1452" VPOS="663" WIDTH="309" HEIGHT="32" WC="0.91" CONTENT="samarbetsnämnd"/>
						</TextLine>
						<TextLine ID="line_9" HPOS="278" VPOS="710" WIDTH="1381" HEIGHT="46">
							<String ID="string_77" HPOS="278" VPOS="710" WIDTH="145" HEIGHT="41" WC="0.95" CONTENT="(KLYS)"/><SP WIDTH="20" VPOS="710" HPOS="423"/>
							<String ID="string_78" HPOS="443" VPOS="711" WIDTH="127" HEIGHT="31" WC="0.96" CONTENT="lämnat"/><SP WIDTH="18" VPOS="711" HPOS="570"/>
							<String ID="string_79" HPOS="588" VPOS="712" WIDTH="207" HEIGHT="38" WC="0.96" CONTENT="synpunkter"/><SP WIDTH="17" VPOS="712" HPOS="795"/>
							<String ID="string_80" HPOS="812" VPOS="713" WIDTH="42" HEIGHT="38" WC="0.96" CONTENT="på"/><SP WIDTH="20" VPOS="713" HPOS="854"/>
							<String ID="string_81" HPOS="874" VPOS="713" WIDTH="43" HEIGHT="31" WC="0.76" CONTENT="bl."/><SP WIDTH="12" VPOS="713" HPOS="917"/>
							<String ID="string_82" HPOS="929" VPOS="725" WIDTH="30" HEIGHT="19" WC="0.76" CONTENT="a."/><SP WIDTH="19" VPOS="725" HPOS="959"/>
							<String ID="string_83" HPOS="978" VPOS="714" WIDTH="40" HEIGHT="31" WC="0.96" CONTENT="de"/><SP WIDTH="19" VPOS="714" HPOS="1018"/>
							<String ID="string_84" HPOS="1037" VPOS="713" WIDTH="182" HEIGHT="40" WC="0.93" CONTENT="föreslagna"/><SP WIDTH="20" VPOS="713" HPOS="1219"/>
							<String ID="string_85" HPOS="1239" VPOS="715" WIDTH="420" HEIGHT="41" WC="0.91" CONTENT="konstnärsbelöningarna."/>
						</TextLine>
					</TextBlock>
					<TextBlock ID="block_3" HPOS="275" VPOS="764" WIDTH="1487" HEIGHT="147">
						<TextLine ID="line_10" HPOS="316" VPOS="764" WIDTH="1446" HEIGHT="45">
							<String ID="string_86" HPOS="316" VPOS="764" WIDTH="167" HEIGHT="39" WC="0.96" CONTENT="Styrelsen"/><SP WIDTH="27" VPOS="764" HPOS="483"/>
							<String ID="string_87" HPOS="510" VPOS="764" WIDTH="52" HEIGHT="39" WC="0.93" CONTENT="för"/><SP WIDTH="28" VPOS="764" HPOS="562"/>
							<String ID="string_88" HPOS="590" VPOS="765" WIDTH="281" HEIGHT="39" WC="0.91" CONTENT="författarfonden"/><SP WIDTH="30" VPOS="765" HPOS="871"/>
							<String ID="string_89" HPOS="901" VPOS="767" WIDTH="236" HEIGHT="38" WC="0.95" CONTENT="understryker"/><SP WIDTH="29" VPOS="767" HPOS="1137"/>
							<String ID="string_90" HPOS="1166" VPOS="771" WIDTH="53" HEIGHT="27" WC="0.93" CONTENT="att"/><SP WIDTH="31" VPOS="771" HPOS="1219"/>
							<String ID="string_91" HPOS="1250" VPOS="768" WIDTH="410" HEIGHT="41" WC="0.91" CONTENT="konstnärsbelöningarna"/><SP WIDTH="33" VPOS="768" HPOS="1660"/>
							<String ID="string_92" HPOS="1693" VPOS="770" WIDTH="69" HEIGHT="31" WC="0.96" CONTENT="inte"/>
						</TextLine>
						<TextLine ID="line_11" HPOS="275" VPOS="816" WIDTH="1486" HEIGHT="43">
							<String ID="string_93" HPOS="275" VPOS="816" WIDTH="101" HEIGHT="32" WC="0.96" CONTENT="minst"/><SP WIDTH="18" VPOS="816" HPOS="376"/>
							<String ID="string_94" HPOS="394" VPOS="817" WIDTH="128" HEIGHT="32" WC="0.96" CONTENT="medför"/><SP WIDTH="19" VPOS="817" HPOS="522"/>
							<String ID="string_95" HPOS="541" VPOS="829" WIDTH="39" HEIGHT="19" WC="0.96" CONTENT="en"/><SP WIDTH="20" VPOS="829" HPOS="580"/>
							<String ID="string_96" HPOS="600" VPOS="818" WIDTH="201" HEIGHT="40" WC="0.96" CONTENT="förbättring"/><SP WIDTH="20" VPOS="818" HPOS="801"/>
							<String ID="string_97" HPOS="821" VPOS="830" WIDTH="42" HEIGHT="20" WC="0.93" CONTENT="av"/><SP WIDTH="21" VPOS="830" HPOS="863"/>
							<String ID="string_98" HPOS="884" VPOS="823" WIDTH="227" HEIGHT="36" WC="0.91" CONTENT="mottagarnas"/><SP WIDTH="20" VPOS="823" HPOS="1111"/>
							<String ID="string_99" HPOS="1131" VPOS="820" WIDTH="391" HEIGHT="39" WC="0.92" CONTENT="pensionsförhållanden."/><SP WIDTH="22" VPOS="820" HPOS="1522"/>
							<String ID="string_100" HPOS="1544" VPOS="822" WIDTH="217" HEIGHT="32" WC="0.95" CONTENT="Beträffande"/>
						</TextLine>
						<TextLine ID="line_12" HPOS="275" VPOS="869" WIDTH="1319" HEIGHT="42">
							<String ID="string_101" HPOS="275" VPOS="869" WIDTH="248" HEIGHT="41" WC="0.92" CONTENT="belöningarnas"/><SP WIDTH="19" VPOS="869" HPOS="523"/>
							<String ID="string_102" HPOS="542" VPOS="871" WIDTH="234" HEIGHT="32" WC="0.96" CONTENT="konstruktion"/><SP WIDTH="20" VPOS="871" HPOS="776"/>
							<String ID="string_103" HPOS="796" VPOS="882" WIDTH="54" HEIGHT="29" WC="0.96" CONTENT="ger"/><SP WIDTH="20" VPOS="882" HPOS="850"/>
							<String ID="string_104" HPOS="870" VPOS="872" WIDTH="158" HEIGHT="39" WC="0.96" CONTENT="styrelsen"/><SP WIDTH="20" VPOS="872" HPOS="1028"/>
							<String ID="string_105" HPOS="1048" VPOS="872" WIDTH="58" HEIGHT="33" WC="0.96" CONTENT="sitt"/><SP WIDTH="20" VPOS="872" HPOS="1106"/>
							<String ID="string_106" HPOS="1126" VPOS="874" WIDTH="76" HEIGHT="31" WC="0.96" CONTENT="stöd"/><SP WIDTH="18" VPOS="874" HPOS="1202"/>
							<String ID="string_107" HPOS="1220" VPOS="874" WIDTH="36" HEIGHT="31" WC="0.96" CONTENT="åt"/><SP WIDTH="19" VPOS="874" HPOS="1256"/>
							<String ID="string_108" HPOS="1275" VPOS="874" WIDTH="168" HEIGHT="32" WC="0.95" CONTENT="motionen"/><SP WIDTH="19" VPOS="874" HPOS="1443"/>
							<String ID="string_109" HPOS="1462" VPOS="875" WIDTH="48" HEIGHT="31" WC="0.92" CONTENT="II:"/><SP WIDTH="14" VPOS="875" HPOS="1510"/>
							<String ID="string_110" HPOS="1524" VPOS="878" WIDTH="70" HEIGHT="29" WC="0.92" CONTENT="191."/>
						</TextLine>
					</TextBlock>
					<TextBlock ID="block_4" HPOS="272" VPOS="923" WIDTH="1489" HEIGHT="360">
						<TextLine ID="line_13" HPOS="315" VPOS="923" WIDTH="1442" HEIGHT="46">
							<String ID="string_111" HPOS="315" VPOS="923" WIDTH="177" HEIGHT="32" WC="0.88" CONTENT="FLYCO:s"/><SP WIDTH="20" VPOS="923" HPOS="492"/>
							<String ID="string_112" HPOS="512" VPOS="924" WIDTH="136" HEIGHT="39" WC="0.96" CONTENT="styrelse"/><SP WIDTH="23" VPOS="924" HPOS="648"/>
							<String ID="string_113" HPOS="671" VPOS="924" WIDTH="128" HEIGHT="32" WC="0.96" CONTENT="hävdar"/><SP WIDTH="20" VPOS="924" HPOS="799"/>
							<String ID="string_114" HPOS="819" VPOS="929" WIDTH="53" HEIGHT="27" WC="0.96" CONTENT="att"/><SP WIDTH="22" VPOS="929" HPOS="872"/>
							<String ID="string_115" HPOS="894" VPOS="926" WIDTH="57" HEIGHT="31" WC="0.96" CONTENT="det"/><SP WIDTH="24" VPOS="926" HPOS="951"/>
							<String ID="string_116" HPOS="975" VPOS="937" WIDTH="77" HEIGHT="20" WC="0.96" CONTENT="vore"/><SP WIDTH="21" VPOS="937" HPOS="1052"/>
							<String ID="string_117" HPOS="1073" VPOS="926" WIDTH="175" HEIGHT="40" WC="0.95" CONTENT="lyckligast"/><SP WIDTH="22" VPOS="926" HPOS="1248"/>
							<String ID="string_118" HPOS="1270" VPOS="938" WIDTH="54" HEIGHT="20" WC="0.93" CONTENT="om"/><SP WIDTH="23" VPOS="938" HPOS="1324"/>
							<String ID="string_119" HPOS="1347" VPOS="928" WIDTH="410" HEIGHT="41" WC="0.91" CONTENT="konstnärsbelöningarna"/>
						</TextLine>
						<TextLine ID="line_14" HPOS="275" VPOS="976" WIDTH="1483" HEIGHT="46">
							<String ID="string_120" HPOS="275" VPOS="976" WIDTH="85" HEIGHT="40" WC="0.96" CONTENT="finge"/><SP WIDTH="13" VPOS="976" HPOS="360"/>
							<String ID="string_121" HPOS="373" VPOS="977" WIDTH="82" HEIGHT="39" WC="0.93" CONTENT="utgå"/><SP WIDTH="14" VPOS="977" HPOS="455"/>
							<String ID="string_122" HPOS="469" VPOS="978" WIDTH="209" HEIGHT="38" WC="0.91" CONTENT="ograverade."/><SP WIDTH="16" VPOS="978" HPOS="678"/>
							<String ID="string_123" HPOS="694" VPOS="978" WIDTH="62" HEIGHT="31" WC="0.96" CONTENT="Om"/><SP WIDTH="16" VPOS="978" HPOS="756"/>
							<String ID="string_124" HPOS="772" VPOS="989" WIDTH="39" HEIGHT="20" WC="0.93" CONTENT="en"/><SP WIDTH="15" VPOS="989" HPOS="811"/>
							<String ID="string_125" HPOS="826" VPOS="979" WIDTH="279" HEIGHT="40" WC="0.90" CONTENT="reduktionsregel"/><SP WIDTH="16" VPOS="979" HPOS="1105"/>
							<String ID="string_126" HPOS="1121" VPOS="980" WIDTH="68" HEIGHT="31" WC="0.96" CONTENT="inte"/><SP WIDTH="16" VPOS="980" HPOS="1189"/>
							<String ID="string_127" HPOS="1205" VPOS="980" WIDTH="64" HEIGHT="31" WC="0.93" CONTENT="kan"/><SP WIDTH="16" VPOS="980" HPOS="1269"/>
							<String ID="string_128" HPOS="1285" VPOS="980" WIDTH="126" HEIGHT="40" WC="0.92" CONTENT="undgås"/><SP WIDTH="17" VPOS="980" HPOS="1411"/>
							<String ID="string_129" HPOS="1428" VPOS="984" WIDTH="93" HEIGHT="36" WC="0.95" CONTENT="säger"/><SP WIDTH="16" VPOS="984" HPOS="1521"/>
							<String ID="string_130" HPOS="1537" VPOS="982" WIDTH="47" HEIGHT="40" WC="0.96" CONTENT="sig"/><SP WIDTH="16" VPOS="982" HPOS="1584"/>
							<String ID="string_131" HPOS="1600" VPOS="983" WIDTH="158" HEIGHT="37" WC="0.96" CONTENT="styrelsen"/>
						</TextLine>
						<TextLine ID="line_15" HPOS="274" VPOS="1029" WIDTH="1487" HEIGHT="44">
							<String ID="string_132" HPOS="274" VPOS="1029" WIDTH="68" HEIGHT="31" WC="0.96" CONTENT="helt"/><SP WIDTH="18" VPOS="1029" HPOS="342"/>
							<String ID="string_133" HPOS="360" VPOS="1030" WIDTH="110" HEIGHT="39" WC="0.96" CONTENT="stödja"/><SP WIDTH="19" VPOS="1030" HPOS="470"/>
							<String ID="string_134" HPOS="489" VPOS="1031" WIDTH="40" HEIGHT="30" WC="0.96" CONTENT="de"/><SP WIDTH="19" VPOS="1031" HPOS="529"/>
							<String ID="string_135" HPOS="548" VPOS="1030" WIDTH="8" HEIGHT="31" WC="0.96" CONTENT="i"/><SP WIDTH="20" VPOS="1030" HPOS="556"/>
							<String ID="string_136" HPOS="576" VPOS="1031" WIDTH="160" HEIGHT="32" WC="0.96" CONTENT="särskilda"/><SP WIDTH="17" VPOS="1031" HPOS="736"/>
							<String ID="string_137" HPOS="753" VPOS="1031" WIDTH="162" HEIGHT="32" WC="0.96" CONTENT="motioner"/><SP WIDTH="19" VPOS="1031" HPOS="915"/>
							<String ID="string_138" HPOS="934" VPOS="1032" WIDTH="181" HEIGHT="40" WC="0.93" CONTENT="framlagda"/><SP WIDTH="20" VPOS="1032" HPOS="1115"/>
							<String ID="string_139" HPOS="1135" VPOS="1033" WIDTH="349" HEIGHT="40" WC="0.91" CONTENT="reduktionsreglerna."/><SP WIDTH="22" VPOS="1033" HPOS="1484"/>
							<String ID="string_140" HPOS="1506" VPOS="1035" WIDTH="72" HEIGHT="31" WC="0.96" CONTENT="Vad"/><SP WIDTH="21" VPOS="1035" HPOS="1578"/>
							<String ID="string_141" HPOS="1599" VPOS="1035" WIDTH="162" HEIGHT="32" WC="0.95" CONTENT="beträffar"/>
						</TextLine>
						<TextLine ID="line_16" HPOS="274" VPOS="1082" WIDTH="1486" HEIGHT="45">
							<String ID="string_142" HPOS="274" VPOS="1082" WIDTH="113" HEIGHT="40" WC="0.96" CONTENT="frågan"/><SP WIDTH="25" VPOS="1082" HPOS="387"/>
							<String ID="string_143" HPOS="412" VPOS="1094" WIDTH="55" HEIGHT="20" WC="0.96" CONTENT="om"/><SP WIDTH="25" VPOS="1094" HPOS="467"/>
							<String ID="string_144" HPOS="492" VPOS="1084" WIDTH="214" HEIGHT="40" WC="0.95" CONTENT="utdelningen"/><SP WIDTH="27" VPOS="1084" HPOS="706"/>
							<String ID="string_145" HPOS="733" VPOS="1096" WIDTH="42" HEIGHT="20" WC="0.93" CONTENT="av"/><SP WIDTH="26" VPOS="1096" HPOS="775"/>
							<String ID="string_146" HPOS="801" VPOS="1085" WIDTH="413" HEIGHT="40" WC="0.91" CONTENT="konstnärsbelöningarna"/><SP WIDTH="28" VPOS="1085" HPOS="1214"/>
							<String ID="string_147" HPOS="1242" VPOS="1087" WIDTH="101" HEIGHT="31" WC="0.96" CONTENT="skulle"/><SP WIDTH="27" VPOS="1087" HPOS="1343"/>
							<String ID="string_148" HPOS="1370" VPOS="1088" WIDTH="57" HEIGHT="30" WC="0.96" CONTENT="det"/><SP WIDTH="27" VPOS="1088" HPOS="1427"/>
							<String ID="string_149" HPOS="1454" VPOS="1087" WIDTH="101" HEIGHT="40" WC="0.93" CONTENT="enligt"/><SP WIDTH="27" VPOS="1087" HPOS="1555"/>
							<String ID="string_150" HPOS="1582" VPOS="1088" WIDTH="178" HEIGHT="32" WC="0.91" CONTENT="FLYCO:s"/>
						</TextLine>
						<TextLine ID="line_17" HPOS="274" VPOS="1135" WIDTH="1484" HEIGHT="44">
							<String ID="string_151" HPOS="274" VPOS="1135" WIDTH="130" HEIGHT="41" WC="0.96" CONTENT="mening"/><SP WIDTH="19" VPOS="1135" HPOS="404"/>
							<String ID="string_152" HPOS="423" VPOS="1147" WIDTH="79" HEIGHT="21" WC="0.96" CONTENT="vara"/><SP WIDTH="19" VPOS="1147" HPOS="502"/>
							<String ID="string_153" HPOS="521" VPOS="1137" WIDTH="169" HEIGHT="40" WC="0.96" CONTENT="naturligt,"/><SP WIDTH="20" VPOS="1137" HPOS="690"/>
							<String ID="string_154" HPOS="710" VPOS="1149" WIDTH="54" HEIGHT="20" WC="0.96" CONTENT="om"/><SP WIDTH="19" VPOS="1149" HPOS="764"/>
							<String ID="string_155" HPOS="783" VPOS="1138" WIDTH="40" HEIGHT="31" WC="0.96" CONTENT="de"/><SP WIDTH="19" VPOS="1138" HPOS="823"/>
							<String ID="string_156" HPOS="842" VPOS="1138" WIDTH="87" HEIGHT="32" WC="0.93" CONTENT="olika"/><SP WIDTH="19" VPOS="1138" HPOS="929"/>
							<String ID="string_157" HPOS="948" VPOS="1139" WIDTH="363" HEIGHT="40" WC="0.90" CONTENT="konstnärsgrupperna"/><SP WIDTH="20" VPOS="1139" HPOS="1311"/>
							<String ID="string_158" HPOS="1331" VPOS="1140" WIDTH="87" HEIGHT="31" WC="0.96" CONTENT="inom"/><SP WIDTH="20" VPOS="1140" HPOS="1418"/>
							<String ID="string_159" HPOS="1438" VPOS="1151" WIDTH="113" HEIGHT="21" WC="0.96" CONTENT="ramen"/><SP WIDTH="20" VPOS="1151" HPOS="1551"/>
							<String ID="string_160" HPOS="1571" VPOS="1141" WIDTH="51" HEIGHT="31" WC="0.96" CONTENT="för"/><SP WIDTH="18" VPOS="1141" HPOS="1622"/>
							<String ID="string_161" HPOS="1640" VPOS="1141" WIDTH="118" HEIGHT="32" WC="0.96" CONTENT="KLYS"/>
						</TextLine>
						<TextLine ID="line_18" HPOS="274" VPOS="1189" WIDTH="1486" HEIGHT="45">
							<String ID="string_162" HPOS="274" VPOS="1189" WIDTH="74" HEIGHT="31" WC="0.96" CONTENT="eller"/><SP WIDTH="19" VPOS="1189" HPOS="348"/>
							<String ID="string_163" HPOS="367" VPOS="1200" WIDTH="39" HEIGHT="20" WC="0.96" CONTENT="en"/><SP WIDTH="20" VPOS="1200" HPOS="406"/>
							<String ID="string_164" HPOS="426" VPOS="1190" WIDTH="136" HEIGHT="31" WC="0.96" CONTENT="särskild"/><SP WIDTH="21" VPOS="1190" HPOS="562"/>
							<String ID="string_165" HPOS="583" VPOS="1191" WIDTH="125" HEIGHT="31" WC="0.95" CONTENT="nämnd"/><SP WIDTH="20" VPOS="1191" HPOS="708"/>
							<String ID="string_166" HPOS="728" VPOS="1190" WIDTH="87" HEIGHT="40" WC="0.96" CONTENT="finge"/><SP WIDTH="20" VPOS="1190" HPOS="815"/>
							<String ID="string_167" HPOS="835" VPOS="1191" WIDTH="105" HEIGHT="39" WC="0.96" CONTENT="själva"/><SP WIDTH="20" VPOS="1191" HPOS="940"/>
							<String ID="string_168" HPOS="960" VPOS="1192" WIDTH="168" HEIGHT="32" WC="0.96" CONTENT="diskutera"/><SP WIDTH="20" VPOS="1192" HPOS="1128"/>
							<String ID="string_169" HPOS="1148" VPOS="1192" WIDTH="48" HEIGHT="41" WC="0.96" CONTENT="sig"/><SP WIDTH="19" VPOS="1192" HPOS="1196"/>
							<String ID="string_170" HPOS="1215" VPOS="1192" WIDTH="84" HEIGHT="32" WC="0.95" CONTENT="fram"/><SP WIDTH="21" VPOS="1192" HPOS="1299"/>
							<String ID="string_171" HPOS="1320" VPOS="1193" WIDTH="48" HEIGHT="32" WC="0.95" CONTENT="till"/><SP WIDTH="21" VPOS="1193" HPOS="1368"/>
							<String ID="string_172" HPOS="1389" VPOS="1205" WIDTH="40" HEIGHT="20" WC="0.96" CONTENT="en"/><SP WIDTH="19" VPOS="1205" HPOS="1429"/>
							<String ID="string_173" HPOS="1448" VPOS="1194" WIDTH="107" HEIGHT="40" WC="0.96" CONTENT="rimlig"/><SP WIDTH="20" VPOS="1194" HPOS="1555"/>
							<String ID="string_174" HPOS="1575" VPOS="1194" WIDTH="185" HEIGHT="40" WC="0.95" CONTENT="fördelning"/>
						</TextLine>
						<TextLine ID="line_19" HPOS="272" VPOS="1242" WIDTH="302" HEIGHT="41">
							<String ID="string_175" HPOS="272" VPOS="1253" WIDTH="42" HEIGHT="20" WC="0.93" CONTENT="av"/><SP WIDTH="17" VPOS="1253" HPOS="314"/>
							<String ID="string_176" HPOS="331" VPOS="1242" WIDTH="243" HEIGHT="41" WC="0.91" CONTENT="belöningarna."/>
						</TextLine>
					</TextBlock>
					<TextBlock ID="block_5" HPOS="269" VPOS="1296" WIDTH="1490" HEIGHT="299">
						<TextLine ID="line_20" HPOS="310" VPOS="1296" WIDTH="1449" HEIGHT="45">
							<String ID="string_177" HPOS="310" VPOS="1296" WIDTH="118" HEIGHT="31" WC="0.92" CONTENT="KLYS"/><SP WIDTH="27" VPOS="1296" HPOS="428"/>
							<String ID="string_178" HPOS="455" VPOS="1297" WIDTH="139" HEIGHT="31" WC="0.92" CONTENT="betonar"/><SP WIDTH="27" VPOS="1297" HPOS="594"/>
							<String ID="string_179" HPOS="621" VPOS="1297" WIDTH="429" HEIGHT="41" WC="0.91" CONTENT="konstnärsbelöningarnas"/><SP WIDTH="27" VPOS="1297" HPOS="1050"/>
							<String ID="string_180" HPOS="1077" VPOS="1300" WIDTH="59" HEIGHT="30" WC="0.95" CONTENT="roll"/><SP WIDTH="27" VPOS="1300" HPOS="1136"/>
							<String ID="string_181" HPOS="1163" VPOS="1310" WIDTH="70" HEIGHT="21" WC="0.93" CONTENT="som"/><SP WIDTH="28" VPOS="1310" HPOS="1233"/>
							<String ID="string_182" HPOS="1261" VPOS="1300" WIDTH="341" HEIGHT="39" WC="0.91" CONTENT="trygghetsskapande"/><SP WIDTH="29" VPOS="1300" HPOS="1602"/>
							<String ID="string_183" HPOS="1631" VPOS="1301" WIDTH="128" HEIGHT="40" WC="0.96" CONTENT="åtgärd,"/>
						</TextLine>
						<TextLine ID="line_21" HPOS="271" VPOS="1348" WIDTH="1487" HEIGHT="44">
							<String ID="string_184" HPOS="271" VPOS="1348" WIDTH="144" HEIGHT="40" WC="0.96" CONTENT="speciellt"/><SP WIDTH="20" VPOS="1348" HPOS="415"/>
							<String ID="string_185" HPOS="435" VPOS="1351" WIDTH="75" HEIGHT="30" WC="0.96" CONTENT="med"/><SP WIDTH="22" VPOS="1351" HPOS="510"/>
							<String ID="string_186" HPOS="532" VPOS="1351" WIDTH="102" HEIGHT="31" WC="0.95" CONTENT="tanke"/><SP WIDTH="20" VPOS="1351" HPOS="634"/>
							<String ID="string_187" HPOS="654" VPOS="1351" WIDTH="43" HEIGHT="38" WC="0.96" CONTENT="på"/><SP WIDTH="21" VPOS="1351" HPOS="697"/>
							<String ID="string_188" HPOS="718" VPOS="1351" WIDTH="220" HEIGHT="32" WC="0.96" CONTENT="ålderdomen."/><SP WIDTH="21" VPOS="1351" HPOS="938"/>
							<String ID="string_189" HPOS="959" VPOS="1352" WIDTH="273" HEIGHT="40" WC="0.96" CONTENT="Organisationen"/><SP WIDTH="21" VPOS="1352" HPOS="1232"/>
							<String ID="string_190" HPOS="1253" VPOS="1353" WIDTH="172" HEIGHT="33" WC="0.96" CONTENT="betraktar"/><SP WIDTH="20" VPOS="1353" HPOS="1425"/>
							<String ID="string_191" HPOS="1445" VPOS="1354" WIDTH="117" HEIGHT="32" WC="0.96" CONTENT="därvid"/><SP WIDTH="22" VPOS="1354" HPOS="1562"/>
							<String ID="string_192" HPOS="1584" VPOS="1358" WIDTH="40" HEIGHT="28" WC="0.93" CONTENT="25"/><SP WIDTH="21" VPOS="1358" HPOS="1624"/>
							<String ID="string_193" HPOS="1645" VPOS="1355" WIDTH="113" HEIGHT="31" WC="0.91" CONTENT="konst-"/>
						</TextLine>
						<TextLine ID="line_22" HPOS="271" VPOS="1403" WIDTH="1486" HEIGHT="45">
							<String ID="string_194" HPOS="271" VPOS="1403" WIDTH="265" HEIGHT="40" WC="0.91" CONTENT="närsbelöningar"/><SP WIDTH="18" VPOS="1403" HPOS="536"/>
							<String ID="string_195" HPOS="554" VPOS="1415" WIDTH="70" HEIGHT="20" WC="0.96" CONTENT="som"/><SP WIDTH="19" VPOS="1415" HPOS="624"/>
							<String ID="string_196" HPOS="643" VPOS="1415" WIDTH="39" HEIGHT="20" WC="0.95" CONTENT="en"/><SP WIDTH="19" VPOS="1415" HPOS="682"/>
							<String ID="string_197" HPOS="701" VPOS="1405" WIDTH="91" HEIGHT="39" WC="0.96" CONTENT="ringa"/><SP WIDTH="18" VPOS="1405" HPOS="792"/>
							<String ID="string_198" HPOS="810" VPOS="1405" WIDTH="127" HEIGHT="39" WC="0.96" CONTENT="början."/><SP WIDTH="18" VPOS="1405" HPOS="937"/>
							<String ID="string_199" HPOS="955" VPOS="1406" WIDTH="63" HEIGHT="31" WC="0.96" CONTENT="Vid"/><SP WIDTH="18" VPOS="1406" HPOS="1018"/>
							<String ID="string_200" HPOS="1036" VPOS="1407" WIDTH="90" HEIGHT="31" WC="0.96" CONTENT="valet"/><SP WIDTH="17" VPOS="1407" HPOS="1126"/>
							<String ID="string_201" HPOS="1143" VPOS="1418" WIDTH="43" HEIGHT="20" WC="0.96" CONTENT="av"/><SP WIDTH="18" VPOS="1418" HPOS="1186"/>
							<String ID="string_202" HPOS="1204" VPOS="1407" WIDTH="95" HEIGHT="32" WC="0.96" CONTENT="dessa"/><SP WIDTH="17" VPOS="1407" HPOS="1299"/>
							<String ID="string_203" HPOS="1316" VPOS="1410" WIDTH="39" HEIGHT="28" WC="0.93" CONTENT="25"/><SP WIDTH="17" VPOS="1410" HPOS="1355"/>
							<String ID="string_204" HPOS="1372" VPOS="1407" WIDTH="60" HEIGHT="32" WC="0.96" CONTENT="bör"/><SP WIDTH="16" VPOS="1407" HPOS="1432"/>
							<String ID="string_205" HPOS="1448" VPOS="1408" WIDTH="129" HEIGHT="39" WC="0.96" CONTENT="hänsyn"/><SP WIDTH="19" VPOS="1408" HPOS="1577"/>
							<String ID="string_206" HPOS="1596" VPOS="1413" WIDTH="94" HEIGHT="35" WC="0.96" CONTENT="tagas"/><SP WIDTH="19" VPOS="1413" HPOS="1690"/>
							<String ID="string_207" HPOS="1709" VPOS="1409" WIDTH="48" HEIGHT="31" WC="0.96" CONTENT="till"/>
						</TextLine>
						<TextLine ID="line_23" HPOS="269" VPOS="1456" WIDTH="1488" HEIGHT="46">
							<String ID="string_208" HPOS="269" VPOS="1456" WIDTH="262" HEIGHT="32" WC="0.96" CONTENT="vederbörandes"/><SP WIDTH="16" VPOS="1456" HPOS="531"/>
							<String ID="string_209" HPOS="547" VPOS="1458" WIDTH="214" HEIGHT="31" WC="0.96" CONTENT="ekonomiska"/><SP WIDTH="16" VPOS="1458" HPOS="761"/>
							<String ID="string_210" HPOS="777" VPOS="1459" WIDTH="282" HEIGHT="40" WC="0.96" CONTENT="omständigheter"/><SP WIDTH="17" VPOS="1459" HPOS="1059"/>
							<String ID="string_211" HPOS="1076" VPOS="1460" WIDTH="60" HEIGHT="31" WC="0.96" CONTENT="och"/><SP WIDTH="18" VPOS="1460" HPOS="1136"/>
							<String ID="string_212" HPOS="1154" VPOS="1461" WIDTH="118" HEIGHT="31" WC="0.96" CONTENT="endast"/><SP WIDTH="16" VPOS="1461" HPOS="1272"/>
							<String ID="string_213" HPOS="1288" VPOS="1461" WIDTH="121" HEIGHT="31" WC="0.96" CONTENT="sådana"/><SP WIDTH="19" VPOS="1461" HPOS="1409"/>
							<String ID="string_214" HPOS="1428" VPOS="1462" WIDTH="196" HEIGHT="31" WC="0.93" CONTENT="konstnärer"/><SP WIDTH="16" VPOS="1462" HPOS="1624"/>
							<String ID="string_215" HPOS="1640" VPOS="1462" WIDTH="117" HEIGHT="40" WC="0.92" CONTENT="ifråga-"/>
						</TextLine>
						<TextLine ID="line_24" HPOS="270" VPOS="1510" WIDTH="1487" HEIGHT="45">
							<String ID="string_216" HPOS="270" VPOS="1510" WIDTH="141" HEIGHT="36" WC="0.96" CONTENT="komma,"/><SP WIDTH="19" VPOS="1510" HPOS="411"/>
							<String ID="string_217" HPOS="430" VPOS="1510" WIDTH="51" HEIGHT="31" WC="0.96" CONTENT="för"/><SP WIDTH="16" VPOS="1510" HPOS="481"/>
							<String ID="string_218" HPOS="497" VPOS="1510" WIDTH="90" HEIGHT="32" WC="0.93" CONTENT="vilka"/><SP WIDTH="18" VPOS="1510" HPOS="587"/>
							<String ID="string_219" HPOS="605" VPOS="1511" WIDTH="299" HEIGHT="40" WC="0.91" CONTENT="inkomstgarantin"/><SP WIDTH="18" VPOS="1511" HPOS="904"/>
							<String ID="string_220" HPOS="922" VPOS="1513" WIDTH="166" HEIGHT="39" WC="0.96" CONTENT="verkligen"/><SP WIDTH="19" VPOS="1513" HPOS="1088"/>
							<String ID="string_221" HPOS="1107" VPOS="1514" WIDTH="104" HEIGHT="30" WC="0.96" CONTENT="skulle"/><SP WIDTH="16" VPOS="1514" HPOS="1211"/>
							<String ID="string_222" HPOS="1227" VPOS="1514" WIDTH="124" HEIGHT="39" WC="0.96" CONTENT="betyda"/><SP WIDTH="17" VPOS="1514" HPOS="1351"/>
							<String ID="string_223" HPOS="1368" VPOS="1515" WIDTH="87" HEIGHT="31" WC="0.96" CONTENT="ökad"/><SP WIDTH="19" VPOS="1515" HPOS="1455"/>
							<String ID="string_224" HPOS="1474" VPOS="1515" WIDTH="165" HEIGHT="40" WC="0.93" CONTENT="trygghet,"/><SP WIDTH="19" VPOS="1515" HPOS="1639"/>
							<String ID="string_225" HPOS="1658" VPOS="1515" WIDTH="99" HEIGHT="32" WC="0.92" CONTENT="fram-"/>
						</TextLine>
						<TextLine ID="line_25" HPOS="269" VPOS="1562" WIDTH="245" HEIGHT="33">
							<String ID="string_226" HPOS="269" VPOS="1562" WIDTH="101" HEIGHT="32" WC="0.96" CONTENT="håller"/><SP WIDTH="17" VPOS="1562" HPOS="370"/>
							<String ID="string_227" HPOS="387" VPOS="1563" WIDTH="127" HEIGHT="32" WC="0.96" CONTENT="KLYS."/>
						</TextLine>
					</TextBlock>
					<TextBlock ID="block_6" HPOS="262" VPOS="1616" WIDTH="1494" HEIGHT="902">
						<TextLine ID="line_26" HPOS="309" VPOS="1616" WIDTH="1447" HEIGHT="46">
							<String ID="string_228" HPOS="309" VPOS="1616" WIDTH="63" HEIGHT="31" WC="0.96" CONTENT="Att"/><SP WIDTH="20" VPOS="1616" HPOS="372"/>
							<String ID="string_229" HPOS="392" VPOS="1617" WIDTH="92" HEIGHT="31" WC="0.96" CONTENT="avslå"/><SP WIDTH="22" VPOS="1617" HPOS="484"/>
							<String ID="string_230" HPOS="506" VPOS="1617" WIDTH="123" HEIGHT="40" WC="0.92" CONTENT="Kungl."/><SP WIDTH="23" VPOS="1617" HPOS="629"/>
							<String ID="string_231" HPOS="652" VPOS="1618" WIDTH="121" HEIGHT="38" WC="0.95" CONTENT="Maj:ts"/><SP WIDTH="22" VPOS="1618" HPOS="773"/>
							<String ID="string_232" HPOS="795" VPOS="1618" WIDTH="120" HEIGHT="40" WC="0.96" CONTENT="förslag"/><SP WIDTH="23" VPOS="1618" HPOS="915"/>
							<String ID="string_233" HPOS="938" VPOS="1630" WIDTH="77" HEIGHT="20" WC="0.96" CONTENT="vore"/><SP WIDTH="23" VPOS="1630" HPOS="1015"/>
							<String ID="string_234" HPOS="1038" VPOS="1619" WIDTH="101" HEIGHT="40" WC="0.96" CONTENT="enligt"/><SP WIDTH="23" VPOS="1619" HPOS="1139"/>
							<String ID="string_235" HPOS="1162" VPOS="1620" WIDTH="264" HEIGHT="40" WC="0.96" CONTENT="organisationen"/><SP WIDTH="22" VPOS="1620" HPOS="1426"/>
							<String ID="string_236" HPOS="1448" VPOS="1621" WIDTH="167" HEIGHT="41" WC="0.96" CONTENT="olyckligt."/><SP WIDTH="24" VPOS="1621" HPOS="1615"/>
							<String ID="string_237" HPOS="1639" VPOS="1622" WIDTH="117" HEIGHT="32" WC="0.96" CONTENT="KLYS"/>
						</TextLine>
						<TextLine ID="line_27" HPOS="268" VPOS="1668" WIDTH="1486" HEIGHT="46">
							<String ID="string_238" HPOS="268" VPOS="1668" WIDTH="148" HEIGHT="32" WC="0.96" CONTENT="förordar"/><SP WIDTH="16" VPOS="1668" HPOS="416"/>
							<String ID="string_239" HPOS="432" VPOS="1670" WIDTH="114" HEIGHT="40" WC="0.96" CONTENT="livligt,"/><SP WIDTH="17" VPOS="1670" HPOS="546"/>
							<String ID="string_240" HPOS="563" VPOS="1675" WIDTH="53" HEIGHT="27" WC="0.96" CONTENT="att"/><SP WIDTH="15" VPOS="1675" HPOS="616"/>
							<String ID="string_241" HPOS="631" VPOS="1671" WIDTH="63" HEIGHT="31" WC="0.96" CONTENT="den"/><SP WIDTH="17" VPOS="1671" HPOS="694"/>
							<String ID="string_242" HPOS="711" VPOS="1671" WIDTH="183" HEIGHT="40" WC="0.93" CONTENT="föreslagna"/><SP WIDTH="17" VPOS="1671" HPOS="894"/>
							<String ID="string_243" HPOS="911" VPOS="1672" WIDTH="298" HEIGHT="40" WC="0.92" CONTENT="inkomstgarantin"/><SP WIDTH="18" VPOS="1672" HPOS="1209"/>
							<String ID="string_244" HPOS="1227" VPOS="1673" WIDTH="223" HEIGHT="32" WC="0.96" CONTENT="introduceras"/><SP WIDTH="16" VPOS="1673" HPOS="1450"/>
							<String ID="string_245" HPOS="1466" VPOS="1685" WIDTH="69" HEIGHT="21" WC="0.96" CONTENT="som"/><SP WIDTH="18" VPOS="1685" HPOS="1535"/>
							<String ID="string_246" HPOS="1553" VPOS="1687" WIDTH="40" HEIGHT="20" WC="0.96" CONTENT="en"/><SP WIDTH="16" VPOS="1687" HPOS="1593"/>
							<String ID="string_247" HPOS="1609" VPOS="1686" WIDTH="46" HEIGHT="28" WC="0.96" CONTENT="ny"/><SP WIDTH="16" VPOS="1686" HPOS="1655"/>
							<String ID="string_248" HPOS="1671" VPOS="1676" WIDTH="83" HEIGHT="31" WC="0.96" CONTENT="form"/>
						</TextLine>
						<TextLine ID="line_28" HPOS="268" VPOS="1722" WIDTH="1487" HEIGHT="44">
							<String ID="string_249" HPOS="268" VPOS="1722" WIDTH="50" HEIGHT="31" WC="0.93" CONTENT="för"/><SP WIDTH="21" VPOS="1722" HPOS="318"/>
							<String ID="string_250" HPOS="339" VPOS="1723" WIDTH="189" HEIGHT="32" WC="0.91" CONTENT="kulturstöd"/><SP WIDTH="21" VPOS="1723" HPOS="528"/>
							<String ID="string_251" HPOS="549" VPOS="1735" WIDTH="76" HEIGHT="20" WC="0.96" CONTENT="men"/><SP WIDTH="23" VPOS="1735" HPOS="625"/>
							<String ID="string_252" HPOS="648" VPOS="1725" WIDTH="236" HEIGHT="39" WC="0.96" CONTENT="understryker"/><SP WIDTH="22" VPOS="1725" HPOS="884"/>
							<String ID="string_253" HPOS="906" VPOS="1726" WIDTH="170" HEIGHT="40" WC="0.96" CONTENT="samtidigt"/><SP WIDTH="21" VPOS="1726" HPOS="1076"/>
							<String ID="string_254" HPOS="1097" VPOS="1727" WIDTH="290" HEIGHT="39" WC="0.96" CONTENT="nödvändigheten"/><SP WIDTH="22" VPOS="1727" HPOS="1387"/>
							<String ID="string_255" HPOS="1409" VPOS="1739" WIDTH="41" HEIGHT="20" WC="0.96" CONTENT="av"/><SP WIDTH="24" VPOS="1739" HPOS="1450"/>
							<String ID="string_256" HPOS="1474" VPOS="1732" WIDTH="51" HEIGHT="27" WC="0.93" CONTENT="att"/><SP WIDTH="21" VPOS="1732" HPOS="1525"/>
							<String ID="string_257" HPOS="1546" VPOS="1729" WIDTH="209" HEIGHT="32" WC="0.92" CONTENT="bestämmel-"/>
						</TextLine>
						<TextLine ID="line_29" HPOS="268" VPOS="1776" WIDTH="1487" HEIGHT="43">
							<String ID="string_258" HPOS="268" VPOS="1787" WIDTH="102" HEIGHT="26" WC="0.96" CONTENT="serna,"/><SP WIDTH="17" VPOS="1787" HPOS="370"/>
							<String ID="string_259" HPOS="387" VPOS="1776" WIDTH="144" HEIGHT="39" WC="0.96" CONTENT="speciellt"/><SP WIDTH="15" VPOS="1776" HPOS="531"/>
							<String ID="string_260" HPOS="546" VPOS="1780" WIDTH="60" HEIGHT="28" WC="0.96" CONTENT="när"/><SP WIDTH="15" VPOS="1780" HPOS="606"/>
							<String ID="string_261" HPOS="621" VPOS="1778" WIDTH="57" HEIGHT="31" WC="0.96" CONTENT="det"/><SP WIDTH="15" VPOS="1778" HPOS="678"/>
							<String ID="string_262" HPOS="693" VPOS="1778" WIDTH="98" HEIGHT="39" WC="0.92" CONTENT="gäller"/><SP WIDTH="14" VPOS="1778" HPOS="791"/>
							<String ID="string_263" HPOS="805" VPOS="1779" WIDTH="325" HEIGHT="40" WC="0.92" CONTENT="reduceringsregeln,"/><SP WIDTH="17" VPOS="1779" HPOS="1130"/>
							<String ID="string_264" HPOS="1147" VPOS="1780" WIDTH="143" HEIGHT="31" WC="0.96" CONTENT="radikalt"/><SP WIDTH="15" VPOS="1780" HPOS="1290"/>
							<String ID="string_265" HPOS="1305" VPOS="1781" WIDTH="196" HEIGHT="32" WC="0.96" CONTENT="omarbetas."/><SP WIDTH="15" VPOS="1781" HPOS="1501"/>
							<String ID="string_266" HPOS="1516" VPOS="1782" WIDTH="17" HEIGHT="31" WC="0.96" CONTENT="I"/><SP WIDTH="16" VPOS="1782" HPOS="1533"/>
							<String ID="string_267" HPOS="1549" VPOS="1782" WIDTH="206" HEIGHT="32" WC="0.96" CONTENT="sistnämnda"/>
						</TextLine>
						<TextLine ID="line_30" HPOS="267" VPOS="1830" WIDTH="1487" HEIGHT="42">
							<String ID="string_268" HPOS="267" VPOS="1830" WIDTH="161" HEIGHT="31" WC="0.96" CONTENT="avseende"/><SP WIDTH="17" VPOS="1830" HPOS="428"/>
							<String ID="string_269" HPOS="445" VPOS="1840" WIDTH="55" HEIGHT="29" WC="0.96" CONTENT="ger"/><SP WIDTH="16" VPOS="1840" HPOS="500"/>
							<String ID="string_270" HPOS="516" VPOS="1830" WIDTH="117" HEIGHT="32" WC="0.96" CONTENT="KLYS"/><SP WIDTH="16" VPOS="1830" HPOS="633"/>
							<String ID="string_271" HPOS="649" VPOS="1831" WIDTH="59" HEIGHT="31" WC="0.95" CONTENT="sitt"/><SP WIDTH="17" VPOS="1831" HPOS="708"/>
							<String ID="string_272" HPOS="725" VPOS="1831" WIDTH="109" HEIGHT="32" WC="0.96" CONTENT="förord"/><SP WIDTH="17" VPOS="1831" HPOS="834"/>
							<String ID="string_273" HPOS="851" VPOS="1831" WIDTH="50" HEIGHT="32" WC="0.96" CONTENT="för"/><SP WIDTH="17" VPOS="1831" HPOS="901"/>
							<String ID="string_274" HPOS="918" VPOS="1832" WIDTH="155" HEIGHT="40" WC="0.96" CONTENT="förslaget"/><SP WIDTH="15" VPOS="1832" HPOS="1073"/>
							<String ID="string_275" HPOS="1088" VPOS="1832" WIDTH="9" HEIGHT="32" WC="0.96" CONTENT="i"/><SP WIDTH="16" VPOS="1832" HPOS="1097"/>
							<String ID="string_276" HPOS="1113" VPOS="1834" WIDTH="96" HEIGHT="30" WC="0.96" CONTENT="detta"/><SP WIDTH="16" VPOS="1834" HPOS="1209"/>
							<String ID="string_277" HPOS="1225" VPOS="1834" WIDTH="161" HEIGHT="31" WC="0.96" CONTENT="avseende"/><SP WIDTH="18" VPOS="1834" HPOS="1386"/>
							<String ID="string_278" HPOS="1404" VPOS="1834" WIDTH="9" HEIGHT="31" WC="0.96" CONTENT="i"/><SP WIDTH="16" VPOS="1834" HPOS="1413"/>
							<String ID="string_279" HPOS="1429" VPOS="1835" WIDTH="207" HEIGHT="32" WC="0.96" CONTENT="motionerna"/><SP WIDTH="17" VPOS="1835" HPOS="1636"/>
							<String ID="string_280" HPOS="1653" VPOS="1836" WIDTH="28" HEIGHT="31" WC="0.95" CONTENT="I:"/><SP WIDTH="14" VPOS="1836" HPOS="1681"/>
							<String ID="string_281" HPOS="1695" VPOS="1840" WIDTH="59" HEIGHT="28" WC="0.72" CONTENT="395"/>
						</TextLine>
						<TextLine ID="line_31" HPOS="267" VPOS="1882" WIDTH="1485" HEIGHT="48">
							<String ID="string_282" HPOS="267" VPOS="1882" WIDTH="60" HEIGHT="31" WC="0.93" CONTENT="och"/><SP WIDTH="26" VPOS="1882" HPOS="327"/>
							<String ID="string_283" HPOS="353" VPOS="1882" WIDTH="130" HEIGHT="33" WC="0.60" CONTENT="II:492."/><SP WIDTH="24" VPOS="1882" HPOS="483"/>
							<String ID="string_284" HPOS="507" VPOS="1883" WIDTH="118" HEIGHT="32" WC="0.96" CONTENT="KLYS"/><SP WIDTH="26" VPOS="1883" HPOS="625"/>
							<String ID="string_285" HPOS="651" VPOS="1885" WIDTH="173" HEIGHT="38" WC="0.96" CONTENT="uttrycker"/><SP WIDTH="24" VPOS="1885" HPOS="824"/>
							<String ID="string_286" HPOS="848" VPOS="1884" WIDTH="49" HEIGHT="32" WC="0.96" CONTENT="sin"/><SP WIDTH="26" VPOS="1884" HPOS="897"/>
							<String ID="string_287" HPOS="923" VPOS="1896" WIDTH="57" HEIGHT="21" WC="0.96" CONTENT="oro"/><SP WIDTH="25" VPOS="1896" HPOS="980"/>
							<String ID="string_288" HPOS="1005" VPOS="1885" WIDTH="85" HEIGHT="32" WC="0.96" CONTENT="inför"/><SP WIDTH="24" VPOS="1885" HPOS="1090"/>
							<String ID="string_289" HPOS="1114" VPOS="1887" WIDTH="64" HEIGHT="30" WC="0.96" CONTENT="den"/><SP WIDTH="26" VPOS="1887" HPOS="1178"/>
							<String ID="string_290" HPOS="1204" VPOS="1886" WIDTH="181" HEIGHT="41" WC="0.93" CONTENT="föreslagna"/><SP WIDTH="26" VPOS="1886" HPOS="1385"/>
							<String ID="string_291" HPOS="1411" VPOS="1889" WIDTH="341" HEIGHT="41" WC="0.91" CONTENT="procedurordningen"/>
						</TextLine>
						<TextLine ID="line_32" HPOS="268" VPOS="1935" WIDTH="1485" HEIGHT="46">
							<String ID="string_292" HPOS="268" VPOS="1935" WIDTH="208" HEIGHT="32" WC="0.96" CONTENT="beträffande"/><SP WIDTH="13" VPOS="1935" HPOS="476"/>
							<String ID="string_293" HPOS="489" VPOS="1937" WIDTH="129" HEIGHT="31" WC="0.96" CONTENT="urvalet"/><SP WIDTH="14" VPOS="1937" HPOS="618"/>
							<String ID="string_294" HPOS="632" VPOS="1948" WIDTH="42" HEIGHT="20" WC="0.93" CONTENT="av"/><SP WIDTH="15" VPOS="1948" HPOS="674"/>
							<String ID="string_295" HPOS="689" VPOS="1937" WIDTH="379" HEIGHT="40" WC="0.90" CONTENT="belöningsinnehavare,"/><SP WIDTH="16" VPOS="1937" HPOS="1068"/>
							<String ID="string_296" HPOS="1084" VPOS="1950" WIDTH="70" HEIGHT="21" WC="0.96" CONTENT="som"/><SP WIDTH="16" VPOS="1950" HPOS="1154"/>
							<String ID="string_297" HPOS="1170" VPOS="1939" WIDTH="102" HEIGHT="40" WC="0.96" CONTENT="enligt"/><SP WIDTH="14" VPOS="1939" HPOS="1272"/>
							<String ID="string_298" HPOS="1286" VPOS="1940" WIDTH="117" HEIGHT="32" WC="0.96" CONTENT="KLYS"/><SP WIDTH="15" VPOS="1940" HPOS="1403"/>
							<String ID="string_299" HPOS="1418" VPOS="1944" WIDTH="36" HEIGHT="28" WC="0.96" CONTENT="är"/><SP WIDTH="14" VPOS="1944" HPOS="1454"/>
							<String ID="string_300" HPOS="1468" VPOS="1943" WIDTH="108" HEIGHT="38" WC="0.96" CONTENT="ägnad"/><SP WIDTH="15" VPOS="1943" HPOS="1576"/>
							<String ID="string_301" HPOS="1591" VPOS="1946" WIDTH="52" HEIGHT="27" WC="0.93" CONTENT="att"/><SP WIDTH="16" VPOS="1946" HPOS="1643"/>
							<String ID="string_302" HPOS="1659" VPOS="1945" WIDTH="94" HEIGHT="29" WC="0.91" CONTENT="sned-"/>
						</TextLine>
						<TextLine ID="line_33" HPOS="266" VPOS="1987" WIDTH="1487" HEIGHT="49">
							<String ID="string_303" HPOS="266" VPOS="1987" WIDTH="93" HEIGHT="33" WC="0.93" CONTENT="vrida"/><SP WIDTH="15" VPOS="1987" HPOS="359"/>
							<String ID="string_304" HPOS="374" VPOS="1989" WIDTH="436" HEIGHT="40" WC="0.91" CONTENT="nomineringsförfarandet."/><SP WIDTH="16" VPOS="1989" HPOS="810"/>
							<String ID="string_305" HPOS="826" VPOS="1991" WIDTH="163" HEIGHT="32" WC="0.96" CONTENT="Avsikten"/><SP WIDTH="16" VPOS="1991" HPOS="989"/>
							<String ID="string_306" HPOS="1005" VPOS="1992" WIDTH="76" HEIGHT="31" WC="0.95" CONTENT="med"/><SP WIDTH="16" VPOS="1992" HPOS="1081"/>
							<String ID="string_307" HPOS="1097" VPOS="1992" WIDTH="157" HEIGHT="40" WC="0.96" CONTENT="förslaget"/><SP WIDTH="14" VPOS="1992" HPOS="1254"/>
							<String ID="string_308" HPOS="1268" VPOS="1996" WIDTH="44" HEIGHT="34" WC="0.96" CONTENT="är,"/><SP WIDTH="18" VPOS="1996" HPOS="1312"/>
							<String ID="string_309" HPOS="1330" VPOS="1993" WIDTH="188" HEIGHT="33" WC="0.96" CONTENT="framhåller"/><SP WIDTH="15" VPOS="1993" HPOS="1518"/>
							<String ID="string_310" HPOS="1533" VPOS="1995" WIDTH="128" HEIGHT="38" WC="0.96" CONTENT="KLYS,"/><SP WIDTH="17" VPOS="1995" HPOS="1661"/>
							<String ID="string_311" HPOS="1678" VPOS="1998" WIDTH="75" HEIGHT="38" WC="0.92" CONTENT="tyd-"/>
						</TextLine>
						<TextLine ID="line_34" HPOS="266" VPOS="2041" WIDTH="1487" HEIGHT="48">
							<String ID="string_312" HPOS="266" VPOS="2041" WIDTH="83" HEIGHT="40" WC="0.96" CONTENT="ligen"/><SP WIDTH="20" VPOS="2041" HPOS="349"/>
							<String ID="string_313" HPOS="369" VPOS="2042" WIDTH="73" HEIGHT="37" WC="0.96" CONTENT="den,"/><SP WIDTH="20" VPOS="2042" HPOS="442"/>
							<String ID="string_314" HPOS="462" VPOS="2047" WIDTH="53" HEIGHT="27" WC="0.96" CONTENT="att"/><SP WIDTH="20" VPOS="2047" HPOS="515"/>
							<String ID="string_315" HPOS="535" VPOS="2043" WIDTH="57" HEIGHT="32" WC="0.96" CONTENT="det"/><SP WIDTH="21" VPOS="2043" HPOS="592"/>
							<String ID="string_316" HPOS="613" VPOS="2044" WIDTH="82" HEIGHT="31" WC="0.93" CONTENT="skall"/><SP WIDTH="20" VPOS="2044" HPOS="695"/>
							<String ID="string_317" HPOS="715" VPOS="2044" WIDTH="178" HEIGHT="32" WC="0.92" CONTENT="ankomma"/><SP WIDTH="21" VPOS="2044" HPOS="893"/>
							<String ID="string_318" HPOS="914" VPOS="2045" WIDTH="43" HEIGHT="39" WC="0.96" CONTENT="på"/><SP WIDTH="21" VPOS="2045" HPOS="957"/>
							<String ID="string_319" HPOS="978" VPOS="2045" WIDTH="121" HEIGHT="40" WC="0.96" CONTENT="Kungl."/><SP WIDTH="21" VPOS="2045" HPOS="1099"/>
							<String ID="string_320" HPOS="1120" VPOS="2046" WIDTH="106" HEIGHT="39" WC="0.96" CONTENT="Maj:t"/><SP WIDTH="18" VPOS="2046" HPOS="1226"/>
							<String ID="string_321" HPOS="1244" VPOS="2051" WIDTH="53" HEIGHT="26" WC="0.93" CONTENT="att"/><SP WIDTH="19" VPOS="2051" HPOS="1297"/>
							<String ID="string_322" HPOS="1316" VPOS="2050" WIDTH="129" HEIGHT="37" WC="0.92" CONTENT="avväga"/><SP WIDTH="19" VPOS="2050" HPOS="1445"/>
							<String ID="string_323" HPOS="1464" VPOS="2047" WIDTH="225" HEIGHT="42" WC="0.96" CONTENT="fördelningen"/><SP WIDTH="21" VPOS="2047" HPOS="1689"/>
							<String ID="string_324" HPOS="1710" VPOS="2062" WIDTH="43" HEIGHT="20" WC="0.94" CONTENT="av"/>
						</TextLine>
						<TextLine ID="line_35" HPOS="265" VPOS="2095" WIDTH="1487" HEIGHT="45">
							<String ID="string_325" HPOS="265" VPOS="2095" WIDTH="319" HEIGHT="40" WC="0.91" CONTENT="belöningsrummen"/><SP WIDTH="18" VPOS="2095" HPOS="584"/>
							<String ID="string_326" HPOS="602" VPOS="2097" WIDTH="120" HEIGHT="31" WC="0.96" CONTENT="mellan"/><SP WIDTH="19" VPOS="2097" HPOS="722"/>
							<String ID="string_327" HPOS="741" VPOS="2097" WIDTH="87" HEIGHT="32" WC="0.92" CONTENT="olika"/><SP WIDTH="17" VPOS="2097" HPOS="828"/>
							<String ID="string_328" HPOS="845" VPOS="2098" WIDTH="371" HEIGHT="41" WC="0.92" CONTENT="konstnärskategorier."/><SP WIDTH="18" VPOS="2098" HPOS="1216"/>
							<String ID="string_329" HPOS="1234" VPOS="2100" WIDTH="200" HEIGHT="40" WC="0.96" CONTENT="Härigenom"/><SP WIDTH="19" VPOS="2100" HPOS="1434"/>
							<String ID="string_330" HPOS="1453" VPOS="2101" WIDTH="102" HEIGHT="32" WC="0.96" CONTENT="skulle"/><SP WIDTH="18" VPOS="2101" HPOS="1555"/>
							<String ID="string_331" HPOS="1573" VPOS="2103" WIDTH="179" HEIGHT="32" WC="0.96" CONTENT="emellertid"/>
						</TextLine>
						<TextLine ID="line_36" HPOS="265" VPOS="2148" WIDTH="1487" HEIGHT="45">
							<String ID="string_332" HPOS="265" VPOS="2149" WIDTH="40" HEIGHT="30" WC="0.96" CONTENT="de"/><SP WIDTH="17" VPOS="2149" HPOS="305"/>
							<String ID="string_333" HPOS="322" VPOS="2148" WIDTH="72" HEIGHT="39" WC="0.93" CONTENT="fyra"/><SP WIDTH="17" VPOS="2148" HPOS="394"/>
							<String ID="string_334" HPOS="411" VPOS="2149" WIDTH="293" HEIGHT="39" WC="0.92" CONTENT="korporationerna"/><SP WIDTH="17" VPOS="2149" HPOS="704"/>
							<String ID="string_335" HPOS="721" VPOS="2150" WIDTH="116" HEIGHT="32" WC="0.96" CONTENT="frestas"/><SP WIDTH="17" VPOS="2150" HPOS="837"/>
							<String ID="string_336" HPOS="854" VPOS="2156" WIDTH="53" HEIGHT="26" WC="0.96" CONTENT="att"/><SP WIDTH="17" VPOS="2156" HPOS="907"/>
							<String ID="string_337" HPOS="924" VPOS="2163" WIDTH="42" HEIGHT="20" WC="0.96" CONTENT="av"/><SP WIDTH="17" VPOS="2163" HPOS="966"/>
							<String ID="string_338" HPOS="983" VPOS="2163" WIDTH="130" HEIGHT="29" WC="0.96" CONTENT="omsorg"/><SP WIDTH="16" VPOS="2163" HPOS="1113"/>
							<String ID="string_339" HPOS="1129" VPOS="2164" WIDTH="54" HEIGHT="20" WC="0.96" CONTENT="om"/><SP WIDTH="17" VPOS="2164" HPOS="1183"/>
							<String ID="string_340" HPOS="1200" VPOS="2153" WIDTH="57" HEIGHT="31" WC="0.96" CONTENT="det"/><SP WIDTH="16" VPOS="2153" HPOS="1257"/>
							<String ID="string_341" HPOS="1273" VPOS="2164" WIDTH="83" HEIGHT="29" WC="0.93" CONTENT="egna"/><SP WIDTH="16" VPOS="2164" HPOS="1356"/>
							<String ID="string_342" HPOS="1372" VPOS="2154" WIDTH="168" HEIGHT="32" WC="0.91" CONTENT="klientelet"/><SP WIDTH="18" VPOS="2154" HPOS="1540"/>
							<String ID="string_343" HPOS="1558" VPOS="2167" WIDTH="60" HEIGHT="21" WC="0.96" CONTENT="var"/><SP WIDTH="15" VPOS="2167" HPOS="1618"/>
							<String ID="string_344" HPOS="1633" VPOS="2157" WIDTH="60" HEIGHT="31" WC="0.96" CONTENT="och"/><SP WIDTH="19" VPOS="2157" HPOS="1693"/>
							<String ID="string_345" HPOS="1712" VPOS="2169" WIDTH="40" HEIGHT="19" WC="0.95" CONTENT="en"/>
						</TextLine>
						<TextLine ID="line_37" HPOS="264" VPOS="2203" WIDTH="1488" HEIGHT="48">
							<String ID="string_346" HPOS="264" VPOS="2203" WIDTH="117" HEIGHT="33" WC="0.96" CONTENT="föreslå"/><SP WIDTH="14" VPOS="2203" HPOS="381"/>
							<String ID="string_347" HPOS="395" VPOS="2205" WIDTH="35" HEIGHT="31" WC="0.96" CONTENT="så"/><SP WIDTH="16" VPOS="2205" HPOS="430"/>
							<String ID="string_348" HPOS="446" VPOS="2205" WIDTH="149" HEIGHT="32" WC="0.96" CONTENT="förnäma"/><SP WIDTH="16" VPOS="2205" HPOS="595"/>
							<String ID="string_349" HPOS="611" VPOS="2206" WIDTH="60" HEIGHT="31" WC="0.93" CONTENT="och"/><SP WIDTH="18" VPOS="2206" HPOS="671"/>
							<String ID="string_350" HPOS="689" VPOS="2207" WIDTH="348" HEIGHT="41" WC="0.91" CONTENT="konkurrenskraftiga"/><SP WIDTH="16" VPOS="2207" HPOS="1037"/>
							<String ID="string_351" HPOS="1053" VPOS="2219" WIDTH="110" HEIGHT="27" WC="0.96" CONTENT="namn,"/><SP WIDTH="17" VPOS="2219" HPOS="1163"/>
							<String ID="string_352" HPOS="1180" VPOS="2213" WIDTH="53" HEIGHT="27" WC="0.96" CONTENT="att"/><SP WIDTH="16" VPOS="2213" HPOS="1233"/>
							<String ID="string_353" HPOS="1249" VPOS="2209" WIDTH="102" HEIGHT="39" WC="0.96" CONTENT="syftet"/><SP WIDTH="16" VPOS="2209" HPOS="1351"/>
							<String ID="string_354" HPOS="1367" VPOS="2211" WIDTH="74" HEIGHT="31" WC="0.96" CONTENT="med"/><SP WIDTH="17" VPOS="2211" HPOS="1441"/>
							<String ID="string_355" HPOS="1458" VPOS="2211" WIDTH="158" HEIGHT="40" WC="0.96" CONTENT="anslaget,"/><SP WIDTH="17" VPOS="2211" HPOS="1616"/>
							<String ID="string_356" HPOS="1633" VPOS="2212" WIDTH="119" HEIGHT="32" WC="0.96" CONTENT="sådant"/>
						</TextLine>
						<TextLine ID="line_38" HPOS="264" VPOS="2258" WIDTH="1487" HEIGHT="44">
							<String ID="string_357" HPOS="264" VPOS="2258" WIDTH="116" HEIGHT="31" WC="0.95" CONTENT="KLYS"/><SP WIDTH="16" VPOS="2258" HPOS="380"/>
							<String ID="string_358" HPOS="396" VPOS="2258" WIDTH="55" HEIGHT="31" WC="0.96" CONTENT="vill"/><SP WIDTH="15" VPOS="2258" HPOS="451"/>
							<String ID="string_359" HPOS="466" VPOS="2259" WIDTH="86" HEIGHT="31" WC="0.96" CONTENT="fatta"/><SP WIDTH="16" VPOS="2259" HPOS="552"/>
							<String ID="string_360" HPOS="568" VPOS="2260" WIDTH="66" HEIGHT="37" WC="0.93" CONTENT="det,"/><SP WIDTH="18" VPOS="2260" HPOS="634"/>
							<String ID="string_361" HPOS="652" VPOS="2259" WIDTH="141" HEIGHT="33" WC="0.86" CONTENT="förfelas."/><SP WIDTH="17" VPOS="2259" HPOS="793"/>
							<String ID="string_362" HPOS="810" VPOS="2260" WIDTH="113" HEIGHT="40" WC="0.95" CONTENT="Enligt"/><SP WIDTH="16" VPOS="2260" HPOS="923"/>
							<String ID="string_363" HPOS="939" VPOS="2261" WIDTH="126" HEIGHT="32" WC="0.72" CONTENT="KLYS"/><SP WIDTH="17" VPOS="2261" HPOS="1065"/>
							<String ID="string_364" HPOS="1082" VPOS="2262" WIDTH="134" HEIGHT="40" WC="0.96" CONTENT="mening"/><SP WIDTH="15" VPOS="2262" HPOS="1216"/>
							<String ID="string_365" HPOS="1231" VPOS="2263" WIDTH="61" HEIGHT="31" WC="0.93" CONTENT="bör"/><SP WIDTH="14" VPOS="2263" HPOS="1292"/>
							<String ID="string_366" HPOS="1306" VPOS="2264" WIDTH="194" HEIGHT="31" WC="0.91" CONTENT="utdelandet"/><SP WIDTH="17" VPOS="2264" HPOS="1500"/>
							<String ID="string_367" HPOS="1517" VPOS="2265" WIDTH="57" HEIGHT="31" WC="0.96" CONTENT="ske"/><SP WIDTH="16" VPOS="2265" HPOS="1574"/>
							<String ID="string_368" HPOS="1590" VPOS="2265" WIDTH="82" HEIGHT="31" WC="0.92" CONTENT="efter"/><SP WIDTH="15" VPOS="2265" HPOS="1672"/>
							<String ID="string_369" HPOS="1687" VPOS="2266" WIDTH="64" HEIGHT="31" WC="0.92" CONTENT="för-"/>
						</TextLine>
						<TextLine ID="line_39" HPOS="264" VPOS="2310" WIDTH="1487" HEIGHT="48">
							<String ID="string_370" HPOS="264" VPOS="2311" WIDTH="68" HEIGHT="39" WC="0.96" CONTENT="slag"/><SP WIDTH="18" VPOS="2311" HPOS="332"/>
							<String ID="string_371" HPOS="350" VPOS="2310" WIDTH="72" HEIGHT="32" WC="0.96" CONTENT="från"/><SP WIDTH="22" VPOS="2310" HPOS="422"/>
							<String ID="string_372" HPOS="444" VPOS="2316" WIDTH="50" HEIGHT="27" WC="0.96" CONTENT="ett"/><SP WIDTH="20" VPOS="2316" HPOS="494"/>
							<String ID="string_373" HPOS="514" VPOS="2312" WIDTH="50" HEIGHT="31" WC="0.96" CONTENT="för"/><SP WIDTH="20" VPOS="2312" HPOS="564"/>
							<String ID="string_374" HPOS="584" VPOS="2313" WIDTH="64" HEIGHT="31" WC="0.93" CONTENT="alla"/><SP WIDTH="20" VPOS="2313" HPOS="648"/>
							<String ID="string_375" HPOS="668" VPOS="2313" WIDTH="507" HEIGHT="41" WC="0.91" CONTENT="kulturarbetarorganisationer"/><SP WIDTH="19" VPOS="2313" HPOS="1175"/>
							<String ID="string_376" HPOS="1194" VPOS="2321" WIDTH="203" HEIGHT="34" WC="0.95" CONTENT="gemensamt"/><SP WIDTH="21" VPOS="2321" HPOS="1397"/>
							<String ID="string_377" HPOS="1418" VPOS="2328" WIDTH="100" HEIGHT="29" WC="0.95" CONTENT="organ"/><SP WIDTH="24" VPOS="2328" HPOS="1518"/>
							<String ID="string_378" HPOS="1542" VPOS="2319" WIDTH="209" HEIGHT="39" WC="0.95" CONTENT="(alternativt"/>
						</TextLine>
						<TextLine ID="line_40" HPOS="262" VPOS="2366" WIDTH="1488" HEIGHT="47">
							<String ID="string_379" HPOS="262" VPOS="2366" WIDTH="72" HEIGHT="32" WC="0.96" CONTENT="från"/><SP WIDTH="15" VPOS="2366" HPOS="334"/>
							<String ID="string_380" HPOS="349" VPOS="2378" WIDTH="39" HEIGHT="20" WC="0.96" CONTENT="en"/><SP WIDTH="14" VPOS="2378" HPOS="388"/>
							<String ID="string_381" HPOS="402" VPOS="2379" WIDTH="42" HEIGHT="20" WC="0.96" CONTENT="av"/><SP WIDTH="16" VPOS="2379" HPOS="444"/>
							<String ID="string_382" HPOS="460" VPOS="2368" WIDTH="40" HEIGHT="31" WC="0.96" CONTENT="de"/><SP WIDTH="14" VPOS="2368" HPOS="500"/>
							<String ID="string_383" HPOS="514" VPOS="2368" WIDTH="72" HEIGHT="39" WC="0.92" CONTENT="fyra"/><SP WIDTH="15" VPOS="2368" HPOS="586"/>
							<String ID="string_384" HPOS="601" VPOS="2368" WIDTH="342" HEIGHT="39" WC="0.91" CONTENT="stipendieutdelande"/><SP WIDTH="15" VPOS="2368" HPOS="943"/>
							<String ID="string_385" HPOS="958" VPOS="2371" WIDTH="292" HEIGHT="38" WC="0.91" CONTENT="korporationerna"/><SP WIDTH="15" VPOS="2371" HPOS="1250"/>
							<String ID="string_386" HPOS="1265" VPOS="2372" WIDTH="117" HEIGHT="31" WC="0.96" CONTENT="utsedd"/><SP WIDTH="15" VPOS="2372" HPOS="1382"/>
							<String ID="string_387" HPOS="1397" VPOS="2383" WIDTH="187" HEIGHT="29" WC="0.96" CONTENT="gemensam"/><SP WIDTH="16" VPOS="2383" HPOS="1584"/>
							<String ID="string_388" HPOS="1600" VPOS="2375" WIDTH="150" HEIGHT="38" WC="0.96" CONTENT="nämnd)."/>
						</TextLine>
						<TextLine ID="line_41" HPOS="262" VPOS="2420" WIDTH="1487" HEIGHT="44">
							<String ID="string_389" HPOS="262" VPOS="2420" WIDTH="317" HEIGHT="32" WC="0.91" CONTENT="Kulturarbetarnas"/><SP WIDTH="25" VPOS="2420" HPOS="579"/>
							<String ID="string_390" HPOS="604" VPOS="2433" WIDTH="82" HEIGHT="28" WC="0.96" CONTENT="egna"/><SP WIDTH="26" VPOS="2433" HPOS="686"/>
							<String ID="string_391" HPOS="712" VPOS="2423" WIDTH="259" HEIGHT="39" WC="0.96" CONTENT="organisationer"/><SP WIDTH="26" VPOS="2423" HPOS="971"/>
							<String ID="string_392" HPOS="997" VPOS="2427" WIDTH="71" HEIGHT="36" WC="0.96" CONTENT="sägs"/><SP WIDTH="27" VPOS="2427" HPOS="1068"/>
							<String ID="string_393" HPOS="1095" VPOS="2435" WIDTH="80" HEIGHT="21" WC="0.96" CONTENT="vara"/><SP WIDTH="25" VPOS="2435" HPOS="1175"/>
							<String ID="string_394" HPOS="1200" VPOS="2435" WIDTH="119" HEIGHT="29" WC="0.95" CONTENT="mogna"/><SP WIDTH="26" VPOS="2435" HPOS="1319"/>
							<String ID="string_395" HPOS="1345" VPOS="2430" WIDTH="53" HEIGHT="27" WC="0.96" CONTENT="att"/><SP WIDTH="26" VPOS="2430" HPOS="1398"/>
							<String ID="string_396" HPOS="1424" VPOS="2425" WIDTH="104" HEIGHT="39" WC="0.96" CONTENT="själva"/><SP WIDTH="27" VPOS="2425" HPOS="1528"/>
							<String ID="string_397" HPOS="1555" VPOS="2426" WIDTH="104" HEIGHT="33" WC="0.96" CONTENT="företa"/><SP WIDTH="27" VPOS="2426" HPOS="1659"/>
							<String ID="string_398" HPOS="1686" VPOS="2429" WIDTH="63" HEIGHT="30" WC="0.96" CONTENT="den"/>
						</TextLine>
						<TextLine ID="line_42" HPOS="263" VPOS="2473" WIDTH="1485" HEIGHT="45">
							<String ID="string_399" HPOS="263" VPOS="2473" WIDTH="210" HEIGHT="41" WC="0.96" CONTENT="nödvändiga"/><SP WIDTH="31" VPOS="2473" HPOS="473"/>
							<String ID="string_400" HPOS="504" VPOS="2475" WIDTH="229" HEIGHT="40" WC="0.96" CONTENT="avvägningen"/><SP WIDTH="32" VPOS="2475" HPOS="733"/>
							<String ID="string_401" HPOS="765" VPOS="2476" WIDTH="118" HEIGHT="31" WC="0.96" CONTENT="mellan"/><SP WIDTH="33" VPOS="2476" HPOS="883"/>
							<String ID="string_402" HPOS="916" VPOS="2476" WIDTH="87" HEIGHT="32" WC="0.93" CONTENT="olika"/><SP WIDTH="30" VPOS="2476" HPOS="1003"/>
							<String ID="string_403" HPOS="1033" VPOS="2478" WIDTH="377" HEIGHT="40" WC="0.91" CONTENT="konstnärskategoriers"/><SP WIDTH="33" VPOS="2478" HPOS="1410"/>
							<String ID="string_404" HPOS="1443" VPOS="2479" WIDTH="169" HEIGHT="33" WC="0.92" CONTENT="intressen."/><SP WIDTH="33" VPOS="2479" HPOS="1612"/>
							<String ID="string_405" HPOS="1645" VPOS="2481" WIDTH="103" HEIGHT="31" WC="0.96" CONTENT="Detta"/>
						</TextLine>
					</TextBlock>
				</ComposedBlock>
			</PrintSpace>
		</Page>
	</Layout>
</alto>
