1878 2778
281 145 37 29 10
630 148 285 32 Statsutskottets
941 151 179 32 utlåtande
1145 163 42 20 nr
1212 156 40 28 92
1277 156 39 30 år
1343 157 83 30 1957

280 228 56 30 vid
356 230 156 29 elevhem
531 231 54 30 för
605 232 10 29 i
636 233 108 30 första
765 234 94 30 hand
881 235 181 32 klasserna
1086 239 83 29 1—4
1189 239 62 30 bör
1271 242 195 38 upprättas.
1487 243 167 30 Förutom
1676 245 108 29 erfor-

282 279 130 39 derliga
436 281 208 38 specialrum
668 283 53 30 för
744 285 174 40 teckning,
943 288 311 40 naturkunnighet,
1278 291 173 30 hantverk
1474 302 44 20 m.
1542 304 44 19 m.
1609 294 175 32 beräknar

280 329 331 41 skolöverstyrelsen
628 334 178 30 dessutom
823 337 51 28 att
890 338 131 29 antalet
1038 338 176 31 klassrum
1231 341 150 30 behöver
1397 343 85 29 ökas
1501 344 51 29 till
1572 344 49 29 18.

323 379 368 42 Byggnadsstyrelsen,
717 394 75 20 som
816 388 110 28 utrett
950 387 275 33 Örebroskolans
1250 392 216 36 lokalbehov,
1493 394 63 29 har
1582 395 10 28 i
1618 396 165 30 skrivelse

280 430 66 29 den
366 431 37 29 31
426 433 138 38 augusti
586 434 81 30 1955
687 435 179 31 hemställt
885 447 57 20 om
961 440 48 28 ett
1028 440 121 39 anslag
1168 450 42 20 av
1229 441 62 30 800
1307 442 62 29 000
1390 444 130 29 kronor
1540 445 54 29 för
1614 446 108 40 inköp
1742 456 42 20 av

279 482 87 29 tomt
386 482 65 29 och
471 482 215 41 påbörjande
707 495 42 20 av
768 496 42 20 en
832 487 112 31 första
963 489 285 42 byggnadsetapp
1271 493 54 29 för
1346 495 154 29 nämnda
1523 496 115 30 skolas
1660 498 121 29 behov.

279 531 130 30 Härvid
431 532 64 30 har
517 535 168 38 styrelsen
708 537 116 30 anfört
845 538 107 31 bland
974 543 107 27 annat
1103 542 167 39 följande.

319 598 49 30 De
393 599 171 40 ritningar
590 609 74 20 som
690 602 199 38 upprättats
914 602 44 39 på
982 603 170 38 grundval
1178 613 42 19 av
1244 604 57 29 det
1326 604 148 30 sålunda
1500 606 146 29 utredda
1672 606 107 29 lokal-

275 644 237 35 programmet
534 642 64 29 har
620 643 90 29 visat
733 645 50 27 att
807 644 67 29 den
898 644 214 40 tillgängliga
1137 647 173 37 tomtytan
1335 647 37 28 är
1397 647 119 29 alltför
1541 648 83 29 liten
1649 648 54 30 för
1728 650 50 28 att

275 692 137 29 rymma
440 684 41 29 de
509 684 226 40 erforderliga
764 686 311 39 tillbyggnaderna.
1105 687 99 29 Efter
1232 688 122 39 gjorda
1383 689 304 39 undersökningar
1716 690 63 30 har

275 725 57 29 det
352 725 90 29 visat
464 725 59 39 sig,
545 728 49 27 att
615 727 66 29 den
702 728 88 28 enda
811 729 151 38 utvägen
983 730 49 28 att
1053 729 74 30 lösa
1148 730 113 29 denna
1284 731 194 39 lokalfråga
1502 741 101 29 synes
1625 741 83 20 vara
1728 735 49 27 att

275 767 43 38 på
342 769 118 32 annat,
484 768 191 40 välbeläget
699 770 246 30 markområde
969 771 150 39 uppföra
1145 781 66 29 nya
1236 772 199 39 byggnader
1460 773 54 29 för
1540 774 133 30 skolan.
1699 774 80 30 Öre-

274 809 61 28 bro
360 810 77 28 stad
462 809 73 36 har,
559 810 89 30 efter
672 812 139 29 samråd
837 812 79 29 med
941 812 362 40 byggnadsstyrelsen,
1330 815 54 29 för
1410 816 94 29 detta
1530 817 163 29 ändamål
1719 827 59 19 an-

273 850 89 29 visat
382 853 48 27 ett
450 852 141 30 område
611 852 95 30 inom
726 854 176 29 kvarteret
923 855 140 35 Skatan,
1085 855 97 30 cirka
1203 856 62 30 500
1286 858 109 28 meter
1416 857 80 30 från
1518 859 65 28 den
1605 868 173 20 nuvaran-

273 892 41 29 de
332 893 134 29 skolan.
486 894 65 29 För
569 895 199 29 ändamålet
785 896 207 40 erforderlig
1011 898 196 29 markareal
1226 899 112 29 skulle
1357 900 63 28 där
1439 899 120 30 kunna
1578 901 199 29 åstadkom-

273 943 74 20 mas
368 943 125 30 genom
515 937 322 40 sammanslagning
858 947 43 20 av
920 948 43 20 en
984 940 61 29 rad
1068 939 135 30 mindre
1225 942 126 28 tomter
1372 942 151 29 avsedda
1545 942 54 29 för
1621 943 156 30 bostads-

272 976 212 39 bebyggelse.

318 1019 127 29 Staden
467 1019 63 29 har
551 1020 118 30 vidare
691 1021 54 29 för
766 1023 50 27 att
839 1022 206 39 möjliggöra
1067 1024 57 29 det
1146 1024 187 39 planerade
1356 1025 352 40 byggnadsföretaget
1730 1028 47 29 lå-

276 1060 38 28 tit
335 1062 165 38 upprätta
520 1062 130 39 förslag
671 1063 50 29 till
742 1064 353 41 stadsplaneändring
1117 1066 54 29 för
1192 1067 57 29 det
1267 1067 148 30 berörda
1437 1068 184 29 kvarteret.
1644 1069 133 39 Ägaren

273 1102 51 28 till
345 1103 41 28 de
406 1103 199 39 obebyggda
625 1106 172 28 tomterna
817 1105 65 30 har
902 1106 171 31 förklarat
1093 1107 51 39 sig
1163 1108 95 39 villig
1278 1111 50 27 att
1349 1110 89 38 sälja
1458 1111 100 28 dessa
1580 1111 54 29 för
1654 1114 48 27 ett
1722 1112 55 28 be-

273 1144 79 38 lopp
375 1153 41 20 av
437 1145 62 29 550
515 1145 61 30 000
598 1146 139 30 kronor.
761 1147 64 30 Vid
847 1148 67 29 den
936 1149 184 39 värdering
1142 1159 75 20 som
1238 1151 353 39 byggnadsstyrelsen
1614 1153 162 39 företagit

271 1185 10 28 i
300 1187 141 29 samråd
460 1188 77 29 med
555 1187 130 30 Örebro
704 1190 75 29 stad
797 1190 65 29 har
880 1191 94 29 detta
991 1191 125 40 belopp
1136 1193 289 30 dock:-befunnits
1444 1204 82 20 vara
1545 1195 119 29 alltför
1682 1196 93 38 högt.

271 1227 51 30 Då
344 1229 128 38 ägaren
495 1229 74 30 icke
592 1231 38 28 är
651 1230 94 39 villig
768 1233 50 27 att
841 1234 179 37 acceptera
1043 1234 93 38 lägre
1159 1234 134 40 belopp,
1319 1244 101 30 synes
1444 1237 41 29 de
1508 1237 266 39 ifrågavarande

271 1271 184 34 tomterna,
476 1271 93 29 vilka
590 1279 124 31 genom
733 1273 148 30 berörda
903 1275 353 40 stadsplaneändring
1276 1279 129 28 avsetts
1427 1278 55 30 för
1503 1279 146 31 allmänt
1670 1281 105 29 ända-

270 1311 79 34 mål,
369 1312 36 29 få
424 1312 130 30 inlösas
574 1321 125 31 genom
717 1315 498 39 expropriationsförfarande.

313 1353 358 40 Byggnadsstyrelsen
693 1356 64 29 har
778 1357 119 29 vidare
921 1359 78 28 med
1022 1362 280 35 representanter
1325 1361 54 30 för
1403 1361 129 31 Örebro
1556 1365 77 28 stad
1656 1365 118 29 disku-

270 1397 88 27 terat
375 1396 140 29 stadens
532 1398 230 38 övertagande
779 1407 42 20 av
838 1399 142 30 skolans
998 1402 202 29 nuvarande
1218 1404 87 28 tomt
1322 1403 64 29 och
1403 1404 200 39 byggnader
1625 1406 148 33 (tomten

270 1446 40 19 nr
329 1437 42 30 1i
388 1438 175 30 kvarteret
579 1439 40 29 74
636 1440 320 39 Flugsnapparen).
974 1442 57 29 Ett
1047 1443 220 39 preliminärt
1283 1446 93 29 avtal
1392 1446 64 30 har
1474 1449 198 37 upprättats
1692 1449 81 29 mel-

271 1479 55 28 lan
358 1479 143 30 Kronan
531 1481 63 29 och
625 1482 122 29 staden
777 1483 222 30 beträffande
1030 1485 239 30 överlåtelsen.
1300 1487 118 30 Under
1448 1489 254 41 förutsättning
1733 1500 40 20 av

269 1521 338 40 stadsfullmäktiges
624 1524 255 38 godkännande
897 1535 42 20 av
954 1527 126 29 avtalet
1097 1528 159 29 kommer
1273 1529 123 30 skolan
1413 1532 50 28 att
1481 1533 188 29 successivt
1685 1533 88 29 kun-

269 1572 43 19 na
335 1564 204 39 överflyttas
562 1564 51 30 till
636 1575 67 29 nya
725 1566 133 30 lokaler
880 1567 11 29 i
913 1568 66 29 den
1001 1569 85 34 takt,
1110 1579 75 20 som
1208 1571 248 39 nybyggnader
1479 1573 54 30 för
1556 1574 122 30 skolan
1702 1576 70 28 kan

267 1605 69 30 ske.

310 1647 357 40 Byggnadsstyrelsen
691 1650 64 29 har
779 1650 77 30 låtit
881 1653 164 38 upprätta
1070 1653 172 39 ritningar
1266 1655 49 29 till
1342 1657 248 39 nybyggnader
1615 1660 54 29 för
1694 1660 77 29 sko-

268 1688 55 29 lan
343 1689 45 38 på
407 1690 67 29 den
494 1699 66 30 nya
580 1693 142 28 tomten.
743 1692 93 30 Fullt
857 1694 152 39 utbyggd
1030 1695 112 30 skulle
1163 1697 123 29 skolan
1307 1698 143 30 komma
1471 1702 49 27 att
1542 1701 148 30 omfatta
1711 1712 59 28 ny-

266 1730 160 39 byggnad
451 1732 53 29 för
528 1733 220 35 skollokaler,
772 1734 248 32 innehållande
1043 1737 44 30 bl.
1113 1748 28 19 a.
1170 1738 37 29 18
1232 1739 187 36 klassrum,
1445 1742 226 40 erforderliga
1698 1753 73 30 spe-

266 1772 162 30 cialsalar
453 1774 64 28 och
543 1775 231 39 samlingssal,
803 1777 56 29 två
884 1777 274 40 elevbyggnader
1183 1780 55 30 för
1262 1783 147 29 vardera
1434 1783 42 29 48
1502 1785 111 29 elever
1638 1786 64 29 och
1728 1796 42 19 en

266 1815 372 40 gymnastikbyggnad.
664 1818 73 28 Den
765 1819 106 29 totala
895 1819 196 31 kostnaden
1115 1822 64 29 har
1203 1823 188 31 beräknats
1417 1825 52 29 till
1495 1826 17 29 4
1527 1827 63 29 400
1605 1828 62 29 000
1693 1829 77 28 kro-

266 1865 72 25 nor,
357 1857 116 29 vartill
492 1858 157 29 kommer
668 1859 148 30 kostnad
837 1861 55 29 för
911 1863 209 30 marklösen.
1141 1865 91 29 Från
1251 1866 197 30 kostnaden
1468 1869 103 38 avgår
1591 1871 66 28 den
1678 1880 92 19 sum-

265 1907 56 19 ma
341 1899 123 29 staden
483 1900 106 38 enligt
608 1902 280 40 avtalsförslaget
909 1904 111 29 skulle
1040 1905 142 31 komma
1202 1908 50 28 att
1271 1908 114 30 betala
1405 1909 56 30 för
1480 1911 65 28 den
1566 1912 114 38 gamla
1701 1913 68 29 fas-

264 1939 163 38 tigheten,
453 1940 62 30 818
531 1942 61 29 000
616 1943 139 30 kronor.

311 1981 250 40 Utbyggnaden
582 1993 42 19 av
645 1985 66 29 den
733 1995 67 29 nya
822 1987 124 29 skolan
969 1998 101 29 synes
1091 1989 84 30 böra
1197 1991 59 30 ske
1278 1992 10 28 i
1310 1994 153 39 etapper,
1484 1996 119 29 varvid
1626 1997 141 29 skolans

265 2023 111 30 behov
393 2034 41 21 av
453 2026 208 38 specialrum
679 2028 9 28 i
707 2028 108 29 första
834 2029 94 30 hand
946 2030 149 31 behöver
1113 2032 209 40 tillgodoses.

303 2109 394 43 Departementschefen
721 2113 63 29 har
808 2115 118 29 anfört
949 2116 104 30 bland
1077 2120 108 28 annat
1209 2119 167 39 följande.

304 2160 195 32 Lokalerna
520 2162 54 29 för
594 2164 233 30 dövskolorna
848 2166 10 28 i
878 2166 219 41 Vänersborg
1117 2170 38 28 är
1176 2169 9 29 i
1207 2170 97 39 fråga
1326 2180 57 20 om
1404 2172 129 36 trivsel,
1553 2174 212 40 bekvämlig-

260 2201 57 30 het
340 2203 65 29 och
428 2203 126 40 hygien
577 2206 108 29 delvis
711 2207 137 38 mycket
872 2209 347 32 otillfredsställande
1243 2213 64 28 och
1331 2213 64 30 har
1421 2216 105 28 sedan
1552 2216 99 39 länge
1675 2218 89 29 varit

260 2244 9 28 i
289 2245 112 29 behov
421 2255 42 20 av
483 2248 49 28 att
552 2249 148 28 ersättas
721 2250 81 28 eller
824 2250 200 32 förbättras.
1047 2253 260 38 Specialskolan
1329 2255 10 29 i
1361 2255 129 31 Örebro
1512 2259 38 28 är
1571 2259 105 30 också
1698 2261 66 28 den

259 2286 140 39 inrymd
425 2289 10 28 i
461 2289 207 40 otidsenliga
693 2292 63 28 och
782 2292 193 31 obekväma
1001 2295 141 34 lokaler,
1168 2296 92 30 vilka
1288 2298 180 30 dessutom
1494 2301 37 28 är
1557 2301 92 30 klart
1675 2302 89 29 otill-

259 2330 154 38 räckliga
441 2331 10 28 i
479 2331 219 31 förhållande
726 2334 50 29 till
804 2336 132 28 antalet
962 2336 86 30 barn
1076 2339 79 28 med
1184 2338 294 42 förutsättningar
1505 2344 49 28 att
1582 2343 86 38 följa
1697 2344 66 29 den

259 2380 93 20 mera
370 2375 214 29 avancerade
602 2376 251 40 undervisning
871 2377 55 30 för
942 2378 283 37 hörselskadade,
1245 2391 76 20 som
1338 2383 115 30 denna
1472 2384 97 29 skola
1588 2381 174 46 erbjuder.

302 2414 70 29 Mot
400 2415 41 29 de
469 2425 41 20 av
534 2416 353 41 byggnadsstyrelsen
915 2429 46 20 nu
989 2421 195 40 framlagda
1213 2423 175 39 förslagen
1415 2426 11 28 i
1454 2426 89 38 syfte
1570 2429 51 26 att
1648 2428 36 29 få
1711 2428 51 29 till

258 2457 103 29 stånd
380 2467 42 19 en
442 2459 171 39 ordentlig
632 2460 210 41 förbättring
862 2472 42 20 av
922 2463 364 32 lokalförhållandena
1306 2467 56 30 vid
1383 2468 234 30 dövskolorna
1637 2469 10 29 i
1668 2471 94 29 såväl

257 2499 220 41 Vänersborg
500 2510 74 20 som
597 2502 128 30 Örebro
748 2503 64 30 har
833 2504 60 39 jag
915 2505 71 29 inte
1008 2506 119 30 funnit
1150 2508 189 40 anledning
1362 2509 52 29 till
1437 2509 150 30 erinran.
