2122 2647
650 182 214 41 Bevillnings-
876 181 166 33 Utskottets
1068 179 208 33 Betänkande
1299 177 63 33 N:o
1386 179 51 29 10.
1770 171 13 29 1

958 584 76 40 N:o
1065 583 60 39 10.

857 743 79 30 Ank.
960 741 46 31 till
1030 740 105 31 Riksd.
1158 738 111 32 Kansli
1293 737 56 30 den
1376 737 36 28 11
1438 734 62 40 Maj
1528 735 91 36 1885,
1642 733 43 30 kl.
1712 734 17 28 3
1753 743 24 19 e.
1802 742 36 20 m.

448 896 250 46 Betänkande,
728 892 188 49 angående
944 890 197 52 ifrågasatt
1169 886 231 47 nedsättning
1429 885 44 49 af
1498 883 108 37 tullen
1631 882 24 36 &
1672 882 94 47 kaffe
1781 881 60 36 och

649 964 133 46 socker,
811 975 45 23 m.
887 974 44 24 m.

380 1123 17 37 I
439 1122 66 38 sitt
546 1118 251 39 Betänkande
821 1118 73 36 N:o
925 1118 32 47 5,
988 1113 198 51 angående
1216 1111 194 49 åtskilliga
1439 1109 104 38 delar
1573 1108 41 37 af
1637 1106 206 38 tullbevill-

252 1176 158 49 ningen,
440 1176 69 35 har
535 1170 460 50 Bevillnings-Utskottet
1023 1164 303 50 tillkännagifvit
1356 1168 54 32 att
1426 1162 70 37 och
1512 1160 155 37 hvarför
1684 1159 160 37 Utskot-

253 1234 56 32 tet
350 1228 96 36 först
488 1225 97 38 efter
618 1224 64 37 det
715 1224 45 36 de
788 1221 243 49 Riksdagens
1060 1218 180 51 pröfning
1269 1215 197 49 förelagda
1494 1214 128 49 frågor
1650 1225 60 23 om
1740 1210 104 37 vissa

254 1279 214 50 eftergifter
508 1278 13 36 i
563 1276 179 38 afseende
785 1278 20 34 å
841 1273 276 50 grundskatter
1158 1275 100 32 samt
1284 1268 218 47 rustnings-
1532 1266 70 36 och
1631 1263 213 48 rotlerings-

254 1334 139 36 besvär
420 1331 127 37 blifvit
575 1329 174 49 afgjorda
777 1328 152 36 komme
958 1330 56 32 att
1041 1330 103 44 yttra
1173 1322 61 49 sig
1262 1320 108 38 öfver
1397 1320 46 36 de
1472 1318 41 37 af
1525 1318 139 36 Herrar
1681 1315 163 36 Mankell

256 1385 70 37 och
356 1384 51 37 HZ.
434 1384 209 35 Andersson
671 1381 13 36 i
712 1379 196 38 Nöbbelöf
932 1377 138 37 väckta
1100 1375 187 37 motioner
1316 1386 60 23 om
1405 1369 250 48 nedsättning
1683 1368 11 36 i
1723 1367 121 37 tullen

255 1440 21 34 å
305 1437 108 48 Kaffe
445 1435 71 37 och
544 1434 139 38 Socker.
740 1432 125 37 Sedan
893 1428 262 39 förstnämnda
1184 1426 130 49 frågor
1342 1438 50 23 nu
1420 1424 70 36 hos
1512 1421 223 49 Riksdagen
1752 1420 93 36 slut-

254 1489 106 50 ligen
387 1487 196 47 förevarit,
612 1486 57 37 får
696 1485 200 37 Utskottet
924 1482 141 37 härhos
1091 1479 142 50 afgifva
1259 1475 243 40 betänkande
1519 1473 199 51 angående
1734 1485 113 36 nyss-

256 1541 162 37 berörda
447 1539 200 37 motioner.

387 1643 195 39 Rubriken
613 1642 107 49 Kaffe
747 1641 69 37 har
843 1639 13 37 i
883 1638 178 52 gällande
1088 1635 162 38 tulltaxa
1278 1632 166 52 följande
1472 1630 163 52 lydelse:

1735 1699 45 23 Kr.
1808 1699 42 22 öre

260 1750 108 38 Kaffe
400 1781 26 4 ou
447 1767 1000 18 nnnessnnarrarrrssserssr
720 1740 55 58 sosse
785 1740 91 58 sserrerr
890 1740 139 58 sortansrrasr
1031 1740 30 58 nan
1064 1740 33 58 rer
1104 1740 59 58 sera
1173 1740 26 58 aaa
1209 1740 30 58 ter
1245 1740 63 58 tern
1314 1740 26 58 ere
1350 1740 63 58 tern
1419 1740 30 58 0eO
1480 1739 17 34 1
1528 1736 188 48 kilogram
1745 1736 33 35 0:
1811 1748 36 23 26

310 1801 139 39 brändt
478 1801 70 37 och
565 1799 73 37 alla
661 1798 57 37 till
733 1797 281 48 kaffesurrogat
1030 1793 258 47 användbara,
1304 1790 145 38 brända

364 1859 135 32 VÄXEL
540 1884 61 5 ooosen
621 1873 825 15 orersarsessrressssr
856 1846 34 54 ers
893 1846 31 54 sos
927 1846 51 54 sera
997 1846 59 54 serna
1068 1846 28 54 ra
1105 1846 28 54 ser
1139 1846 62 54 tenke
1210 1846 48 54 nee
1281 1846 28 54 RAR
1321 1846 22 54 RE
1355 1846 25 54 KE
1386 1846 65 54 ARAn
1593 1868 20 20 NS
1746 1840 34 35 0:
1813 1853 37 24 35

390 1940 130 38 Under
561 1936 288 50 förutsättning,
892 1948 89 24 vare
1010 1934 61 49 sig
1095 1938 55 32 att
1179 1932 73 36 den
1282 1931 41 37 af
1346 1929 142 49 Kongl.
1517 1927 107 49 Maj:t
1653 1926 64 36 vid
1745 1925 107 36 inne-

264 1993 165 38 varande
462 1992 160 49 riksdag
655 1989 219 49 föreslagna
907 1987 148 37 lättnad
1091 1985 12 37 i
1130 1983 275 51 grundskatter
1433 1981 71 37 och
1532 1978 319 48 indelningsverk

264 2047 85 36 icke
393 2045 125 37 blefve
561 2045 41 36 af
630 2043 223 47 Riksdagen
880 2040 132 49 gillad,
1042 2038 91 37 eller
1157 2037 71 37 ock
1256 2041 56 32 att
1340 2035 45 37 de
1411 2031 247 40 obemedlade
1686 2031 167 36 klasser-

265 2112 68 24 nas
362 2096 360 39 lefnadskostnader
745 2093 194 48 förhöjdes
968 2090 162 38 medelst
1159 2088 70 37 tull
1245 2091 20 33 å
1281 2086 184 51 spanmål,
1482 2085 67 37 har
1564 2084 98 37 Herr
1679 2083 173 46 Mankell,

265 2152 11 36 i
306 2150 195 37 motionen
529 2149 71 37 N:o
632 2149 44 36 15
705 2147 104 36 inom
838 2145 136 37 Första
1002 2143 241 46 Kammaren,
1273 2138 210 50 föreslagit,
1500 2142 56 32 att
1571 2137 82 36 från
1668 2135 135 49 början
1819 2135 40 35 af

267 2206 40 34 år
329 2205 97 35 1886
447 2201 120 38 tullen
590 2204 21 33 å
632 2200 98 37 kaffe
747 2201 117 34 måtte
885 2196 197 37 nedsättas
1098 2194 56 37 till
1173 2195 48 35 20
1237 2198 64 31 öre
1318 2192 70 36 och
1405 2191 119 36 tullen
1540 2192 20 33 å
1576 2188 111 47 kaffe,
1704 2187 151 47 brändt,

266 2256 163 36 likasom
459 2257 21 34 å
507 2252 145 38 brända
680 2256 146 42 växter,
857 2248 247 38 användbara
1132 2246 58 37 till
1217 2245 290 47 kaffesurrogat,
1537 2241 57 36 till
1623 2242 47 34 30
1696 2244 77 42 öre,
1790 2239 67 36 allt

267 2321 70 36 per
379 2307 202 48 kilogram.
636 2305 134 36 Denna
811 2299 323 48 tullnedsättning
1174 2298 56 36 till
1259 2297 47 36 de
1336 2296 145 36 mindre
1505 2291 224 39 bemedlade
1757 2291 100 36 klas-

356 2366 73 33 Bih.
454 2365 50 33 til
532 2365 111 33 Riksd.
669 2363 86 33 Prot.
780 2362 94 32 1885.
923 2363 18 29 5
967 2360 97 32 Saml.
1097 2362 8 28 1
1131 2357 80 41 Afd.
1235 2359 40 30 10
1303 2356 96 43 Häft.

1921 1637 88 35 Kaffe.
