1854 2782
270 131 40 30 16
649 131 120 34 Första
794 132 241 42 lagutskottets
1058 134 178 35 utlåtande
1259 148 41 22 nr
1325 139 54 31 37.

271 222 85 21 vore
375 210 60 33 det
456 211 212 41 uppenbart,
689 217 56 29 att
765 212 55 34 för
840 213 44 34 de
901 214 91 42 lägst
1014 215 172 35 avlönade
1206 216 312 36 komministrarna
1539 218 76 35 icke
1636 220 125 34 beräk-

271 267 80 29 nats
372 262 133 43 skäliga
529 264 267 35 löneförmåner.
818 265 227 36 Sistnämnda
1068 268 266 35 komministrar
1358 270 118 43 intoge
1498 271 109 43 enligt
1629 273 133 42 Kungl.

270 315 128 43 Maj:ts
427 316 131 43 förslag
584 330 42 21 en
652 318 258 44 löneställning,
937 322 251 34 motsvarande
1215 323 167 42 lönegrad
1411 324 52 34 Ca
1476 328 55 37 23,
1560 326 80 34 eller
1668 327 94 33 blott

270 370 64 33 två
352 370 124 41 grader
492 370 106 42 högre
617 374 44 31 än
680 372 42 33 de
741 372 104 42 högst
866 374 171 34 avlönade
1055 374 293 37 folkskollärarna
1364 377 67 34 och
1449 383 55 29 tre
1522 379 125 41 grader
1667 380 94 42 lägre

270 425 47 31 än
348 423 430 43 läroverksadjunkterna.
812 426 52 33 Ur
895 427 404 44 utbildningssynpunkt
1333 442 82 22 vore
1449 431 312 36 komministrarna

271 479 158 31 närmast
448 481 54 29 att
522 477 152 42 jämföra
694 479 80 34 med
795 479 220 36 sistnämnda
1036 481 362 43 befattningshavare.

318 530 56 33 De
395 530 150 34 sålunda
568 531 146 35 anförda
737 533 270 41 synpunkterna
1026 535 122 34 kunna
1169 536 110 42 enligt
1303 537 195 35 utskottets
1521 539 143 42 mening
1686 539 77 35 icke

272 582 216 35 frånkännas
511 582 71 44 fog.
602 585 58 34 Då
681 586 193 34 emellertid
897 587 189 41 utskottet,
1109 589 115 34 såsom
1245 602 93 22 ovan
1361 591 165 41 angivits,
1546 592 76 35 icke
1644 598 119 30 ansett

270 636 184 42 tillrådligt
479 642 55 29 att
557 638 112 34 under
694 638 354 37 förhandenvarande
1073 643 301 42 omständigheter
1398 644 125 43 frångå
1547 646 43 34 de
1615 646 53 34 för
1694 647 69 34 den

270 690 238 41 provisoriska
536 692 213 42 regleringen
777 698 156 37 antagna
961 694 358 44 huvudprinciperna,
1348 698 102 34 torde
1478 699 126 34 endast
1632 704 131 30 smärre

270 742 213 43 Justeringar
502 744 5 33 i
522 744 132 43 Kungl.
670 745 127 43 Maj:ts
813 746 129 43 förslag
959 747 85 35 böra
1060 748 170 35 förordas.
1247 750 82 34 Den
1343 750 126 43 högsta
1486 752 179 42 lönegrad,
1681 754 82 33 med

273 796 118 33 vilken
421 809 83 21 man
535 797 108 43 enligt
674 800 287 42 uppställningen
991 801 64 34 här
1084 814 93 21 ovan
1209 815 103 30 synes
1343 803 94 35 hava
1467 805 140 41 räknat,
1640 806 51 34 Ca
1705 810 56 36 26,

271 849 102 34 torde
391 850 148 34 sålunda
558 851 10 33 i
588 851 136 43 princip
742 852 77 34 icke
840 852 86 35 böra
943 854 232 35 överskridas.
1195 856 79 34 Vad
1296 857 43 34 de
1359 857 92 42 lägst
1469 859 173 34 avlönade
1662 859 100 34 kom-

270 902 227 35 ministrarna
515 905 110 41 angår
640 905 101 34 torde
759 918 84 21 man
862 918 85 23 vara
966 907 199 43 berättigad
1182 908 179 42 förvänta,
1379 915 55 30 att
1455 911 43 34 de
1517 912 59 34 vid
1594 925 44 21 en
1656 913 106 34 fram-

271 955 76 33 tida
368 956 250 43 lönereglering
637 957 75 35 icke
732 958 145 35 komma
899 964 54 29 att
974 960 155 42 placeras
1152 961 11 33 i
1187 962 94 42 lägre
1304 963 165 42 lönegrad
1493 968 45 30 än
1563 965 51 34 Ca
1628 969 54 31 24.
1705 966 57 34 En

271 1009 145 42 lämplig
434 1010 202 43 avvägning
653 1010 53 34 för
726 1012 99 34 deras
848 1012 54 34 del
921 1025 102 30 synes
1043 1026 85 22 vara
1148 1020 55 29 att
1225 1016 109 34 vinna
1352 1029 127 29 genom
1499 1023 56 29 att
1572 1019 69 34 öka
1660 1020 100 34 deras

270 1062 203 43 lönetillägg
489 1064 38 33 så
545 1064 154 42 mycket,
716 1070 55 29 att
790 1065 43 34 de
849 1067 264 42 sammanlagda
1131 1068 224 36 förmånerna
1373 1075 182 30 motsvara
1574 1073 160 34 årslönen
1751 1073 11 34 i

270 1116 157 33 nämnda
447 1116 178 43 lönegrad.
645 1118 174 42 Tillägget
838 1119 89 34 lärer
945 1120 91 34 dock
1055 1121 76 34 icke
1151 1121 86 35 böra
1257 1126 101 39 göras
1380 1127 111 31 större
1511 1128 45 31 än
1575 1126 60 34 det
1657 1126 11 33 i
1688 1139 73 21 mo-

270 1168 161 34 tionerna
452 1169 28 33 I:
496 1173 66 30 298
584 1171 65 33 och
666 1171 49 33 II:
731 1175 65 30 459
817 1172 133 42 yrkade
968 1174 126 42 högsta
1115 1175 177 43 beloppet,
1314 1180 98 31 1860
1431 1178 141 34 kronor.
1593 1179 103 34 Inom
1718 1181 43 33 de

271 1222 149 33 sålunda
448 1223 153 42 angivna
627 1227 189 38 gränserna
842 1225 121 35 kunna
989 1227 166 42 tilläggen
1182 1229 188 43 lämpligen
1399 1243 167 30 avpassas
1595 1232 11 33 i
1634 1232 128 35 förhål-

271 1275 104 33 lande
402 1275 51 33 till
479 1276 221 42 grundlönen
726 1277 90 34 efter
842 1278 281 44 huvudsakligen
1150 1293 136 23 samma
1314 1284 152 41 grunder
1495 1297 75 22 som
1597 1286 11 33 i
1636 1298 126 31 propo-

270 1327 163 35 sitionen.

315 1381 52 34 På
386 1382 174 41 grundval
581 1395 45 21 av
646 1383 100 35 dessa
765 1386 271 41 överväganden
1058 1386 158 35 förordar
1239 1389 190 40 utskottet,
1452 1395 55 29 att
1529 1392 232 41 provisoriskt

270 1435 202 42 lönetillägg
500 1436 110 34 under
638 1437 66 33 den
733 1438 156 34 avsedda
917 1439 353 43 regleringsperioden
1298 1442 88 35 skall
1415 1445 87 41 utgå
1529 1445 54 34 till
1612 1446 148 34 kommi-

269 1487 176 35 nistrarna
466 1489 81 34 med
570 1489 155 42 följande
747 1490 140 43 belopp:

266 1550 169 40 Innehavare
450 1560 33 16 av
497 1551 207 27 komministers-
727 1562 41 25 4,
788 1563 135 26 utskottet
987 1579 13 5 =»,
1045 1583 5 4 .
1227 1562 207 41 Sammanlagda
1581 1566 156 41 Motsvarar

284 1589 88 27 tjänst
389 1587 61 25 med
469 1588 214 32 grundavlöning
708 1583 19 50 =
751 1598 144 31 föreslaget
965 1582 151 62 ög
1229 1602 195 27 löneförmåner
1597 1609 119 23 närmast

265 1633 78 22 över-
449 1632 23 30 ej
493 1635 76 22 över-
738 1635 176 30 provisoriskt
977 1627 65 52 Sä
1064 1628 67 16 ande
1236 1638 8 25 i
1264 1638 89 31 dylikt
1373 1640 46 24 fall
1580 1642 126 32 lönegrad
1726 1644 7 24 i

265 1666 124 31 stigande
449 1668 125 31 stigande
746 1669 154 32 lönetillägg
982 1658 134 28 LD
1297 1675 55 25 c:a!
1567 1682 142 28 ortsgrupp
1729 1682 15 22 2

454 1720 79 26 2600
552 1721 31 25 kr.
586 1742 138 5 .....
755 1723 78 26 1860
854 1724 39 25 kr.
983 1724 53 26 300
1055 1726 39 25 kr.
1269 1728 78 26 9975
1366 1729 39 25 kr.
1581 1731 40 26 Ca
1646 1732 34 24 24

266 1763 80 26 2600
382 1778 34 3 —
454 1765 117 26 2900»
612 1787 111 5 .....
754 1767 79 26 1620
864 1777 10 12 >
984 1769 54 26 300
1068 1779 11 12 >
1254 1772 32 26 10
1297 1773 52 25 040
1381 1782 10 12 >
1595 1784 10 13 >
1645 1776 35 25 24

265 1808 81 26 2900
384 1822 32 4 —
453 1809 116 27 35003
611 1831 111 5 so...
754 1812 78 26 1260
864 1821 9 13 >
985 1814 52 26 120
1068 1823 10 12 >
1190 1816 34 25 10
1236 1816 124 27 550—10
1370 1817 64 26 908?
1453 1819 38 25 kr.
1596 1828 10 13 >»
1646 1820 33 26 25

264 1852 81 27 3500
382 1868 32 2 —
452 1854 77 26 3900
556 1864 10 13 >
608 1876 110 5 .....
776 1857 53 26 960
861 1866 9 13 >
999 1859 35 26 60
1065 1868 10 12 >
1187 1860 33 26 10
1231 1861 123 26 845—11
1368 1861 62 27 190?
1462 1871 10 14 »
1594 1873 10 13 >»
1644 1864 107 27 25—26

264 1897 81 26 3900
383 1912 32 3 —
452 1899 80 26 4200
559 1908 10 13 >
611 1920 111 6 .....
780 1902 51 25 720
863 1911 10 12 >
1018 1904 17 25 0
1067 1912 9 13 >
1188 1906 32 24 11
1234 1906 121 26 190—11
1367 1906 64 27 890?
1462 1916 10 13 >
1595 1918 9 12 >
1644 1910 107 26 26—27

264 1941 80 26 4200
382 1956 32 3 —
453 1943 78 26 5000
559 1953 9 12 >»
610 1964 112 6 oo...
779 1946 52 26 720
862 1955 10 13 >
1018 1948 17 26 0
1066 1957 10 13 >»
1188 1949 34 26 12
1232 1950 124 27 360—13
1368 1950 63 27 750?
1462 1961 10 12 >
1593 1965 12 11 »
1644 1954 119 26 21—29?

317 2004 113 34 Detta
455 2004 131 44 förslag
611 2007 109 34 skulle
747 2007 11 33 i
784 2008 219 36 förhållande
1028 2011 54 33 till
1108 2012 264 42 propositionen
1398 2013 168 36 innebära
1595 2029 42 21 en
1666 2017 96 34 kost-

271 2058 222 42 nadsökning
516 2071 45 21 av
585 2060 161 42 omkring
768 2064 42 30 70
826 2065 64 30 000
911 2062 141 35 kronor.

316 2111 284 35 Vidkommande
622 2113 123 42 övriga
767 2113 351 44 befattningshavare
1141 2118 60 34 vill
1225 2119 178 35 utskottet
1425 2121 180 43 tillstyrka
1629 2119 132 51 Kungl.

271 2163 127 43 Maj:ts
413 2164 130 43 förslag
556 2165 54 34 till
624 2167 232 41 provisoriskt
873 2168 213 44 lönetillägg.

315 2217 53 34 På
387 2217 132 43 Kungl.
539 2218 111 42 Maj:t
669 2220 63 33 bör
753 2220 72 41 det,
845 2222 116 34 såsom
980 2222 280 44 föredraganden
1279 2226 193 41 hemställt,
1493 2229 191 35 ankomma
1705 2235 56 29 att

264 2269 33 42 ej
319 2270 92 34 blott
430 2271 158 34 meddela
609 2272 42 33 de
670 2273 168 34 särskilda
856 2273 51 35 för
925 2275 207 44 regleringen
1151 2278 220 43 erforderliga
1392 2280 302 36 bestämmelserna
1714 2286 44 30 än

269 2325 87 32 även
371 2324 59 34 vid
445 2336 40 22 en
502 2325 145 43 höjning
661 2339 45 21 av
721 2329 234 40 procenttalet
971 2328 51 35 för
1036 2330 60 34 det
1110 2331 126 42 rörliga
1251 2333 188 43 tillägget
1420 2320 15 60 å
1449 2334 54 34 lön
1514 2336 106 42 enligt
1630 2341 131 30 statens

310 2394 8 14 !
339 2396 136 32 Beloppen
495 2398 16 24 å
530 2407 20 15 s.
573 2399 30 23 15
624 2398 86 26 ökade
729 2400 84 31 enligt
832 2401 149 25 utskottets
1000 2402 106 31 förslag.

310 2429 9 15 ?
340 2431 135 33 Beloppen
504 2434 104 24 variera
635 2434 132 26 beroende
796 2436 35 31 på
859 2436 40 25 till
927 2437 90 25 vilken
1045 2438 164 33 hyresgrupp
1234 2440 201 26 vederbörande
1453 2442 200 30 tjänstebostad
1673 2447 29 22 är
1720 2448 43 22 att

264 2465 122 27 hänföra.

309 2501 10 14 ?
339 2503 40 25 Ca
398 2506 105 24 25—27
523 2505 8 24 i
550 2508 142 29 ortsgrupp
713 2508 23 24 5.
