1904 2826
549 169 103 29 Andra
675 168 193 35 lagutskottets
891 165 146 29 utlåtande
1059 163 47 28 Nr
1130 164 47 27 13.
1580 154 41 31 43

118 244 111 41 grund
253 255 40 20 av
319 243 101 31 dessa
444 241 213 41 föreningars
682 239 142 41 folkliga
848 238 63 31 och
935 236 172 32 skiftande
1132 234 156 32 karaktär
1313 231 219 41 försiktighet
1557 229 61 31 bör

120 295 167 41 iakttagas
305 294 11 30 i
335 294 94 40 fråga
446 304 54 20 om
517 290 256 43 uppställandet
791 300 39 19 av
848 288 152 41 rigorösa
1018 285 215 32 föreskrifter
1251 282 142 32 rörande
1412 282 98 31 deras
1528 280 92 31 verk-

120 347 132 31 samhet
270 347 88 30 samt
376 347 50 29 att
445 346 48 29 ett
512 340 265 44 genomförande
798 351 40 19 av
858 337 164 41 förslaget
1042 336 73 31 icke
1135 335 63 31 bör
1218 334 153 31 medföra
1391 332 115 32 alltför
1527 333 94 30 stora

119 396 211 42 svårigheter
349 395 54 31 för
420 394 103 31 redan
541 391 214 33 existerande
773 387 207 42 livsdugliga
998 386 195 40 föreningar
1211 387 49 28 att
1279 384 158 31 fortsätta
1455 381 163 32 verksam-

119 448 112 32 heten.
265 446 133 32 Jämväl
420 445 11 31 i
453 444 109 41 övrigt
585 453 100 21 anser
708 441 175 36 utskottet,
907 441 49 29 att
979 437 164 40 förslaget
1167 435 136 32 erhållit
1327 445 42 20 en
1393 431 229 34 tillfredsstäl-

119 499 102 32 lande
246 496 220 41 utformning.

175 592 178 32 Utskottet
377 591 139 40 övergår
539 588 150 31 härefter
713 586 53 32 till
790 588 49 29 att
864 584 108 32 under
996 583 41 31 de
1062 582 91 31 olika
1177 580 239 42 paragraferna
1440 577 183 32 verkställa

122 639 476 44 detaljgranskning
649 648 51 21 av
749 634 346 43 lagförslaget.
1147 632 20 31 I
1218 631 65 32 den
1335 632 77 29 mån
1464 629 41 31 de
1559 630 65 29 sär-

123 694 112 32 skilda
254 691 301 33 bestämmelserna
576 689 73 31 icke
670 689 12 30 i
703 688 55 31 det
781 686 151 40 följande
953 685 149 35 beröras,
1125 683 85 31 hava
1233 682 41 31 de
1296 692 40 20 av
1359 680 166 31 utskottet
1548 679 77 31 läm-

122 747 77 28 nats
224 746 81 29 utan
329 742 143 32 erinran.

635 834 19 30 3
677 832 21 42 S
721 831 162 42 fjärde
907 829 204 41 stycket.

177 906 19 31 I
215 905 260 41 propositionen
495 902 138 41 stadgas
654 901 10 30 i
685 901 18 31 3
724 900 20 42 $
764 899 110 42 fjärde
894 898 141 41 stycket,
1057 899 49 28 att
1128 897 10 29 i
1160 896 65 30 den
1247 897 76 28 mån
1344 896 110 28 rätten
1476 892 53 31 till
1552 902 76 31 pen-

124 957 80 31 sion
226 956 149 42 grundar
398 955 52 41 sig
473 956 18 29 å
514 952 137 42 erlagda
674 949 310 42 medlemsavgifter
1008 948 87 31 skall
1119 946 189 42 pensionen
1334 946 79 39 utgå
1437 943 77 31 med
1540 943 89 31 fasta

124 1008 137 41 belopp.

183 1057 165 32 Gällande
375 1056 54 40 lag
454 1055 121 32 saknar
601 1052 237 33 motsvarande
865 1049 248 33 bestämmelse.

181 1109 18 30 I
219 1106 296 41 socialstyrelsens
536 1105 130 40 förslag
687 1103 54 32 till
762 1102 182 41 ändringar
966 1101 12 30 i
1000 1099 196 32 nuvarande
1220 1097 194 42 paragrafer
1438 1097 11 30 i
1472 1095 158 42 gällande

128 1159 56 41 lag
210 1158 188 32 återfinnes
425 1155 237 32 motsvarande
690 1152 237 33 bestämmelse
955 1152 12 30 i
994 1151 19 31 3
1041 1150 21 41 $
1090 1150 101 41 sjätte
1221 1148 141 41 stycket,
1391 1147 106 41 enligt
1525 1145 107 31 vilket

129 1209 154 42 pension,
309 1209 53 30 för
387 1218 75 21 vars
487 1205 196 33 erhållande
708 1204 144 31 medlem
877 1202 152 41 erlägger
1055 1201 116 41 avgift,
1198 1199 86 32 skall
1310 1199 11 31 i
1347 1198 181 41 stadgarna
1553 1207 79 20 vara

128 1260 56 32 till
207 1259 172 32 storleken
402 1257 164 32 bestämd.

185 1334 121 32 Såsom
330 1332 202 40 motivering
556 1332 53 30 för
633 1330 60 31 sitt
718 1329 127 40 förslag
869 1328 11 31 i
904 1327 110 32 denna
1040 1326 56 31 del
1120 1326 61 30 har
1205 1324 274 40 socialstyrelsen
1506 1323 125 30 anfört:

184 1384 205 32 Statistiken
405 1383 99 37 visar,
523 1383 49 29 att
589 1380 173 41 åtskilliga
779 1376 285 44 pensionskassor
1081 1376 128 31 utfästa
1226 1374 184 42 pensioner
1426 1372 77 31 med
1506 1367 19 58 i
1549 1371 88 32 stad-

129 1438 106 30 garna
257 1426 73 31 icke
354 1424 150 32 fixerade
528 1423 136 41 belopp.
700 1420 268 33 Verksamheten
992 1421 36 29 är
1052 1418 43 31 då
1118 1418 12 30 i
1154 1416 185 32 allmänhet
1362 1417 37 30 så
1423 1414 140 37 ordnad,
1587 1415 50 29 att

130 1470 44 31 de
194 1469 193 42 pensioner,
409 1477 72 21 som
501 1465 97 32 skola
617 1466 81 39 utgå
717 1463 107 32 under
845 1464 49 29 ett
913 1463 45 35 år,
979 1460 107 31 vilket
1106 1470 73 20 som
1199 1458 100 37 helst,
1319 1457 55 32 till
1393 1456 171 41 beloppen
1583 1456 54 30 be-

132 1513 160 30 stämmas
313 1510 120 31 endast
451 1509 54 30 för
523 1507 57 32 det
599 1509 81 35 året,
700 1508 43 39 på
761 1507 37 30 så
817 1506 76 36 sätt,
913 1505 50 30 att
981 1503 54 31 för
1054 1504 90 29 årets
1163 1499 243 43 pensionering
1423 1497 216 42 tillgängliga

132 1553 111 32 medel
260 1552 150 32 fördelas
426 1551 69 31 lika
511 1549 84 32 eller
612 1549 87 32 efter
715 1546 194 33 fastställda
925 1544 241 42 proportioner
1182 1542 124 32 mellan
1322 1541 315 42 pensionstagarna.

132 1594 200 43 Utgörande
359 1604 42 21 en
427 1592 157 31 kvarleva
610 1591 75 31 från
712 1601 41 20 en
779 1587 205 43 föregående
1010 1586 53 32 tid
1088 1585 115 32 kunna
1229 1585 101 31 dessa
1355 1583 119 32 kassor
1499 1591 141 22 numera

133 1637 73 32 icke
228 1647 100 21 anses
349 1635 85 42 fylla
454 1635 41 31 de
515 1634 91 37 krav,
629 1644 73 20 som
723 1633 106 30 måste
851 1630 118 32 ställas
990 1631 44 40 på
1055 1639 41 20 en
1117 1627 175 32 rationellt
1313 1625 130 32 ordnad
1464 1624 176 42 pensions-

134 1679 202 41 försäkring.
367 1677 146 33 Särskilt
530 1676 107 42 gäller
655 1675 92 31 detta
765 1674 11 31 i
795 1674 57 31 det
869 1671 193 37 avseendet,
1081 1672 51 29 att
1149 1669 170 42 garantier
1335 1668 12 31 i
1364 1667 185 32 allmänhet
1566 1666 73 31 icke

134 1722 115 31 finnas
269 1722 54 30 för
342 1723 50 29 att
411 1719 264 32 medlemmarna
694 1716 127 32 erhålla
841 1715 109 41 skälig
969 1714 115 31 valuta
1103 1713 54 31 för
1177 1712 75 31 sina
1271 1710 153 37 avgifter,
1453 1710 4 30 i
1477 1709 66 31 den
1563 1710 78 29 mån

134 1764 111 37 dessa,
267 1765 113 29 såsom
401 1762 158 41 vanligen
579 1760 87 38 sker,
689 1757 209 33 omedelbart
918 1758 96 39 tagas
1035 1755 12 31 i
1068 1753 147 33 anspråk
1236 1754 53 31 för
1334 1763 41 21 den
1396 1751 147 42 löpande
1564 1761 78 31 pen-

135 1804 358 42 sionsutbetalningen
509 1804 11 30 i
537 1803 116 31 stället
670 1802 52 31 för
739 1803 58 35 att,
815 1802 112 29 såsom
943 1797 179 41 rätteligen
1141 1765 63 63 bör
1220 1795 68 38 ske,
1306 1794 111 32 tillika
1432 1793 77 32 med
1526 1794 116 30 räntor

134 1849 74 31 helt
227 1848 83 31 eller
330 1847 109 32 delvis
458 1845 197 42 uppsamlas
674 1844 12 30 i
706 1854 41 21 en
766 1842 244 42 premiereserv
1030 1839 72 31 tills
1123 1836 271 44 pensionsfallen
1413 1835 156 32 inträffat
1589 1835 54 30 för

134 1893 52 28 att
210 1891 87 30 först
321 1889 43 31 då
386 1891 95 38 tagas
505 1888 12 30 i
541 1885 147 43 anspråk
711 1886 54 30 för
788 1884 65 31 den
877 1884 87 30 rätte
987 1880 275 33 vederbörandes
1286 1877 252 43 pensionering.
1574 1876 69 31 Vid

138 1932 150 31 inträdet
304 1931 121 31 räknar
441 1930 224 31 medlemmen
681 1928 77 31 med
774 1929 49 29 att
838 1927 85 30 hans
942 1924 146 42 pension
1103 1923 151 31 kommer
1271 1924 49 29 att
1335 1922 92 31 bliva
1443 1932 41 20 av
1501 1920 143 41 ungefär

138 1985 128 20 samma
287 1972 129 32 storlek
438 1983 72 20 som
533 1971 43 31 då
598 1970 168 42 utgående
788 1968 191 42 pensioner.
1014 1966 80 31 Icke
1118 1966 98 30 desto
1239 1964 131 31 mindre
1392 1962 159 32 inträffar
1573 1961 72 32 allt-

139 2017 54 30 för
218 2016 80 37 ofta,
325 2017 49 29 att
398 2014 228 42 pensionerna
651 2012 86 32 efter
760 2011 92 31 hand
876 2009 213 41 väsentligen
1115 2007 160 31 minskas.
1311 2005 119 42 Enligt
1456 2003 188 43 styrelsens

139 2059 138 41 mening
294 2058 64 31 bör
377 2059 48 30 ett
445 2056 121 32 sådant
585 2057 129 40 system
734 2054 72 31 icke
825 2053 139 37 tillåtas,
985 2053 82 30 utan
1087 2050 64 31 bör
1170 2049 11 31 i
1202 2049 98 41 lagen
1320 2047 191 42 uppställas
1532 2048 113 30 såsom

141 2101 123 31 villkor
293 2101 54 31 för
374 2098 284 44 pensionskassas
687 2095 229 43 registrering,
947 2096 50 29 att
1025 2093 80 31 dess
1135 2092 197 32 utfästelser
1360 2090 95 31 skola
1483 2100 80 20 vara
1591 2088 53 31 till

141 2143 173 32 storleken
342 2142 160 31 fixerade.
540 2140 186 40 Undantag
752 2139 63 31 bör
842 2137 118 32 därvid
987 2135 174 41 medgivas
1191 2134 120 31 endast
1340 2133 10 30 i
1377 2131 164 32 händelse
1569 2141 78 31 pen-

141 2186 161 31 sionerna
322 2185 11 31 i
355 2195 91 20 mera
466 2182 163 32 avsevärd
651 2180 235 40 utsträckning
905 2178 172 32 bestridas
1099 2176 76 32 med
1197 2175 150 41 tillhjälp
1369 2185 40 20 av
1430 2173 120 37 medel,
1573 2182 74 22 som

143 2228 11 30 i
173 2227 147 32 särskild
340 2226 146 41 ordning
504 2224 113 33 ställts
636 2224 54 30 till
709 2224 142 30 kassans
870 2220 202 42 förfogande
1092 2221 43 39 på
1154 2217 133 38 villkor,
1308 2227 73 20 som
1399 2216 72 31 icke
1491 2214 157 41 medgiva

143 2281 42 19 en
208 2268 192 41 anordning
421 2279 40 19 av
484 2269 110 38 antytt
617 2266 82 40 slag.
732 2265 81 31 Men
836 2266 83 28 även
942 2263 11 30 i
975 2262 121 31 sådant
1120 2261 60 30 fall
1202 2270 101 30 synes
1326 2258 84 31 böra
1431 2257 143 35 fordras,
1598 2257 49 29 att

144 2311 287 42 pensioneringen
455 2309 86 30 skall
565 2319 80 20 vara
669 2309 42 39 på
736 2306 136 41 angivet
897 2307 67 28 sätt
989 2302 140 37 ordnad,
1156 2302 10 30 i
1192 2301 65 31 den
1283 2302 76 29 mån
1384 2300 123 30 kassan
1533 2298 116 31 därför

145 2356 166 40 upptager
334 2353 89 30 fasta
445 2351 146 41 avgifter
613 2361 41 19 av
677 2349 269 31 medlemmarna.

200 2422 18 31 I
237 2421 60 31 sitt
317 2422 80 28 över
416 2417 294 40 socialstyrelsens
732 2415 127 40 förslag
879 2413 142 41 avgivna
1043 2411 156 41 yttrande
1221 2410 61 30 har
1302 2407 346 41 försäkringsinspel:-

148 2473 116 31 tionen
280 2472 113 30 ansett
408 2467 262 33 bestämmelsen
687 2466 106 40 ifråga
811 2464 161 41 möjligen
989 2463 114 30 kunna
1120 2461 87 31 vålla
1225 2460 121 31 tvekan
1364 2458 56 31 vid
1438 2457 209 40 tolkningen,
