2203 2661
210 1532 65 30 Ang.
295 1533 82 22 anvis-

218 1569 64 28 ning
301 1565 16 24 å
336 1567 37 23 be-

191 1602 92 31 viljadt
307 1603 89 30 anslag

213 1639 41 24 för
273 1638 106 30 amskafj-

191 1675 61 29 ning
263 1681 15 15 af
291 1674 104 22 ammu-

191 1708 206 31 nitionsgördlar.

248 1744 94 47 [37.]

456 201 60 32 110
912 201 249 33 Statsutskottets
1191 200 167 34 Utlåtande
1382 200 62 33 N:o
1467 202 30 30 5.

539 281 36 51 b)
605 281 12 37 i
646 281 203 38 skrifvelse
879 282 55 37 till
951 282 139 50 Kongl.
1113 282 108 49 Maj:t
1242 281 164 49 anhålla,
1422 280 64 38 det
1501 280 149 37 täcktes
1665 278 141 51 Kongl.
1824 278 107 50 Maj:t
1947 278 57 38 till

412 340 108 32 nästa
548 334 160 50 riksdag
728 335 76 37 låta
824 335 175 38 utarbeta
1016 335 245 49 fullständigt
1276 334 145 50 förslag
1437 333 57 37 till
1510 332 208 50 ändringar
1734 336 98 33 samt
1848 345 69 36 ny-
1933 331 71 37 och

411 387 290 51 tillbyggnader
730 387 39 37 af
795 388 183 38 baracker
1006 402 47 23 m.
1086 402 47 23 m.
1165 392 19 33 å
1213 387 223 37 nuvarande
1466 385 281 50 mötesplatser,
1774 398 80 24 som
1874 384 130 37 kunde

411 454 112 24 anses
565 440 251 50 erforderliga
857 441 57 37 för
956 447 55 31 att
1052 440 206 50 tillgodose
1301 439 243 37 infanteriets
1586 438 72 37 och
1699 437 126 50 öfriga
1862 437 140 37 förut
1985 433 20 61 i

412 493 194 38 motionen
649 494 34 49 ej
732 494 231 37 omnämnda
1005 492 300 52 truppförbands
1347 491 119 39 behof
1490 491 58 38 för
1576 491 107 38 såväl
1712 503 181 25 sommar-
1922 503 81 24 som

411 545 193 39 blifvande
634 546 386 51 vinterförläggning.

539 634 17 37 I
597 634 74 38 den
714 635 117 37 andra
861 634 42 38 af
926 634 280 38 ofvanberörda
1234 633 189 37 motioner
1446 632 115 38 hafva
1589 632 89 37 herr
1706 633 47 37 N.
1785 633 180 37 Svensson
1992 631 12 37 i

411 686 157 37 Olseröd
603 687 85 36 med
721 688 90 36 flere
839 687 181 36 hemstält
1049 692 55 32 att
1132 687 223 47 Riksdagen
1383 686 59 36 för
1469 685 239 37 närvarande
1738 685 32 48 ej
1802 687 117 33 måtte
1947 684 57 36 bi-

410 738 89 38 falla
516 738 63 38 det
596 742 37 34 åt
649 738 187 39 Hallands
851 745 223 44 regemente
1090 738 57 38 för
1163 737 282 52 nybyggnader
1460 737 140 38 äskade
1612 736 177 50 anslaget
1803 737 202 48 1,157,000

412 793 153 48 kronor,
613 792 71 37 och
731 798 55 32 att
828 792 149 37 således
1020 792 63 37 det
1120 792 120 37 under
1277 791 123 50 punkt
1442 793 47 35 36
1531 790 13 37 i
1584 789 120 50 fjerde
1746 788 259 39 hufvudtiteln

411 845 168 49 begärda
620 845 177 49 anslaget
840 845 41 36 af
918 846 229 47 21,000,000
1182 845 140 37 kronor
1351 847 118 34 måtte
1497 843 198 37 nedsättas
1725 842 83 38 med
1839 841 167 38 nämnda

414 898 137 50 belopp
580 898 93 37 eller
700 897 57 38 till
789 899 228 48 19,843,000
1046 898 150 38 kronor.

422 986 308 56 Angående
757 985 294 50 ifrågavarande
1081 984 326 50 framställningar
1427 985 173 37 kommer
1620 983 186 37 utskottet
1823 987 54 33 att
1893 982 113 38 fram-

413 1039 106 37 deles
553 1039 145 49 afgifva
727 1039 209 49 utlåtande,
966 1038 148 38 hvilket
1141 1038 189 37 utskottet
1358 1037 156 38 härmed
1544 1036 126 38 skolat
1698 1036 58 36 för
1784 1035 222 50 Riksdagen

941 1143 161 37 anmäla.

1013 1298 396 41 Intendenturbehof.

1021 1411 383 43 Ammunitionsgördlar.

544 1511 99 49 40:0)
686 1511 63 38 Uti
795 1509 506 51 statsverkspropositionen
1343 1507 120 38 under
1496 1507 118 49 fjerde
1648 1505 263 38 hufvudtiteln
1940 1505 69 36 har

418 1564 137 49 Kongl.
586 1564 105 49 Maj:t
719 1563 9 37 i
759 1563 172 50 punkten
962 1565 45 34 37
1038 1562 200 49 föreslagit
1266 1561 223 48 Riksdagen
1518 1565 55 31 att
1601 1559 42 37 af
1668 1559 73 36 den
1762 1557 58 38 för
1839 1557 169 37 anskaff-

416 1617 94 49 ning
554 1617 40 36 af
633 1618 138 46 95,000
813 1614 429 50 ammunitionsgördlar
1284 1613 84 37 med
1398 1613 131 49 hylsor
1557 1612 58 37 för
1645 1610 274 50 bajonettbalja
1950 1610 58 36 be-

416 1669 140 48 viljade
585 1681 186 36 summan,
801 1669 164 47 855,000
995 1668 151 47 kronor,
1176 1666 57 37 till
1262 1665 192 50 utgående
1484 1667 47 47 på
1560 1669 107 32 extra
1683 1669 75 32 stat
1774 1663 58 37 för
1852 1665 40 34 år
1910 1664 96 35 1903

416 1722 132 37 anvisa
578 1721 218 37 återstoden
827 1720 90 37 eller
949 1721 161 48 198,000
1139 1720 151 36 kronor.

546 1807 428 51 Departementschefen
992 1808 69 35 har
1076 1807 55 36 uti
1147 1805 212 50 åberopade
1372 1802 422 51 statsrådsprotokollet
1804 1801 203 38 beträffan-

418 1861 46 36 de
507 1860 124 37 denna
674 1861 107 49 fråga
823 1860 153 46 erinrat,
1019 1859 181 36 hurusom
1235 1857 141 50 Kongl.
1411 1857 105 49 Maj:t
1544 1856 55 36 uti
1628 1856 71 36 den
1730 1855 58 36 till
1820 1855 97 36 1900
1947 1857 59 34 års

417 1912 175 49 Riksdag
620 1913 138 36 aflåtna
787 1911 288 50 propositionen
1107 1910 197 49 angående
1333 1909 255 37 statsverkets
1617 1907 172 37 tillstånd
1806 1906 70 37 och
1894 1906 116 37 behof

418 1965 197 50 föreslagit
647 1964 221 50 Riksdagen
902 1969 55 32 att
984 1963 58 37 till
1070 1962 248 49 anskaffning
1346 1963 41 36 af
1413 1962 137 47 95,000
1579 1958 428 50 ammunitionsgördlar

418 2017 85 37 med
532 2017 131 49 hylsor
692 2017 57 36 för
779 2016 271 49 bajouettbalja
1079 2019 48 46 på
1155 2020 107 32 extra
1290 2020 75 31 stat
1396 2013 137 49 bevilja
1563 2014 163 47 855,000
1755 2011 150 37 kronor.

545 2069 233 49 Riksdagen,
822 2082 80 23 som
945 2074 138 43 ansett,
1114 2073 55 32 att
1196 2066 295 50 ifrågavarande
1520 2065 196 49 persedlar
1745 2063 114 37 borde
1888 2062 119 38 blifva

417 2128 56 31 att
501 2121 111 48 tillgå
638 2122 13 35 i
680 2134 142 24 samma
851 2124 86 33 mån
968 2134 81 23 som
1080 2120 46 37 de
1154 2133 75 36 nya
1258 2123 166 45 gevären
1456 2117 121 37 skulle
1606 2117 57 36 till
1696 2116 46 37 de
1758 2116 100 36 olika
1875 2120 132 44 trupp-

417 2174 211 37 förbanden
670 2174 159 47 utdelas,
873 2173 70 37 och
984 2179 56 30 att
1081 2171 242 51 följaktligen
1365 2171 64 37 det
1456 2170 11 36 i
1497 2170 117 36 företa
1644 2169 101 37 hand
1775 2168 232 47 förefintliga

417 2226 183 38 behofvet
634 2228 138 43 73,000
805 2226 161 49 stycken
999 2225 118 37 borde
1150 2224 191 37 anskaffas
1374 2223 86 37 med
1491 2223 136 43 36,500
1655 2221 121 37 under
1804 2219 204 38 hvartdera

418 2279 41 37 af
491 2282 89 33 åren
617 2280 94 35 1901
743 2279 70 36 och
846 2280 109 45 1902,
985 2278 199 36 hvaremot
1213 2277 84 36 med
1326 2276 160 49 inköpet
1514 2275 41 36 af
1578 2274 64 37 det
1670 2273 243 38 återstående
1943 2285 66 23 an-

417 2331 93 38 talet
553 2332 138 48 22,000
733 2330 161 50 stycken
937 2330 117 37 borde
1096 2332 109 35 anstå
1246 2328 57 38 till
1348 2330 108 46 1903,
1498 2327 99 37 hade
1632 2326 56 37 för
1716 2324 292 50 ifrågavarande
