2176 2618
376 193 19 31 2
839 197 362 30 Konstitutionsutskottets
1223 199 152 28 utlåtande
1397 196 52 31 Nr
1473 198 47 30 14.

377 273 120 49 farlig.
549 274 136 48 Många
725 273 137 38 former
902 278 114 33 måste
1055 276 216 48 visserligen
1311 275 41 37 af
1389 288 45 24 en
1469 276 153 47 konung
1649 275 190 48 iakttagas,
1868 276 113 35 innan

376 325 73 36 han
477 326 70 35 kan
575 325 107 48 börja
709 330 52 31 ett
788 327 93 47 krig,
920 325 147 49 former,
1112 339 79 24 som
1219 327 76 35 helt
1320 327 93 36 visst
1439 329 47 46 på
1512 326 90 36 flera
1628 326 75 35 håll
1730 337 104 24 anses
1862 328 119 33 såsom

377 376 225 48 tillräckliga
637 377 186 47 garantier
856 382 76 30 mot
960 382 52 31 ett
1038 378 103 48 krigs
1168 377 225 49 påbörjande
1420 382 90 31 utan
1537 376 198 49 nödtvång.
1789 376 86 36 Men
1903 376 78 36 icke

378 426 102 49 förty
508 439 106 23 anser
639 428 66 47 jag
732 427 280 37 bestämmelsen
1039 429 13 34 i
1080 428 104 48 fråga
1211 427 119 49 farlig,
1359 429 80 35 icke
1466 428 95 36 blott
1589 426 125 37 därför
1740 432 54 31 att
1814 432 52 31 ett
1885 428 97 47 slags

375 476 385 50 nödtvångssituation
801 479 71 35 kan
912 478 40 36 af
990 492 43 22 en
1074 479 153 48 konung
1253 482 46 45 på
1326 477 292 49 kommandoväg
1645 477 221 46 framkallas,
1893 483 88 30 utan

372 528 141 46 jämväl
553 528 85 36 med
678 529 133 35 tanken
839 532 47 45 på
913 529 114 36 andra
1054 529 90 45 folk,
1173 542 77 23 som
1278 530 77 35 helt
1382 530 91 35 visst
1500 542 37 23 se
1565 534 118 31 större
1710 528 177 49 trygghet
1914 528 67 36 och

378 579 169 35 säkerhet
575 578 58 36 för
660 580 56 47 sig
742 579 133 48 själfva
902 580 91 44 däri,
1022 585 53 31 att
1103 585 52 31 ett
1181 580 181 36 notoriskt
1389 579 275 36 fredsälskande
1692 578 77 37 folk
1796 580 66 35 har
1881 578 101 37 med-

377 629 355 37 bestämmanderätt
758 631 12 34 i
798 635 53 31 ett
879 631 134 36 ärende
1041 630 40 37 af
1106 631 112 36 sådan
1244 631 189 49 betydelse
1460 643 76 23 som
1566 629 130 50 frågan
1723 642 59 24 om
1801 630 95 48 krig,
1915 629 66 36 och

378 679 127 38 därför
534 680 133 49 själfva
695 681 77 35 icke
800 677 183 40 heller
939 673 44 62 så
1008 683 70 34 lätt
1106 682 124 35 kunna
1257 695 109 35 eggas
1394 682 56 35 till
1477 680 220 37 irriterande
1725 680 181 49 åtgärder.

480 730 140 38 Genom
651 736 54 31 att
733 730 217 50 afgörandet
977 731 103 37 öfver
1108 732 46 36 de
1181 734 12 34 i
1220 733 82 35 hela
1328 732 134 36 folkets
1489 731 47 37 lif
1560 735 40 33 så
1628 731 109 49 djupt
1763 731 219 49 ingripande

375 782 176 48 frågorna
591 796 60 22 om
692 783 82 48 krig
813 783 69 35 och
922 782 81 37 fred
1034 783 216 48 hänskjutes
1277 784 58 35 till
1363 782 131 37 folkets
1522 787 293 44 representanter
1841 794 141 25 vunnes

375 847 46 23 en
449 834 114 48 nödig
589 834 157 35 motvikt
773 839 76 30 mot
877 833 258 49 diplomatiens
1169 834 241 48 »hemlighet>
1442 834 66 36 och
1540 833 225 36 »snabbhet»>
1788 833 68 36 och
1883 832 99 36 lades

375 890 52 30 ett
468 884 200 36 hälsosamt
708 897 134 23 ansvar
884 888 47 45 på
970 885 188 43 nationen,
1200 885 137 35 hvilket
1372 886 13 33 i
1422 887 62 33 vår
1523 884 57 36 tid
1621 887 114 32 måste
1766 896 87 24 vara
1879 882 41 37 af
1944 886 38 33 så

375 936 146 49 mycket
561 941 116 30 större
717 935 201 49 betydelse,
961 948 77 23 som
1080 941 100 30 stora
1218 936 101 47 lager
1359 934 40 37 af
1428 936 186 40 nationen,
1642 935 121 35 hvilka
1792 933 76 37 förr
1894 946 87 24 voro

372 987 186 47 likgiltiga
584 986 58 36 för
671 985 44 36 de
742 986 185 35 allmänna
960 986 195 44 ärendena,
1183 999 51 22 nu
1262 987 87 35 söka
1375 992 88 42 göra
1490 986 63 35 sitt
1580 984 204 50 inflytande
1811 984 170 49 gällande

371 1039 13 33 i
413 1037 165 37 växande
606 1037 92 48 grad
725 1039 46 45 på
798 1037 60 35 det
894 1037 173 48 politiska
1099 1038 153 34 likasom
1279 1039 47 45 på
1354 1036 61 36 det
1442 1037 133 35 sociala
1603 1035 175 37 området.
1834 1035 16 36 I
1877 1034 105 50 fråga

373 1101 60 23 om
462 1089 81 47 krig
570 1100 109 37 synes
706 1088 58 35 till
792 1088 68 35 och
888 1087 85 36 med
1000 1087 61 36 det
1088 1087 95 36 enda
1210 1087 152 36 rättvisa
1393 1100 95 31 vara,
1517 1092 54 30 att
1599 1100 45 23 en
1672 1086 310 48 folkomröstning

374 1138 58 36 får
470 1138 88 36 fälla
599 1139 171 47 utslaget.
824 1138 111 36 Detta
975 1144 39 30 är
1049 1141 114 46 något
1191 1138 77 36 helt
1295 1142 114 31 annat
1436 1144 45 29 än
1509 1142 53 31 att
1589 1138 122 35 lämna
1737 1136 83 37 fritt
1848 1136 70 37 fält
1945 1140 36 33 åt

374 1203 45 23 en
448 1189 276 48 folkstämning,
753 1202 77 23 som
858 1189 135 35 kanske
1020 1195 100 29 ännu
1149 1189 68 35 lätt
1243 1201 74 35 nog
1343 1188 197 49 uppblåses
1568 1187 40 36 af
1629 1188 217 48 oansvarige
1865 1188 117 48 agita-

372 1246 102 30 torer
501 1241 66 35 och
596 1253 46 23 en
671 1239 257 48 osjälfständig
956 1239 264 36 chauvinistisk
1247 1251 114 36 press,
1390 1242 122 45 något,
1541 1239 139 48 hvarpå
1706 1238 93 37 både
1816 1241 78 33 små
1913 1239 68 36 och

374 1297 100 30 stora
501 1296 112 31 stater
640 1290 110 48 gifvit
777 1289 95 49 prof.
926 1290 70 35 Det
1024 1297 39 28 är
1091 1289 117 36 under
1235 1290 120 47 kriget
1374 1290 12 35 i
1406 1289 267 49 öfvervägande
1692 1289 92 48 grad
1803 1289 44 36 de
1867 1289 115 48 djupa

373 1344 145 46 lagrens
546 1341 47 35 lif
617 1341 69 36 och
713 1341 142 35 välfärd
883 1340 61 36 det
970 1341 127 48 gäller,
1127 1340 63 36 det
1217 1348 38 28 är
1284 1340 115 45 dessa,
1429 1352 76 24 som
1525 1339 38 37 få
1581 1346 90 42 göra
1689 1340 44 36 de
1752 1339 230 49 ojämförligt

374 1397 133 31 största
546 1391 120 37 offren
697 1391 47 49 på
770 1390 316 37 fäderneslandets
1115 1393 94 34 altar
1235 1392 12 34 i
1274 1389 171 38 ofredens
1474 1390 125 49 dagar.
1654 1389 79 38 Och
1761 1390 93 36 dock
1881 1391 101 35 skola

374 1444 56 43 de,
459 1444 118 35 ehuru
605 1455 155 24 numera
785 1443 13 35 i
824 1442 202 36 vidsträckt
1053 1444 86 33 mån
1167 1441 83 36 med
1277 1446 231 31 stämmorätt
1535 1440 214 49 begåfvade,
1773 1441 81 36 icke
1874 1439 108 38 hafva

373 1497 114 45 något
513 1507 77 23 som
619 1494 96 35 helst
732 1492 203 50 inflytande
954 1492 60 36 vid
1042 1492 217 49 afgörandet
1286 1491 40 37 af
1351 1505 45 23 en
1424 1491 57 37 för
1508 1491 83 37 dem
1616 1495 39 33 så
1673 1491 309 49 utomordentligt

338 1560 4 4 »
373 1543 261 51 betydelsefull
662 1543 103 49 fråga
792 1556 77 23 som
898 1544 69 35 den
997 1556 59 23 om
1083 1548 54 31 ett
1165 1544 92 47 krig.

476 1594 88 37 Sant
605 1607 77 35 nog
720 1594 148 49 yttrade
895 1595 453 35 konstitutionsutskottet
1378 1595 107 44 1809,
1514 1598 54 31 att
1595 1593 54 36 'de
1676 1594 104 35 flesta
1807 1593 85 49 krig
1919 1600 61 29 äro

374 1646 150 47 började
551 1647 12 34 i
592 1646 221 44 kabinetten,
854 1646 115 34 innan
1010 1644 43 36 de
1094 1645 151 48 utbryta
1284 1648 48 44 på
1365 1644 136 36 fälten.
1554 1643 87 37 Men
1668 1643 111 37 sedan
1807 1644 82 36 dess
1917 1644 64 36 har

374 1697 214 35 tillkommit
628 1709 45 23 en
714 1709 120 22 annan
875 1695 132 44 faktor,
1049 1708 77 23 som
1160 1694 149 37 alldeles
1336 1696 80 35 icke
1443 1694 56 36 får
1525 1695 141 36 lämnas
1695 1708 43 23 ur
1764 1695 215 48 räkningen,

377 1748 188 47 nämligen
593 1746 71 37 den
693 1746 237 36 ekonomiska
958 1746 226 47 utveckling,
1205 1758 77 23 som
1310 1744 196 50 försiggått
1535 1745 119 36 under
1682 1746 44 35 de
1754 1750 143 31 senaste
1925 1749 56 32 år-

373 1797 185 36 tiondena.
613 1797 128 36 Denna
780 1798 212 46 utveckling
1031 1797 66 35 har
1138 1796 260 36 åstadkommit
1433 1801 52 31 ett
1521 1797 231 48 penningens
1778 1796 203 49 inflytande

375 1852 47 45 på
462 1849 70 34 alla
571 1848 187 44 områden,
800 1848 138 35 hvilket
978 1847 234 48 sannerligen
1239 1847 76 36 inte
1342 1846 57 37 får
1427 1846 266 37 underskattas.
1746 1846 235 49 Penningens

375 1899 102 36 makt
504 1905 39 29 är
570 1904 87 39 stor,
687 1899 249 48 synnerligast
963 1911 77 23 som
1069 1897 212 49 därigenom
1311 1897 126 36 kunna
1463 1898 118 35 finnas
1601 1902 155 44 utvägar
1775 1897 68 37 och
1862 1896 119 37 medel

374 1955 54 30 att
467 1950 133 35 kullslå
640 1950 89 35 eller
761 1950 223 35 åtminstone
1011 1950 147 34 komma
1185 1947 96 37 förbi
1309 1947 143 45 hinder,
1481 1960 77 24 som
1586 1947 72 37 den
1685 1948 149 36 förutan
1863 1949 118 35 skulle

373 2013 89 23 vara
501 2000 277 49 oöfverstigliga
817 2000 68 35 och
926 2000 175 47 omöjliga
1142 2004 52 30 att
1234 1999 164 48 kringgå.
1452 1998 78 36 Mot
1558 2011 45 23 en
1631 1998 111 36 sådan
1769 1999 101 35 makt
1898 1998 84 37 med

374 2051 63 35 det
476 2050 206 50 inflytande
722 2051 69 35 den
832 2050 122 48 gifver
989 2050 146 36 kräfves
1167 2050 276 48 gemensamhet
1470 2050 11 34 i
1509 2050 310 47 ansträngningar
1847 2049 67 36 och
1943 2052 39 33 så

375 2102 121 35 starka
523 2102 98 35 band
648 2115 78 22 som
754 2102 146 47 möjligt
928 2102 156 35 emellan
1113 2113 45 23 en
1187 2100 150 48 konung
1364 2100 68 36 och
1459 2099 90 36 hans
1576 2099 91 36 folk.

475 2151 71 37 Det
573 2165 109 37 synes
710 2153 75 47 mig
812 2152 108 35 alltså
947 2153 11 34 i
987 2164 98 23 mera
1113 2158 46 28 än
1188 2156 51 30 ett
1267 2149 171 37 afseende
1466 2163 86 23 vara
1578 2149 239 49 nödvändigt,
1838 2155 54 31 att
1910 2149 70 37 den

374 2202 267 45 bestämmelse,
671 2216 76 23 som
774 2201 121 50 gifver
923 2203 197 47 konungen
1149 2206 72 31 rätt
1248 2206 52 31 att
1328 2213 124 24 ensam
1478 2200 146 36 besluta
1650 2201 13 35 i
1686 2199 103 50 fråga
1815 2214 60 23 om
1899 2201 82 47 krig

375 2255 88 35 eller
492 2253 89 46 fred,
610 2254 131 36 varder
770 2266 42 22 ur
840 2252 337 49 regeringsformen
1205 2251 206 49 borttagen.
