<?xml version="1.0" encoding="UTF-8"?>
<alto xmlns="http://www.loc.gov/standards/alto/ns-v3#" xmlns:xlink="http://www.w3.org/1999/xlink" xmlns:xsi="http://www.w3.org/2001/XMLSchema-instance" xsi:schemaLocation="http://www.loc.gov/standards/alto/ns-v3# http://www.loc.gov/alto/v3/alto-3-0.xsd">
	<Description>
		<MeasurementUnit>pixel</MeasurementUnit>
		<sourceImageInformation>
			<fileName>/tmp/tess_f8go4nu3_input.PNG</fileName>
		</sourceImageInformation>
		<OCRProcessing ID="OCR_0">
			<ocrProcessingStep>
				<processingSoftware>
					<softwareName>tesseract 5.3.0</softwareName>
				</processingSoftware>
			</ocrProcessingStep>
		</OCRProcessing>
	</Description>
	<Layout>
		<Page WIDTH="2156" HEIGHT="2671" PHYSICAL_IMG_NR="0" ID="page_0">
			<PrintSpace HPOS="0" VPOS="0" WIDTH="2156" HEIGHT="2671">
				<ComposedBlock ID="cblock_0" HPOS="764" VPOS="224" WIDTH="734" HEIGHT="38">
					<TextBlock ID="block_0" HPOS="764" VPOS="224" WIDTH="734" HEIGHT="38">
						<TextLine ID="line_0" HPOS="764" VPOS="224" WIDTH="734" HEIGHT="38">
							<String ID="string_0" HPOS="764" VPOS="229" WIDTH="243" HEIGHT="33" WC="0.90" CONTENT="Konstitutions-"/><SP WIDTH="16" VPOS="229" HPOS="1007"/>
							<String ID="string_1" HPOS="1023" VPOS="220" WIDTH="163" HEIGHT="49" WC="0.95" CONTENT="Utskottets"/><SP WIDTH="15" VPOS="220" HPOS="1186"/>
							<String ID="string_2" HPOS="1201" VPOS="225" WIDTH="163" HEIGHT="35" WC="0.95" CONTENT="Utlåtande"/><SP WIDTH="24" VPOS="225" HPOS="1364"/>
							<String ID="string_3" HPOS="1388" VPOS="224" WIDTH="61" HEIGHT="33" WC="0.90" CONTENT="N:o"/><SP WIDTH="22" VPOS="224" HPOS="1449"/>
							<String ID="string_4" HPOS="1471" VPOS="227" WIDTH="27" HEIGHT="30" WC="0.96" CONTENT="4."/>
						</TextLine>
					</TextBlock>
				</ComposedBlock>
				<ComposedBlock ID="cblock_1" HPOS="686" VPOS="311" WIDTH="614" HEIGHT="1846">
					<TextBlock ID="block_1" HPOS="686" VPOS="311" WIDTH="614" HEIGHT="1846">
						<TextLine ID="line_1" HPOS="688" VPOS="311" WIDTH="602" HEIGHT="42">
							<String ID="string_5" HPOS="688" VPOS="314" WIDTH="115" HEIGHT="33" WC="0.96" CONTENT="härom"/><SP WIDTH="24" VPOS="314" HPOS="803"/>
							<String ID="string_6" HPOS="827" VPOS="314" WIDTH="53" HEIGHT="32" WC="0.96" CONTENT="må"/><SP WIDTH="18" VPOS="314" HPOS="880"/>
							<String ID="string_7" HPOS="898" VPOS="313" WIDTH="11" HEIGHT="32" WC="0.84" CONTENT="1"/><SP WIDTH="19" VPOS="313" HPOS="909"/>
							<String ID="string_8" HPOS="928" VPOS="311" WIDTH="208" HEIGHT="42" WC="0.93" CONTENT="Riksdagens"/><SP WIDTH="17" VPOS="311" HPOS="1136"/>
							<String ID="string_9" HPOS="1153" VPOS="311" WIDTH="137" HEIGHT="32" WC="0.92" CONTENT="Kamrar"/>
						</TextLine>
						<TextLine ID="line_2" HPOS="689" VPOS="362" WIDTH="600" HEIGHT="41">
							<String ID="string_10" HPOS="689" VPOS="366" WIDTH="111" HEIGHT="33" WC="0.96" CONTENT="kunna"/><SP WIDTH="23" VPOS="366" HPOS="800"/>
							<String ID="string_11" HPOS="823" VPOS="364" WIDTH="121" HEIGHT="34" WC="0.96" CONTENT="väckas"/><SP WIDTH="25" VPOS="364" HPOS="944"/>
							<String ID="string_12" HPOS="969" VPOS="364" WIDTH="63" HEIGHT="33" WC="0.96" CONTENT="och"/><SP WIDTH="28" VPOS="364" HPOS="1032"/>
							<String ID="string_13" HPOS="1060" VPOS="363" WIDTH="105" HEIGHT="40" WC="0.96" CONTENT="skola,"/><SP WIDTH="23" VPOS="363" HPOS="1165"/>
							<String ID="string_14" HPOS="1188" VPOS="362" WIDTH="101" HEIGHT="33" WC="0.96" CONTENT="sedan"/>
						</TextLine>
						<TextLine ID="line_3" HPOS="688" VPOS="414" WIDTH="603" HEIGHT="46">
							<String ID="string_15" HPOS="688" VPOS="417" WIDTH="261" HEIGHT="43" WC="0.82" CONTENT="Lag-Utskottet"/><SP WIDTH="41" VPOS="417" HPOS="949"/>
							<String ID="string_16" HPOS="990" VPOS="415" WIDTH="154" HEIGHT="34" WC="0.89" CONTENT="deröfver"/><SP WIDTH="41" VPOS="415" HPOS="1144"/>
							<String ID="string_17" HPOS="1185" VPOS="414" WIDTH="106" HEIGHT="34" WC="0.93" CONTENT="blifvit"/>
						</TextLine>
						<TextLine ID="line_4" HPOS="689" VPOS="466" WIDTH="601" HEIGHT="43">
							<String ID="string_18" HPOS="689" VPOS="470" WIDTH="109" HEIGHT="39" WC="0.91" CONTENT="hördt,"/><SP WIDTH="12" VPOS="470" HPOS="798"/>
							<String ID="string_19" HPOS="810" VPOS="468" WIDTH="34" HEIGHT="33" WC="0.95" CONTENT="af"/><SP WIDTH="12" VPOS="468" HPOS="844"/>
							<String ID="string_20" HPOS="856" VPOS="468" WIDTH="191" HEIGHT="41" WC="0.93" CONTENT="Riksdagen"/><SP WIDTH="14" VPOS="468" HPOS="1047"/>
							<String ID="string_21" HPOS="1061" VPOS="466" WIDTH="142" HEIGHT="42" WC="0.86" CONTENT="afgöras."/><SP WIDTH="24" VPOS="466" HPOS="1203"/>
							<String ID="string_22" HPOS="1227" VPOS="466" WIDTH="63" HEIGHT="32" WC="0.90" CONTENT="Be-"/>
						</TextLine>
						<TextLine ID="line_5" HPOS="690" VPOS="518" WIDTH="600" HEIGHT="43">
							<String ID="string_23" HPOS="690" VPOS="522" WIDTH="103" HEIGHT="33" WC="0.95" CONTENT="slutar"/><SP WIDTH="22" VPOS="522" HPOS="793"/>
							<String ID="string_24" HPOS="815" VPOS="520" WIDTH="188" HEIGHT="41" WC="0.96" CONTENT="Riksdagen"/><SP WIDTH="26" VPOS="520" HPOS="1003"/>
							<String ID="string_25" HPOS="1029" VPOS="519" WIDTH="51" HEIGHT="33" WC="0.96" CONTENT="för"/><SP WIDTH="18" VPOS="519" HPOS="1080"/>
							<String ID="string_26" HPOS="1098" VPOS="519" WIDTH="48" HEIGHT="32" WC="0.96" CONTENT="sin"/><SP WIDTH="18" VPOS="519" HPOS="1146"/>
							<String ID="string_27" HPOS="1164" VPOS="518" WIDTH="53" HEIGHT="33" WC="0.93" CONTENT="del"/><SP WIDTH="15" VPOS="518" HPOS="1217"/>
							<String ID="string_28" HPOS="1232" VPOS="519" WIDTH="58" HEIGHT="32" WC="0.91" CONTENT="nå-"/>
						</TextLine>
						<TextLine ID="line_6" HPOS="690" VPOS="571" WIDTH="600" HEIGHT="44">
							<String ID="string_29" HPOS="690" VPOS="585" WIDTH="64" HEIGHT="30" WC="0.96" CONTENT="gon"/><SP WIDTH="32" VPOS="585" HPOS="754"/>
							<String ID="string_30" HPOS="786" VPOS="585" WIDTH="40" HEIGHT="30" WC="0.96" CONTENT="ny"/><SP WIDTH="29" VPOS="585" HPOS="826"/>
							<String ID="string_31" HPOS="855" VPOS="573" WIDTH="56" HEIGHT="40" WC="0.96" CONTENT="lag"/><SP WIDTH="28" VPOS="573" HPOS="911"/>
							<String ID="string_32" HPOS="939" VPOS="572" WIDTH="81" HEIGHT="32" WC="0.95" CONTENT="eller"/><SP WIDTH="29" VPOS="572" HPOS="1020"/>
							<String ID="string_33" HPOS="1049" VPOS="571" WIDTH="141" HEIGHT="42" WC="0.95" CONTENT="gammal"/><SP WIDTH="28" VPOS="571" HPOS="1190"/>
							<String ID="string_34" HPOS="1218" VPOS="571" WIDTH="72" HEIGHT="40" WC="0.96" CONTENT="lags"/>
						</TextLine>
						<TextLine ID="line_7" HPOS="688" VPOS="622" WIDTH="601" HEIGHT="46">
							<String ID="string_35" HPOS="688" VPOS="624" WIDTH="234" HEIGHT="44" WC="0.89" CONTENT="upphäfvande"/><SP WIDTH="44" VPOS="624" HPOS="922"/>
							<String ID="string_36" HPOS="966" VPOS="624" WIDTH="81" HEIGHT="32" WC="0.93" CONTENT="eller"/><SP WIDTH="37" VPOS="624" HPOS="1047"/>
							<String ID="string_37" HPOS="1084" VPOS="622" WIDTH="205" HEIGHT="41" WC="0.96" CONTENT="förändring,"/>
						</TextLine>
						<TextLine ID="line_8" HPOS="690" VPOS="674" WIDTH="601" HEIGHT="43">
							<String ID="string_38" HPOS="690" VPOS="678" WIDTH="157" HEIGHT="33" WC="0.91" CONTENT="aflemnas"/><SP WIDTH="24" VPOS="678" HPOS="847"/>
							<String ID="string_39" HPOS="871" VPOS="676" WIDTH="126" HEIGHT="41" WC="0.96" CONTENT="förslag"/><SP WIDTH="25" VPOS="676" HPOS="997"/>
							<String ID="string_40" HPOS="1022" VPOS="675" WIDTH="113" HEIGHT="32" WC="0.96" CONTENT="derom"/><SP WIDTH="24" VPOS="675" HPOS="1135"/>
							<String ID="string_41" HPOS="1159" VPOS="674" WIDTH="49" HEIGHT="33" WC="0.92" CONTENT="till"/><SP WIDTH="18" VPOS="674" HPOS="1208"/>
							<String ID="string_42" HPOS="1226" VPOS="675" WIDTH="65" HEIGHT="32" WC="0.91" CONTENT="Ko-"/>
						</TextLine>
						<TextLine ID="line_9" HPOS="690" VPOS="725" WIDTH="600" HEIGHT="43">
							<String ID="string_43" HPOS="690" VPOS="739" WIDTH="143" HEIGHT="29" WC="0.90" CONTENT="nungen,"/><SP WIDTH="37" VPOS="739" HPOS="833"/>
							<String ID="string_44" HPOS="870" VPOS="738" WIDTH="68" HEIGHT="20" WC="0.92" CONTENT="som"/><SP WIDTH="35" VPOS="738" HPOS="938"/>
							<String ID="string_45" HPOS="973" VPOS="726" WIDTH="144" HEIGHT="31" WC="0.91" CONTENT="inhemte"/><SP WIDTH="31" VPOS="726" HPOS="1117"/>
							<String ID="string_46" HPOS="1148" VPOS="725" WIDTH="142" HEIGHT="31" WC="0.91" CONTENT="Statsrå-"/>
						</TextLine>
						<TextLine ID="line_10" HPOS="691" VPOS="777" WIDTH="599" HEIGHT="43">
							<String ID="string_47" HPOS="691" VPOS="780" WIDTH="73" HEIGHT="33" WC="0.96" CONTENT="dets"/><SP WIDTH="19" VPOS="780" HPOS="764"/>
							<String ID="string_48" HPOS="783" VPOS="779" WIDTH="62" HEIGHT="33" WC="0.96" CONTENT="och"/><SP WIDTH="15" VPOS="779" HPOS="845"/>
							<String ID="string_49" HPOS="860" VPOS="779" WIDTH="130" HEIGHT="41" WC="0.96" CONTENT="Högsta"/><SP WIDTH="13" VPOS="779" HPOS="990"/>
							<String ID="string_50" HPOS="1003" VPOS="777" WIDTH="203" HEIGHT="33" WC="0.93" CONTENT="domstolens"/><SP WIDTH="13" VPOS="777" HPOS="1206"/>
							<String ID="string_51" HPOS="1219" VPOS="780" WIDTH="71" HEIGHT="29" WC="0.93" CONTENT="tan-"/>
						</TextLine>
						<TextLine ID="line_11" HPOS="690" VPOS="828" WIDTH="601" HEIGHT="41">
							<String ID="string_52" HPOS="690" VPOS="832" WIDTH="57" HEIGHT="31" WC="0.93" CONTENT="kar"/><SP WIDTH="35" VPOS="832" HPOS="747"/>
							<String ID="string_53" HPOS="782" VPOS="830" WIDTH="162" HEIGHT="39" WC="0.92" CONTENT="deröfver,"/><SP WIDTH="31" VPOS="830" HPOS="944"/>
							<String ID="string_54" HPOS="975" VPOS="829" WIDTH="74" HEIGHT="40" WC="0.93" CONTENT="och,"/><SP WIDTH="30" VPOS="829" HPOS="1049"/>
							<String ID="string_55" HPOS="1079" VPOS="829" WIDTH="102" HEIGHT="32" WC="0.72" CONTENT="sedav"/><SP WIDTH="35" VPOS="829" HPOS="1181"/>
							<String ID="string_56" HPOS="1216" VPOS="828" WIDTH="75" HEIGHT="32" WC="0.96" CONTENT="Han"/>
						</TextLine>
						<TextLine ID="line_12" HPOS="692" VPOS="879" WIDTH="599" HEIGHT="41">
							<String ID="string_57" HPOS="692" VPOS="883" WIDTH="63" HEIGHT="32" WC="0.95" CONTENT="Sitt"/><SP WIDTH="18" VPOS="883" HPOS="755"/>
							<String ID="string_58" HPOS="773" VPOS="882" WIDTH="111" HEIGHT="32" WC="0.96" CONTENT="beslut"/><SP WIDTH="19" VPOS="882" HPOS="884"/>
							<String ID="string_59" HPOS="903" VPOS="881" WIDTH="108" HEIGHT="39" WC="0.93" CONTENT="fattat,"/><SP WIDTH="16" VPOS="881" HPOS="1011"/>
							<String ID="string_60" HPOS="1027" VPOS="880" WIDTH="152" HEIGHT="33" WC="0.91" CONTENT="meddele"/><SP WIDTH="17" VPOS="880" HPOS="1179"/>
							<String ID="string_61" HPOS="1196" VPOS="879" WIDTH="95" HEIGHT="32" WC="0.93" CONTENT="Riks-"/>
						</TextLine>
						<TextLine ID="line_13" HPOS="692" VPOS="931" WIDTH="598" HEIGHT="44">
							<String ID="string_62" HPOS="692" VPOS="934" WIDTH="107" HEIGHT="41" WC="0.96" CONTENT="dagen"/><SP WIDTH="38" VPOS="934" HPOS="799"/>
							<String ID="string_63" HPOS="837" VPOS="934" WIDTH="158" HEIGHT="39" WC="0.95" CONTENT="antingen"/><SP WIDTH="38" VPOS="934" HPOS="995"/>
							<String ID="string_64" HPOS="1033" VPOS="932" WIDTH="63" HEIGHT="32" WC="0.79" CONTENT="Sitt"/><SP WIDTH="29" VPOS="932" HPOS="1096"/>
							<String ID="string_65" HPOS="1125" VPOS="931" WIDTH="165" HEIGHT="42" WC="0.96" CONTENT="samtycke"/>
						</TextLine>
						<TextLine ID="line_14" HPOS="691" VPOS="982" WIDTH="601" HEIGHT="36">
							<String ID="string_66" HPOS="691" VPOS="986" WIDTH="48" HEIGHT="32" WC="0.96" CONTENT="till"/><SP WIDTH="16" VPOS="986" HPOS="739"/>
							<String ID="string_67" HPOS="755" VPOS="985" WIDTH="76" HEIGHT="33" WC="0.93" CONTENT="dess"/><SP WIDTH="17" VPOS="985" HPOS="831"/>
							<String ID="string_68" HPOS="848" VPOS="984" WIDTH="163" HEIGHT="33" WC="0.91" CONTENT="åstundan"/><SP WIDTH="18" VPOS="984" HPOS="1011"/>
							<String ID="string_69" HPOS="1029" VPOS="984" WIDTH="82" HEIGHT="32" WC="0.96" CONTENT="eller"/><SP WIDTH="16" VPOS="984" HPOS="1111"/>
							<String ID="string_70" HPOS="1127" VPOS="982" WIDTH="78" HEIGHT="33" WC="0.95" CONTENT="Sina"/><SP WIDTH="15" VPOS="982" HPOS="1205"/>
							<String ID="string_71" HPOS="1220" VPOS="982" WIDTH="72" HEIGHT="32" WC="0.96" CONTENT="skäl"/>
						</TextLine>
						<TextLine ID="line_15" HPOS="689" VPOS="1035" WIDTH="602" HEIGHT="43">
							<String ID="string_72" HPOS="689" VPOS="1040" WIDTH="49" HEIGHT="30" WC="0.96" CONTENT="att"/><SP WIDTH="30" VPOS="1040" HPOS="738"/>
							<String ID="string_73" HPOS="768" VPOS="1037" WIDTH="57" HEIGHT="32" WC="0.96" CONTENT="det"/><SP WIDTH="24" VPOS="1037" HPOS="825"/>
							<String ID="string_74" HPOS="849" VPOS="1040" WIDTH="107" HEIGHT="38" WC="0.78" CONTENT="vägra."/><SP WIDTH="54" VPOS="1040" HPOS="956"/>
							<String ID="string_75" HPOS="1010" VPOS="1036" WIDTH="72" HEIGHT="32" WC="0.93" CONTENT="Kan"/><SP WIDTH="24" VPOS="1036" HPOS="1082"/>
							<String ID="string_76" HPOS="1106" VPOS="1035" WIDTH="185" HEIGHT="41" WC="0.95" CONTENT="Konungen"/>
						</TextLine>
						<TextLine ID="line_16" HPOS="690" VPOS="1086" WIDTH="602" HEIGHT="42">
							<String ID="string_77" HPOS="690" VPOS="1089" WIDTH="73" HEIGHT="32" WC="0.96" CONTENT="icke"/><SP WIDTH="31" VPOS="1089" HPOS="763"/>
							<String ID="string_78" HPOS="794" VPOS="1088" WIDTH="78" HEIGHT="38" WC="0.96" CONTENT="förr,"/><SP WIDTH="24" VPOS="1088" HPOS="872"/>
							<String ID="string_79" HPOS="896" VPOS="1092" WIDTH="41" HEIGHT="28" WC="0.96" CONTENT="än"/><SP WIDTH="24" VPOS="1092" HPOS="937"/>
							<String ID="string_80" HPOS="961" VPOS="1087" WIDTH="193" HEIGHT="41" WC="0.93" CONTENT="Riksdagen"/><SP WIDTH="25" VPOS="1087" HPOS="1154"/>
							<String ID="string_81" HPOS="1179" VPOS="1086" WIDTH="113" HEIGHT="32" WC="0.92" CONTENT="åtskil-"/>
						</TextLine>
						<TextLine ID="line_17" HPOS="686" VPOS="1138" WIDTH="606" HEIGHT="45">
							<String ID="string_82" HPOS="686" VPOS="1141" WIDTH="60" HEIGHT="42" WC="0.92" CONTENT="jes,"/><SP WIDTH="28" VPOS="1141" HPOS="746"/>
							<String ID="string_83" HPOS="774" VPOS="1140" WIDTH="84" HEIGHT="32" WC="0.96" CONTENT="fatta"/><SP WIDTH="23" VPOS="1140" HPOS="858"/>
							<String ID="string_84" HPOS="881" VPOS="1139" WIDTH="61" HEIGHT="33" WC="0.96" CONTENT="och"/><SP WIDTH="24" VPOS="1139" HPOS="942"/>
							<String ID="string_85" HPOS="966" VPOS="1138" WIDTH="155" HEIGHT="33" WC="0.96" CONTENT="meddela"/><SP WIDTH="23" VPOS="1138" HPOS="1121"/>
							<String ID="string_86" HPOS="1144" VPOS="1138" WIDTH="65" HEIGHT="32" WC="0.93" CONTENT="Sitt"/><SP WIDTH="26" VPOS="1138" HPOS="1209"/>
							<String ID="string_87" HPOS="1235" VPOS="1138" WIDTH="57" HEIGHT="32" WC="0.84" CONTENT="be-"/>
						</TextLine>
						<TextLine ID="line_18" HPOS="693" VPOS="1189" WIDTH="601" HEIGHT="41">
							<String ID="string_88" HPOS="693" VPOS="1193" WIDTH="75" HEIGHT="37" WC="0.96" CONTENT="slut,"/><SP WIDTH="25" VPOS="1193" HPOS="768"/>
							<String ID="string_89" HPOS="793" VPOS="1202" WIDTH="76" HEIGHT="21" WC="0.96" CONTENT="vare"/><SP WIDTH="30" VPOS="1202" HPOS="869"/>
							<String ID="string_90" HPOS="899" VPOS="1191" WIDTH="75" HEIGHT="31" WC="0.93" CONTENT="Han"/><SP WIDTH="31" VPOS="1191" HPOS="974"/>
							<String ID="string_91" HPOS="1005" VPOS="1189" WIDTH="216" HEIGHT="33" WC="0.92" CONTENT="oförhindrad"/><SP WIDTH="24" VPOS="1189" HPOS="1221"/>
							<String ID="string_92" HPOS="1245" VPOS="1192" WIDTH="49" HEIGHT="28" WC="0.96" CONTENT="att"/>
						</TextLine>
						<TextLine ID="line_19" HPOS="692" VPOS="1240" WIDTH="601" HEIGHT="44">
							<String ID="string_93" HPOS="692" VPOS="1242" WIDTH="70" HEIGHT="33" WC="0.96" CONTENT="före"/><SP WIDTH="24" VPOS="1242" HPOS="762"/>
							<String ID="string_94" HPOS="786" VPOS="1242" WIDTH="225" HEIGHT="42" WC="0.96" CONTENT="nästföljande"/><SP WIDTH="24" VPOS="1242" HPOS="1011"/>
							<String ID="string_95" HPOS="1035" VPOS="1240" WIDTH="153" HEIGHT="41" WC="0.93" CONTENT="riksdags"/><SP WIDTH="26" VPOS="1240" HPOS="1188"/>
							<String ID="string_96" HPOS="1214" VPOS="1243" WIDTH="79" HEIGHT="39" WC="0.92" CONTENT="öpp-"/>
						</TextLine>
						<TextLine ID="line_20" HPOS="691" VPOS="1291" WIDTH="602" HEIGHT="43">
							<String ID="string_97" HPOS="691" VPOS="1294" WIDTH="110" HEIGHT="33" WC="0.95" CONTENT="nande"/><SP WIDTH="34" VPOS="1294" HPOS="801"/>
							<String ID="string_98" HPOS="835" VPOS="1293" WIDTH="162" HEIGHT="41" WC="0.95" CONTENT="förslaget"/><SP WIDTH="34" VPOS="1293" HPOS="997"/>
							<String ID="string_99" HPOS="1031" VPOS="1292" WIDTH="182" HEIGHT="41" WC="0.93" CONTENT="ordagrant"/><SP WIDTH="32" VPOS="1292" HPOS="1213"/>
							<String ID="string_100" HPOS="1245" VPOS="1291" WIDTH="48" HEIGHT="33" WC="0.86" CONTENT="bi-"/>
						</TextLine>
						<TextLine ID="line_21" HPOS="692" VPOS="1343" WIDTH="602" HEIGHT="41">
							<String ID="string_101" HPOS="692" VPOS="1346" WIDTH="79" HEIGHT="32" WC="0.95" CONTENT="falla"/><SP WIDTH="20" VPOS="1346" HPOS="771"/>
							<String ID="string_102" HPOS="791" VPOS="1345" WIDTH="63" HEIGHT="32" WC="0.96" CONTENT="och"/><SP WIDTH="15" VPOS="1345" HPOS="854"/>
							<String ID="string_103" HPOS="869" VPOS="1345" WIDTH="121" HEIGHT="32" WC="0.95" CONTENT="allmän"/><SP WIDTH="14" VPOS="1345" HPOS="990"/>
							<String ID="string_104" HPOS="1004" VPOS="1343" WIDTH="198" HEIGHT="41" WC="0.93" CONTENT="kungörelse"/><SP WIDTH="18" VPOS="1343" HPOS="1202"/>
							<String ID="string_105" HPOS="1220" VPOS="1343" WIDTH="74" HEIGHT="32" WC="0.92" CONTENT="der-"/>
						</TextLine>
						<TextLine ID="line_22" HPOS="693" VPOS="1395" WIDTH="600" HEIGHT="41">
							<String ID="string_106" HPOS="693" VPOS="1408" WIDTH="53" HEIGHT="21" WC="0.96" CONTENT="om"/><SP WIDTH="23" VPOS="1408" HPOS="746"/>
							<String ID="string_107" HPOS="769" VPOS="1396" WIDTH="141" HEIGHT="33" WC="0.96" CONTENT="utfärda."/><SP WIDTH="47" VPOS="1396" HPOS="910"/>
							<String ID="string_108" HPOS="957" VPOS="1395" WIDTH="82" HEIGHT="33" WC="0.91" CONTENT="Sker"/><SP WIDTH="25" VPOS="1395" HPOS="1039"/>
							<String ID="string_109" HPOS="1064" VPOS="1395" WIDTH="56" HEIGHT="32" WC="0.96" CONTENT="det"/><SP WIDTH="16" VPOS="1395" HPOS="1120"/>
							<String ID="string_110" HPOS="1136" VPOS="1395" WIDTH="41" HEIGHT="41" WC="0.95" CONTENT="ej,"/><SP WIDTH="18" VPOS="1395" HPOS="1177"/>
							<String ID="string_111" HPOS="1195" VPOS="1405" WIDTH="98" HEIGHT="21" WC="0.96" CONTENT="anses"/>
						</TextLine>
						<TextLine ID="line_23" HPOS="693" VPOS="1445" WIDTH="601" HEIGHT="43">
							<String ID="string_112" HPOS="693" VPOS="1448" WIDTH="160" HEIGHT="40" WC="0.96" CONTENT="förslaget"/><SP WIDTH="23" VPOS="1448" HPOS="853"/>
							<String ID="string_113" HPOS="876" VPOS="1447" WIDTH="97" HEIGHT="33" WC="0.96" CONTENT="hafva"/><SP WIDTH="15" VPOS="1447" HPOS="973"/>
							<String ID="string_114" HPOS="988" VPOS="1445" WIDTH="148" HEIGHT="40" WC="0.96" CONTENT="förfallit,"/><SP WIDTH="15" VPOS="1445" HPOS="1136"/>
							<String ID="string_115" HPOS="1151" VPOS="1445" WIDTH="62" HEIGHT="33" WC="0.91" CONTENT="och"/><SP WIDTH="15" VPOS="1445" HPOS="1213"/>
							<String ID="string_116" HPOS="1228" VPOS="1446" WIDTH="66" HEIGHT="31" WC="0.90" CONTENT="Ko-"/>
						</TextLine>
						<TextLine ID="line_24" HPOS="693" VPOS="1496" WIDTH="601" HEIGHT="44">
							<String ID="string_117" HPOS="693" VPOS="1510" WIDTH="132" HEIGHT="30" WC="0.89" CONTENT="nungen"/><SP WIDTH="34" VPOS="1510" HPOS="825"/>
							<String ID="string_118" HPOS="859" VPOS="1499" WIDTH="194" HEIGHT="32" WC="0.90" CONTENT="underrätte"/><SP WIDTH="31" VPOS="1499" HPOS="1053"/>
							<String ID="string_119" HPOS="1084" VPOS="1497" WIDTH="42" HEIGHT="32" WC="0.93" CONTENT="då"/><SP WIDTH="28" VPOS="1497" HPOS="1126"/>
							<String ID="string_120" HPOS="1154" VPOS="1496" WIDTH="140" HEIGHT="33" WC="0.92" CONTENT="Riksda-"/>
						</TextLine>
						<TextLine ID="line_25" HPOS="694" VPOS="1550" WIDTH="602" HEIGHT="42">
							<String ID="string_121" HPOS="694" VPOS="1562" WIDTH="64" HEIGHT="30" WC="0.96" CONTENT="gen"/><SP WIDTH="36" VPOS="1562" HPOS="758"/>
							<String ID="string_122" HPOS="794" VPOS="1550" WIDTH="51" HEIGHT="32" WC="0.96" CONTENT="vid"/><SP WIDTH="42" VPOS="1550" HPOS="845"/>
							<String ID="string_123" HPOS="887" VPOS="1550" WIDTH="76" HEIGHT="32" WC="0.96" CONTENT="dess"/><SP WIDTH="37" VPOS="1550" HPOS="963"/>
							<String ID="string_124" HPOS="1000" VPOS="1552" WIDTH="97" HEIGHT="29" WC="0.93" CONTENT="nästa"/><SP WIDTH="35" VPOS="1552" HPOS="1097"/>
							<String ID="string_125" HPOS="1132" VPOS="1559" WIDTH="164" HEIGHT="22" WC="0.91" CONTENT="samman-"/>
						</TextLine>
						<TextLine ID="line_26" HPOS="693" VPOS="1599" WIDTH="603" HEIGHT="41">
							<String ID="string_126" HPOS="693" VPOS="1602" WIDTH="111" HEIGHT="33" WC="0.96" CONTENT="komst"/><SP WIDTH="23" VPOS="1602" HPOS="804"/>
							<String ID="string_127" HPOS="827" VPOS="1612" WIDTH="51" HEIGHT="22" WC="0.95" CONTENT="om"/><SP WIDTH="25" VPOS="1612" HPOS="878"/>
							<String ID="string_128" HPOS="903" VPOS="1601" WIDTH="40" HEIGHT="32" WC="0.96" CONTENT="de"/><SP WIDTH="26" VPOS="1601" HPOS="943"/>
							<String ID="string_129" HPOS="969" VPOS="1600" WIDTH="82" HEIGHT="40" WC="0.96" CONTENT="skäl,"/><SP WIDTH="24" VPOS="1600" HPOS="1051"/>
							<String ID="string_130" HPOS="1075" VPOS="1610" WIDTH="69" HEIGHT="22" WC="0.96" CONTENT="som"/><SP WIDTH="18" VPOS="1610" HPOS="1144"/>
							<String ID="string_131" HPOS="1162" VPOS="1599" WIDTH="134" HEIGHT="33" WC="0.96" CONTENT="hindrat"/>
						</TextLine>
						<TextLine ID="line_27" HPOS="694" VPOS="1651" WIDTH="602" HEIGHT="42">
							<String ID="string_132" HPOS="694" VPOS="1653" WIDTH="178" HEIGHT="40" WC="0.96" CONTENT="förslagets"/><SP WIDTH="41" VPOS="1653" HPOS="872"/>
							<String ID="string_133" HPOS="913" VPOS="1651" WIDTH="201" HEIGHT="42" WC="0.96" CONTENT="antagande."/><SP WIDTH="60" VPOS="1651" HPOS="1114"/>
							<String ID="string_134" HPOS="1174" VPOS="1651" WIDTH="122" HEIGHT="31" WC="0.92" CONTENT="Finner"/>
						</TextLine>
						<TextLine ID="line_28" HPOS="694" VPOS="1701" WIDTH="602" HEIGHT="44">
							<String ID="string_135" HPOS="694" VPOS="1705" WIDTH="185" HEIGHT="39" WC="0.96" CONTENT="Konungen"/><SP WIDTH="30" VPOS="1705" HPOS="879"/>
							<String ID="string_136" HPOS="909" VPOS="1703" WIDTH="82" HEIGHT="42" WC="0.96" CONTENT="godt"/><SP WIDTH="21" VPOS="1703" HPOS="991"/>
							<String ID="string_137" HPOS="1012" VPOS="1704" WIDTH="110" HEIGHT="39" WC="0.93" CONTENT="någon"/><SP WIDTH="24" VPOS="1704" HPOS="1122"/>
							<String ID="string_138" HPOS="1146" VPOS="1701" WIDTH="150" HEIGHT="41" WC="0.90" CONTENT="lagfråga"/>
						</TextLine>
						<TextLine ID="line_29" HPOS="695" VPOS="1752" WIDTH="600" HEIGHT="43">
							<String ID="string_139" HPOS="695" VPOS="1756" WIDTH="52" HEIGHT="32" WC="0.96" CONTENT="för"/><SP WIDTH="26" VPOS="1756" HPOS="747"/>
							<String ID="string_140" HPOS="773" VPOS="1754" WIDTH="191" HEIGHT="41" WC="0.96" CONTENT="Riksdagen"/><SP WIDTH="30" VPOS="1754" HPOS="964"/>
							<String ID="string_141" HPOS="994" VPOS="1753" WIDTH="194" HEIGHT="40" WC="0.93" CONTENT="framställa,"/><SP WIDTH="28" VPOS="1753" HPOS="1188"/>
							<String ID="string_142" HPOS="1216" VPOS="1752" WIDTH="79" HEIGHT="33" WC="0.90" CONTENT="äske"/>
						</TextLine>
						<TextLine ID="line_30" HPOS="696" VPOS="1804" WIDTH="602" HEIGHT="41">
							<String ID="string_143" HPOS="696" VPOS="1808" WIDTH="72" HEIGHT="31" WC="0.96" CONTENT="Han"/><SP WIDTH="11" VPOS="1808" HPOS="768"/>
							<String ID="string_144" HPOS="779" VPOS="1806" WIDTH="205" HEIGHT="33" WC="0.96" CONTENT="Statsrådets"/><SP WIDTH="11" VPOS="1806" HPOS="984"/>
							<String ID="string_145" HPOS="995" VPOS="1805" WIDTH="61" HEIGHT="33" WC="0.96" CONTENT="och"/><SP WIDTH="10" VPOS="1805" HPOS="1056"/>
							<String ID="string_146" HPOS="1066" VPOS="1805" WIDTH="130" HEIGHT="40" WC="0.93" CONTENT="Högsta"/><SP WIDTH="11" VPOS="1805" HPOS="1196"/>
							<String ID="string_147" HPOS="1207" VPOS="1804" WIDTH="91" HEIGHT="32" WC="0.92" CONTENT="dom-"/>
						</TextLine>
						<TextLine ID="line_31" HPOS="697" VPOS="1855" WIDTH="602" HEIGHT="44">
							<String ID="string_148" HPOS="697" VPOS="1859" WIDTH="124" HEIGHT="32" WC="0.96" CONTENT="stolens"/><SP WIDTH="27" VPOS="1859" HPOS="821"/>
							<String ID="string_149" HPOS="848" VPOS="1857" WIDTH="155" HEIGHT="42" WC="0.93" CONTENT="yttrande"/><SP WIDTH="26" VPOS="1857" HPOS="1003"/>
							<String ID="string_150" HPOS="1029" VPOS="1855" WIDTH="162" HEIGHT="41" WC="0.91" CONTENT="deröfver,"/><SP WIDTH="23" VPOS="1855" HPOS="1191"/>
							<String ID="string_151" HPOS="1214" VPOS="1858" WIDTH="85" HEIGHT="29" WC="0.96" CONTENT="samt"/>
						</TextLine>
						<TextLine ID="line_32" HPOS="696" VPOS="1904" WIDTH="604" HEIGHT="46">
							<String ID="string_152" HPOS="696" VPOS="1904" WIDTH="154" HEIGHT="38" WC="0.90" CONTENT="meddele"/><SP WIDTH="31" VPOS="1904" HPOS="850"/>
							<String ID="string_153" HPOS="881" VPOS="1908" WIDTH="56" HEIGHT="33" WC="0.95" CONTENT="Sin"/><SP WIDTH="23" VPOS="1908" HPOS="937"/>
							<String ID="string_154" HPOS="960" VPOS="1907" WIDTH="208" HEIGHT="43" WC="0.96" CONTENT="proposition"/><SP WIDTH="23" VPOS="1907" HPOS="1168"/>
							<String ID="string_155" HPOS="1191" VPOS="1906" WIDTH="109" HEIGHT="33" WC="0.96" CONTENT="tillika"/>
						</TextLine>
						<TextLine ID="line_33" HPOS="697" VPOS="1958" WIDTH="601" HEIGHT="44">
							<String ID="string_156" HPOS="697" VPOS="1961" WIDTH="76" HEIGHT="32" WC="0.96" CONTENT="med"/><SP WIDTH="22" VPOS="1961" HPOS="773"/>
							<String ID="string_157" HPOS="795" VPOS="1960" WIDTH="147" HEIGHT="33" WC="0.96" CONTENT="berörda"/><SP WIDTH="21" VPOS="1960" HPOS="942"/>
							<String ID="string_158" HPOS="963" VPOS="1958" WIDTH="178" HEIGHT="44" WC="0.96" CONTENT="yttranden"/><SP WIDTH="15" VPOS="1958" HPOS="1141"/>
							<String ID="string_159" HPOS="1156" VPOS="1960" WIDTH="33" HEIGHT="31" WC="0.92" CONTENT="åt"/><SP WIDTH="15" VPOS="1960" HPOS="1189"/>
							<String ID="string_160" HPOS="1204" VPOS="1958" WIDTH="94" HEIGHT="32" WC="0.90" CONTENT="Riks-"/>
						</TextLine>
						<TextLine ID="line_34" HPOS="698" VPOS="2009" WIDTH="600" HEIGHT="44">
							<String ID="string_161" HPOS="698" VPOS="2013" WIDTH="120" HEIGHT="40" WC="0.96" CONTENT="dagen,"/><SP WIDTH="31" VPOS="2013" HPOS="818"/>
							<String ID="string_162" HPOS="849" VPOS="2022" WIDTH="70" HEIGHT="22" WC="0.96" CONTENT="som"/><SP WIDTH="29" VPOS="2022" HPOS="919"/>
							<String ID="string_163" HPOS="948" VPOS="2011" WIDTH="76" HEIGHT="33" WC="0.96" CONTENT="med"/><SP WIDTH="23" VPOS="2011" HPOS="1024"/>
							<String ID="string_164" HPOS="1047" VPOS="2010" WIDTH="115" HEIGHT="41" WC="0.96" CONTENT="frågan"/><SP WIDTH="24" VPOS="2010" HPOS="1162"/>
							<String ID="string_165" HPOS="1186" VPOS="2009" WIDTH="112" HEIGHT="33" WC="0.96" CONTENT="vidare"/>
						</TextLine>
						<TextLine ID="line_35" HPOS="697" VPOS="2061" WIDTH="603" HEIGHT="42">
							<String ID="string_166" HPOS="697" VPOS="2063" WIDTH="113" HEIGHT="40" WC="0.92" CONTENT="förfar,"/><SP WIDTH="24" VPOS="2063" HPOS="810"/>
							<String ID="string_167" HPOS="834" VPOS="2065" WIDTH="109" HEIGHT="31" WC="0.95" CONTENT="såsom"/><SP WIDTH="23" VPOS="2065" HPOS="943"/>
							<String ID="string_168" HPOS="966" VPOS="2063" WIDTH="10" HEIGHT="32" WC="0.93" CONTENT="i"/><SP WIDTH="22" VPOS="2063" HPOS="976"/>
							<String ID="string_169" HPOS="998" VPOS="2061" WIDTH="302" HEIGHT="42" WC="0.92" CONTENT="Riksdagsordnin-"/>
						</TextLine>
						<TextLine ID="line_36" HPOS="699" VPOS="2118" WIDTH="179" HEIGHT="39">
							<String ID="string_170" HPOS="699" VPOS="2126" WIDTH="63" HEIGHT="31" WC="0.96" CONTENT="gen"/><SP WIDTH="29" VPOS="2126" HPOS="762"/>
							<String ID="string_171" HPOS="791" VPOS="2118" WIDTH="87" HEIGHT="38" WC="0.94" CONTENT="sägs."/>
						</TextLine>
					</TextBlock>
				</ComposedBlock>
				<ComposedBlock ID="cblock_2" HPOS="1342" VPOS="307" WIDTH="613" HEIGHT="1895">
					<TextBlock ID="block_2" HPOS="1342" VPOS="307" WIDTH="613" HEIGHT="1895">
						<TextLine ID="line_37" HPOS="1342" VPOS="307" WIDTH="601" HEIGHT="44">
							<String ID="string_172" HPOS="1342" VPOS="320" WIDTH="41" HEIGHT="31" WC="0.96" CONTENT="ny"/><SP WIDTH="35" VPOS="320" HPOS="1383"/>
							<String ID="string_173" HPOS="1418" VPOS="309" WIDTH="56" HEIGHT="42" WC="0.96" CONTENT="lag"/><SP WIDTH="33" VPOS="309" HPOS="1474"/>
							<String ID="string_174" HPOS="1507" VPOS="311" WIDTH="80" HEIGHT="40" WC="0.95" CONTENT="göra"/><SP WIDTH="31" VPOS="311" HPOS="1587"/>
							<String ID="string_175" HPOS="1618" VPOS="308" WIDTH="80" HEIGHT="33" WC="0.96" CONTENT="eller"/><SP WIDTH="28" VPOS="308" HPOS="1698"/>
							<String ID="string_176" HPOS="1726" VPOS="307" WIDTH="140" HEIGHT="43" WC="0.86" CONTENT="gammal"/><SP WIDTH="30" VPOS="307" HPOS="1866"/>
							<String ID="string_177" HPOS="1896" VPOS="308" WIDTH="47" HEIGHT="33" WC="0.86" CONTENT="af-"/>
						</TextLine>
						<TextLine ID="line_38" HPOS="1343" VPOS="360" WIDTH="600" HEIGHT="42">
							<String ID="string_178" HPOS="1343" VPOS="360" WIDTH="115" HEIGHT="34" WC="0.90" CONTENT="skaffa."/><SP WIDTH="67" VPOS="360" HPOS="1458"/>
							<String ID="string_179" HPOS="1525" VPOS="361" WIDTH="125" HEIGHT="41" WC="0.48" CONTENT="Frågor"/><SP WIDTH="43" VPOS="361" HPOS="1650"/>
							<String ID="string_180" HPOS="1693" VPOS="360" WIDTH="112" HEIGHT="33" WC="0.95" CONTENT="härom"/><SP WIDTH="42" VPOS="360" HPOS="1805"/>
							<String ID="string_181" HPOS="1847" VPOS="362" WIDTH="53" HEIGHT="31" WC="0.96" CONTENT="må"/><SP WIDTH="33" VPOS="362" HPOS="1900"/>
							<String ID="string_182" HPOS="1933" VPOS="360" WIDTH="10" HEIGHT="32" WC="0.96" CONTENT="i"/>
						</TextLine>
						<TextLine ID="line_39" HPOS="1342" VPOS="412" WIDTH="601" HEIGHT="42">
							<String ID="string_183" HPOS="1342" VPOS="413" WIDTH="209" HEIGHT="41" WC="0.93" CONTENT="Riksdagens"/><SP WIDTH="24" VPOS="413" HPOS="1551"/>
							<String ID="string_184" HPOS="1575" VPOS="413" WIDTH="139" HEIGHT="32" WC="0.91" CONTENT="Kamrar"/><SP WIDTH="23" VPOS="413" HPOS="1714"/>
							<String ID="string_185" HPOS="1737" VPOS="412" WIDTH="111" HEIGHT="32" WC="0.93" CONTENT="kunna"/><SP WIDTH="19" VPOS="412" HPOS="1848"/>
							<String ID="string_186" HPOS="1867" VPOS="413" WIDTH="76" HEIGHT="32" WC="0.90" CONTENT="väc-"/>
						</TextLine>
						<TextLine ID="line_40" HPOS="1342" VPOS="463" WIDTH="602" HEIGHT="42">
							<String ID="string_187" HPOS="1342" VPOS="464" WIDTH="59" HEIGHT="33" WC="0.96" CONTENT="kas"/><SP WIDTH="36" VPOS="464" HPOS="1401"/>
							<String ID="string_188" HPOS="1437" VPOS="464" WIDTH="62" HEIGHT="33" WC="0.96" CONTENT="och"/><SP WIDTH="30" VPOS="464" HPOS="1499"/>
							<String ID="string_189" HPOS="1529" VPOS="464" WIDTH="105" HEIGHT="40" WC="0.96" CONTENT="skola,"/><SP WIDTH="32" VPOS="464" HPOS="1634"/>
							<String ID="string_190" HPOS="1666" VPOS="464" WIDTH="106" HEIGHT="33" WC="0.92" CONTENT="sedan"/><SP WIDTH="26" VPOS="464" HPOS="1772"/>
							<String ID="string_191" HPOS="1798" VPOS="463" WIDTH="146" HEIGHT="42" WC="0.92" CONTENT="Lag-Ut-"/>
						</TextLine>
						<TextLine ID="line_41" HPOS="1344" VPOS="515" WIDTH="600" HEIGHT="41">
							<String ID="string_192" HPOS="1344" VPOS="516" WIDTH="126" HEIGHT="33" WC="0.93" CONTENT="skottet"/><SP WIDTH="34" VPOS="516" HPOS="1470"/>
							<String ID="string_193" HPOS="1504" VPOS="516" WIDTH="154" HEIGHT="33" WC="0.90" CONTENT="deröfver"/><SP WIDTH="34" VPOS="516" HPOS="1658"/>
							<String ID="string_194" HPOS="1692" VPOS="515" WIDTH="109" HEIGHT="33" WC="0.93" CONTENT="blifvit"/><SP WIDTH="31" VPOS="515" HPOS="1801"/>
							<String ID="string_195" HPOS="1832" VPOS="515" WIDTH="112" HEIGHT="41" WC="0.92" CONTENT="hördt,"/>
						</TextLine>
						<TextLine ID="line_42" HPOS="1344" VPOS="568" WIDTH="601" HEIGHT="42">
							<String ID="string_196" HPOS="1344" VPOS="568" WIDTH="35" HEIGHT="33" WC="0.96" CONTENT="af"/><SP WIDTH="20" VPOS="568" HPOS="1379"/>
							<String ID="string_197" HPOS="1399" VPOS="568" WIDTH="188" HEIGHT="42" WC="0.93" CONTENT="Riksdagen"/><SP WIDTH="17" VPOS="568" HPOS="1587"/>
							<String ID="string_198" HPOS="1604" VPOS="568" WIDTH="143" HEIGHT="41" WC="0.90" CONTENT="afgöras."/><SP WIDTH="41" VPOS="568" HPOS="1747"/>
							<String ID="string_199" HPOS="1788" VPOS="568" WIDTH="157" HEIGHT="32" WC="0.96" CONTENT="Beslutar"/>
						</TextLine>
						<TextLine ID="line_43" HPOS="1343" VPOS="620" WIDTH="601" HEIGHT="42">
							<String ID="string_200" HPOS="1343" VPOS="620" WIDTH="192" HEIGHT="42" WC="0.96" CONTENT="Riksdagen"/><SP WIDTH="23" VPOS="620" HPOS="1535"/>
							<String ID="string_201" HPOS="1558" VPOS="620" WIDTH="52" HEIGHT="32" WC="0.96" CONTENT="för"/><SP WIDTH="24" VPOS="620" HPOS="1610"/>
							<String ID="string_202" HPOS="1634" VPOS="621" WIDTH="47" HEIGHT="31" WC="0.96" CONTENT="sin"/><SP WIDTH="22" VPOS="621" HPOS="1681"/>
							<String ID="string_203" HPOS="1703" VPOS="620" WIDTH="53" HEIGHT="33" WC="0.97" CONTENT="del"/><SP WIDTH="20" VPOS="620" HPOS="1756"/>
							<String ID="string_204" HPOS="1776" VPOS="621" WIDTH="109" HEIGHT="40" WC="0.96" CONTENT="någon"/><SP WIDTH="17" VPOS="621" HPOS="1885"/>
							<String ID="string_205" HPOS="1902" VPOS="631" WIDTH="42" HEIGHT="30" WC="0.96" CONTENT="ny"/>
						</TextLine>
						<TextLine ID="line_44" HPOS="1343" VPOS="671" WIDTH="601" HEIGHT="42">
							<String ID="string_206" HPOS="1343" VPOS="674" WIDTH="53" HEIGHT="39" WC="0.96" CONTENT="lag"/><SP WIDTH="32" VPOS="674" HPOS="1396"/>
							<String ID="string_207" HPOS="1428" VPOS="673" WIDTH="81" HEIGHT="32" WC="0.96" CONTENT="eller"/><SP WIDTH="26" VPOS="673" HPOS="1509"/>
							<String ID="string_208" HPOS="1535" VPOS="672" WIDTH="142" HEIGHT="40" WC="0.95" CONTENT="gammal"/><SP WIDTH="28" VPOS="672" HPOS="1677"/>
							<String ID="string_209" HPOS="1705" VPOS="672" WIDTH="72" HEIGHT="41" WC="0.93" CONTENT="lags"/><SP WIDTH="28" VPOS="672" HPOS="1777"/>
							<String ID="string_210" HPOS="1805" VPOS="671" WIDTH="139" HEIGHT="41" WC="0.92" CONTENT="upphäf-"/>
						</TextLine>
						<TextLine ID="line_45" HPOS="1344" VPOS="722" WIDTH="601" HEIGHT="40">
							<String ID="string_211" HPOS="1344" VPOS="723" WIDTH="104" HEIGHT="32" WC="0.96" CONTENT="vande"/><SP WIDTH="21" VPOS="723" HPOS="1448"/>
							<String ID="string_212" HPOS="1469" VPOS="723" WIDTH="81" HEIGHT="31" WC="0.96" CONTENT="eller"/><SP WIDTH="16" VPOS="723" HPOS="1550"/>
							<String ID="string_213" HPOS="1566" VPOS="722" WIDTH="202" HEIGHT="40" WC="0.92" CONTENT="förändring,"/><SP WIDTH="18" VPOS="722" HPOS="1768"/>
							<String ID="string_214" HPOS="1786" VPOS="722" WIDTH="159" HEIGHT="31" WC="0.90" CONTENT="aflemnas"/>
						</TextLine>
						<TextLine ID="line_46" HPOS="1343" VPOS="773" WIDTH="604" HEIGHT="44">
							<String ID="string_215" HPOS="1343" VPOS="774" WIDTH="125" HEIGHT="41" WC="0.96" CONTENT="förslag"/><SP WIDTH="39" VPOS="774" HPOS="1468"/>
							<String ID="string_216" HPOS="1507" VPOS="774" WIDTH="114" HEIGHT="43" WC="0.96" CONTENT="derom"/><SP WIDTH="41" VPOS="774" HPOS="1621"/>
							<String ID="string_217" HPOS="1662" VPOS="773" WIDTH="49" HEIGHT="33" WC="0.94" CONTENT="till"/><SP WIDTH="37" VPOS="773" HPOS="1711"/>
							<String ID="string_218" HPOS="1748" VPOS="774" WIDTH="199" HEIGHT="40" WC="0.94" CONTENT="Konungen,"/>
						</TextLine>
						<TextLine ID="line_47" HPOS="1345" VPOS="824" WIDTH="600" HEIGHT="35">
							<String ID="string_219" HPOS="1345" VPOS="838" WIDTH="69" HEIGHT="21" WC="0.93" CONTENT="som"/><SP WIDTH="39" VPOS="838" HPOS="1414"/>
							<String ID="string_220" HPOS="1453" VPOS="826" WIDTH="146" HEIGHT="32" WC="0.92" CONTENT="inhemte"/><SP WIDTH="40" VPOS="826" HPOS="1599"/>
							<String ID="string_221" HPOS="1639" VPOS="825" WIDTH="206" HEIGHT="33" WC="0.94" CONTENT="Statsrådets"/><SP WIDTH="38" VPOS="825" HPOS="1845"/>
							<String ID="string_222" HPOS="1883" VPOS="824" WIDTH="62" HEIGHT="32" WC="0.96" CONTENT="och"/>
						</TextLine>
						<TextLine ID="line_48" HPOS="1343" VPOS="875" WIDTH="603" HEIGHT="43">
							<String ID="string_223" HPOS="1343" VPOS="878" WIDTH="132" HEIGHT="40" WC="0.96" CONTENT="Högsta"/><SP WIDTH="24" VPOS="878" HPOS="1475"/>
							<String ID="string_224" HPOS="1499" VPOS="876" WIDTH="202" HEIGHT="33" WC="0.96" CONTENT="domstolens"/><SP WIDTH="24" VPOS="876" HPOS="1701"/>
							<String ID="string_225" HPOS="1725" VPOS="876" WIDTH="120" HEIGHT="32" WC="0.93" CONTENT="tankar"/><SP WIDTH="28" VPOS="876" HPOS="1845"/>
							<String ID="string_226" HPOS="1873" VPOS="875" WIDTH="73" HEIGHT="32" WC="0.92" CONTENT="der-"/>
						</TextLine>
						<TextLine ID="line_49" HPOS="1346" VPOS="925" WIDTH="600" HEIGHT="43">
							<String ID="string_227" HPOS="1346" VPOS="930" WIDTH="101" HEIGHT="37" WC="0.96" CONTENT="öfver,"/><SP WIDTH="24" VPOS="930" HPOS="1447"/>
							<String ID="string_228" HPOS="1471" VPOS="928" WIDTH="72" HEIGHT="40" WC="0.95" CONTENT="och,"/><SP WIDTH="31" VPOS="928" HPOS="1543"/>
							<String ID="string_229" HPOS="1574" VPOS="928" WIDTH="102" HEIGHT="33" WC="0.96" CONTENT="sedan"/><SP WIDTH="28" VPOS="928" HPOS="1676"/>
							<String ID="string_230" HPOS="1704" VPOS="928" WIDTH="74" HEIGHT="32" WC="0.96" CONTENT="Han"/><SP WIDTH="24" VPOS="928" HPOS="1778"/>
							<String ID="string_231" HPOS="1802" VPOS="927" WIDTH="62" HEIGHT="33" WC="0.93" CONTENT="Sitt"/><SP WIDTH="24" VPOS="927" HPOS="1864"/>
							<String ID="string_232" HPOS="1888" VPOS="925" WIDTH="58" HEIGHT="34" WC="0.91" CONTENT="be-"/>
						</TextLine>
						<TextLine ID="line_50" HPOS="1345" VPOS="978" WIDTH="600" HEIGHT="41">
							<String ID="string_233" HPOS="1345" VPOS="981" WIDTH="66" HEIGHT="32" WC="0.96" CONTENT="slut"/><SP WIDTH="28" VPOS="981" HPOS="1411"/>
							<String ID="string_234" HPOS="1439" VPOS="980" WIDTH="109" HEIGHT="39" WC="0.93" CONTENT="fattat,"/><SP WIDTH="32" VPOS="980" HPOS="1548"/>
							<String ID="string_235" HPOS="1580" VPOS="979" WIDTH="152" HEIGHT="33" WC="0.91" CONTENT="meddele"/><SP WIDTH="24" VPOS="979" HPOS="1732"/>
							<String ID="string_236" HPOS="1756" VPOS="978" WIDTH="189" HEIGHT="40" WC="0.96" CONTENT="Riksdagen"/>
						</TextLine>
						<TextLine ID="line_51" HPOS="1345" VPOS="1029" WIDTH="601" HEIGHT="44">
							<String ID="string_237" HPOS="1345" VPOS="1032" WIDTH="159" HEIGHT="41" WC="0.96" CONTENT="antingen"/><SP WIDTH="24" VPOS="1032" HPOS="1504"/>
							<String ID="string_238" HPOS="1528" VPOS="1031" WIDTH="64" HEIGHT="33" WC="0.96" CONTENT="Sitt"/><SP WIDTH="22" VPOS="1031" HPOS="1592"/>
							<String ID="string_239" HPOS="1614" VPOS="1030" WIDTH="168" HEIGHT="43" WC="0.94" CONTENT="samtycke"/><SP WIDTH="22" VPOS="1030" HPOS="1782"/>
							<String ID="string_240" HPOS="1804" VPOS="1030" WIDTH="48" HEIGHT="32" WC="0.96" CONTENT="till"/><SP WIDTH="17" VPOS="1030" HPOS="1852"/>
							<String ID="string_241" HPOS="1869" VPOS="1029" WIDTH="77" HEIGHT="33" WC="0.96" CONTENT="dess"/>
						</TextLine>
						<TextLine ID="line_52" HPOS="1345" VPOS="1081" WIDTH="603" HEIGHT="36">
							<String ID="string_242" HPOS="1345" VPOS="1083" WIDTH="165" HEIGHT="34" WC="0.91" CONTENT="åstundan"/><SP WIDTH="25" VPOS="1083" HPOS="1510"/>
							<String ID="string_243" HPOS="1535" VPOS="1083" WIDTH="82" HEIGHT="33" WC="0.96" CONTENT="eller"/><SP WIDTH="24" VPOS="1083" HPOS="1617"/>
							<String ID="string_244" HPOS="1641" VPOS="1082" WIDTH="78" HEIGHT="33" WC="0.96" CONTENT="Sina"/><SP WIDTH="21" VPOS="1082" HPOS="1719"/>
							<String ID="string_245" HPOS="1740" VPOS="1081" WIDTH="71" HEIGHT="33" WC="0.96" CONTENT="skäl"/><SP WIDTH="17" VPOS="1081" HPOS="1811"/>
							<String ID="string_246" HPOS="1828" VPOS="1084" WIDTH="48" HEIGHT="30" WC="0.95" CONTENT="att"/><SP WIDTH="15" VPOS="1084" HPOS="1876"/>
							<String ID="string_247" HPOS="1891" VPOS="1081" WIDTH="57" HEIGHT="32" WC="0.96" CONTENT="det"/>
						</TextLine>
						<TextLine ID="line_53" HPOS="1346" VPOS="1133" WIDTH="600" HEIGHT="44">
							<String ID="string_248" HPOS="1346" VPOS="1139" WIDTH="109" HEIGHT="38" WC="0.93" CONTENT="vägra."/><SP WIDTH="40" VPOS="1139" HPOS="1455"/>
							<String ID="string_249" HPOS="1495" VPOS="1135" WIDTH="71" HEIGHT="32" WC="0.96" CONTENT="Kan"/><SP WIDTH="15" VPOS="1135" HPOS="1566"/>
							<String ID="string_250" HPOS="1581" VPOS="1135" WIDTH="186" HEIGHT="40" WC="0.96" CONTENT="Konungen"/><SP WIDTH="13" VPOS="1135" HPOS="1767"/>
							<String ID="string_251" HPOS="1780" VPOS="1133" WIDTH="71" HEIGHT="32" WC="0.96" CONTENT="icke"/><SP WIDTH="16" VPOS="1133" HPOS="1851"/>
							<String ID="string_252" HPOS="1867" VPOS="1133" WIDTH="79" HEIGHT="39" WC="0.96" CONTENT="förr,"/>
						</TextLine>
						<TextLine ID="line_54" HPOS="1346" VPOS="1183" WIDTH="600" HEIGHT="43">
							<String ID="string_253" HPOS="1346" VPOS="1191" WIDTH="42" HEIGHT="27" WC="0.96" CONTENT="än"/><SP WIDTH="16" VPOS="1191" HPOS="1388"/>
							<String ID="string_254" HPOS="1404" VPOS="1186" WIDTH="192" HEIGHT="40" WC="0.91" CONTENT="Riksdagen"/><SP WIDTH="15" VPOS="1186" HPOS="1596"/>
							<String ID="string_255" HPOS="1611" VPOS="1185" WIDTH="160" HEIGHT="41" WC="0.91" CONTENT="åtskiljes,"/><SP WIDTH="14" VPOS="1185" HPOS="1771"/>
							<String ID="string_256" HPOS="1785" VPOS="1185" WIDTH="84" HEIGHT="31" WC="0.96" CONTENT="fatta"/><SP WIDTH="14" VPOS="1185" HPOS="1869"/>
							<String ID="string_257" HPOS="1883" VPOS="1183" WIDTH="63" HEIGHT="32" WC="0.96" CONTENT="och"/>
						</TextLine>
						<TextLine ID="line_55" HPOS="1345" VPOS="1235" WIDTH="601" HEIGHT="40">
							<String ID="string_258" HPOS="1345" VPOS="1237" WIDTH="156" HEIGHT="33" WC="0.96" CONTENT="meddela"/><SP WIDTH="30" VPOS="1237" HPOS="1501"/>
							<String ID="string_259" HPOS="1531" VPOS="1236" WIDTH="63" HEIGHT="33" WC="0.92" CONTENT="Sitt"/><SP WIDTH="28" VPOS="1236" HPOS="1594"/>
							<String ID="string_260" HPOS="1622" VPOS="1236" WIDTH="120" HEIGHT="39" WC="0.96" CONTENT="beslut,"/><SP WIDTH="30" VPOS="1236" HPOS="1742"/>
							<String ID="string_261" HPOS="1772" VPOS="1246" WIDTH="76" HEIGHT="22" WC="0.96" CONTENT="vare"/><SP WIDTH="24" VPOS="1246" HPOS="1848"/>
							<String ID="string_262" HPOS="1872" VPOS="1235" WIDTH="74" HEIGHT="32" WC="0.96" CONTENT="Han"/>
						</TextLine>
						<TextLine ID="line_56" HPOS="1347" VPOS="1286" WIDTH="601" HEIGHT="42">
							<String ID="string_263" HPOS="1347" VPOS="1288" WIDTH="218" HEIGHT="34" WC="0.92" CONTENT="oförhindrad"/><SP WIDTH="24" VPOS="1288" HPOS="1565"/>
							<String ID="string_264" HPOS="1589" VPOS="1291" WIDTH="49" HEIGHT="29" WC="0.96" CONTENT="att"/><SP WIDTH="22" VPOS="1291" HPOS="1638"/>
							<String ID="string_265" HPOS="1660" VPOS="1288" WIDTH="71" HEIGHT="32" WC="0.93" CONTENT="före"/><SP WIDTH="20" VPOS="1288" HPOS="1731"/>
							<String ID="string_266" HPOS="1751" VPOS="1286" WIDTH="197" HEIGHT="42" WC="0.91" CONTENT="nästföljan-"/>
						</TextLine>
						<TextLine ID="line_57" HPOS="1347" VPOS="1338" WIDTH="603" HEIGHT="43">
							<String ID="string_267" HPOS="1347" VPOS="1341" WIDTH="39" HEIGHT="32" WC="0.96" CONTENT="de"/><SP WIDTH="23" VPOS="1341" HPOS="1386"/>
							<String ID="string_268" HPOS="1409" VPOS="1340" WIDTH="152" HEIGHT="40" WC="0.96" CONTENT="riksdags"/><SP WIDTH="25" VPOS="1340" HPOS="1561"/>
							<String ID="string_269" HPOS="1586" VPOS="1339" WIDTH="176" HEIGHT="42" WC="0.96" CONTENT="öppnande"/><SP WIDTH="24" VPOS="1339" HPOS="1762"/>
							<String ID="string_270" HPOS="1786" VPOS="1338" WIDTH="164" HEIGHT="40" WC="0.96" CONTENT="förslaget"/>
						</TextLine>
						<TextLine ID="line_58" HPOS="1346" VPOS="1389" WIDTH="604" HEIGHT="43">
							<String ID="string_271" HPOS="1346" VPOS="1391" WIDTH="180" HEIGHT="41" WC="0.95" CONTENT="ordagrant"/><SP WIDTH="40" VPOS="1391" HPOS="1526"/>
							<String ID="string_272" HPOS="1566" VPOS="1390" WIDTH="116" HEIGHT="33" WC="0.95" CONTENT="bifalla"/><SP WIDTH="40" VPOS="1390" HPOS="1682"/>
							<String ID="string_273" HPOS="1722" VPOS="1389" WIDTH="63" HEIGHT="33" WC="0.96" CONTENT="och"/><SP WIDTH="42" VPOS="1389" HPOS="1785"/>
							<String ID="string_274" HPOS="1827" VPOS="1389" WIDTH="123" HEIGHT="32" WC="0.81" CONTENT="allmän"/>
						</TextLine>
						<TextLine ID="line_59" HPOS="1346" VPOS="1439" WIDTH="604" HEIGHT="45">
							<String ID="string_275" HPOS="1346" VPOS="1442" WIDTH="199" HEIGHT="42" WC="0.96" CONTENT="kungörelse"/><SP WIDTH="17" VPOS="1442" HPOS="1545"/>
							<String ID="string_276" HPOS="1562" VPOS="1442" WIDTH="115" HEIGHT="33" WC="0.96" CONTENT="derom"/><SP WIDTH="13" VPOS="1442" HPOS="1677"/>
							<String ID="string_277" HPOS="1690" VPOS="1440" WIDTH="142" HEIGHT="33" WC="0.96" CONTENT="utfärda."/><SP WIDTH="36" VPOS="1440" HPOS="1832"/>
							<String ID="string_278" HPOS="1868" VPOS="1439" WIDTH="82" HEIGHT="33" WC="0.91" CONTENT="Sker"/>
						</TextLine>
						<TextLine ID="line_60" HPOS="1348" VPOS="1491" WIDTH="603" HEIGHT="45">
							<String ID="string_279" HPOS="1348" VPOS="1495" WIDTH="56" HEIGHT="31" WC="0.96" CONTENT="det"/><SP WIDTH="38" VPOS="1495" HPOS="1404"/>
							<String ID="string_280" HPOS="1442" VPOS="1494" WIDTH="41" HEIGHT="42" WC="0.96" CONTENT="ej,"/><SP WIDTH="36" VPOS="1494" HPOS="1483"/>
							<String ID="string_281" HPOS="1519" VPOS="1504" WIDTH="98" HEIGHT="22" WC="0.95" CONTENT="anses"/><SP WIDTH="39" VPOS="1504" HPOS="1617"/>
							<String ID="string_282" HPOS="1656" VPOS="1493" WIDTH="160" HEIGHT="40" WC="0.96" CONTENT="förslaget"/><SP WIDTH="36" VPOS="1493" HPOS="1816"/>
							<String ID="string_283" HPOS="1852" VPOS="1491" WIDTH="99" HEIGHT="33" WC="0.96" CONTENT="hafva"/>
						</TextLine>
						<TextLine ID="line_61" HPOS="1348" VPOS="1542" WIDTH="603" HEIGHT="43">
							<String ID="string_284" HPOS="1348" VPOS="1545" WIDTH="146" HEIGHT="39" WC="0.95" CONTENT="förfallit,"/><SP WIDTH="29" VPOS="1545" HPOS="1494"/>
							<String ID="string_285" HPOS="1523" VPOS="1545" WIDTH="63" HEIGHT="31" WC="0.95" CONTENT="och"/><SP WIDTH="28" VPOS="1545" HPOS="1586"/>
							<String ID="string_286" HPOS="1614" VPOS="1545" WIDTH="186" HEIGHT="40" WC="0.91" CONTENT="Konungen"/><SP WIDTH="31" VPOS="1545" HPOS="1800"/>
							<String ID="string_287" HPOS="1831" VPOS="1542" WIDTH="120" HEIGHT="32" WC="0.91" CONTENT="under-"/>
						</TextLine>
						<TextLine ID="line_62" HPOS="1347" VPOS="1593" WIDTH="604" HEIGHT="43">
							<String ID="string_288" HPOS="1347" VPOS="1599" WIDTH="87" HEIGHT="30" WC="0.96" CONTENT="rätte"/><SP WIDTH="40" VPOS="1599" HPOS="1434"/>
							<String ID="string_289" HPOS="1474" VPOS="1596" WIDTH="42" HEIGHT="32" WC="0.96" CONTENT="då"/><SP WIDTH="38" VPOS="1596" HPOS="1516"/>
							<String ID="string_290" HPOS="1554" VPOS="1595" WIDTH="192" HEIGHT="41" WC="0.96" CONTENT="Riksdagen"/><SP WIDTH="38" VPOS="1595" HPOS="1746"/>
							<String ID="string_291" HPOS="1784" VPOS="1594" WIDTH="54" HEIGHT="32" WC="0.96" CONTENT="vid"/><SP WIDTH="38" VPOS="1594" HPOS="1838"/>
							<String ID="string_292" HPOS="1876" VPOS="1593" WIDTH="75" HEIGHT="32" WC="0.96" CONTENT="dess"/>
						</TextLine>
						<TextLine ID="line_63" HPOS="1348" VPOS="1645" WIDTH="603" HEIGHT="38">
							<String ID="string_293" HPOS="1348" VPOS="1651" WIDTH="95" HEIGHT="29" WC="0.96" CONTENT="nästa"/><SP WIDTH="23" VPOS="1651" HPOS="1443"/>
							<String ID="string_294" HPOS="1466" VPOS="1647" WIDTH="257" HEIGHT="33" WC="0.95" CONTENT="sammankomst"/><SP WIDTH="19" VPOS="1647" HPOS="1723"/>
							<String ID="string_295" HPOS="1742" VPOS="1657" WIDTH="52" HEIGHT="21" WC="0.95" CONTENT="om"/><SP WIDTH="18" VPOS="1657" HPOS="1794"/>
							<String ID="string_296" HPOS="1812" VPOS="1645" WIDTH="40" HEIGHT="32" WC="0.96" CONTENT="de"/><SP WIDTH="17" VPOS="1645" HPOS="1852"/>
							<String ID="string_297" HPOS="1869" VPOS="1645" WIDTH="82" HEIGHT="38" WC="0.96" CONTENT="skäl,"/>
						</TextLine>
						<TextLine ID="line_64" HPOS="1349" VPOS="1698" WIDTH="603" HEIGHT="40">
							<String ID="string_298" HPOS="1349" VPOS="1710" WIDTH="71" HEIGHT="22" WC="0.96" CONTENT="som"/><SP WIDTH="18" VPOS="1710" HPOS="1420"/>
							<String ID="string_299" HPOS="1438" VPOS="1698" WIDTH="136" HEIGHT="33" WC="0.96" CONTENT="hindrat"/><SP WIDTH="18" VPOS="1698" HPOS="1574"/>
							<String ID="string_300" HPOS="1592" VPOS="1698" WIDTH="181" HEIGHT="40" WC="0.92" CONTENT="förslagets"/><SP WIDTH="17" VPOS="1698" HPOS="1773"/>
							<String ID="string_301" HPOS="1790" VPOS="1699" WIDTH="162" HEIGHT="38" WC="0.90" CONTENT="antagan-"/>
						</TextLine>
						<TextLine ID="line_65" HPOS="1350" VPOS="1747" WIDTH="602" HEIGHT="42">
							<String ID="string_302" HPOS="1350" VPOS="1750" WIDTH="50" HEIGHT="32" WC="0.92" CONTENT="de."/><SP WIDTH="45" VPOS="1750" HPOS="1400"/>
							<String ID="string_303" HPOS="1445" VPOS="1750" WIDTH="124" HEIGHT="32" WC="0.96" CONTENT="Finner"/><SP WIDTH="22" VPOS="1750" HPOS="1569"/>
							<String ID="string_304" HPOS="1591" VPOS="1749" WIDTH="186" HEIGHT="40" WC="0.96" CONTENT="Konungen"/><SP WIDTH="21" VPOS="1749" HPOS="1777"/>
							<String ID="string_305" HPOS="1798" VPOS="1747" WIDTH="82" HEIGHT="42" WC="0.93" CONTENT="godt"/><SP WIDTH="14" VPOS="1747" HPOS="1880"/>
							<String ID="string_306" HPOS="1894" VPOS="1748" WIDTH="58" HEIGHT="31" WC="0.92" CONTENT="nå-"/>
						</TextLine>
						<TextLine ID="line_66" HPOS="1350" VPOS="1798" WIDTH="602" HEIGHT="45">
							<String ID="string_307" HPOS="1350" VPOS="1812" WIDTH="64" HEIGHT="31" WC="0.93" CONTENT="gon"/><SP WIDTH="13" VPOS="1812" HPOS="1414"/>
							<String ID="string_308" HPOS="1427" VPOS="1801" WIDTH="150" HEIGHT="41" WC="0.91" CONTENT="lagfråga"/><SP WIDTH="12" VPOS="1801" HPOS="1577"/>
							<String ID="string_309" HPOS="1589" VPOS="1800" WIDTH="51" HEIGHT="32" WC="0.96" CONTENT="för"/><SP WIDTH="11" VPOS="1800" HPOS="1640"/>
							<String ID="string_310" HPOS="1651" VPOS="1799" WIDTH="193" HEIGHT="41" WC="0.93" CONTENT="Riksdagen"/><SP WIDTH="10" VPOS="1799" HPOS="1844"/>
							<String ID="string_311" HPOS="1854" VPOS="1798" WIDTH="98" HEIGHT="33" WC="0.91" CONTENT="fram-"/>
						</TextLine>
						<TextLine ID="line_67" HPOS="1350" VPOS="1849" WIDTH="603" HEIGHT="43">
							<String ID="string_312" HPOS="1350" VPOS="1852" WIDTH="109" HEIGHT="40" WC="0.93" CONTENT="ställa,"/><SP WIDTH="26" VPOS="1852" HPOS="1459"/>
							<String ID="string_313" HPOS="1485" VPOS="1852" WIDTH="78" HEIGHT="32" WC="0.93" CONTENT="äske"/><SP WIDTH="15" VPOS="1852" HPOS="1563"/>
							<String ID="string_314" HPOS="1578" VPOS="1851" WIDTH="76" HEIGHT="33" WC="0.96" CONTENT="Han"/><SP WIDTH="16" VPOS="1851" HPOS="1654"/>
							<String ID="string_315" HPOS="1670" VPOS="1850" WIDTH="207" HEIGHT="34" WC="0.96" CONTENT="Statsrådets"/><SP WIDTH="15" VPOS="1850" HPOS="1877"/>
							<String ID="string_316" HPOS="1892" VPOS="1849" WIDTH="61" HEIGHT="32" WC="0.96" CONTENT="och"/>
						</TextLine>
						<TextLine ID="line_68" HPOS="1350" VPOS="1900" WIDTH="604" HEIGHT="45">
							<String ID="string_317" HPOS="1350" VPOS="1904" WIDTH="132" HEIGHT="41" WC="0.96" CONTENT="Högsta"/><SP WIDTH="15" VPOS="1904" HPOS="1482"/>
							<String ID="string_318" HPOS="1497" VPOS="1903" WIDTH="202" HEIGHT="32" WC="0.96" CONTENT="domstolens"/><SP WIDTH="11" VPOS="1903" HPOS="1699"/>
							<String ID="string_319" HPOS="1710" VPOS="1901" WIDTH="154" HEIGHT="43" WC="0.93" CONTENT="yttrande"/><SP WIDTH="16" VPOS="1901" HPOS="1864"/>
							<String ID="string_320" HPOS="1880" VPOS="1900" WIDTH="74" HEIGHT="33" WC="0.92" CONTENT="der-"/>
						</TextLine>
						<TextLine ID="line_69" HPOS="1352" VPOS="1953" WIDTH="602" HEIGHT="41">
							<String ID="string_321" HPOS="1352" VPOS="1955" WIDTH="100" HEIGHT="39" WC="0.96" CONTENT="öfver,"/><SP WIDTH="25" VPOS="1955" HPOS="1452"/>
							<String ID="string_322" HPOS="1477" VPOS="1957" WIDTH="85" HEIGHT="30" WC="0.93" CONTENT="samt"/><SP WIDTH="22" VPOS="1957" HPOS="1562"/>
							<String ID="string_323" HPOS="1584" VPOS="1953" WIDTH="149" HEIGHT="33" WC="0.92" CONTENT="meddele"/><SP WIDTH="26" VPOS="1953" HPOS="1733"/>
							<String ID="string_324" HPOS="1759" VPOS="1953" WIDTH="55" HEIGHT="32" WC="0.93" CONTENT="Sin"/><SP WIDTH="19" VPOS="1953" HPOS="1814"/>
							<String ID="string_325" HPOS="1833" VPOS="1962" WIDTH="121" HEIGHT="32" WC="0.91" CONTENT="propo-"/>
						</TextLine>
						<TextLine ID="line_70" HPOS="1351" VPOS="2003" WIDTH="602" HEIGHT="43">
							<String ID="string_326" HPOS="1351" VPOS="2007" WIDTH="100" HEIGHT="32" WC="0.90" CONTENT="sition"/><SP WIDTH="33" VPOS="2007" HPOS="1451"/>
							<String ID="string_327" HPOS="1484" VPOS="2005" WIDTH="108" HEIGHT="33" WC="0.96" CONTENT="tillika"/><SP WIDTH="29" VPOS="2005" HPOS="1592"/>
							<String ID="string_328" HPOS="1621" VPOS="2005" WIDTH="74" HEIGHT="32" WC="0.96" CONTENT="med"/><SP WIDTH="27" VPOS="2005" HPOS="1695"/>
							<String ID="string_329" HPOS="1722" VPOS="2003" WIDTH="144" HEIGHT="34" WC="0.93" CONTENT="berörda"/><SP WIDTH="22" VPOS="2003" HPOS="1866"/>
							<String ID="string_330" HPOS="1888" VPOS="2006" WIDTH="65" HEIGHT="40" WC="0.92" CONTENT="ytt-"/>
						</TextLine>
						<TextLine ID="line_71" HPOS="1352" VPOS="2054" WIDTH="603" HEIGHT="44">
							<String ID="string_331" HPOS="1352" VPOS="2058" WIDTH="126" HEIGHT="33" WC="0.95" CONTENT="randen"/><SP WIDTH="23" VPOS="2058" HPOS="1478"/>
							<String ID="string_332" HPOS="1501" VPOS="2059" WIDTH="34" HEIGHT="31" WC="0.96" CONTENT="åt"/><SP WIDTH="23" VPOS="2059" HPOS="1535"/>
							<String ID="string_333" HPOS="1558" VPOS="2057" WIDTH="203" HEIGHT="41" WC="0.96" CONTENT="Riksdagen,"/><SP WIDTH="24" VPOS="2057" HPOS="1761"/>
							<String ID="string_334" HPOS="1785" VPOS="2066" WIDTH="71" HEIGHT="22" WC="0.95" CONTENT="som"/><SP WIDTH="23" VPOS="2066" HPOS="1856"/>
							<String ID="string_335" HPOS="1879" VPOS="2054" WIDTH="76" HEIGHT="33" WC="0.96" CONTENT="med"/>
						</TextLine>
						<TextLine ID="line_72" HPOS="1351" VPOS="2107" WIDTH="604" HEIGHT="43">
							<String ID="string_336" HPOS="1351" VPOS="2110" WIDTH="118" HEIGHT="40" WC="0.95" CONTENT="frågan"/><SP WIDTH="37" VPOS="2110" HPOS="1469"/>
							<String ID="string_337" HPOS="1506" VPOS="2108" WIDTH="113" HEIGHT="33" WC="0.91" CONTENT="vidare"/><SP WIDTH="36" VPOS="2108" HPOS="1619"/>
							<String ID="string_338" HPOS="1655" VPOS="2108" WIDTH="112" HEIGHT="38" WC="0.91" CONTENT="förfar,"/><SP WIDTH="34" VPOS="2108" HPOS="1767"/>
							<String ID="string_339" HPOS="1801" VPOS="2108" WIDTH="110" HEIGHT="31" WC="0.96" CONTENT="såsom"/><SP WIDTH="34" VPOS="2108" HPOS="1911"/>
							<String ID="string_340" HPOS="1945" VPOS="2107" WIDTH="10" HEIGHT="31" WC="0.87" CONTENT="i"/>
						</TextLine>
						<TextLine ID="line_73" HPOS="1353" VPOS="2160" WIDTH="458" HEIGHT="42">
							<String ID="string_341" HPOS="1353" VPOS="2160" WIDTH="351" HEIGHT="42" WC="0.92" CONTENT="Riksdagsordningen"/><SP WIDTH="23" VPOS="2160" HPOS="1704"/>
							<String ID="string_342" HPOS="1727" VPOS="2161" WIDTH="84" HEIGHT="39" WC="0.96" CONTENT="sägs."/>
						</TextLine>
					</TextBlock>
				</ComposedBlock>
			</PrintSpace>
		</Page>
	</Layout>
</alto>
