1882 2804
265 124 42 31 24
723 133 274 32 Statsutskottets
1023 136 175 32 utlåtande
1222 148 43 21 nr
1290 140 69 30 207.

268 212 51 31 till
337 212 418 39 forskningsverksamhet
772 227 43 21 av
835 218 63 30 här
917 218 264 38 ifrågavarande
1200 223 74 37 slag
1291 223 81 31 eller
1388 234 57 22 om
1462 234 42 21 en
1522 226 95 36 dylik
1635 226 138 38 uppgift

267 272 100 22 anses
384 264 83 32 böra
485 264 173 32 anförtros
676 266 34 31 åt
727 269 423 38 vetenskapsakademien,
1167 275 184 30 eventuellt
1367 283 125 28 genom
1508 275 105 38 något
1631 286 42 21 av
1690 278 81 30 aka-

267 313 137 31 demien
418 314 55 31 för
489 316 197 31 ändamålet
700 318 121 31 tillsatt
838 320 137 30 särskilt
991 328 118 30 organ.

312 363 116 32 Under
448 364 220 38 åberopande
690 378 42 21 av
752 369 68 30 vad
841 369 146 32 sålunda
1007 371 134 32 anförts
1162 373 200 33 hemställer
1379 372 176 45 utskottet,

620 454 48 29 att
694 452 185 37 riksdagen
907 453 66 36 må,
1002 455 11 29 i
1042 456 185 37 anledning
1257 467 43 21 av
1327 459 217 33 motionerna
1571 461 106 31 1:238
1704 462 66 30 och

575 500 43 31 II:
634 502 72 38 357,
726 503 11 30 i
758 503 163 31 skrivelse
940 504 52 31 till
1013 505 123 38 Kungl.
1158 506 102 37 Maj:t
1282 508 148 37 anhålla,
1453 513 48 27 att
1524 511 122 36 Kungl.
1668 512 103 36 Maj:t

574 551 104 32 måtte
700 552 70 32 låta
796 555 185 31 verkställa
1004 557 184 37 utredning
1213 559 11 29 i
1248 568 44 21 av
1316 560 164 31 utskottet
1504 570 90 22 ovan
1621 563 148 36 angivna

573 604 211 30 avseeenden
808 610 89 27 samt
916 605 56 31 för
993 606 185 38 riksdagen
1199 608 191 38 framlägga
1413 611 56 30 det
1491 611 139 38 förslag,
1656 613 113 31 vartill

573 654 227 37 utredningen
823 655 57 31 må
901 656 78 37 giva
1002 658 195 37 anledning.

310 750 198 32 Stockholm
532 753 66 29 den
625 755 36 29 15
684 754 76 36 juni
786 756 93 30 1944.

759 854 48 31 På
830 857 267 31 statsutskottets
1119 859 142 36 vägnar:

811 955 28 31 J.
871 956 37 30 B.
939 956 272 36 JOHANSSON.

288 1249 198 26 Närvarande:
506 1258 30 17 se
555 1252 91 24 under
664 1252 160 26 utlåtandet
843 1262 33 16 nr
896 1255 58 24 206.

469 2435 109 22 448131.
623 2435 173 30 Stockholm,
811 2419 84 41 Isaac
914 2436 113 25 Marcus
1047 2437 375 33 Boktryckeri-Aktiebolag.
1445 2438 75 25 1944.
