1902 2840
252 164 41 32 32
741 168 230 29 Statsutskottets
993 170 148 28 utlåtande
1164 170 47 28 Nr
1233 168 29 32 5.

307 240 84 42 65:0)
420 242 356 41 Skyddsuppfostran.
808 243 18 31 I
850 243 151 42 enlighet
1024 244 78 32 med
1125 244 125 42 Kungl.
1276 245 116 41 Maj:ts
1416 245 126 42 förslag
1565 245 120 42 (punkt
1706 246 49 39 71,

252 291 64 31 sid.
343 292 60 30 146
427 292 63 31 och
516 291 70 42 147)
609 293 63 31 och
695 293 110 32 under
829 293 143 39 erinran,
997 297 50 29 att
1070 295 52 31 för
1144 295 256 41 ifrågavarande
1423 296 157 31 ändamål
1595 297 53 31 för
1663 296 93 32 inne-

251 342 147 31 varande
421 342 168 41 budgetår
611 343 151 32 anvisats
785 344 136 38 560,000
942 345 136 38 kronor,
1103 345 50 31 får
1175 346 171 31 utskottet
1368 346 188 38 hemställa,

572 421 49 29 att
653 419 185 42 riksdagen
861 422 53 29 må
937 421 52 31 till
1015 421 321 42 Skyddsuppfostran
1359 423 52 30 för
1434 422 202 42 budgetåret
1660 424 96 38 1935/

522 470 80 31 1936
625 469 117 32 anvisa
762 472 50 29 ett
835 471 267 42 förslagsanslag
1124 483 40 20 av
1187 473 137 38 610,000
1346 473 134 31 kronor.

303 562 84 41 66:0)
430 563 241 41 Inspektions-
705 565 66 31 och
799 565 354 41 upplysningsarbete
1180 567 79 31 med
1294 567 171 32 avseende
1498 570 21 29 å
1542 568 211 40 spädbarns-

250 614 66 31 och
354 614 317 41 förlossningshem.
717 614 50 31 På
800 615 110 41 grund
943 626 40 20 av
1017 615 126 42 Kungl.
1178 616 117 41 Maj:ts
1322 617 128 41 förslag
1472 616 121 42 (punkt
1616 618 48 37 72,
1689 617 64 31 sid.

252 663 185 42 147—149),
472 664 106 32 vilket
603 665 12 31 i
637 665 214 32 förhållande
875 665 51 31 till
950 666 42 31 de
1016 666 121 39 medel,
1162 678 73 20 som
1259 667 53 31 för
1334 667 230 32 innevarande
1587 668 168 42 budgetår

250 714 184 33 beräknats
467 716 53 31 för
542 716 254 41 ifrågavarande
820 716 166 39 ändamål,
1010 717 145 31 innebär
1178 728 40 20 en
1243 717 200 42 minskning
1465 718 78 32 med
1569 719 91 37 1,200
1682 719 73 31 kro-

250 776 73 27 nor,
347 765 200 33 hemställer
570 767 177 39 utskottet,

561 845 49 29 att
642 843 184 41 riksdagen
860 845 54 29 må
946 844 54 31 till
1029 844 215 41 Inspektions-
1268 844 55 32 och
1345 845 318 41 upplysningsarbete
1686 847 69 30 med

516 895 152 31 avseende
693 896 20 29 å
739 894 191 40 spådbarns-
963 894 54 32 och
1036 894 291 41 förlossningshem
1357 896 52 30 för
1431 896 203 40 budgetåret
1658 896 95 40 1935/

520 945 80 31 1936
623 944 117 32 anvisa
763 946 51 30 ett
836 945 269 42 förslagsanslag
1127 957 40 20 av
1190 946 95 38 3,000
1307 946 134 31 kronor.

457 1143 364 40 Medicinalstaten
849 1147 107 37 samt
983 1144 128 40 hälso-
1140 1146 73 38 och
1242 1145 263 49 sjukvården.

299 1228 84 41 67:0)
426 1229 377 41 Medicinalstyrelsen:
839 1229 227 41 Avlöningar.
1111 1229 126 42 Kungl.
1267 1230 99 41 Maj:t
1388 1230 61 32 har
1471 1231 177 42 föreslagit
1670 1231 81 31 riks-

246 1278 110 42 dagen
380 1278 120 42 (punkt
523 1280 49 37 73,
597 1279 62 32 sid.
685 1280 176 40 150—158)
885 1282 48 29 att

298 1329 67 32 dels
397 1329 182 42 godkänna
611 1342 40 19 av
684 1330 378 41 departementschefen
1096 1331 160 31 förordad
1291 1332 378 41 personalförteckning
1699 1333 52 30 för

245 1380 365 41 medicinalstyrelsen,

299 1431 67 31 dels
398 1431 182 41 godkänna
613 1443 39 20 av
679 1432 380 41 departementschefen
1083 1432 161 31 förordad
1267 1433 252 40 avlöningsstat
1541 1434 52 30 för
1615 1433 136 32 medici-

244 1481 240 42 nalstyrelsen,
520 1484 50 29 att
604 1482 172 41 tillämpas
812 1483 71 30 tills
905 1483 116 31 vidare
1044 1483 74 31 från
1143 1483 63 31 och
1230 1483 78 31 med
1332 1483 203 42 budgetåret
1559 1485 189 39 1935/1936,

297 1532 66 31 dels
385 1533 54 31 ock
461 1532 53 31 till
530 1532 371 42 Medicinalstyrelsen:
919 1533 211 42 Avlöningar
1145 1534 52 31 för
1213 1534 205 41 budgetåret
1436 1535 178 39 1935/1936
1631 1535 118 32 anvisa

243 1584 50 29 ett
315 1582 268 42 förslagsanslag
606 1594 39 20 av
667 1583 137 38 411,800
827 1583 133 32 kronor.

295 1658 145 31 Jämlikt
473 1658 43 32 de
550 1670 66 30 nya
649 1659 195 42 grunderna
873 1660 52 30 för
947 1659 206 32 riksstatens
1177 1661 239 41 uppställning
1440 1661 96 31 skola
1559 1662 190 41 avlönings-

242 1708 233 32 kostnaderna
508 1709 53 31 för
595 1709 65 32 den
693 1709 53 31 till
781 1710 374 41 medicinalstyrelsens
1178 1710 256 43 veterinärbyrå
1456 1712 161 31 anslutna
1639 1711 109 32 avdel-

242 1759 128 41 ningen
392 1760 52 31 för
466 1760 486 32 nötkreaturstuberkulosens
975 1760 236 42 bekämpande
1235 1761 198 41 överflyttas
1456 1761 73 32 från
1547 1762 127 31 nionde
1691 1762 57 31 hu-

241 1809 171 32 vudtiteln
436 1810 54 31 till
512 1810 220 32 förevarande
756 1811 128 41 anslag.
918 1811 18 31 I
960 1811 168 32 samband
1151 1811 141 32 härmed
1315 1811 62 32 har
1399 1812 127 41 Kungl.
1551 1812 97 42 Maj:t
1664 1813 84 31 före-

242 1860 111 41 slagit,
367 1862 50 29 att
439 1860 269 42 föredraganden
733 1863 19 29 å
775 1861 225 42 avdelningen
1025 1862 164 41 uppföres
1214 1864 114 29 såsom
1351 1862 239 41 byrådirektör
1612 1864 19 30 å
1653 1865 95 29 extra

243 1911 69 30 stat
335 1911 77 30 med
435 1911 175 41 placering
631 1911 12 31 i
665 1911 210 42 lönegraden
898 1912 29 30 B
941 1912 39 31 28
1004 1915 90 28 samt
1116 1914 50 29 att
1180 1912 124 41 jämväl
1321 1913 423 42 konsulentbefattningen

241 1962 19 29 å
293 1960 228 42 avdelningen
556 1964 167 39 upptages
747 1964 19 29 å
789 1964 95 29 extra
906 1964 68 29 stat
997 1963 11 30 i
1031 1963 208 41 lönegraden
1263 1963 30 31 B
1307 1964 49 31 24.
1401 1964 180 41 Förslaget
1602 1964 145 32 innebär

240 2011 75 31 icke
339 2011 144 42 ändring
505 2023 41 20 av
569 2012 148 31 nämnda
739 2012 359 42 befattningshavares
1121 2014 197 31 nuvarande
1341 2014 259 32 löneförmåner.

292 2061 126 32 Vidare
451 2062 62 31 har
536 2063 125 41 Kungl.
686 2063 99 40 Maj:t
807 2063 176 42 föreslagit
1007 2064 120 41 utbyte
1151 2076 39 20 av
1213 2076 42 20 en
1279 2066 19 30 å
1322 2065 188 42 styrelsens
1533 2065 213 32 hälsovårds-

239 2112 86 42 byrå
347 2113 149 31 anställd
518 2113 282 32 läkaramanuens
824 2116 72 29 mot
919 2125 41 20 en
984 2114 441 33 medicinalrådsassistent.
1464 2115 76 32 Den
1564 2116 103 31 härav
1682 2117 63 30 för-

240 2162 148 32 anledda
409 2163 341 42 kostnadsökningen
774 2168 133 37 uppgår
929 2164 52 31 till
1006 2166 94 36 2,400
1122 2166 135 31 kronor.

292 2204 31 40 Å
356 2214 105 31 andra
496 2214 99 31 sidan
628 2215 85 30 hava
747 2214 112 32 medel
892 2215 53 30 till
967 2216 209 41 gottgörelse
1199 2217 52 30 för
1274 2216 199 42 tidsspillan
1497 2219 34 29 åt
1554 2217 189 41 styrelsens

238 2264 156 38 arkitekt,
418 2265 52 30 för
493 2265 209 31 närvarande
727 2265 203 41 uppgående
955 2266 53 30 till
1026 2267 92 37 1,500
1134 2266 134 38 kronor,
1286 2267 75 31 icke
1377 2267 183 32 beräknats
1576 2268 53 31 för
1644 2270 100 30 nästa

237 2314 178 42 budgetår.

291 2366 18 30 I
343 2366 110 41 övrigt
485 2365 145 32 innebär
661 2366 126 41 Kungl.
813 2366 115 41 Maj:ts
951 2367 129 41 förslag
1101 2367 79 41 inga
1203 2368 106 31 andra
1333 2368 182 42 ändringar
1538 2371 40 29 än
1604 2369 137 38 sådana,

238 2427 74 21 som
338 2416 266 42 sammanhänga
627 2417 76 31 med
727 2416 42 32 de
793 2428 67 30 nya
882 2417 194 41 grunderna
1098 2419 52 30 för
1171 2419 209 31 riksstatens
1403 2420 245 40 uppställning.
