2222 2634
768 210 250 33 Statsutskottets
1047 208 168 33 Utlåtande
1237 208 63 32 N:o
1325 208 29 31 8.
1772 205 39 31 21

386 289 269 49 Utredningen
696 289 12 36 i
750 288 103 37 detta
896 287 138 36 ärende
1075 286 204 36 återfinnes
1322 287 20 34 å
1371 285 69 36 sid.
1474 285 201 35 115—120
1703 283 13 36 i
1744 288 113 32 stats-

255 341 331 50 rådsprotokollet.

386 445 55 36 Af
478 444 75 38 den
594 445 11 36 i
647 444 157 37 ärendet
831 442 176 37 lämnade
1035 441 210 49 utredning
1273 440 107 37 torde
1410 441 38 36 få
1476 454 110 23 anses
1614 439 243 50 ådagalagdt,

257 502 58 31 att
351 496 118 37 behof
491 497 213 48 föreligger
732 501 57 31 att
815 494 64 37 vid
909 493 64 37 det
1001 498 103 32 stora
1132 492 399 50 byggnadskomplex,
1561 505 81 24 som
1669 491 124 37 bildas
1822 491 41 37 af

258 548 297 49 ifrågavarande
582 548 257 37 länsresidens
868 545 85 37 med
981 544 360 50 uthusbyggnader,
1371 543 179 38 anställes
1579 557 48 23 en
1644 543 105 37 inom
1768 543 90 37 resi-

257 600 137 37 denset
421 600 150 37 boende
599 612 152 37 person,
779 598 158 37 hvilken
964 598 77 36 kan
1067 597 215 49 tjänstgöra
1302 598 124 35 såsom
1445 595 184 50 portvakt
1647 595 71 37 och
1737 599 123 32 natte-

257 652 57 36 tid
356 651 92 37 eller
482 652 48 36 då
557 651 213 38 residenset
798 652 80 35 står
905 648 176 48 obebodt,
1109 648 135 37 utöfva
1271 647 132 50 tillsyn
1431 648 108 36 öfver
1566 647 211 37 detsamma
1804 645 59 38 till

260 703 310 37 förekommande
612 704 41 36 af
690 703 146 37 inbrott
876 701 71 37 och
988 700 156 48 eldfara,
1183 705 99 32 samt
1309 702 21 34 å
1358 699 46 37 de
1431 699 98 37 tider
1557 699 41 37 af
1622 699 159 49 dygnet,
1811 698 45 36 då

259 755 136 37 sådant
424 755 200 47 erfordras,
653 755 101 36 hålla
781 753 233 38 residensets
1044 752 299 49 ingångsportar
1370 751 175 49 stängda.

388 807 57 37 Då
472 807 204 49 möjlighet
704 811 55 31 att
785 808 49 47 på
863 818 126 23 annan
1017 809 77 44 väg
1122 809 49 31 än
1198 803 74 37 den
1292 804 42 36 af
1347 803 144 49 Kungl.
1511 803 108 49 Maj:t
1639 801 219 50 föreslagna

259 859 140 37 bereda
428 872 47 23 en
504 859 118 37 sådan
649 871 141 37 person
816 856 184 50 lämpliga
1023 855 244 38 boställsrum
1286 855 103 37 inom
1409 855 212 36 residenset
1640 854 85 37 icke
1744 866 114 37 synes

259 910 219 47 förefinnas,
507 911 69 36 har
603 910 191 37 utskottet
820 908 85 37 icke
933 908 103 36 velat
1064 912 182 32 motsätta
1269 907 61 48 sig
1349 906 74 37 den
1443 906 219 49 föreslagna
1680 905 178 50 påbygg-

260 961 125 38 naden
427 962 41 37 af
507 962 230 37 residensets
775 966 102 31 östra
904 960 130 49 flygel,
1064 973 60 23 om
1153 964 49 31 än
1229 959 189 36 utskottet
1444 958 84 37 icke
1553 958 148 36 kunnat
1728 957 129 49 undgå

259 1019 57 32 att
356 1014 104 37 finna
501 1027 48 24 en
592 1013 108 50 dylik
741 1012 137 49 åtgärd
910 1025 102 34 vara,
1045 1012 11 35 i
1084 1010 239 38 förhållande
1350 1010 58 37 till
1436 1010 63 36 det
1527 1009 188 48 ändamål,
1744 1009 115 36 hvars

258 1066 195 37 vinnande
495 1070 42 33 är
578 1066 86 37 med
706 1065 220 37 densamma
969 1063 144 48 afsedd,
1155 1063 62 36 väl
1259 1062 150 50 dyrbar.
1466 1062 81 36 Mot
1588 1061 73 37 den
1697 1061 60 37 för
1784 1061 75 36 den

259 1117 220 49 föreslagna
506 1117 288 50 påbyggnaden
822 1115 138 51 gjorda
988 1114 451 49 kostnadsberäkningen
1466 1114 70 36 har
1563 1114 189 37 utskottet
1775 1112 83 37 icke

260 1169 128 37 funnit
416 1169 208 50 anledning
651 1169 59 36 till
738 1168 165 38 erinran.
951 1167 199 38 Utskottet
1177 1166 71 37 har
1267 1165 210 38 emellertid
1496 1165 84 37 icke
1599 1166 104 36 velat
1721 1164 137 38 under-

258 1222 78 35 låta
376 1225 56 32 att
472 1224 126 34 såsom
639 1221 59 36 sin
736 1220 99 37 åsikt
861 1219 132 46 uttala,
1023 1223 57 32 att
1107 1218 65 37 det
1201 1218 59 36 för
1288 1218 35 48 ej
1353 1217 147 37 mindre
1528 1230 51 23 nu
1607 1216 252 37 förevarande

259 1273 132 48 frågas
418 1273 156 48 lösning
601 1275 49 46 på
678 1276 56 32 ett
761 1272 13 36 i
802 1271 218 49 möjligaste
1048 1273 86 33 mån
1163 1269 130 37 enkelt
1322 1269 68 36 och
1421 1268 128 50 billigt
1577 1272 75 33 sätt
1677 1273 49 32 än
1745 1268 114 36 äfven

261 1324 60 36 för
348 1323 192 38 vinnande
569 1325 42 35 af
636 1337 46 23 en
710 1322 229 48 fullständig
967 1321 211 37 öfverblick
1206 1322 41 35 af
1263 1321 46 36 de
1329 1320 263 48 förändrings-
1615 1320 71 37 och
1706 1332 152 36 repara-

260 1375 272 48 tionsarbeten,
579 1389 81 23 som
702 1378 120 33 måste
863 1377 21 33 å
924 1373 294 49 ifrågavarande
1258 1372 172 37 residens
1472 1371 176 49 vidtagas
1690 1371 71 37 och
1802 1371 58 36 till

261 1427 150 37 hvilkas
439 1427 199 37 utförande
669 1428 98 35 1906
797 1429 61 33 års
881 1425 183 49 Riksdag,
1084 1425 13 36 i
1116 1424 173 50 enlighet
1308 1424 87 37 med
1414 1423 143 48 Kungl.
1578 1423 130 49 Maj:ts
1728 1423 132 36 därom

260 1479 240 37 framställda
542 1478 157 49 förslag,
739 1477 190 50 beviljade
970 1477 65 37 det
1070 1475 287 50 jämförelsevis
1385 1475 201 37 afsevärda
1613 1475 182 49 beloppet
1823 1475 41 35 af

261 1532 140 47 30,500
442 1531 152 46 kronor,
637 1529 285 48 otvifvelaktigt
962 1529 99 37 varit
1089 1528 222 47 önskvärdt,
1341 1532 57 32 att
1421 1527 145 49 jämväl
1595 1526 179 50 åtgärder
1800 1526 61 37 för

258 1583 250 37 anordnande
550 1582 41 37 af
627 1596 51 22 nu
710 1581 291 49 ifrågavarande
1029 1580 339 49 bostadslägenhet
1395 1579 139 47 blifvit,
1563 1581 49 47 på
1640 1583 77 32 sätt
1744 1578 115 37 äfven

259 1634 44 37 af
340 1633 501 38 öfverintendentsämbetet
882 1632 229 49 föreslagits,
1153 1636 199 45 upptagna
1384 1630 116 37 bland
1528 1630 46 37 de
1604 1630 167 47 arbeten,
1802 1630 58 35 för

259 1686 152 36 hvilkas
439 1685 203 38 utförande
671 1685 136 48 anslag
836 1683 40 37 af
903 1684 163 36 sistlidet
1093 1687 60 32 års
1182 1683 172 47 Riksdag
1383 1682 171 37 äskades.

391 1737 191 48 Slutligen
608 1737 70 36 har
704 1736 190 36 utskottet
921 1735 101 36 velat
1049 1734 119 36 uttala
1197 1734 60 36 sin
1284 1734 204 36 förväntan
1511 1738 68 43 att,
1601 1736 125 34 såsom
1745 1733 114 36 äfven

259 1789 43 35 af
341 1788 419 50 departementschefen
800 1786 240 47 framhållits,
1081 1786 74 37 den
1183 1785 156 47 skötsel,
1369 1798 82 24 som
1479 1784 74 37 kan
1582 1784 191 38 erfordras
1801 1783 59 37 för

261 1839 75 37 den
376 1840 103 36 inom
522 1839 236 50 byggnaden
794 1838 220 50 nyanlagda
1058 1842 335 45 värmeapparaten
1421 1836 60 37 för
1507 1835 287 51 uppvärmning
1823 1836 41 36 af

260 1891 425 37 landtmäterikontoret
714 1891 71 37 och
812 1890 294 49 länsstyrelsens
1134 1889 120 47 arkiv,
1281 1891 60 35 må
1368 1888 153 37 komma
1545 1893 55 31 att
1619 1887 240 37 handhafvas

261 1943 44 36 af
330 1943 74 36 den
431 1957 52 23 nu
510 1943 227 49 ifrågasatta
764 1941 436 49 befattningshafvaren.

392 1994 133 37 Under
552 1994 194 37 uttalande
774 1993 113 37 häraf
911 1994 57 35 får
995 1992 186 36 utskottet
1209 1992 210 46 hemställa,

793 2101 57 30 att
877 2095 221 48 Riksdagen
1127 2096 73 44 må,
1230 2094 59 35 för
1317 2093 213 47 utförande,
1552 2093 11 35 i
1584 2092 275 48 hufvudsaklig

663 2146 397 37 öfverensstämmelse
1100 2144 87 37 med
1229 2144 73 37 den
1338 2142 521 38 öfverintendentsämbetets

662 2197 199 37 skrifvelse
901 2197 58 36 till
993 2197 143 48 Kungl.
1167 2196 112 49 Maj:t
1306 2195 74 37 den
1409 2197 47 34 23
1486 2193 158 38 oktober
1675 2195 98 35 1906
1802 2194 56 36 bi-

663 2248 114 50 lagda
805 2248 147 49 ritning
980 2253 98 31 samt
1106 2247 133 37 därvid
1268 2246 151 49 fogade,
1448 2246 104 36 inom
1576 2245 169 37 ämbetet
1764 2258 95 36 upp-

663 2300 134 49 gjorda
840 2298 341 49 kostnadsförslag,
1223 2298 85 36 med
1352 2297 81 37 däri
1471 2298 40 36 af
1536 2296 167 37 ämbetet
1732 2309 126 24 seder-

1915 435 138 24 Utskottets

1913 469 131 32 yttrande.
