2226 2636
760 211 252 33 Statsutskottets
1040 210 167 33 Utlåtande
1231 211 61 33 N:o
1317 213 30 30 8.
1790 213 41 30 27

399 286 58 36 Då
499 286 64 37 det
603 287 162 37 emellan
806 286 144 50 Kungl.
994 287 108 49 Maj:t
1143 287 71 37 och
1254 289 161 48 kronan,
1444 293 21 34 å
1493 303 83 35 ena,
1610 295 99 32 samt
1735 290 140 38 rederi-

268 336 261 51 aktiebolaget
562 338 293 50 Nordstjernan,
885 342 21 34 å
934 338 119 38 andra
1093 339 119 48 sidan,
1254 341 76 38 den
1372 344 46 34 31
1463 341 199 38 december
1692 343 98 36 1906
1820 342 55 37 af-

269 389 150 38 slutade
447 389 184 38 kontrakt
659 390 199 50 angående
885 390 189 38 villkoren
1101 391 61 37 för
1190 393 227 49 åtnjutande
1446 394 42 36 af
1512 394 65 37 det
1596 394 41 36 af
1652 393 223 50 Riksdagen

270 440 188 51 beviljade
485 441 252 39 understödet
764 456 114 36 synes
906 442 342 39 öfverensstämma
1276 445 86 37 med
1391 445 46 37 de
1466 445 43 37 af
1533 445 223 50 Riksdagen
1780 445 95 50 god-

270 493 127 37 kända
437 493 171 49 grunder
649 500 98 31 samt
789 495 279 37 ofvanberörda
1097 495 41 36 af
1162 495 223 50 Riksdagen
1413 497 139 49 gjorda
1580 497 209 48 uttalande,
1816 497 59 36 får

270 544 187 37 utskottet
485 546 212 48 hemställa,

804 656 56 31 att
887 650 231 50 Riksdagen,
1148 652 87 37 med
1263 652 107 37 bifall
1389 652 57 37 till
1465 653 144 48 Kungl.
1631 653 127 49 Maj:ts
1777 654 98 37 före-

673 702 169 38 varande
869 702 298 50 framställning,
1195 706 62 34 må
1284 704 121 37 under
1430 704 46 37 de
1496 704 149 48 villkor,
1666 718 82 24 som
1768 705 107 37 inne-

672 755 117 37 fattas
816 754 13 37 i
857 754 63 37 det
960 754 73 38 den
1074 757 45 34 31
1164 755 200 38 december
1408 757 96 36 1906
1544 756 161 38 emellan
1733 757 141 50 Kungl.

672 807 108 49 Maj:t
807 806 72 37 och
899 806 160 48 kronan,
1085 810 20 33 å
1125 820 83 35 ena,
1229 812 100 32 samt
1347 807 387 50 rederiaktiebolaget
1752 809 124 37 Nord-

672 859 184 49 stjernan,
898 861 21 33 å
961 858 119 37 andra
1120 859 119 47 sidan,
1283 859 189 37 afslutade
1514 860 195 48 kontrakt,
1745 861 43 37 af
1811 861 65 37 det

671 909 88 38 utaf
775 910 224 49 Riksdagen
1025 910 122 37 under
1175 911 106 49 dylik
1300 911 279 49 förutsättning
1597 914 126 35 såsom
1742 915 134 35 under-

672 963 82 36 stöd
781 963 57 35 till
861 964 353 45 rederiaktiebolaget
1232 964 276 44 Nordstjernan
1520 964 68 44 för
1608 965 269 46 uppehållande

674 1015 116 36 under
833 1016 88 34 åren
955 1017 259 34 1906—1910
1240 1015 50 44 af
1311 1016 243 45 regelbunden
1582 1016 294 47 ångfartygsför-

674 1066 157 37 bindelse
858 1066 133 37 mellan
1021 1066 147 47 Sverige
1196 1068 64 35 och
1286 1067 59 36 La
1363 1068 305 37 Plata-länderna
1688 1067 188 50 beviljade

673 1117 136 49 anslag
843 1120 21 33 å
897 1118 165 47 510,000
1104 1118 141 37 kronor
1273 1121 21 34 å
1323 1124 108 31 extra
1473 1124 77 32 stat
1591 1119 58 37 för
1691 1122 41 34 år
1778 1121 97 36 1908

674 1169 129 37 anvisa
831 1174 55 31 ett
913 1168 139 51 belopp
1082 1170 41 36 af
1148 1171 138 45 90,000
1315 1170 152 37 kronor.

614 1321 282 45 Befrämjande
919 1322 14 33 i
957 1321 220 36 allmänhet
1201 1322 39 34 af
1264 1323 280 43 bergsbruket.

405 1426 99 50 27:0)
560 1427 54 37 På
640 1428 127 49 grund
796 1428 42 36 af
861 1428 142 49 Kungl.
1033 1427 129 49 Maj:ts
1190 1428 132 37 därom
1342 1428 138 49 gjorda
1498 1428 288 50 framställning
1805 1429 71 37 och

273 1479 88 37 med
401 1478 237 51 hänvisning
664 1479 60 38 till
752 1480 101 37 hvad
884 1479 422 50 departementschefen
1334 1479 13 37 i
1375 1480 105 37 detta
1508 1480 140 37 ärende
1676 1480 59 37 till
1763 1485 112 32 stats-

273 1530 322 50 rådsprotokollet
622 1531 85 50 (sid.
740 1531 87 50 157)
858 1532 137 47 anfört,
1025 1532 58 36 får
1109 1532 191 36 utskottet
1329 1532 212 48 hemställa,

809 1640 55 31 att
897 1634 222 49 Riksdagen
1148 1638 72 45 må,
1250 1636 12 35 i
1289 1636 123 37 likhet
1441 1636 86 36 med
1555 1635 101 37 hvad
1685 1636 59 37 för
1771 1636 107 36 inne-

678 1686 167 37 varande
881 1689 42 34 år
950 1691 68 44 ägt
1045 1700 95 33 rum,
1170 1689 20 33 å
1219 1692 110 32 extra
1357 1692 77 32 stat
1461 1688 58 36 för
1548 1689 41 34 år
1619 1688 98 36 1908
1748 1686 130 38 anvisa

679 1743 56 31 ett
771 1737 139 50 belopp
939 1738 42 36 af
1007 1739 138 46 23,000
1173 1738 154 48 kronor,
1358 1743 55 32 att
1441 1738 58 37 till
1527 1738 353 37 brukssocietetens

678 1788 243 50 fullmäktige
949 1789 12 36 i
986 1789 271 48 järnkontoret
1284 1790 193 37 utbetalas
1505 1792 125 34 såsom
1658 1789 138 50 bidrag
1823 1790 57 36 till

679 1842 270 46 uppehållande
995 1841 49 44 af
1084 1843 312 45 undervisningen
1442 1844 63 34 vid
1552 1843 270 45 bergsskolorna
1868 1844 13 33 i

677 1894 188 45 Filipstad
892 1894 64 35 och
983 1893 139 47 Falun,
1152 1892 120 37 under
1300 1893 139 37 villkor
1468 1898 56 32 att
1552 1893 181 37 skolorna
1760 1893 122 37 under

679 1946 41 34 år
750 1945 98 36 1908
877 1944 178 37 fortsätta
1083 1944 61 37 sin
1163 1944 246 38 verksamhet
1428 1945 12 36 i
1460 1944 276 49 hufvudsaklig
1755 1944 125 38 öfver-

678 1996 288 36 ensstämmelse
1012 1995 88 37 med
1146 1995 74 37 den
1261 1996 13 36 i
1315 1996 420 50 statsrådsprotokollet
1775 1995 107 38 öfver

679 2047 295 36 finansärenden
1009 2047 60 37 för
1097 2047 75 36 den
1203 2049 46 34 12
1274 2048 154 48 januari
1460 2049 100 35 1904
1589 2048 161 48 angifna
1778 2048 102 48 plan,

679 2097 158 37 hvarom
865 2097 145 49 Kungl.
1040 2097 110 49 Maj:t
1178 2098 109 37 torde
1316 2098 93 49 vilja
1437 2111 140 36 genom
1607 2098 220 49 inspektion
1848 2099 39 35 af

680 2148 220 49 sakkunnig
927 2161 138 36 person
1095 2149 60 48 sig
1185 2148 174 38 förvissa.

1912 1439 66 31 Ang.
1998 1438 91 30 anslag

1929 1473 41 24 till
1990 1474 81 30 bergs-

1936 1508 129 24 skolorna.

1954 1544 91 46 [27.]
