2114 2670
317 178 38 28 38
823 177 81 42 Lag-
916 173 167 52 Utskottets
1098 178 158 33 Utlåtande
1280 180 62 32 N:o
1366 182 49 30 37.

316 256 146 37 skilnad
492 258 11 35 i
531 260 134 47 många
704 257 65 37 fall
811 259 30 48 ej
885 264 88 32 utan
1013 264 160 44 yttersta
1214 262 192 49 svårighet
1439 263 71 36 kan
1540 264 214 49 uppdragas
1783 266 134 36 mellan

316 309 150 48 civillag
495 313 19 32 å
543 323 68 22 ena
652 318 96 28 samt
789 311 277 37 administrativ
1103 313 69 35 och
1202 313 220 37 ekonomisk
1452 316 60 48 lag
1541 319 19 32 å
1589 316 72 35 den
1690 317 127 43 andra,
1847 317 70 36 och

316 366 54 30 att
399 360 39 36 af
463 361 113 36 sådan
607 362 108 36 orsak
745 376 43 22 en
819 364 136 47 mängd
984 363 267 50 författningar
1280 364 95 38 efter
1406 369 92 35 1809
1529 368 214 45 utkommit,
1764 369 10 35 i
1793 369 125 36 hvilka

316 412 104 50 dylik
460 413 238 48 lagstiftning
732 422 40 27 är
808 415 344 45 sammanblandad,
1182 430 85 22 men
1296 418 10 34 i
1336 417 259 49 föreliggande
1625 427 107 29 ämne
1762 424 42 31 är
1832 421 86 35 skil-

315 464 121 35 naden
466 465 70 35 lätt
563 464 153 44 funnen,
746 465 71 36 och
846 466 95 36 hade
970 466 149 36 derföre
1142 468 141 47 jemväl
1313 467 88 38 bort
1429 470 198 47 iakttagas.

416 515 47 37 Så
504 522 135 43 utgöra
681 517 46 36 de
770 517 73 36 fem
881 517 116 37 första
1025 519 168 47 kapitlen
1217 520 117 47 jemte
1365 523 57 42 68,
1453 524 57 42 70,
1540 525 58 41 71,
1628 525 45 34 72
1704 523 70 35 och
1805 526 44 34 73
1878 520 40 50 $$

316 580 44 22 en
401 567 61 48 lag
491 581 59 22 om
587 575 76 29 rätt
695 575 56 30 att
788 572 19 32 å
844 583 140 22 annans
1021 571 105 35 mark
1164 571 179 36 bearbeta
1372 573 372 49 mineralfyndighet,
1775 578 18 33 7
1833 575 83 48 kap.

312 621 82 33 åter
435 632 45 23 en
522 620 262 36 modifikation
826 620 40 36 af
902 624 43 34 15
984 622 83 46 kap.
1106 622 318 47 Handelsbalken,
1464 625 97 36 båda
1589 625 39 36 af
1652 639 65 22 ren
1748 626 170 49 civillags

311 676 123 39 natur,
476 677 97 29 samt
616 673 18 35 6
677 672 83 47 kap.
798 673 118 46 jemte
959 670 91 49 69
1035 666 25 63 $
1089 687 45 22 en
1172 674 278 38 administrativ
1486 676 237 49 författning,
1753 678 68 35 och
1854 678 64 36 det

312 721 95 34 enda
436 722 10 33 i
476 722 83 34 hela
588 722 181 47 förslaget
797 735 80 22 som
906 724 71 34 kan
1006 723 37 35 få
1071 737 109 22 namn
1211 724 39 35 af
1274 725 282 49 grufvestadga.
1853 743 4 6 |

412 771 52 36 På
504 772 123 48 grund
666 772 39 37 af
738 773 99 36 hvad
874 774 67 35 här
975 773 111 37 ofvan
1116 774 124 37 blifvit
1269 776 164 46 anfördt,
1463 777 72 36 kan
1560 778 66 49 jag
1655 780 31 46 ej
1716 779 202 48 godkänna

312 822 193 49 förslaget,
534 827 40 32 så
601 824 82 36 vidt
711 825 65 35 det
805 825 141 48 åsyftar
975 832 55 30 att
1058 826 190 36 bibehålla
1283 829 362 46 inmutningsrätten
1676 837 89 29 utan
1793 834 122 45 någon

312 880 122 29 större
477 875 283 48 inskränkning,
795 877 68 35 och
894 877 128 35 ställes
1047 878 65 47 jag
1140 879 9 34 i
1178 878 102 36 valet
1309 880 136 35 mellan
1475 880 106 36 bifall
1611 882 58 35 till
1697 880 181 50 förslaget
1905 883 10 34 i

312 926 121 35 denna
474 926 60 35 del
576 927 70 35 och
687 928 381 48 inmutningsrättens
1108 929 279 48 upphäfvande,
1426 935 39 32 så
1502 932 130 36 tvekar
1657 934 65 47 jag
1750 933 82 36 icke
1862 939 55 30 att

310 977 99 46 välja
437 977 64 36 det
529 991 130 23 senare
688 979 253 45 alternativet,
971 984 123 31 såsom
1124 982 146 34 mindre
1300 982 224 49 betänkligt.

410 1028 16 36 I
467 1028 175 37 afseende
684 1033 20 33 å
744 1030 132 47 sjelfva
917 1030 305 50 grufvestadgan,
1265 1033 92 36 eller
1393 1036 18 35 6
1442 1034 84 48 kap.
1557 1034 39 37 af
1620 1034 193 50 förslaget,
1844 1036 71 36 kan

305 1080 65 47 jag
412 1080 30 47 ej
487 1081 118 35 heller
647 1081 254 48 undertrycka
942 1083 72 35 den
1057 1084 106 47 åsigt,
1206 1090 55 30 att
1301 1085 104 35 tiden
1447 1099 157 23 numera
1646 1094 40 28 är
1727 1088 99 42 inne,
1869 1088 47 36 då

310 1136 124 31 staten
476 1131 69 36 bör
582 1131 127 49 afsäga
746 1133 56 47 sig
835 1134 66 35 allt
929 1133 313 50 förmynderskap
1273 1135 105 37 öfver
1406 1138 325 48 näringsidkaren,
1761 1139 70 35 och
1860 1142 55 33 så-

309 1182 104 35 ledes
436 1183 140 46 jemväl
605 1183 106 35 öfver
739 1184 406 47 bergverksnäringen;
1175 1193 55 28 att
1258 1186 98 47 förty
1388 1188 82 34 hela
1499 1189 237 46 bergsstaten
1765 1190 69 34 bör
1862 1191 54 33 in-

310 1232 146 48 dragas,
487 1233 70 36 och
586 1239 124 31 staten
739 1234 132 36 endast
900 1235 122 36 lemna
1056 1237 128 46 anslag
1212 1237 58 35 till
1300 1243 54 30 ett
1384 1239 93 35 visst
1505 1240 100 35 antal
1634 1240 281 48 bergsingeniö-

310 1297 73 31 rer,
413 1284 126 35 hvilka
569 1285 117 35 borde
715 1286 88 47 lyda
832 1286 121 35 under
981 1286 274 37 Jernkontoret
1291 1289 70 35 och
1390 1289 112 37 hafva
1529 1291 10 35 i
1569 1291 174 48 uppdrag
1772 1297 67 39 att,
1868 1295 47 44 på

309 1342 76 28 sätt
413 1334 256 37 förhållandet
696 1350 51 21 nu
777 1344 40 28 är
845 1337 86 35 med
954 1338 486 48 jordbruksingeniörerne,
1478 1342 235 47 tillhandagå
1745 1344 171 46 närings-

310 1385 155 36 idkarne
507 1387 132 35 endast
681 1387 84 35 med
802 1388 67 35 råd
908 1389 68 35 och
1008 1389 283 48 upplysningar.
1347 1390 130 37 Skulle
1507 1406 44 21 en
1581 1393 103 48 dylik
1724 1394 97 46 åsigt
1857 1394 58 35 till

310 1436 194 50 äfventyrs
541 1439 113 34 vinna
687 1438 117 45 bifall,
835 1438 123 37 blefve
988 1439 108 36 deraf
1121 1454 44 22 en
1195 1442 166 48 naturlig
1387 1442 106 47 följd,
1523 1449 55 30 att
1605 1443 308 49 grufvestadgan,

309 1488 90 35 eller
429 1491 18 33 6
478 1488 83 47 kap.
593 1490 8 34 i
630 1488 193 49 förslaget,
854 1493 117 32 måste
1001 1491 224 36 omarbetas.

410 1539 131 36 Ehuru
585 1540 64 36 det
690 1541 81 35 icke
809 1541 230 35 tillkommer
1077 1543 79 47 mig
1184 1548 55 30 att
1268 1544 87 47 ingå
1384 1546 8 33 i
1423 1548 122 45 någon
1576 1546 115 35 kritik
1720 1545 37 36 af
1783 1546 132 36 försla-

307 1595 84 41 gets
421 1590 168 47 detaljer,
618 1590 74 36 kan
715 1592 66 47 jag
809 1591 98 36 dock
936 1593 31 47 ej
998 1593 84 35 med
1111 1594 154 47 tystnad
1295 1594 147 49 förbigå
1470 1597 65 34 det
1564 1610 72 35 nya
1665 1597 208 47 stadgande
1904 1598 10 34 i

308 1638 18 48 $
355 1643 58 44 41,
451 1654 79 22 som
568 1642 136 47 bjuder
737 1648 55 30 att
820 1643 142 36 kronan
992 1644 93 35 skall
1115 1644 140 36 erhålla
1285 1646 142 36 hälften
1456 1646 39 36 af
1520 1647 72 36 den
1623 1647 182 49 årsafgift,
1833 1662 80 22 som

308 1692 188 35 inmutare
538 1691 55 36 får
630 1693 126 35 betala
789 1694 9 34 i
832 1694 129 35 stället
997 1693 58 37 för
1092 1695 355 49 arbetsskyldighet.
1501 1698 83 36 Man
1619 1699 73 35 kan
1721 1700 192 47 svårligen

305 1743 61 34 till
404 1743 83 35 stöd
524 1743 59 35 för
612 1744 106 35 detta
746 1744 141 47 lagbud
916 1744 165 49 åberopa
1109 1759 120 23 annan
1258 1748 137 47 grund,
1425 1756 44 28 än
1500 1756 55 29 att
1583 1750 144 35 kronan
1757 1750 66 35 har
1852 1755 62 31 nå-

307 1806 75 34 gon
423 1794 99 47 slags
563 1800 77 30 rätt
676 1796 58 34 till
763 1796 72 35 den
872 1797 123 44 malm,
1024 1810 80 22 som
1127 1798 134 46 jorden
1291 1806 170 40 gömmer
1490 1801 121 35 under
1640 1802 144 35 enskild
1809 1802 104 47 jord-

309 1857 131 35 egares
467 1846 115 34 mark.
635 1844 226 38 Godkännes
881 1846 179 50 förslaget
1080 1848 9 34 i
1111 1849 121 35 denna
1253 1850 70 45 del,
1346 1850 111 36 hafva
1477 1852 146 36 således
1645 1852 107 36 19:de
1773 1853 139 35 seklets

307 1895 210 47 lagstiftare
547 1895 116 37 infört
691 1897 259 49 bergsregalet
978 1899 11 34 i
1018 1899 137 35 allmän
1184 1900 91 48 lag.»

407 2014 40 35 af
483 2014 98 36 Herr
624 2016 171 44 Lindahl,
836 2030 80 22 som
957 2024 124 29 ansett
1122 2019 360 49 inmutningsrätten
1516 2022 83 35 icke
1630 2022 90 35 böra
1749 2023 10 34 i
1789 2036 43 21 en
1863 2036 49 35 ny

306 2064 270 50 grufvestadga
605 2066 219 36 bibehållas.
