1870 2786
445 161 286 32 Statsutskottets
754 157 179 32 utlåtande
955 165 43 21 nr
1019 155 20 30 2
1060 154 41 31 år
1124 152 81 31 1961
1558 145 20 31 5

126 250 74 35 7:0)
223 249 181 31 Ombuden
422 248 55 29 för
493 246 120 35 tillsyn
630 254 43 20 av
689 243 136 36 tryckta
841 241 152 30 skrifter.
1011 241 14 29 I
1044 237 152 40 enlighet
1213 234 80 32 med
1309 233 126 39 Kungl.
1454 230 124 40 Maj:ts

81 303 131 38 förslag
235 300 130 41 (punkt
384 299 28 35 7,
431 308 25 21 s.
475 297 51 35 5),
545 294 238 33 innebärande
801 291 206 32 oförändrat
1026 289 131 38 anslag,
1177 285 201 32 hemställer
1397 282 181 32 utskottet,

435 349 49 28 att
500 345 189 40 riksdagen
705 343 58 30 må
779 343 53 31 till
851 339 183 33 Ombuden
1052 339 57 40 för
1127 336 117 40 tillsyn
1261 344 43 21 av
1322 333 135 40 tryckta
1475 329 106 40 skrif-

393 400 50 28 ter
458 397 55 30 för
528 396 205 39 budgetåret
752 392 149 37 1961/62
920 390 121 32 anvisa
1057 391 48 29 ett
1122 385 273 42 förslagsanslag
1412 392 41 22 av
1468 382 40 31 26
1521 380 60 31 000

391 450 139 29 kronor.

128 557 76 33 8:0)
226 553 222 32 Kommittéer
464 552 64 29 och
545 549 223 35 utredningar
785 554 123 28 genom
924 541 229 36 sakkunniga.
1171 540 13 30 I
1201 538 149 38 enlighet
1365 536 77 31 med
1458 533 125 38 Kungl.

84 607 125 40 Maj:ts
227 605 131 39 förslag
381 602 130 41 (punkt
529 601 30 35 8,
579 609 26 21 s.
625 599 18 30 5
662 598 66 31 och
745 596 52 35 6),
816 595 108 30 vilket
941 593 146 31 innebär
1106 600 43 21 en
1167 587 223 43 uppräkning
1409 595 42 21 av
1470 584 113 31 ansla-

85 659 55 39 get
157 656 80 31 med
254 655 62 30 400
331 653 63 31 000
413 654 139 34 kronor,
570 648 203 32 hemställer
791 642 181 48 utskottet,

438 704 50 28 att
509 700 189 39 riksdagen
719 698 58 30 må
798 697 53 30 till
872 693 230 33 Kommittéer
1124 691 64 30 och
1212 688 227 39 utredningar
1459 693 124 32 genom

394 751 222 39 sakkunniga
641 750 56 30 för
719 746 204 41 budgetåret
948 743 150 37 1961/62
1123 742 121 31 anvisa
1267 741 48 29 ett
1339 736 246 33 reservations-

396 803 120 40 anslag
533 811 42 22 av
594 800 94 31 1600
702 798 62 31 000
782 799 141 29 kronor.

131 909 77 34 9:0)
231 908 104 29 Extra
355 905 150 36 utgifter.
533 904 6 29 I
560 902 153 39 enlighet
733 900 80 30 med
833 898 127 40 Kungl.
981 896 124 40 Maj:ts
1127 894 130 40 förslag
1283 890 130 42 (punkt
1434 889 29 36 9,
1486 897 26 20 s.
1534 886 51 34 6),

88 959 108 31 vilket
216 958 44 30 bl.
282 967 29 20 a.
333 956 146 30 innebär
500 956 50 28 att
570 953 114 29 medel
703 951 174 30 beräknas
899 949 54 30 för
974 949 49 28 ett
1043 942 303 35 FN-seminarium
1368 941 81 30 över
1470 934 118 49 ämnet

89 1007 274 32 administrativt
385 1004 203 40 rättsskydd
610 1002 79 30 med
712 999 151 33 särskild
885 998 136 31 tonvikt
1043 996 45 41 på
1109 995 124 40 frågan
1255 1002 56 21 om
1332 990 153 32 kontroll
1507 989 81 29 över

89 1057 259 40 förvaltningen
368 1064 124 32 genom
511 1053 337 41 parlamentsorgan,
868 1048 201 31 hemställer
1089 1042 181 48 utskottet,

443 1107 50 28 att
510 1103 188 40 riksdagen
715 1101 58 30 må
788 1101 53 30 till
857 1100 107 30 Extra
982 1096 145 41 utgifter
1144 1095 54 31 för
1215 1092 204 42 budgetåret
1438 1088 151 36 1961/62

398 1155 121 31 anvisa
540 1156 48 29 ett
610 1150 356 39 reservationsanslag
988 1157 42 21 av
1053 1146 62 31 160
1130 1145 62 30 000
1214 1145 140 30 kronor.

370 1290 457 45 Justitiekanslersämbetet
848 1288 69 34 och
936 1282 376 47 riksåklagarämbetet

141 1390 95 35 10:0)
265 1383 463 36 Justitiekanslersämbetet:
755 1378 221 35 Avlöningar.
1001 1376 14 29 I
1041 1373 150 38 enlighet
1215 1373 78 30 med
1317 1369 125 40 Kungl.
1469 1367 124 39 Maj:ts

94 1441 131 39 förslag
245 1437 131 41 (punkt
392 1436 50 34 10,
459 1444 25 20 s.
501 1434 51 36 7),
568 1433 109 29 vilket
691 1430 146 31 innebär
853 1437 42 21 en
910 1425 224 42 uppräkning
1151 1433 41 21 av
1208 1422 155 39 anslaget
1378 1419 80 30 med
1474 1418 41 30 25
1529 1416 63 31 000

94 1491 141 34 kronor,
252 1487 202 31 hemställer
471 1484 182 33 utskottet,

448 1536 50 28 att
516 1532 188 40 riksdagen
722 1530 58 31 må

451 1586 35 34 a)
519 1584 188 41 godkänna
733 1580 158 41 följande
918 1577 254 39 avlöningsstat
1199 1574 55 30 för
1280 1569 313 44 justitiekanslers-

405 1636 160 33 ämbetet,
590 1636 50 28 att
662 1632 177 39 tillämpas
862 1630 71 29 tills
955 1628 119 30 vidare
1097 1625 81 30 från
1200 1624 65 31 och
1286 1622 80 31 med
1388 1614 206 50 budgetåret

408 1685 164 36 1961/62:

886 1771 236 39 Avlöningsstat

409 1848 27 29 1.
460 1845 202 38 Avlöningar
676 1843 50 30 till
742 1840 160 31 ordinarie
917 1839 213 39 tjänstemän,
1147 1834 179 41 förslagsvis
1357 1856 66 7 ....
1463 1832 56 30 171
1536 1830 63 31 000

408 1898 29 30 2.
460 1895 203 38 Avlöningar
679 1893 50 30 till
747 1889 247 33 icke-ordinarie
1012 1886 160 41 personal,
1192 1884 179 41 förslagsvis
1396 1907 26 6 ..
1463 1881 58 31 117
1536 1880 63 31 000

408 1948 29 30 3.
462 1946 128 38 Rörligt
605 1945 122 37 tillägg,
744 1940 180 41 förslagsvis
944 1956 478 13 .......ssssssese
1271 1936 53 52 rst
1333 1936 11 52 r
1353 1936 72 52 ere
1482 1932 37 30 51
1536 1930 65 31 500

409 1999 29 29 4.
463 1994 263 41 Kompensation
762 1993 50 29 för
839 1991 100 38 höjda
967 1985 372 43 folkpensionsavgifter,
1368 1984 62 39 för-

464 2046 130 39 SlAQSVÅS
613 2067 144 8 seserrrr
773 2066 68 7 esse
857 2065 47 6 rer
919 2064 47 6 rer
983 2064 24 5 rr
1045 2062 65 7 ARR
1129 2062 4 5 R
1149 2060 88 7 ARR
1295 2059 25 7 RR
1344 2057 81 7 RA
1506 2032 18 30 5
1538 2030 63 31 500

1168 2104 132 30 Summa
1315 2102 120 29 kronor
1466 2098 61 31 345
1541 2097 62 30 000

456 2207 37 34 b)
517 2207 52 29 till
589 2200 474 35 Justitiekanslersämbetet:
1086 2197 214 38 Avlöningar
1320 2195 55 30 för
1395 2191 205 41 budgetåret

419 2256 148 36 1961/62
592 2255 121 30 anvisa
735 2255 48 28 ett
806 2250 274 39 förslagsanslag
1104 2257 42 20 av
1169 2246 62 30 345
1244 2245 63 30 000
1330 2245 141 29 kronor.

152 2361 94 33 11:0)
271 2355 462 33 Justitiekanslersämbetet:
755 2350 263 32 Omkostnader.
1040 2349 12 28 I
1073 2346 149 37 enlighet
1242 2344 77 31 med
1339 2343 124 36 Kungl.
1483 2341 122 36 Maj:ts

107 2411 130 37 förslag
260 2408 127 38 (punkt
409 2407 46 33 11,
478 2416 24 19 s.
524 2406 15 28 7
562 2404 64 30 och
647 2405 51 33 8),
718 2402 106 29 vilket
845 2399 145 31 innebär
1011 2407 41 21 en
1074 2397 79 30 med
1174 2397 18 29 2
1207 2394 62 31 000
1291 2395 129 28 kronor
1441 2390 164 31 minskad

108 2457 328 39 medelsanvisning,
460 2454 202 31 hemställer
684 2448 181 43 utskottet,
