1874 2776
208 155 19 28 4
579 154 287 31 Statsutskottets
885 154 180 31 utlåtande
1082 164 43 21 nr
1142 155 42 30 40
1201 156 40 30 år
1260 156 84 29 1958

210 238 138 40 Frågan
365 238 175 31 huruvida
557 238 251 41 ridhusbygget
826 239 62 30 bör
906 238 175 41 fullföljas
1099 239 67 30 blir
1184 239 121 32 därför
1328 240 6 30 i
1352 240 68 41 hög
1438 241 85 39 grad
1540 241 173 31 beroende

211 298 42 20 av
270 289 12 30 i
299 289 66 30 vad
384 288 83 31 mån
484 288 397 41 livgardesskvadronen
898 289 160 30 kommer
1077 292 49 28 att
1145 290 142 30 beröras
1306 300 42 20 av
1365 290 42 31 de
1425 291 288 40 omorganisatio-

210 347 74 26 ner,
302 348 75 21 som
394 339 121 30 kunna
531 339 93 30 bliva
640 348 44 21 en
702 339 91 40 följd
810 349 42 20 av
868 339 58 30 det
944 340 211 30 kommande
1174 340 316 31 försvarsbeslutet.
1509 341 131 40 Anslag
1658 341 54 31 för

211 388 269 41 ridhusbyggets
506 388 228 41 fullföljande
760 389 62 30 bör
847 389 121 30 därför
995 389 190 40 självfallet
1211 390 77 30 icke
1315 390 36 31 få
1377 391 186 40 utnyttjas,
1591 391 122 30 förrän

210 439 139 30 klarhet
367 439 143 31 vunnits
528 439 12 30 i
558 439 117 30 denna
694 439 109 40 fråga.
823 440 177 30 Utskottet
1018 440 60 30 vill
1097 440 194 31 emellertid
1309 440 76 31 icke
1403 442 168 30 motsätta
1591 442 51 39 sig
1662 444 50 28 att

211 489 113 30 medel
344 488 140 31 anvisas
503 489 12 30 i
534 489 154 40 enlighet
707 490 81 30 med
807 490 126 39 Kungl.
954 490 125 39 Maj:ts
1099 490 132 40 förslag
1252 500 79 21 men
1352 490 206 32 förutsätter
1578 492 134 34 därvid,

211 541 51 28 att
282 539 139 30 medlen
440 539 76 30 icke
536 542 98 37 tagas
655 539 12 30 i
688 540 164 40 anspråk,
873 539 122 31 förrän
1016 540 113 31 beslut
1150 540 124 31 fattats
1294 550 57 21 om
1372 541 341 40 livgardesskvadro-

210 598 89 21 nens
322 589 166 41 ställning
510 589 96 31 inom
630 589 68 31 den
722 599 69 31 nya
813 589 452 41 försvarsorganisationen.
1289 591 176 31 Utskottet
1487 591 60 30 vill
1570 591 54 31 till
1649 592 63 31 sist

210 639 247 40 understryka,
477 642 50 28 att
547 639 162 41 åtgärder
729 640 86 34 icke,
836 640 115 30 såsom
971 640 12 30 i
1003 641 95 30 detta
1118 640 62 31 fall
1201 641 104 34 skett,
1323 641 169 40 vidtagas,
1512 642 111 30 innan
1643 652 70 20 me-

210 689 56 31 del
285 699 43 20 av
346 689 186 40 riksdagen
552 690 156 30 anvisats
727 689 55 31 för
800 700 42 20 av
860 691 127 39 Kungl.
1007 691 104 40 Maj:t
1131 690 199 41 föreslagna
1349 691 194 32 ändamål.>

443 2461 96 24 580420
578 2458 168 25 Stockholm
768 2458 75 25 1958.
864 2459 80 24 Isaac
965 2459 112 24 Marcus
1097 2458 188 32 Boktryckeri
1306 2458 170 31 Aktiebolag
