2124 2611
337 190 20 30 4
807 196 92 30 Stats-
912 192 156 45 Utskottets
1082 200 147 29 Utlåtande
1255 201 52 28 N:o
1332 204 48 25 83.

295 284 46 33 för
368 284 135 42 lindring
531 286 33 32 af
590 286 35 32 de
653 289 80 31 mest
761 289 194 41 betungande
984 290 245 41 skjutsstationer
1258 292 95 32 måtte
1390 292 87 42 höjas
1505 293 49 32 till
1582 293 310 34 Tvåhundrafemtio-

294 338 87 32 tusen
409 338 123 39 kronor;
564 340 55 31 och

452 391 88 41 14:0)
570 393 43 31 Af
637 393 81 32 Herr
747 395 164 32 Johannes
945 397 180 41 Bengtsson
1153 397 23 40 (i
1205 398 115 32 motion
1354 399 60 31 N:o
1461 400 96 40 138),
1601 400 46 31 att
1690 400 206 42 skjutsnings-

294 444 142 32 besväret
456 444 95 33 måtte
571 445 38 41 på
628 446 102 32 staten
751 448 189 41 öfverflyttas
961 449 55 31 och
1046 450 203 32 kostnaderna
1277 452 46 31 för
1352 452 68 32 dess
1449 453 170 40 utgörande
1654 453 33 31 af
1712 454 101 31 staten
1841 454 62 31 be-'

293 496 113 31 stridas
435 497 75 31 eller
538 498 54 30 ock
619 498 117 31 lindras
764 509 110 30 genom
902 501 174 41 förhöjning
1116 502 9 30 i
1162 503 55 30 den
1246 513 40 21 nu
1315 504 162 31 bestämda
1506 504 189 41 skjutslegan
1723 506 49 30 till
1799 507 95 30 minst

292 546 52 33 två
371 547 152 33 riksdaler
550 559 53 30 per
631 550 66 31 mil.

447 601 161 41 Missnöjet
636 603 70 31 med
735 603 333 42 skjutsningsbesväret
1095 607 56 31 har
1180 608 93 31 sedan
1301 608 73 40 lång
1401 609 44 31 tid
1474 609 130 32 tillbaka
1632 610 99 31 funnit
1772 611 122 40 uttryck

292 651 44 31 uti
364 651 113 32 talrika
505 652 50 31 vid
583 653 200 42 riksdagarne
812 656 108 32 väckta
950 657 149 32 motioner
1127 659 8 30 i
1165 659 82 31 detta
1277 662 99 31 ämne,
1433 661 98 31 Dessa
1560 661 92 31 hafva
1680 661 91 31 också
1804 663 89 39 gifvit

292 703 166 42 anledning
484 704 49 32 till
560 706 147 40 förnyade
734 706 152 42 åtgärder,
916 709 199 42 hvarigenom
1144 721 71 21 man
1245 712 66 31 sökt
1340 712 111 32 bereda
1479 713 135 42 lindring
1642 713 9 31 i
1677 714 134 31 nämnda
1840 715 51 31 be-

292 759 83 28 svär.
430 756 107 32 Såsom
579 758 57 31 den
678 759 164 41 vigtigaste
876 762 93 30 bland
999 763 88 30 dessa
1117 763 141 38 åtgärder
1285 765 86 31 torde
1400 765 101 31 kunna
1530 775 88 22 anses
1647 766 188 31 inrättandet
1863 767 34 31 af

293 808 345 42 skjutsentreprenader,
656 811 55 31 och
739 822 110 31 genom
878 814 70 31 dem
977 818 32 27 är
1037 816 219 41 obestrilligen
1285 817 44 31 ett
1357 817 112 41 vigtigt
1497 818 68 40 steg
1591 819 87 39 taget
1704 818 49 31 till
1772 819 118 31 undan-

291 860 162 41 rödjandet
494 862 35 31 af
553 862 348 43 skjutsningsbesvärets
930 866 135 41 menliga
1090 867 144 32 inverkan
1263 869 38 40 på
1324 869 193 41 jordbruket.
1572 871 106 40 Enligt
1707 871 35 31 de
1770 871 121 40 uppgif-

291 913 58 38 ter,
392 922 67 22 som
500 913 10 31 i
551 913 278 35 Stats-Utskottets
871 918 158 33 utlåtande
1059 920 73 40 (N:o
1163 920 60 40 98)
1253 920 156 41 angående
1439 922 84 31 detta
1552 926 88 28 ämne
1669 923 50 31 vid
1747 924 146 31 nästlidet

291 965 48 31 års
380 966 127 41 riksdag
546 967 211 39 meddelades,
789 979 70 23 voro
888 972 94 31 redan
1012 971 32 32 år
1076 973 94 31 1870
1201 974 234 40 entreprenader
1463 974 154 33 inrättade
1646 975 48 32 vid
1727 976 66 32 951
1826 977 69 31 utaf

291 1017 93 32 rikets
418 1020 106 36 1,524
554 1020 225 40 gästgifverier.

445 1070 353 43 Skjutsningsbesvärets
841 1075 155 33 ordnande
1038 1076 37 41 på
1116 1077 57 32 den
1214 1079 109 40 grund,
1364 1080 45 30 att
1438 1079 55 32 den
1521 1080 129 31 resande
1678 1080 81 41 finge
1788 1081 103 32 betala

293 1122 151 40 skjutsens
486 1124 78 30 fulla
605 1122 114 42 värde?
751 1130 32 26 är
825 1128 156 40 onekligen
1017 1129 9 29 i
1053 1130 104 39 regeln
1185 1130 117 40 riktigt,
1333 1141 69 21 men
1431 1133 44 30 ett
1501 1132 202 40 tillämpande
1733 1134 34 29 af
1793 1134 98 31 denna

292 1174 168 40 grundsats
488 1175 98 32 skulle
609 1177 234 41 .otvifvelaktigt
870 1179 70 31 leda
969 1180 124 38 derhän,
1124 1182 46 30 att
1198 1182 189 41 skjutslegan
1417 1183 17 30 &
1461 1183 112 41 många
1602 1185 81 30 orter
1703 1184 122 31 komme
1846 1186 46 30 att

290 1225 103 41 uppgå
432 1226 49 31 till
514 1226 34 32 så
575 1228 79 40 höga
683 1229 120 41 belopp,
835 1231 45 31 att
908 1232 204 32 samfärdseln
1142 1233 177 41 derioenom
1348 1235 97 31 skulle
1474 1235 64 31 helt
1567 1236 55 30 och
1649 1235 94 32 hållet
1772 1237 117 30 förhin-

292 1278 83 31 dras.
429 1278 48 31 Då
504 1280 173 32 emellertid
704 1282 222 32 samfärdselns
954 1284 211 40 befrämjande
1193 1289 32 27 är
1254 1296 35 21 en
1317 1286 46 31 för
1383 1288 100 30 staten
1504 1287 192 41 synnerligen
1717 1288 97 41 vigtig
1834 1298 54 21 an-

290 1329 194 40 gelägenhet,
527 1340 88 31 synes
651 1332 117 32 således
798 1334 50 31 det
876 1335 173 31 allmännas
1077 1336 129 32 intresse
1237 1338 102 40 bjuda,
1370 1339 45 30 att
1442 1339 190 31 fortfarande
1662 1340 43 31 ett
1733 1340 76 31 visst
1836 1341 52 30 be-

290 1381 70 40 lopp
401 1382 200 34 bestämmes,
644 1385 119 31 utöfver
804 1386 116 31 hvilket
952 1387 190 41 skjutslegan
1172 1389 24 40 ej
1226 1389 51 31 må
1305 1390 111 40 uppgå.
1471 1390 154 32 Afseende
1653 1401 88 30 synes
1770 1392 75 31 dock
1873 1392 16 31 å

289 1433 97 31 andra
414 1434 88 31 sidan
531 1435 88 31 äfven
647 1436 74 32 böra
749 1437 96 32 fästas
874 1438 82 38 derå,
987 1440 45 30 att
1061 1440 55 31 den
1145 1441 169 40 betalning,
1345 1452 66 21 som
1441 1442 56 32 den
1526 1443 176 40 skjutsande
1722 1453 70 31 eger
1813 1454 74 30 upp-

289 1486 85 37 bära,
404 1485 10 31 i
441 1486 100 40 någon
568 1487 72 31 mån
669 1489 174 32 motsvarar
872 1490 152 41 skjutsens
1054 1492 107 37 värde;
1193 1493 56 30 och
1268 1494 86 31 torde
1374 1495 71 31 med
1465 1494 116 41 hänsyn
1600 1495 106 31 härtill
1725 1495 35 31 de
1781 1495 107 32 väckta

289 1537 155 40 förslagen
473 1547 49 22 om
551 1538 205 42 skjutslegans
785 1541 130 41 höjande
944 1543 129 40 förtjena
1099 1545 284 39 uppmärksamhet.
1438 1546 67 31 Den
1526 1546 144 40 lindring,
1693 1556 65 22 som
1778 1557 109 30 genom

272 1583 52 37 en
365 1589 174 41 förhöjning
580 1591 34 31 af
638 1591 90 41 legan
758 1593 97 31 skulle
885 1594 126 31 beredas
1040 1595 35 31 de
1104 1596 340 42 skjulsningsskyldige,
1476 1608 88 30 synes
1593 1598 34 31 så
1654 1599 121 40 mycket
1802 1609 85 22 mera

290 1641 183 40 berättigad,
504 1652 66 21 som
599 1643 56 32 den
684 1644 157 32 allmänna
868 1646 212 41 prisstegring,
1110 1648 121 32 hvilken
1259 1648 38 41 på
1325 1659 106 22 senare
1460 1650 78 31 tider
1566 1651 51 39 egt
1644 1661 78 28 rum,
1752 1652 135 31 förorsa-

290 1693 63 38 kat,
384 1694 46 31 att
458 1694 35 32 de
522 1704 40 21 nu
589 1695 145 40 gällande
762 1697 218 41 legobeloppen
1008 1698 10 31 i
1047 1699 169 33 allmänhet
1244 1701 187 41 väseudtligt
1451 1702 180 41 understiga
1652 1703 80 31 hvad
1752 1703 135 41 skjutsen

289 1745 95 32 under
411 1747 178 30 nuvarande
617 1748 212 32 förhållanden
859 1750 58 30 kan
946 1760 89 22 anses
1064 1762 72 21 vara
1166 1753 85 30 värd.
1318 1754 33 30 En
1379 1754 175 41 förhöjning
1582 1755 33 31 af
1631 1755 98 32 denna
1749 1756 69 40 lega
1838 1766 49 31 Sy-

286 1807 52 21 nes
381 1797 118 33 således
535 1799 34 31 af
592 1800 144 32 behofvet
762 1801 157 40 påkallad.
975 1802 70 32 Men
1075 1803 37 32 då
1139 1805 51 30 det
1218 1805 48 31 vid
1295 1805 82 31 förra
1405 1805 164 41 riksdagen
1599 1807 33 31 af
1658 1807 155 32 Utskottet
1841 1809 45 31 af-

285 1849 85 40 gifna
398 1850 118 41 förslag
542 1851 49 30 till
619 1852 145 40 höjandet
792 1854 34 30 af
851 1854 190 41 skjutslegan
1070 1856 50 30 vid
1149 1857 62 30 alla
1240 1857 259 40 skjutsstationer,
1530 1859 169 31 oberoende
1726 1860 89 31 deraf
1830 1860 56 31 hu-

285 1901 109 31 ruvida
424 1903 235 40 entreprenader
689 1905 157 31 derstädes
874 1906 103 31 Mifvit
1005 1906 151 33 inrättade
1185 1909 74 30 eller
1288 1908 37 41 ej,
1355 1909 65 32 icke
1456 1919 79 21 vann
1564 1911 192 40 Riksdagens
1785 1912 100 39 bifall,

285 1954 82 30 samt
409 1953 38 31 då
487 1964 71 21 man
598 1955 48 31 vid
674 1956 182 40 föregående
884 1957 162 42 riksdagar
1074 1959 135 41 alltjemt
1237 1960 67 31 sökt
1332 1970 94 22 mana
1455 1961 49 31 till
1533 1962 353 41 skjutsentreprenaders

284 2005 173 31 inrättande
485 2015 110 31 genom
624 2008 46 30 att
697 2008 112 31 bereda
837 2009 134 31 fördelar
1001 2010 30 31 åt
1059 2012 36 30 de
1124 2012 159 36 stationer,
1316 2012 53 31 der
1393 2013 135 40 skjutsen
1548 2014 38 39 på
1606 2014 110 32 sådant
1735 2016 60 30 sält
1814 2016 73 30 blif-

284 2057 44 31 vit
368 2057 127 39 ordnad,
531 2058 56 31 har
614 2059 158 32 Utskottet
800 2061 101 31 ansett
929 2061 46 40 sig
1004 2063 109 31 endast
1140 2064 74 30 böra
1243 2064 122 38 föreslå,
1402 2065 45 31 att
1475 2065 90 40 legan
1594 2067 45 30 för
1668 2068 217 39 entreprenad-

283 2108 97 41 skjuts
409 2109 96 32 måtte
533 2110 99 41 höjas.
688 2112 44 31 De
763 2112 226 39 förhållanden,
1020 2124 64 21 som
1114 2115 82 31 förut
1223 2116 154 31 föranledt
1397 2117 159 31 skilnaden
1577 2118 131 31 emellan
1729 2119 89 40 legan
1839 2120 47 31 för

281 2161 103 31 landt-
427 2161 55 31 och
524 2162 196 41 stadsskjuts,
763 2165 86 30 torde
878 2175 128 21 numera
1035 2167 9 30 i
1073 2167 173 41 väsendtlig
1273 2167 71 31 mån
1372 2169 93 30 hafva
1493 2169 183 38 förändrats,
1707 2171 81 31 helst
1816 2172 70 31 med

282 2212 117 31 visshet
425 2213 86 31 torde
540 2213 101 32 kunna
670 2216 142 40 antagas,
844 2217 44 30 att
916 2217 9 30 i
954 2218 170 31 allmänhet
1151 2218 225 41 landtskjutsen
1405 2220 9 30 i
1443 2221 35 30 de
1506 2230 91 22 norra
1625 2222 196 39 provinserna
1853 2227 32 27 är

281 2264 46 30 för
356 2264 55 31 den
441 2264 328 43 skjutsningsskyldige
798 2267 70 31 vida
897 2268 109 39 dyrare
1035 2273 36 27 än
1101 2270 224 40 stadsskjutsen
1354 2271 38 40 på
1419 2271 112 41 många
1560 2274 110 30 ställen
1690 2274 82 31 inom
1794 2275 90 31 södra

281 2315 57 31 och
379 2316 158 31 mellersta
579 2316 135 41 Sverige.
770 2319 53 31 Ett
862 2319 216 33 bibehållande
1126 2323 34 29 af
1184 2322 134 31 nämnda
1347 2323 121 31 skilnad
1496 2333 88 31 synes
1614 2325 118 31 derföre
1761 2326 64 31 icke
1854 2327 34 31 af
