1886 2838
323 151 19 31 4
690 153 318 34 Bankoutskottets
1035 155 189 33 utlåtande
1249 158 49 31 Nr
1324 159 51 30 11.

278 228 116 31 sioner
420 230 56 31 till
502 231 23 32 f.
549 231 32 31 d.
604 231 362 38 befattningshavare
990 234 62 31 vid
1076 234 203 37 tullverket,
1306 236 195 32 lotsverket
1524 240 94 29 samt
1644 240 138 35 patent-

278 281 64 31 och
361 282 391 38 registreringsverket.

321 337 119 31 Under
462 338 212 36 åberopande
697 349 45 21 av
765 339 55 32 det
843 340 145 31 anförda
1010 341 54 31 får
1087 341 166 32 utskottet
1277 360 39 4 —
1341 343 77 32 med
1434 344 214 38 hänvisning
1665 345 55 32 till
1736 347 50 30 att

278 389 164 32 utskottet
465 390 13 31 i
501 391 179 31 utlåtande
711 402 43 21 nr
777 391 40 31 63
842 392 112 32 denna
987 393 67 37 dag
1089 394 171 37 tillstyrkt
1293 395 57 31 det
1384 406 124 26 genom
1541 398 244 32 ovannämnda

276 443 210 35 proposition
509 453 43 21 nr
572 444 40 30 15
636 444 194 36 framlagda
853 445 223 37 lagförslaget
1100 464 42 4 —
1165 447 65 31 här
1245 447 193 38 hemställa,
1455 451 52 29 att
1522 450 188 37 riksdagen
1726 452 59 30 må

721 531 75 31 dels
824 532 57 31 till
903 534 252 36 pensionering
1177 543 45 22 av
1247 535 107 31 civila
1381 536 330 36 tjänstinnehavare
1732 538 53 31 för

678 583 200 37 budgetåret
921 583 188 43 1935/1936
1155 586 123 31 anvisa
1322 588 50 30 ett
1416 588 280 38 förslagsanslag
1741 600 44 21 av

683 635 172 37 2,645,000
879 636 142 37 kronor;

720 688 76 31 dels
830 688 66 32 ock
931 689 171 37 medgiva,
1135 691 51 30 att
1218 701 45 20 av
1297 692 152 31 nämnda
1479 693 122 37 anslag
1625 695 57 29 må
1706 693 79 31 från

677 740 61 31 och
762 740 77 31 med
862 740 203 38 budgetåret
1088 741 186 43 1935/1936
1299 744 168 31 bestridas
1489 745 132 36 jämväl
1644 746 41 31 de
1708 755 77 27 pen-

676 792 124 36 sioner,
834 803 73 21 som
942 794 76 31 med
1045 794 227 38 tillämpning
1294 806 45 21 av
1363 796 102 37 lagen
1489 797 65 31 den
1579 798 40 30 11
1644 798 141 31 oktober

677 845 84 31 1907
785 847 54 36 (nr
862 845 56 38 85)
952 847 175 35 angående
1149 847 105 31 civila
1277 848 337 36 tjänstinnebavares
1636 852 70 30 rätt
1728 850 57 31 till

674 897 141 36 pension
854 898 163 37 beviljats
1055 899 86 31 eller
1178 900 148 37 beviljas
1364 901 322 37 tjänstinnehavare
1724 902 60 32 vid

673 949 198 37 tullverket,
912 950 186 33 lotsverket
1136 954 90 30 samt
1264 954 129 35 patent-
1432 954 62 31 och
1528 955 257 36 registrerings-

675 1002 128 31 verket.

318 1105 64 36 2:0)
407 1103 218 42 Avsättning
654 1104 63 32 till
740 1105 108 33 civila
870 1106 311 41 pensionsfonden
1206 1117 45 22 m.
1275 1118 45 22 m.
1367 1110 80 31 Med
1470 1110 246 38 tillstyrkande
1737 1122 46 20 av

275 1156 131 37 Kungl.
431 1157 118 36 Maj:ts
583 1157 109 31 under
726 1158 193 36 punkterna
943 1160 84 30 2—4
1051 1162 91 29 samt
1166 1161 106 31 7-—15
1296 1162 221 32 framställda
1540 1163 130 37 förslag
1694 1164 90 31 hem-

273 1209 121 31 ställer
417 1210 175 34 utskottet,

717 1273 51 30 att
790 1272 183 37 riksdagen
996 1274 59 30 må

718 1326 33 36 a)
768 1324 54 31 till
843 1327 205 35 avsättning
1065 1326 58 32 till
1138 1327 108 31 civila
1262 1329 299 36 pensionsfonden
1578 1330 52 30 för
1646 1330 138 36 budget-

673 1377 74 30 året
781 1375 186 42 1935/1936
1002 1379 124 30 anvisa
1159 1380 49 30 ett
1229 1380 121 37 anslag
1374 1391 46 20 av
1445 1381 173 37 1,600,000
1641 1382 142 36 kronor;

717 1429 34 38 b)
774 1429 56 31 till
863 1430 368 39 förvaltningsbidrag
1263 1432 57 32 till
1344 1433 222 32 civilstatens
1588 1434 107 32 änke-
1717 1435 66 31 och

674 1482 224 36 pupillkassa
931 1482 54 31 för
1008 1483 204 37 budgetåret
1236 1483 189 43 1935/1936
1446 1487 124 30 anvisa
1592 1488 48 29 ett
1663 1487 119 37 anslag

672 1544 45 20 av
741 1535 116 36 50,000
881 1535 142 36 kronor;

716 1588 30 36 ec)
769 1587 76 31 dels
878 1587 57 31 till
967 1589 346 37 pensionsreglering
1335 1590 59 36 för
1416 1591 25 35 f.
1466 1591 32 31 d.
1523 1591 108 31 civila
1656 1591 127 37 befatt-

671 1638 237 37 ningshavare
920 1640 13 30 i
945 1642 134 29 statens
1091 1641 113 36 tjänst
1216 1651 44 21 m.
1274 1642 40 35 fl.
1328 1644 230 34 pensionärer
1573 1643 54 31 för
1645 1643 138 37 budget-

671 1691 74 30 året
779 1690 186 41 1935/1936
1002 1692 122 31 anvisa
1158 1695 48 29 ett
1237 1694 279 38 förslagsanslag
1539 1706 45 20 av
1607 1695 174 37 3,000,000

673 1743 144 36 kronor;

716 1796 76 30 dels
825 1796 67 31 ock
926 1796 142 37 besluta,
1092 1799 51 29 att
1166 1798 229 32 kostnaderna
1419 1800 54 30 för
1495 1800 287 38 pensionstillägg

672 1847 62 32 och
777 1848 362 38 pensionsförhöjning
1182 1851 36 30 åt
1252 1851 23 31 f.
1310 1851 32 31 d.
1387 1851 348 38 befattningshavare
1769 1853 13 31 i

672 1901 130 30 statens
836 1901 109 36 tjänst
978 1912 45 20 m.
1048 1902 38 31 fl.
1111 1903 230 37 pensionärer,
1369 1904 98 31 vilka
1491 1906 94 30 varit
1608 1905 174 32 anställda

671 1953 61 31 vid
755 1954 206 36 postverket,
985 1955 274 37 telegrafverket,
1284 1958 129 30 statens
1434 1957 201 37 järnvägar,
1651 1959 132 30 statens

672 2005 290 32 vattenfallsverk
986 2007 61 30 och
1063 2009 130 29 statens
1210 2008 163 32 domäner
1388 2009 83 31 eller
1491 2010 60 31 vid
1566 2021 45 20 av
1627 2010 154 31 nämnda

672 2057 86 31 verk
795 2059 190 36 övertagna
1023 2059 133 37 företag
1195 2060 81 31 eller
1313 2061 247 38 inrättningar,
1596 2063 97 30 skola
1727 2062 54 31 be-

671 2109 125 31 stridas
829 2121 45 20 av
910 2111 41 31 de
974 2111 120 37 medel,
1117 2122 46 21 av
1185 2112 99 32 vilka
1308 2114 255 31 vederbörande
1586 2115 103 31 verks
1712 2125 69 21 om-

669 2161 184 32 kostnader
876 2164 12 30 i
912 2164 116 36 övrigt
1051 2165 133 35 täckas;

714 2214 33 38 d)
771 2214 56 31 till
850 2217 135 30 statens
1008 2216 106 32 andel
1129 2218 14 30 i
1157 2217 198 32 kostnaden
1378 2219 58 35 för
1459 2220 253 36 pensionering
1734 2229 45 22 av

668 2268 97 30 vissa
793 2267 184 38 överåriga
1011 2271 101 29 extra
1146 2270 322 36 provinsialläkare
1502 2271 54 31 för
1579 2271 202 38 budgetåret

671 2317 186 43 1935/1936
882 2321 120 30 anvisa
1026 2323 48 29 ett
1097 2322 280 37 förslagsanslag
1397 2333 44 20 av
1459 2323 117 35 18,000
1592 2324 143 36 kronor;

710 2372 32 37 e)
765 2372 56 31 till
856 2373 191 31 understöd
1082 2374 58 31 till
1173 2376 94 30 vissa
1301 2376 25 35 f.
1351 2376 32 30 d.
1408 2376 371 37 anställningshavare

667 2425 62 30 vid
762 2425 316 37 sinnessjukhusen
1113 2426 54 31 för
1200 2427 203 37 budgetåret
1436 2428 187 40 1935/1936
1656 2430 124 31 anvisa

672 2478 50 30 ett
744 2477 281 38 förslagsanslag
1047 2488 45 21 av
1117 2480 118 36 40,000
1259 2480 141 36 kronor;
