<?xml version="1.0" encoding="UTF-8"?>
<alto xmlns="http://www.loc.gov/standards/alto/ns-v3#" xmlns:xlink="http://www.w3.org/1999/xlink" xmlns:xsi="http://www.w3.org/2001/XMLSchema-instance" xsi:schemaLocation="http://www.loc.gov/standards/alto/ns-v3# http://www.loc.gov/alto/v3/alto-3-0.xsd">
	<Description>
		<MeasurementUnit>pixel</MeasurementUnit>
		<sourceImageInformation>
			<fileName>/tmp/tess_79el4w_r_input.PNG</fileName>
		</sourceImageInformation>
		<OCRProcessing ID="OCR_0">
			<ocrProcessingStep>
				<processingSoftware>
					<softwareName>tesseract 5.3.0</softwareName>
				</processingSoftware>
			</ocrProcessingStep>
		</OCRProcessing>
	</Description>
	<Layout>
		<Page WIDTH="1922" HEIGHT="2840" PHYSICAL_IMG_NR="0" ID="page_0">
			<PrintSpace HPOS="0" VPOS="0" WIDTH="1922" HEIGHT="2840">
				<ComposedBlock ID="cblock_0" HPOS="48" VPOS="2265" WIDTH="203" HEIGHT="272">
					<TextBlock ID="block_0" HPOS="48" VPOS="2265" WIDTH="203" HEIGHT="272">
						<TextLine ID="line_0" HPOS="87" VPOS="2265" WIDTH="128" HEIGHT="30">
							<String ID="string_0" HPOS="87" VPOS="2265" WIDTH="128" HEIGHT="30" WC="0.95" CONTENT="Tillfällig"/>
						</TextLine>
						<TextLine ID="line_1" HPOS="114" VPOS="2301" WIDTH="68" HEIGHT="23">
							<String ID="string_1" HPOS="114" VPOS="2301" WIDTH="68" HEIGHT="23" WC="0.90" CONTENT="löne-"/>
						</TextLine>
						<TextLine ID="line_2" HPOS="73" VPOS="2334" WIDTH="158" HEIGHT="31">
							<String ID="string_2" HPOS="73" VPOS="2334" WIDTH="158" HEIGHT="31" WC="0.95" CONTENT="förbättring"/>
						</TextLine>
						<TextLine ID="line_3" HPOS="93" VPOS="2368" WIDTH="113" HEIGHT="31">
							<String ID="string_3" HPOS="93" VPOS="2370" WIDTH="42" HEIGHT="29" WC="0.96" CONTENT="för"/><SP WIDTH="18" VPOS="2370" HPOS="135"/>
							<String ID="string_4" HPOS="153" VPOS="2368" WIDTH="53" HEIGHT="23" WC="0.96" CONTENT="viss"/>
						</TextLine>
						<TextLine ID="line_4" HPOS="77" VPOS="2402" WIDTH="127" HEIGHT="33">
							<String ID="string_5" HPOS="77" VPOS="2402" WIDTH="127" HEIGHT="33" WC="0.96" CONTENT="personal"/>
						</TextLine>
						<TextLine ID="line_5" HPOS="82" VPOS="2437" WIDTH="138" HEIGHT="25">
							<String ID="string_6" HPOS="82" VPOS="2440" WIDTH="71" HEIGHT="22" WC="0.95" CONTENT="inom"/><SP WIDTH="18" VPOS="2440" HPOS="153"/>
							<String ID="string_7" HPOS="171" VPOS="2437" WIDTH="49" HEIGHT="22" WC="0.96" CONTENT="den"/>
						</TextLine>
						<TextLine ID="line_6" HPOS="58" VPOS="2472" WIDTH="174" HEIGHT="24">
							<String ID="string_8" HPOS="58" VPOS="2472" WIDTH="78" HEIGHT="24" WC="0.80" CONTENT="ewila"/><SP WIDTH="18" VPOS="2472" HPOS="136"/>
							<String ID="string_9" HPOS="154" VPOS="2472" WIDTH="78" HEIGHT="22" WC="0.91" CONTENT="stats-"/>
						</TextLine>
						<TextLine ID="line_7" HPOS="48" VPOS="2506" WIDTH="203" HEIGHT="31">
							<String ID="string_10" HPOS="48" VPOS="2506" WIDTH="203" HEIGHT="31" WC="0.95" CONTENT="förvaltningen."/>
						</TextLine>
					</TextBlock>
				</ComposedBlock>
				<ComposedBlock ID="cblock_1" HPOS="107" VPOS="2548" WIDTH="93" HEIGHT="47">
					<TextBlock ID="block_1" HPOS="107" VPOS="2548" WIDTH="93" HEIGHT="47">
						<TextLine ID="line_8" HPOS="107" VPOS="2548" WIDTH="93" HEIGHT="47">
							<String ID="string_11" HPOS="107" VPOS="2548" WIDTH="93" HEIGHT="47" WC="0.88" CONTENT="[60.]"/>
						</TextLine>
					</TextBlock>
				</ComposedBlock>
				<ComposedBlock ID="cblock_2" HPOS="252" VPOS="178" WIDTH="1005" HEIGHT="45">
					<TextBlock ID="block_2" HPOS="252" VPOS="178" WIDTH="1005" HEIGHT="45">
						<TextLine ID="line_9" HPOS="252" VPOS="178" WIDTH="1005" HEIGHT="45">
							<String ID="string_12" HPOS="252" VPOS="192" WIDTH="40" HEIGHT="31" WC="0.96" CONTENT="66"/><SP WIDTH="443" VPOS="192" HPOS="292"/>
							<String ID="string_13" HPOS="735" VPOS="185" WIDTH="232" HEIGHT="29" WC="0.90" CONTENT="Statsutskottets"/><SP WIDTH="22" VPOS="185" HPOS="967"/>
							<String ID="string_14" HPOS="989" VPOS="183" WIDTH="146" HEIGHT="28" WC="0.95" CONTENT="utlåtande"/><SP WIDTH="22" VPOS="183" HPOS="1135"/>
							<String ID="string_15" HPOS="1157" VPOS="182" WIDTH="49" HEIGHT="27" WC="0.92" CONTENT="Nr"/><SP WIDTH="23" VPOS="182" HPOS="1206"/>
							<String ID="string_16" HPOS="1229" VPOS="178" WIDTH="28" HEIGHT="30" WC="0.81" CONTENT="6."/>
						</TextLine>
					</TextBlock>
				</ComposedBlock>
				<ComposedBlock ID="cblock_3" HPOS="251" VPOS="251" WIDTH="1513" HEIGHT="1665">
					<TextBlock ID="block_3" HPOS="251" VPOS="251" WIDTH="1504" HEIGHT="248">
						<TextLine ID="line_10" HPOS="251" VPOS="251" WIDTH="1502" HEIGHT="55">
							<String ID="string_17" HPOS="251" VPOS="268" WIDTH="53" HEIGHT="30" WC="0.96" CONTENT="för"/><SP WIDTH="22" VPOS="268" HPOS="304"/>
							<String ID="string_18" HPOS="326" VPOS="267" WIDTH="111" HEIGHT="39" WC="0.95" CONTENT="någon"/><SP WIDTH="29" VPOS="267" HPOS="437"/>
							<String ID="string_19" HPOS="466" VPOS="263" WIDTH="51" HEIGHT="32" WC="0.95" CONTENT="tid"/><SP WIDTH="27" VPOS="263" HPOS="517"/>
							<String ID="string_20" HPOS="544" VPOS="263" WIDTH="121" HEIGHT="31" WC="0.96" CONTENT="framåt"/><SP WIDTH="22" VPOS="263" HPOS="665"/>
							<String ID="string_21" HPOS="687" VPOS="260" WIDTH="115" HEIGHT="32" WC="0.96" CONTENT="kunde"/><SP WIDTH="23" VPOS="260" HPOS="802"/>
							<String ID="string_22" HPOS="825" VPOS="269" WIDTH="101" HEIGHT="22" WC="0.95" CONTENT="anses"/><SP WIDTH="23" VPOS="269" HPOS="926"/>
							<String ID="string_23" HPOS="949" VPOS="258" WIDTH="82" HEIGHT="41" WC="0.96" CONTENT="fylla"/><SP WIDTH="23" VPOS="258" HPOS="1031"/>
							<String ID="string_24" HPOS="1054" VPOS="256" WIDTH="129" HEIGHT="41" WC="0.95" CONTENT="skäliga"/><SP WIDTH="22" VPOS="256" HPOS="1183"/>
							<String ID="string_25" HPOS="1205" VPOS="254" WIDTH="150" HEIGHT="41" WC="0.95" CONTENT="anspråk"/><SP WIDTH="21" VPOS="254" HPOS="1355"/>
							<String ID="string_26" HPOS="1376" VPOS="253" WIDTH="11" HEIGHT="31" WC="0.96" CONTENT="i"/><SP WIDTH="22" VPOS="253" HPOS="1387"/>
							<String ID="string_27" HPOS="1409" VPOS="252" WIDTH="94" HEIGHT="42" WC="0.96" CONTENT="fråga"/><SP WIDTH="23" VPOS="252" HPOS="1503"/>
							<String ID="string_28" HPOS="1526" VPOS="263" WIDTH="55" HEIGHT="20" WC="0.96" CONTENT="om"/><SP WIDTH="26" VPOS="263" HPOS="1581"/>
							<String ID="string_29" HPOS="1607" VPOS="251" WIDTH="146" HEIGHT="41" WC="0.96" CONTENT="skyddat"/>
						</TextLine>
						<TextLine ID="line_11" HPOS="251" VPOS="302" WIDTH="1501" HEIGHT="55">
							<String ID="string_30" HPOS="251" VPOS="317" WIDTH="84" HEIGHT="40" WC="0.93" CONTENT="läge,"/><SP WIDTH="35" VPOS="317" HPOS="335"/>
							<String ID="string_31" HPOS="370" VPOS="314" WIDTH="142" HEIGHT="42" WC="0.92" CONTENT="djuplek"/><SP WIDTH="34" VPOS="314" HPOS="512"/>
							<String ID="string_32" HPOS="546" VPOS="313" WIDTH="64" HEIGHT="31" WC="0.93" CONTENT="och"/><SP WIDTH="33" VPOS="313" HPOS="610"/>
							<String ID="string_33" HPOS="643" VPOS="311" WIDTH="191" HEIGHT="43" WC="0.89" CONTENT="rymlighet,"/><SP WIDTH="34" VPOS="311" HPOS="834"/>
							<String ID="string_34" HPOS="868" VPOS="309" WIDTH="64" HEIGHT="32" WC="0.96" CONTENT="och"/><SP WIDTH="34" VPOS="309" HPOS="932"/>
							<String ID="string_35" HPOS="966" VPOS="308" WIDTH="73" HEIGHT="31" WC="0.96" CONTENT="dels"/><SP WIDTH="35" VPOS="308" HPOS="1039"/>
							<String ID="string_36" HPOS="1074" VPOS="309" WIDTH="49" HEIGHT="29" WC="0.96" CONTENT="att"/><SP WIDTH="32" VPOS="309" HPOS="1123"/>
							<String ID="string_37" HPOS="1155" VPOS="316" WIDTH="123" HEIGHT="31" WC="0.95" CONTENT="genom"/><SP WIDTH="35" VPOS="316" HPOS="1278"/>
							<String ID="string_38" HPOS="1313" VPOS="302" WIDTH="220" HEIGHT="33" WC="0.95" CONTENT="anordnande"/><SP WIDTH="34" VPOS="302" HPOS="1533"/>
							<String ID="string_39" HPOS="1567" VPOS="313" WIDTH="40" HEIGHT="20" WC="0.96" CONTENT="av"/><SP WIDTH="33" VPOS="313" HPOS="1607"/>
							<String ID="string_40" HPOS="1640" VPOS="312" WIDTH="112" HEIGHT="20" WC="0.96" CONTENT="annan"/>
						</TextLine>
						<TextLine ID="line_12" HPOS="251" VPOS="347" WIDTH="1504" HEIGHT="60">
							<String ID="string_41" HPOS="251" VPOS="366" WIDTH="197" HEIGHT="41" WC="0.90" CONTENT="hamnplats"/><SP WIDTH="36" VPOS="366" HPOS="448"/>
							<String ID="string_42" HPOS="484" VPOS="363" WIDTH="184" HEIGHT="42" WC="0.96" CONTENT="tillgodose"/><SP WIDTH="36" VPOS="363" HPOS="668"/>
							<String ID="string_43" HPOS="704" VPOS="359" WIDTH="256" HEIGHT="43" WC="0.92" CONTENT="ifrågavarande"/><SP WIDTH="37" VPOS="359" HPOS="960"/>
							<String ID="string_44" HPOS="997" VPOS="359" WIDTH="110" HEIGHT="30" WC="0.90" CONTENT="orters"/><SP WIDTH="38" VPOS="359" HPOS="1107"/>
							<String ID="string_45" HPOS="1145" VPOS="356" WIDTH="113" HEIGHT="32" WC="0.96" CONTENT="behov"/><SP WIDTH="34" VPOS="356" HPOS="1258"/>
							<String ID="string_46" HPOS="1292" VPOS="366" WIDTH="40" HEIGHT="19" WC="0.96" CONTENT="av"/><SP WIDTH="34" VPOS="366" HPOS="1332"/>
							<String ID="string_47" HPOS="1366" VPOS="347" WIDTH="389" HEIGHT="52" WC="0.90" CONTENT="sjökommunikationer"/>
						</TextLine>
						<TextLine ID="line_13" HPOS="253" VPOS="402" WIDTH="1502" HEIGHT="47">
							<String ID="string_48" HPOS="253" VPOS="420" WIDTH="161" HEIGHT="29" WC="0.96" CONTENT="ävensom"/><SP WIDTH="29" VPOS="420" HPOS="414"/>
							<String ID="string_49" HPOS="443" VPOS="413" WIDTH="214" HEIGHT="33" WC="0.96" CONTENT="beträffande"/><SP WIDTH="25" VPOS="413" HPOS="657"/>
							<String ID="string_50" HPOS="682" VPOS="411" WIDTH="233" HEIGHT="32" WC="0.96" CONTENT="kostnaderna"/><SP WIDTH="21" VPOS="411" HPOS="915"/>
							<String ID="string_51" HPOS="936" VPOS="409" WIDTH="53" HEIGHT="31" WC="0.96" CONTENT="för"/><SP WIDTH="22" VPOS="409" HPOS="989"/>
							<String ID="string_52" HPOS="1011" VPOS="408" WIDTH="42" HEIGHT="31" WC="0.96" CONTENT="de"/><SP WIDTH="24" VPOS="408" HPOS="1053"/>
							<String ID="string_53" HPOS="1077" VPOS="407" WIDTH="90" HEIGHT="32" WC="0.96" CONTENT="olika"/><SP WIDTH="22" VPOS="407" HPOS="1167"/>
							<String ID="string_54" HPOS="1189" VPOS="404" WIDTH="190" HEIGHT="38" WC="0.96" CONTENT="alternativ,"/><SP WIDTH="24" VPOS="404" HPOS="1379"/>
							<String ID="string_55" HPOS="1403" VPOS="414" WIDTH="73" HEIGHT="21" WC="0.95" CONTENT="som"/><SP WIDTH="24" VPOS="414" HPOS="1476"/>
							<String ID="string_56" HPOS="1500" VPOS="402" WIDTH="116" HEIGHT="32" WC="0.93" CONTENT="kunde"/><SP WIDTH="22" VPOS="402" HPOS="1616"/>
							<String ID="string_57" HPOS="1638" VPOS="402" WIDTH="117" HEIGHT="40" WC="0.91" CONTENT="ifråga-"/>
						</TextLine>
						<TextLine ID="line_14" HPOS="252" VPOS="468" WIDTH="145" HEIGHT="31">
							<String ID="string_58" HPOS="252" VPOS="468" WIDTH="145" HEIGHT="31" WC="0.96" CONTENT="komma."/>
						</TextLine>
					</TextBlock>
					<TextBlock ID="block_4" HPOS="253" VPOS="502" WIDTH="1504" HEIGHT="403">
						<TextLine ID="line_15" HPOS="306" VPOS="502" WIDTH="1450" HEIGHT="53">
							<String ID="string_59" HPOS="306" VPOS="518" WIDTH="18" HEIGHT="31" WC="0.96" CONTENT="I"/><SP WIDTH="24" VPOS="518" HPOS="324"/>
							<String ID="string_60" HPOS="348" VPOS="515" WIDTH="245" HEIGHT="40" WC="0.95" CONTENT="sammanhang"/><SP WIDTH="22" VPOS="515" HPOS="593"/>
							<String ID="string_61" HPOS="615" VPOS="513" WIDTH="77" HEIGHT="31" WC="0.96" CONTENT="med"/><SP WIDTH="23" VPOS="513" HPOS="692"/>
							<String ID="string_62" HPOS="715" VPOS="511" WIDTH="157" HEIGHT="43" WC="0.96" CONTENT="uppdrag"/><SP WIDTH="23" VPOS="511" HPOS="872"/>
							<String ID="string_63" HPOS="895" VPOS="512" WIDTH="34" HEIGHT="29" WC="0.93" CONTENT="åt"/><SP WIDTH="13" VPOS="512" HPOS="929"/>
							<String ID="string_64" HPOS="942" VPOS="507" WIDTH="331" HEIGHT="44" WC="0.91" CONTENT="järnvägsstyrelsen"/><SP WIDTH="17" VPOS="507" HPOS="1273"/>
							<String ID="string_65" HPOS="1290" VPOS="507" WIDTH="50" HEIGHT="29" WC="0.96" CONTENT="att"/><SP WIDTH="14" VPOS="507" HPOS="1340"/>
							<String ID="string_66" HPOS="1354" VPOS="503" WIDTH="185" HEIGHT="33" WC="0.96" CONTENT="verkställa"/><SP WIDTH="15" VPOS="503" HPOS="1539"/>
							<String ID="string_67" HPOS="1554" VPOS="502" WIDTH="202" HEIGHT="41" WC="0.96" CONTENT="fullständig"/>
						</TextLine>
						<TextLine ID="line_16" HPOS="253" VPOS="553" WIDTH="1502" HEIGHT="54">
							<String ID="string_68" HPOS="253" VPOS="566" WIDTH="259" HEIGHT="41" WC="0.96" CONTENT="undersökning"/><SP WIDTH="32" VPOS="566" HPOS="512"/>
							<String ID="string_69" HPOS="544" VPOS="563" WIDTH="174" HEIGHT="43" WC="0.96" CONTENT="angående"/><SP WIDTH="25" VPOS="563" HPOS="718"/>
							<String ID="string_70" HPOS="743" VPOS="561" WIDTH="206" HEIGHT="42" WC="0.95" CONTENT="anläggning"/><SP WIDTH="21" VPOS="561" HPOS="949"/>
							<String ID="string_71" HPOS="970" VPOS="571" WIDTH="40" HEIGHT="19" WC="0.95" CONTENT="av"/><SP WIDTH="23" VPOS="571" HPOS="1010"/>
							<String ID="string_72" HPOS="1033" VPOS="570" WIDTH="42" HEIGHT="20" WC="0.93" CONTENT="en"/><SP WIDTH="24" VPOS="570" HPOS="1075"/>
							<String ID="string_73" HPOS="1099" VPOS="557" WIDTH="178" HEIGHT="33" WC="0.91" CONTENT="statsbana"/><SP WIDTH="22" VPOS="557" HPOS="1277"/>
							<String ID="string_74" HPOS="1299" VPOS="556" WIDTH="73" HEIGHT="31" WC="0.96" CONTENT="från"/><SP WIDTH="23" VPOS="556" HPOS="1372"/>
							<String ID="string_75" HPOS="1395" VPOS="553" WIDTH="170" HEIGHT="42" WC="0.93" CONTENT="Morjärvs"/><SP WIDTH="22" VPOS="553" HPOS="1565"/>
							<String ID="string_76" HPOS="1587" VPOS="553" WIDTH="168" HEIGHT="41" WC="0.90" CONTENT="järnvägs-"/>
						</TextLine>
						<TextLine ID="line_17" HPOS="254" VPOS="603" WIDTH="1501" HEIGHT="48">
							<String ID="string_77" HPOS="254" VPOS="619" WIDTH="128" HEIGHT="32" WC="0.96" CONTENT="station"/><SP WIDTH="23" VPOS="619" HPOS="382"/>
							<String ID="string_78" HPOS="405" VPOS="618" WIDTH="84" HEIGHT="31" WC="0.96" CONTENT="efter"/><SP WIDTH="22" VPOS="618" HPOS="489"/>
							<String ID="string_79" HPOS="511" VPOS="616" WIDTH="103" HEIGHT="32" WC="0.96" CONTENT="Kalix"/><SP WIDTH="23" VPOS="616" HPOS="614"/>
							<String ID="string_80" HPOS="637" VPOS="615" WIDTH="53" HEIGHT="31" WC="0.96" CONTENT="älv"/><SP WIDTH="21" VPOS="615" HPOS="690"/>
							<String ID="string_81" HPOS="711" VPOS="613" WIDTH="54" HEIGHT="32" WC="0.93" CONTENT="till"/><SP WIDTH="23" VPOS="613" HPOS="765"/>
							<String ID="string_82" HPOS="788" VPOS="610" WIDTH="206" HEIGHT="34" WC="0.88" CONTENT="Nederkalix"/><SP WIDTH="23" VPOS="610" HPOS="994"/>
							<String ID="string_83" HPOS="1017" VPOS="608" WIDTH="190" HEIGHT="33" WC="0.91" CONTENT="anbefallde"/><SP WIDTH="24" VPOS="608" HPOS="1207"/>
							<String ID="string_84" HPOS="1231" VPOS="606" WIDTH="126" HEIGHT="41" WC="0.95" CONTENT="Kungl."/><SP WIDTH="25" VPOS="606" HPOS="1357"/>
							<String ID="string_85" HPOS="1382" VPOS="604" WIDTH="97" HEIGHT="42" WC="0.96" CONTENT="Maj:t"/><SP WIDTH="21" VPOS="604" HPOS="1479"/>
							<String ID="string_86" HPOS="1500" VPOS="603" WIDTH="117" HEIGHT="32" WC="0.96" CONTENT="vidare"/><SP WIDTH="15" VPOS="603" HPOS="1617"/>
							<String ID="string_87" HPOS="1632" VPOS="613" WIDTH="123" HEIGHT="31" WC="0.95" CONTENT="genom"/>
						</TextLine>
						<TextLine ID="line_18" HPOS="253" VPOS="652" WIDTH="1503" HEIGHT="56">
							<String ID="string_88" HPOS="253" VPOS="671" WIDTH="82" HEIGHT="31" WC="0.96" CONTENT="brev"/><SP WIDTH="23" VPOS="671" HPOS="335"/>
							<String ID="string_89" HPOS="358" VPOS="669" WIDTH="67" HEIGHT="31" WC="0.96" CONTENT="den"/><SP WIDTH="23" VPOS="669" HPOS="425"/>
							<String ID="string_90" HPOS="448" VPOS="669" WIDTH="19" HEIGHT="30" WC="0.95" CONTENT="3"/><SP WIDTH="23" VPOS="669" HPOS="467"/>
							<String ID="string_91" HPOS="490" VPOS="666" WIDTH="136" HEIGHT="42" WC="0.95" CONTENT="augusti"/><SP WIDTH="25" VPOS="666" HPOS="626"/>
							<String ID="string_92" HPOS="651" VPOS="665" WIDTH="78" HEIGHT="31" WC="0.93" CONTENT="1917"/><SP WIDTH="25" VPOS="665" HPOS="729"/>
							<String ID="string_93" HPOS="754" VPOS="666" WIDTH="74" HEIGHT="38" WC="0.92" CONTENT="väg-"/><SP WIDTH="23" VPOS="666" HPOS="828"/>
							<String ID="string_94" HPOS="851" VPOS="662" WIDTH="64" HEIGHT="32" WC="0.96" CONTENT="och"/><SP WIDTH="22" VPOS="662" HPOS="915"/>
							<String ID="string_95" HPOS="937" VPOS="656" WIDTH="467" HEIGHT="45" WC="0.90" CONTENT="vattenbyggnadsstyrelsen"/><SP WIDTH="26" VPOS="656" HPOS="1404"/>
							<String ID="string_96" HPOS="1430" VPOS="657" WIDTH="58" HEIGHT="35" WC="0.95" CONTENT="att,"/><SP WIDTH="25" VPOS="657" HPOS="1488"/>
							<String ID="string_97" HPOS="1513" VPOS="654" WIDTH="86" HEIGHT="32" WC="0.96" CONTENT="efter"/><SP WIDTH="23" VPOS="654" HPOS="1599"/>
							<String ID="string_98" HPOS="1622" VPOS="652" WIDTH="134" HEIGHT="32" WC="0.96" CONTENT="samråd"/>
						</TextLine>
						<TextLine ID="line_19" HPOS="254" VPOS="703" WIDTH="1503" HEIGHT="58">
							<String ID="string_99" HPOS="254" VPOS="721" WIDTH="78" HEIGHT="32" WC="0.93" CONTENT="med"/><SP WIDTH="21" VPOS="721" HPOS="332"/>
							<String ID="string_100" HPOS="353" VPOS="717" WIDTH="339" HEIGHT="44" WC="0.91" CONTENT="järnvägsstyrelsen,"/><SP WIDTH="23" VPOS="717" HPOS="692"/>
							<String ID="string_101" HPOS="715" VPOS="713" WIDTH="242" HEIGHT="42" WC="0.91" CONTENT="lotsstyrelsen"/><SP WIDTH="24" VPOS="713" HPOS="957"/>
							<String ID="string_102" HPOS="981" VPOS="711" WIDTH="65" HEIGHT="32" WC="0.96" CONTENT="och"/><SP WIDTH="23" VPOS="711" HPOS="1046"/>
							<String ID="string_103" HPOS="1069" VPOS="710" WIDTH="119" HEIGHT="32" WC="0.96" CONTENT="chefen"/><SP WIDTH="24" VPOS="710" HPOS="1188"/>
							<String ID="string_104" HPOS="1212" VPOS="709" WIDTH="53" HEIGHT="31" WC="0.96" CONTENT="för"/><SP WIDTH="22" VPOS="709" HPOS="1265"/>
							<String ID="string_105" HPOS="1287" VPOS="705" WIDTH="269" HEIGHT="44" WC="0.96" CONTENT="generalstaben,"/><SP WIDTH="18" VPOS="705" HPOS="1556"/>
							<String ID="string_106" HPOS="1574" VPOS="703" WIDTH="183" HEIGHT="33" WC="0.96" CONTENT="verkställa"/>
						</TextLine>
						<TextLine ID="line_20" HPOS="253" VPOS="754" WIDTH="1503" HEIGHT="55">
							<String ID="string_107" HPOS="253" VPOS="769" WIDTH="260" HEIGHT="40" WC="0.96" CONTENT="undersökning"/><SP WIDTH="22" VPOS="769" HPOS="513"/>
							<String ID="string_108" HPOS="535" VPOS="769" WIDTH="89" HEIGHT="31" WC="0.96" CONTENT="samt"/><SP WIDTH="21" VPOS="769" HPOS="624"/>
							<String ID="string_109" HPOS="645" VPOS="766" WIDTH="175" HEIGHT="31" WC="0.95" CONTENT="inkomma"/><SP WIDTH="23" VPOS="766" HPOS="820"/>
							<String ID="string_110" HPOS="843" VPOS="763" WIDTH="78" HEIGHT="31" WC="0.96" CONTENT="med"/><SP WIDTH="15" VPOS="763" HPOS="921"/>
							<String ID="string_111" HPOS="936" VPOS="761" WIDTH="184" HEIGHT="40" WC="0.96" CONTENT="utredning"/><SP WIDTH="15" VPOS="761" HPOS="1120"/>
							<String ID="string_112" HPOS="1135" VPOS="759" WIDTH="64" HEIGHT="32" WC="0.96" CONTENT="och"/><SP WIDTH="15" VPOS="759" HPOS="1199"/>
							<String ID="string_113" HPOS="1214" VPOS="758" WIDTH="129" HEIGHT="40" WC="0.96" CONTENT="förslag"/><SP WIDTH="16" VPOS="758" HPOS="1343"/>
							<String ID="string_114" HPOS="1359" VPOS="756" WIDTH="175" HEIGHT="42" WC="0.96" CONTENT="angående"/><SP WIDTH="17" VPOS="756" HPOS="1534"/>
							<String ID="string_115" HPOS="1551" VPOS="754" WIDTH="205" HEIGHT="42" WC="0.96" CONTENT="anläggning"/>
						</TextLine>
						<TextLine ID="line_21" HPOS="254" VPOS="805" WIDTH="1502" HEIGHT="56">
							<String ID="string_116" HPOS="254" VPOS="822" WIDTH="58" HEIGHT="32" WC="0.96" CONTENT="vid"/><SP WIDTH="32" VPOS="822" HPOS="312"/>
							<String ID="string_117" HPOS="344" VPOS="818" WIDTH="256" HEIGHT="43" WC="0.96" CONTENT="ifrågavarande"/><SP WIDTH="31" VPOS="818" HPOS="600"/>
							<String ID="string_118" HPOS="631" VPOS="818" WIDTH="159" HEIGHT="41" WC="0.95" CONTENT="järnvägs"/><SP WIDTH="34" VPOS="818" HPOS="790"/>
							<String ID="string_119" HPOS="824" VPOS="813" WIDTH="181" HEIGHT="42" WC="0.96" CONTENT="slutpunkt"/><SP WIDTH="23" VPOS="813" HPOS="1005"/>
							<String ID="string_120" HPOS="1028" VPOS="812" WIDTH="11" HEIGHT="31" WC="0.97" CONTENT="i"/><SP WIDTH="22" VPOS="812" HPOS="1039"/>
							<String ID="string_121" HPOS="1061" VPOS="811" WIDTH="134" HEIGHT="31" WC="0.96" CONTENT="trakten"/><SP WIDTH="28" VPOS="811" HPOS="1195"/>
							<String ID="string_122" HPOS="1223" VPOS="821" WIDTH="41" HEIGHT="20" WC="0.96" CONTENT="av"/><SP WIDTH="23" VPOS="821" HPOS="1264"/>
							<String ID="string_123" HPOS="1287" VPOS="807" WIDTH="205" HEIGHT="33" WC="0.88" CONTENT="Nederkalix"/><SP WIDTH="31" VPOS="807" HPOS="1492"/>
							<String ID="string_124" HPOS="1523" VPOS="817" WIDTH="41" HEIGHT="20" WC="0.96" CONTENT="av"/><SP WIDTH="24" VPOS="817" HPOS="1564"/>
							<String ID="string_125" HPOS="1588" VPOS="817" WIDTH="41" HEIGHT="19" WC="0.96" CONTENT="en"/><SP WIDTH="23" VPOS="817" HPOS="1629"/>
							<String ID="string_126" HPOS="1652" VPOS="805" WIDTH="104" HEIGHT="31" WC="0.95" CONTENT="hamn"/>
						</TextLine>
						<TextLine ID="line_22" HPOS="255" VPOS="859" WIDTH="1110" HEIGHT="46">
							<String ID="string_127" HPOS="255" VPOS="876" WIDTH="160" HEIGHT="29" WC="0.96" CONTENT="ävensom"/><SP WIDTH="24" VPOS="876" HPOS="415"/>
							<String ID="string_128" HPOS="439" VPOS="868" WIDTH="211" HEIGHT="34" WC="0.96" CONTENT="beträffande"/><SP WIDTH="23" VPOS="868" HPOS="650"/>
							<String ID="string_129" HPOS="673" VPOS="865" WIDTH="232" HEIGHT="33" WC="0.96" CONTENT="kostnaderna"/><SP WIDTH="21" VPOS="865" HPOS="905"/>
							<String ID="string_130" HPOS="926" VPOS="863" WIDTH="52" HEIGHT="31" WC="0.93" CONTENT="för"/><SP WIDTH="22" VPOS="863" HPOS="978"/>
							<String ID="string_131" HPOS="1000" VPOS="859" WIDTH="365" HEIGHT="42" WC="0.91" CONTENT="hamnanläggningen."/>
						</TextLine>
					</TextBlock>
					<TextBlock ID="block_5" HPOS="254" VPOS="904" WIDTH="1506" HEIGHT="511">
						<TextLine ID="line_23" HPOS="307" VPOS="904" WIDTH="1451" HEIGHT="55">
							<String ID="string_132" HPOS="307" VPOS="923" WIDTH="19" HEIGHT="31" WC="0.96" CONTENT="I"/><SP WIDTH="24" VPOS="923" HPOS="326"/>
							<String ID="string_133" HPOS="350" VPOS="922" WIDTH="53" HEIGHT="31" WC="0.96" CONTENT="sin"/><SP WIDTH="34" VPOS="922" HPOS="403"/>
							<String ID="string_134" HPOS="437" VPOS="920" WIDTH="164" HEIGHT="32" WC="0.96" CONTENT="skrivelse"/><SP WIDTH="23" VPOS="920" HPOS="601"/>
							<String ID="string_135" HPOS="624" VPOS="916" WIDTH="174" HEIGHT="43" WC="0.93" CONTENT="angående"/><SP WIDTH="31" VPOS="916" HPOS="798"/>
							<String ID="string_136" HPOS="829" VPOS="912" WIDTH="312" HEIGHT="43" WC="0.92" CONTENT="anslagsäskanden"/><SP WIDTH="23" VPOS="912" HPOS="1141"/>
							<String ID="string_137" HPOS="1164" VPOS="911" WIDTH="53" HEIGHT="31" WC="0.96" CONTENT="för"/><SP WIDTH="21" VPOS="911" HPOS="1217"/>
							<String ID="string_138" HPOS="1238" VPOS="909" WIDTH="204" HEIGHT="41" WC="0.96" CONTENT="budgetåret"/><SP WIDTH="24" VPOS="909" HPOS="1442"/>
							<String ID="string_139" HPOS="1466" VPOS="906" WIDTH="208" HEIGHT="32" WC="0.91" CONTENT="1925—1926"/><SP WIDTH="22" VPOS="906" HPOS="1674"/>
							<String ID="string_140" HPOS="1696" VPOS="904" WIDTH="62" HEIGHT="31" WC="0.96" CONTENT="har"/>
						</TextLine>
						<TextLine ID="line_24" HPOS="254" VPOS="954" WIDTH="1503" HEIGHT="60">
							<String ID="string_141" HPOS="254" VPOS="985" WIDTH="48" HEIGHT="20" WC="0.91" CONTENT="nu"/><SP WIDTH="22" VPOS="985" HPOS="302"/>
							<String ID="string_142" HPOS="324" VPOS="975" WIDTH="73" HEIGHT="39" WC="0.91" CONTENT="väg-"/><SP WIDTH="24" VPOS="975" HPOS="397"/>
							<String ID="string_143" HPOS="421" VPOS="971" WIDTH="64" HEIGHT="32" WC="0.93" CONTENT="och"/><SP WIDTH="23" VPOS="971" HPOS="485"/>
							<String ID="string_144" HPOS="508" VPOS="965" WIDTH="467" HEIGHT="45" WC="0.91" CONTENT="vattenbyggnadsstyrelsen"/><SP WIDTH="33" VPOS="965" HPOS="975"/>
							<String ID="string_145" HPOS="1008" VPOS="964" WIDTH="128" HEIGHT="30" WC="0.96" CONTENT="lämnat"/><SP WIDTH="33" VPOS="964" HPOS="1136"/>
							<String ID="string_146" HPOS="1169" VPOS="972" WIDTH="42" HEIGHT="20" WC="0.96" CONTENT="en"/><SP WIDTH="26" VPOS="972" HPOS="1211"/>
							<String ID="string_147" HPOS="1237" VPOS="958" WIDTH="217" HEIGHT="42" WC="0.96" CONTENT="redogörelse"/><SP WIDTH="24" VPOS="958" HPOS="1454"/>
							<String ID="string_148" HPOS="1478" VPOS="958" WIDTH="81" HEIGHT="30" WC="0.96" CONTENT="över"/><SP WIDTH="23" VPOS="958" HPOS="1559"/>
							<String ID="string_149" HPOS="1582" VPOS="956" WIDTH="42" HEIGHT="30" WC="0.93" CONTENT="de"/><SP WIDTH="23" VPOS="956" HPOS="1624"/>
							<String ID="string_150" HPOS="1647" VPOS="954" WIDTH="110" HEIGHT="32" WC="0.90" CONTENT="utred-"/>
						</TextLine>
						<TextLine ID="line_25" HPOS="254" VPOS="1006" WIDTH="1503" HEIGHT="59">
							<String ID="string_151" HPOS="254" VPOS="1024" WIDTH="130" HEIGHT="41" WC="0.96" CONTENT="ningar,"/><SP WIDTH="25" VPOS="1024" HPOS="384"/>
							<String ID="string_152" HPOS="409" VPOS="1033" WIDTH="74" HEIGHT="21" WC="0.96" CONTENT="som"/><SP WIDTH="23" VPOS="1033" HPOS="483"/>
							<String ID="string_153" HPOS="506" VPOS="1021" WIDTH="12" HEIGHT="31" WC="0.95" CONTENT="i"/><SP WIDTH="23" VPOS="1021" HPOS="518"/>
							<String ID="string_154" HPOS="541" VPOS="1018" WIDTH="184" HEIGHT="41" WC="0.96" CONTENT="anledning"/><SP WIDTH="22" VPOS="1018" HPOS="725"/>
							<String ID="string_155" HPOS="747" VPOS="1028" WIDTH="40" HEIGHT="21" WC="0.96" CONTENT="av"/><SP WIDTH="22" VPOS="1028" HPOS="787"/>
							<String ID="string_156" HPOS="809" VPOS="1015" WIDTH="147" HEIGHT="33" WC="0.96" CONTENT="berörda"/><SP WIDTH="22" VPOS="1015" HPOS="956"/>
							<String ID="string_157" HPOS="978" VPOS="1013" WIDTH="156" HEIGHT="42" WC="0.95" CONTENT="uppdrag"/><SP WIDTH="22" VPOS="1013" HPOS="1134"/>
							<String ID="string_158" HPOS="1156" VPOS="1011" WIDTH="127" HEIGHT="31" WC="0.95" CONTENT="hittills"/><SP WIDTH="22" VPOS="1011" HPOS="1283"/>
							<String ID="string_159" HPOS="1305" VPOS="1008" WIDTH="100" HEIGHT="33" WC="0.96" CONTENT="blivit"/><SP WIDTH="21" VPOS="1008" HPOS="1405"/>
							<String ID="string_160" HPOS="1426" VPOS="1006" WIDTH="218" HEIGHT="37" WC="0.96" CONTENT="verkställda,"/><SP WIDTH="24" VPOS="1006" HPOS="1644"/>
							<String ID="string_161" HPOS="1668" VPOS="1007" WIDTH="89" HEIGHT="29" WC="0.96" CONTENT="samt"/>
						</TextLine>
						<TextLine ID="line_26" HPOS="255" VPOS="1056" WIDTH="1503" HEIGHT="55">
							<String ID="string_162" HPOS="255" VPOS="1073" WIDTH="185" HEIGHT="37" WC="0.92" CONTENT="hemställt,"/><SP WIDTH="35" VPOS="1073" HPOS="440"/>
							<String ID="string_163" HPOS="475" VPOS="1074" WIDTH="50" HEIGHT="29" WC="0.96" CONTENT="att"/><SP WIDTH="33" VPOS="1074" HPOS="525"/>
							<String ID="string_164" HPOS="558" VPOS="1069" WIDTH="125" HEIGHT="42" WC="0.95" CONTENT="Kungl."/><SP WIDTH="27" VPOS="1069" HPOS="683"/>
							<String ID="string_165" HPOS="710" VPOS="1068" WIDTH="99" HEIGHT="41" WC="0.96" CONTENT="Maj:t"/><SP WIDTH="33" VPOS="1068" HPOS="809"/>
							<String ID="string_166" HPOS="842" VPOS="1067" WIDTH="105" HEIGHT="31" WC="0.96" CONTENT="måtte"/><SP WIDTH="33" VPOS="1067" HPOS="947"/>
							<String ID="string_167" HPOS="980" VPOS="1064" WIDTH="143" HEIGHT="37" WC="0.95" CONTENT="besluta,"/><SP WIDTH="24" VPOS="1064" HPOS="1123"/>
							<String ID="string_168" HPOS="1147" VPOS="1064" WIDTH="50" HEIGHT="29" WC="0.95" CONTENT="att"/><SP WIDTH="33" VPOS="1064" HPOS="1197"/>
							<String ID="string_169" HPOS="1230" VPOS="1060" WIDTH="80" HEIGHT="32" WC="0.96" CONTENT="med"/><SP WIDTH="22" VPOS="1060" HPOS="1310"/>
							<String ID="string_170" HPOS="1332" VPOS="1059" WIDTH="114" HEIGHT="32" WC="0.96" CONTENT="vidare"/><SP WIDTH="33" VPOS="1059" HPOS="1446"/>
							<String ID="string_171" HPOS="1479" VPOS="1056" WIDTH="214" HEIGHT="42" WC="0.37" CONTENT="fullföljande"/><SP WIDTH="23" VPOS="1056" HPOS="1693"/>
							<String ID="string_172" HPOS="1716" VPOS="1066" WIDTH="42" HEIGHT="20" WC="0.94" CONTENT="av"/>
						</TextLine>
						<TextLine ID="line_27" HPOS="255" VPOS="1107" WIDTH="1503" HEIGHT="54">
							<String ID="string_173" HPOS="255" VPOS="1122" WIDTH="223" HEIGHT="34" WC="0.92" CONTENT="omförmälda"/><SP WIDTH="22" VPOS="1122" HPOS="478"/>
							<String ID="string_174" HPOS="500" VPOS="1120" WIDTH="222" HEIGHT="41" WC="0.96" CONTENT="utredningar"/><SP WIDTH="22" VPOS="1120" HPOS="722"/>
							<String ID="string_175" HPOS="744" VPOS="1119" WIDTH="106" HEIGHT="30" WC="0.96" CONTENT="måtte"/><SP WIDTH="23" VPOS="1119" HPOS="850"/>
							<String ID="string_176" HPOS="873" VPOS="1117" WIDTH="98" HEIGHT="30" WC="0.96" CONTENT="anstå"/><SP WIDTH="22" VPOS="1117" HPOS="971"/>
							<String ID="string_177" HPOS="993" VPOS="1115" WIDTH="11" HEIGHT="31" WC="0.92" CONTENT="i"/><SP WIDTH="23" VPOS="1115" HPOS="1004"/>
							<String ID="string_178" HPOS="1027" VPOS="1113" WIDTH="144" HEIGHT="33" WC="0.92" CONTENT="avbidan"/><SP WIDTH="23" VPOS="1113" HPOS="1171"/>
							<String ID="string_179" HPOS="1194" VPOS="1114" WIDTH="45" HEIGHT="39" WC="0.96" CONTENT="på"/><SP WIDTH="22" VPOS="1114" HPOS="1239"/>
							<String ID="string_180" HPOS="1261" VPOS="1109" WIDTH="144" HEIGHT="43" WC="0.96" CONTENT="förnyad"/><SP WIDTH="22" VPOS="1109" HPOS="1405"/>
							<String ID="string_181" HPOS="1427" VPOS="1108" WIDTH="158" HEIGHT="32" WC="0.94" CONTENT="anmälan"/><SP WIDTH="24" VPOS="1108" HPOS="1585"/>
							<String ID="string_182" HPOS="1609" VPOS="1107" WIDTH="81" HEIGHT="31" WC="0.94" CONTENT="eller"/><SP WIDTH="22" VPOS="1107" HPOS="1690"/>
							<String ID="string_183" HPOS="1712" VPOS="1107" WIDTH="46" HEIGHT="40" WC="0.96" CONTENT="på"/>
						</TextLine>
						<TextLine ID="line_28" HPOS="255" VPOS="1157" WIDTH="1503" HEIGHT="55">
							<String ID="string_184" HPOS="255" VPOS="1175" WIDTH="116" HEIGHT="32" WC="0.95" CONTENT="beslut"/><SP WIDTH="33" VPOS="1175" HPOS="371"/>
							<String ID="string_185" HPOS="404" VPOS="1184" WIDTH="40" HEIGHT="20" WC="0.96" CONTENT="av"/><SP WIDTH="33" VPOS="1184" HPOS="444"/>
							<String ID="string_186" HPOS="477" VPOS="1171" WIDTH="126" HEIGHT="41" WC="0.94" CONTENT="Kungl."/><SP WIDTH="29" VPOS="1171" HPOS="603"/>
							<String ID="string_187" HPOS="632" VPOS="1170" WIDTH="105" HEIGHT="41" WC="0.95" CONTENT="Maj:t."/><SP WIDTH="46" VPOS="1170" HPOS="737"/>
							<String ID="string_188" HPOS="783" VPOS="1168" WIDTH="55" HEIGHT="31" WC="0.95" CONTENT="Då"/><SP WIDTH="33" VPOS="1168" HPOS="838"/>
							<String ID="string_189" HPOS="871" VPOS="1166" WIDTH="169" HEIGHT="42" WC="0.95" CONTENT="styrelsen"/><SP WIDTH="34" VPOS="1166" HPOS="1040"/>
							<String ID="string_190" HPOS="1074" VPOS="1163" WIDTH="148" HEIGHT="33" WC="0.96" CONTENT="saknade"/><SP WIDTH="36" VPOS="1163" HPOS="1222"/>
							<String ID="string_191" HPOS="1258" VPOS="1161" WIDTH="111" HEIGHT="31" WC="0.96" CONTENT="medel"/><SP WIDTH="33" VPOS="1161" HPOS="1369"/>
							<String ID="string_192" HPOS="1402" VPOS="1161" WIDTH="50" HEIGHT="30" WC="0.96" CONTENT="att"/><SP WIDTH="33" VPOS="1161" HPOS="1452"/>
							<String ID="string_193" HPOS="1485" VPOS="1159" WIDTH="128" HEIGHT="31" WC="0.96" CONTENT="ersätta"/><SP WIDTH="33" VPOS="1159" HPOS="1613"/>
							<String ID="string_194" HPOS="1646" VPOS="1157" WIDTH="41" HEIGHT="31" WC="0.96" CONTENT="de"/><SP WIDTH="31" VPOS="1157" HPOS="1687"/>
							<String ID="string_195" HPOS="1718" VPOS="1167" WIDTH="40" HEIGHT="20" WC="0.96" CONTENT="av"/>
						</TextLine>
						<TextLine ID="line_29" HPOS="257" VPOS="1206" WIDTH="1502" HEIGHT="60">
							<String ID="string_196" HPOS="257" VPOS="1225" WIDTH="168" HEIGHT="41" WC="0.93" CONTENT="styrelsen"/><SP WIDTH="37" VPOS="1225" HPOS="425"/>
							<String ID="string_197" HPOS="462" VPOS="1220" WIDTH="250" HEIGHT="34" WC="0.91" CONTENT="förskotterade"/><SP WIDTH="36" VPOS="1220" HPOS="712"/>
							<String ID="string_198" HPOS="748" VPOS="1217" WIDTH="232" HEIGHT="33" WC="0.96" CONTENT="kostnaderna"/><SP WIDTH="32" VPOS="1217" HPOS="980"/>
							<String ID="string_199" HPOS="1012" VPOS="1216" WIDTH="53" HEIGHT="31" WC="0.96" CONTENT="för"/><SP WIDTH="33" VPOS="1216" HPOS="1065"/>
							<String ID="string_200" HPOS="1098" VPOS="1214" WIDTH="42" HEIGHT="31" WC="0.96" CONTENT="de"/><SP WIDTH="33" VPOS="1214" HPOS="1140"/>
							<String ID="string_201" HPOS="1173" VPOS="1212" WIDTH="127" HEIGHT="32" WC="0.96" CONTENT="hittills"/><SP WIDTH="33" VPOS="1212" HPOS="1300"/>
							<String ID="string_202" HPOS="1333" VPOS="1209" WIDTH="208" HEIGHT="33" WC="0.93" CONTENT="verkställda"/><SP WIDTH="34" VPOS="1209" HPOS="1541"/>
							<String ID="string_203" HPOS="1575" VPOS="1206" WIDTH="184" HEIGHT="32" WC="0.88" CONTENT="undersök-"/>
						</TextLine>
						<TextLine ID="line_30" HPOS="256" VPOS="1258" WIDTH="1504" HEIGHT="58">
							<String ID="string_204" HPOS="256" VPOS="1276" WIDTH="176" HEIGHT="40" WC="0.96" CONTENT="ningarna,"/><SP WIDTH="18" VPOS="1276" HPOS="432"/>
							<String ID="string_205" HPOS="450" VPOS="1272" WIDTH="106" HEIGHT="42" WC="0.96" CONTENT="enligt"/><SP WIDTH="19" VPOS="1272" HPOS="556"/>
							<String ID="string_206" HPOS="575" VPOS="1269" WIDTH="188" HEIGHT="44" WC="0.96" CONTENT="granskade"/><SP WIDTH="16" VPOS="1269" HPOS="763"/>
							<String ID="string_207" HPOS="779" VPOS="1268" WIDTH="182" HEIGHT="41" WC="0.96" CONTENT="räkningar"/><SP WIDTH="14" VPOS="1268" HPOS="961"/>
							<String ID="string_208" HPOS="975" VPOS="1264" WIDTH="203" HEIGHT="43" WC="0.94" CONTENT="uppgående"/><SP WIDTH="17" VPOS="1264" HPOS="1178"/>
							<String ID="string_209" HPOS="1195" VPOS="1262" WIDTH="224" HEIGHT="40" WC="0.95" CONTENT="sammanlagt"/><SP WIDTH="15" VPOS="1262" HPOS="1419"/>
							<String ID="string_210" HPOS="1434" VPOS="1260" WIDTH="53" HEIGHT="31" WC="0.92" CONTENT="till"/><SP WIDTH="16" VPOS="1260" HPOS="1487"/>
							<String ID="string_211" HPOS="1503" VPOS="1258" WIDTH="116" HEIGHT="38" WC="0.84" CONTENT="62,130"/><SP WIDTH="14" VPOS="1258" HPOS="1619"/>
							<String ID="string_212" HPOS="1633" VPOS="1258" WIDTH="127" HEIGHT="30" WC="0.96" CONTENT="kronor"/>
						</TextLine>
						<TextLine ID="line_31" HPOS="258" VPOS="1309" WIDTH="1502" HEIGHT="55">
							<String ID="string_213" HPOS="258" VPOS="1327" WIDTH="38" HEIGHT="31" WC="0.96" CONTENT="31"/><SP WIDTH="26" VPOS="1327" HPOS="296"/>
							<String ID="string_214" HPOS="322" VPOS="1327" WIDTH="68" HEIGHT="33" WC="0.95" CONTENT="öre,"/><SP WIDTH="23" VPOS="1327" HPOS="390"/>
							<String ID="string_215" HPOS="413" VPOS="1324" WIDTH="62" HEIGHT="31" WC="0.96" CONTENT="har"/><SP WIDTH="27" VPOS="1324" HPOS="475"/>
							<String ID="string_216" HPOS="502" VPOS="1322" WIDTH="168" HEIGHT="42" WC="0.93" CONTENT="styrelsen"/><SP WIDTH="33" VPOS="1322" HPOS="670"/>
							<String ID="string_217" HPOS="703" VPOS="1319" WIDTH="186" HEIGHT="37" WC="0.91" CONTENT="hemställt,"/><SP WIDTH="25" VPOS="1319" HPOS="889"/>
							<String ID="string_218" HPOS="914" VPOS="1319" WIDTH="49" HEIGHT="30" WC="0.96" CONTENT="att"/><SP WIDTH="33" VPOS="1319" HPOS="963"/>
							<String ID="string_219" HPOS="996" VPOS="1316" WIDTH="126" HEIGHT="41" WC="0.93" CONTENT="Kungl."/><SP WIDTH="24" VPOS="1316" HPOS="1122"/>
							<String ID="string_220" HPOS="1146" VPOS="1314" WIDTH="97" HEIGHT="40" WC="0.96" CONTENT="Maj:t"/><SP WIDTH="26" VPOS="1314" HPOS="1243"/>
							<String ID="string_221" HPOS="1269" VPOS="1312" WIDTH="81" HEIGHT="31" WC="0.96" CONTENT="ville"/><SP WIDTH="31" VPOS="1312" HPOS="1350"/>
							<String ID="string_222" HPOS="1381" VPOS="1311" WIDTH="63" HEIGHT="31" WC="0.96" CONTENT="hos"/><SP WIDTH="28" VPOS="1311" HPOS="1444"/>
							<String ID="string_223" HPOS="1472" VPOS="1309" WIDTH="184" HEIGHT="40" WC="0.96" CONTENT="riksdagen"/><SP WIDTH="22" VPOS="1309" HPOS="1656"/>
							<String ID="string_224" HPOS="1678" VPOS="1309" WIDTH="82" HEIGHT="39" WC="0.96" CONTENT="göra"/>
						</TextLine>
						<TextLine ID="line_32" HPOS="259" VPOS="1358" WIDTH="1408" HEIGHT="57">
							<String ID="string_225" HPOS="259" VPOS="1374" WIDTH="251" HEIGHT="41" WC="0.96" CONTENT="framställning"/><SP WIDTH="23" VPOS="1374" HPOS="510"/>
							<String ID="string_226" HPOS="533" VPOS="1384" WIDTH="55" HEIGHT="20" WC="0.93" CONTENT="om"/><SP WIDTH="23" VPOS="1384" HPOS="588"/>
							<String ID="string_227" HPOS="611" VPOS="1370" WIDTH="186" HEIGHT="33" WC="0.90" CONTENT="anvisande"/><SP WIDTH="23" VPOS="1370" HPOS="797"/>
							<String ID="string_228" HPOS="820" VPOS="1380" WIDTH="41" HEIGHT="20" WC="0.96" CONTENT="av"/><SP WIDTH="22" VPOS="1380" HPOS="861"/>
							<String ID="string_229" HPOS="883" VPOS="1368" WIDTH="118" HEIGHT="40" WC="0.96" CONTENT="anslag"/><SP WIDTH="22" VPOS="1368" HPOS="1001"/>
							<String ID="string_230" HPOS="1023" VPOS="1367" WIDTH="52" HEIGHT="30" WC="0.96" CONTENT="för"/><SP WIDTH="21" VPOS="1367" HPOS="1075"/>
							<String ID="string_231" HPOS="1096" VPOS="1364" WIDTH="147" HEIGHT="33" WC="0.96" CONTENT="berörda"/><SP WIDTH="21" VPOS="1364" HPOS="1243"/>
							<String ID="string_232" HPOS="1264" VPOS="1361" WIDTH="204" HEIGHT="33" WC="0.91" CONTENT="kostnaders"/><SP WIDTH="24" VPOS="1361" HPOS="1468"/>
							<String ID="string_233" HPOS="1492" VPOS="1358" WIDTH="175" HEIGHT="33" WC="0.95" CONTENT="täckande."/>
						</TextLine>
					</TextBlock>
					<TextBlock ID="block_6" HPOS="259" VPOS="1409" WIDTH="1502" HEIGHT="209">
						<TextLine ID="line_33" HPOS="311" VPOS="1409" WIDTH="1449" HEIGHT="54">
							<String ID="string_234" HPOS="311" VPOS="1427" WIDTH="19" HEIGHT="30" WC="0.93" CONTENT="I"/><SP WIDTH="22" VPOS="1427" HPOS="330"/>
							<String ID="string_235" HPOS="352" VPOS="1426" WIDTH="143" HEIGHT="31" WC="0.92" CONTENT="häröver"/><SP WIDTH="23" VPOS="1426" HPOS="495"/>
							<String ID="string_236" HPOS="518" VPOS="1424" WIDTH="67" HEIGHT="31" WC="0.96" CONTENT="den"/><SP WIDTH="24" VPOS="1424" HPOS="585"/>
							<String ID="string_237" HPOS="609" VPOS="1423" WIDTH="37" HEIGHT="31" WC="0.96" CONTENT="27"/><SP WIDTH="25" VPOS="1423" HPOS="646"/>
							<String ID="string_238" HPOS="671" VPOS="1420" WIDTH="196" HEIGHT="43" WC="0.96" CONTENT="september"/><SP WIDTH="25" VPOS="1420" HPOS="867"/>
							<String ID="string_239" HPOS="892" VPOS="1419" WIDTH="81" HEIGHT="30" WC="0.95" CONTENT="1924"/><SP WIDTH="25" VPOS="1419" HPOS="973"/>
							<String ID="string_240" HPOS="998" VPOS="1416" WIDTH="132" HEIGHT="42" WC="0.95" CONTENT="avgivet"/><SP WIDTH="22" VPOS="1416" HPOS="1130"/>
							<String ID="string_241" HPOS="1152" VPOS="1413" WIDTH="178" HEIGHT="33" WC="0.95" CONTENT="utlåtande"/><SP WIDTH="22" VPOS="1413" HPOS="1330"/>
							<String ID="string_242" HPOS="1352" VPOS="1412" WIDTH="61" HEIGHT="31" WC="0.96" CONTENT="har"/><SP WIDTH="23" VPOS="1412" HPOS="1413"/>
							<String ID="string_243" HPOS="1436" VPOS="1409" WIDTH="248" HEIGHT="33" WC="0.92" CONTENT="statskontoret"/><SP WIDTH="23" VPOS="1409" HPOS="1684"/>
							<String ID="string_244" HPOS="1707" VPOS="1419" WIDTH="53" HEIGHT="20" WC="0.90" CONTENT="an-"/>
						</TextLine>
						<TextLine ID="line_34" HPOS="259" VPOS="1458" WIDTH="1502" HEIGHT="56">
							<String ID="string_245" HPOS="259" VPOS="1477" WIDTH="77" HEIGHT="37" WC="0.96" CONTENT="fört,"/><SP WIDTH="25" VPOS="1477" HPOS="336"/>
							<String ID="string_246" HPOS="361" VPOS="1477" WIDTH="49" HEIGHT="30" WC="0.96" CONTENT="att"/><SP WIDTH="33" VPOS="1477" HPOS="410"/>
							<String ID="string_247" HPOS="443" VPOS="1474" WIDTH="43" HEIGHT="31" WC="0.96" CONTENT="då"/><SP WIDTH="33" VPOS="1474" HPOS="486"/>
							<String ID="string_248" HPOS="519" VPOS="1475" WIDTH="105" HEIGHT="39" WC="0.96" CONTENT="några"/><SP WIDTH="32" VPOS="1475" HPOS="624"/>
							<String ID="string_249" HPOS="656" VPOS="1471" WIDTH="110" HEIGHT="32" WC="0.96" CONTENT="medel"/><SP WIDTH="34" VPOS="1471" HPOS="766"/>
							<String ID="string_250" HPOS="800" VPOS="1470" WIDTH="53" HEIGHT="31" WC="0.93" CONTENT="för"/><SP WIDTH="22" VPOS="1470" HPOS="853"/>
							<String ID="string_251" HPOS="875" VPOS="1466" WIDTH="223" HEIGHT="34" WC="0.92" CONTENT="omförmälda"/><SP WIDTH="25" VPOS="1466" HPOS="1098"/>
							<String ID="string_252" HPOS="1123" VPOS="1464" WIDTH="193" HEIGHT="41" WC="0.96" CONTENT="förskjutna"/><SP WIDTH="22" VPOS="1464" HPOS="1316"/>
							<String ID="string_253" HPOS="1338" VPOS="1461" WIDTH="203" HEIGHT="32" WC="0.91" CONTENT="kostnaders"/><SP WIDTH="25" VPOS="1461" HPOS="1541"/>
							<String ID="string_254" HPOS="1566" VPOS="1458" WIDTH="195" HEIGHT="32" WC="0.91" CONTENT="ersättande"/>
						</TextLine>
						<TextLine ID="line_35" HPOS="260" VPOS="1508" WIDTH="1501" HEIGHT="55">
							<String ID="string_255" HPOS="260" VPOS="1527" WIDTH="74" HEIGHT="31" WC="0.93" CONTENT="icke"/><SP WIDTH="34" VPOS="1527" HPOS="334"/>
							<String ID="string_256" HPOS="368" VPOS="1525" WIDTH="99" HEIGHT="32" WC="0.92" CONTENT="stode"/><SP WIDTH="27" VPOS="1525" HPOS="467"/>
							<String ID="string_257" HPOS="494" VPOS="1524" WIDTH="54" HEIGHT="31" WC="0.96" CONTENT="till"/><SP WIDTH="27" VPOS="1524" HPOS="548"/>
							<String ID="string_258" HPOS="575" VPOS="1521" WIDTH="208" HEIGHT="42" WC="0.96" CONTENT="förfogande,"/><SP WIDTH="26" VPOS="1521" HPOS="783"/>
							<String ID="string_259" HPOS="809" VPOS="1519" WIDTH="139" HEIGHT="32" WC="0.96" CONTENT="särskilt"/><SP WIDTH="33" VPOS="1519" HPOS="948"/>
							<String ID="string_260" HPOS="981" VPOS="1517" WIDTH="118" HEIGHT="40" WC="0.96" CONTENT="anslag"/><SP WIDTH="31" VPOS="1517" HPOS="1099"/>
							<String ID="string_261" HPOS="1130" VPOS="1515" WIDTH="115" HEIGHT="31" WC="0.96" CONTENT="härför"/><SP WIDTH="33" VPOS="1515" HPOS="1245"/>
							<String ID="string_262" HPOS="1278" VPOS="1512" WIDTH="98" HEIGHT="32" WC="0.96" CONTENT="torde"/><SP WIDTH="27" VPOS="1512" HPOS="1376"/>
							<String ID="string_263" HPOS="1403" VPOS="1512" WIDTH="32" HEIGHT="30" WC="0.96" CONTENT="få"/><SP WIDTH="23" VPOS="1512" HPOS="1435"/>
							<String ID="string_264" HPOS="1458" VPOS="1510" WIDTH="137" HEIGHT="32" WC="0.96" CONTENT="anvisas"/><SP WIDTH="23" VPOS="1510" HPOS="1595"/>
							<String ID="string_265" HPOS="1618" VPOS="1520" WIDTH="40" HEIGHT="19" WC="0.93" CONTENT="av"/><SP WIDTH="22" VPOS="1520" HPOS="1658"/>
							<String ID="string_266" HPOS="1680" VPOS="1508" WIDTH="81" HEIGHT="31" WC="0.92" CONTENT="riks-"/>
						</TextLine>
						<TextLine ID="line_36" HPOS="262" VPOS="1578" WIDTH="118" HEIGHT="40">
							<String ID="string_267" HPOS="262" VPOS="1578" WIDTH="118" HEIGHT="40" WC="0.96" CONTENT="dagen."/>
						</TextLine>
					</TextBlock>
					<TextBlock ID="block_7" HPOS="261" VPOS="1608" WIDTH="1503" HEIGHT="308">
						<TextLine ID="line_37" HPOS="314" VPOS="1608" WIDTH="1447" HEIGHT="59">
							<String ID="string_268" HPOS="314" VPOS="1623" WIDTH="387" HEIGHT="44" WC="0.90" CONTENT="Departementschefen"/><SP WIDTH="34" VPOS="1623" HPOS="701"/>
							<String ID="string_269" HPOS="735" VPOS="1621" WIDTH="62" HEIGHT="31" WC="0.95" CONTENT="har"/><SP WIDTH="23" VPOS="1621" HPOS="797"/>
							<String ID="string_270" HPOS="820" VPOS="1619" WIDTH="121" HEIGHT="37" WC="0.95" CONTENT="anfört,"/><SP WIDTH="24" VPOS="1619" HPOS="941"/>
							<String ID="string_271" HPOS="965" VPOS="1619" WIDTH="49" HEIGHT="30" WC="0.96" CONTENT="att"/><SP WIDTH="23" VPOS="1619" HPOS="1014"/>
							<String ID="string_272" HPOS="1037" VPOS="1616" WIDTH="58" HEIGHT="31" WC="0.96" CONTENT="det"/><SP WIDTH="22" VPOS="1616" HPOS="1095"/>
							<String ID="string_273" HPOS="1117" VPOS="1615" WIDTH="74" HEIGHT="31" WC="0.96" CONTENT="icke"/><SP WIDTH="24" VPOS="1615" HPOS="1191"/>
							<String ID="string_274" HPOS="1215" VPOS="1615" WIDTH="119" HEIGHT="40" WC="0.96" CONTENT="syntes"/><SP WIDTH="22" VPOS="1615" HPOS="1334"/>
							<String ID="string_275" HPOS="1356" VPOS="1611" WIDTH="164" HEIGHT="41" WC="0.96" CONTENT="lämpligt,"/><SP WIDTH="26" VPOS="1611" HPOS="1520"/>
							<String ID="string_276" HPOS="1546" VPOS="1611" WIDTH="50" HEIGHT="29" WC="0.96" CONTENT="att"/><SP WIDTH="23" VPOS="1611" HPOS="1596"/>
							<String ID="string_277" HPOS="1619" VPOS="1608" WIDTH="76" HEIGHT="31" WC="0.96" CONTENT="med"/><SP WIDTH="24" VPOS="1608" HPOS="1695"/>
							<String ID="string_278" HPOS="1719" VPOS="1608" WIDTH="42" HEIGHT="31" WC="0.96" CONTENT="de"/>
						</TextLine>
						<TextLine ID="line_38" HPOS="261" VPOS="1658" WIDTH="1502" HEIGHT="59">
							<String ID="string_279" HPOS="261" VPOS="1677" WIDTH="194" HEIGHT="40" WC="0.96" CONTENT="förskjutna"/><SP WIDTH="21" VPOS="1677" HPOS="455"/>
							<String ID="string_280" HPOS="476" VPOS="1673" WIDTH="232" HEIGHT="33" WC="0.96" CONTENT="kostnaderna"/><SP WIDTH="21" VPOS="1673" HPOS="708"/>
							<String ID="string_281" HPOS="729" VPOS="1671" WIDTH="54" HEIGHT="32" WC="0.96" CONTENT="för"/><SP WIDTH="23" VPOS="1671" HPOS="783"/>
							<String ID="string_282" HPOS="806" VPOS="1670" WIDTH="42" HEIGHT="31" WC="0.96" CONTENT="de"/><SP WIDTH="22" VPOS="1670" HPOS="848"/>
							<String ID="string_283" HPOS="870" VPOS="1671" WIDTH="46" HEIGHT="40" WC="0.96" CONTENT="på"/><SP WIDTH="22" VPOS="1671" HPOS="916"/>
							<String ID="string_284" HPOS="938" VPOS="1666" WIDTH="110" HEIGHT="44" WC="0.96" CONTENT="grund"/><SP WIDTH="23" VPOS="1666" HPOS="1048"/>
							<String ID="string_285" HPOS="1071" VPOS="1678" WIDTH="39" HEIGHT="19" WC="0.96" CONTENT="av"/><SP WIDTH="22" VPOS="1678" HPOS="1110"/>
							<String ID="string_286" HPOS="1132" VPOS="1664" WIDTH="201" HEIGHT="42" WC="0.96" CONTENT="uppdragen"/><SP WIDTH="17" VPOS="1664" HPOS="1333"/>
							<String ID="string_287" HPOS="1350" VPOS="1662" WIDTH="124" HEIGHT="31" WC="0.96" CONTENT="hittills"/><SP WIDTH="17" VPOS="1662" HPOS="1474"/>
							<String ID="string_288" HPOS="1491" VPOS="1659" WIDTH="138" HEIGHT="32" WC="0.93" CONTENT="utförda"/><SP WIDTH="14" VPOS="1659" HPOS="1629"/>
							<String ID="string_289" HPOS="1643" VPOS="1658" WIDTH="120" HEIGHT="31" WC="0.91" CONTENT="under-"/>
						</TextLine>
						<TextLine ID="line_39" HPOS="263" VPOS="1709" WIDTH="1501" HEIGHT="58">
							<String ID="string_290" HPOS="263" VPOS="1727" WIDTH="230" HEIGHT="40" WC="0.96" CONTENT="sökningarna"/><SP WIDTH="22" VPOS="1727" HPOS="493"/>
							<String ID="string_291" HPOS="515" VPOS="1724" WIDTH="133" HEIGHT="32" WC="0.96" CONTENT="belasta"/><SP WIDTH="22" VPOS="1724" HPOS="648"/>
							<String ID="string_292" HPOS="670" VPOS="1722" WIDTH="162" HEIGHT="41" WC="0.93" CONTENT="anslagen"/><SP WIDTH="24" VPOS="1722" HPOS="832"/>
							<String ID="string_293" HPOS="856" VPOS="1720" WIDTH="52" HEIGHT="31" WC="0.93" CONTENT="till"/><SP WIDTH="23" VPOS="1720" HPOS="908"/>
							<String ID="string_294" HPOS="931" VPOS="1715" WIDTH="294" HEIGHT="41" WC="0.96" CONTENT="undersökningar"/><SP WIDTH="23" VPOS="1715" HPOS="1225"/>
							<String ID="string_295" HPOS="1248" VPOS="1725" WIDTH="41" HEIGHT="19" WC="0.96" CONTENT="av"/><SP WIDTH="22" VPOS="1725" HPOS="1289"/>
							<String ID="string_296" HPOS="1311" VPOS="1712" WIDTH="131" HEIGHT="32" WC="0.96" CONTENT="mindre"/><SP WIDTH="23" VPOS="1712" HPOS="1442"/>
							<String ID="string_297" HPOS="1465" VPOS="1711" WIDTH="144" HEIGHT="31" WC="0.96" CONTENT="hamnar"/><SP WIDTH="15" VPOS="1711" HPOS="1609"/>
							<String ID="string_298" HPOS="1624" VPOS="1709" WIDTH="63" HEIGHT="31" WC="0.93" CONTENT="och"/><SP WIDTH="16" VPOS="1709" HPOS="1687"/>
							<String ID="string_299" HPOS="1703" VPOS="1709" WIDTH="61" HEIGHT="30" WC="0.92" CONTENT="far-"/>
						</TextLine>
						<TextLine ID="line_40" HPOS="262" VPOS="1759" WIDTH="1501" HEIGHT="58">
							<String ID="string_300" HPOS="262" VPOS="1778" WIDTH="104" HEIGHT="37" WC="0.96" CONTENT="leder,"/><SP WIDTH="24" VPOS="1778" HPOS="366"/>
							<String ID="string_301" HPOS="390" VPOS="1779" WIDTH="82" HEIGHT="29" WC="0.96" CONTENT="utan"/><SP WIDTH="24" VPOS="1779" HPOS="472"/>
							<String ID="string_302" HPOS="496" VPOS="1776" WIDTH="128" HEIGHT="41" WC="0.96" CONTENT="syntes,"/><SP WIDTH="25" VPOS="1776" HPOS="624"/>
							<String ID="string_303" HPOS="649" VPOS="1775" WIDTH="113" HEIGHT="30" WC="0.96" CONTENT="såsom"/><SP WIDTH="25" VPOS="1775" HPOS="762"/>
							<String ID="string_304" HPOS="787" VPOS="1770" WIDTH="64" HEIGHT="32" WC="0.96" CONTENT="ock"/><SP WIDTH="22" VPOS="1770" HPOS="851"/>
							<String ID="string_305" HPOS="873" VPOS="1767" WIDTH="258" HEIGHT="33" WC="0.91" CONTENT="ämbetsverken"/><SP WIDTH="23" VPOS="1767" HPOS="1131"/>
							<String ID="string_306" HPOS="1154" VPOS="1763" WIDTH="186" HEIGHT="41" WC="0.96" CONTENT="föreslagit,"/><SP WIDTH="23" VPOS="1763" HPOS="1340"/>
							<String ID="string_307" HPOS="1363" VPOS="1763" WIDTH="52" HEIGHT="30" WC="0.96" CONTENT="för"/><SP WIDTH="21" VPOS="1763" HPOS="1415"/>
							<String ID="string_308" HPOS="1436" VPOS="1760" WIDTH="148" HEIGHT="33" WC="0.93" CONTENT="berörda"/><SP WIDTH="23" VPOS="1760" HPOS="1584"/>
							<String ID="string_309" HPOS="1607" VPOS="1759" WIDTH="156" HEIGHT="41" WC="0.92" CONTENT="utgifters"/>
						</TextLine>
						<TextLine ID="line_41" HPOS="263" VPOS="1809" WIDTH="1501" HEIGHT="52">
							<String ID="string_310" HPOS="263" VPOS="1827" WIDTH="166" HEIGHT="34" WC="0.95" CONTENT="täckande"/><SP WIDTH="33" VPOS="1827" HPOS="429"/>
							<String ID="string_311" HPOS="462" VPOS="1826" WIDTH="85" HEIGHT="31" WC="0.96" CONTENT="böra"/><SP WIDTH="33" VPOS="1826" HPOS="547"/>
							<String ID="string_312" HPOS="580" VPOS="1824" WIDTH="135" HEIGHT="31" WC="0.96" CONTENT="anvisas"/><SP WIDTH="24" VPOS="1824" HPOS="715"/>
							<String ID="string_313" HPOS="739" VPOS="1824" WIDTH="50" HEIGHT="29" WC="0.96" CONTENT="ett"/><SP WIDTH="23" VPOS="1824" HPOS="789"/>
							<String ID="string_314" HPOS="812" VPOS="1820" WIDTH="139" HEIGHT="32" WC="0.96" CONTENT="särskilt"/><SP WIDTH="22" VPOS="1820" HPOS="951"/>
							<String ID="string_315" HPOS="973" VPOS="1818" WIDTH="126" HEIGHT="40" WC="0.95" CONTENT="anslag,"/><SP WIDTH="23" VPOS="1818" HPOS="1099"/>
							<String ID="string_316" HPOS="1122" VPOS="1815" WIDTH="105" HEIGHT="32" WC="0.96" CONTENT="vilket"/><SP WIDTH="22" VPOS="1815" HPOS="1227"/>
							<String ID="string_317" HPOS="1249" VPOS="1813" WIDTH="184" HEIGHT="42" WC="0.95" CONTENT="lämpligen"/><SP WIDTH="23" VPOS="1813" HPOS="1433"/>
							<String ID="string_318" HPOS="1456" VPOS="1811" WIDTH="116" HEIGHT="32" WC="0.96" CONTENT="kunde"/><SP WIDTH="23" VPOS="1811" HPOS="1572"/>
							<String ID="string_319" HPOS="1595" VPOS="1809" WIDTH="169" HEIGHT="32" WC="0.96" CONTENT="avrundas"/>
						</TextLine>
						<TextLine ID="line_42" HPOS="264" VPOS="1876" WIDTH="348" HEIGHT="40">
							<String ID="string_320" HPOS="264" VPOS="1880" WIDTH="54" HEIGHT="31" WC="0.92" CONTENT="till"/><SP WIDTH="22" VPOS="1880" HPOS="318"/>
							<String ID="string_321" HPOS="340" VPOS="1877" WIDTH="115" HEIGHT="39" WC="0.92" CONTENT="62,800"/><SP WIDTH="21" VPOS="1877" HPOS="455"/>
							<String ID="string_322" HPOS="476" VPOS="1876" WIDTH="136" HEIGHT="31" WC="0.95" CONTENT="kronor."/>
						</TextLine>
					</TextBlock>
				</ComposedBlock>
				<ComposedBlock ID="cblock_4" HPOS="267" VPOS="1936" WIDTH="1500" HEIGHT="256">
					<TextBlock ID="block_8" HPOS="267" VPOS="1936" WIDTH="1500" HEIGHT="256">
						<TextLine ID="line_43" HPOS="318" VPOS="1936" WIDTH="1447" HEIGHT="57">
							<String ID="string_323" HPOS="318" VPOS="1954" WIDTH="82" HEIGHT="32" WC="0.93" CONTENT="Med"/><SP WIDTH="34" VPOS="1954" HPOS="400"/>
							<String ID="string_324" HPOS="434" VPOS="1950" WIDTH="240" HEIGHT="43" WC="0.91" CONTENT="tillstyrkande"/><SP WIDTH="26" VPOS="1950" HPOS="674"/>
							<String ID="string_325" HPOS="700" VPOS="1959" WIDTH="40" HEIGHT="20" WC="0.96" CONTENT="av"/><SP WIDTH="21" VPOS="1959" HPOS="740"/>
							<String ID="string_326" HPOS="761" VPOS="1947" WIDTH="98" HEIGHT="32" WC="0.96" CONTENT="bifall"/><SP WIDTH="27" VPOS="1947" HPOS="859"/>
							<String ID="string_327" HPOS="886" VPOS="1946" WIDTH="53" HEIGHT="31" WC="0.95" CONTENT="till"/><SP WIDTH="26" VPOS="1946" HPOS="939"/>
							<String ID="string_328" HPOS="965" VPOS="1944" WIDTH="126" HEIGHT="41" WC="0.95" CONTENT="Kungl."/><SP WIDTH="23" VPOS="1944" HPOS="1091"/>
							<String ID="string_329" HPOS="1114" VPOS="1941" WIDTH="115" HEIGHT="42" WC="0.95" CONTENT="Maj:ts"/><SP WIDTH="23" VPOS="1941" HPOS="1229"/>
							<String ID="string_330" HPOS="1252" VPOS="1939" WIDTH="220" HEIGHT="32" WC="0.96" CONTENT="förevarande"/><SP WIDTH="23" VPOS="1939" HPOS="1472"/>
							<String ID="string_331" HPOS="1495" VPOS="1937" WIDTH="129" HEIGHT="40" WC="0.95" CONTENT="förslag"/><SP WIDTH="21" VPOS="1937" HPOS="1624"/>
							<String ID="string_332" HPOS="1645" VPOS="1936" WIDTH="50" HEIGHT="30" WC="0.93" CONTENT="får"/><SP WIDTH="21" VPOS="1936" HPOS="1695"/>
							<String ID="string_333" HPOS="1716" VPOS="1937" WIDTH="49" HEIGHT="29" WC="0.90" CONTENT="ut-"/>
						</TextLine>
						<TextLine ID="line_44" HPOS="267" VPOS="2001" WIDTH="340" HEIGHT="37">
							<String ID="string_334" HPOS="267" VPOS="2006" WIDTH="129" HEIGHT="31" WC="0.93" CONTENT="skottet"/><SP WIDTH="22" VPOS="2006" HPOS="396"/>
							<String ID="string_335" HPOS="418" VPOS="2001" WIDTH="189" HEIGHT="37" WC="0.77" CONTENT="hemställa,"/>
						</TextLine>
						<TextLine ID="line_45" HPOS="588" VPOS="2043" WIDTH="1179" HEIGHT="54">
							<String ID="string_336" HPOS="588" VPOS="2060" WIDTH="50" HEIGHT="30" WC="0.96" CONTENT="att"/><SP WIDTH="32" VPOS="2060" HPOS="638"/>
							<String ID="string_337" HPOS="670" VPOS="2056" WIDTH="182" HEIGHT="41" WC="0.96" CONTENT="riksdagen"/><SP WIDTH="34" VPOS="2056" HPOS="852"/>
							<String ID="string_338" HPOS="886" VPOS="2056" WIDTH="54" HEIGHT="29" WC="0.96" CONTENT="må"/><SP WIDTH="26" VPOS="2056" HPOS="940"/>
							<String ID="string_339" HPOS="966" VPOS="2053" WIDTH="52" HEIGHT="31" WC="0.96" CONTENT="till"/><SP WIDTH="29" VPOS="2053" HPOS="1018"/>
							<String ID="string_340" HPOS="1047" VPOS="2051" WIDTH="164" HEIGHT="32" WC="0.96" CONTENT="täckande"/><SP WIDTH="24" VPOS="2051" HPOS="1211"/>
							<String ID="string_341" HPOS="1235" VPOS="2061" WIDTH="40" HEIGHT="20" WC="0.93" CONTENT="av"/><SP WIDTH="24" VPOS="2061" HPOS="1275"/>
							<String ID="string_342" HPOS="1299" VPOS="2046" WIDTH="232" HEIGHT="38" WC="0.91" CONTENT="omförmälda,"/><SP WIDTH="25" VPOS="2046" HPOS="1531"/>
							<String ID="string_343" HPOS="1556" VPOS="2057" WIDTH="41" HEIGHT="20" WC="0.93" CONTENT="av"/><SP WIDTH="21" VPOS="2057" HPOS="1597"/>
							<String ID="string_344" HPOS="1618" VPOS="2046" WIDTH="70" HEIGHT="38" WC="0.85" CONTENT="väg-"/><SP WIDTH="24" VPOS="2046" HPOS="1688"/>
							<String ID="string_345" HPOS="1712" VPOS="2043" WIDTH="55" HEIGHT="32" WC="0.96" CONTENT="och"/>
						</TextLine>
						<TextLine ID="line_46" HPOS="535" VPOS="2095" WIDTH="1232" HEIGHT="54">
							<String ID="string_346" HPOS="535" VPOS="2105" WIDTH="426" HEIGHT="44" WC="0.91" CONTENT="vattenbyggnadsstyrelsen"/><SP WIDTH="15" VPOS="2105" HPOS="961"/>
							<String ID="string_347" HPOS="976" VPOS="2102" WIDTH="208" HEIGHT="42" WC="0.91" CONTENT="förskottsvis"/><SP WIDTH="24" VPOS="2102" HPOS="1184"/>
							<String ID="string_348" HPOS="1208" VPOS="2100" WIDTH="165" HEIGHT="32" WC="0.91" CONTENT="bestridda"/><SP WIDTH="21" VPOS="2100" HPOS="1373"/>
							<String ID="string_349" HPOS="1394" VPOS="2097" WIDTH="137" HEIGHT="41" WC="0.92" CONTENT="utgifter"/><SP WIDTH="22" VPOS="2097" HPOS="1531"/>
							<String ID="string_350" HPOS="1553" VPOS="2097" WIDTH="54" HEIGHT="30" WC="0.91" CONTENT="för"/><SP WIDTH="21" VPOS="2097" HPOS="1607"/>
							<String ID="string_351" HPOS="1628" VPOS="2095" WIDTH="139" HEIGHT="41" WC="0.91" CONTENT="budget-"/>
						</TextLine>
						<TextLine ID="line_47" HPOS="537" VPOS="2147" WIDTH="1127" HEIGHT="45">
							<String ID="string_352" HPOS="537" VPOS="2162" WIDTH="72" HEIGHT="30" WC="0.93" CONTENT="året"/><SP WIDTH="23" VPOS="2162" HPOS="609"/>
							<String ID="string_353" HPOS="632" VPOS="2157" WIDTH="208" HEIGHT="33" WC="0.83" CONTENT="1925—1926"/><SP WIDTH="23" VPOS="2157" HPOS="840"/>
							<String ID="string_354" HPOS="863" VPOS="2155" WIDTH="117" HEIGHT="32" WC="0.96" CONTENT="anvisa"/><SP WIDTH="23" VPOS="2155" HPOS="980"/>
							<String ID="string_355" HPOS="1003" VPOS="2155" WIDTH="49" HEIGHT="30" WC="0.96" CONTENT="ett"/><SP WIDTH="23" VPOS="2155" HPOS="1052"/>
							<String ID="string_356" HPOS="1075" VPOS="2154" WIDTH="93" HEIGHT="30" WC="0.96" CONTENT="extra"/><SP WIDTH="22" VPOS="2154" HPOS="1168"/>
							<String ID="string_357" HPOS="1190" VPOS="2151" WIDTH="119" HEIGHT="40" WC="0.96" CONTENT="anslag"/><SP WIDTH="23" VPOS="2151" HPOS="1309"/>
							<String ID="string_358" HPOS="1332" VPOS="2160" WIDTH="39" HEIGHT="20" WC="0.93" CONTENT="av"/><SP WIDTH="22" VPOS="2160" HPOS="1371"/>
							<String ID="string_359" HPOS="1393" VPOS="2148" WIDTH="114" HEIGHT="38" WC="0.92" CONTENT="62,800"/><SP WIDTH="22" VPOS="2148" HPOS="1507"/>
							<String ID="string_360" HPOS="1529" VPOS="2147" WIDTH="135" HEIGHT="31" WC="0.96" CONTENT="kronor."/>
						</TextLine>
					</TextBlock>
				</ComposedBlock>
				<ComposedBlock ID="cblock_5" HPOS="271" VPOS="2238" WIDTH="1498" HEIGHT="257">
					<TextBlock ID="block_9" HPOS="271" VPOS="2238" WIDTH="1498" HEIGHT="257">
						<TextLine ID="line_48" HPOS="321" VPOS="2238" WIDTH="1448" HEIGHT="60">
							<String ID="string_361" HPOS="321" VPOS="2256" WIDTH="86" HEIGHT="42" WC="0.89" CONTENT="56:0)"/><SP WIDTH="32" VPOS="2256" HPOS="407"/>
							<String ID="string_362" HPOS="439" VPOS="2252" WIDTH="219" HEIGHT="35" WC="0.96" CONTENT="Beträffande"/><SP WIDTH="33" VPOS="2252" HPOS="658"/>
							<String ID="string_363" HPOS="691" VPOS="2250" WIDTH="126" HEIGHT="41" WC="0.94" CONTENT="Kungl."/><SP WIDTH="24" VPOS="2250" HPOS="817"/>
							<String ID="string_364" HPOS="841" VPOS="2249" WIDTH="118" HEIGHT="40" WC="0.96" CONTENT="Maj:ts"/><SP WIDTH="33" VPOS="2249" HPOS="959"/>
							<String ID="string_365" HPOS="992" VPOS="2246" WIDTH="127" HEIGHT="40" WC="0.96" CONTENT="förslag"/><SP WIDTH="33" VPOS="2246" HPOS="1119"/>
							<String ID="string_366" HPOS="1152" VPOS="2256" WIDTH="55" HEIGHT="20" WC="0.92" CONTENT="om"/><SP WIDTH="35" VPOS="2256" HPOS="1207"/>
							<String ID="string_367" HPOS="1242" VPOS="2241" WIDTH="185" HEIGHT="34" WC="0.91" CONTENT="anvisande"/><SP WIDTH="23" VPOS="2241" HPOS="1427"/>
							<String ID="string_368" HPOS="1450" VPOS="2252" WIDTH="40" HEIGHT="20" WC="0.96" CONTENT="av"/><SP WIDTH="23" VPOS="2252" HPOS="1490"/>
							<String ID="string_369" HPOS="1513" VPOS="2240" WIDTH="120" HEIGHT="39" WC="0.96" CONTENT="anslag"/><SP WIDTH="27" VPOS="2240" HPOS="1633"/>
							<String ID="string_370" HPOS="1660" VPOS="2238" WIDTH="109" HEIGHT="31" WC="0.96" CONTENT="under"/>
						</TextLine>
						<TextLine ID="line_49" HPOS="271" VPOS="2289" WIDTH="1497" HEIGHT="61">
							<String ID="string_371" HPOS="271" VPOS="2309" WIDTH="102" HEIGHT="41" WC="0.88" CONTENT="sjätte"/><SP WIDTH="32" VPOS="2309" HPOS="373"/>
							<String ID="string_372" HPOS="405" VPOS="2303" WIDTH="219" HEIGHT="34" WC="0.91" CONTENT="huvudtiteln"/><SP WIDTH="32" VPOS="2303" HPOS="624"/>
							<String ID="string_373" HPOS="656" VPOS="2303" WIDTH="52" HEIGHT="30" WC="0.96" CONTENT="för"/><SP WIDTH="31" VPOS="2303" HPOS="708"/>
							<String ID="string_374" HPOS="739" VPOS="2299" WIDTH="197" HEIGHT="33" WC="0.96" CONTENT="beredande"/><SP WIDTH="23" VPOS="2299" HPOS="936"/>
							<String ID="string_375" HPOS="959" VPOS="2309" WIDTH="39" HEIGHT="20" WC="0.96" CONTENT="av"/><SP WIDTH="23" VPOS="2309" HPOS="998"/>
							<String ID="string_376" HPOS="1021" VPOS="2296" WIDTH="147" HEIGHT="40" WC="0.93" CONTENT="tillfällig"/><SP WIDTH="21" VPOS="2296" HPOS="1168"/>
							<String ID="string_377" HPOS="1189" VPOS="2291" WIDTH="285" HEIGHT="41" WC="0.90" CONTENT="löneförbättring"/><SP WIDTH="22" VPOS="2291" HPOS="1474"/>
							<String ID="string_378" HPOS="1496" VPOS="2290" WIDTH="111" HEIGHT="31" WC="0.93" CONTENT="under"/><SP WIDTH="21" VPOS="2290" HPOS="1607"/>
							<String ID="string_379" HPOS="1628" VPOS="2289" WIDTH="140" HEIGHT="40" WC="0.92" CONTENT="budget-"/>
						</TextLine>
						<TextLine ID="line_50" HPOS="271" VPOS="2339" WIDTH="1498" HEIGHT="53">
							<String ID="string_380" HPOS="271" VPOS="2361" WIDTH="72" HEIGHT="30" WC="0.92" CONTENT="året"/><SP WIDTH="34" VPOS="2361" HPOS="343"/>
							<String ID="string_381" HPOS="377" VPOS="2355" WIDTH="207" HEIGHT="33" WC="0.87" CONTENT="1925—1926"/><SP WIDTH="23" VPOS="2355" HPOS="584"/>
							<String ID="string_382" HPOS="607" VPOS="2354" WIDTH="52" HEIGHT="31" WC="0.96" CONTENT="för"/><SP WIDTH="21" VPOS="2354" HPOS="659"/>
							<String ID="string_383" HPOS="680" VPOS="2352" WIDTH="71" HEIGHT="31" WC="0.96" CONTENT="viss"/><SP WIDTH="24" VPOS="2352" HPOS="751"/>
							<String ID="string_384" HPOS="775" VPOS="2349" WIDTH="161" HEIGHT="43" WC="0.96" CONTENT="personal"/><SP WIDTH="22" VPOS="2349" HPOS="936"/>
							<String ID="string_385" HPOS="958" VPOS="2348" WIDTH="93" HEIGHT="31" WC="0.96" CONTENT="inom"/><SP WIDTH="25" VPOS="2348" HPOS="1051"/>
							<String ID="string_386" HPOS="1076" VPOS="2347" WIDTH="65" HEIGHT="31" WC="0.96" CONTENT="den"/><SP WIDTH="24" VPOS="2347" HPOS="1141"/>
							<String ID="string_387" HPOS="1165" VPOS="2345" WIDTH="99" HEIGHT="31" WC="0.93" CONTENT="civila"/><SP WIDTH="23" VPOS="2345" HPOS="1264"/>
							<String ID="string_388" HPOS="1287" VPOS="2341" WIDTH="339" HEIGHT="40" WC="0.92" CONTENT="statsförvaltningen"/><SP WIDTH="23" VPOS="2341" HPOS="1626"/>
							<String ID="string_389" HPOS="1649" VPOS="2339" WIDTH="120" HEIGHT="41" WC="0.96" CONTENT="(punkt"/>
						</TextLine>
						<TextLine ID="line_51" HPOS="271" VPOS="2389" WIDTH="1498" HEIGHT="61">
							<String ID="string_390" HPOS="271" VPOS="2409" WIDTH="51" HEIGHT="41" WC="0.96" CONTENT="60)"/><SP WIDTH="23" VPOS="2409" HPOS="322"/>
							<String ID="string_391" HPOS="345" VPOS="2408" WIDTH="153" HEIGHT="31" WC="0.95" CONTENT="kommer"/><SP WIDTH="15" VPOS="2408" HPOS="498"/>
							<String ID="string_392" HPOS="513" VPOS="2404" WIDTH="169" HEIGHT="32" WC="0.96" CONTENT="utskottet"/><SP WIDTH="15" VPOS="2404" HPOS="682"/>
							<String ID="string_393" HPOS="697" VPOS="2404" WIDTH="50" HEIGHT="29" WC="0.93" CONTENT="att"/><SP WIDTH="22" VPOS="2404" HPOS="747"/>
							<String ID="string_394" HPOS="769" VPOS="2400" WIDTH="183" HEIGHT="32" WC="0.91" CONTENT="framdeles"/><SP WIDTH="23" VPOS="2400" HPOS="952"/>
							<String ID="string_395" HPOS="975" VPOS="2397" WIDTH="109" HEIGHT="32" WC="0.96" CONTENT="under"/><SP WIDTH="21" VPOS="2397" HPOS="1084"/>
							<String ID="string_396" HPOS="1105" VPOS="2395" WIDTH="183" HEIGHT="41" WC="0.93" CONTENT="riksdagen"/><SP WIDTH="24" VPOS="2395" HPOS="1288"/>
							<String ID="string_397" HPOS="1312" VPOS="2393" WIDTH="116" HEIGHT="41" WC="0.92" CONTENT="avgiva"/><SP WIDTH="22" VPOS="2393" HPOS="1428"/>
							<String ID="string_398" HPOS="1450" VPOS="2390" WIDTH="191" HEIGHT="38" WC="0.95" CONTENT="utlåtande;"/><SP WIDTH="23" VPOS="2390" HPOS="1641"/>
							<String ID="string_399" HPOS="1664" VPOS="2389" WIDTH="105" HEIGHT="31" WC="0.96" CONTENT="vilket"/>
						</TextLine>
						<TextLine ID="line_52" HPOS="272" VPOS="2447" WIDTH="874" HEIGHT="48">
							<String ID="string_400" HPOS="272" VPOS="2460" WIDTH="168" HEIGHT="31" WC="0.96" CONTENT="utskottet"/><SP WIDTH="24" VPOS="2460" HPOS="440"/>
							<String ID="string_401" HPOS="464" VPOS="2456" WIDTH="111" HEIGHT="33" WC="0.96" CONTENT="skolat"/><SP WIDTH="23" VPOS="2456" HPOS="575"/>
							<String ID="string_402" HPOS="598" VPOS="2453" WIDTH="197" HEIGHT="42" WC="0.95" CONTENT="härigenom"/><SP WIDTH="23" VPOS="2453" HPOS="795"/>
							<String ID="string_403" HPOS="818" VPOS="2451" WIDTH="51" HEIGHT="31" WC="0.96" CONTENT="får"/><SP WIDTH="22" VPOS="2451" HPOS="869"/>
							<String ID="string_404" HPOS="891" VPOS="2450" WIDTH="53" HEIGHT="31" WC="0.96" CONTENT="för"/><SP WIDTH="22" VPOS="2450" HPOS="944"/>
							<String ID="string_405" HPOS="966" VPOS="2447" WIDTH="180" HEIGHT="41" WC="0.95" CONTENT="riksdagen"/>
						</TextLine>
					</TextBlock>
				</ComposedBlock>
				<ComposedBlock ID="cblock_6" HPOS="592" VPOS="2521" WIDTH="140" HEIGHT="32">
					<TextBlock ID="block_10" HPOS="592" VPOS="2521" WIDTH="140" HEIGHT="32">
						<TextLine ID="line_53" HPOS="592" VPOS="2521" WIDTH="140" HEIGHT="32">
							<String ID="string_406" HPOS="592" VPOS="2521" WIDTH="140" HEIGHT="32" WC="0.92" CONTENT="anmäla."/>
						</TextLine>
					</TextBlock>
				</ComposedBlock>
			</PrintSpace>
		</Page>
	</Layout>
</alto>
