2181 2710
661 176 260 41 Lag-Utskottets
949 176 168 32 Utlåtande
1138 176 64 33 N:o
1225 178 51 31 26.
1704 181 34 28 15

315 263 57 36 Då
400 262 177 36 reformer
607 264 9 35 i
647 263 198 38 bestående
874 264 257 36 förhållanden
1161 266 10 35 i
1201 266 205 36 allmänhet
1434 266 143 36 säkrast
1607 266 65 36 och
1702 267 82 36 bäst

181 314 234 47 genomföras
444 327 57 22 om
531 314 44 36 de
606 314 83 37 med
721 315 212 36 varsamhet
961 317 69 35 och
1061 318 199 34 successivt
1287 316 196 49 företagas,
1512 320 38 33 så
1578 324 134 42 utgöra
1737 318 46 36 de

180 366 140 45 ganska
348 366 209 47 väsentliga
586 367 263 49 förändringar
877 367 9 34 i
915 374 209 41 presternas
1153 367 323 48 befordringsrätt,
1498 382 77 22 som
1593 368 191 37 Utskottet

181 416 119 35 under
330 417 208 47 punkterna
569 420 16 33 1
619 418 65 34 och
717 420 19 33 2
767 418 200 47 föreslagit,
996 431 43 22 en
1068 419 217 48 ytterligare
1315 419 200 47 anledning
1543 425 53 30 att
1624 420 80 35 icke
1734 434 48 21 nu

183 469 47 45 på
258 480 139 22 samma
425 471 98 44 gång
550 467 217 49 ifrågasätta
795 469 369 47 ansökningsrättens
1193 470 274 44 utsträckande;
1498 471 68 34 och
1596 470 45 35 då
1659 471 122 36 härtill

182 519 181 42 kommer,
393 523 55 30 att
476 517 132 49 Kongl.
639 518 114 47 Maj:t,
783 519 95 35 efter
904 519 278 48 framställning
1209 520 39 36 af
1272 521 65 35 sist
1365 520 223 36 församlade
1604 521 178 48 Riksdag,

181 572 38 31 så
260 582 89 35 nyss
391 582 79 22 som
508 569 71 35 den
621 572 22 32 4
676 569 210 36 November
917 572 92 34 1876
1040 571 190 35 förordnat
1258 585 56 21 om
1346 571 70 36 den
1448 575 38 31 så
1515 572 143 35 kallade
1688 572 95 35 indi-

180 626 259 40 genaträttens
482 620 143 35 delvisa
667 621 242 47 upphörande
951 628 94 28 samt
1073 621 62 36 det
1168 622 57 35 vid
1255 622 132 35 sådant
1414 622 233 36 förhållande
1675 623 107 36 torde

183 670 165 36 befinnas
391 671 139 34 mindre
572 672 167 47 lämpligt
782 679 55 28 att
866 684 49 22 nu
944 671 136 36 föreslå
1109 678 54 30 ett
1190 672 234 49 fullständigt
1454 673 262 48 upphäfvande
1746 673 39 36 af

183 720 122 36 denna
333 727 84 37 rätt,
447 725 40 32 så
516 722 215 35 hemställer
759 722 192 36 Utskottet
979 723 203 41 vördsamt,

634 771 74 47 3:o0)
750 779 54 29 att
843 772 95 36 Herr
979 772 230 38 Grafströms
1252 776 139 34 motion
1427 775 9 34 i
1466 774 119 37 denna
1614 775 61 36 del
1703 776 79 37 icke

586 827 114 32 måtte
730 823 38 36 af
792 823 211 47 Riksdagen
1031 823 154 38 bifallas.

384 923 216 37 Stockholm
629 925 69 35 den
733 927 42 33 13
803 923 111 49 April
946 927 104 34 1877.

751 1026 52 35 På
830 1026 211 36 Utskottets
1069 1034 158 41 vägnar:

812 1127 112 37 ERIC
954 1128 204 36 SPARRE.

796 1533 378 41 Reservationer:

319 1685 39 36 af
397 1685 94 37 Herr
531 1700 68 22 von
629 1686 198 51 Gegerfelt:
862 1688 136 37 »Sedan
1030 1690 129 47 Kongl.
1188 1691 103 48 Maj:t
1318 1691 69 36 den
1418 1695 19 32 5
1467 1692 156 37 Januari
1654 1695 93 35 1869
1777 1695 8 34 i

185 1736 115 35 nåder
342 1737 201 48 uppdragit
585 1741 36 32 åt
662 1752 43 21 en
747 1740 139 35 komité
927 1747 53 28 att
1022 1742 210 47 ombesörja
1273 1756 43 22 en
1346 1743 161 35 revision
1538 1743 39 35 af
1604 1746 94 34 1686
1728 1748 58 33 års

186 1787 190 48 kyrkolag,
420 1788 84 34 med
534 1788 188 36 föreskrift
744 1790 57 35 för
831 1791 164 36 komitén
1030 1797 53 30 att
1117 1792 131 36 dervid
1277 1800 89 39 göra
1394 1794 127 46 början
1551 1795 83 34 med
1665 1795 120 36 befor-

187 1836 282 48 dringslagarne
495 1839 118 47 jemte
643 1842 422 46 rättegångsordningen
1096 1843 66 35 och
1191 1847 40 31 så
1247 1850 100 29 snart
1362 1846 120 45 någon
1500 1844 38 35 af
1551 1844 105 37 dessa
1671 1846 114 35 afdel-

185 1888 133 46 ningar
360 1889 133 35 hunnit
533 1889 186 36 fulländas
763 1891 81 35 med
882 1891 177 50 förslaget
1089 1893 87 35 derå
1203 1895 55 34 till
1288 1894 131 48 Kongl.
1448 1894 102 47 Maj:t
1578 1896 206 44 inkomma;

186 1938 111 35 sedan
328 1938 39 35 af
390 1940 88 42 skäl,
508 1953 80 22 som
619 1941 163 36 komitén
813 1942 7 34 i
850 1942 237 48 underdånig
1114 1944 191 35 skrifvelse
1335 1945 68 35 den
1434 1947 11 33 5
1463 1944 210 38 November
1692 1949 91 33 1869

186 1989 200 43 utvecklat,
428 1990 192 35 befunnits
650 1997 53 29 att
737 1992 62 35 det
827 1993 80 35 icke
936 1999 87 29 utan
1052 1995 240 46 olägenheter
1320 1996 73 35 läte
1422 1997 56 45 sig
1506 2003 86 40 göra
1622 2004 65 35 att,
1718 2005 67 27 när

187 2040 10 33 i
233 2040 67 34 allt
328 2038 63 37 fall
420 2053 43 22 en
494 2042 161 34 revision
685 2041 38 36 af
749 2043 82 35 hela
859 2044 227 47 kyrkolagen
1117 2057 87 23 vore
1233 2047 11 33 i
1275 2046 113 35 nåder
1423 2046 170 36 beslutad
1624 2048 65 35 och
1717 2048 66 35 ko-

187 2090 116 35 mitén
332 2091 235 48 uppdragen,
596 2093 175 35 särskildt
786 2093 58 36 för
859 2095 56 45 sig
936 2093 188 37 fullborda
1141 2095 66 36 och
1225 2097 54 34 till
1295 2097 231 48 granskning
1539 2098 157 35 aflemna
1712 2098 73 36 för-

187 2141 78 47 slag
306 2141 53 34 till
402 2142 156 35 berörda
598 2142 234 50 afdelningar
873 2145 121 44 deraf;
1035 2146 65 35 och
1142 2146 115 36 sedan
1295 2148 166 35 komitén
1495 2148 115 36 redan
1640 2148 146 48 afgifvit

187 2190 142 48 förslag
369 2193 56 34 till
469 2193 182 47 kyrkolag
692 2195 81 35 med
815 2194 121 37 dertill
979 2196 163 36 hörande
1183 2198 161 48 stadgar,
1388 2199 141 35 hvilket
1563 2198 136 48 förslag
1727 2199 59 36 för

189 2242 233 36 närvarande
450 2251 38 27 är
516 2244 187 36 beroende
733 2249 45 45 på
806 2245 265 51 föredragning
1099 2248 10 35 i
1139 2247 141 49 Högsta
1308 2249 228 46 Domstolen,
1566 2254 39 31 så
1634 2251 64 35 har
1721 2251 66 47 jag
