1868 2790
241 150 39 30 20
606 150 403 40 Bevillningsutskottets
1030 150 219 30 betänkande
1268 161 44 19 nr
1331 152 52 30 49.

246 234 39 29 20
300 234 63 29 000
385 234 138 29 kronor.
545 233 139 40 Uppgår
704 233 299 39 taxeringsvärdet
1023 233 75 30 icke
1120 233 51 31 till
1193 234 42 30 20
1248 234 63 30 000
1332 234 129 30 kronor
1483 235 88 31 skall
1593 237 151 38 garanti-

246 284 123 40 belopp
396 285 75 29 icke
496 285 173 29 beräknas
696 284 54 30 för
777 284 222 39 fastigheten.
1026 284 305 41 Garantibeloppet
1359 287 167 38 upptages
1553 286 96 30 inom
1677 287 66 30 den

246 335 180 34 kommun,
451 335 61 30 där
536 335 210 38 fastigheten
770 336 38 28 är
831 335 155 39 belägen,
1011 334 116 30 såsom
1153 335 240 40 skattepliktig
1416 336 155 30 inkomst
1596 337 54 29 för
1675 337 69 30 fas-

246 385 173 39 tighetens
447 386 111 38 ägare.
588 385 120 30 Såsom
736 387 101 37 ägare
865 394 102 21 anses
994 386 131 38 jämväl
1153 386 77 33 den,
1257 385 118 30 vilken
1403 386 147 30 innehar
1578 387 166 40 fastighet

245 436 78 29 med
345 435 329 30 fideikommissrätt
696 436 80 29 eller
799 436 101 39 eljest
923 437 84 28 utan
1029 436 160 39 vederlag
1211 436 141 30 besitter
1376 436 166 40 fastighet
1563 437 45 40 på
1631 438 112 39 grund

245 495 42 21 av
308 487 301 29 testamentariskt
632 486 246 31 förordnande.

289 537 74 31 Vad
386 545 74 21 som
483 555 42 3 -—
546 555 43 3 —
610 555 44 3 -—
675 538 166 38 anslagen
863 537 90 39 jord.

290 587 121 30 Såsom
434 588 211 29 innehavare
666 606 44 2 -—
729 605 45 3 —
792 606 46 3 —
860 587 116 30 såsom
999 587 220 30 innehavare.

289 637 95 30 Skall
407 639 209 38 avkastning
637 657 44 3 —
701 656 43 4 —
764 656 45 3 —
831 638 229 39 fastighetens
1084 638 221 39 skogsvärde.

288 688 70 29 Där
383 689 223 29 beträffande
628 707 43 3 —
693 707 43 3 -—
757 707 46 3 —
826 689 169 39 ingående
1020 689 236 39 skogsvärdet.

287 738 269 41 Garantibelopp
574 739 173 30 beräknas
763 757 46 4 —
824 758 45 2 —
884 758 45 2 —
946 740 137 38 hänsyn
1101 739 129 30 härtill.

1174 790 57 33 (Se
1254 790 117 30 vidare
1393 790 301 40 anvisningarna.)

875 909 232 35 Anvisningar

906 991 53 30 till
983 991 39 29 47
1050 990 28 37 8.

288 1059 67 29 Till
376 1058 141 40 ledning
537 1077 45 3 —
600 1076 45 4 —
663 1077 44 3 —
728 1058 156 40 följande
907 1058 163 40 exempel.

291 1109 27 29 1.
346 1109 72 29 Har
444 1109 262 35 rörelseidkare,
735 1118 74 20 som
836 1110 177 29 använder
1041 1119 41 20 av
1108 1109 130 29 honom
1266 1110 65 38 ägd
1361 1108 164 39 fastighet
1552 1108 11 29 i
1590 1109 154 30 rörelsen

245 1160 91 38 gjort
363 1160 109 29 sådan
497 1159 223 40 omläggning
745 1169 43 20 av
812 1159 260 40 räkenskapsår
1098 1161 51 28 att
1174 1159 319 39 beskattningsåret
1520 1160 147 29 kommit
1694 1161 51 28 att

244 1210 150 30 omfatta
418 1211 18 29 9
460 1210 177 34 månader,
660 1210 173 30 beräknas
858 1209 297 40 garantibeloppet
1178 1210 52 29 till
1255 1210 85 35 9/12
1365 1218 43 21 av
1431 1210 56 30 det
1510 1210 134 40 belopp,
1670 1218 74 21 som

245 1262 196 28 motsvarar
463 1262 76 38 fyra
560 1263 144 37 procent
726 1270 41 20 av
788 1260 230 38 fastighetens
1041 1260 283 38 taxeringsvärde
1347 1260 155 31 minskat
1524 1261 79 30 med
1627 1261 40 29 20
1682 1260 62 30 000

246 1311 140 30 kronor.
415 1312 71 29 Har
513 1310 319 39 beskattningsåret
861 1310 148 30 kommit
1038 1312 50 28 att
1117 1310 148 30 omfatta
1297 1311 37 29 15
1365 1310 177 35 månader,
1571 1311 173 29 beräknas

246 1362 298 39 garantibeloppet
571 1362 53 29 till
654 1362 101 34 15/12
783 1371 42 20 av
853 1370 84 30 nyss
965 1360 137 40 angivet
1129 1361 135 39 belopp.

289 1412 29 30 2.
343 1413 72 29 Har
438 1413 12 28 i
474 1412 71 34 fall,
570 1412 44 29 då
638 1411 283 40 beskattningsår
946 1411 263 30 sammanfaller
1234 1412 78 29 med
1337 1411 217 34 kalenderår,
1580 1411 165 40 fastighet

244 1463 74 38 bytt
342 1463 103 39 ägare
469 1463 66 29 den
560 1463 15 29 1
602 1462 192 39 september
817 1461 330 40 beskattningsåret,
1171 1462 173 29 beräknas
1370 1461 297 41 garantibeloppet
1691 1461 54 30 för

243 1515 66 29 den
336 1514 146 40 tidigare
507 1515 127 39 ägaren
659 1514 53 30 till
736 1513 85 36 8/12
847 1515 65 28 och
938 1514 54 30 för
1017 1515 66 29 den
1109 1523 65 30 nye
1200 1515 127 39 ägaren
1353 1514 52 29 till
1430 1513 85 36 4/12
1542 1524 41 20 av
1609 1515 56 29 det
1690 1515 55 29 be-

246 1564 89 39 lopp,
363 1573 76 20 som
465 1565 194 28 motsvarar
685 1564 76 38 fyra
786 1564 144 38 procent
957 1572 41 21 av
1024 1562 229 39 fastighetens
1280 1563 283 38 taxeringsvärde
1590 1562 155 30 minskat

246 1616 77 28 med
344 1615 41 29 20
400 1614 63 30 000
484 1614 139 28 kronor.

290 1665 28 29 3.
342 1665 72 29 Har
437 1673 41 21 en
501 1663 250 30 rörelseidkare
775 1663 93 39 gjort
892 1663 107 30 sådan
1023 1663 223 39 omläggning
1270 1672 42 21 av
1334 1662 258 40 räkenskapsår
1616 1664 50 28 att
1690 1664 56 29 det

246 1715 293 39 beskattningsår,
563 1723 75 21 som
661 1714 105 39 ligger
789 1714 52 29 till
866 1714 111 38 grund
1002 1713 53 30 för
1081 1713 83 30 1958
1188 1713 56 31 års
1267 1713 168 40 taxering,
1460 1713 167 31 omfattar
1649 1713 96 31 tiden

249 1766 57 35 1/7
338 1765 238 35 1956—31/12
607 1765 81 30 1957
719 1767 90 28 samt
836 1765 65 29 har
928 1764 69 30 han
1027 1764 53 30 för
1110 1764 53 29 sin
1191 1765 129 29 rörelse
1349 1763 178 31 förvärvat
1555 1773 41 21 en
1627 1764 119 39 fastig-

246 1816 58 30 het
322 1816 67 29 den
410 1817 15 28 1
446 1816 193 39 september
660 1815 82 30 1956
761 1815 64 30 och
845 1824 43 20 en
906 1824 116 20 annan
1042 1814 165 39 fastighet
1225 1815 67 29 den
1314 1815 14 29 1
1350 1814 88 40 april
1460 1814 92 34 1957,
1572 1815 173 29 beräknas

248 1867 299 39 garantibeloppet
578 1866 57 30 vid
668 1866 240 39 nyssnämnda
940 1865 157 38 taxering
1130 1864 55 30 för
1217 1864 246 30 förstnämnda
1496 1864 165 39 fastighet
1693 1864 52 29 till

249 1917 103 35 16/12
382 1917 65 29 och
476 1918 53 28 för
559 1916 219 30 sistnämnda
807 1916 167 38 fastighet
1002 1915 51 31 till
1083 1915 86 35 9/12
1198 1925 41 20 av
1269 1915 65 29 vad
1364 1924 76 20 som
1469 1915 53 30 för
1550 1915 195 40 respektive

247 1967 167 40 fastighet
441 1969 195 27 motsvarar
664 1967 76 38 fyra
768 1968 144 38 procent
941 1975 41 20 av
1010 1965 298 39 taxeringsvärdet
1336 1965 155 31 minskat
1520 1967 77 29 med
1628 1965 40 32 20
1683 1965 62 30 000

247 2019 140 28 kronor.

908 2076 51 29 till
984 2075 40 30 60
1052 2075 27 36 8.

290 2144 67 29 Till
379 2144 140 39 ledning
540 2162 44 2 —
607 2162 1 3 —
666 2162 44 2 —
731 2143 156 39 följande
910 2143 163 39 exempel.

293 2194 27 28 1.
341 2194 54 28 En
415 2202 125 30 person
561 2195 37 28 är
619 2194 113 30 bosatt
753 2194 10 28 i
784 2203 42 20 en
847 2193 180 35 kommun,
1049 2202 74 21 som
1144 2192 116 30 består
1282 2202 41 20 av
1344 2192 295 39 församlingarna
1660 2192 37 34 A,
1720 2192 25 29 B

246 2244 65 29 och
333 2244 33 30 C.
390 2245 77 29 Han
490 2246 78 38 äger
591 2254 42 20 en
656 2244 165 39 fastighet
843 2245 9 28 i
875 2253 105 20 envar
1002 2253 42 20 av
1065 2244 101 29 dessa
1188 2243 263 38 församlingar;
1477 2243 268 39 fastigheternas

246 2295 309 38 taxeringsvärden
575 2296 122 38 utgöra
717 2294 195 40 respektive
932 2294 40 30 45
988 2294 66 30 000
1070 2294 140 34 kronor,
1232 2294 39 29 95
1287 2293 62 30 000
1371 2294 129 29 kronor
1521 2294 64 28 och
1608 2293 60 29 120
1684 2292 62 30 000

247 2349 139 28 kronor.

291 2398 65 29 Om
378 2398 67 29 den
467 2415 42 3 -—
533 2391 29 50 —
591 2414 17 3 —
657 2396 87 29 skall
766 2395 185 39 iakttagas.

290 2448 30 29 2.
339 2449 52 28 En
410 2457 125 30 person
552 2466 44 2 —
612 2465 44 3 —
671 2465 44 2 —
732 2446 19 30 å
769 2445 388 40 municipalsamhället.
