<?xml version="1.0" encoding="UTF-8"?>
<alto xmlns="http://www.loc.gov/standards/alto/ns-v3#" xmlns:xlink="http://www.w3.org/1999/xlink" xmlns:xsi="http://www.w3.org/2001/XMLSchema-instance" xsi:schemaLocation="http://www.loc.gov/standards/alto/ns-v3# http://www.loc.gov/alto/v3/alto-3-0.xsd">
	<Description>
		<MeasurementUnit>pixel</MeasurementUnit>
		<sourceImageInformation>
			<fileName>/tmp/tess_d2xvhfba_input.PNG</fileName>
		</sourceImageInformation>
		<OCRProcessing ID="OCR_0">
			<ocrProcessingStep>
				<processingSoftware>
					<softwareName>tesseract 5.3.0</softwareName>
				</processingSoftware>
			</ocrProcessingStep>
		</OCRProcessing>
	</Description>
	<Layout>
		<Page WIDTH="1926" HEIGHT="2806" PHYSICAL_IMG_NR="0" ID="page_0">
			<PrintSpace HPOS="0" VPOS="0" WIDTH="1926" HEIGHT="2806">
				<ComposedBlock ID="cblock_0" HPOS="282" VPOS="150" WIDTH="1289" HEIGHT="46">
					<TextBlock ID="block_0" HPOS="282" VPOS="150" WIDTH="1289" HEIGHT="46">
						<TextLine ID="line_0" HPOS="282" VPOS="150" WIDTH="1289" HEIGHT="46">
							<String ID="string_0" HPOS="282" VPOS="150" WIDTH="39" HEIGHT="31" WC="0.96" CONTENT="28"/><SP WIDTH="178" VPOS="150" HPOS="321"/>
							<String ID="string_1" HPOS="499" VPOS="159" WIDTH="106" HEIGHT="28" WC="0.90" CONTENT="Andra"/><SP WIDTH="22" VPOS="159" HPOS="605"/>
							<String ID="string_2" HPOS="627" VPOS="159" WIDTH="185" HEIGHT="29" WC="0.96" CONTENT="kammarens"/><SP WIDTH="22" VPOS="159" HPOS="812"/>
							<String ID="string_3" HPOS="834" VPOS="163" WIDTH="120" HEIGHT="25" WC="0.96" CONTENT="andra"/><SP WIDTH="23" VPOS="163" HPOS="954"/>
							<String ID="string_4" HPOS="977" VPOS="160" WIDTH="157" HEIGHT="36" WC="0.96" CONTENT="tillfälliga"/><SP WIDTH="22" VPOS="160" HPOS="1134"/>
							<String ID="string_5" HPOS="1156" VPOS="163" WIDTH="124" HEIGHT="28" WC="0.96" CONTENT="utskotts"/><SP WIDTH="21" VPOS="163" HPOS="1280"/>
							<String ID="string_6" HPOS="1301" VPOS="162" WIDTH="154" HEIGHT="29" WC="0.92" CONTENT="utlåtande"/><SP WIDTH="21" VPOS="162" HPOS="1455"/>
							<String ID="string_7" HPOS="1476" VPOS="163" WIDTH="44" HEIGHT="28" WC="0.95" CONTENT="Nr"/><SP WIDTH="24" VPOS="163" HPOS="1520"/>
							<String ID="string_8" HPOS="1544" VPOS="166" WIDTH="27" HEIGHT="25" WC="0.19" CONTENT="7."/>
						</TextLine>
					</TextBlock>
				</ComposedBlock>
				<ComposedBlock ID="cblock_1" HPOS="72" VPOS="233" WIDTH="1719" HEIGHT="1295">
					<TextBlock ID="block_1" HPOS="281" VPOS="233" WIDTH="1510" HEIGHT="1002">
						<TextLine ID="line_1" HPOS="282" VPOS="233" WIDTH="1506" HEIGHT="44">
							<String ID="string_9" HPOS="282" VPOS="244" WIDTH="88" HEIGHT="27" WC="0.95" CONTENT="gare."/><SP WIDTH="51" VPOS="244" HPOS="370"/>
							<String ID="string_10" HPOS="421" VPOS="233" WIDTH="76" HEIGHT="33" WC="0.93" CONTENT="Men"/><SP WIDTH="38" VPOS="233" HPOS="497"/>
							<String ID="string_11" HPOS="535" VPOS="235" WIDTH="306" HEIGHT="39" WC="0.86" CONTENT="kontrollstyrelsen"/><SP WIDTH="29" VPOS="235" HPOS="841"/>
							<String ID="string_12" HPOS="870" VPOS="237" WIDTH="61" HEIGHT="32" WC="0.96" CONTENT="har"/><SP WIDTH="26" VPOS="237" HPOS="931"/>
							<String ID="string_13" HPOS="957" VPOS="238" WIDTH="57" HEIGHT="32" WC="0.92" CONTENT="vid"/><SP WIDTH="32" VPOS="238" HPOS="1014"/>
							<String ID="string_14" HPOS="1046" VPOS="238" WIDTH="201" HEIGHT="33" WC="0.92" CONTENT="årsskiftena"/><SP WIDTH="30" VPOS="238" HPOS="1247"/>
							<String ID="string_15" HPOS="1277" VPOS="240" WIDTH="200" HEIGHT="37" WC="0.92" CONTENT="1923/1924,"/><SP WIDTH="33" VPOS="240" HPOS="1477"/>
							<String ID="string_16" HPOS="1510" VPOS="240" WIDTH="189" HEIGHT="32" WC="0.92" CONTENT="1924/1925"/><SP WIDTH="30" VPOS="240" HPOS="1699"/>
							<String ID="string_17" HPOS="1729" VPOS="240" WIDTH="59" HEIGHT="32" WC="0.95" CONTENT="och"/>
						</TextLine>
						<TextLine ID="line_2" HPOS="286" VPOS="276" WIDTH="1505" HEIGHT="42">
							<String ID="string_18" HPOS="286" VPOS="276" WIDTH="191" HEIGHT="32" WC="0.92" CONTENT="1925/1926"/><SP WIDTH="30" VPOS="276" HPOS="477"/>
							<String ID="string_19" HPOS="507" VPOS="276" WIDTH="156" HEIGHT="40" WC="0.95" CONTENT="företagit"/><SP WIDTH="28" VPOS="276" HPOS="663"/>
							<String ID="string_20" HPOS="691" VPOS="290" WIDTH="39" HEIGHT="20" WC="0.96" CONTENT="en"/><SP WIDTH="29" VPOS="290" HPOS="730"/>
							<String ID="string_21" HPOS="759" VPOS="278" WIDTH="178" HEIGHT="39" WC="0.96" CONTENT="detaljerad"/><SP WIDTH="27" VPOS="278" HPOS="937"/>
							<String ID="string_22" HPOS="964" VPOS="280" WIDTH="205" HEIGHT="38" WC="0.96" CONTENT="granskning"/><SP WIDTH="29" VPOS="280" HPOS="1169"/>
							<String ID="string_23" HPOS="1198" VPOS="293" WIDTH="41" HEIGHT="19" WC="0.93" CONTENT="av"/><SP WIDTH="27" VPOS="293" HPOS="1239"/>
							<String ID="string_24" HPOS="1266" VPOS="280" WIDTH="525" HEIGHT="34" WC="0.90" CONTENT="vinstkvantitetsförhållandena"/>
						</TextLine>
						<TextLine ID="line_3" HPOS="283" VPOS="317" WIDTH="1506" HEIGHT="45">
							<String ID="string_25" HPOS="283" VPOS="318" WIDTH="20" HEIGHT="31" WC="0.86" CONTENT="å"/><SP WIDTH="30" VPOS="318" HPOS="303"/>
							<String ID="string_26" HPOS="333" VPOS="317" WIDTH="155" HEIGHT="40" WC="0.96" CONTENT="samtliga"/><SP WIDTH="28" VPOS="317" HPOS="488"/>
							<String ID="string_27" HPOS="516" VPOS="319" WIDTH="101" HEIGHT="32" WC="0.91" CONTENT="rikets"/><SP WIDTH="30" VPOS="319" HPOS="617"/>
							<String ID="string_28" HPOS="647" VPOS="320" WIDTH="169" HEIGHT="33" WC="0.91" CONTENT="överlåtna"/><SP WIDTH="27" VPOS="320" HPOS="816"/>
							<String ID="string_29" HPOS="843" VPOS="321" WIDTH="448" HEIGHT="39" WC="0.90" CONTENT="utskänkningsrättigheter."/><SP WIDTH="49" VPOS="321" HPOS="1291"/>
							<String ID="string_30" HPOS="1340" VPOS="322" WIDTH="49" HEIGHT="33" WC="0.96" CONTENT="På"/><SP WIDTH="28" VPOS="322" HPOS="1389"/>
							<String ID="string_31" HPOS="1417" VPOS="323" WIDTH="164" HEIGHT="39" WC="0.96" CONTENT="grundval"/><SP WIDTH="31" VPOS="323" HPOS="1581"/>
							<String ID="string_32" HPOS="1612" VPOS="336" WIDTH="41" HEIGHT="19" WC="0.96" CONTENT="av"/><SP WIDTH="31" VPOS="336" HPOS="1653"/>
							<String ID="string_33" HPOS="1684" VPOS="324" WIDTH="105" HEIGHT="32" WC="0.96" CONTENT="denna"/>
						</TextLine>
						<TextLine ID="line_4" HPOS="283" VPOS="359" WIDTH="1506" HEIGHT="42">
							<String ID="string_34" HPOS="283" VPOS="359" WIDTH="205" HEIGHT="39" WC="0.96" CONTENT="granskning"/><SP WIDTH="23" VPOS="359" HPOS="488"/>
							<String ID="string_35" HPOS="511" VPOS="360" WIDTH="61" HEIGHT="32" WC="0.96" CONTENT="har"/><SP WIDTH="25" VPOS="360" HPOS="572"/>
							<String ID="string_36" HPOS="597" VPOS="361" WIDTH="159" HEIGHT="38" WC="0.95" CONTENT="styrelsen"/><SP WIDTH="25" VPOS="361" HPOS="756"/>
							<String ID="string_37" HPOS="781" VPOS="362" WIDTH="125" HEIGHT="32" WC="0.96" CONTENT="lämnat"/><SP WIDTH="23" VPOS="362" HPOS="906"/>
							<String ID="string_38" HPOS="929" VPOS="363" WIDTH="137" HEIGHT="38" WC="0.96" CONTENT="bolagen"/><SP WIDTH="25" VPOS="363" HPOS="1066"/>
							<String ID="string_39" HPOS="1091" VPOS="364" WIDTH="142" HEIGHT="32" WC="0.96" CONTENT="direktiv"/><SP WIDTH="25" VPOS="364" HPOS="1233"/>
							<String ID="string_40" HPOS="1258" VPOS="368" WIDTH="49" HEIGHT="29" WC="0.97" CONTENT="att"/><SP WIDTH="25" VPOS="368" HPOS="1307"/>
							<String ID="string_41" HPOS="1332" VPOS="365" WIDTH="104" HEIGHT="32" WC="0.93" CONTENT="sänka"/><SP WIDTH="21" VPOS="365" HPOS="1436"/>
							<String ID="string_42" HPOS="1457" VPOS="365" WIDTH="332" HEIGHT="33" WC="0.90" CONTENT="vinstkvantiteterna"/>
						</TextLine>
						<TextLine ID="line_5" HPOS="285" VPOS="401" WIDTH="1503" HEIGHT="41">
							<String ID="string_43" HPOS="285" VPOS="401" WIDTH="52" HEIGHT="31" WC="0.96" CONTENT="för"/><SP WIDTH="25" VPOS="401" HPOS="337"/>
							<String ID="string_44" HPOS="362" VPOS="401" WIDTH="38" HEIGHT="32" WC="0.93" CONTENT="de"/><SP WIDTH="26" VPOS="401" HPOS="400"/>
							<String ID="string_45" HPOS="426" VPOS="405" WIDTH="236" HEIGHT="30" WC="0.92" CONTENT="restauranters"/><SP WIDTH="24" VPOS="405" HPOS="662"/>
							<String ID="string_46" HPOS="686" VPOS="403" WIDTH="260" HEIGHT="39" WC="0.95" CONTENT="vidkommande,"/><SP WIDTH="29" VPOS="403" HPOS="946"/>
							<String ID="string_47" HPOS="975" VPOS="405" WIDTH="52" HEIGHT="31" WC="0.96" CONTENT="för"/><SP WIDTH="24" VPOS="405" HPOS="1027"/>
							<String ID="string_48" HPOS="1051" VPOS="405" WIDTH="94" HEIGHT="32" WC="0.93" CONTENT="vilka"/><SP WIDTH="22" VPOS="405" HPOS="1145"/>
							<String ID="string_49" HPOS="1167" VPOS="405" WIDTH="333" HEIGHT="34" WC="0.91" CONTENT="vinstkvantiteterna"/><SP WIDTH="27" VPOS="405" HPOS="1500"/>
							<String ID="string_50" HPOS="1527" VPOS="407" WIDTH="168" HEIGHT="32" WC="0.96" CONTENT="framstått"/><SP WIDTH="26" VPOS="407" HPOS="1695"/>
							<String ID="string_51" HPOS="1721" VPOS="419" WIDTH="67" HEIGHT="20" WC="0.96" CONTENT="som"/>
						</TextLine>
						<TextLine ID="line_6" HPOS="283" VPOS="442" WIDTH="1505" HEIGHT="45">
							<String ID="string_52" HPOS="283" VPOS="442" WIDTH="144" HEIGHT="39" WC="0.96" CONTENT="oskäligt"/><SP WIDTH="26" VPOS="442" HPOS="427"/>
							<String ID="string_53" HPOS="453" VPOS="443" WIDTH="97" HEIGHT="38" WC="0.93" CONTENT="höga."/><SP WIDTH="29" VPOS="443" HPOS="550"/>
							<String ID="string_54" HPOS="579" VPOS="444" WIDTH="316" HEIGHT="39" WC="0.91" CONTENT="Kontrollstyrelsen"/><SP WIDTH="27" VPOS="444" HPOS="895"/>
							<String ID="string_55" HPOS="922" VPOS="445" WIDTH="61" HEIGHT="32" WC="0.96" CONTENT="har"/><SP WIDTH="27" VPOS="445" HPOS="983"/>
							<String ID="string_56" HPOS="1010" VPOS="446" WIDTH="59" HEIGHT="32" WC="0.96" CONTENT="ock"/><SP WIDTH="25" VPOS="446" HPOS="1069"/>
							<String ID="string_57" HPOS="1094" VPOS="447" WIDTH="12" HEIGHT="31" WC="0.96" CONTENT="i"/><SP WIDTH="26" VPOS="447" HPOS="1106"/>
							<String ID="string_58" HPOS="1132" VPOS="446" WIDTH="90" HEIGHT="33" WC="0.96" CONTENT="vissa"/><SP WIDTH="28" VPOS="446" HPOS="1222"/>
							<String ID="string_59" HPOS="1250" VPOS="447" WIDTH="62" HEIGHT="32" WC="0.96" CONTENT="fall"/><SP WIDTH="28" VPOS="447" HPOS="1312"/>
							<String ID="string_60" HPOS="1340" VPOS="447" WIDTH="155" HEIGHT="39" WC="0.96" CONTENT="företagit"/><SP WIDTH="26" VPOS="447" HPOS="1495"/>
							<String ID="string_61" HPOS="1521" VPOS="448" WIDTH="200" HEIGHT="39" WC="0.95" CONTENT="justeringar"/><SP WIDTH="26" VPOS="448" HPOS="1721"/>
							<String ID="string_62" HPOS="1747" VPOS="461" WIDTH="41" HEIGHT="20" WC="0.96" CONTENT="av"/>
						</TextLine>
						<TextLine ID="line_7" HPOS="282" VPOS="484" WIDTH="1505" HEIGHT="43">
							<String ID="string_63" HPOS="282" VPOS="484" WIDTH="289" HEIGHT="34" WC="0.91" CONTENT="vinstkvantiteter"/><SP WIDTH="34" VPOS="484" HPOS="571"/>
							<String ID="string_64" HPOS="605" VPOS="486" WIDTH="51" HEIGHT="32" WC="0.96" CONTENT="för"/><SP WIDTH="30" VPOS="486" HPOS="656"/>
							<String ID="string_65" HPOS="686" VPOS="489" WIDTH="49" HEIGHT="30" WC="0.95" CONTENT="att"/><SP WIDTH="29" VPOS="489" HPOS="735"/>
							<String ID="string_66" HPOS="764" VPOS="487" WIDTH="80" HEIGHT="32" WC="0.96" CONTENT="söka"/><SP WIDTH="29" VPOS="487" HPOS="844"/>
							<String ID="string_67" HPOS="873" VPOS="487" WIDTH="226" HEIGHT="34" WC="0.96" CONTENT="åstadkomma"/><SP WIDTH="29" VPOS="487" HPOS="1099"/>
							<String ID="string_68" HPOS="1128" VPOS="500" WIDTH="40" HEIGHT="20" WC="0.96" CONTENT="en"/><SP WIDTH="29" VPOS="500" HPOS="1168"/>
							<String ID="string_69" HPOS="1197" VPOS="488" WIDTH="188" HEIGHT="39" WC="0.96" CONTENT="utjämning"/><SP WIDTH="32" VPOS="488" HPOS="1385"/>
							<String ID="string_70" HPOS="1417" VPOS="489" WIDTH="38" HEIGHT="33" WC="0.96" CONTENT="de"/><SP WIDTH="30" VPOS="489" HPOS="1455"/>
							<String ID="string_71" HPOS="1485" VPOS="489" WIDTH="90" HEIGHT="33" WC="0.89" CONTENT="olika"/><SP WIDTH="30" VPOS="489" HPOS="1575"/>
							<String ID="string_72" HPOS="1605" VPOS="494" WIDTH="182" HEIGHT="29" WC="0.89" CONTENT="restauran-"/>
						</TextLine>
						<TextLine ID="line_8" HPOS="283" VPOS="527" WIDTH="1506" HEIGHT="40">
							<String ID="string_73" HPOS="283" VPOS="529" WIDTH="92" HEIGHT="30" WC="0.96" CONTENT="terna"/><SP WIDTH="18" VPOS="529" HPOS="375"/>
							<String ID="string_74" HPOS="393" VPOS="527" WIDTH="148" HEIGHT="39" WC="0.96" CONTENT="emellan,"/><SP WIDTH="22" VPOS="527" HPOS="541"/>
							<String ID="string_75" HPOS="563" VPOS="528" WIDTH="35" HEIGHT="32" WC="0.96" CONTENT="så"/><SP WIDTH="20" VPOS="528" HPOS="598"/>
							<String ID="string_76" HPOS="618" VPOS="531" WIDTH="49" HEIGHT="29" WC="0.96" CONTENT="att"/><SP WIDTH="20" VPOS="531" HPOS="667"/>
							<String ID="string_77" HPOS="687" VPOS="528" WIDTH="28" HEIGHT="39" WC="0.96" CONTENT="ej"/><SP WIDTH="22" VPOS="528" HPOS="715"/>
							<String ID="string_78" HPOS="737" VPOS="540" WIDTH="39" HEIGHT="21" WC="0.96" CONTENT="en"/><SP WIDTH="21" VPOS="540" HPOS="776"/>
							<String ID="string_79" HPOS="797" VPOS="532" WIDTH="185" HEIGHT="30" WC="0.95" CONTENT="restaurant"/><SP WIDTH="17" VPOS="532" HPOS="982"/>
							<String ID="string_80" HPOS="999" VPOS="530" WIDTH="77" HEIGHT="32" WC="0.96" CONTENT="tack"/><SP WIDTH="19" VPOS="530" HPOS="1076"/>
							<String ID="string_81" HPOS="1095" VPOS="542" WIDTH="77" HEIGHT="22" WC="0.96" CONTENT="vare"/><SP WIDTH="19" VPOS="542" HPOS="1172"/>
							<String ID="string_82" HPOS="1191" VPOS="543" WIDTH="39" HEIGHT="20" WC="0.96" CONTENT="en"/><SP WIDTH="23" VPOS="543" HPOS="1230"/>
							<String ID="string_83" HPOS="1253" VPOS="531" WIDTH="51" HEIGHT="32" WC="0.96" CONTENT="för"/><SP WIDTH="20" VPOS="531" HPOS="1304"/>
							<String ID="string_84" HPOS="1324" VPOS="534" WIDTH="66" HEIGHT="29" WC="0.93" CONTENT="stor"/><SP WIDTH="17" VPOS="534" HPOS="1390"/>
							<String ID="string_85" HPOS="1407" VPOS="531" WIDTH="256" HEIGHT="34" WC="0.92" CONTENT="vinstkvantitet"/><SP WIDTH="19" VPOS="531" HPOS="1663"/>
							<String ID="string_86" HPOS="1682" VPOS="532" WIDTH="107" HEIGHT="33" WC="0.96" CONTENT="skulle"/>
						</TextLine>
						<TextLine ID="line_9" HPOS="284" VPOS="569" WIDTH="1504" HEIGHT="44">
							<String ID="string_87" HPOS="284" VPOS="572" WIDTH="101" HEIGHT="29" WC="0.96" CONTENT="sättas"/><SP WIDTH="21" VPOS="572" HPOS="385"/>
							<String ID="string_88" HPOS="406" VPOS="569" WIDTH="12" HEIGHT="32" WC="0.95" CONTENT="i"/><SP WIDTH="21" VPOS="569" HPOS="418"/>
							<String ID="string_89" HPOS="439" VPOS="572" WIDTH="47" HEIGHT="30" WC="0.96" CONTENT="ett"/><SP WIDTH="21" VPOS="572" HPOS="486"/>
							<String ID="string_90" HPOS="507" VPOS="570" WIDTH="105" HEIGHT="32" WC="0.96" CONTENT="bättre"/><SP WIDTH="21" VPOS="570" HPOS="612"/>
							<String ID="string_91" HPOS="633" VPOS="570" WIDTH="205" HEIGHT="33" WC="0.96" CONTENT="ekonomiskt"/><SP WIDTH="20" VPOS="570" HPOS="838"/>
							<String ID="string_92" HPOS="858" VPOS="571" WIDTH="73" HEIGHT="38" WC="0.96" CONTENT="läge"/><SP WIDTH="23" VPOS="571" HPOS="931"/>
							<String ID="string_93" HPOS="954" VPOS="577" WIDTH="40" HEIGHT="27" WC="0.96" CONTENT="än"/><SP WIDTH="22" VPOS="577" HPOS="994"/>
							<String ID="string_94" HPOS="1016" VPOS="584" WIDTH="38" HEIGHT="20" WC="0.96" CONTENT="en"/><SP WIDTH="23" VPOS="584" HPOS="1054"/>
							<String ID="string_95" HPOS="1077" VPOS="584" WIDTH="118" HEIGHT="20" WC="0.96" CONTENT="annan."/><SP WIDTH="23" VPOS="584" HPOS="1195"/>
							<String ID="string_96" HPOS="1218" VPOS="572" WIDTH="164" HEIGHT="39" WC="0.95" CONTENT="Slutligen"/><SP WIDTH="21" VPOS="572" HPOS="1382"/>
							<String ID="string_97" HPOS="1403" VPOS="573" WIDTH="61" HEIGHT="32" WC="0.93" CONTENT="har"/><SP WIDTH="20" VPOS="573" HPOS="1464"/>
							<String ID="string_98" HPOS="1484" VPOS="574" WIDTH="304" HEIGHT="39" WC="0.91" CONTENT="kontrollstyrelsen"/>
						</TextLine>
						<TextLine ID="line_10" HPOS="285" VPOS="611" WIDTH="1503" HEIGHT="42">
							<String ID="string_99" HPOS="285" VPOS="611" WIDTH="52" HEIGHT="31" WC="0.96" CONTENT="för"/><SP WIDTH="28" VPOS="611" HPOS="337"/>
							<String ID="string_100" HPOS="365" VPOS="614" WIDTH="47" HEIGHT="29" WC="0.96" CONTENT="ett"/><SP WIDTH="30" VPOS="614" HPOS="412"/>
							<String ID="string_101" HPOS="442" VPOS="612" WIDTH="90" HEIGHT="31" WC="0.93" CONTENT="antal"/><SP WIDTH="33" VPOS="612" HPOS="532"/>
							<String ID="string_102" HPOS="565" VPOS="615" WIDTH="235" HEIGHT="30" WC="0.91" CONTENT="restauranters"/><SP WIDTH="29" VPOS="615" HPOS="800"/>
							<String ID="string_103" HPOS="829" VPOS="614" WIDTH="252" HEIGHT="32" WC="0.96" CONTENT="vidkommande"/><SP WIDTH="31" VPOS="614" HPOS="1081"/>
							<String ID="string_104" HPOS="1112" VPOS="614" WIDTH="155" HEIGHT="39" WC="0.96" CONTENT="företagit"/><SP WIDTH="30" VPOS="614" HPOS="1267"/>
							<String ID="string_105" HPOS="1297" VPOS="615" WIDTH="202" HEIGHT="38" WC="0.96" CONTENT="sänkningar"/><SP WIDTH="29" VPOS="615" HPOS="1499"/>
							<String ID="string_106" HPOS="1528" VPOS="628" WIDTH="41" HEIGHT="20" WC="0.92" CONTENT="av"/><SP WIDTH="28" VPOS="628" HPOS="1569"/>
							<String ID="string_107" HPOS="1597" VPOS="616" WIDTH="191" HEIGHT="32" WC="0.92" CONTENT="vinstkvan-"/>
						</TextLine>
						<TextLine ID="line_11" HPOS="282" VPOS="651" WIDTH="1506" HEIGHT="44">
							<String ID="string_108" HPOS="282" VPOS="651" WIDTH="121" HEIGHT="34" WC="0.92" CONTENT="titerna"/><SP WIDTH="20" VPOS="651" HPOS="403"/>
							<String ID="string_109" HPOS="423" VPOS="654" WIDTH="43" HEIGHT="36" WC="0.96" CONTENT="på"/><SP WIDTH="21" VPOS="654" HPOS="466"/>
							<String ID="string_110" HPOS="487" VPOS="653" WIDTH="61" HEIGHT="31" WC="0.96" CONTENT="den"/><SP WIDTH="20" VPOS="653" HPOS="548"/>
							<String ID="string_111" HPOS="568" VPOS="654" WIDTH="117" HEIGHT="38" WC="0.96" CONTENT="grund,"/><SP WIDTH="22" VPOS="654" HPOS="685"/>
							<String ID="string_112" HPOS="707" VPOS="658" WIDTH="48" HEIGHT="28" WC="0.93" CONTENT="att"/><SP WIDTH="21" VPOS="658" HPOS="755"/>
							<String ID="string_113" HPOS="776" VPOS="655" WIDTH="19" HEIGHT="30" WC="0.93" CONTENT="å"/><SP WIDTH="21" VPOS="655" HPOS="795"/>
							<String ID="string_114" HPOS="816" VPOS="654" WIDTH="93" HEIGHT="33" WC="0.91" CONTENT="dessa"/><SP WIDTH="19" VPOS="654" HPOS="909"/>
							<String ID="string_115" HPOS="928" VPOS="658" WIDTH="220" HEIGHT="29" WC="0.90" CONTENT="restauranter"/><SP WIDTH="21" VPOS="658" HPOS="1148"/>
							<String ID="string_116" HPOS="1169" VPOS="657" WIDTH="98" HEIGHT="31" WC="0.91" CONTENT="allom"/><SP WIDTH="21" VPOS="657" HPOS="1267"/>
							<String ID="string_117" HPOS="1288" VPOS="656" WIDTH="154" HEIGHT="38" WC="0.93" CONTENT="veterligt"/><SP WIDTH="18" VPOS="656" HPOS="1442"/>
							<String ID="string_118" HPOS="1460" VPOS="657" WIDTH="328" HEIGHT="38" WC="0.91" CONTENT="utskänkningsföre-"/>
						</TextLine>
						<TextLine ID="line_12" HPOS="284" VPOS="693" WIDTH="1506" HEIGHT="42">
							<String ID="string_119" HPOS="284" VPOS="693" WIDTH="180" HEIGHT="33" WC="0.96" CONTENT="skrifterna"/><SP WIDTH="25" VPOS="693" HPOS="464"/>
							<String ID="string_120" HPOS="489" VPOS="695" WIDTH="13" HEIGHT="31" WC="0.96" CONTENT="i"/><SP WIDTH="27" VPOS="695" HPOS="502"/>
							<String ID="string_121" HPOS="529" VPOS="706" WIDTH="39" HEIGHT="21" WC="0.96" CONTENT="en"/><SP WIDTH="30" VPOS="706" HPOS="568"/>
							<String ID="string_122" HPOS="598" VPOS="695" WIDTH="184" HEIGHT="38" WC="0.96" CONTENT="betydande"/><SP WIDTH="27" VPOS="695" HPOS="782"/>
							<String ID="string_123" HPOS="809" VPOS="696" WIDTH="231" HEIGHT="38" WC="0.93" CONTENT="utsträckning"/><SP WIDTH="26" VPOS="696" HPOS="1040"/>
							<String ID="string_124" HPOS="1066" VPOS="697" WIDTH="184" HEIGHT="32" WC="0.91" CONTENT="åsidosatts."/><SP WIDTH="31" VPOS="697" HPOS="1250"/>
							<String ID="string_125" HPOS="1281" VPOS="697" WIDTH="167" HEIGHT="38" WC="0.96" CONTENT="Styrelsen"/><SP WIDTH="32" VPOS="697" HPOS="1448"/>
							<String ID="string_126" HPOS="1480" VPOS="698" WIDTH="62" HEIGHT="31" WC="0.96" CONTENT="har"/><SP WIDTH="29" VPOS="698" HPOS="1542"/>
							<String ID="string_127" HPOS="1571" VPOS="698" WIDTH="115" HEIGHT="33" WC="0.96" CONTENT="därvid"/><SP WIDTH="30" VPOS="698" HPOS="1686"/>
							<String ID="string_128" HPOS="1716" VPOS="699" WIDTH="74" HEIGHT="32" WC="0.96" CONTENT="sökt"/>
						</TextLine>
						<TextLine ID="line_13" HPOS="283" VPOS="735" WIDTH="1505" HEIGHT="43">
							<String ID="string_129" HPOS="283" VPOS="735" WIDTH="126" HEIGHT="32" WC="0.96" CONTENT="erhålla"/><SP WIDTH="21" VPOS="735" HPOS="409"/>
							<String ID="string_130" HPOS="430" VPOS="739" WIDTH="47" HEIGHT="29" WC="0.96" CONTENT="ett"/><SP WIDTH="20" VPOS="739" HPOS="477"/>
							<String ID="string_131" HPOS="497" VPOS="736" WIDTH="161" HEIGHT="38" WC="0.96" CONTENT="objektivt"/><SP WIDTH="21" VPOS="736" HPOS="658"/>
							<String ID="string_132" HPOS="679" VPOS="737" WIDTH="160" HEIGHT="38" WC="0.96" CONTENT="underlag"/><SP WIDTH="22" VPOS="737" HPOS="839"/>
							<String ID="string_133" HPOS="861" VPOS="737" WIDTH="51" HEIGHT="32" WC="0.96" CONTENT="för"/><SP WIDTH="22" VPOS="737" HPOS="912"/>
							<String ID="string_134" HPOS="934" VPOS="737" WIDTH="72" HEIGHT="33" WC="0.96" CONTENT="sina"/><SP WIDTH="21" VPOS="737" HPOS="1006"/>
							<String ID="string_135" HPOS="1027" VPOS="738" WIDTH="151" HEIGHT="38" WC="0.96" CONTENT="åtgärder"/><SP WIDTH="20" VPOS="738" HPOS="1178"/>
							<String ID="string_136" HPOS="1198" VPOS="750" WIDTH="115" HEIGHT="27" WC="0.96" CONTENT="genom"/><SP WIDTH="23" VPOS="750" HPOS="1313"/>
							<String ID="string_137" HPOS="1336" VPOS="742" WIDTH="48" HEIGHT="29" WC="0.93" CONTENT="att"/><SP WIDTH="23" VPOS="742" HPOS="1384"/>
							<String ID="string_138" HPOS="1407" VPOS="739" WIDTH="168" HEIGHT="34" WC="0.92" CONTENT="förskaffa"/><SP WIDTH="22" VPOS="739" HPOS="1575"/>
							<String ID="string_139" HPOS="1597" VPOS="740" WIDTH="51" HEIGHT="38" WC="0.92" CONTENT="sig"/><SP WIDTH="20" VPOS="740" HPOS="1648"/>
							<String ID="string_140" HPOS="1668" VPOS="740" WIDTH="120" HEIGHT="32" WC="0.92" CONTENT="känne-"/>
						</TextLine>
						<TextLine ID="line_14" HPOS="283" VPOS="776" WIDTH="1507" HEIGHT="44">
							<String ID="string_141" HPOS="283" VPOS="776" WIDTH="73" HEIGHT="32" WC="0.96" CONTENT="dom"/><SP WIDTH="22" VPOS="776" HPOS="356"/>
							<String ID="string_142" HPOS="378" VPOS="789" WIDTH="52" HEIGHT="20" WC="0.96" CONTENT="om"/><SP WIDTH="19" VPOS="789" HPOS="430"/>
							<String ID="string_143" HPOS="449" VPOS="778" WIDTH="161" HEIGHT="32" WC="0.96" CONTENT="storleken"/><SP WIDTH="22" VPOS="778" HPOS="610"/>
							<String ID="string_144" HPOS="632" VPOS="790" WIDTH="41" HEIGHT="20" WC="0.96" CONTENT="av"/><SP WIDTH="23" VPOS="790" HPOS="673"/>
							<String ID="string_145" HPOS="696" VPOS="779" WIDTH="38" HEIGHT="32" WC="0.96" CONTENT="de"/><SP WIDTH="22" VPOS="779" HPOS="734"/>
							<String ID="string_146" HPOS="756" VPOS="779" WIDTH="90" HEIGHT="32" WC="0.93" CONTENT="olika"/><SP WIDTH="21" VPOS="779" HPOS="846"/>
							<String ID="string_147" HPOS="867" VPOS="783" WIDTH="278" HEIGHT="30" WC="0.91" CONTENT="restauranternas"/><SP WIDTH="23" VPOS="783" HPOS="1145"/>
							<String ID="string_148" HPOS="1168" VPOS="780" WIDTH="279" HEIGHT="39" WC="0.89" CONTENT="matomsättning."/><SP WIDTH="22" VPOS="780" HPOS="1447"/>
							<String ID="string_149" HPOS="1469" VPOS="780" WIDTH="67" HEIGHT="33" WC="0.96" CONTENT="Vid"/><SP WIDTH="23" VPOS="780" HPOS="1536"/>
							<String ID="string_150" HPOS="1559" VPOS="782" WIDTH="38" HEIGHT="32" WC="0.93" CONTENT="de"/><SP WIDTH="21" VPOS="782" HPOS="1597"/>
							<String ID="string_151" HPOS="1618" VPOS="783" WIDTH="172" HEIGHT="37" WC="0.91" CONTENT="företagna"/>
						</TextLine>
						<TextLine ID="line_15" HPOS="282" VPOS="818" WIDTH="1506" HEIGHT="42">
							<String ID="string_152" HPOS="282" VPOS="818" WIDTH="244" HEIGHT="39" WC="0.89" CONTENT="Justeringarna"/><SP WIDTH="18" VPOS="818" HPOS="526"/>
							<String ID="string_153" HPOS="544" VPOS="820" WIDTH="61" HEIGHT="32" WC="0.96" CONTENT="har"/><SP WIDTH="21" VPOS="820" HPOS="605"/>
							<String ID="string_154" HPOS="626" VPOS="820" WIDTH="100" HEIGHT="39" WC="0.96" CONTENT="nödig"/><SP WIDTH="18" VPOS="820" HPOS="726"/>
							<String ID="string_155" HPOS="744" VPOS="821" WIDTH="187" HEIGHT="32" WC="0.96" CONTENT="varsamhet"/><SP WIDTH="18" VPOS="821" HPOS="931"/>
							<String ID="string_156" HPOS="949" VPOS="821" WIDTH="184" HEIGHT="39" WC="0.96" CONTENT="iakttagits."/><SP WIDTH="21" VPOS="821" HPOS="1133"/>
							<String ID="string_157" HPOS="1154" VPOS="822" WIDTH="100" HEIGHT="32" WC="0.96" CONTENT="Ännu"/><SP WIDTH="21" VPOS="822" HPOS="1254"/>
							<String ID="string_158" HPOS="1275" VPOS="823" WIDTH="37" HEIGHT="31" WC="0.96" CONTENT="år"/><SP WIDTH="22" VPOS="823" HPOS="1312"/>
							<String ID="string_159" HPOS="1334" VPOS="823" WIDTH="85" HEIGHT="31" WC="0.96" CONTENT="1924"/><SP WIDTH="20" VPOS="823" HPOS="1419"/>
							<String ID="string_160" HPOS="1439" VPOS="835" WIDTH="59" HEIGHT="20" WC="0.96" CONTENT="var"/><SP WIDTH="21" VPOS="835" HPOS="1498"/>
							<String ID="string_161" HPOS="1519" VPOS="823" WIDTH="60" HEIGHT="32" WC="0.96" CONTENT="den"/><SP WIDTH="21" VPOS="823" HPOS="1579"/>
							<String ID="string_162" HPOS="1600" VPOS="824" WIDTH="103" HEIGHT="32" WC="0.93" CONTENT="totala"/><SP WIDTH="22" VPOS="824" HPOS="1703"/>
							<String ID="string_163" HPOS="1725" VPOS="824" WIDTH="63" HEIGHT="31" WC="0.92" CONTENT="för-"/>
						</TextLine>
						<TextLine ID="line_16" HPOS="283" VPOS="860" WIDTH="1504" HEIGHT="41">
							<String ID="string_164" HPOS="283" VPOS="860" WIDTH="185" HEIGHT="39" WC="0.89" CONTENT="säljningen"/><SP WIDTH="16" VPOS="860" HPOS="468"/>
							<String ID="string_165" HPOS="484" VPOS="861" WIDTH="88" HEIGHT="32" WC="0.96" CONTENT="inom"/><SP WIDTH="19" VPOS="861" HPOS="572"/>
							<String ID="string_166" HPOS="591" VPOS="862" WIDTH="60" HEIGHT="31" WC="0.93" CONTENT="den"/><SP WIDTH="18" VPOS="862" HPOS="651"/>
							<String ID="string_167" HPOS="669" VPOS="862" WIDTH="169" HEIGHT="33" WC="0.91" CONTENT="överlåtna"/><SP WIDTH="17" VPOS="862" HPOS="838"/>
							<String ID="string_168" HPOS="855" VPOS="863" WIDTH="385" HEIGHT="38" WC="0.92" CONTENT="utskänkningsrörelsen"/><SP WIDTH="17" VPOS="863" HPOS="1240"/>
							<String ID="string_169" HPOS="1257" VPOS="864" WIDTH="124" HEIGHT="32" WC="0.96" CONTENT="mindre"/><SP WIDTH="19" VPOS="864" HPOS="1381"/>
							<String ID="string_170" HPOS="1400" VPOS="869" WIDTH="40" HEIGHT="26" WC="0.96" CONTENT="än"/><SP WIDTH="19" VPOS="869" HPOS="1440"/>
							<String ID="string_171" HPOS="1459" VPOS="876" WIDTH="150" HEIGHT="20" WC="0.96" CONTENT="summan"/><SP WIDTH="19" VPOS="876" HPOS="1609"/>
							<String ID="string_172" HPOS="1628" VPOS="877" WIDTH="41" HEIGHT="19" WC="0.92" CONTENT="av"/><SP WIDTH="17" VPOS="877" HPOS="1669"/>
							<String ID="string_173" HPOS="1686" VPOS="865" WIDTH="101" HEIGHT="31" WC="0.92" CONTENT="vinst-"/>
						</TextLine>
						<TextLine ID="line_17" HPOS="282" VPOS="902" WIDTH="1505" HEIGHT="41">
							<String ID="string_174" HPOS="282" VPOS="902" WIDTH="252" HEIGHT="33" WC="0.92" CONTENT="kvantiteterna."/><SP WIDTH="18" VPOS="902" HPOS="534"/>
							<String ID="string_175" HPOS="552" VPOS="903" WIDTH="261" HEIGHT="37" WC="0.90" CONTENT="Ifrågavarande"/><SP WIDTH="18" VPOS="903" HPOS="813"/>
							<String ID="string_176" HPOS="831" VPOS="904" WIDTH="198" HEIGHT="38" WC="0.95" CONTENT="försäljning"/><SP WIDTH="16" VPOS="904" HPOS="1029"/>
							<String ID="string_177" HPOS="1045" VPOS="905" WIDTH="145" HEIGHT="38" WC="0.96" CONTENT="uppgick"/><SP WIDTH="15" VPOS="905" HPOS="1190"/>
							<String ID="string_178" HPOS="1205" VPOS="905" WIDTH="165" HEIGHT="38" WC="0.96" CONTENT="nämligen"/><SP WIDTH="18" VPOS="905" HPOS="1370"/>
							<String ID="string_179" HPOS="1388" VPOS="905" WIDTH="89" HEIGHT="32" WC="0.96" CONTENT="detta"/><SP WIDTH="15" VPOS="905" HPOS="1477"/>
							<String ID="string_180" HPOS="1492" VPOS="907" WIDTH="36" HEIGHT="30" WC="0.96" CONTENT="år"/><SP WIDTH="16" VPOS="907" HPOS="1528"/>
							<String ID="string_181" HPOS="1544" VPOS="906" WIDTH="53" HEIGHT="31" WC="0.93" CONTENT="till"/><SP WIDTH="18" VPOS="906" HPOS="1597"/>
							<String ID="string_182" HPOS="1615" VPOS="907" WIDTH="172" HEIGHT="36" WC="0.92" CONTENT="1,762,817"/>
						</TextLine>
						<TextLine ID="line_18" HPOS="282" VPOS="943" WIDTH="1507" HEIGHT="42">
							<String ID="string_183" HPOS="282" VPOS="943" WIDTH="85" HEIGHT="38" WC="0.96" CONTENT="liter,"/><SP WIDTH="28" VPOS="943" HPOS="367"/>
							<String ID="string_184" HPOS="395" VPOS="943" WIDTH="116" HEIGHT="32" WC="0.96" CONTENT="medan"/><SP WIDTH="26" VPOS="943" HPOS="511"/>
							<String ID="string_185" HPOS="537" VPOS="956" WIDTH="149" HEIGHT="20" WC="0.96" CONTENT="summan"/><SP WIDTH="26" VPOS="956" HPOS="686"/>
							<String ID="string_186" HPOS="712" VPOS="957" WIDTH="41" HEIGHT="20" WC="0.93" CONTENT="av"/><SP WIDTH="25" VPOS="957" HPOS="753"/>
							<String ID="string_187" HPOS="778" VPOS="945" WIDTH="333" HEIGHT="34" WC="0.92" CONTENT="vinstkvantiteterna"/><SP WIDTH="23" VPOS="945" HPOS="1111"/>
							<String ID="string_188" HPOS="1134" VPOS="958" WIDTH="59" HEIGHT="20" WC="0.93" CONTENT="var"/><SP WIDTH="27" VPOS="958" HPOS="1193"/>
							<String ID="string_189" HPOS="1220" VPOS="947" WIDTH="172" HEIGHT="38" WC="0.92" CONTENT="1,819,058"/><SP WIDTH="28" VPOS="947" HPOS="1392"/>
							<String ID="string_190" HPOS="1420" VPOS="946" WIDTH="85" HEIGHT="33" WC="0.96" CONTENT="liter."/><SP WIDTH="26" VPOS="946" HPOS="1505"/>
							<String ID="string_191" HPOS="1531" VPOS="947" WIDTH="97" HEIGHT="32" WC="0.96" CONTENT="Först"/><SP WIDTH="26" VPOS="947" HPOS="1628"/>
							<String ID="string_192" HPOS="1654" VPOS="948" WIDTH="72" HEIGHT="31" WC="0.96" CONTENT="med"/><SP WIDTH="26" VPOS="948" HPOS="1726"/>
							<String ID="string_193" HPOS="1752" VPOS="948" WIDTH="37" HEIGHT="31" WC="0.95" CONTENT="år"/>
						</TextLine>
						<TextLine ID="line_19" HPOS="284" VPOS="985" WIDTH="1505" HEIGHT="42">
							<String ID="string_194" HPOS="284" VPOS="985" WIDTH="84" HEIGHT="32" WC="0.96" CONTENT="1925"/><SP WIDTH="31" VPOS="985" HPOS="368"/>
							<String ID="string_195" HPOS="399" VPOS="985" WIDTH="158" HEIGHT="34" WC="0.95" CONTENT="ändrades"/><SP WIDTH="28" VPOS="985" HPOS="557"/>
							<String ID="string_196" HPOS="585" VPOS="986" WIDTH="250" HEIGHT="33" WC="0.96" CONTENT="förhållandena"/><SP WIDTH="23" VPOS="986" HPOS="835"/>
							<String ID="string_197" HPOS="858" VPOS="988" WIDTH="110" HEIGHT="37" WC="0.96" CONTENT="något."/><SP WIDTH="28" VPOS="988" HPOS="968"/>
							<String ID="string_198" HPOS="996" VPOS="987" WIDTH="250" HEIGHT="39" WC="0.96" CONTENT="Försäljningen"/><SP WIDTH="28" VPOS="987" HPOS="1246"/>
							<String ID="string_199" HPOS="1274" VPOS="989" WIDTH="89" HEIGHT="32" WC="0.96" CONTENT="detta"/><SP WIDTH="26" VPOS="989" HPOS="1363"/>
							<String ID="string_200" HPOS="1389" VPOS="989" WIDTH="36" HEIGHT="31" WC="0.96" CONTENT="år"/><SP WIDTH="26" VPOS="989" HPOS="1425"/>
							<String ID="string_201" HPOS="1451" VPOS="988" WIDTH="146" HEIGHT="39" WC="0.96" CONTENT="uppgick"/><SP WIDTH="26" VPOS="988" HPOS="1597"/>
							<String ID="string_202" HPOS="1623" VPOS="989" WIDTH="166" HEIGHT="38" WC="0.96" CONTENT="nämligen"/>
						</TextLine>
						<TextLine ID="line_20" HPOS="282" VPOS="1027" WIDTH="1506" HEIGHT="42">
							<String ID="string_203" HPOS="282" VPOS="1027" WIDTH="54" HEIGHT="32" WC="0.93" CONTENT="till"/><SP WIDTH="28" VPOS="1027" HPOS="336"/>
							<String ID="string_204" HPOS="364" VPOS="1028" WIDTH="173" HEIGHT="37" WC="0.91" CONTENT="1,756,324"/><SP WIDTH="26" VPOS="1028" HPOS="537"/>
							<String ID="string_205" HPOS="563" VPOS="1028" WIDTH="83" HEIGHT="38" WC="0.95" CONTENT="liter,"/><SP WIDTH="28" VPOS="1028" HPOS="646"/>
							<String ID="string_206" HPOS="674" VPOS="1029" WIDTH="115" HEIGHT="32" WC="0.96" CONTENT="medan"/><SP WIDTH="26" VPOS="1029" HPOS="789"/>
							<String ID="string_207" HPOS="815" VPOS="1041" WIDTH="149" HEIGHT="21" WC="0.96" CONTENT="summan"/><SP WIDTH="27" VPOS="1041" HPOS="964"/>
							<String ID="string_208" HPOS="991" VPOS="1042" WIDTH="41" HEIGHT="20" WC="0.90" CONTENT="av"/><SP WIDTH="26" VPOS="1042" HPOS="1032"/>
							<String ID="string_209" HPOS="1058" VPOS="1029" WIDTH="333" HEIGHT="33" WC="0.90" CONTENT="vinstkvantiteterna"/><SP WIDTH="24" VPOS="1029" HPOS="1391"/>
							<String ID="string_210" HPOS="1415" VPOS="1042" WIDTH="61" HEIGHT="20" WC="0.96" CONTENT="var"/><SP WIDTH="25" VPOS="1042" HPOS="1476"/>
							<String ID="string_211" HPOS="1501" VPOS="1030" WIDTH="141" HEIGHT="39" WC="0.93" CONTENT="ungefär"/><SP WIDTH="28" VPOS="1030" HPOS="1642"/>
							<String ID="string_212" HPOS="1670" VPOS="1032" WIDTH="118" HEIGHT="36" WC="0.92" CONTENT="60,000"/>
						</TextLine>
						<TextLine ID="line_21" HPOS="283" VPOS="1069" WIDTH="1507" HEIGHT="39">
							<String ID="string_213" HPOS="283" VPOS="1069" WIDTH="76" HEIGHT="32" WC="0.96" CONTENT="liter"/><SP WIDTH="22" VPOS="1069" HPOS="359"/>
							<String ID="string_214" HPOS="381" VPOS="1070" WIDTH="91" HEIGHT="38" WC="0.96" CONTENT="lägre"/><SP WIDTH="21" VPOS="1070" HPOS="472"/>
							<String ID="string_215" HPOS="493" VPOS="1070" WIDTH="80" HEIGHT="32" WC="0.93" CONTENT="eller"/><SP WIDTH="24" VPOS="1070" HPOS="573"/>
							<String ID="string_216" HPOS="597" VPOS="1071" WIDTH="173" HEIGHT="37" WC="0.91" CONTENT="1,698,888"/><SP WIDTH="25" VPOS="1071" HPOS="770"/>
							<String ID="string_217" HPOS="795" VPOS="1071" WIDTH="84" HEIGHT="32" WC="0.96" CONTENT="liter."/><SP WIDTH="25" VPOS="1071" HPOS="879"/>
							<String ID="string_218" HPOS="904" VPOS="1071" WIDTH="157" HEIGHT="33" WC="0.96" CONTENT="Summan"/><SP WIDTH="26" VPOS="1071" HPOS="1061"/>
							<String ID="string_219" HPOS="1087" VPOS="1085" WIDTH="41" HEIGHT="19" WC="0.93" CONTENT="av"/><SP WIDTH="24" VPOS="1085" HPOS="1128"/>
							<String ID="string_220" HPOS="1152" VPOS="1072" WIDTH="331" HEIGHT="33" WC="0.91" CONTENT="vinstkvantiteterna"/><SP WIDTH="25" VPOS="1072" HPOS="1483"/>
							<String ID="string_221" HPOS="1508" VPOS="1073" WIDTH="52" HEIGHT="31" WC="0.96" CONTENT="för"/><SP WIDTH="23" VPOS="1073" HPOS="1560"/>
							<String ID="string_222" HPOS="1583" VPOS="1073" WIDTH="36" HEIGHT="32" WC="0.96" CONTENT="år"/><SP WIDTH="25" VPOS="1073" HPOS="1619"/>
							<String ID="string_223" HPOS="1644" VPOS="1073" WIDTH="84" HEIGHT="32" WC="0.96" CONTENT="1926"/><SP WIDTH="26" VPOS="1073" HPOS="1728"/>
							<String ID="string_224" HPOS="1754" VPOS="1078" WIDTH="36" HEIGHT="26" WC="0.96" CONTENT="är"/>
						</TextLine>
						<TextLine ID="line_22" HPOS="284" VPOS="1112" WIDTH="1504" HEIGHT="41">
							<String ID="string_225" HPOS="284" VPOS="1116" WIDTH="87" HEIGHT="28" WC="0.96" CONTENT="ännu"/><SP WIDTH="26" VPOS="1116" HPOS="371"/>
							<String ID="string_226" HPOS="397" VPOS="1113" WIDTH="99" HEIGHT="37" WC="0.96" CONTENT="något"/><SP WIDTH="25" VPOS="1113" HPOS="496"/>
							<String ID="string_227" HPOS="521" VPOS="1112" WIDTH="100" HEIGHT="39" WC="0.96" CONTENT="lägre,"/><SP WIDTH="25" VPOS="1112" HPOS="621"/>
							<String ID="string_228" HPOS="646" VPOS="1114" WIDTH="165" HEIGHT="37" WC="0.91" CONTENT="nämligen"/><SP WIDTH="28" VPOS="1114" HPOS="811"/>
							<String ID="string_229" HPOS="839" VPOS="1115" WIDTH="171" HEIGHT="38" WC="0.90" CONTENT="1,642,692"/><SP WIDTH="30" VPOS="1115" HPOS="1010"/>
							<String ID="string_230" HPOS="1040" VPOS="1114" WIDTH="85" HEIGHT="32" WC="0.95" CONTENT="liter."/><SP WIDTH="26" VPOS="1114" HPOS="1125"/>
							<String ID="string_231" HPOS="1151" VPOS="1115" WIDTH="64" HEIGHT="32" WC="0.96" CONTENT="Att"/><SP WIDTH="25" VPOS="1115" HPOS="1215"/>
							<String ID="string_232" HPOS="1240" VPOS="1115" WIDTH="115" HEIGHT="32" WC="0.96" CONTENT="märka"/><SP WIDTH="26" VPOS="1115" HPOS="1355"/>
							<String ID="string_233" HPOS="1381" VPOS="1120" WIDTH="36" HEIGHT="27" WC="0.96" CONTENT="är"/><SP WIDTH="26" VPOS="1120" HPOS="1417"/>
							<String ID="string_234" HPOS="1443" VPOS="1115" WIDTH="91" HEIGHT="38" WC="0.96" CONTENT="dock,"/><SP WIDTH="28" VPOS="1115" HPOS="1534"/>
							<String ID="string_235" HPOS="1562" VPOS="1119" WIDTH="48" HEIGHT="28" WC="0.96" CONTENT="att"/><SP WIDTH="24" VPOS="1119" HPOS="1610"/>
							<String ID="string_236" HPOS="1634" VPOS="1116" WIDTH="92" HEIGHT="31" WC="0.96" CONTENT="såväl"/><SP WIDTH="25" VPOS="1116" HPOS="1726"/>
							<String ID="string_237" HPOS="1751" VPOS="1116" WIDTH="37" HEIGHT="31" WC="0.96" CONTENT="år"/>
						</TextLine>
						<TextLine ID="line_23" HPOS="284" VPOS="1154" WIDTH="1505" HEIGHT="40">
							<String ID="string_238" HPOS="284" VPOS="1154" WIDTH="84" HEIGHT="31" WC="0.94" CONTENT="1925"/><SP WIDTH="28" VPOS="1154" HPOS="368"/>
							<String ID="string_239" HPOS="396" VPOS="1166" WIDTH="67" HEIGHT="19" WC="0.96" CONTENT="som"/><SP WIDTH="27" VPOS="1166" HPOS="463"/>
							<String ID="string_240" HPOS="490" VPOS="1154" WIDTH="183" HEIGHT="38" WC="0.96" CONTENT="säkerligen"/><SP WIDTH="27" VPOS="1154" HPOS="673"/>
							<String ID="string_241" HPOS="700" VPOS="1159" WIDTH="82" HEIGHT="28" WC="0.96" CONTENT="även"/><SP WIDTH="25" VPOS="1159" HPOS="782"/>
							<String ID="string_242" HPOS="807" VPOS="1156" WIDTH="37" HEIGHT="31" WC="0.96" CONTENT="år"/><SP WIDTH="26" VPOS="1156" HPOS="844"/>
							<String ID="string_243" HPOS="870" VPOS="1156" WIDTH="84" HEIGHT="31" WC="0.96" CONTENT="1926"/><SP WIDTH="27" VPOS="1156" HPOS="954"/>
							<String ID="string_244" HPOS="981" VPOS="1159" WIDTH="47" HEIGHT="28" WC="0.96" CONTENT="ett"/><SP WIDTH="26" VPOS="1159" HPOS="1028"/>
							<String ID="string_245" HPOS="1054" VPOS="1156" WIDTH="90" HEIGHT="32" WC="0.93" CONTENT="antal"/><SP WIDTH="26" VPOS="1156" HPOS="1144"/>
							<String ID="string_246" HPOS="1170" VPOS="1159" WIDTH="219" HEIGHT="29" WC="0.91" CONTENT="restauranter"/><SP WIDTH="26" VPOS="1159" HPOS="1389"/>
							<String ID="string_247" HPOS="1415" VPOS="1156" WIDTH="145" HEIGHT="38" WC="0.95" CONTENT="alltjämt"/><SP WIDTH="23" VPOS="1156" HPOS="1560"/>
							<String ID="string_248" HPOS="1583" VPOS="1157" WIDTH="132" HEIGHT="32" WC="0.95" CONTENT="komma"/><SP WIDTH="24" VPOS="1157" HPOS="1715"/>
							<String ID="string_249" HPOS="1739" VPOS="1160" WIDTH="50" HEIGHT="29" WC="0.96" CONTENT="att"/>
						</TextLine>
						<TextLine ID="line_24" HPOS="281" VPOS="1194" WIDTH="1114" HEIGHT="41">
							<String ID="string_250" HPOS="281" VPOS="1194" WIDTH="88" HEIGHT="33" WC="0.96" CONTENT="hava"/><SP WIDTH="21" VPOS="1194" HPOS="369"/>
							<String ID="string_251" HPOS="390" VPOS="1207" WIDTH="39" HEIGHT="20" WC="0.93" CONTENT="en"/><SP WIDTH="21" VPOS="1207" HPOS="429"/>
							<String ID="string_252" HPOS="450" VPOS="1195" WIDTH="262" HEIGHT="39" WC="0.91" CONTENT="vinstkvantitet,"/><SP WIDTH="24" VPOS="1195" HPOS="712"/>
							<String ID="string_253" HPOS="736" VPOS="1208" WIDTH="67" HEIGHT="20" WC="0.96" CONTENT="som"/><SP WIDTH="22" VPOS="1208" HPOS="803"/>
							<String ID="string_254" HPOS="825" VPOS="1201" WIDTH="35" HEIGHT="27" WC="0.96" CONTENT="är"/><SP WIDTH="23" VPOS="1201" HPOS="860"/>
							<String ID="string_255" HPOS="883" VPOS="1200" WIDTH="100" HEIGHT="29" WC="0.96" CONTENT="större"/><SP WIDTH="24" VPOS="1200" HPOS="983"/>
							<String ID="string_256" HPOS="1007" VPOS="1202" WIDTH="41" HEIGHT="26" WC="0.96" CONTENT="än"/><SP WIDTH="23" VPOS="1202" HPOS="1048"/>
							<String ID="string_257" HPOS="1071" VPOS="1197" WIDTH="92" HEIGHT="32" WC="0.96" CONTENT="deras"/><SP WIDTH="25" VPOS="1197" HPOS="1163"/>
							<String ID="string_258" HPOS="1188" VPOS="1197" WIDTH="207" HEIGHT="38" WC="0.95" CONTENT="försäljning."/>
						</TextLine>
					</TextBlock>
					<TextBlock ID="block_2" HPOS="280" VPOS="1236" WIDTH="1509" HEIGHT="208">
						<TextLine ID="line_25" HPOS="326" VPOS="1236" WIDTH="1463" HEIGHT="41">
							<String ID="string_259" HPOS="326" VPOS="1236" WIDTH="217" HEIGHT="34" WC="0.93" CONTENT="Beträffande"/><SP WIDTH="30" VPOS="1236" HPOS="543"/>
							<String ID="string_260" HPOS="573" VPOS="1237" WIDTH="501" HEIGHT="35" WC="0.91" CONTENT="starkvinsvinstkvantiteterna"/><SP WIDTH="27" VPOS="1237" HPOS="1074"/>
							<String ID="string_261" HPOS="1101" VPOS="1239" WIDTH="67" HEIGHT="32" WC="0.93" CONTENT="kan"/><SP WIDTH="27" VPOS="1239" HPOS="1168"/>
							<String ID="string_262" HPOS="1195" VPOS="1239" WIDTH="305" HEIGHT="37" WC="0.91" CONTENT="kontrollstyrelsen"/><SP WIDTH="28" VPOS="1239" HPOS="1500"/>
							<String ID="string_263" HPOS="1528" VPOS="1239" WIDTH="182" HEIGHT="33" WC="0.96" CONTENT="inskränka"/><SP WIDTH="28" VPOS="1239" HPOS="1710"/>
							<String ID="string_264" HPOS="1738" VPOS="1239" WIDTH="51" HEIGHT="38" WC="0.96" CONTENT="sig"/>
						</TextLine>
						<TextLine ID="line_26" HPOS="281" VPOS="1279" WIDTH="1507" HEIGHT="40">
							<String ID="string_265" HPOS="281" VPOS="1279" WIDTH="54" HEIGHT="32" WC="0.94" CONTENT="till"/><SP WIDTH="30" VPOS="1279" HPOS="335"/>
							<String ID="string_266" HPOS="365" VPOS="1282" WIDTH="49" HEIGHT="29" WC="0.94" CONTENT="att"/><SP WIDTH="28" VPOS="1282" HPOS="414"/>
							<String ID="string_267" HPOS="442" VPOS="1279" WIDTH="116" HEIGHT="38" WC="0.95" CONTENT="uttala,"/><SP WIDTH="32" VPOS="1279" HPOS="558"/>
							<String ID="string_268" HPOS="590" VPOS="1283" WIDTH="49" HEIGHT="29" WC="0.93" CONTENT="att"/><SP WIDTH="27" VPOS="1283" HPOS="639"/>
							<String ID="string_269" HPOS="666" VPOS="1280" WIDTH="418" HEIGHT="39" WC="0.92" CONTENT="konsumtionsnedgången"/><SP WIDTH="31" VPOS="1280" HPOS="1084"/>
							<String ID="string_270" HPOS="1115" VPOS="1281" WIDTH="97" HEIGHT="32" WC="0.96" CONTENT="sedan"/><SP WIDTH="31" VPOS="1281" HPOS="1212"/>
							<String ID="string_271" HPOS="1243" VPOS="1282" WIDTH="37" HEIGHT="31" WC="0.96" CONTENT="år"/><SP WIDTH="30" VPOS="1282" HPOS="1280"/>
							<String ID="string_272" HPOS="1310" VPOS="1282" WIDTH="84" HEIGHT="31" WC="0.96" CONTENT="1920"/><SP WIDTH="30" VPOS="1282" HPOS="1394"/>
							<String ID="string_273" HPOS="1424" VPOS="1281" WIDTH="88" HEIGHT="33" WC="0.96" CONTENT="varit"/><SP WIDTH="27" VPOS="1281" HPOS="1512"/>
							<String ID="string_274" HPOS="1539" VPOS="1282" WIDTH="36" HEIGHT="32" WC="0.96" CONTENT="så"/><SP WIDTH="30" VPOS="1282" HPOS="1575"/>
							<String ID="string_275" HPOS="1605" VPOS="1281" WIDTH="100" HEIGHT="38" WC="0.96" CONTENT="stark,"/><SP WIDTH="35" VPOS="1281" HPOS="1705"/>
							<String ID="string_276" HPOS="1740" VPOS="1285" WIDTH="48" HEIGHT="29" WC="0.96" CONTENT="att"/>
						</TextLine>
						<TextLine ID="line_27" HPOS="280" VPOS="1320" WIDTH="1509" HEIGHT="41">
							<String ID="string_277" HPOS="280" VPOS="1320" WIDTH="333" HEIGHT="33" WC="0.91" CONTENT="vinstkvantiteterna"/><SP WIDTH="23" VPOS="1320" HPOS="613"/>
							<String ID="string_278" HPOS="636" VPOS="1322" WIDTH="143" HEIGHT="37" WC="0.96" CONTENT="alltjämt"/><SP WIDTH="22" VPOS="1322" HPOS="779"/>
							<String ID="string_279" HPOS="801" VPOS="1327" WIDTH="55" HEIGHT="27" WC="0.96" CONTENT="äro"/><SP WIDTH="20" VPOS="1327" HPOS="856"/>
							<String ID="string_280" HPOS="876" VPOS="1323" WIDTH="141" HEIGHT="37" WC="0.96" CONTENT="ungefär"/><SP WIDTH="23" VPOS="1323" HPOS="1017"/>
							<String ID="string_281" HPOS="1040" VPOS="1323" WIDTH="135" HEIGHT="32" WC="0.96" CONTENT="dubbelt"/><SP WIDTH="21" VPOS="1323" HPOS="1175"/>
							<String ID="string_282" HPOS="1196" VPOS="1324" WIDTH="35" HEIGHT="31" WC="0.96" CONTENT="så"/><SP WIDTH="21" VPOS="1324" HPOS="1231"/>
							<String ID="string_283" HPOS="1252" VPOS="1323" WIDTH="87" HEIGHT="38" WC="0.96" CONTENT="höga"/><SP WIDTH="22" VPOS="1323" HPOS="1339"/>
							<String ID="string_284" HPOS="1361" VPOS="1335" WIDTH="67" HEIGHT="20" WC="0.94" CONTENT="som"/><SP WIDTH="25" VPOS="1335" HPOS="1428"/>
							<String ID="string_285" HPOS="1453" VPOS="1323" WIDTH="249" HEIGHT="38" WC="0.95" CONTENT="försäljningen."/><SP WIDTH="22" VPOS="1323" HPOS="1702"/>
							<String ID="string_286" HPOS="1724" VPOS="1323" WIDTH="65" HEIGHT="32" WC="0.96" CONTENT="Det"/>
						</TextLine>
						<TextLine ID="line_28" HPOS="282" VPOS="1362" WIDTH="1505" HEIGHT="41">
							<String ID="string_287" HPOS="282" VPOS="1362" WIDTH="108" HEIGHT="32" WC="0.96" CONTENT="finnes"/><SP WIDTH="22" VPOS="1362" HPOS="390"/>
							<String ID="string_288" HPOS="412" VPOS="1363" WIDTH="51" HEIGHT="31" WC="0.96" CONTENT="för"/><SP WIDTH="20" VPOS="1363" HPOS="463"/>
							<String ID="string_289" HPOS="483" VPOS="1363" WIDTH="202" HEIGHT="33" WC="0.96" CONTENT="närvarande"/><SP WIDTH="20" VPOS="1363" HPOS="685"/>
							<String ID="string_290" HPOS="705" VPOS="1364" WIDTH="166" HEIGHT="38" WC="0.96" CONTENT="knappast"/><SP WIDTH="20" VPOS="1364" HPOS="871"/>
							<String ID="string_291" HPOS="891" VPOS="1365" WIDTH="106" HEIGHT="37" WC="0.96" CONTENT="någon"/><SP WIDTH="21" VPOS="1365" HPOS="997"/>
							<String ID="string_292" HPOS="1018" VPOS="1368" WIDTH="185" HEIGHT="28" WC="0.96" CONTENT="restaurant"/><SP WIDTH="18" VPOS="1368" HPOS="1203"/>
							<String ID="string_293" HPOS="1221" VPOS="1365" WIDTH="12" HEIGHT="31" WC="0.96" CONTENT="i"/><SP WIDTH="20" VPOS="1365" HPOS="1233"/>
							<String ID="string_294" HPOS="1253" VPOS="1365" WIDTH="93" HEIGHT="38" WC="0.95" CONTENT="riket,"/><SP WIDTH="22" VPOS="1365" HPOS="1346"/>
							<String ID="string_295" HPOS="1368" VPOS="1376" WIDTH="68" HEIGHT="21" WC="0.95" CONTENT="som"/><SP WIDTH="20" VPOS="1376" HPOS="1436"/>
							<String ID="string_296" HPOS="1456" VPOS="1365" WIDTH="72" HEIGHT="33" WC="0.96" CONTENT="icke"/><SP WIDTH="19" VPOS="1365" HPOS="1528"/>
							<String ID="string_297" HPOS="1547" VPOS="1365" WIDTH="62" HEIGHT="32" WC="0.96" CONTENT="har"/><SP WIDTH="18" VPOS="1365" HPOS="1609"/>
							<String ID="string_298" HPOS="1627" VPOS="1377" WIDTH="39" HEIGHT="20" WC="0.93" CONTENT="en"/><SP WIDTH="19" VPOS="1377" HPOS="1666"/>
							<String ID="string_299" HPOS="1685" VPOS="1365" WIDTH="102" HEIGHT="32" WC="0.89" CONTENT="vinst-"/>
						</TextLine>
						<TextLine ID="line_29" HPOS="282" VPOS="1404" WIDTH="1009" HEIGHT="40">
							<String ID="string_300" HPOS="282" VPOS="1404" WIDTH="165" HEIGHT="34" WC="0.96" CONTENT="kvantitet"/><SP WIDTH="21" VPOS="1404" HPOS="447"/>
							<String ID="string_301" HPOS="468" VPOS="1405" WIDTH="52" HEIGHT="31" WC="0.96" CONTENT="för"/><SP WIDTH="19" VPOS="1405" HPOS="520"/>
							<String ID="string_302" HPOS="539" VPOS="1405" WIDTH="194" HEIGHT="38" WC="0.95" CONTENT="starkviner,"/><SP WIDTH="23" VPOS="1405" HPOS="733"/>
							<String ID="string_303" HPOS="756" VPOS="1417" WIDTH="68" HEIGHT="21" WC="0.96" CONTENT="som"/><SP WIDTH="20" VPOS="1417" HPOS="824"/>
							<String ID="string_304" HPOS="844" VPOS="1406" WIDTH="177" HEIGHT="38" WC="0.96" CONTENT="överstiger"/><SP WIDTH="22" VPOS="1406" HPOS="1021"/>
							<String ID="string_305" HPOS="1043" VPOS="1406" WIDTH="248" HEIGHT="38" WC="0.96" CONTENT="försäljningen."/>
						</TextLine>
					</TextBlock>
					<TextBlock ID="block_3" HPOS="72" VPOS="1446" WIDTH="1716" HEIGHT="82">
						<TextLine ID="line_30" HPOS="89" VPOS="1446" WIDTH="1699" HEIGHT="40">
							<String ID="string_306" HPOS="89" VPOS="1446" WIDTH="160" HEIGHT="40" WC="0.91" CONTENT="Restaura-"/><SP WIDTH="77" VPOS="1446" HPOS="249"/>
							<String ID="string_307" HPOS="326" VPOS="1446" WIDTH="68" HEIGHT="31" WC="0.41" CONTENT="&quot;Till"/><SP WIDTH="20" VPOS="1446" HPOS="394"/>
							<String ID="string_308" HPOS="414" VPOS="1446" WIDTH="193" HEIGHT="39" WC="0.96" CONTENT="ytterligare"/><SP WIDTH="18" VPOS="1446" HPOS="607"/>
							<String ID="string_309" HPOS="625" VPOS="1447" WIDTH="177" HEIGHT="38" WC="0.96" CONTENT="belysning"/><SP WIDTH="19" VPOS="1447" HPOS="802"/>
							<String ID="string_310" HPOS="821" VPOS="1460" WIDTH="40" HEIGHT="20" WC="0.93" CONTENT="av"/><SP WIDTH="19" VPOS="1460" HPOS="861"/>
							<String ID="string_311" HPOS="880" VPOS="1447" WIDTH="253" HEIGHT="32" WC="0.92" CONTENT="motionärernas"/><SP WIDTH="22" VPOS="1447" HPOS="1133"/>
							<String ID="string_312" HPOS="1155" VPOS="1447" WIDTH="248" HEIGHT="39" WC="0.95" CONTENT="framställning"/><SP WIDTH="20" VPOS="1447" HPOS="1403"/>
							<String ID="string_313" HPOS="1423" VPOS="1449" WIDTH="53" HEIGHT="30" WC="0.96" CONTENT="må"/><SP WIDTH="19" VPOS="1449" HPOS="1476"/>
							<String ID="string_314" HPOS="1495" VPOS="1448" WIDTH="127" HEIGHT="32" WC="0.96" CONTENT="lämnas"/><SP WIDTH="21" VPOS="1448" HPOS="1622"/>
							<String ID="string_315" HPOS="1643" VPOS="1448" WIDTH="145" HEIGHT="37" WC="0.95" CONTENT="följande"/>
						</TextLine>
						<TextLine ID="line_31" HPOS="72" VPOS="1481" WIDTH="1716" HEIGHT="47">
							<String ID="string_316" HPOS="72" VPOS="1481" WIDTH="132" HEIGHT="25" WC="0.93" CONTENT="törernas"/><SP WIDTH="22" VPOS="1481" HPOS="204"/>
							<String ID="string_317" HPOS="226" VPOS="1488" WIDTH="45" HEIGHT="17" WC="0.90" CONTENT="in-"/><SP WIDTH="11" VPOS="1488" HPOS="271"/>
							<String ID="string_318" HPOS="282" VPOS="1488" WIDTH="171" HEIGHT="38" WC="0.95" CONTENT="uppgifter"/><SP WIDTH="24" VPOS="1488" HPOS="453"/>
							<String ID="string_319" HPOS="477" VPOS="1500" WIDTH="51" HEIGHT="20" WC="0.93" CONTENT="om"/><SP WIDTH="27" VPOS="1500" HPOS="528"/>
							<String ID="string_320" HPOS="555" VPOS="1492" WIDTH="293" HEIGHT="29" WC="0.92" CONTENT="restauratörernas"/><SP WIDTH="27" VPOS="1492" HPOS="848"/>
							<String ID="string_321" HPOS="875" VPOS="1489" WIDTH="155" HEIGHT="32" WC="0.92" CONTENT="behållna"/><SP WIDTH="25" VPOS="1489" HPOS="1030"/>
							<String ID="string_322" HPOS="1055" VPOS="1489" WIDTH="90" HEIGHT="32" WC="0.96" CONTENT="vinst"/><SP WIDTH="26" VPOS="1489" HPOS="1145"/>
							<String ID="string_323" HPOS="1171" VPOS="1502" WIDTH="42" HEIGHT="19" WC="0.93" CONTENT="av"/><SP WIDTH="26" VPOS="1502" HPOS="1213"/>
							<String ID="string_324" HPOS="1239" VPOS="1489" WIDTH="419" HEIGHT="39" WC="0.91" CONTENT="rusdrycksförsäljningen"/><SP WIDTH="27" VPOS="1489" HPOS="1658"/>
							<String ID="string_325" HPOS="1685" VPOS="1490" WIDTH="103" HEIGHT="32" WC="0.96" CONTENT="under"/>
						</TextLine>
					</TextBlock>
				</ComposedBlock>
				<ComposedBlock ID="cblock_2" HPOS="81" VPOS="1513" WIDTH="534" HEIGHT="68">
					<TextBlock ID="block_4" HPOS="81" VPOS="1513" WIDTH="534" HEIGHT="68">
						<TextLine ID="line_32" HPOS="81" VPOS="1513" WIDTH="534" HEIGHT="68">
							<String ID="string_326" HPOS="81" VPOS="1513" WIDTH="179" HEIGHT="68" WC="0.0" CONTENT="rusbrycks."/><SP WIDTH="21" VPOS="1513" HPOS="260"/>
							<String ID="string_327" HPOS="281" VPOS="1531" WIDTH="77" HEIGHT="31" WC="0.93" CONTENT="åren"/><SP WIDTH="25" VPOS="1531" HPOS="358"/>
							<String ID="string_328" HPOS="383" VPOS="1531" WIDTH="232" HEIGHT="32" WC="0.87" CONTENT="1920—1925:"/>
						</TextLine>
					</TextBlock>
				</ComposedBlock>
				<ComposedBlock ID="cblock_3" HPOS="105" VPOS="1580" WIDTH="1383" HEIGHT="261">
					<TextBlock ID="block_5" HPOS="105" VPOS="1580" WIDTH="1383" HEIGHT="261">
						<TextLine ID="line_33" HPOS="105" VPOS="1580" WIDTH="1382" HEIGHT="69">
							<String ID="string_329" HPOS="105" VPOS="1580" WIDTH="58" HEIGHT="61" WC="0.45" CONTENT="jön"/><SP WIDTH="-4" VPOS="1580" HPOS="163"/>
							<String ID="string_330" HPOS="159" VPOS="1581" WIDTH="72" HEIGHT="68" WC="0.2" CONTENT="än"/><SP WIDTH="351" VPOS="1581" HPOS="231"/>
							<String ID="string_331" HPOS="582" VPOS="1597" WIDTH="66" HEIGHT="26" WC="0.0" CONTENT="120"/><SP WIDTH="43" VPOS="1597" HPOS="648"/>
							<String ID="string_332" HPOS="691" VPOS="1618" WIDTH="611" HEIGHT="7" WC="0.3" CONTENT="orre"/><SP WIDTH="-144" VPOS="1618" HPOS="1302"/>
							<String ID="string_333" HPOS="1158" VPOS="1579" WIDTH="87" HEIGHT="57" WC="0.12" CONTENT="ses"/><SP WIDTH="13" VPOS="1579" HPOS="1245"/>
							<String ID="string_334" HPOS="1258" VPOS="1579" WIDTH="47" HEIGHT="57" WC="0.0" CONTENT="na"/><SP WIDTH="30" VPOS="1579" HPOS="1305"/>
							<String ID="string_335" HPOS="1335" VPOS="1601" WIDTH="152" HEIGHT="32" WC="0.88" CONTENT="23,101,632"/>
						</TextLine>
						<TextLine ID="line_34" HPOS="582" VPOS="1640" WIDTH="905" HEIGHT="34">
							<String ID="string_336" HPOS="582" VPOS="1640" WIDTH="63" HEIGHT="26" WC="0.0" CONTENT="F£:525"/><SP WIDTH="691" VPOS="1640" HPOS="645"/>
							<String ID="string_337" HPOS="1336" VPOS="1642" WIDTH="151" HEIGHT="32" WC="0.92" CONTENT="17,545,175"/>
						</TextLine>
						<TextLine ID="line_35" HPOS="583" VPOS="1683" WIDTH="905" HEIGHT="34">
							<String ID="string_338" HPOS="583" VPOS="1683" WIDTH="65" HEIGHT="24" WC="0.0" CONTENT="1Ä2T"/><SP WIDTH="134" VPOS="1683" HPOS="648"/>
							<String ID="string_339" HPOS="782" VPOS="1703" WIDTH="217" HEIGHT="4" WC="0.8" CONTENT="rr"/><SP WIDTH="30" VPOS="1703" HPOS="999"/>
							<String ID="string_340" HPOS="1029" VPOS="1703" WIDTH="274" HEIGHT="6" WC="0.0" CONTENT="essens"/><SP WIDTH="33" VPOS="1703" HPOS="1303"/>
							<String ID="string_341" HPOS="1336" VPOS="1685" WIDTH="152" HEIGHT="32" WC="0.92" CONTENT="15,053,080"/>
						</TextLine>
						<TextLine ID="line_36" HPOS="582" VPOS="1724" WIDTH="904" HEIGHT="34">
							<String ID="string_342" HPOS="582" VPOS="1724" WIDTH="65" HEIGHT="25" WC="0.21" CONTENT="(5"/><SP WIDTH="688" VPOS="1724" HPOS="647"/>
							<String ID="string_343" HPOS="1335" VPOS="1726" WIDTH="151" HEIGHT="32" WC="0.91" CONTENT="14,911,236"/>
						</TextLine>
						<TextLine ID="line_37" HPOS="581" VPOS="1766" WIDTH="906" HEIGHT="34">
							<String ID="string_344" HPOS="581" VPOS="1766" WIDTH="65" HEIGHT="25" WC="0.0" CONTENT="7"/><SP WIDTH="690" VPOS="1766" HPOS="646"/>
							<String ID="string_345" HPOS="1336" VPOS="1768" WIDTH="151" HEIGHT="32" WC="0.88" CONTENT="13,534,457"/>
						</TextLine>
						<TextLine ID="line_38" HPOS="582" VPOS="1807" WIDTH="905" HEIGHT="34">
							<String ID="string_346" HPOS="582" VPOS="1807" WIDTH="64" HEIGHT="26" WC="0.0" CONTENT="CE"/><SP WIDTH="690" VPOS="1807" HPOS="646"/>
							<String ID="string_347" HPOS="1336" VPOS="1810" WIDTH="151" HEIGHT="31" WC="0.84" CONTENT="13,437,000"/>
						</TextLine>
					</TextBlock>
				</ComposedBlock>
				<ComposedBlock ID="cblock_4" HPOS="277" VPOS="1873" WIDTH="1509" HEIGHT="209">
					<TextBlock ID="block_6" HPOS="277" VPOS="1873" WIDTH="1509" HEIGHT="209">
						<TextLine ID="line_39" HPOS="323" VPOS="1873" WIDTH="1463" HEIGHT="40">
							<String ID="string_348" HPOS="323" VPOS="1873" WIDTH="72" HEIGHT="32" WC="0.95" CONTENT="Den"/><SP WIDTH="21" VPOS="1873" HPOS="395"/>
							<String ID="string_349" HPOS="416" VPOS="1874" WIDTH="199" HEIGHT="38" WC="0.96" CONTENT="minskning,"/><SP WIDTH="24" VPOS="1874" HPOS="615"/>
							<String ID="string_350" HPOS="639" VPOS="1886" WIDTH="67" HEIGHT="20" WC="0.96" CONTENT="som"/><SP WIDTH="20" VPOS="1886" HPOS="706"/>
							<String ID="string_351" HPOS="726" VPOS="1875" WIDTH="118" HEIGHT="32" WC="0.96" CONTENT="inträtt"/><SP WIDTH="20" VPOS="1875" HPOS="844"/>
							<String ID="string_352" HPOS="864" VPOS="1876" WIDTH="11" HEIGHT="31" WC="0.96" CONTENT="i"/><SP WIDTH="23" VPOS="1876" HPOS="875"/>
							<String ID="string_353" HPOS="898" VPOS="1876" WIDTH="97" HEIGHT="37" WC="0.96" CONTENT="fråga"/><SP WIDTH="19" VPOS="1876" HPOS="995"/>
							<String ID="string_354" HPOS="1014" VPOS="1888" WIDTH="50" HEIGHT="20" WC="0.95" CONTENT="om"/><SP WIDTH="23" VPOS="1888" HPOS="1064"/>
							<String ID="string_355" HPOS="1087" VPOS="1877" WIDTH="38" HEIGHT="31" WC="0.95" CONTENT="de"/><SP WIDTH="22" VPOS="1877" HPOS="1125"/>
							<String ID="string_356" HPOS="1147" VPOS="1877" WIDTH="150" HEIGHT="32" WC="0.93" CONTENT="enskilda"/><SP WIDTH="22" VPOS="1877" HPOS="1297"/>
							<String ID="string_357" HPOS="1319" VPOS="1880" WIDTH="292" HEIGHT="30" WC="0.90" CONTENT="restauratörernas"/><SP WIDTH="21" VPOS="1880" HPOS="1611"/>
							<String ID="string_358" HPOS="1632" VPOS="1877" WIDTH="154" HEIGHT="33" WC="0.92" CONTENT="behållna"/>
						</TextLine>
						<TextLine ID="line_40" HPOS="277" VPOS="1914" WIDTH="1507" HEIGHT="43">
							<String ID="string_359" HPOS="277" VPOS="1914" WIDTH="145" HEIGHT="34" WC="0.96" CONTENT="inkomst"/><SP WIDTH="18" VPOS="1914" HPOS="422"/>
							<String ID="string_360" HPOS="440" VPOS="1927" WIDTH="42" HEIGHT="20" WC="0.93" CONTENT="av"/><SP WIDTH="21" VPOS="1927" HPOS="482"/>
							<String ID="string_361" HPOS="503" VPOS="1916" WIDTH="428" HEIGHT="40" WC="0.90" CONTENT="rusdrycksförsäljningen,"/><SP WIDTH="24" VPOS="1916" HPOS="931"/>
							<String ID="string_362" HPOS="955" VPOS="1918" WIDTH="91" HEIGHT="31" WC="0.96" CONTENT="beror"/><SP WIDTH="23" VPOS="1918" HPOS="1046"/>
							<String ID="string_363" HPOS="1069" VPOS="1918" WIDTH="138" HEIGHT="33" WC="0.96" CONTENT="sålunda"/><SP WIDTH="21" VPOS="1918" HPOS="1207"/>
							<String ID="string_364" HPOS="1228" VPOS="1919" WIDTH="72" HEIGHT="32" WC="0.96" CONTENT="icke"/><SP WIDTH="21" VPOS="1919" HPOS="1300"/>
							<String ID="string_365" HPOS="1321" VPOS="1919" WIDTH="44" HEIGHT="38" WC="0.96" CONTENT="på"/><SP WIDTH="20" VPOS="1919" HPOS="1365"/>
							<String ID="string_366" HPOS="1385" VPOS="1922" WIDTH="49" HEIGHT="29" WC="0.93" CONTENT="att"/><SP WIDTH="20" VPOS="1922" HPOS="1434"/>
							<String ID="string_367" HPOS="1454" VPOS="1919" WIDTH="330" HEIGHT="32" WC="0.91" CONTENT="vinstkvantiteterna"/>
						</TextLine>
						<TextLine ID="line_41" HPOS="277" VPOS="1956" WIDTH="1507" HEIGHT="40">
							<String ID="string_368" HPOS="277" VPOS="1956" WIDTH="155" HEIGHT="33" WC="0.92" CONTENT="tillmätts"/><SP WIDTH="22" VPOS="1956" HPOS="432"/>
							<String ID="string_369" HPOS="454" VPOS="1957" WIDTH="51" HEIGHT="32" WC="0.96" CONTENT="för"/><SP WIDTH="19" VPOS="1957" HPOS="505"/>
							<String ID="string_370" HPOS="524" VPOS="1958" WIDTH="136" HEIGHT="38" WC="0.95" CONTENT="knappt,"/><SP WIDTH="21" VPOS="1958" HPOS="660"/>
							<String ID="string_371" HPOS="681" VPOS="1962" WIDTH="81" HEIGHT="29" WC="0.96" CONTENT="utan"/><SP WIDTH="18" VPOS="1962" HPOS="762"/>
							<String ID="string_372" HPOS="780" VPOS="1959" WIDTH="89" HEIGHT="33" WC="0.96" CONTENT="torde"/><SP WIDTH="22" VPOS="1959" HPOS="869"/>
							<String ID="string_373" HPOS="891" VPOS="1959" WIDTH="35" HEIGHT="32" WC="0.96" CONTENT="få"/><SP WIDTH="21" VPOS="1959" HPOS="926"/>
							<String ID="string_374" HPOS="947" VPOS="1963" WIDTH="101" HEIGHT="29" WC="0.96" CONTENT="sättas"/><SP WIDTH="20" VPOS="1963" HPOS="1048"/>
							<String ID="string_375" HPOS="1068" VPOS="1960" WIDTH="12" HEIGHT="32" WC="0.96" CONTENT="i"/><SP WIDTH="20" VPOS="1960" HPOS="1080"/>
							<String ID="string_376" HPOS="1100" VPOS="1961" WIDTH="157" HEIGHT="32" WC="0.96" CONTENT="samband"/><SP WIDTH="21" VPOS="1961" HPOS="1257"/>
							<String ID="string_377" HPOS="1278" VPOS="1961" WIDTH="71" HEIGHT="31" WC="0.96" CONTENT="med"/><SP WIDTH="22" VPOS="1961" HPOS="1349"/>
							<String ID="string_378" HPOS="1371" VPOS="1961" WIDTH="67" HEIGHT="32" WC="0.96" CONTENT="dels"/><SP WIDTH="22" VPOS="1961" HPOS="1438"/>
							<String ID="string_379" HPOS="1460" VPOS="1961" WIDTH="60" HEIGHT="32" WC="0.96" CONTENT="den"/><SP WIDTH="19" VPOS="1961" HPOS="1520"/>
							<String ID="string_380" HPOS="1539" VPOS="1962" WIDTH="82" HEIGHT="31" WC="0.96" CONTENT="efter"/><SP WIDTH="21" VPOS="1962" HPOS="1621"/>
							<String ID="string_381" HPOS="1642" VPOS="1963" WIDTH="36" HEIGHT="30" WC="0.96" CONTENT="år"/><SP WIDTH="22" VPOS="1963" HPOS="1678"/>
							<String ID="string_382" HPOS="1700" VPOS="1963" WIDTH="84" HEIGHT="31" WC="0.96" CONTENT="1920"/>
						</TextLine>
						<TextLine ID="line_42" HPOS="278" VPOS="1999" WIDTH="1506" HEIGHT="44">
							<String ID="string_383" HPOS="278" VPOS="1999" WIDTH="142" HEIGHT="33" WC="0.96" CONTENT="rådande"/><SP WIDTH="21" VPOS="1999" HPOS="420"/>
							<String ID="string_384" HPOS="441" VPOS="1999" WIDTH="225" HEIGHT="39" WC="0.96" CONTENT="depressionen"/><SP WIDTH="22" VPOS="1999" HPOS="666"/>
							<String ID="string_385" HPOS="688" VPOS="2001" WIDTH="58" HEIGHT="31" WC="0.96" CONTENT="och"/><SP WIDTH="21" VPOS="2001" HPOS="746"/>
							<String ID="string_386" HPOS="767" VPOS="2001" WIDTH="37" HEIGHT="32" WC="0.94" CONTENT="de"/><SP WIDTH="21" VPOS="2001" HPOS="804"/>
							<String ID="string_387" HPOS="825" VPOS="2001" WIDTH="11" HEIGHT="31" WC="0.94" CONTENT="i"/><SP WIDTH="21" VPOS="2001" HPOS="836"/>
							<String ID="string_388" HPOS="857" VPOS="2001" WIDTH="83" HEIGHT="38" WC="0.96" CONTENT="följd"/><SP WIDTH="20" VPOS="2001" HPOS="940"/>
							<String ID="string_389" HPOS="960" VPOS="2001" WIDTH="104" HEIGHT="32" WC="0.96" CONTENT="härav"/><SP WIDTH="22" VPOS="2001" HPOS="1064"/>
							<String ID="string_390" HPOS="1086" VPOS="2002" WIDTH="169" HEIGHT="32" WC="0.93" CONTENT="minskade"/><SP WIDTH="22" VPOS="2002" HPOS="1255"/>
							<String ID="string_391" HPOS="1277" VPOS="2003" WIDTH="334" HEIGHT="40" WC="0.91" CONTENT="restaurantbesöken,"/><SP WIDTH="23" VPOS="2003" HPOS="1611"/>
							<String ID="string_392" HPOS="1634" VPOS="2003" WIDTH="67" HEIGHT="33" WC="0.96" CONTENT="dels"/><SP WIDTH="23" VPOS="2003" HPOS="1701"/>
							<String ID="string_393" HPOS="1724" VPOS="2004" WIDTH="60" HEIGHT="32" WC="0.95" CONTENT="den"/>
						</TextLine>
						<TextLine ID="line_43" HPOS="279" VPOS="2041" WIDTH="687" HEIGHT="41">
							<String ID="string_394" HPOS="279" VPOS="2041" WIDTH="190" HEIGHT="39" WC="0.96" CONTENT="fortgående"/><SP WIDTH="22" VPOS="2041" HPOS="469"/>
							<String ID="string_395" HPOS="491" VPOS="2042" WIDTH="205" HEIGHT="39" WC="0.96" CONTENT="sänkningen"/><SP WIDTH="25" VPOS="2042" HPOS="696"/>
							<String ID="string_396" HPOS="721" VPOS="2055" WIDTH="41" HEIGHT="20" WC="0.96" CONTENT="av"/><SP WIDTH="23" VPOS="2055" HPOS="762"/>
							<String ID="string_397" HPOS="785" VPOS="2043" WIDTH="181" HEIGHT="39" WC="0.96" CONTENT="prisnivån."/>
						</TextLine>
					</TextBlock>
				</ComposedBlock>
				<ComposedBlock ID="cblock_5" HPOS="278" VPOS="2164" WIDTH="1506" HEIGHT="199">
					<TextBlock ID="block_7" HPOS="278" VPOS="2164" WIDTH="1506" HEIGHT="199">
						<TextLine ID="line_44" HPOS="584" VPOS="2164" WIDTH="902" HEIGHT="34">
							<String ID="string_398" HPOS="584" VPOS="2164" WIDTH="37" HEIGHT="27" WC="0.90" CONTENT="E."/><SP WIDTH="32" VPOS="2164" HPOS="621"/>
							<String ID="string_399" HPOS="653" VPOS="2165" WIDTH="455" HEIGHT="33" WC="0.91" CONTENT="Rusdrycksförsäljningen"/><SP WIDTH="23" VPOS="2165" HPOS="1108"/>
							<String ID="string_400" HPOS="1131" VPOS="2168" WIDTH="66" HEIGHT="26" WC="0.93" CONTENT="och"/><SP WIDTH="23" VPOS="2168" HPOS="1197"/>
							<String ID="string_401" HPOS="1220" VPOS="2168" WIDTH="266" HEIGHT="28" WC="0.92" CONTENT="turisttrafiken."/>
						</TextLine>
						<TextLine ID="line_45" HPOS="321" VPOS="2234" WIDTH="1463" HEIGHT="51">
							<String ID="string_402" HPOS="321" VPOS="2234" WIDTH="75" HEIGHT="34" WC="0.96" CONTENT="Vad"/><SP WIDTH="20" VPOS="2234" HPOS="396"/>
							<String ID="string_403" HPOS="416" VPOS="2235" WIDTH="238" HEIGHT="34" WC="0.96" CONTENT="motionärerna"/><SP WIDTH="21" VPOS="2235" HPOS="654"/>
							<String ID="string_404" HPOS="675" VPOS="2237" WIDTH="461" HEIGHT="48" WC="0.96" CONTENT="anfört"/><SP WIDTH="-322" VPOS="2237" HPOS="1136"/>
							<String ID="string_405" HPOS="814" VPOS="2233" WIDTH="43" HEIGHT="56" WC="0.93" CONTENT="om"/><SP WIDTH="20" VPOS="2233" HPOS="857"/>
							<String ID="string_406" HPOS="877" VPOS="2237" WIDTH="259" HEIGHT="48" WC="0.92" CONTENT="önskvärdheten"/><SP WIDTH="22" VPOS="2237" HPOS="1136"/>
							<String ID="string_407" HPOS="1158" VPOS="2253" WIDTH="41" HEIGHT="20" WC="0.96" CONTENT="av"/><SP WIDTH="21" VPOS="2253" HPOS="1199"/>
							<String ID="string_408" HPOS="1220" VPOS="2244" WIDTH="48" HEIGHT="29" WC="0.93" CONTENT="att"/><SP WIDTH="20" VPOS="2244" HPOS="1268"/>
							<String ID="string_409" HPOS="1288" VPOS="2241" WIDTH="244" HEIGHT="33" WC="0.92" CONTENT="turisttrafiken"/><SP WIDTH="22" VPOS="2241" HPOS="1532"/>
							<String ID="string_410" HPOS="1554" VPOS="2243" WIDTH="71" HEIGHT="33" WC="0.96" CONTENT="icke"/><SP WIDTH="22" VPOS="2243" HPOS="1625"/>
							<String ID="string_411" HPOS="1647" VPOS="2243" WIDTH="137" HEIGHT="39" WC="0.96" CONTENT="menligt"/>
						</TextLine>
						<TextLine ID="line_46" HPOS="278" VPOS="2278" WIDTH="1504" HEIGHT="43">
							<String ID="string_412" HPOS="278" VPOS="2278" WIDTH="159" HEIGHT="37" WC="0.95" CONTENT="påverkas"/><SP WIDTH="23" VPOS="2278" HPOS="437"/>
							<String ID="string_413" HPOS="460" VPOS="2290" WIDTH="42" HEIGHT="20" WC="0.93" CONTENT="av"/><SP WIDTH="20" VPOS="2290" HPOS="502"/>
							<String ID="string_414" HPOS="522" VPOS="2279" WIDTH="433" HEIGHT="39" WC="0.91" CONTENT="rusdryckslagstiftningen"/><SP WIDTH="24" VPOS="2279" HPOS="955"/>
							<String ID="string_415" HPOS="979" VPOS="2281" WIDTH="58" HEIGHT="32" WC="0.97" CONTENT="och"/><SP WIDTH="24" VPOS="2281" HPOS="1037"/>
							<String ID="string_416" HPOS="1061" VPOS="2282" WIDTH="70" HEIGHT="31" WC="0.96" CONTENT="dess"/><SP WIDTH="21" VPOS="2282" HPOS="1131"/>
							<String ID="string_417" HPOS="1152" VPOS="2282" WIDTH="222" HEIGHT="39" WC="0.96" CONTENT="tillämpning,"/><SP WIDTH="24" VPOS="2282" HPOS="1374"/>
							<String ID="string_418" HPOS="1398" VPOS="2284" WIDTH="89" HEIGHT="32" WC="0.96" CONTENT="torde"/><SP WIDTH="21" VPOS="2284" HPOS="1487"/>
							<String ID="string_419" HPOS="1508" VPOS="2296" WIDTH="81" HEIGHT="21" WC="0.93" CONTENT="vara"/><SP WIDTH="22" VPOS="2296" HPOS="1589"/>
							<String ID="string_420" HPOS="1611" VPOS="2285" WIDTH="171" HEIGHT="33" WC="0.92" CONTENT="beaktans-"/>
						</TextLine>
						<TextLine ID="line_47" HPOS="278" VPOS="2319" WIDTH="1504" HEIGHT="44">
							<String ID="string_421" HPOS="278" VPOS="2322" WIDTH="84" HEIGHT="29" WC="0.93" CONTENT="värt."/><SP WIDTH="30" VPOS="2322" HPOS="362"/>
							<String ID="string_422" HPOS="392" VPOS="2319" WIDTH="316" HEIGHT="40" WC="0.90" CONTENT="Kontrollstyrelsen"/><SP WIDTH="28" VPOS="2319" HPOS="708"/>
							<String ID="string_423" HPOS="736" VPOS="2321" WIDTH="100" HEIGHT="38" WC="0.96" CONTENT="hyser"/><SP WIDTH="27" VPOS="2321" HPOS="836"/>
							<String ID="string_424" HPOS="863" VPOS="2322" WIDTH="179" HEIGHT="32" WC="0.96" CONTENT="emellertid"/><SP WIDTH="29" VPOS="2322" HPOS="1042"/>
							<String ID="string_425" HPOS="1071" VPOS="2323" WIDTH="61" HEIGHT="32" WC="0.96" CONTENT="den"/><SP WIDTH="28" VPOS="2323" HPOS="1132"/>
							<String ID="string_426" HPOS="1160" VPOS="2324" WIDTH="268" HEIGHT="39" WC="0.96" CONTENT="uppfattningen,"/><SP WIDTH="31" VPOS="2324" HPOS="1428"/>
							<String ID="string_427" HPOS="1459" VPOS="2329" WIDTH="49" HEIGHT="29" WC="0.95" CONTENT="att"/><SP WIDTH="27" VPOS="2329" HPOS="1508"/>
							<String ID="string_428" HPOS="1535" VPOS="2326" WIDTH="37" HEIGHT="32" WC="0.96" CONTENT="de"/><SP WIDTH="29" VPOS="2326" HPOS="1572"/>
							<String ID="string_429" HPOS="1601" VPOS="2339" WIDTH="41" HEIGHT="20" WC="0.93" CONTENT="av"/><SP WIDTH="30" VPOS="2339" HPOS="1642"/>
							<String ID="string_430" HPOS="1672" VPOS="2328" WIDTH="110" HEIGHT="31" WC="0.92" CONTENT="motio-"/>
						</TextLine>
					</TextBlock>
				</ComposedBlock>
				<ComposedBlock ID="cblock_6" HPOS="278" VPOS="2362" WIDTH="1505" HEIGHT="45">
					<TextBlock ID="block_8" HPOS="278" VPOS="2362" WIDTH="1505" HEIGHT="45">
						<TextLine ID="line_48" HPOS="278" VPOS="2362" WIDTH="1505" HEIGHT="45">
							<String ID="string_431" HPOS="278" VPOS="2365" WIDTH="138" HEIGHT="29" WC="0.92" CONTENT="närerna"/><SP WIDTH="20" VPOS="2365" HPOS="416"/>
							<String ID="string_432" HPOS="436" VPOS="2362" WIDTH="146" HEIGHT="32" WC="0.93" CONTENT="uttalade"/><SP WIDTH="22" VPOS="2362" HPOS="582"/>
							<String ID="string_433" HPOS="604" VPOS="2362" WIDTH="200" HEIGHT="39" WC="0.92" CONTENT="farhågorna"/><SP WIDTH="22" VPOS="2362" HPOS="804"/>
							<String ID="string_434" HPOS="826" VPOS="2368" WIDTH="54" HEIGHT="28" WC="0.96" CONTENT="äro"/><SP WIDTH="21" VPOS="2368" HPOS="880"/>
							<String ID="string_435" HPOS="901" VPOS="2364" WIDTH="166" HEIGHT="39" WC="0.96" CONTENT="betydligt"/><SP WIDTH="20" VPOS="2364" HPOS="1067"/>
							<String ID="string_436" HPOS="1087" VPOS="2365" WIDTH="203" HEIGHT="33" WC="0.96" CONTENT="överdrivna."/><SP WIDTH="23" VPOS="2365" HPOS="1290"/>
							<String ID="string_437" HPOS="1313" VPOS="2366" WIDTH="115" HEIGHT="33" WC="0.96" CONTENT="Skulle"/><SP WIDTH="23" VPOS="2366" HPOS="1428"/>
							<String ID="string_438" HPOS="1451" VPOS="2367" WIDTH="179" HEIGHT="33" WC="0.95" CONTENT="emellertid"/><SP WIDTH="21" VPOS="2367" HPOS="1630"/>
							<String ID="string_439" HPOS="1651" VPOS="2368" WIDTH="12" HEIGHT="32" WC="0.96" CONTENT="i"/><SP WIDTH="21" VPOS="2368" HPOS="1663"/>
							<String ID="string_440" HPOS="1684" VPOS="2370" WIDTH="99" HEIGHT="37" WC="0.96" CONTENT="något"/>
						</TextLine>
					</TextBlock>
				</ComposedBlock>
				<ComposedBlock ID="cblock_7" HPOS="318" VPOS="2455" WIDTH="322" HEIGHT="33">
					<TextBlock ID="block_9" HPOS="318" VPOS="2455" WIDTH="322" HEIGHT="33">
						<TextLine ID="line_49" HPOS="318" VPOS="2455" WIDTH="322" HEIGHT="33">
							<String ID="string_441" HPOS="318" VPOS="2455" WIDTH="8" HEIGHT="14" WC="0.77" CONTENT="1"/><SP WIDTH="19" VPOS="2455" HPOS="326"/>
							<String ID="string_442" HPOS="345" VPOS="2455" WIDTH="161" HEIGHT="25" WC="0.96" CONTENT="Preliminär"/><SP WIDTH="18" VPOS="2455" HPOS="506"/>
							<String ID="string_443" HPOS="524" VPOS="2457" WIDTH="116" HEIGHT="31" WC="0.96" CONTENT="uppgift."/>
						</TextLine>
					</TextBlock>
				</ComposedBlock>
			</PrintSpace>
		</Page>
	</Layout>
</alto>
