<?xml version="1.0" encoding="UTF-8"?>
<alto xmlns="http://www.loc.gov/standards/alto/ns-v3#" xmlns:xlink="http://www.w3.org/1999/xlink" xmlns:xsi="http://www.w3.org/2001/XMLSchema-instance" xsi:schemaLocation="http://www.loc.gov/standards/alto/ns-v3# http://www.loc.gov/alto/v3/alto-3-0.xsd">
	<Description>
		<MeasurementUnit>pixel</MeasurementUnit>
		<sourceImageInformation>
			<fileName>/tmp/tess_n98iaba0_input.PNG</fileName>
		</sourceImageInformation>
		<OCRProcessing ID="OCR_0">
			<ocrProcessingStep>
				<processingSoftware>
					<softwareName>tesseract 5.3.0</softwareName>
				</processingSoftware>
			</ocrProcessingStep>
		</OCRProcessing>
	</Description>
	<Layout>
		<Page WIDTH="2243" HEIGHT="2673" PHYSICAL_IMG_NR="0" ID="page_0">
			<PrintSpace HPOS="0" VPOS="0" WIDTH="2243" HEIGHT="2673">
				<ComposedBlock ID="cblock_0" HPOS="891" VPOS="159" WIDTH="612" HEIGHT="34">
					<TextBlock ID="block_0" HPOS="891" VPOS="159" WIDTH="612" HEIGHT="34">
						<TextLine ID="line_0" HPOS="891" VPOS="159" WIDTH="612" HEIGHT="34">
							<String ID="string_0" HPOS="891" VPOS="160" WIDTH="260" HEIGHT="31" WC="0.84" CONTENT="Statsutskottets"/><SP WIDTH="27" VPOS="160" HPOS="1151"/>
							<String ID="string_1" HPOS="1178" VPOS="160" WIDTH="177" HEIGHT="32" WC="0.92" CONTENT="Utlåtande"/><SP WIDTH="23" VPOS="160" HPOS="1355"/>
							<String ID="string_2" HPOS="1378" VPOS="159" WIDTH="52" HEIGHT="32" WC="0.94" CONTENT="Nr"/><SP WIDTH="22" VPOS="159" HPOS="1430"/>
							<String ID="string_3" HPOS="1452" VPOS="162" WIDTH="51" HEIGHT="31" WC="0.95" CONTENT="86."/>
						</TextLine>
					</TextBlock>
				</ComposedBlock>
				<ComposedBlock ID="cblock_1" HPOS="784" VPOS="238" WIDTH="1212" HEIGHT="2051">
					<TextBlock ID="block_1" HPOS="796" VPOS="238" WIDTH="1200" HEIGHT="210">
						<TextLine ID="line_1" HPOS="799" VPOS="238" WIDTH="1197" HEIGHT="57">
							<String ID="string_4" HPOS="799" VPOS="238" WIDTH="223" HEIGHT="39" WC="0.96" CONTENT="tillhörande"/><SP WIDTH="42" VPOS="238" HPOS="1022"/>
							<String ID="string_5" HPOS="1064" VPOS="239" WIDTH="217" HEIGHT="50" WC="0.95" CONTENT="befattning"/><SP WIDTH="42" VPOS="239" HPOS="1281"/>
							<String ID="string_6" HPOS="1323" VPOS="240" WIDTH="11" HEIGHT="36" WC="0.89" CONTENT="i"/><SP WIDTH="27" VPOS="240" HPOS="1334"/>
							<String ID="string_7" HPOS="1361" VPOS="239" WIDTH="427" HEIGHT="52" WC="0.91" CONTENT="generaltullstyrelsen,"/><SP WIDTH="28" VPOS="239" HPOS="1788"/>
							<String ID="string_8" HPOS="1816" VPOS="257" WIDTH="89" HEIGHT="24" WC="0.96" CONTENT="vare"/><SP WIDTH="29" VPOS="257" HPOS="1905"/>
							<String ID="string_9" HPOS="1934" VPOS="244" WIDTH="62" HEIGHT="51" WC="0.96" CONTENT="sig"/>
						</TextLine>
						<TextLine ID="line_2" HPOS="797" VPOS="292" WIDTH="1197" HEIGHT="54">
							<String ID="string_10" HPOS="797" VPOS="294" WIDTH="48" HEIGHT="47" WC="0.96" CONTENT="på"/><SP WIDTH="30" VPOS="294" HPOS="845"/>
							<String ID="string_11" HPOS="875" VPOS="292" WIDTH="125" HEIGHT="49" WC="0.96" CONTENT="grund"/><SP WIDTH="29" VPOS="292" HPOS="1000"/>
							<String ID="string_12" HPOS="1029" VPOS="293" WIDTH="42" HEIGHT="36" WC="0.96" CONTENT="af"/><SP WIDTH="16" VPOS="293" HPOS="1071"/>
							<String ID="string_13" HPOS="1087" VPOS="292" WIDTH="176" HEIGHT="37" WC="0.96" CONTENT="fullmakt"/><SP WIDTH="19" VPOS="292" HPOS="1263"/>
							<String ID="string_14" HPOS="1282" VPOS="292" WIDTH="92" HEIGHT="38" WC="0.93" CONTENT="eller"/><SP WIDTH="18" VPOS="292" HPOS="1374"/>
							<String ID="string_15" HPOS="1392" VPOS="292" WIDTH="283" HEIGHT="38" WC="0.91" CONTENT="konstitutorial"/><SP WIDTH="19" VPOS="292" HPOS="1675"/>
							<String ID="string_16" HPOS="1694" VPOS="294" WIDTH="91" HEIGHT="37" WC="0.96" CONTENT="eller"/><SP WIDTH="19" VPOS="294" HPOS="1785"/>
							<String ID="string_17" HPOS="1804" VPOS="299" WIDTH="48" HEIGHT="46" WC="0.96" CONTENT="på"/><SP WIDTH="17" VPOS="299" HPOS="1852"/>
							<String ID="string_18" HPOS="1869" VPOS="299" WIDTH="125" HEIGHT="47" WC="0.95" CONTENT="grund"/>
						</TextLine>
						<TextLine ID="line_3" HPOS="798" VPOS="345" WIDTH="1197" HEIGHT="54">
							<String ID="string_19" HPOS="798" VPOS="345" WIDTH="42" HEIGHT="37" WC="0.96" CONTENT="af"/><SP WIDTH="26" VPOS="345" HPOS="840"/>
							<String ID="string_20" HPOS="866" VPOS="345" WIDTH="253" HEIGHT="38" WC="0.95" CONTENT="förordnande"/><SP WIDTH="28" VPOS="345" HPOS="1119"/>
							<String ID="string_21" HPOS="1147" VPOS="345" WIDTH="12" HEIGHT="37" WC="0.96" CONTENT="i"/><SP WIDTH="29" VPOS="345" HPOS="1159"/>
							<String ID="string_22" HPOS="1188" VPOS="345" WIDTH="94" HEIGHT="51" WC="0.95" CONTENT="följd"/><SP WIDTH="30" VPOS="345" HPOS="1282"/>
							<String ID="string_23" HPOS="1312" VPOS="345" WIDTH="42" HEIGHT="37" WC="0.95" CONTENT="af"/><SP WIDTH="25" VPOS="345" HPOS="1354"/>
							<String ID="string_24" HPOS="1379" VPOS="345" WIDTH="136" HEIGHT="51" WC="0.95" CONTENT="frågan"/><SP WIDTH="29" VPOS="345" HPOS="1515"/>
							<String ID="string_25" HPOS="1544" VPOS="359" WIDTH="61" HEIGHT="24" WC="0.91" CONTENT="om"/><SP WIDTH="27" VPOS="359" HPOS="1605"/>
							<String ID="string_26" HPOS="1632" VPOS="347" WIDTH="284" HEIGHT="52" WC="0.91" CONTENT="lönereglering"/><SP WIDTH="20" VPOS="347" HPOS="1916"/>
							<String ID="string_27" HPOS="1936" VPOS="350" WIDTH="59" HEIGHT="38" WC="0.96" CONTENT="för"/>
						</TextLine>
						<TextLine ID="line_4" HPOS="796" VPOS="398" WIDTH="431" HEIGHT="50">
							<String ID="string_28" HPOS="796" VPOS="398" WIDTH="431" HEIGHT="50" WC="0.90" CONTENT="generaltullstyrelsen;"/>
						</TextLine>
					</TextBlock>
					<TextBlock ID="block_2" HPOS="790" VPOS="451" WIDTH="1204" HEIGHT="836">
						<TextLine ID="line_5" HPOS="927" VPOS="451" WIDTH="1067" HEIGHT="55">
							<String ID="string_29" HPOS="927" VPOS="455" WIDTH="66" HEIGHT="44" WC="0.96" CONTENT="att,"/><SP WIDTH="43" VPOS="455" HPOS="993"/>
							<String ID="string_30" HPOS="1036" VPOS="451" WIDTH="127" HEIGHT="37" WC="0.93" CONTENT="därest"/><SP WIDTH="39" VPOS="451" HPOS="1163"/>
							<String ID="string_31" HPOS="1202" VPOS="451" WIDTH="248" HEIGHT="37" WC="0.80" CONTENT="innehafvare"/><SP WIDTH="38" VPOS="451" HPOS="1450"/>
							<String ID="string_32" HPOS="1488" VPOS="452" WIDTH="41" HEIGHT="36" WC="0.96" CONTENT="af"/><SP WIDTH="33" VPOS="452" HPOS="1529"/>
							<String ID="string_33" HPOS="1562" VPOS="452" WIDTH="185" HEIGHT="38" WC="0.96" CONTENT="ordinarie"/><SP WIDTH="27" VPOS="452" HPOS="1747"/>
							<String ID="string_34" HPOS="1774" VPOS="453" WIDTH="220" HEIGHT="53" WC="0.96" CONTENT="befattning"/>
						</TextLine>
						<TextLine ID="line_6" HPOS="796" VPOS="504" WIDTH="1197" HEIGHT="52">
							<String ID="string_35" HPOS="796" VPOS="507" WIDTH="21" HEIGHT="34" WC="0.92" CONTENT="å"/><SP WIDTH="34" VPOS="507" HPOS="817"/>
							<String ID="string_36" HPOS="851" VPOS="504" WIDTH="480" HEIGHT="50" WC="0.91" CONTENT="lokaltullförvaltningens"/><SP WIDTH="30" VPOS="504" HPOS="1331"/>
							<String ID="string_37" HPOS="1361" VPOS="505" WIDTH="91" HEIGHT="37" WC="0.93" CONTENT="eller"/><SP WIDTH="27" VPOS="505" HPOS="1452"/>
							<String ID="string_38" HPOS="1479" VPOS="505" WIDTH="107" HEIGHT="37" WC="0.91" CONTENT="kust-"/><SP WIDTH="30" VPOS="505" HPOS="1586"/>
							<String ID="string_39" HPOS="1616" VPOS="505" WIDTH="90" HEIGHT="38" WC="0.93" CONTENT="eller"/><SP WIDTH="27" VPOS="505" HPOS="1706"/>
							<String ID="string_40" HPOS="1733" VPOS="507" WIDTH="260" HEIGHT="49" WC="0.92" CONTENT="gränsbevak-"/>
						</TextLine>
						<TextLine ID="line_7" HPOS="794" VPOS="557" WIDTH="1199" HEIGHT="50">
							<String ID="string_41" HPOS="794" VPOS="557" WIDTH="165" HEIGHT="49" WC="0.95" CONTENT="ningens"/><SP WIDTH="43" VPOS="557" HPOS="959"/>
							<String ID="string_42" HPOS="1002" VPOS="562" WIDTH="75" HEIGHT="32" WC="0.91" CONTENT="stat"/><SP WIDTH="31" VPOS="562" HPOS="1077"/>
							<String ID="string_43" HPOS="1108" VPOS="557" WIDTH="198" HEIGHT="37" WC="0.91" CONTENT="befordras"/><SP WIDTH="32" VPOS="557" HPOS="1306"/>
							<String ID="string_44" HPOS="1338" VPOS="558" WIDTH="58" HEIGHT="36" WC="0.96" CONTENT="till"/><SP WIDTH="27" VPOS="558" HPOS="1396"/>
							<String ID="string_45" HPOS="1423" VPOS="558" WIDTH="121" HEIGHT="49" WC="0.96" CONTENT="tjänst"/><SP WIDTH="28" VPOS="558" HPOS="1544"/>
							<String ID="string_46" HPOS="1572" VPOS="558" WIDTH="11" HEIGHT="36" WC="0.92" CONTENT="i"/><SP WIDTH="30" VPOS="558" HPOS="1583"/>
							<String ID="string_47" HPOS="1613" VPOS="559" WIDTH="115" HEIGHT="37" WC="0.96" CONTENT="andra"/><SP WIDTH="28" VPOS="559" HPOS="1728"/>
							<String ID="string_48" HPOS="1756" VPOS="560" WIDTH="91" HEIGHT="37" WC="0.95" CONTENT="eller"/><SP WIDTH="28" VPOS="560" HPOS="1847"/>
							<String ID="string_49" HPOS="1875" VPOS="561" WIDTH="118" HEIGHT="38" WC="0.96" CONTENT="första"/>
						</TextLine>
						<TextLine ID="line_8" HPOS="793" VPOS="609" WIDTH="1199" HEIGHT="54">
							<String ID="string_50" HPOS="793" VPOS="609" WIDTH="235" HEIGHT="50" WC="0.91" CONTENT="lönegraden"/><SP WIDTH="47" VPOS="609" HPOS="1028"/>
							<String ID="string_51" HPOS="1075" VPOS="610" WIDTH="90" HEIGHT="37" WC="0.90" CONTENT="eller"/><SP WIDTH="45" VPOS="610" HPOS="1165"/>
							<String ID="string_52" HPOS="1210" VPOS="610" WIDTH="57" HEIGHT="37" WC="0.93" CONTENT="till"/><SP WIDTH="45" VPOS="610" HPOS="1267"/>
							<String ID="string_53" HPOS="1312" VPOS="611" WIDTH="357" HEIGHT="50" WC="0.90" CONTENT="vaktmästartjänst"/><SP WIDTH="40" VPOS="611" HPOS="1669"/>
							<String ID="string_54" HPOS="1709" VPOS="612" WIDTH="69" HEIGHT="38" WC="0.93" CONTENT="hos"/><SP WIDTH="39" VPOS="612" HPOS="1778"/>
							<String ID="string_55" HPOS="1817" VPOS="615" WIDTH="175" HEIGHT="48" WC="0.84" CONTENT="general-"/>
						</TextLine>
						<TextLine ID="line_9" HPOS="793" VPOS="663" WIDTH="1199" HEIGHT="51">
							<String ID="string_56" HPOS="793" VPOS="663" WIDTH="273" HEIGHT="49" WC="0.91" CONTENT="tullstyrelsen,"/><SP WIDTH="43" VPOS="663" HPOS="1066"/>
							<String ID="string_57" HPOS="1109" VPOS="663" WIDTH="71" HEIGHT="37" WC="0.96" CONTENT="och"/><SP WIDTH="28" VPOS="663" HPOS="1180"/>
							<String ID="string_58" HPOS="1208" VPOS="663" WIDTH="75" HEIGHT="37" WC="0.96" CONTENT="han"/><SP WIDTH="27" VPOS="663" HPOS="1283"/>
							<String ID="string_59" HPOS="1310" VPOS="664" WIDTH="13" HEIGHT="36" WC="0.96" CONTENT="i"/><SP WIDTH="29" VPOS="664" HPOS="1323"/>
							<String ID="string_60" HPOS="1352" VPOS="664" WIDTH="72" HEIGHT="37" WC="0.96" CONTENT="den"/><SP WIDTH="29" VPOS="664" HPOS="1424"/>
							<String ID="string_61" HPOS="1453" VPOS="664" WIDTH="101" HEIGHT="37" WC="0.96" CONTENT="förra"/><SP WIDTH="28" VPOS="664" HPOS="1554"/>
							<String ID="string_62" HPOS="1582" VPOS="664" WIDTH="265" HEIGHT="50" WC="0.95" CONTENT="befattningen"/><SP WIDTH="27" VPOS="664" HPOS="1847"/>
							<String ID="string_63" HPOS="1874" VPOS="668" WIDTH="118" HEIGHT="36" WC="0.96" CONTENT="redan"/>
						</TextLine>
						<TextLine ID="line_10" HPOS="793" VPOS="715" WIDTH="1199" HEIGHT="51">
							<String ID="string_64" HPOS="793" VPOS="715" WIDTH="162" HEIGHT="48" WC="0.92" CONTENT="intjänat"/><SP WIDTH="40" VPOS="715" HPOS="955"/>
							<String ID="string_65" HPOS="995" VPOS="715" WIDTH="120" HEIGHT="47" WC="0.95" CONTENT="högre"/><SP WIDTH="41" VPOS="715" HPOS="1115"/>
							<String ID="string_66" HPOS="1156" VPOS="715" WIDTH="139" HEIGHT="49" WC="0.96" CONTENT="belopp"/><SP WIDTH="28" VPOS="715" HPOS="1295"/>
							<String ID="string_67" HPOS="1323" VPOS="715" WIDTH="13" HEIGHT="35" WC="0.96" CONTENT="i"/><SP WIDTH="27" VPOS="715" HPOS="1336"/>
							<String ID="string_68" HPOS="1363" VPOS="716" WIDTH="75" HEIGHT="35" WC="0.93" CONTENT="fast"/><SP WIDTH="38" VPOS="716" HPOS="1438"/>
							<String ID="string_69" HPOS="1476" VPOS="716" WIDTH="169" HEIGHT="49" WC="0.91" CONTENT="aflöning"/><SP WIDTH="28" VPOS="716" HPOS="1645"/>
							<String ID="string_70" HPOS="1673" VPOS="721" WIDTH="48" HEIGHT="31" WC="0.92" CONTENT="än"/><SP WIDTH="28" VPOS="721" HPOS="1721"/>
							<String ID="string_71" HPOS="1749" VPOS="717" WIDTH="243" HEIGHT="49" WC="0.89" CONTENT="begynnelse-"/>
						</TextLine>
						<TextLine ID="line_11" HPOS="793" VPOS="766" WIDTH="1199" HEIGHT="54">
							<String ID="string_72" HPOS="793" VPOS="766" WIDTH="113" HEIGHT="37" WC="0.96" CONTENT="lönen"/><SP WIDTH="42" VPOS="766" HPOS="906"/>
							<String ID="string_73" HPOS="948" VPOS="766" WIDTH="71" HEIGHT="38" WC="0.93" CONTENT="och"/><SP WIDTH="28" VPOS="766" HPOS="1019"/>
							<String ID="string_74" HPOS="1047" VPOS="767" WIDTH="545" HEIGHT="50" WC="0.90" CONTENT="tjänstgöringspenningarna"/><SP WIDTH="29" VPOS="767" HPOS="1592"/>
							<String ID="string_75" HPOS="1621" VPOS="771" WIDTH="283" HEIGHT="49" WC="0.96" CONTENT="sammanlagda"/><SP WIDTH="28" VPOS="771" HPOS="1904"/>
							<String ID="string_76" HPOS="1932" VPOS="772" WIDTH="60" HEIGHT="37" WC="0.96" CONTENT="för"/>
						</TextLine>
						<TextLine ID="line_12" HPOS="793" VPOS="819" WIDTH="1198" HEIGHT="52">
							<String ID="string_77" HPOS="793" VPOS="819" WIDTH="74" HEIGHT="37" WC="0.95" CONTENT="den"/><SP WIDTH="44" VPOS="819" HPOS="867"/>
							<String ID="string_78" HPOS="911" VPOS="819" WIDTH="229" HEIGHT="50" WC="0.95" CONTENT="befattning,"/><SP WIDTH="48" VPOS="819" HPOS="1140"/>
							<String ID="string_79" HPOS="1188" VPOS="820" WIDTH="57" HEIGHT="36" WC="0.95" CONTENT="till"/><SP WIDTH="41" VPOS="820" HPOS="1245"/>
							<String ID="string_80" HPOS="1286" VPOS="821" WIDTH="156" HEIGHT="36" WC="0.96" CONTENT="hvilken"/><SP WIDTH="40" VPOS="821" HPOS="1442"/>
							<String ID="string_81" HPOS="1482" VPOS="821" WIDTH="77" HEIGHT="36" WC="0.93" CONTENT="han"/><SP WIDTH="41" VPOS="821" HPOS="1559"/>
							<String ID="string_82" HPOS="1600" VPOS="821" WIDTH="209" HEIGHT="50" WC="0.90" CONTENT="befordras,"/><SP WIDTH="42" VPOS="821" HPOS="1809"/>
							<String ID="string_83" HPOS="1851" VPOS="823" WIDTH="140" HEIGHT="38" WC="0.95" CONTENT="honom"/>
						</TextLine>
						<TextLine ID="line_13" HPOS="793" VPOS="871" WIDTH="1199" HEIGHT="55">
							<String ID="string_84" HPOS="793" VPOS="871" WIDTH="233" HEIGHT="38" WC="0.95" CONTENT="omedelbart"/><SP WIDTH="33" VPOS="871" HPOS="1026"/>
							<String ID="string_85" HPOS="1059" VPOS="872" WIDTH="107" HEIGHT="37" WC="0.91" CONTENT="skola"/><SP WIDTH="31" VPOS="872" HPOS="1166"/>
							<String ID="string_86" HPOS="1197" VPOS="872" WIDTH="266" HEIGHT="49" WC="0.91" CONTENT="tillgodoföras"/><SP WIDTH="29" VPOS="872" HPOS="1463"/>
							<String ID="string_87" HPOS="1492" VPOS="876" WIDTH="40" HEIGHT="33" WC="0.97" CONTENT="så"/><SP WIDTH="30" VPOS="876" HPOS="1532"/>
							<String ID="string_88" HPOS="1562" VPOS="876" WIDTH="140" HEIGHT="46" WC="0.93" CONTENT="många"/><SP WIDTH="27" VPOS="876" HPOS="1702"/>
							<String ID="string_89" HPOS="1729" VPOS="875" WIDTH="263" HEIGHT="51" WC="0.92" CONTENT="ålderstillägg"/>
						</TextLine>
						<TextLine ID="line_14" HPOS="792" VPOS="924" WIDTH="1198" HEIGHT="53">
							<String ID="string_90" HPOS="792" VPOS="924" WIDTH="13" HEIGHT="36" WC="0.95" CONTENT="i"/><SP WIDTH="41" VPOS="924" HPOS="805"/>
							<String ID="string_91" HPOS="846" VPOS="924" WIDTH="74" HEIGHT="37" WC="0.96" CONTENT="den"/><SP WIDTH="37" VPOS="924" HPOS="920"/>
							<String ID="string_92" HPOS="957" VPOS="924" WIDTH="235" HEIGHT="38" WC="0.96" CONTENT="sistnämnda"/><SP WIDTH="29" VPOS="924" HPOS="1192"/>
							<String ID="string_93" HPOS="1221" VPOS="925" WIDTH="278" HEIGHT="50" WC="0.95" CONTENT="befattningen,"/><SP WIDTH="31" VPOS="925" HPOS="1499"/>
							<String ID="string_94" HPOS="1530" VPOS="931" WIDTH="55" HEIGHT="32" WC="0.96" CONTENT="att"/><SP WIDTH="29" VPOS="931" HPOS="1585"/>
							<String ID="string_95" HPOS="1614" VPOS="928" WIDTH="285" HEIGHT="49" WC="0.92" CONTENT="sammanlagda"/><SP WIDTH="28" VPOS="928" HPOS="1899"/>
							<String ID="string_96" HPOS="1927" VPOS="929" WIDTH="63" HEIGHT="38" WC="0.92" CONTENT="be-"/>
						</TextLine>
						<TextLine ID="line_15" HPOS="790" VPOS="976" WIDTH="1200" HEIGHT="52">
							<String ID="string_97" HPOS="790" VPOS="976" WIDTH="132" HEIGHT="50" WC="0.96" CONTENT="loppet"/><SP WIDTH="29" VPOS="976" HPOS="922"/>
							<String ID="string_98" HPOS="951" VPOS="977" WIDTH="41" HEIGHT="36" WC="0.96" CONTENT="af"/><SP WIDTH="24" VPOS="977" HPOS="992"/>
							<String ID="string_99" HPOS="1016" VPOS="978" WIDTH="63" HEIGHT="36" WC="0.96" CONTENT="lön"/><SP WIDTH="29" VPOS="978" HPOS="1079"/>
							<String ID="string_100" HPOS="1108" VPOS="977" WIDTH="71" HEIGHT="37" WC="0.90" CONTENT="och"/><SP WIDTH="28" VPOS="977" HPOS="1179"/>
							<String ID="string_101" HPOS="1207" VPOS="978" WIDTH="500" HEIGHT="50" WC="0.89" CONTENT="tjänstgöringspenningar"/><SP WIDTH="27" VPOS="978" HPOS="1707"/>
							<String ID="string_102" HPOS="1734" VPOS="980" WIDTH="12" HEIGHT="36" WC="0.96" CONTENT="i"/><SP WIDTH="27" VPOS="980" HPOS="1746"/>
							<String ID="string_103" HPOS="1773" VPOS="980" WIDTH="217" HEIGHT="39" WC="0.95" CONTENT="densamma"/>
						</TextLine>
						<TextLine ID="line_16" HPOS="791" VPOS="1029" WIDTH="1200" HEIGHT="52">
							<String ID="string_104" HPOS="791" VPOS="1029" WIDTH="83" HEIGHT="37" WC="0.95" CONTENT="icke"/><SP WIDTH="46" VPOS="1029" HPOS="874"/>
							<String ID="string_105" HPOS="920" VPOS="1029" WIDTH="72" HEIGHT="37" WC="0.95" CONTENT="blir"/><SP WIDTH="45" VPOS="1029" HPOS="992"/>
							<String ID="string_106" HPOS="1037" VPOS="1030" WIDTH="105" HEIGHT="49" WC="0.96" CONTENT="lägre"/><SP WIDTH="46" VPOS="1030" HPOS="1142"/>
							<String ID="string_107" HPOS="1188" VPOS="1034" WIDTH="48" HEIGHT="32" WC="0.96" CONTENT="än"/><SP WIDTH="46" VPOS="1034" HPOS="1236"/>
							<String ID="string_108" HPOS="1282" VPOS="1030" WIDTH="73" HEIGHT="37" WC="0.96" CONTENT="den"/><SP WIDTH="42" VPOS="1030" HPOS="1355"/>
							<String ID="string_109" HPOS="1397" VPOS="1031" WIDTH="97" HEIGHT="36" WC="0.93" CONTENT="fasta"/><SP WIDTH="43" VPOS="1031" HPOS="1494"/>
							<String ID="string_110" HPOS="1537" VPOS="1031" WIDTH="169" HEIGHT="50" WC="0.91" CONTENT="aflöning"/><SP WIDTH="41" VPOS="1031" HPOS="1706"/>
							<String ID="string_111" HPOS="1747" VPOS="1033" WIDTH="76" HEIGHT="37" WC="0.96" CONTENT="han"/><SP WIDTH="41" VPOS="1033" HPOS="1823"/>
							<String ID="string_112" HPOS="1864" VPOS="1040" WIDTH="127" HEIGHT="32" WC="0.96" CONTENT="senast"/>
						</TextLine>
						<TextLine ID="line_17" HPOS="792" VPOS="1082" WIDTH="1199" HEIGHT="53">
							<String ID="string_113" HPOS="792" VPOS="1082" WIDTH="122" HEIGHT="48" WC="0.95" CONTENT="åtnjöt"/><SP WIDTH="27" VPOS="1082" HPOS="914"/>
							<String ID="string_114" HPOS="941" VPOS="1082" WIDTH="82" HEIGHT="37" WC="0.93" CONTENT="före"/><SP WIDTH="40" VPOS="1082" HPOS="1023"/>
							<String ID="string_115" HPOS="1063" VPOS="1082" WIDTH="282" HEIGHT="50" WC="0.89" CONTENT="befordringen,"/><SP WIDTH="42" VPOS="1082" HPOS="1345"/>
							<String ID="string_116" HPOS="1387" VPOS="1084" WIDTH="86" HEIGHT="36" WC="0.96" CONTENT="med"/><SP WIDTH="41" VPOS="1084" HPOS="1473"/>
							<String ID="string_117" HPOS="1514" VPOS="1083" WIDTH="246" HEIGHT="50" WC="0.96" CONTENT="iakttagande"/><SP WIDTH="35" VPOS="1083" HPOS="1760"/>
							<String ID="string_118" HPOS="1795" VPOS="1086" WIDTH="107" HEIGHT="49" WC="0.96" CONTENT="dock,"/><SP WIDTH="35" VPOS="1086" HPOS="1902"/>
							<String ID="string_119" HPOS="1937" VPOS="1092" WIDTH="54" HEIGHT="32" WC="0.96" CONTENT="att"/>
						</TextLine>
						<TextLine ID="line_18" HPOS="790" VPOS="1134" WIDTH="1200" HEIGHT="55">
							<String ID="string_120" HPOS="790" VPOS="1134" WIDTH="120" HEIGHT="49" WC="0.92" CONTENT="högre"/><SP WIDTH="50" VPOS="1134" HPOS="910"/>
							<String ID="string_121" HPOS="960" VPOS="1134" WIDTH="169" HEIGHT="50" WC="0.90" CONTENT="aflöning"/><SP WIDTH="45" VPOS="1134" HPOS="1129"/>
							<String ID="string_122" HPOS="1174" VPOS="1139" WIDTH="49" HEIGHT="32" WC="0.96" CONTENT="än"/><SP WIDTH="45" VPOS="1139" HPOS="1223"/>
							<String ID="string_123" HPOS="1268" VPOS="1135" WIDTH="73" HEIGHT="38" WC="0.96" CONTENT="den"/><SP WIDTH="46" VPOS="1135" HPOS="1341"/>
							<String ID="string_124" HPOS="1387" VPOS="1136" WIDTH="59" HEIGHT="37" WC="0.96" CONTENT="för"/><SP WIDTH="45" VPOS="1136" HPOS="1446"/>
							<String ID="string_125" HPOS="1491" VPOS="1136" WIDTH="72" HEIGHT="37" WC="0.96" CONTENT="den"/><SP WIDTH="46" VPOS="1136" HPOS="1563"/>
							<String ID="string_126" HPOS="1609" VPOS="1151" WIDTH="75" HEIGHT="35" WC="0.96" CONTENT="nya"/><SP WIDTH="41" VPOS="1151" HPOS="1684"/>
							<String ID="string_127" HPOS="1725" VPOS="1138" WIDTH="265" HEIGHT="51" WC="0.95" CONTENT="befattningen"/>
						</TextLine>
						<TextLine ID="line_19" HPOS="790" VPOS="1186" WIDTH="1195" HEIGHT="51">
							<String ID="string_128" HPOS="790" VPOS="1186" WIDTH="195" HEIGHT="36" WC="0.92" CONTENT="bestämda"/><SP WIDTH="42" VPOS="1186" HPOS="985"/>
							<String ID="string_129" HPOS="1027" VPOS="1187" WIDTH="248" HEIGHT="50" WC="0.91" CONTENT="slutaflöning"/><SP WIDTH="42" VPOS="1187" HPOS="1275"/>
							<String ID="string_130" HPOS="1317" VPOS="1209" WIDTH="44" HEIGHT="5" WC="0.92" CONTENT="—"/><SP WIDTH="46" VPOS="1209" HPOS="1361"/>
							<String ID="string_131" HPOS="1407" VPOS="1188" WIDTH="218" HEIGHT="49" WC="0.66" CONTENT=" ortstillägg"/><SP WIDTH="42" VPOS="1188" HPOS="1625"/>
							<String ID="string_132" HPOS="1667" VPOS="1190" WIDTH="233" HEIGHT="37" WC="0.74" CONTENT="oberäknadt"/><SP WIDTH="42" VPOS="1190" HPOS="1900"/>
							<String ID="string_133" HPOS="1942" VPOS="1215" WIDTH="43" HEIGHT="3" WC="0.91" CONTENT="—"/>
						</TextLine>
						<TextLine ID="line_20" HPOS="791" VPOS="1238" WIDTH="238" HEIGHT="49">
							<String ID="string_134" HPOS="791" VPOS="1238" WIDTH="83" HEIGHT="37" WC="0.96" CONTENT="icke"/><SP WIDTH="28" VPOS="1238" HPOS="874"/>
							<String ID="string_135" HPOS="902" VPOS="1241" WIDTH="127" HEIGHT="46" WC="0.96" CONTENT="utgår;"/>
						</TextLine>
					</TextBlock>
					<TextBlock ID="block_3" HPOS="789" VPOS="1291" WIDTH="1199" HEIGHT="310">
						<TextLine ID="line_21" HPOS="922" VPOS="1291" WIDTH="1066" HEIGHT="52">
							<String ID="string_136" HPOS="922" VPOS="1296" WIDTH="52" HEIGHT="32" WC="0.93" CONTENT="att"/><SP WIDTH="29" VPOS="1296" HPOS="974"/>
							<String ID="string_137" HPOS="1003" VPOS="1291" WIDTH="254" HEIGHT="50" WC="0.90" CONTENT="skrifbiträde,"/><SP WIDTH="30" VPOS="1291" HPOS="1257"/>
							<String ID="string_138" HPOS="1287" VPOS="1306" WIDTH="82" HEIGHT="23" WC="0.96" CONTENT="som"/><SP WIDTH="28" VPOS="1306" HPOS="1369"/>
							<String ID="string_139" HPOS="1397" VPOS="1293" WIDTH="64" HEIGHT="37" WC="0.96" CONTENT="vid"/><SP WIDTH="29" VPOS="1293" HPOS="1461"/>
							<String ID="string_140" HPOS="1490" VPOS="1293" WIDTH="72" HEIGHT="37" WC="0.96" CONTENT="den"/><SP WIDTH="28" VPOS="1293" HPOS="1562"/>
							<String ID="string_141" HPOS="1590" VPOS="1307" WIDTH="76" HEIGHT="36" WC="0.96" CONTENT="nya"/><SP WIDTH="28" VPOS="1307" HPOS="1666"/>
							<String ID="string_142" HPOS="1694" VPOS="1300" WIDTH="141" HEIGHT="32" WC="0.93" CONTENT="statens"/><SP WIDTH="24" VPOS="1300" HPOS="1835"/>
							<String ID="string_143" HPOS="1859" VPOS="1296" WIDTH="129" HEIGHT="37" WC="0.92" CONTENT="ikraft-"/>
						</TextLine>
						<TextLine ID="line_22" HPOS="791" VPOS="1342" WIDTH="1197" HEIGHT="54">
							<String ID="string_144" HPOS="791" VPOS="1342" WIDTH="183" HEIGHT="38" WC="0.90" CONTENT="trädande"/><SP WIDTH="36" VPOS="1342" HPOS="974"/>
							<String ID="string_145" HPOS="1010" VPOS="1348" WIDTH="41" HEIGHT="32" WC="0.93" CONTENT="är"/><SP WIDTH="28" VPOS="1348" HPOS="1051"/>
							<String ID="string_146" HPOS="1079" VPOS="1344" WIDTH="179" HEIGHT="37" WC="0.90" CONTENT="anställdt"/><SP WIDTH="27" VPOS="1344" HPOS="1258"/>
							<String ID="string_147" HPOS="1285" VPOS="1345" WIDTH="70" HEIGHT="37" WC="0.93" CONTENT="hos"/><SP WIDTH="28" VPOS="1345" HPOS="1355"/>
							<String ID="string_148" HPOS="1383" VPOS="1345" WIDTH="413" HEIGHT="51" WC="0.91" CONTENT="generaltullstyrelsen"/><SP WIDTH="29" VPOS="1345" HPOS="1796"/>
							<String ID="string_149" HPOS="1825" VPOS="1349" WIDTH="69" HEIGHT="36" WC="0.93" CONTENT="och"/><SP WIDTH="30" VPOS="1349" HPOS="1894"/>
							<String ID="string_150" HPOS="1924" VPOS="1363" WIDTH="64" HEIGHT="23" WC="0.93" CONTENT="an-"/>
						</TextLine>
						<TextLine ID="line_23" HPOS="790" VPOS="1395" WIDTH="1198" HEIGHT="54">
							<String ID="string_151" HPOS="790" VPOS="1401" WIDTH="109" HEIGHT="43" WC="0.93" CONTENT="tages"/><SP WIDTH="42" VPOS="1401" HPOS="899"/>
							<String ID="string_152" HPOS="941" VPOS="1395" WIDTH="57" HEIGHT="37" WC="0.92" CONTENT="till"/><SP WIDTH="42" VPOS="1395" HPOS="998"/>
							<String ID="string_153" HPOS="1040" VPOS="1396" WIDTH="244" HEIGHT="38" WC="0.90" CONTENT="skrifbiträde"/><SP WIDTH="42" VPOS="1396" HPOS="1284"/>
							<String ID="string_154" HPOS="1326" VPOS="1400" WIDTH="21" HEIGHT="34" WC="0.86" CONTENT="å"/><SP WIDTH="33" VPOS="1400" HPOS="1347"/>
							<String ID="string_155" HPOS="1380" VPOS="1398" WIDTH="122" HEIGHT="36" WC="0.96" CONTENT="denna"/><SP WIDTH="28" VPOS="1398" HPOS="1502"/>
							<String ID="string_156" HPOS="1530" VPOS="1402" WIDTH="86" HEIGHT="44" WC="0.96" CONTENT="stat,"/><SP WIDTH="30" VPOS="1402" HPOS="1616"/>
							<String ID="string_157" HPOS="1646" VPOS="1404" WIDTH="91" HEIGHT="45" WC="0.95" CONTENT="äger"/><SP WIDTH="29" VPOS="1404" HPOS="1737"/>
							<String ID="string_158" HPOS="1766" VPOS="1405" WIDTH="53" HEIGHT="32" WC="0.96" CONTENT="att"/><SP WIDTH="29" VPOS="1405" HPOS="1819"/>
							<String ID="string_159" HPOS="1848" VPOS="1401" WIDTH="58" HEIGHT="37" WC="0.93" CONTENT="för"/><SP WIDTH="29" VPOS="1401" HPOS="1906"/>
							<String ID="string_160" HPOS="1935" VPOS="1405" WIDTH="53" HEIGHT="34" WC="0.93" CONTENT="åt-"/>
						</TextLine>
						<TextLine ID="line_24" HPOS="790" VPOS="1448" WIDTH="1196" HEIGHT="54">
							<String ID="string_161" HPOS="790" VPOS="1448" WIDTH="183" HEIGHT="48" WC="0.89" CONTENT="njutande"/><SP WIDTH="29" VPOS="1448" HPOS="973"/>
							<String ID="string_162" HPOS="1002" VPOS="1448" WIDTH="41" HEIGHT="36" WC="0.96" CONTENT="af"/><SP WIDTH="22" VPOS="1448" HPOS="1043"/>
							<String ID="string_163" HPOS="1065" VPOS="1449" WIDTH="314" HEIGHT="50" WC="0.96" CONTENT="löneförhöjning"/><SP WIDTH="27" VPOS="1449" HPOS="1379"/>
							<String ID="string_164" HPOS="1406" VPOS="1450" WIDTH="118" HEIGHT="37" WC="0.96" CONTENT="räkna"/><SP WIDTH="29" VPOS="1450" HPOS="1524"/>
							<String ID="string_165" HPOS="1553" VPOS="1450" WIDTH="61" HEIGHT="49" WC="0.96" CONTENT="sig"/><SP WIDTH="18" VPOS="1450" HPOS="1614"/>
							<String ID="string_166" HPOS="1632" VPOS="1452" WIDTH="57" HEIGHT="36" WC="0.96" CONTENT="till"/><SP WIDTH="19" VPOS="1452" HPOS="1689"/>
							<String ID="string_167" HPOS="1708" VPOS="1453" WIDTH="101" HEIGHT="48" WC="0.96" CONTENT="godo"/><SP WIDTH="21" VPOS="1453" HPOS="1809"/>
							<String ID="string_168" HPOS="1830" VPOS="1454" WIDTH="71" HEIGHT="36" WC="0.96" CONTENT="den"/><SP WIDTH="19" VPOS="1454" HPOS="1901"/>
							<String ID="string_169" HPOS="1920" VPOS="1455" WIDTH="66" HEIGHT="47" WC="0.96" CONTENT="tid,"/>
						</TextLine>
						<TextLine ID="line_25" HPOS="789" VPOS="1499" WIDTH="1198" HEIGHT="56">
							<String ID="string_170" HPOS="789" VPOS="1499" WIDTH="164" HEIGHT="38" WC="0.91" CONTENT="biträdet"/><SP WIDTH="41" VPOS="1499" HPOS="953"/>
							<String ID="string_171" HPOS="994" VPOS="1501" WIDTH="244" HEIGHT="37" WC="0.89" CONTENT="därförinnan"/><SP WIDTH="41" VPOS="1501" HPOS="1238"/>
							<String ID="string_172" HPOS="1279" VPOS="1502" WIDTH="172" HEIGHT="37" WC="0.95" CONTENT="innehaft"/><SP WIDTH="33" VPOS="1502" HPOS="1451"/>
							<String ID="string_173" HPOS="1484" VPOS="1503" WIDTH="126" HEIGHT="48" WC="0.95" CONTENT="stadig"/><SP WIDTH="44" VPOS="1503" HPOS="1610"/>
							<String ID="string_174" HPOS="1654" VPOS="1505" WIDTH="232" HEIGHT="50" WC="0.94" CONTENT="anställning"/><SP WIDTH="34" VPOS="1505" HPOS="1886"/>
							<String ID="string_175" HPOS="1920" VPOS="1507" WIDTH="67" HEIGHT="37" WC="0.94" CONTENT="hos"/>
						</TextLine>
						<TextLine ID="line_26" HPOS="789" VPOS="1552" WIDTH="203" HEIGHT="49">
							<String ID="string_176" HPOS="789" VPOS="1552" WIDTH="203" HEIGHT="49" WC="0.94" CONTENT="styrelsen;"/>
						</TextLine>
					</TextBlock>
					<TextBlock ID="block_4" HPOS="787" VPOS="1604" WIDTH="1199" HEIGHT="211">
						<TextLine ID="line_27" HPOS="919" VPOS="1604" WIDTH="1067" HEIGHT="55">
							<String ID="string_177" HPOS="919" VPOS="1609" WIDTH="55" HEIGHT="32" WC="0.96" CONTENT="att"/><SP WIDTH="37" VPOS="1609" HPOS="974"/>
							<String ID="string_178" HPOS="1011" VPOS="1604" WIDTH="115" HEIGHT="38" WC="0.94" CONTENT="likväl"/><SP WIDTH="28" VPOS="1604" HPOS="1126"/>
							<String ID="string_179" HPOS="1154" VPOS="1605" WIDTH="209" HEIGHT="49" WC="0.96" CONTENT="löntagare,"/><SP WIDTH="31" VPOS="1605" HPOS="1363"/>
							<String ID="string_180" HPOS="1394" VPOS="1619" WIDTH="94" HEIGHT="36" WC="0.96" CONTENT="som,"/><SP WIDTH="29" VPOS="1619" HPOS="1488"/>
							<String ID="string_181" HPOS="1517" VPOS="1606" WIDTH="46" HEIGHT="37" WC="0.97" CONTENT="då"/><SP WIDTH="28" VPOS="1606" HPOS="1563"/>
							<String ID="string_182" HPOS="1591" VPOS="1607" WIDTH="78" HEIGHT="38" WC="0.93" CONTENT="han"/><SP WIDTH="28" VPOS="1607" HPOS="1669"/>
							<String ID="string_183" HPOS="1697" VPOS="1609" WIDTH="163" HEIGHT="50" WC="0.91" CONTENT="intjänat"/><SP WIDTH="28" VPOS="1609" HPOS="1860"/>
							<String ID="string_184" HPOS="1888" VPOS="1612" WIDTH="98" HEIGHT="36" WC="0.90" CONTENT="stad-"/>
						</TextLine>
						<TextLine ID="line_28" HPOS="788" VPOS="1657" WIDTH="1198" HEIGHT="56">
							<String ID="string_185" HPOS="788" VPOS="1657" WIDTH="76" HEIGHT="48" WC="0.91" CONTENT="gad"/><SP WIDTH="41" VPOS="1657" HPOS="864"/>
							<String ID="string_186" HPOS="905" VPOS="1657" WIDTH="55" HEIGHT="36" WC="0.96" CONTENT="tid"/><SP WIDTH="34" VPOS="1657" HPOS="960"/>
							<String ID="string_187" HPOS="994" VPOS="1657" WIDTH="58" HEIGHT="36" WC="0.96" CONTENT="för"/><SP WIDTH="34" VPOS="1657" HPOS="1052"/>
							<String ID="string_188" HPOS="1086" VPOS="1657" WIDTH="217" HEIGHT="37" WC="0.96" CONTENT="erhållande"/><SP WIDTH="29" VPOS="1657" HPOS="1303"/>
							<String ID="string_189" HPOS="1332" VPOS="1659" WIDTH="41" HEIGHT="36" WC="0.95" CONTENT="af"/><SP WIDTH="23" VPOS="1659" HPOS="1373"/>
							<String ID="string_190" HPOS="1396" VPOS="1659" WIDTH="325" HEIGHT="51" WC="0.96" CONTENT="löneförhöjning,"/><SP WIDTH="28" VPOS="1659" HPOS="1721"/>
							<String ID="string_191" HPOS="1749" VPOS="1662" WIDTH="115" HEIGHT="37" WC="0.93" CONTENT="redan"/><SP WIDTH="28" VPOS="1662" HPOS="1864"/>
							<String ID="string_192" HPOS="1892" VPOS="1677" WIDTH="94" HEIGHT="36" WC="0.92" CONTENT="upp-"/>
						</TextLine>
						<TextLine ID="line_29" HPOS="787" VPOS="1709" WIDTH="1198" HEIGHT="54">
							<String ID="string_193" HPOS="787" VPOS="1711" WIDTH="82" HEIGHT="34" WC="0.95" CONTENT="nått"/><SP WIDTH="20" VPOS="1711" HPOS="869"/>
							<String ID="string_194" HPOS="889" VPOS="1709" WIDTH="73" HEIGHT="36" WC="0.93" CONTENT="den"/><SP WIDTH="19" VPOS="1709" HPOS="962"/>
							<String ID="string_195" HPOS="981" VPOS="1709" WIDTH="164" HEIGHT="37" WC="0.92" CONTENT="lefnads-"/><SP WIDTH="22" VPOS="1709" HPOS="1145"/>
							<String ID="string_196" HPOS="1167" VPOS="1710" WIDTH="71" HEIGHT="36" WC="0.93" CONTENT="och"/><SP WIDTH="20" VPOS="1710" HPOS="1238"/>
							<String ID="string_197" HPOS="1258" VPOS="1710" WIDTH="233" HEIGHT="49" WC="0.92" CONTENT="tjänstålder,"/><SP WIDTH="22" VPOS="1710" HPOS="1491"/>
							<String ID="string_198" HPOS="1513" VPOS="1725" WIDTH="81" HEIGHT="23" WC="0.96" CONTENT="som"/><SP WIDTH="22" VPOS="1725" HPOS="1594"/>
							<String ID="string_199" HPOS="1616" VPOS="1712" WIDTH="210" HEIGHT="51" WC="0.95" CONTENT="berättigar"/><SP WIDTH="18" VPOS="1712" HPOS="1826"/>
							<String ID="string_200" HPOS="1844" VPOS="1715" WIDTH="141" HEIGHT="37" WC="0.96" CONTENT="honom"/>
						</TextLine>
						<TextLine ID="line_30" HPOS="787" VPOS="1760" WIDTH="1094" HEIGHT="55">
							<String ID="string_201" HPOS="787" VPOS="1760" WIDTH="57" HEIGHT="36" WC="0.96" CONTENT="till"/><SP WIDTH="28" VPOS="1760" HPOS="844"/>
							<String ID="string_202" HPOS="872" VPOS="1761" WIDTH="172" HEIGHT="49" WC="0.96" CONTENT="pension,"/><SP WIDTH="28" VPOS="1761" HPOS="1044"/>
							<String ID="string_203" HPOS="1072" VPOS="1761" WIDTH="82" HEIGHT="37" WC="0.96" CONTENT="icke"/><SP WIDTH="29" VPOS="1761" HPOS="1154"/>
							<String ID="string_204" HPOS="1183" VPOS="1765" WIDTH="61" HEIGHT="34" WC="0.96" CONTENT="må"/><SP WIDTH="30" VPOS="1765" HPOS="1244"/>
							<String ID="string_205" HPOS="1274" VPOS="1775" WIDTH="146" HEIGHT="25" WC="0.95" CONTENT="samma"/><SP WIDTH="28" VPOS="1775" HPOS="1420"/>
							<String ID="string_206" HPOS="1448" VPOS="1764" WIDTH="224" HEIGHT="51" WC="0.95" CONTENT="förhöjning"/><SP WIDTH="27" VPOS="1764" HPOS="1672"/>
							<String ID="string_207" HPOS="1699" VPOS="1765" WIDTH="182" HEIGHT="49" WC="0.93" CONTENT="tillträda;"/>
						</TextLine>
					</TextBlock>
					<TextBlock ID="block_5" HPOS="784" VPOS="1814" WIDTH="1202" HEIGHT="358">
						<TextLine ID="line_31" HPOS="891" VPOS="1814" WIDTH="1094" HEIGHT="51">
							<String ID="string_208" HPOS="891" VPOS="1818" WIDTH="56" HEIGHT="31" WC="0.95" CONTENT="att"/><SP WIDTH="40" VPOS="1818" HPOS="947"/>
							<String ID="string_209" HPOS="987" VPOS="1814" WIDTH="311" HEIGHT="49" WC="0.95" CONTENT="tjänstemännen"/><SP WIDTH="42" VPOS="1814" HPOS="1298"/>
							<String ID="string_210" HPOS="1340" VPOS="1820" WIDTH="73" HEIGHT="45" WC="0.95" CONTENT="äga"/><SP WIDTH="34" VPOS="1820" HPOS="1413"/>
							<String ID="string_211" HPOS="1447" VPOS="1817" WIDTH="160" HEIGHT="48" WC="0.96" CONTENT="årligen,"/><SP WIDTH="28" VPOS="1817" HPOS="1607"/>
							<String ID="string_212" HPOS="1635" VPOS="1822" WIDTH="69" HEIGHT="32" WC="0.96" CONTENT="när"/><SP WIDTH="28" VPOS="1822" HPOS="1704"/>
							<String ID="string_213" HPOS="1732" VPOS="1819" WIDTH="134" HEIGHT="37" WC="0.96" CONTENT="sådant"/><SP WIDTH="29" VPOS="1819" HPOS="1866"/>
							<String ID="string_214" HPOS="1895" VPOS="1825" WIDTH="90" HEIGHT="32" WC="0.96" CONTENT="utan"/>
						</TextLine>
						<TextLine ID="line_32" HPOS="786" VPOS="1864" WIDTH="1200" HEIGHT="57">
							<String ID="string_215" HPOS="786" VPOS="1864" WIDTH="134" HEIGHT="38" WC="0.96" CONTENT="hinder"/><SP WIDTH="27" VPOS="1864" HPOS="920"/>
							<String ID="string_216" HPOS="947" VPOS="1865" WIDTH="59" HEIGHT="37" WC="0.93" CONTENT="för"/><SP WIDTH="27" VPOS="1865" HPOS="1006"/>
							<String ID="string_217" HPOS="1033" VPOS="1867" WIDTH="242" HEIGHT="47" WC="0.91" CONTENT="göromålens"/><SP WIDTH="30" VPOS="1867" HPOS="1275"/>
							<String ID="string_218" HPOS="1305" VPOS="1867" WIDTH="184" HEIGHT="50" WC="0.96" CONTENT="behöriga"/><SP WIDTH="23" VPOS="1867" HPOS="1489"/>
							<String ID="string_219" HPOS="1512" VPOS="1871" WIDTH="106" HEIGHT="47" WC="0.96" CONTENT="gång"/><SP WIDTH="27" VPOS="1871" HPOS="1618"/>
							<String ID="string_220" HPOS="1645" VPOS="1870" WIDTH="74" HEIGHT="36" WC="0.96" CONTENT="kan"/><SP WIDTH="20" VPOS="1870" HPOS="1719"/>
							<String ID="string_221" HPOS="1739" VPOS="1871" WIDTH="78" HEIGHT="47" WC="0.96" CONTENT="ske,"/><SP WIDTH="21" VPOS="1871" HPOS="1817"/>
							<String ID="string_222" HPOS="1838" VPOS="1873" WIDTH="148" HEIGHT="48" WC="0.96" CONTENT="åtnjuta"/>
						</TextLine>
						<TextLine ID="line_33" HPOS="785" VPOS="1918" WIDTH="1199" HEIGHT="57">
							<String ID="string_223" HPOS="785" VPOS="1923" WIDTH="192" HEIGHT="43" WC="0.91" CONTENT="semester,"/><SP WIDTH="29" VPOS="1923" HPOS="977"/>
							<String ID="string_224" HPOS="1006" VPOS="1918" WIDTH="459" HEIGHT="51" WC="0.90" CONTENT="generaltulldirektören,"/><SP WIDTH="30" VPOS="1918" HPOS="1465"/>
							<String ID="string_225" HPOS="1495" VPOS="1920" WIDTH="272" HEIGHT="50" WC="0.92" CONTENT="byråcheferna"/><SP WIDTH="29" VPOS="1920" HPOS="1767"/>
							<String ID="string_226" HPOS="1796" VPOS="1924" WIDTH="70" HEIGHT="37" WC="0.91" CONTENT="och"/><SP WIDTH="18" VPOS="1924" HPOS="1866"/>
							<String ID="string_227" HPOS="1884" VPOS="1925" WIDTH="100" HEIGHT="50" WC="0.91" CONTENT="tjän-"/>
						</TextLine>
						<TextLine ID="line_34" HPOS="785" VPOS="1971" WIDTH="1200" HEIGHT="50">
							<String ID="string_228" HPOS="785" VPOS="1974" WIDTH="223" HEIGHT="33" WC="0.91" CONTENT="stemännen"/><SP WIDTH="52" VPOS="1974" HPOS="1008"/>
							<String ID="string_229" HPOS="1060" VPOS="1971" WIDTH="40" HEIGHT="36" WC="0.96" CONTENT="af"/><SP WIDTH="46" VPOS="1971" HPOS="1100"/>
							<String ID="string_230" HPOS="1146" VPOS="1971" WIDTH="117" HEIGHT="37" WC="0.89" CONTENT="andra"/><SP WIDTH="44" VPOS="1971" HPOS="1263"/>
							<String ID="string_231" HPOS="1307" VPOS="1972" WIDTH="233" HEIGHT="49" WC="0.87" CONTENT="lönegraden"/><SP WIDTH="45" VPOS="1972" HPOS="1540"/>
							<String ID="string_232" HPOS="1585" VPOS="1974" WIDTH="144" HEIGHT="37" WC="0.89" CONTENT="enhvar"/><SP WIDTH="44" VPOS="1974" HPOS="1729"/>
							<String ID="string_233" HPOS="1773" VPOS="1977" WIDTH="120" HEIGHT="36" WC="0.96" CONTENT="under"/><SP WIDTH="45" VPOS="1977" HPOS="1893"/>
							<String ID="string_234" HPOS="1938" VPOS="1991" WIDTH="47" HEIGHT="24" WC="0.93" CONTENT="en"/>
						</TextLine>
						<TextLine ID="line_35" HPOS="785" VPOS="2022" WIDTH="1199" HEIGHT="52">
							<String ID="string_235" HPOS="785" VPOS="2022" WIDTH="71" HEIGHT="36" WC="0.95" CONTENT="och"/><SP WIDTH="45" VPOS="2022" HPOS="856"/>
							<String ID="string_236" HPOS="901" VPOS="2035" WIDTH="46" HEIGHT="23" WC="0.96" CONTENT="en"/><SP WIDTH="45" VPOS="2035" HPOS="947"/>
							<String ID="string_237" HPOS="992" VPOS="2023" WIDTH="83" HEIGHT="36" WC="0.96" CONTENT="half"/><SP WIDTH="41" VPOS="2023" HPOS="1075"/>
							<String ID="string_238" HPOS="1116" VPOS="2024" WIDTH="136" HEIGHT="36" WC="0.96" CONTENT="månad"/><SP WIDTH="50" VPOS="2024" HPOS="1252"/>
							<String ID="string_239" HPOS="1302" VPOS="2030" WIDTH="99" HEIGHT="31" WC="0.96" CONTENT="samt"/><SP WIDTH="40" VPOS="2030" HPOS="1401"/>
							<String ID="string_240" HPOS="1441" VPOS="2025" WIDTH="308" HEIGHT="49" WC="0.92" CONTENT="tjänstemännen"/><SP WIDTH="43" VPOS="2025" HPOS="1749"/>
							<String ID="string_241" HPOS="1792" VPOS="2028" WIDTH="41" HEIGHT="36" WC="0.94" CONTENT="af"/><SP WIDTH="33" VPOS="2028" HPOS="1833"/>
							<String ID="string_242" HPOS="1866" VPOS="2029" WIDTH="118" HEIGHT="38" WC="0.94" CONTENT="första"/>
						</TextLine>
						<TextLine ID="line_36" HPOS="784" VPOS="2073" WIDTH="1200" HEIGHT="50">
							<String ID="string_243" HPOS="784" VPOS="2073" WIDTH="232" HEIGHT="50" WC="0.92" CONTENT="lönegraden"/><SP WIDTH="41" VPOS="2073" HPOS="1016"/>
							<String ID="string_244" HPOS="1057" VPOS="2075" WIDTH="192" HEIGHT="37" WC="0.89" CONTENT="äfvensom"/><SP WIDTH="43" VPOS="2075" HPOS="1249"/>
							<String ID="string_245" HPOS="1292" VPOS="2076" WIDTH="289" HEIGHT="38" WC="0.89" CONTENT="skrifbiträdena"/><SP WIDTH="36" VPOS="2076" HPOS="1581"/>
							<String ID="string_246" HPOS="1617" VPOS="2079" WIDTH="142" HEIGHT="38" WC="0.80" CONTENT="enhvar"/><SP WIDTH="32" VPOS="2079" HPOS="1759"/>
							<String ID="string_247" HPOS="1791" VPOS="2081" WIDTH="119" HEIGHT="37" WC="0.96" CONTENT="under"/><SP WIDTH="28" VPOS="2081" HPOS="1910"/>
							<String ID="string_248" HPOS="1938" VPOS="2096" WIDTH="46" HEIGHT="23" WC="0.96" CONTENT="en"/>
						</TextLine>
						<TextLine ID="line_37" HPOS="784" VPOS="2127" WIDTH="152" HEIGHT="45">
							<String ID="string_249" HPOS="784" VPOS="2127" WIDTH="152" HEIGHT="45" WC="0.95" CONTENT="månad;"/>
						</TextLine>
					</TextBlock>
					<TextBlock ID="block_6" HPOS="784" VPOS="2180" WIDTH="1198" HEIGHT="109">
						<TextLine ID="line_38" HPOS="915" VPOS="2180" WIDTH="1067" HEIGHT="56">
							<String ID="string_250" HPOS="915" VPOS="2185" WIDTH="54" HEIGHT="31" WC="0.96" CONTENT="att"/><SP WIDTH="29" VPOS="2185" HPOS="969"/>
							<String ID="string_251" HPOS="998" VPOS="2180" WIDTH="243" HEIGHT="49" WC="0.95" CONTENT="tjänsteman,"/><SP WIDTH="31" VPOS="2180" HPOS="1241"/>
							<String ID="string_252" HPOS="1272" VPOS="2194" WIDTH="80" HEIGHT="24" WC="0.96" CONTENT="som"/><SP WIDTH="30" VPOS="2194" HPOS="1352"/>
							<String ID="string_253" HPOS="1382" VPOS="2182" WIDTH="68" HEIGHT="37" WC="0.96" CONTENT="har"/><SP WIDTH="29" VPOS="2182" HPOS="1450"/>
							<String ID="string_254" HPOS="1479" VPOS="2182" WIDTH="61" HEIGHT="50" WC="0.93" CONTENT="sig"/><SP WIDTH="27" VPOS="2182" HPOS="1540"/>
							<String ID="string_255" HPOS="1567" VPOS="2183" WIDTH="223" HEIGHT="39" WC="0.91" CONTENT="anförtrodd"/><SP WIDTH="20" VPOS="2183" HPOS="1790"/>
							<String ID="string_256" HPOS="1810" VPOS="2186" WIDTH="172" HEIGHT="50" WC="0.91" CONTENT="uppbörd"/>
						</TextLine>
						<TextLine ID="line_39" HPOS="784" VPOS="2229" WIDTH="1196" HEIGHT="60">
							<String ID="string_257" HPOS="784" VPOS="2229" WIDTH="92" HEIGHT="38" WC="0.96" CONTENT="eller"/><SP WIDTH="35" VPOS="2229" HPOS="876"/>
							<String ID="string_258" HPOS="911" VPOS="2231" WIDTH="165" HEIGHT="38" WC="0.91" CONTENT="kontroll"/><SP WIDTH="35" VPOS="2231" HPOS="1076"/>
							<String ID="string_259" HPOS="1111" VPOS="2235" WIDTH="19" HEIGHT="34" WC="0.91" CONTENT="å"/><SP WIDTH="29" VPOS="2235" HPOS="1130"/>
							<String ID="string_260" HPOS="1159" VPOS="2233" WIDTH="186" HEIGHT="49" WC="0.91" CONTENT="uppbörd,"/><SP WIDTH="30" VPOS="2233" HPOS="1345"/>
							<String ID="string_261" HPOS="1375" VPOS="2239" WIDTH="40" HEIGHT="31" WC="0.93" CONTENT="är"/><SP WIDTH="26" VPOS="2239" HPOS="1415"/>
							<String ID="string_262" HPOS="1441" VPOS="2235" WIDTH="141" HEIGHT="49" WC="0.92" CONTENT="pliktig"/><SP WIDTH="29" VPOS="2235" HPOS="1582"/>
							<String ID="string_263" HPOS="1611" VPOS="2241" WIDTH="54" HEIGHT="31" WC="0.92" CONTENT="att"/><SP WIDTH="29" VPOS="2241" HPOS="1665"/>
							<String ID="string_264" HPOS="1694" VPOS="2239" WIDTH="20" HEIGHT="33" WC="0.91" CONTENT="å"/><SP WIDTH="29" VPOS="2239" HPOS="1714"/>
							<String ID="string_265" HPOS="1743" VPOS="2237" WIDTH="54" HEIGHT="37" WC="0.96" CONTENT="tid"/><SP WIDTH="29" VPOS="2237" HPOS="1797"/>
							<String ID="string_266" HPOS="1826" VPOS="2238" WIDTH="41" HEIGHT="36" WC="0.96" CONTENT="af"/><SP WIDTH="25" VPOS="2238" HPOS="1867"/>
							<String ID="string_267" HPOS="1892" VPOS="2241" WIDTH="88" HEIGHT="48" WC="0.96" CONTENT="året,"/>
						</TextLine>
					</TextBlock>
				</ComposedBlock>
			</PrintSpace>
		</Page>
	</Layout>
</alto>
