2233 2671
454 192 40 32 60
912 190 252 34 Statsutskottets
1193 189 166 33 Utlåtande
1387 188 53 32 Nr
1463 189 50 32 86.

590 272 134 42 (Kungl.
751 271 110 42 Maj:ts
883 269 151 43 förslag:)

412 328 75 36 han
516 331 40 32 är
585 325 151 51 skyldig
764 330 53 32 att
845 324 82 37 från
946 324 165 49 tjänston
1132 322 52 37 af-

412 384 60 45 gå,
502 380 81 37 icke
612 382 59 34 må
701 391 140 25 samma
870 377 219 49 förhöjning
1110 376 72 36 till-

413 433 115 37 träda.

490 485 95 46 Den,
628 498 81 24 som
751 485 83 36 från
875 483 119 50 tjänst
1035 482 12 36 i
1079 481 105 50 lägre

413 538 406 49 ålderstilläggsgrupp
875 535 198 38 befordras
1125 534 57 36 till

413 592 119 49 tjänst
551 591 11 36 i
581 596 168 31 närmast
769 591 120 48 högre
909 589 115 36 sådan
1044 600 137 36 grupp,

413 647 61 34 må
502 644 57 37 för
587 643 222 49 åtnjutande
838 642 41 37 af
903 646 75 32 rätt
1001 641 59 36 till
1079 640 103 36 löne-

411 696 224 49 förhöjning
662 696 12 35 i
703 694 234 37 sistnämnda
965 706 124 35 grupp
1109 692 74 35 till-

411 748 242 50 godoräknas
683 747 72 37 den
774 747 55 37 tid
849 745 97 38 intill
966 751 57 31 tre
1043 747 51 45 år,
1114 757 68 23 un-

414 802 64 36 der
512 800 151 37 hvilken
695 800 75 35 han
798 799 253 48 tilläfventyrs
1079 797 103 36 inne-

413 853 81 37 haft
508 853 119 49 tjänst
641 853 13 35 i
669 852 73 37 den
756 853 105 47 lägre
882 849 301 49 ålderstilläggs-

411 919 187 36 gruppen,
619 905 115 37 sedan
749 905 76 36 han
839 903 165 50 intjänat
1020 901 162 50 stadgad

412 959 53 36 tid
494 959 59 36 för
581 962 55 32 att
665 957 66 37 där
758 957 128 36 kunna
914 957 151 35 komma
1092 954 13 36 i
1129 957 53 33 åt-

411 1010 185 50 njutande
617 1010 41 37 af
669 1009 122 51 tredje
805 1008 375 49 löneförhöjningen;

412 1064 181 37 skolande
633 1064 58 36 för
733 1062 219 49 åtojutande
989 1061 41 36 af
1060 1060 122 37 denna

411 1117 149 36 förmån
601 1116 102 49 gälla
743 1128 144 23 samma
923 1114 149 46 villkor,
1101 1125 81 24 som

412 1169 115 36 ofvan
548 1169 170 47 stadgats
739 1168 58 36 för
815 1167 166 36 tillträde
1000 1166 12 35 i
1028 1166 154 35 allmän-

411 1221 65 36 het
505 1220 41 37 af
570 1219 311 49 löneförhöjning
914 1218 102 37 inom
1049 1216 133 49 hvarje

413 1273 160 36 särskild
602 1286 135 35 grupp.

490 1325 78 37 Har
594 1325 242 49 tjänsteman,
866 1337 80 24 som
968 1322 133 38 vunnit
1119 1322 63 37 be-

411 1378 154 36 fordran
609 1377 80 36 från
722 1377 117 48 tjänst
867 1376 12 35 i
907 1377 106 47 lägre
1043 1375 138 36 ålders-

411 1430 282 49 tilläggsgrupp
710 1429 57 36 till
783 1428 141 49 tjänsti
935 1429 118 47 högre
1066 1427 116 36 sådan

412 1496 137 35 grupp,
587 1481 64 37 vid
689 1481 71 36 den
799 1481 102 36 förra
938 1480 165 49 tjänsten
1135 1482 47 46 på

412 1534 125 49 grund
585 1534 41 36 af
661 1533 169 49 intjänad
872 1532 311 49 löneförhöjning

411 1586 181 50 uppburit
621 1585 167 49 aflöning
816 1585 55 36 till
897 1584 119 49 högre
1046 1583 135 49 belopp

412 1643 49 31 än
488 1639 140 36 honom
653 1637 65 37 vid
738 1638 72 35 den
829 1651 75 35 nya
923 1637 167 49 tjänsten
1109 1636 73 36 till-

412 1690 182 48 kommer,
623 1695 92 43 äger
733 1691 76 35 han
829 1693 123 33 såsom
972 1688 211 50 personligt

412 1742 327 50 aflöningstillägg
766 1742 170 49 uppbära
956 1740 224 48 skillnaden,

412 1795 97 37 intill
551 1795 83 36 dess
670 1795 214 48 aflöningen
916 1794 64 36 vid
1009 1794 71 36 den
1108 1806 74 36 nya

412 1848 165 48 tjänsten
605 1860 140 35 genom
773 1846 221 48 intjänande
1022 1845 43 37 af
1079 1846 102 35 löne-

412 1899 223 49 förhöjning
663 1899 108 49 stigit
799 1899 56 36 till
875 1899 62 36 det
956 1899 102 36 förut
1076 1898 105 36 inne-

412 1952 113 36 hafda
553 1952 186 49 beloppet.
789 1951 144 36 Härvid
962 1957 108 43 tages
1099 1949 83 37 icke

412 2005 150 49 hänsyn
581 2004 57 35 till
657 2004 204 36 eventuellt
879 2003 189 48 utgående
1088 2009 94 30 orts-

411 2056 140 49 tillägg
578 2055 64 37 vid
670 2056 216 48 någondera
913 2056 179 49 tjänsten.

492 2108 71 37 Vid
602 2108 244 49 tillämpning
875 2108 40 36 af
939 2107 100 37 hvad
1068 2107 114 37 ofvan

412 2160 173 49 stadgats
612 2160 160 37 rörande
799 2165 124 32 rätten
953 2164 54 32 att
1030 2159 151 36 komma

411 2213 12 36 i
444 2212 219 49 åtnjutande
690 2213 41 36 af
746 2212 311 49 löneförhöjning
1076 2212 106 36 skola

411 2265 211 49 tjänsterna
655 2278 109 23 anses
792 2265 113 36 hafva
929 2263 145 50 jämväl
1101 2263 81 37 före

412 2320 40 34 år
483 2318 95 35 1911
609 2316 147 37 tillhört
785 2317 72 36 den
883 2316 299 49 ålderstilläggs-

1434 268 188 42 (Utskottets
1643 267 151 44 förslag:)
