2218 2616
376 160 19 30 2
599 157 118 32 Andra
741 158 204 31 kammarens
963 158 113 39 fjärde
1101 156 170 41 tillfälliga
1295 158 133 32 utskotts
1451 157 170 32 utlåtande
1645 158 53 31 Nr
1721 161 31 28 3.

376 249 131 35 ändras
549 248 56 36 till
647 247 379 47 fattigvårdstungans
1068 248 126 43 fördel,
1226 260 83 23 men
1337 249 70 34 den
1436 248 100 36 tiden
1564 248 128 48 ligger,
1724 260 74 24 som
1828 248 148 44 bekant,

376 308 96 29 ännu
501 302 101 47 långt
630 302 182 45 avlägsen.

484 356 65 34 Ser
591 367 82 23 man
710 354 94 36 efter
840 354 197 35 orsakerna
1064 354 57 35 till
1149 355 44 34 de
1222 354 116 36 ökade
1366 354 153 47 utgifter
1546 356 265 35 kommunerna
1839 355 36 36 få
1903 355 76 37 vid-

377 410 141 35 kännas
547 409 57 34 för
633 407 397 48 folkpensioneringen,
1060 409 119 34 finner
1207 421 84 22 man
1320 409 79 34 dem
1430 409 75 34 dels
1534 408 55 36 uti
1617 410 71 34 den
1708 410 59 34 del
1786 422 44 23 av
1849 410 129 34 under-

376 463 128 36 stöden
546 463 67 35 och
650 461 361 47 pensionsbidragen,
1042 473 75 24 som
1150 461 204 36 tillkomma
1382 462 262 35 kommunerna
1673 466 54 32 att
1754 463 116 47 gälda,
1902 463 76 35 dels

376 517 13 34 i
417 516 157 47 oguldna
619 515 278 47 grundavgifter
938 516 67 34 och
1047 515 77 44 sist,
1168 527 83 23 men
1294 515 82 35 icke
1418 515 120 44 minst,
1583 515 54 35 uti
1679 516 203 47 ersättning
1922 517 58 35 till

378 568 570 48 pensionsnämndsordföranden
990 569 68 34 och
1099 568 506 36 administrationskostnader
1639 568 13 35 i
1686 569 129 46 övrigt.
1872 571 107 34 Hade

378 622 333 48 skatteobjekterna
752 622 55 35 för
848 622 69 35 alla
959 622 115 35 rikets
1115 622 217 35 kommuner
1373 622 94 36 varit
1508 622 74 35 lika
1614 621 14 36 i
1656 623 227 36 förhållande
1924 623 55 36 till

377 677 279 35 kommunernas
699 675 224 47 folkmängd,
954 676 93 34 hade
1088 688 72 34 nog
1201 675 263 36 kommunerna
1502 676 80 34 med
1610 677 158 34 tålamod
1797 677 68 34 fått
1894 678 86 34 bära

379 731 103 34 dessa
509 742 71 34 nya
608 728 198 48 uppgifter,
838 741 81 23 men
947 730 46 34 då
1022 731 39 33 så
1089 729 30 47 ej
1151 735 40 29 är
1220 729 253 44 förhållandet,
1505 730 65 34 har
1599 729 137 47 följden
1765 730 105 35 blivit
1896 732 82 43 den,

378 787 53 32 att
472 784 45 34 de
560 783 129 46 fattiga
732 783 272 43 kommunerna,
1036 795 74 22 som
1154 783 98 35 förut
1280 782 95 36 varit
1403 782 156 48 oskäligt
1586 784 140 46 tyngda
1754 795 45 24 av
1827 784 151 44 skatter,

378 837 209 47 härigenom
615 836 108 35 blivit
753 841 98 30 ännu
879 848 97 23 mera
1005 836 214 35 beskattade
1248 836 13 35 i
1300 836 226 35 förhållande
1562 835 56 36 till
1651 837 215 35 kommuner
1899 838 82 35 med

378 894 114 32 större
521 889 259 47 skatteobjekt.
828 890 87 34 Med
934 890 113 34 andra
1067 890 73 42 ord,
1164 889 338 47 förhoppningarna
1522 893 53 32 att
1595 890 386 48 folkpensioneringen

378 944 13 34 i
419 943 58 35 sin
515 945 83 32 mån
627 942 117 35 skulle
774 942 150 47 bidraga
951 942 57 36 till
1035 943 208 48 utjämning
1271 956 45 22 av
1344 943 279 36 kommunernas
1653 943 253 37 skattebördor
1934 945 47 34 ha

379 997 31 48 ej
455 996 106 36 blivit
601 996 206 47 uppfyllda,
837 999 89 32 utan
963 997 67 35 har
1057 997 107 47 lagen
1192 996 13 35 i
1234 996 198 47 praktiken
1460 996 132 36 hittills
1635 996 129 37 verkat
1792 997 13 35 i
1834 1001 147 32 motsatt

379 1050 177 46 riktning.

485 1104 116 34 Dessa
642 1102 344 36 missförhållanden
1028 1108 60 30 äro
1131 1116 44 23 av
1217 1104 71 34 den
1332 1103 262 45 beskaffenhet,
1635 1107 53 32 att
1730 1116 46 23 en
1817 1109 165 30 närmare

379 1156 197 45 utredning
623 1157 64 35 bör
733 1156 224 47 igångsättas
1000 1155 13 36 1
1055 1157 69 35 vad
1168 1159 85 33 mån
1295 1157 68 35 och
1405 1159 46 44 på
1492 1158 70 35 vad
1604 1160 73 33 sätt
1719 1157 263 36 kommunerna

379 1211 126 35 kunna
532 1210 13 35 i
574 1210 151 35 berörda
754 1211 176 34 avseende
958 1210 151 35 beredas
1142 1211 183 35 lättnader
1352 1210 14 35 i
1399 1212 70 34 den
1503 1213 83 33 mån
1612 1211 229 48 möjligheter
1860 1212 122 35 därtill

380 1264 188 46 föreligga.

487 1318 82 34 Vad
598 1316 251 48 ersättningen
869 1316 56 36 till
954 1316 416 47 pensionsnämndernas
1399 1317 217 36 ordförande
1645 1317 236 46 vidkommer,
1906 1331 74 23 som

380 1371 12 35 i
421 1372 87 34 flera
550 1371 215 35 kommuner
807 1370 92 47 givit
941 1371 198 47 anledning
1180 1371 57 35 till
1279 1370 236 48 stridigheter
1552 1372 132 34 mellan
1714 1372 173 35 kommun
1915 1374 67 34 och

380 1425 252 43 ordföranden,
663 1436 109 35 synes
793 1436 68 32 oss,
892 1428 53 31 att
973 1425 120 34 denna
1121 1425 103 46 fråga
1252 1425 125 34 kunde
1406 1425 131 35 ordnas
1566 1427 46 44 på
1640 1427 40 33 så
1709 1429 84 40 sätt,
1824 1430 53 31 att
1904 1427 78 34 ord-

381 1478 176 36 föranden
598 1477 147 36 avlönas
789 1490 43 23 av
876 1481 129 32 staten.
1063 1478 254 36 Ordföranden
1359 1477 119 36 skulle
1506 1478 210 48 därigenom
1748 1479 36 35 få
1812 1491 46 22 en
1886 1491 97 23 mera

381 1531 238 48 självständig
661 1532 67 34 och
770 1531 200 36 oberoende
1013 1531 174 46 ställning
1215 1537 89 41 gent
1332 1534 95 32 emot
1455 1531 231 36 kommunen.
1745 1532 73 35 Det
1846 1532 74 35 kan
1949 1532 31 48 ej

381 1585 116 35 häller
538 1597 85 23 vara
665 1585 85 35 fullt
788 1585 156 43 rättvist,
976 1588 54 32 att
1058 1585 45 35 då
1131 1585 254 43 ordföranden,
1417 1596 74 23 som
1520 1597 50 23 nu
1600 1590 39 29 är
1667 1585 112 44 fallet,
1810 1589 100 31 utses
1939 1598 44 23 av

381 1639 227 45 Konungens
644 1638 398 47 befallningshavande,
1074 1639 70 35 den
1186 1639 94 34 skall
1322 1639 148 35 avlönas
1508 1650 44 23 av
1587 1638 232 36 kommunen.
1876 1632 107 43 Även

381 1693 102 34 torde
526 1692 124 34 kunna
677 1691 241 47 ifrågasättas,
954 1704 56 23 om
1049 1693 61 34 det
1138 1691 30 48 ej
1200 1705 85 22 vore
1314 1691 215 47 lämpligast,
1561 1694 53 33 att
1642 1692 126 47 kungl.
1800 1693 184 46 pensions-

382 1745 178 47 styrelsen
601 1745 256 36 tillhandahöll
898 1746 224 34 nämnderna
1163 1745 134 47 nödiga
1336 1745 207 36 blanketter
1579 1750 89 30 utan
1698 1746 202 47 ersättning
1928 1747 57 35 för

382 1799 44 34 de
469 1811 136 22 senare.
664 1799 73 35 Det
776 1799 254 43 förhållandet,
1062 1801 52 32 att
1143 1799 352 47 pensionsstyrelsen
1524 1799 60 35 titt
1613 1800 67 34 och
1709 1799 76 36 ofta
1814 1800 171 46 företagit

383 1851 252 47 förändringar
684 1865 45 23 av
777 1852 232 47 erforderliga
1051 1852 217 45 blanketter,
1313 1853 66 34 har
1420 1852 109 36 också
1571 1852 161 47 bidragit
1772 1853 56 35 till
1869 1854 115 35 ökade

382 1906 198 35 kostnader
609 1905 54 36 för
691 1906 273 35 kommunerna.

489 1959 272 35 Kommunerna
791 1960 36 34 få
855 1959 118 44 också,
1005 1972 74 23 som
1108 1959 38 36 vi
1175 1959 99 36 förut
1302 1958 135 36 erinrat
1466 1971 68 31 om,
1562 1959 206 36 vidkännas
1788 1961 196 34 avsevärda

382 2012 153 46 utgifter
564 2012 56 34 för
647 2012 251 36 inbetalandet
926 2025 44 23 av
999 2013 156 46 oguldra
1183 2012 289 47 grundavgifter.
1530 2013 19 35 I
1578 2014 100 34 detta
1706 2014 179 34 avseende
1911 2013 73 36 kan

382 2065 241 46 ifrågasättas,
654 2078 56 22 om
740 2065 32 47 ej
804 2066 246 47 arbetsgivare
1078 2067 111 34 borde
1217 2067 146 46 åläggas
1384 2065 210 48 skyldighet
1614 2070 53 31 att
1687 2066 146 47 erlägga
1853 2068 130 44 grund-

383 2119 203 46 avgifterna
615 2118 56 36 för
699 2118 81 36 sina
808 2120 162 35 arbetare
999 2121 67 34 och
1093 2119 140 48 tjänare
1263 2121 82 34 med
1373 2126 71 29 rätt
1473 2120 55 35 för
1556 2120 81 35 dem
1672 2124 53 31 att
1758 2120 121 36 därför
1898 2126 86 42 göra

383 2173 135 43 avdrag
546 2175 20 32 å
594 2173 122 35 dessas
746 2172 275 36 löneförmåner.

490 2226 232 35 Beträffande
766 2224 181 48 sjöfolket,
979 2239 76 22 som
1083 2226 13 35 i
1125 2229 75 32 stor
1241 2226 258 47 utsträckning
1540 2226 203 35 uraktlåter
1784 2230 53 32 att
1865 2227 119 34 betala

384 2278 287 47 grundavgifter,
702 2279 104 35 torde
836 2279 125 36 kunna
980 2280 244 46 ifrågasättas,
1247 2280 181 35 huruvida
1447 2280 30 47 ej
1500 2280 206 35 rederierna
1726 2280 112 35 borde
1859 2280 125 34 kunna

1501 2374 10 27 ;
