2254 2622
377 211 19 28 8
890 211 255 29 Bankoutskottets
1167 212 152 30 memorial
1346 213 46 28 Nr
1417 214 53 27 86.

373 289 192 37 förordnas
594 288 57 37 för
678 290 127 47 tillsyn
825 294 86 31 över
941 290 147 36 kassans
1121 290 244 45 verksamhet,
1398 295 53 32 att
1477 291 241 49 medgivande
1756 293 56 35 till
1840 301 158 41 pantens

372 342 238 37 användande
639 343 95 36 skall
762 343 141 36 lämnas
932 356 46 23 av
1008 344 140 47 Kungl.
1179 343 122 49 Maj:ts
1336 345 395 47 befallningshavande
1773 347 12 34 i
1827 347 61 36 det
1921 349 74 44 län,

373 397 63 35 där
476 397 286 36 centralkassans
800 397 148 48 styrelse
991 397 65 35 har
1093 397 64 36 sitt
1185 401 85 41 säte,
1301 398 125 36 därvid
1455 399 117 35 tillika
1600 399 104 36 skola
1734 399 180 37 meddelas
1942 414 55 23 er-

371 449 199 49 forderliga
598 451 229 35 föreskrifter
854 450 187 49 angående
1071 453 109 34 sättet
1213 451 56 35 för
1305 455 153 44 pantens
1488 452 324 48 tillgodogörande
1840 455 67 34 och
1938 453 59 37 för

372 504 210 48 därigenom
620 504 156 35 influtna
810 504 137 36 medeis
997 504 208 48 fördelning
1251 505 133 35 mellan
1430 506 331 47 fordringsägarna,
1810 511 51 31 att
1906 508 91 36 riks-

371 558 276 47 gäldskontoret
694 557 261 49 ofördröjligen
994 558 243 44 underrättas,
1281 557 45 36 då
1368 558 123 49 dylikt
1537 558 240 49 medgivande
1823 561 171 44 lämnats,

372 615 93 32 samt
502 615 52 32 att
595 611 291 48 obligationerna
924 610 127 36 därvid
1084 610 116 37 tillika
1228 612 13 35 i
1271 612 113 36 första
1410 611 101 37 hand
1548 612 216 48 hembjudas
1801 614 195 48 riksgälds-

368 665 172 36 kontoret
563 664 59 36 till
649 665 152 36 inlösen.

485 720 36 34 4.
571 718 119 36 Sedan
718 718 353 47 riksgäldskontoret
1098 718 148 47 jämlikt
1283 719 100 36 1918
1414 721 57 33 års
1499 719 152 48 lagtima
1679 720 164 47 riksdags
1871 721 123 35 beslut

377 772 290 36 tillhandahållit
696 772 161 35 Svenska
876 771 462 48 kronkreditaktiebolaget
1358 774 119 34 såsom
1494 774 235 46 garantifond
1753 774 239 45 10,000,000

374 825 137 36 kronor
548 826 12 34 i
589 838 44 22 av
661 825 155 36 svenska
844 827 118 34 staten
991 825 154 47 utgivna
1176 827 20 34 5
1227 827 167 45 procents
1423 826 252 48 obligationer,
1708 827 65 35 har
1805 828 100 35 1918
1937 829 57 34 års

371 879 136 35 urtima
549 879 148 47 riksdag
730 879 240 48 bemyndigat
1012 878 350 48 riksgäldskontoret
1404 881 56 33 att
1488 880 58 35 för
1574 880 157 48 höjning
1759 892 44 23 av
1831 881 161 35 nämnda

372 932 92 35 fond
505 932 279 36 tillhandahålla
825 932 148 48 bolaget
1016 932 133 35 sådana
1178 932 241 47 obligationer
1447 933 60 35 till
1536 933 142 48 belopp,
1705 946 78 23 som
1811 934 181 35 erfordras

371 986 58 35 för
458 986 140 47 ökning
626 999 45 22 av
700 986 163 47 bolagets
892 986 308 48 upplåningsrätt,
1215 985 116 36 under
1345 986 269 48 förutsättning
1630 990 54 33 att
1700 986 163 49 bolagets
1879 988 114 35 aktie-

371 1039 144 48 kapital
543 1040 86 35 ökas
657 1040 59 35 till
740 1052 135 23 samma
904 1039 133 48 belopp
1066 1051 77 23 som
1172 1037 293 49 garantifonden.

1122 1165 22 45 8
1179 1165 59 35 14.

484 1254 33 35 1.
549 1253 69 35 Om
643 1253 134 36 sådana
797 1253 343 47 statsobligationer,
1168 1254 12 34 1
1205 1254 99 35 vilka
1330 1255 121 46 någon
1468 1254 84 43 viss,
1578 1254 209 47 ovillkorlig
1802 1255 193 35 återbetal-

371 1310 93 45 ning
491 1307 154 35 medelst
674 1307 92 47 årlig
794 1307 222 48 amortering
1045 1308 31 46 ej
1107 1307 108 36 blivit
1243 1320 44 23 av
1316 1309 120 34 staten
1466 1307 126 44 utfäst,
1623 1307 110 35 varda
1757 1320 44 22 av
1821 1308 172 35 fullmäk-

371 1362 77 47 tige
476 1361 13 34 i
517 1361 353 47 riksgäldskontoret
911 1360 205 44 utfärdade,
1155 1360 102 36 skola
1294 1361 232 47 fullmäktige
1562 1363 138 33 snarast
1728 1361 147 48 möjligt
1902 1365 91 43 göra

371 1414 272 47 framställning
684 1414 59 35 till
779 1414 195 47 riksdagen
1003 1426 60 23 om
1091 1414 196 35 anvisande
1317 1416 20 33 å
1365 1414 197 35 riksstaten
1589 1414 116 35 under
1733 1414 83 35 titel
1849 1415 144 47 »Utgif-

370 1471 57 33 ter
471 1469 57 34 för
569 1468 290 47 kapitalökning.
917 1467 252 47 Avbetalning
1209 1469 20 33 å
1271 1467 268 35 statsskulden»
1581 1478 45 23 av
1659 1466 45 35 de
1732 1467 128 45 medel,
1892 1468 101 35 vilka

370 1522 88 35 böra
487 1522 138 46 årligen
653 1522 157 34 avsättas
837 1520 59 35 till
924 1520 138 35 fonden
1090 1520 57 35 för
1174 1519 263 36 statsskuldens
1465 1520 234 47 amortering.

483 1576 33 35 2.
575 1574 20 34 I
624 1573 177 36 avseende
829 1575 47 46 på
904 1573 372 47 riksgäldskontorets
1295 1573 157 44 skulder,
1471 1586 60 23 om
1549 1573 99 35 vilka
1662 1573 189 36 kontorets
1865 1574 128 36 räken-

371 1628 131 48 skaper
521 1628 68 35 och
606 1627 219 47 handlingar
842 1627 123 35 lämna
984 1626 216 47 fullständig
1218 1627 238 48 upplysning,
1473 1627 88 34 böra
1575 1627 13 34 i
1605 1627 121 47 övrigt
1740 1627 44 35 de
1804 1627 185 36 föreskrif-

370 1684 66 41 ter,
467 1694 78 23 som
575 1684 60 32 äro
664 1681 151 47 intagna
843 1680 56 36 uti
930 1680 45 35 de
1004 1680 62 34 vid
1095 1680 216 47 föregående
1339 1679 189 48 riksdagar
1555 1680 58 35 för
1641 1680 351 47 riksgäldskontoret

371 1734 192 36 utfärdade
590 1734 260 47 reglementen,
882 1734 12 34 i
923 1733 45 35 de
998 1733 110 44 delar,
1139 1746 136 22 samma
1302 1734 228 35 föreskrifter
1558 1737 99 31 ännu
1681 1734 79 35 icke
1780 1734 107 36 blivit
1907 1735 85 35 full-

371 1788 141 48 gjorda,
543 1787 225 36 fortfarande
796 1787 101 47 tjäna
925 1787 59 35 till
1004 1787 250 36 efterrättelse.

481 1842 35 34 3.
565 1841 77 35 Där
669 1840 322 49 preskriptionstid
1020 1841 14 34 i
1062 1840 175 36 avseende
1266 1842 46 46 på
1340 1842 123 45 någon
1493 1840 152 35 särskild
1665 1840 59 35 del
1738 1853 46 22 av
1798 1841 194 47 riksgälds-

371 1895 190 35 kontorets
584 1894 147 36 skulder
759 1894 79 35 icke
867 1894 109 35 blivit
1004 1893 164 47 stadgad,
1199 1894 100 35 skola
1318 1893 206 44 skulderna,
1546 1893 98 36 intill
1664 1893 80 36 dess
1763 1894 229 35 annorlunda

372 1948 199 45 förordnas,
602 1948 13 34 i
642 1947 229 48 vederbörlig
899 1947 159 47 ordning
1085 1947 206 45 likvideras,
1321 1949 89 33 utan
1439 1947 177 35 avseende
1644 1948 20 34 å
1692 1946 72 36 den
1791 1947 66 44 tid,
1887 1948 103 34 inom

371 2001 125 36 vilken
538 2001 208 47 fordringar
783 2001 66 35 hos
888 2000 164 36 enskilda
1091 2000 87 36 eller
1215 2001 66 35 hos
1309 2000 142 47 Kungl.
1483 2000 111 47 Maj:t
1622 2000 68 35 och
1719 2000 140 36 kronan
1888 2001 102 36 skola

371 2068 51 22 nu
452 2055 87 35 eller
567 2054 195 36 framdeles
790 2058 105 44 göras
922 2054 181 47 gällande.

480 2110 35 34 4.
546 2108 59 35 Då
634 2120 26 23 s.
691 2107 37 37 k.
758 2107 297 48 riksgäldssedlar
1083 2108 13 34 i
1123 2107 351 48 riksgäldskontoret
1501 2107 59 36 till
1588 2107 140 35 inlösen
1751 2108 144 44 företes,
1923 2111 67 44 äga

369 2162 235 46 fullmäktige
633 2163 65 42 att,
730 2161 120 35 därest
877 2161 165 36 sedlarna
1070 2161 161 36 befinnas
1258 2161 145 47 riktiga,
1435 2160 183 36 desamma
1646 2160 121 36 infria.

481 2216 34 36 5.
546 2214 248 48 Fullmäktige
819 2216 70 42 må,
910 2217 66 32 när
995 2214 129 36 sådant
1143 2214 78 35 icke
1240 2214 58 35 för
1316 2213 353 48 riksgäldskontoret
1688 2214 142 35 medför
1845 2214 145 47 olägen-

370 2269 74 43 het,
490 2269 125 35 kunna
658 2268 170 47 medgiva
870 2267 208 37 omedelbar
1119 2268 140 35 inlösen
1301 2268 14 34 i
1355 2267 353 47 riksgäldskontoret
1740 2280 45 22 av
1817 2268 173 35 förfallna
