1904 2806
273 143 19 30 4
682 150 117 31 Andra
819 151 236 35 lagutskottets
1077 153 177 31 utlåtande
1275 154 48 30 Nr
1348 156 29 30 3.

276 241 57 22 om
352 233 108 30 redan
482 233 135 37 ingivits
637 234 51 30 till
712 234 121 37 Kungl.
855 235 102 37 Maj:t
980 240 87 27 samt
1087 236 265 38 ifrågavarande
1375 238 170 37 spörsmål
1568 239 148 32 sålunda
1739 242 37 29 är

277 282 144 32 föremål
444 283 56 31 för
523 285 248 37 övervägande,
794 286 62 30 har
879 287 166 30 utskottet
1068 287 76 31 icke
1169 287 116 32 funnit
1310 289 49 37 sig
1382 290 86 29 böra
1494 291 80 36 göra
1599 290 104 37 något
1729 292 46 29 vi-

275 334 80 30 dare
374 334 179 31 uttalande
574 335 9 30 i
604 335 114 31 denna
739 336 64 30 del.

320 384 114 31 Under
454 383 219 39 åberopande
695 395 43 21 av
759 387 65 29 vad
844 385 147 32 sålunda
1013 388 132 30 anförts
1167 387 55 32 får
1243 390 164 30 utskottet
1429 391 191 35 hemställa,

624 462 37 30 A.
687 464 50 28 att
767 462 227 31 förevarande
1023 464 214 36 proposition
1266 464 104 31 måtte
1400 466 139 31 bifallas
1569 476 42 21 av
1641 467 133 31 riksda-

582 519 75 29 gen;
685 515 91 28 samt

624 562 37 31 B.
687 565 50 28 att
757 563 215 31 motionerna
993 564 27 30 I:
1044 565 59 29 104
1124 565 66 30 och
1211 566 45 29 II:
1278 566 41 30 93
1340 565 105 32 måtte
1466 576 99 22 anses
1585 568 190 31 besvarade

581 620 122 30 genom
722 614 67 30 vad
806 614 165 31 utskottet
989 615 108 30 under
1115 615 37 30 A.
1172 615 183 31 hemställt.

316 712 200 31 Stockholm
539 714 64 29 den
626 715 39 29 27
690 714 152 31 februari
866 715 94 30 1941.

696 831 48 32 På
786 833 108 30 andra
915 833 238 36 lagutskottets
1175 835 142 36 vägnar:

836 916 138 31 DAVID
1000 916 198 32 NORMAN.

302 1121 52 25 Vid
372 1123 133 24 ärendets
523 1122 173 34 behandling
715 1124 73 25 hava
807 1125 136 25 närvarit:

301 1172 63 25 från
387 1173 137 25 första
548 1174 178 25 kammaren:
752 1175 97 25 herrar
872 1175 137 31 Norman,
1034 1176 110 31 Linder,
1173 1177 107 31 Tamm,
1305 1178 74 30 Sten,
1407 1179 152 30 Wistrand,
1585 1175 184 39 Holstenson,

264 1214 129 26 Näslund
411 1217 55 24 och
484 1216 194 32 Söderkvist";
697 1220 74 22 samt

299 1266 64 25 från
394 1274 35 17 an
450 1267 60 25 dra
528 1267 177 26 kammaren:
726 1268 98 25 herrar
845 1269 87 31 Hage,
953 1269 161 25 Pettersson
1137 1271 8 24 i
1167 1270 183 31 Hällbacken,
1370 1271 150 26 Molander
1540 1273 8 24 i
1569 1269 199 38 Härnösand”,

264 1309 204 31 Hermansson,
491 1309 166 32 Barnekow,
681 1310 125 32 Hagård,
829 1311 152 32 Lundgren
1005 1313 52 24 och
1078 1312 108 32 Norup.

299 1386 13 15 +
334 1385 33 33 Ej
387 1387 180 25 närvarande
589 1387 45 25 vid
659 1387 172 26 utlåtandets
853 1388 147 32 justering.

439 2431 181 29 Stockholm
642 2433 85 28 1941.
760 2434 107 35 Kungl
889 2435 232 36 Boktryckeriet
1143 2436 31 28 P.
1197 2437 31 27 A.
1252 2436 142 29 Norstedt
1417 2439 23 26 &
1462 2438 104 28 Söner.

959 2486 98 20 410815
