<?xml version="1.0" encoding="UTF-8"?>
<alto xmlns="http://www.loc.gov/standards/alto/ns-v3#" xmlns:xlink="http://www.w3.org/1999/xlink" xmlns:xsi="http://www.w3.org/2001/XMLSchema-instance" xsi:schemaLocation="http://www.loc.gov/standards/alto/ns-v3# http://www.loc.gov/alto/v3/alto-3-0.xsd">
	<Description>
		<MeasurementUnit>pixel</MeasurementUnit>
		<sourceImageInformation>
			<fileName>/tmp/tess_ugw5f7gz_input.PNG</fileName>
		</sourceImageInformation>
		<OCRProcessing ID="OCR_0">
			<ocrProcessingStep>
				<processingSoftware>
					<softwareName>tesseract 5.3.0</softwareName>
				</processingSoftware>
			</ocrProcessingStep>
		</OCRProcessing>
	</Description>
	<Layout>
		<Page WIDTH="2236" HEIGHT="2634" PHYSICAL_IMG_NR="0" ID="page_0">
			<PrintSpace HPOS="0" VPOS="0" WIDTH="2236" HEIGHT="2634">
				<ComposedBlock ID="cblock_0" HPOS="215" VPOS="565" WIDTH="139" HEIGHT="71">
					<TextBlock ID="block_0" HPOS="215" VPOS="565" WIDTH="139" HEIGHT="71">
						<TextLine ID="line_0" HPOS="219" VPOS="565" WIDTH="135" HEIGHT="29">
							<String ID="string_0" HPOS="219" VPOS="565" WIDTH="135" HEIGHT="29" WC="0.83" CONTENT="Utländskt"/>
						</TextLine>
						<TextLine ID="line_1" HPOS="215" VPOS="601" WIDTH="135" HEIGHT="35">
							<String ID="string_1" HPOS="215" VPOS="601" WIDTH="135" HEIGHT="35" WC="0.95" CONTENT="guldmynt."/>
						</TextLine>
					</TextBlock>
				</ComposedBlock>
				<ComposedBlock ID="cblock_1" HPOS="228" VPOS="1063" WIDTH="134" HEIGHT="68">
					<TextBlock ID="block_1" HPOS="228" VPOS="1063" WIDTH="134" HEIGHT="68">
						<TextLine ID="line_2" HPOS="228" VPOS="1063" WIDTH="134" HEIGHT="32">
							<String ID="string_2" HPOS="228" VPOS="1063" WIDTH="134" HEIGHT="32" WC="0.53" CONTENT="Omyntadt"/>
						</TextLine>
						<TextLine ID="line_3" HPOS="260" VPOS="1097" WIDTH="70" HEIGHT="34">
							<String ID="string_3" HPOS="260" VPOS="1097" WIDTH="70" HEIGHT="34" WC="0.96" CONTENT="guld."/>
						</TextLine>
					</TextBlock>
				</ComposedBlock>
				<ComposedBlock ID="cblock_2" HPOS="376" VPOS="201" WIDTH="1077" HEIGHT="50">
					<TextBlock ID="block_2" HPOS="376" VPOS="201" WIDTH="1077" HEIGHT="50">
						<TextLine ID="line_4" HPOS="376" VPOS="201" WIDTH="1077" HEIGHT="50">
							<String ID="string_4" HPOS="376" VPOS="221" WIDTH="19" HEIGHT="30" WC="0.96" CONTENT="8"/><SP WIDTH="503" VPOS="221" HPOS="395"/>
							<String ID="string_5" HPOS="898" VPOS="210" WIDTH="253" HEIGHT="30" WC="0.91" CONTENT="Bankoutskottets"/><SP WIDTH="23" VPOS="210" HPOS="1151"/>
							<String ID="string_6" HPOS="1174" VPOS="203" WIDTH="157" HEIGHT="32" WC="0.96" CONTENT="Memorial"/><SP WIDTH="21" VPOS="203" HPOS="1331"/>
							<String ID="string_7" HPOS="1352" VPOS="201" WIDTH="50" HEIGHT="31" WC="0.96" CONTENT="Nr"/><SP WIDTH="23" VPOS="201" HPOS="1402"/>
							<String ID="string_8" HPOS="1425" VPOS="203" WIDTH="28" HEIGHT="26" WC="0.95" CONTENT="1."/>
						</TextLine>
					</TextBlock>
				</ComposedBlock>
				<ComposedBlock ID="cblock_3" HPOS="384" VPOS="445" WIDTH="1622" HEIGHT="705">
					<TextBlock ID="block_3" HPOS="483" VPOS="445" WIDTH="1151" HEIGHT="157">
						<TextLine ID="line_5" HPOS="1146" VPOS="445" WIDTH="81" HEIGHT="49">
							<String ID="string_9" HPOS="1146" VPOS="445" WIDTH="19" HEIGHT="49" WC="0.89" CONTENT="$"/><SP WIDTH="28" VPOS="445" HPOS="1165"/>
							<String ID="string_10" HPOS="1193" VPOS="450" WIDTH="34" HEIGHT="33" WC="0.95" CONTENT="7."/>
						</TextLine>
						<TextLine ID="line_6" HPOS="483" VPOS="540" WIDTH="1165" HEIGHT="106">
							<String ID="string_11" HPOS="483" VPOS="561" WIDTH="256" HEIGHT="38" WC="0.96" CONTENT="Riksbankens"/><SP WIDTH="27" VPOS="561" HPOS="739"/>
							<String ID="string_12" HPOS="766" VPOS="552" WIDTH="160" HEIGHT="94" WC="0.94" CONTENT="tillgång"/><SP WIDTH="24" VPOS="552" HPOS="926"/>
							<String ID="string_13" HPOS="950" VPOS="552" WIDTH="40" HEIGHT="37" WC="0.96" CONTENT="af"/><SP WIDTH="24" VPOS="552" HPOS="990"/>
							<String ID="string_14" HPOS="1014" VPOS="549" WIDTH="191" HEIGHT="38" WC="0.95" CONTENT="utländskt"/><SP WIDTH="28" VPOS="549" HPOS="1205"/>
							<String ID="string_15" HPOS="1233" VPOS="545" WIDTH="209" HEIGHT="89" WC="0.85" CONTENT="guldmynt"/><SP WIDTH="8" VPOS="545" HPOS="1442"/>
							<String ID="string_16" HPOS="1450" VPOS="540" WIDTH="198" HEIGHT="88" WC="0.86" CONTENT="utgjorde:"/>
						</TextLine>
					</TextBlock>
					<TextBlock ID="block_4" HPOS="384" VPOS="586" WIDTH="1610" HEIGHT="182">
						<TextLine ID="line_7" HPOS="384" VPOS="586" WIDTH="1608" HEIGHT="65">
							<String ID="string_17" HPOS="384" VPOS="614" WIDTH="64" HEIGHT="37" WC="0.96" CONTENT="vid"/><SP WIDTH="29" VPOS="614" HPOS="448"/>
							<String ID="string_18" HPOS="477" VPOS="613" WIDTH="97" HEIGHT="36" WC="0.95" CONTENT="1910"/><SP WIDTH="28" VPOS="613" HPOS="574"/>
							<String ID="string_19" HPOS="602" VPOS="614" WIDTH="57" HEIGHT="33" WC="0.95" CONTENT="års"/><SP WIDTH="28" VPOS="614" HPOS="659"/>
							<String ID="string_20" HPOS="687" VPOS="611" WIDTH="105" HEIGHT="34" WC="0.82" CONTENT="slut..."/><SP WIDTH="142" VPOS="611" HPOS="792"/>
							<String ID="string_21" HPOS="934" VPOS="636" WIDTH="26" HEIGHT="4" WC="0.5" CONTENT="25"/><SP WIDTH="256" VPOS="636" HPOS="960"/>
							<String ID="string_22" HPOS="1216" VPOS="628" WIDTH="14" HEIGHT="4" WC="0.0" CONTENT="-"/><SP WIDTH="370" VPOS="628" HPOS="1230"/>
							<String ID="string_23" HPOS="1600" VPOS="591" WIDTH="50" HEIGHT="34" WC="0.88" CONTENT="kr."/><SP WIDTH="30" VPOS="591" HPOS="1650"/>
							<String ID="string_24" HPOS="1680" VPOS="586" WIDTH="234" HEIGHT="46" WC="0.89" CONTENT="28,218,027:"/><SP WIDTH="32" VPOS="586" HPOS="1914"/>
							<String ID="string_25" HPOS="1946" VPOS="586" WIDTH="46" HEIGHT="34" WC="0.95" CONTENT="29"/>
						</TextLine>
						<TextLine ID="line_8" HPOS="384" VPOS="629" WIDTH="1609" HEIGHT="77">
							<String ID="string_26" HPOS="384" VPOS="629" WIDTH="70" HEIGHT="72" WC="0.96" CONTENT="och"/><SP WIDTH="28" VPOS="629" HPOS="454"/>
							<String ID="string_27" HPOS="482" VPOS="663" WIDTH="62" HEIGHT="36" WC="0.96" CONTENT="vid"/><SP WIDTH="28" VPOS="663" HPOS="544"/>
							<String ID="string_28" HPOS="572" VPOS="661" WIDTH="82" HEIGHT="36" WC="0.96" CONTENT="dess"/><SP WIDTH="25" VPOS="661" HPOS="654"/>
							<String ID="string_29" HPOS="679" VPOS="640" WIDTH="145" HEIGHT="66" WC="0.63" CONTENT="början."/><SP WIDTH="12" VPOS="640" HPOS="824"/>
							<String ID="string_30" HPOS="836" VPOS="686" WIDTH="206" HEIGHT="6" WC="0.0" CONTENT="ORSA"/><SP WIDTH="110" VPOS="686" HPOS="1042"/>
							<String ID="string_31" HPOS="1152" VPOS="678" WIDTH="138" HEIGHT="8" WC="0.0" CONTENT="ester"/><SP WIDTH="42" VPOS="678" HPOS="1290"/>
							<String ID="string_32" HPOS="1332" VPOS="678" WIDTH="34" HEIGHT="4" WC="0.0" CONTENT="adrsena"/><SP WIDTH="88" VPOS="678" HPOS="1366"/>
							<String ID="string_33" HPOS="1454" VPOS="674" WIDTH="50" HEIGHT="4" WC="0.44" CONTENT="ooo"/><SP WIDTH="116" VPOS="674" HPOS="1504"/>
							<String ID="string_34" HPOS="1620" VPOS="653" WIDTH="15" HEIGHT="16" WC="0.71" CONTENT="&gt;"/><SP WIDTH="46" VPOS="653" HPOS="1635"/>
							<String ID="string_35" HPOS="1681" VPOS="636" WIDTH="234" HEIGHT="45" WC="0.85" CONTENT="27,444,169:"/><SP WIDTH="30" VPOS="636" HPOS="1915"/>
							<String ID="string_36" HPOS="1945" VPOS="635" WIDTH="48" HEIGHT="34" WC="0.96" CONTENT="43"/>
						</TextLine>
						<TextLine ID="line_9" HPOS="387" VPOS="682" WIDTH="1607" HEIGHT="91">
							<String ID="string_37" HPOS="387" VPOS="731" WIDTH="140" HEIGHT="37" WC="0.94" CONTENT="således"/><SP WIDTH="29" VPOS="731" HPOS="527"/>
							<String ID="string_38" HPOS="556" VPOS="742" WIDTH="45" HEIGHT="23" WC="0.96" CONTENT="en"/><SP WIDTH="28" VPOS="742" HPOS="601"/>
							<String ID="string_39" HPOS="629" VPOS="726" WIDTH="138" HEIGHT="47" WC="0.96" CONTENT="ökning"/><SP WIDTH="28" VPOS="726" HPOS="767"/>
							<String ID="string_40" HPOS="795" VPOS="723" WIDTH="118" HEIGHT="36" WC="0.96" CONTENT="under"/><SP WIDTH="28" VPOS="723" HPOS="913"/>
							<String ID="string_41" HPOS="941" VPOS="724" WIDTH="79" HEIGHT="32" WC="0.96" CONTENT="året"/><SP WIDTH="27" VPOS="724" HPOS="1020"/>
							<String ID="string_42" HPOS="1047" VPOS="682" WIDTH="117" HEIGHT="72" WC="0.72" CONTENT="med."/><SP WIDTH="88" VPOS="682" HPOS="1164"/>
							<String ID="string_43" HPOS="1252" VPOS="746" WIDTH="58" HEIGHT="4" WC="0.5" CONTENT="rag"/><SP WIDTH="98" VPOS="746" HPOS="1310"/>
							<String ID="string_44" HPOS="1408" VPOS="740" WIDTH="162" HEIGHT="6" WC="0.31" CONTENT="sen"/><SP WIDTH="29" VPOS="740" HPOS="1570"/>
							<String ID="string_45" HPOS="1599" VPOS="709" WIDTH="53" HEIGHT="34" WC="0.19" CONTENT="KIA"/><SP WIDTH="95" VPOS="709" HPOS="1652"/>
							<String ID="string_46" HPOS="1747" VPOS="704" WIDTH="170" HEIGHT="44" WC="0.90" CONTENT="773,857:"/><SP WIDTH="31" VPOS="704" HPOS="1917"/>
							<String ID="string_47" HPOS="1948" VPOS="703" WIDTH="46" HEIGHT="34" WC="0.96" CONTENT="86"/>
						</TextLine>
					</TextBlock>
					<TextBlock ID="block_5" HPOS="398" VPOS="938" WIDTH="1608" HEIGHT="212">
						<TextLine ID="line_10" HPOS="1161" VPOS="938" WIDTH="68" HEIGHT="49">
							<String ID="string_48" HPOS="1161" VPOS="938" WIDTH="19" HEIGHT="49" WC="0.34" CONTENT="$"/><SP WIDTH="28" VPOS="938" HPOS="1180"/>
							<String ID="string_49" HPOS="1208" VPOS="942" WIDTH="21" HEIGHT="34" WC="0.34" CONTENT="8"/>
						</TextLine>
						<TextLine ID="line_11" HPOS="495" VPOS="1033" WIDTH="1089" HEIGHT="97">
							<String ID="string_50" HPOS="495" VPOS="1053" WIDTH="255" HEIGHT="38" WC="0.95" CONTENT="Riksbankens"/><SP WIDTH="26" VPOS="1053" HPOS="750"/>
							<String ID="string_51" HPOS="776" VPOS="1051" WIDTH="159" HEIGHT="46" WC="0.95" CONTENT="tillgång"/><SP WIDTH="27" VPOS="1051" HPOS="935"/>
							<String ID="string_52" HPOS="962" VPOS="1045" WIDTH="40" HEIGHT="37" WC="0.96" CONTENT="af"/><SP WIDTH="-20" VPOS="1045" HPOS="1002"/>
							<String ID="string_53" HPOS="982" VPOS="1128" WIDTH="14" HEIGHT="2" WC="0.74" CONTENT="f"/><SP WIDTH="31" VPOS="1128" HPOS="996"/>
							<String ID="string_54" HPOS="1027" VPOS="1040" WIDTH="215" HEIGHT="90" WC="0.89" CONTENT="plantsguld"/><SP WIDTH="30" VPOS="1040" HPOS="1242"/>
							<String ID="string_55" HPOS="1272" VPOS="1120" WIDTH="26" HEIGHT="6" WC="0.33" CONTENT="bs"/><SP WIDTH="-29" VPOS="1120" HPOS="1298"/>
							<String ID="string_56" HPOS="1269" VPOS="1036" WIDTH="226" HEIGHT="40" WC="0.96" CONTENT="beräknades"/><SP WIDTH="27" VPOS="1036" HPOS="1495"/>
							<String ID="string_57" HPOS="1522" VPOS="1033" WIDTH="62" HEIGHT="37" WC="0.96" CONTENT="vid"/>
						</TextLine>
						<TextLine ID="line_12" HPOS="398" VPOS="1077" WIDTH="1608" HEIGHT="73">
							<String ID="string_58" HPOS="398" VPOS="1108" WIDTH="96" HEIGHT="35" WC="0.96" CONTENT="1910"/><SP WIDTH="29" VPOS="1108" HPOS="494"/>
							<String ID="string_59" HPOS="523" VPOS="1108" WIDTH="59" HEIGHT="33" WC="0.96" CONTENT="års"/><SP WIDTH="26" VPOS="1108" HPOS="582"/>
							<String ID="string_60" HPOS="608" VPOS="1104" WIDTH="131" HEIGHT="46" WC="0.96" CONTENT="början"/><SP WIDTH="25" VPOS="1104" HPOS="739"/>
							<String ID="string_61" HPOS="764" VPOS="1101" WIDTH="58" HEIGHT="35" WC="0.87" CONTENT="till"/><SP WIDTH="46" VPOS="1101" HPOS="822"/>
							<String ID="string_62" HPOS="868" VPOS="1128" WIDTH="104" HEIGHT="6" WC="0.7" CONTENT="-...."/><SP WIDTH="628" VPOS="1128" HPOS="972"/>
							<String ID="string_63" HPOS="1600" VPOS="1084" WIDTH="86" HEIGHT="34" WC="0.63" CONTENT="kr."/><SP WIDTH="31" VPOS="1084" HPOS="1686"/>
							<String ID="string_64" HPOS="1717" VPOS="1079" WIDTH="208" HEIGHT="46" WC="0.89" CONTENT="6,913,032:"/><SP WIDTH="31" VPOS="1079" HPOS="1925"/>
							<String ID="string_65" HPOS="1956" VPOS="1077" WIDTH="50" HEIGHT="35" WC="0.95" CONTENT="83"/>
						</TextLine>
					</TextBlock>
				</ComposedBlock>
				<ComposedBlock ID="cblock_4" HPOS="399" VPOS="1260" WIDTH="1609" HEIGHT="223">
					<TextBlock ID="block_6" HPOS="399" VPOS="1260" WIDTH="1609" HEIGHT="168">
						<TextLine ID="line_13" HPOS="500" VPOS="1260" WIDTH="1508" HEIGHT="76">
							<String ID="string_66" HPOS="500" VPOS="1290" WIDTH="73" HEIGHT="36" WC="0.96" CONTENT="Till"/><SP WIDTH="40" VPOS="1290" HPOS="573"/>
							<String ID="string_67" HPOS="613" VPOS="1286" WIDTH="91" HEIGHT="50" WC="0.96" CONTENT="guld"/><SP WIDTH="38" VPOS="1286" HPOS="704"/>
							<String ID="string_68" HPOS="742" VPOS="1286" WIDTH="13" HEIGHT="34" WC="0.93" CONTENT="i"/><SP WIDTH="41" VPOS="1286" HPOS="755"/>
							<String ID="string_69" HPOS="796" VPOS="1281" WIDTH="181" HEIGHT="50" WC="0.92" CONTENT="omyntad"/><SP WIDTH="39" VPOS="1281" HPOS="977"/>
							<String ID="string_70" HPOS="1016" VPOS="1279" WIDTH="95" HEIGHT="36" WC="0.96" CONTENT="form"/><SP WIDTH="28" VPOS="1279" HPOS="1111"/>
							<String ID="string_71" HPOS="1139" VPOS="1275" WIDTH="173" HEIGHT="37" WC="0.96" CONTENT="hänföras"/><SP WIDTH="26" VPOS="1275" HPOS="1312"/>
							<String ID="string_72" HPOS="1338" VPOS="1274" WIDTH="14" HEIGHT="34" WC="0.96" CONTENT="i"/><SP WIDTH="26" VPOS="1274" HPOS="1352"/>
							<String ID="string_73" HPOS="1378" VPOS="1271" WIDTH="296" HEIGHT="45" WC="0.96" CONTENT="räkenskaperna"/><SP WIDTH="27" VPOS="1271" HPOS="1674"/>
							<String ID="string_74" HPOS="1701" VPOS="1265" WIDTH="78" HEIGHT="35" WC="0.96" CONTENT="dels"/><SP WIDTH="28" VPOS="1265" HPOS="1779"/>
							<String ID="string_75" HPOS="1807" VPOS="1261" WIDTH="93" HEIGHT="37" WC="0.96" CONTENT="efter"/><SP WIDTH="27" VPOS="1261" HPOS="1900"/>
							<String ID="string_76" HPOS="1927" VPOS="1260" WIDTH="81" HEIGHT="36" WC="0.96" CONTENT="vikt"/>
						</TextLine>
						<TextLine ID="line_14" HPOS="399" VPOS="1307" WIDTH="1608" HEIGHT="82">
							<String ID="string_77" HPOS="399" VPOS="1342" WIDTH="143" HEIGHT="47" WC="0.96" CONTENT="inköpt,"/><SP WIDTH="28" VPOS="1342" HPOS="542"/>
							<String ID="string_78" HPOS="570" VPOS="1339" WIDTH="79" HEIGHT="35" WC="0.93" CONTENT="icke"/><SP WIDTH="28" VPOS="1339" HPOS="649"/>
							<String ID="string_79" HPOS="677" VPOS="1334" WIDTH="206" HEIGHT="47" WC="0.92" CONTENT="fullviktigt"/><SP WIDTH="27" VPOS="1334" HPOS="883"/>
							<String ID="string_80" HPOS="910" VPOS="1329" WIDTH="191" HEIGHT="38" WC="0.96" CONTENT="utländskt"/><SP WIDTH="27" VPOS="1329" HPOS="1101"/>
							<String ID="string_81" HPOS="1128" VPOS="1326" WIDTH="212" HEIGHT="49" WC="0.96" CONTENT="guldmynt,"/><SP WIDTH="28" VPOS="1326" HPOS="1340"/>
							<String ID="string_82" HPOS="1368" VPOS="1321" WIDTH="77" HEIGHT="36" WC="0.96" CONTENT="dels"/><SP WIDTH="20" VPOS="1321" HPOS="1445"/>
							<String ID="string_83" HPOS="1465" VPOS="1321" WIDTH="68" HEIGHT="35" WC="0.93" CONTENT="ock"/><SP WIDTH="18" VPOS="1321" HPOS="1533"/>
							<String ID="string_84" HPOS="1551" VPOS="1318" WIDTH="183" HEIGHT="36" WC="0.92" CONTENT="karoliner"/><SP WIDTH="19" VPOS="1318" HPOS="1734"/>
							<String ID="string_85" HPOS="1753" VPOS="1314" WIDTH="69" HEIGHT="35" WC="0.96" CONTENT="och"/><SP WIDTH="18" VPOS="1314" HPOS="1822"/>
							<String ID="string_86" HPOS="1840" VPOS="1307" WIDTH="167" HEIGHT="57" WC="0.96" CONTENT="dukater,"/>
						</TextLine>
						<TextLine ID="line_15" HPOS="400" VPOS="1365" WIDTH="1396" HEIGHT="63">
							<String ID="string_87" HPOS="400" VPOS="1390" WIDTH="181" HEIGHT="38" WC="0.95" CONTENT="bokförda"/><SP WIDTH="27" VPOS="1390" HPOS="581"/>
							<String ID="string_88" HPOS="608" VPOS="1388" WIDTH="45" HEIGHT="36" WC="0.96" CONTENT="de"/><SP WIDTH="27" VPOS="1388" HPOS="653"/>
							<String ID="string_89" HPOS="680" VPOS="1386" WIDTH="99" HEIGHT="36" WC="0.96" CONTENT="förra"/><SP WIDTH="27" VPOS="1386" HPOS="779"/>
							<String ID="string_90" HPOS="806" VPOS="1363" WIDTH="93" HEIGHT="57" WC="0.96" CONTENT="efter"/><SP WIDTH="27" VPOS="1363" HPOS="899"/>
							<String ID="string_91" HPOS="926" VPOS="1383" WIDTH="53" HEIGHT="34" WC="0.96" CONTENT="kr."/><SP WIDTH="30" VPOS="1383" HPOS="979"/>
							<String ID="string_92" HPOS="1009" VPOS="1382" WIDTH="33" HEIGHT="33" WC="0.96" CONTENT="7:"/><SP WIDTH="30" VPOS="1382" HPOS="1042"/>
							<String ID="string_93" HPOS="1072" VPOS="1379" WIDTH="46" HEIGHT="35" WC="0.96" CONTENT="20"/><SP WIDTH="28" VPOS="1379" HPOS="1118"/>
							<String ID="string_94" HPOS="1146" VPOS="1377" WIDTH="68" HEIGHT="36" WC="0.96" CONTENT="och"/><SP WIDTH="29" VPOS="1377" HPOS="1214"/>
							<String ID="string_95" HPOS="1243" VPOS="1374" WIDTH="44" HEIGHT="36" WC="0.96" CONTENT="de"/><SP WIDTH="27" VPOS="1374" HPOS="1287"/>
							<String ID="string_96" HPOS="1314" VPOS="1385" WIDTH="127" HEIGHT="24" WC="0.96" CONTENT="senare"/><SP WIDTH="29" VPOS="1385" HPOS="1441"/>
							<String ID="string_97" HPOS="1470" VPOS="1369" WIDTH="95" HEIGHT="37" WC="0.96" CONTENT="efter"/><SP WIDTH="27" VPOS="1369" HPOS="1565"/>
							<String ID="string_98" HPOS="1592" VPOS="1369" WIDTH="52" HEIGHT="34" WC="0.95" CONTENT="kr."/><SP WIDTH="31" VPOS="1369" HPOS="1644"/>
							<String ID="string_99" HPOS="1675" VPOS="1368" WIDTH="32" HEIGHT="34" WC="0.96" CONTENT="8:"/><SP WIDTH="31" VPOS="1368" HPOS="1707"/>
							<String ID="string_100" HPOS="1738" VPOS="1365" WIDTH="58" HEIGHT="35" WC="0.96" CONTENT="40."/>
						</TextLine>
					</TextBlock>
					<TextBlock ID="block_7" HPOS="503" VPOS="1420" WIDTH="1071" HEIGHT="63">
						<TextLine ID="line_16" HPOS="503" VPOS="1420" WIDTH="1071" HEIGHT="63">
							<String ID="string_101" HPOS="503" VPOS="1441" WIDTH="115" HEIGHT="36" WC="0.93" CONTENT="Dessa"/><SP WIDTH="25" VPOS="1441" HPOS="618"/>
							<String ID="string_102" HPOS="643" VPOS="1436" WIDTH="257" HEIGHT="47" WC="0.89" CONTENT="behållningar"/><SP WIDTH="27" VPOS="1436" HPOS="900"/>
							<String ID="string_103" HPOS="927" VPOS="1428" WIDTH="172" HEIGHT="51" WC="0.95" CONTENT="utgjorde"/><SP WIDTH="26" VPOS="1428" HPOS="1099"/>
							<String ID="string_104" HPOS="1125" VPOS="1427" WIDTH="64" HEIGHT="36" WC="0.96" CONTENT="vid"/><SP WIDTH="30" VPOS="1427" HPOS="1189"/>
							<String ID="string_105" HPOS="1219" VPOS="1425" WIDTH="95" HEIGHT="36" WC="0.96" CONTENT="1910"/><SP WIDTH="28" VPOS="1425" HPOS="1314"/>
							<String ID="string_106" HPOS="1342" VPOS="1427" WIDTH="57" HEIGHT="32" WC="0.96" CONTENT="års"/><SP WIDTH="27" VPOS="1427" HPOS="1399"/>
							<String ID="string_107" HPOS="1426" VPOS="1420" WIDTH="148" HEIGHT="48" WC="0.96" CONTENT="början:"/>
						</TextLine>
					</TextBlock>
				</ComposedBlock>
				<ComposedBlock ID="cblock_5" HPOS="404" VPOS="1462" WIDTH="1609" HEIGHT="167">
					<TextBlock ID="block_8" HPOS="404" VPOS="1462" WIDTH="1609" HEIGHT="167">
						<TextLine ID="line_17" HPOS="404" VPOS="1462" WIDTH="1266" HEIGHT="106">
							<String ID="string_108" HPOS="404" VPOS="1491" WIDTH="191" HEIGHT="37" WC="0.96" CONTENT="utländskt"/><SP WIDTH="28" VPOS="1491" HPOS="595"/>
							<String ID="string_109" HPOS="623" VPOS="1462" WIDTH="254" HEIGHT="74" WC="0.92" CONTENT="underviktigt"/><SP WIDTH="-13" VPOS="1462" HPOS="877"/>
							<String ID="string_110" HPOS="864" VPOS="1566" WIDTH="12" HEIGHT="2" WC="0.34" CONTENT="t"/><SP WIDTH="31" VPOS="1566" HPOS="876"/>
							<String ID="string_111" HPOS="907" VPOS="1481" WIDTH="197" HEIGHT="87" WC="0.91" CONTENT="guldmynt"/><SP WIDTH="48" VPOS="1481" HPOS="1104"/>
							<String ID="string_112" HPOS="1152" VPOS="1508" WIDTH="82" HEIGHT="4" WC="0.19" CONTENT="äran"/><SP WIDTH="98" VPOS="1508" HPOS="1234"/>
							<String ID="string_113" HPOS="1332" VPOS="1474" WIDTH="86" HEIGHT="34" WC="0.57" CONTENT="kr."/><SP WIDTH="56" VPOS="1474" HPOS="1418"/>
							<String ID="string_114" HPOS="1474" VPOS="1471" WIDTH="122" HEIGHT="44" WC="0.84" CONTENT="3,289:"/><SP WIDTH="30" VPOS="1471" HPOS="1596"/>
							<String ID="string_115" HPOS="1626" VPOS="1469" WIDTH="44" HEIGHT="34" WC="0.96" CONTENT="68"/>
						</TextLine>
						<TextLine ID="line_18" HPOS="404" VPOS="1519" WIDTH="1268" HEIGHT="68">
							<String ID="string_116" HPOS="404" VPOS="1539" WIDTH="164" HEIGHT="48" WC="0.90" CONTENT="karoliner"/><SP WIDTH="24" VPOS="1539" HPOS="568"/>
							<String ID="string_117" HPOS="592" VPOS="1554" WIDTH="28" HEIGHT="21" WC="0.89" CONTENT=".."/><SP WIDTH="98" VPOS="1554" HPOS="620"/>
							<String ID="string_118" HPOS="718" VPOS="1568" WIDTH="36" HEIGHT="4" WC="0.23" CONTENT="on"/><SP WIDTH="368" VPOS="1568" HPOS="754"/>
							<String ID="string_119" HPOS="1122" VPOS="1556" WIDTH="216" HEIGHT="8" WC="0.21" CONTENT="on"/><SP WIDTH="48" VPOS="1556" HPOS="1338"/>
							<String ID="string_120" HPOS="1386" VPOS="1537" WIDTH="13" HEIGHT="15" WC="0.55" CONTENT="&gt;"/><SP WIDTH="52" VPOS="1537" HPOS="1399"/>
							<String ID="string_121" HPOS="1451" VPOS="1522" WIDTH="146" HEIGHT="43" WC="0.90" CONTENT="16,711:"/><SP WIDTH="30" VPOS="1522" HPOS="1597"/>
							<String ID="string_122" HPOS="1627" VPOS="1519" WIDTH="45" HEIGHT="34" WC="0.95" CONTENT="20"/>
						</TextLine>
						<TextLine ID="line_19" HPOS="407" VPOS="1545" WIDTH="1606" HEIGHT="84">
							<String ID="string_123" HPOS="407" VPOS="1593" WIDTH="155" HEIGHT="36" WC="0.68" CONTENT="dukater"/><SP WIDTH="30" VPOS="1593" HPOS="562"/>
							<String ID="string_124" HPOS="592" VPOS="1618" WIDTH="128" HEIGHT="8" WC="0.15" CONTENT="..........."/><SP WIDTH="176" VPOS="1618" HPOS="720"/>
							<String ID="string_125" HPOS="896" VPOS="1616" WIDTH="70" HEIGHT="2" WC="0.6" CONTENT="ORTEN"/><SP WIDTH="32" VPOS="1616" HPOS="966"/>
							<String ID="string_126" HPOS="998" VPOS="1610" WIDTH="204" HEIGHT="6" WC="0.0" CONTENT="arean"/><SP WIDTH="44" VPOS="1610" HPOS="1202"/>
							<String ID="string_127" HPOS="1246" VPOS="1606" WIDTH="82" HEIGHT="6" WC="0.0" CONTENT="kurs"/><SP WIDTH="56" VPOS="1606" HPOS="1328"/>
							<String ID="string_128" HPOS="1384" VPOS="1586" WIDTH="15" HEIGHT="16" WC="0.14" CONTENT="I"/><SP WIDTH="76" VPOS="1586" HPOS="1399"/>
							<String ID="string_129" HPOS="1475" VPOS="1545" WIDTH="123" HEIGHT="73" WC="0.91" CONTENT="8,828:"/><SP WIDTH="30" VPOS="1545" HPOS="1598"/>
							<String ID="string_130" HPOS="1628" VPOS="1569" WIDTH="47" HEIGHT="34" WC="0.95" CONTENT="40"/><SP WIDTH="28" VPOS="1569" HPOS="1675"/>
							<String ID="string_131" HPOS="1703" VPOS="1575" WIDTH="54" HEIGHT="35" WC="0.93" CONTENT="kr."/><SP WIDTH="31" VPOS="1575" HPOS="1757"/>
							<String ID="string_132" HPOS="1788" VPOS="1572" WIDTH="148" HEIGHT="44" WC="0.90" CONTENT="28,829:"/><SP WIDTH="31" VPOS="1572" HPOS="1936"/>
							<String ID="string_133" HPOS="1967" VPOS="1570" WIDTH="46" HEIGHT="34" WC="0.95" CONTENT="28"/>
						</TextLine>
					</TextBlock>
				</ComposedBlock>
				<GraphicalElement ID="cblock_6" HPOS="1280" VPOS="1618" WIDTH="342" HEIGHT="9"></GraphicalElement >
				<ComposedBlock ID="cblock_7" HPOS="410" VPOS="1761" WIDTH="529" HEIGHT="44">
					<TextBlock ID="block_9" HPOS="410" VPOS="1761" WIDTH="529" HEIGHT="44">
						<TextLine ID="line_20" HPOS="410" VPOS="1761" WIDTH="529" HEIGHT="44">
							<String ID="string_134" HPOS="410" VPOS="1769" WIDTH="69" HEIGHT="36" WC="0.96" CONTENT="och"/><SP WIDTH="28" VPOS="1769" HPOS="479"/>
							<String ID="string_135" HPOS="507" VPOS="1766" WIDTH="63" HEIGHT="37" WC="0.96" CONTENT="vid"/><SP WIDTH="28" VPOS="1766" HPOS="570"/>
							<String ID="string_136" HPOS="598" VPOS="1775" WIDTH="139" HEIGHT="26" WC="0.95" CONTENT="samma"/><SP WIDTH="26" VPOS="1775" HPOS="737"/>
							<String ID="string_137" HPOS="763" VPOS="1765" WIDTH="58" HEIGHT="32" WC="0.95" CONTENT="års"/><SP WIDTH="28" VPOS="1765" HPOS="821"/>
							<String ID="string_138" HPOS="849" VPOS="1761" WIDTH="90" HEIGHT="34" WC="0.95" CONTENT="slut:"/>
						</TextLine>
					</TextBlock>
				</ComposedBlock>
				<ComposedBlock ID="cblock_8" HPOS="411" VPOS="1794" WIDTH="1609" HEIGHT="162">
					<TextBlock ID="block_10" HPOS="411" VPOS="1794" WIDTH="1609" HEIGHT="162">
						<TextLine ID="line_21" HPOS="411" VPOS="1794" WIDTH="1267" HEIGHT="102">
							<String ID="string_139" HPOS="411" VPOS="1817" WIDTH="202" HEIGHT="43" WC="0.93" CONTENT="utländskt,"/><SP WIDTH="28" VPOS="1817" HPOS="613"/>
							<String ID="string_140" HPOS="641" VPOS="1812" WIDTH="252" HEIGHT="46" WC="0.92" CONTENT="underviktigt"/><SP WIDTH="-13" VPOS="1812" HPOS="893"/>
							<String ID="string_141" HPOS="880" VPOS="1892" WIDTH="2" HEIGHT="4" WC="0.50" CONTENT="t"/><SP WIDTH="42" VPOS="1892" HPOS="882"/>
							<String ID="string_142" HPOS="924" VPOS="1807" WIDTH="194" HEIGHT="87" WC="0.65" CONTENT="guldmynt"/><SP WIDTH="29" VPOS="1807" HPOS="1118"/>
							<String ID="string_143" HPOS="1147" VPOS="1836" WIDTH="15" HEIGHT="4" WC="0.64" CONTENT="-"/><SP WIDTH="112" VPOS="1836" HPOS="1162"/>
							<String ID="string_144" HPOS="1274" VPOS="1832" WIDTH="70" HEIGHT="4" WC="0.51" CONTENT="oc"/><SP WIDTH="28" VPOS="1832" HPOS="1344"/>
							<String ID="string_145" HPOS="1372" VPOS="1800" WIDTH="53" HEIGHT="34" WC="0.82" CONTENT="kr."/><SP WIDTH="57" VPOS="1800" HPOS="1425"/>
							<String ID="string_146" HPOS="1482" VPOS="1797" WIDTH="120" HEIGHT="43" WC="0.65" CONTENT="3,289:"/><SP WIDTH="31" VPOS="1797" HPOS="1602"/>
							<String ID="string_147" HPOS="1633" VPOS="1794" WIDTH="45" HEIGHT="35" WC="0.96" CONTENT="68"/>
						</TextLine>
						<TextLine ID="line_22" HPOS="412" VPOS="1847" WIDTH="1268" HEIGHT="58">
							<String ID="string_148" HPOS="412" VPOS="1869" WIDTH="214" HEIGHT="36" WC="0.91" CONTENT="karoliner"/><SP WIDTH="76" VPOS="1869" HPOS="626"/>
							<String ID="string_149" HPOS="702" VPOS="1894" WIDTH="70" HEIGHT="6" WC="0.0" CONTENT=".......=..-"/><SP WIDTH="368" VPOS="1894" HPOS="772"/>
							<String ID="string_150" HPOS="1140" VPOS="1880" WIDTH="204" HEIGHT="10" WC="0.48" CONTENT="un"/><SP WIDTH="46" VPOS="1880" HPOS="1344"/>
							<String ID="string_151" HPOS="1390" VPOS="1861" WIDTH="15" HEIGHT="17" WC="0.56" CONTENT="&gt;"/><SP WIDTH="54" VPOS="1861" HPOS="1405"/>
							<String ID="string_152" HPOS="1459" VPOS="1847" WIDTH="144" HEIGHT="43" WC="0.83" CONTENT="16,668:"/><SP WIDTH="28" VPOS="1847" HPOS="1603"/>
							<String ID="string_153" HPOS="1631" VPOS="1862" WIDTH="49" HEIGHT="5" WC="0.89" CONTENT="—"/>
						</TextLine>
						<TextLine ID="line_23" HPOS="414" VPOS="1894" WIDTH="1606" HEIGHT="62">
							<String ID="string_154" HPOS="414" VPOS="1896" WIDTH="258" HEIGHT="60" WC="0.9" CONTENT="RI"/><SP WIDTH="-12" VPOS="1896" HPOS="672"/>
							<String ID="string_155" HPOS="660" VPOS="1944" WIDTH="124" HEIGHT="8" WC="0.2" CONTENT="Ar"/><SP WIDTH="42" VPOS="1944" HPOS="784"/>
							<String ID="string_156" HPOS="826" VPOS="1940" WIDTH="126" HEIGHT="6" WC="0.1" CONTENT="era"/><SP WIDTH="154" VPOS="1940" HPOS="952"/>
							<String ID="string_157" HPOS="1106" VPOS="1932" WIDTH="238" HEIGHT="8" WC="0.0" CONTENT="ssneenenenn"/><SP WIDTH="48" VPOS="1932" HPOS="1344"/>
							<String ID="string_158" HPOS="1392" VPOS="1913" WIDTH="13" HEIGHT="15" WC="0.46" CONTENT="&gt;"/><SP WIDTH="78" VPOS="1913" HPOS="1405"/>
							<String ID="string_159" HPOS="1483" VPOS="1897" WIDTH="121" HEIGHT="42" WC="0.62" CONTENT="9,063:"/><SP WIDTH="31" VPOS="1897" HPOS="1604"/>
							<String ID="string_160" HPOS="1635" VPOS="1894" WIDTH="46" HEIGHT="36" WC="0.95" CONTENT="60"/><SP WIDTH="29" VPOS="1894" HPOS="1681"/>
							<String ID="string_161" HPOS="1710" VPOS="1901" WIDTH="54" HEIGHT="35" WC="0.93" CONTENT="kr."/><SP WIDTH="33" VPOS="1901" HPOS="1764"/>
							<String ID="string_162" HPOS="1797" VPOS="1897" WIDTH="146" HEIGHT="45" WC="0.89" CONTENT="29,021:"/><SP WIDTH="31" VPOS="1897" HPOS="1943"/>
							<String ID="string_163" HPOS="1974" VPOS="1896" WIDTH="46" HEIGHT="34" WC="0.96" CONTENT="28"/>
						</TextLine>
					</TextBlock>
				</ComposedBlock>
				<ComposedBlock ID="cblock_9" HPOS="418" VPOS="2080" WIDTH="1612" HEIGHT="168">
					<TextBlock ID="block_11" HPOS="420" VPOS="2080" WIDTH="1610" HEIGHT="168">
						<TextLine ID="line_24" HPOS="519" VPOS="2080" WIDTH="1506" HEIGHT="69">
							<String ID="string_164" HPOS="519" VPOS="2108" WIDTH="253" HEIGHT="38" WC="0.96" CONTENT="Riksbankens"/><SP WIDTH="27" VPOS="2108" HPOS="772"/>
							<String ID="string_165" HPOS="799" VPOS="2104" WIDTH="82" HEIGHT="36" WC="0.96" CONTENT="hela"/><SP WIDTH="26" VPOS="2104" HPOS="881"/>
							<String ID="string_166" HPOS="907" VPOS="2102" WIDTH="159" HEIGHT="47" WC="0.96" CONTENT="tillgång"/><SP WIDTH="25" VPOS="2102" HPOS="1066"/>
							<String ID="string_167" HPOS="1091" VPOS="2099" WIDTH="13" HEIGHT="35" WC="0.96" CONTENT="i"/><SP WIDTH="26" VPOS="2099" HPOS="1104"/>
							<String ID="string_168" HPOS="1130" VPOS="2095" WIDTH="99" HEIGHT="38" WC="0.96" CONTENT="hvad"/><SP WIDTH="28" VPOS="2095" HPOS="1229"/>
							<String ID="string_169" HPOS="1257" VPOS="2107" WIDTH="77" HEIGHT="24" WC="0.96" CONTENT="som"/><SP WIDTH="28" VPOS="2107" HPOS="1334"/>
							<String ID="string_170" HPOS="1362" VPOS="2092" WIDTH="132" HEIGHT="36" WC="0.95" CONTENT="räknas"/><SP WIDTH="27" VPOS="2092" HPOS="1494"/>
							<String ID="string_171" HPOS="1521" VPOS="2090" WIDTH="58" HEIGHT="34" WC="0.95" CONTENT="till"/><SP WIDTH="26" VPOS="2090" HPOS="1579"/>
							<String ID="string_172" HPOS="1605" VPOS="2083" WIDTH="236" HEIGHT="52" WC="0.92" CONTENT="omyntadt"/><SP WIDTH="-20" VPOS="2083" HPOS="1841"/>
							<String ID="string_173" HPOS="1821" VPOS="2080" WIDTH="88" HEIGHT="37" WC="0.96" CONTENT="guld"/><SP WIDTH="19" VPOS="2080" HPOS="1909"/>
							<String ID="string_174" HPOS="1928" VPOS="2091" WIDTH="97" HEIGHT="36" WC="0.21" CONTENT="upp”"/>
						</TextLine>
						<TextLine ID="line_25" HPOS="418" VPOS="2129" WIDTH="1612" HEIGHT="82">
							<String ID="string_175" HPOS="418" VPOS="2162" WIDTH="84" HEIGHT="49" WC="0.96" CONTENT="gick"/><SP WIDTH="40" VPOS="2162" HPOS="502"/>
							<String ID="string_176" HPOS="542" VPOS="2158" WIDTH="155" HEIGHT="37" WC="0.96" CONTENT="sålunda"/><SP WIDTH="39" VPOS="2158" HPOS="697"/>
							<String ID="string_177" HPOS="736" VPOS="2155" WIDTH="71" HEIGHT="36" WC="0.96" CONTENT="den"/><SP WIDTH="41" VPOS="2155" HPOS="807"/>
							<String ID="string_178" HPOS="848" VPOS="2156" WIDTH="19" HEIGHT="33" WC="0.93" CONTENT="1"/><SP WIDTH="36" VPOS="2156" HPOS="867"/>
							<String ID="string_179" HPOS="903" VPOS="2151" WIDTH="151" HEIGHT="50" WC="0.94" CONTENT="januari"/><SP WIDTH="30" VPOS="2151" HPOS="1054"/>
							<String ID="string_180" HPOS="1084" VPOS="2149" WIDTH="95" HEIGHT="35" WC="0.96" CONTENT="1910"/><SP WIDTH="29" VPOS="2149" HPOS="1179"/>
							<String ID="string_181" HPOS="1208" VPOS="2146" WIDTH="59" HEIGHT="36" WC="0.95" CONTENT="till"/><SP WIDTH="26" VPOS="2146" HPOS="1267"/>
							<String ID="string_182" HPOS="1293" VPOS="2146" WIDTH="53" HEIGHT="34" WC="0.93" CONTENT="kr."/><SP WIDTH="31" VPOS="2146" HPOS="1346"/>
							<String ID="string_183" HPOS="1377" VPOS="2140" WIDTH="209" HEIGHT="46" WC="0.90" CONTENT="6,941,862:"/><SP WIDTH="29" VPOS="2140" HPOS="1586"/>
							<String ID="string_184" HPOS="1615" VPOS="2139" WIDTH="42" HEIGHT="34" WC="0.96" CONTENT="11"/><SP WIDTH="31" VPOS="2139" HPOS="1657"/>
							<String ID="string_185" HPOS="1688" VPOS="2135" WIDTH="70" HEIGHT="36" WC="0.96" CONTENT="och"/><SP WIDTH="28" VPOS="2135" HPOS="1758"/>
							<String ID="string_186" HPOS="1786" VPOS="2112" WIDTH="71" HEIGHT="57" WC="0.96" CONTENT="den"/><SP WIDTH="28" VPOS="2112" HPOS="1857"/>
							<String ID="string_187" HPOS="1885" VPOS="2132" WIDTH="44" HEIGHT="35" WC="0.92" CONTENT="31"/><SP WIDTH="32" VPOS="2132" HPOS="1929"/>
							<String ID="string_188" HPOS="1961" VPOS="2129" WIDTH="69" HEIGHT="35" WC="0.91" CONTENT="de-"/>
						</TextLine>
						<TextLine ID="line_26" HPOS="418" VPOS="2193" WIDTH="875" HEIGHT="55">
							<String ID="string_189" HPOS="418" VPOS="2193" WIDTH="150" HEIGHT="55" WC="0.77" CONTENT="cermber"/><SP WIDTH="26" VPOS="2193" HPOS="568"/>
							<String ID="string_190" HPOS="594" VPOS="2219" WIDTH="139" HEIGHT="26" WC="0.96" CONTENT="samma"/><SP WIDTH="26" VPOS="2219" HPOS="733"/>
							<String ID="string_191" HPOS="759" VPOS="2209" WIDTH="40" HEIGHT="33" WC="0.95" CONTENT="år"/><SP WIDTH="27" VPOS="2209" HPOS="799"/>
							<String ID="string_192" HPOS="826" VPOS="2205" WIDTH="57" HEIGHT="35" WC="0.96" CONTENT="till"/><SP WIDTH="27" VPOS="2205" HPOS="883"/>
							<String ID="string_193" HPOS="910" VPOS="2205" WIDTH="54" HEIGHT="34" WC="0.93" CONTENT="kr."/><SP WIDTH="30" VPOS="2205" HPOS="964"/>
							<String ID="string_194" HPOS="994" VPOS="2199" WIDTH="209" HEIGHT="46" WC="0.92" CONTENT="6,942,054:"/><SP WIDTH="32" VPOS="2199" HPOS="1203"/>
							<String ID="string_195" HPOS="1235" VPOS="2197" WIDTH="58" HEIGHT="35" WC="0.96" CONTENT="11."/>
						</TextLine>
					</TextBlock>
				</ComposedBlock>
			</PrintSpace>
		</Page>
	</Layout>
</alto>
