2254 2626
215 266 131 30 Tillfällig

199 299 168 25 löneförbätt-

188 334 55 28 ring
262 332 40 24 för
321 337 52 20 äm-

187 367 193 24 Reslärarinnor

182 400 41 22 vid
248 399 133 26 allmänna

215 434 130 24 läroverk.

223 476 117 42 [112.]

401 191 37 27 52
943 193 229 28 Statsutsko'tets
1194 191 151 30 utlåtande
1368 193 50 28 Nr
1440 198 27 23 S.

504 269 121 44 112:0)
656 268 131 44 Kungl.
816 268 103 45 Maj:t
945 269 67 34 har
1038 268 191 45 föreslagit
1256 269 197 46 riksdagen
1481 271 75 35 dels
1584 272 181 45 medgiva,
1793 282 54 26 att
1877 279 131 29 utöver

401 319 44 35 de
473 318 187 37 ordinarie
686 317 116 37 första
828 319 210 35 lärarinnor
1065 319 70 35 och
1162 319 210 35 lärarinnor
1399 320 62 35 vid
1488 325 138 31 statens
1655 324 204 35 samskolor
1887 323 20 36 å
1934 330 70 29 stat

400 368 285 37 tillkommande
725 368 324 36 löneförmånerna
1091 369 59 35 må
1189 368 57 36 för
1286 369 41 36 år
1375 372 87 33 1916
1490 371 59 34 till
1577 370 164 47 följande
1769 387 47 22 av
1843 373 159 37 nämnda

402 419 365 45 befattningshavare
808 419 119 36 såsom
969 418 166 47 tillfällig
1162 419 312 47 löneförbättring
1502 421 89 45 utgå
1618 428 52 29 ett
1696 423 137 47 belopp
1861 438 60 22 av:
1947 424 61 36 för

401 469 116 36 första
544 469 190 36 lärarinna
762 470 10 35 i
799 469 117 36 första
942 470 226 45 lönegraden
1198 472 46 33 50
1272 471 148 43 kronor,
1443 472 57 35 för
1527 472 191 35 lärarinna
1744 475 11 33 i
1773 474 118 36 första
1911 476 96 34 löne-

401 519 138 46 graden
578 521 72 34 350
687 520 139 35 kronor
863 521 67 35 och
968 520 58 35 för
1053 521 190 35 lärarinna
1268 521 14 35 i
1309 521 119 36 andra
1453 522 227 45 lönegraden
1709 525 47 33 50
1783 524 149 38 kronor,
1960 539 43 21 av

400 570 103 35 vilka
541 571 136 45 belopp
720 567 46 49 ?/;
808 571 104 35 skola
951 583 105 23 anses
1097 576 133 40 utgöra
1260 572 64 35 lön
1353 572 66 35 och
1449 569 45 49 !/;
1522 573 483 48 tjänstgöringspenningar,

401 628 173 28 ävensom
616 626 55 30 att
710 621 58 35 till
808 626 107 30 extra
954 620 186 37 ordinarie
1173 622 336 36 ämneslärarinnor
1536 623 63 35 vid
1628 623 45 35 de
1700 624 191 37 allmänna
1918 626 89 35 läro-

400 671 136 35 verken
578 671 60 35 må
678 676 130 31 utöver
847 671 112 36 redan
1002 671 177 46 stadgade
1219 672 163 36 arvoden
1410 672 58 36 för
1494 685 143 24 samma
1664 678 40 31 år
1731 674 88 46 utgå
1846 675 161 46 tilläggs-

401 721 137 36 arvode
573 722 60 36 till
670 727 52 30 ett
755 722 136 46 belopp
930 735 46 22 av
1015 724 72 33 200
1124 723 139 35 kronor
1298 722 60 36 för
1393 737 66 22 var
1495 724 68 35 och
1602 737 45 22 en
1683 723 113 37 sådan
1826 725 84 36 med
1937 725 69 36 full

400 772 147 36 formell
574 773 217 45 kompetens
819 779 95 29 samt
941 774 73 34 400
1042 773 140 35 kronor
1207 772 58 36 för
1288 773 102 45 varje
1410 773 103 45 dylik
1532 775 191 35 lärarinna
1741 781 88 29 utan
1852 776 155 36 berörda

400 824 227 45 kompetens,

501 874 75 35 dels
603 874 62 35 ock
692 872 58 36 för
776 873 237 36 bestridande
1042 886 47 22 av
1116 874 239 35 statsverkets
1382 874 109 36 andel
1510 875 12 34 i
1541 875 206 36 kostnaden
1767 876 59 35 för
1844 876 165 45 tillfällig

400 923 313 46 löneförbättring
748 923 36 36 åt
819 922 285 47 ifrågavarande
1132 923 184 37 ordinarie
1343 925 274 46 lärarpersonal
1645 925 46 46 på
1719 932 107 29 extra
1852 932 74 31 stat
1952 926 57 36 för

402 974 39 35 år
475 976 89 33 1916
594 974 130 36 anvisa
750 979 53 31 ett
828 974 138 46 belopp
994 987 47 22 av
1070 976 107 41 6,500
1204 975 149 35 kronor.

504 1025 253 44 Utredningen
783 1024 12 35 i
823 1024 151 36 ärendet
1002 1023 195 37 återfinnes
1217 1025 21 35 å
1257 1025 64 36 sid.
1345 1027 94 34 160—
1476 1028 63 33 163
1559 1027 13 34 i
1592 1027 416 46 statsrådsprotokollet.

501 1124 182 46 Tillfallig
721 1124 312 46 löneförbättring
1072 1125 59 35 för
1170 1127 336 35 ämneslärarinnor
1546 1127 64 35 vid
1637 1134 137 29 statens
1803 1128 207 35 samskolor

402 1176 66 35 har
504 1188 48 23 av
586 1175 199 46 riksdagen
823 1175 196 46 medgivits
1054 1174 60 37 för
1148 1181 84 30 vart
1265 1177 69 35 och
1362 1181 53 31 ett
1441 1190 46 22 av
1514 1176 88 37 åren
1634 1179 257 35 1913—1915.
1948 1178 60 36 Be-

403 1227 280 35 stämmelserna
720 1225 59 36 för
819 1225 122 36 denna
979 1225 312 47 löneförbättring
1331 1227 96 36 hava
1467 1240 49 22 nu
1556 1227 210 46 föreslagits
1794 1228 142 37 erhålla
1963 1242 45 22 en

403 1276 113 36 sådan
560 1275 108 46 form,
712 1281 54 31 att
810 1277 54 41 de,
900 1275 231 37 beträffande
1174 1282 107 31 extra
1325 1278 266 45 lärarinnorna,
1632 1278 150 37 komma
1827 1285 55 30 att
1925 1292 84 23 avse

403 1326 138 36 sådana
567 1327 207 36 lärarinnor
801 1328 30 44 ej
859 1327 97 35 blott
982 1327 65 35 vid
1074 1328 257 35 samskolorna
1349 1333 89 30 utan
1468 1335 92 29 även
1589 1328 63 36 vid
1680 1329 117 36 andra
1820 1330 189 35 allmänna

403 1378 180 35 läroverk.
637 1377 16 36 I
689 1378 238 35 statsverkets
954 1377 110 36 andel
1099 1378 11 34 i
1147 1378 249 36 kostnaderna
1422 1379 12 35 i
1460 1378 285 47 ifrågavarande
1772 1379 238 37 löneförbätt-

403 1429 84 44 ring
525 1428 69 35 har
632 1429 197 35 beräknats
869 1440 44 23 en
955 1427 215 46 minskning
1194 1429 59 35 till
1289 1430 108 44 6,500
1424 1430 139 35 kronor
1589 1429 83 37 från
1703 1431 129 42 10,665
1860 1431 149 36 kronor,

404 1491 78 23 som
509 1478 120 36 under
653 1478 221 47 föregående
901 1478 41 36 år
967 1477 59 37 för
1053 1478 212 37 ändamålet
1290 1479 183 46 beviljats.

503 1528 199 47 Utskottet,
742 1542 79 24 som
859 1529 80 35 icke
979 1529 68 35 har
1086 1528 113 47 något
1239 1535 54 30 att
1333 1530 122 36 erinra
1487 1535 78 31 mot
1592 1530 333 46 framställningen,
1955 1531 55 35 får

403 1578 235 46 följaktligen
666 1580 205 44 hemställa,

908 1635 52 30 att
987 1630 198 45 riksdagen
1212 1630 61 36 må

907 1678 36 47 a)
971 1680 182 46 medgiva,
1194 1685 55 31 att
1280 1685 132 32 utöver
1451 1681 44 35 de
1537 1682 187 35 ordinarie
1763 1682 117 35 första
1920 1683 91 35 lära-

806 1732 128 34 rinnor
969 1731 68 35 och
1064 1731 211 36 lärarinnor
1301 1731 65 36 vid
1393 1736 136 31 statens
1558 1732 207 36 samskolor
1790 1732 22 36 å
1838 1737 75 31 stat
1938 1733 71 35 till-

806 1781 223 36 kommande
1056 1780 325 37 löneförmånerna
1407 1781 60 36 må
1492 1781 59 37 för
1578 1782 42 36 år
1648 1784 94 34 1916
1771 1783 58 35 till
1847 1782 164 47 följande

807 1844 47 23 av
879 1831 164 36 nämnda
1065 1830 366 48 befattningshavare
1450 1832 119 36 såsom
1588 1832 168 46 tillfällig
1772 1832 240 37 löneförbätt-

806 1882 84 45 ring
928 1881 89 46 utgå
1057 1887 53 31 ett
1147 1882 135 47 belopp
1315 1896 61 23 av:
1416 1882 58 36 för
1498 1882 119 37 första
1643 1884 189 35 lärarinna
1858 1884 12 34 i
1896 1883 115 36 första

806 1933 227 45 lönegraden
1063 1934 47 34 50
1136 1933 148 45 kronor,
1310 1932 60 37 för
1396 1934 189 35 lärarinna
1611 1934 13 35 i
1651 1933 116 37 första
1784 1934 227 45 lönegraden

808 1984 72 34 350
920 1983 139 35 kronor
1099 1983 68 36 och
1205 1982 58 37 för
1303 1984 188 35 lärarinna
1517 1985 12 34 i
1557 1984 119 36 andra
1710 1984 226 46 lönegraden
1965 1988 47 31 50

806 2033 149 45 kronor,
983 2046 47 23 av
1057 2034 103 35 vilka
1185 2034 136 47 belopp
1350 2031 47 49 ?/;
1425 2034 105 36 skola
1557 2047 107 23 anses
1690 2040 135 41 utgöra
1851 2036 64 35 lön
1943 2036 67 34 och

809 2080 46 49 !/,
896 2080 485 50 tjänstgöringspenningar,
1416 2092 175 29 ävensom
1619 2090 55 31 att
1698 2086 60 35 till
1784 2090 108 31 extra
1919 2085 93 36 ordi-

807 2134 102 36 narie
949 2135 339 36 ämneslärarinnor
1326 2135 65 36 vid
1419 2135 44 36 de
1490 2136 191 36 allmänna
1705 2136 219 36 läroverken
1952 2136 67 36 må.

808 2189 132 31 utöver
964 2184 117 36 redan
1108 2185 178 46 stadgade
1313 2185 162 37 arvoden
1501 2185 60 37 för
1588 2199 142 23 samma
1757 2185 41 37 år
1824 2186 90 46 utgå
1939 2187 75 35 till-

808 2235 243 46 läggsarvode
1087 2236 59 35 till
1181 2241 52 30 ett
1262 2236 137 47 belopp
1427 2250 46 22 av
1500 2238 73 34 200
1601 2237 139 35 kronor
1765 2236 59 37 för
1850 2249 67 24 var
1945 2238 68 34 och
