1860 2792
478 160 390 31 Jordbruksutskottets
890 159 180 30 utlåtande
1092 168 42 20 nr
1155 158 53 30 45.
1555 156 38 29 41

134 247 67 30 För
224 248 66 29 den
312 246 145 39 vidgade
481 244 297 39 undervisningen
801 243 128 30 behövs
952 245 48 28 ett
1025 243 108 29 större
1157 241 95 30 antal
1275 241 122 29 lärare.
1421 240 52 30 Då
1495 241 99 29 verk-

92 298 180 29 samheten
290 297 52 30 till
361 306 42 21 en
422 296 126 39 början
569 295 88 30 skall
676 295 161 29 bedrivas
855 293 194 30 försöksvis
1067 293 84 29 böra
1170 292 89 29 dock
1278 301 67 29 nya
1363 291 231 38 befattnings-

91 348 127 30 havare
240 348 76 31 icke
340 347 169 30 anställas
532 346 57 30 vid
613 344 434 40 skogsvårdsstyrelserna.
1072 344 13 29 I
1110 343 114 30 stället
1247 342 93 34 böra,
1366 342 115 29 såsom
1505 341 11 29 i
1539 341 56 29 be-

90 398 194 30 tänkandet
306 397 164 40 påpekas,
497 396 242 40 speciallärare
763 395 122 30 kunna
909 394 128 30 anlitas
1066 395 4 29 i
1093 394 82 29 mån
1200 403 42 20 av
1264 393 119 29 behov.
1408 392 78 29 Med
1510 392 85 29 hän-

93 458 62 30 syn
175 449 150 30 framför
345 449 60 30 allt
423 448 54 30 till
497 448 67 30 den
583 446 204 40 fortgående
807 445 305 39 mekaniseringen
1131 444 66 30 och
1217 444 65 29 den
1304 443 131 30 snabba
1454 442 141 30 utveck-

92 500 117 40 lingen
236 501 11 29 i
274 500 110 41 övrigt
411 499 98 30 inom
538 497 336 40 skogshanteringen
902 496 85 30 böra
1014 495 375 39 fortbildningskurser
1418 493 177 30 anordnas

91 550 56 30 för
169 551 151 29 lärarna.

137 601 121 30 Såsom
279 601 59 39 jag
359 601 109 29 redan
491 600 133 33 nämnt,
647 600 71 29 kan
739 598 60 39 jag
821 598 30 39 ej
876 597 109 30 heller
1008 597 10 29 i
1042 596 97 39 fråga
1161 605 56 21 om
1242 594 276 40 skogsstyrelsen
1541 593 54 30 för

92 652 218 30 närvarande
333 651 143 30 förorda
498 650 115 39 någon
635 649 173 39 utökning
831 658 41 20 av
894 647 208 41 personalen
1123 647 11 29 i
1158 645 188 39 anledning
1369 654 42 20 av
1434 645 67 29 den
1524 644 71 40 pla-

92 703 127 29 nerade
239 701 360 40 yrkesutbildningen.

137 754 71 29 Mot
230 753 41 29 de
292 752 198 38 föreslagna
511 751 158 38 reglerna
691 749 178 39 angående
892 747 189 40 stipendier
1103 747 65 30 och
1191 745 210 39 statsbidrag
1421 745 73 29 kan
1515 743 77 30 med

93 805 86 29 visst
201 804 58 39 fog
282 804 100 38 göras
407 803 68 29 den
497 801 272 38 invändningen,
793 802 49 27 att
865 800 41 29 de
928 798 168 30 innebära
1119 807 43 20 en
1185 797 61 30 allt
1269 796 53 30 för
1344 796 97 38 långt
1464 794 130 40 gående

93 854 289 38 differentiering.
407 852 165 30 Framför
594 851 61 30 allt
680 851 106 39 gäller
811 851 94 29 detta
929 849 107 39 enligt
1059 849 74 29 min
1157 847 227 41 uppfattning
1410 845 182 40 stipendie-

93 905 319 30 bestämmelserna.
431 903 81 30 Med
531 903 138 38 hänsyn
688 901 53 30 till
761 902 41 28 de
822 900 178 30 skiftande
1019 899 256 33 förhållanden,
1297 897 111 30 under
1427 897 95 29 vilka
1542 897 54 28 ut-

93 956 203 38 bildningen
313 955 159 29 kommer
490 955 50 28 att
560 952 171 34 bedrivas,
751 952 64 29 och
832 952 41 29 de
891 950 205 31 varierande
1115 957 161 32 grupper,
1297 957 73 21 som
1390 948 206 29 densamma

94 1007 159 29 kommer
272 1007 50 28 att
340 1005 133 33 beröra,
494 1005 37 28 är
551 1004 56 29 det
626 1003 90 30 dock
736 1001 176 31 sannolikt
933 1000 262 39 ofrånkomligt,
1216 1001 50 28 att
1286 999 92 30 olika
1397 998 112 39 regler
1528 997 68 30 till-

94 1057 135 39 lämpas
247 1056 11 29 i
276 1056 91 29 olika
382 1055 76 29 fall.
477 1054 65 39 Jag
560 1063 103 20 anser
679 1053 72 39 mig
768 1052 119 30 därför
905 1052 86 29 böra
1011 1051 177 39 tillstyrka
1206 1050 41 29 de
1267 1048 240 39 sakkunnigas
1526 1048 70 29 för-

95 1108 73 38 slag
189 1107 45 40 på
255 1107 114 29 denna
390 1106 115 39 punkt
528 1105 78 29 med
628 1104 57 29 det
707 1103 154 39 tillägget
884 1104 61 32 att,
970 1102 114 30 såsom
1107 1110 83 30 nyss
1214 1101 151 32 nämnts,
1389 1099 123 39 bidrag
1533 1098 63 30 bör

94 1159 122 28 kunna
232 1157 82 39 utgå
332 1157 86 29 även
434 1156 54 29 till
503 1154 250 31 kombinerade
769 1154 135 29 kurser.
921 1152 127 39 Kungl.
1065 1152 105 39 Maj:t
1186 1151 99 30 torde
1302 1149 193 31 emellertid
1512 1149 84 29 böra

93 1208 62 37 äga
174 1206 205 38 befogenhet
398 1208 48 28 att
464 1206 138 36 vidtaga
624 1206 130 28 smärre
774 1203 221 38 jämkningar
1016 1203 11 29 i
1048 1202 182 38 stipendie-
1250 1201 64 30 och
1333 1200 267 37 bidragsregler-

95 1269 55 25 na,
167 1259 116 29 därest
300 1258 38 30 så
352 1257 161 30 befinnes
530 1256 166 41 påkallat.
714 1256 65 29 Det
796 1255 97 30 torde
911 1254 118 30 vidare
1046 1263 83 20 vara
1146 1252 169 40 lämpligt,
1333 1253 50 28 att
1402 1251 102 30 dessa
1523 1257 74 32 reg-

94 1310 51 29 ler
169 1309 194 40 omprövas,
391 1308 108 29 sedan
524 1307 114 39 någon
663 1306 70 30 tids
759 1306 199 29 erfarenhet
984 1304 143 30 vunnits
1152 1303 150 30 rörande
1327 1301 269 40 tillämpningen

96 1369 41 21 av
157 1361 209 29 desamma.»

766 1459 182 29 Utskottet.

137 1537 75 29 Den
242 1536 201 30 nuvarande
472 1535 352 39 yrkesutbildningen
852 1535 45 39 på
927 1534 249 39 skogsbrukets
1206 1534 141 29 område
1376 1534 38 29 är
1445 1532 115 30 såsom
1589 1532 12 29 i

93 1587 262 39 propositionen
374 1586 215 30 framhållits
608 1595 42 20 av
670 1586 112 29 starkt
801 1585 111 30 behov
931 1586 51 29 att
1000 1584 201 30 förbättras.
1221 1584 48 29 På
1289 1584 111 39 grund
1420 1592 42 21 av
1481 1584 50 28 att
1550 1591 51 21 er-

93 1637 162 29 farenhet
273 1640 11 29 i
305 1639 85 28 stort
410 1638 67 28 sett
497 1637 128 30 saknas
643 1636 94 29 huru
751 1635 244 39 utbildningen
1009 1634 198 40 lämpligast
1221 1634 61 30 bör
1297 1634 186 33 anordnas,
1499 1641 101 31 synes

94 1687 56 30 det
170 1687 214 38 nödvändigt
403 1688 51 29 att
473 1686 93 30 olika
586 1686 223 39 möjligheter
828 1686 55 29 för
903 1684 541 39 undervisningsverksamheten
1463 1684 137 39 prövas,

94 1738 118 29 varför
230 1738 205 29 densamma
452 1737 54 30 till
524 1746 42 21 en
583 1736 126 39 början
727 1736 11 29 i
755 1735 186 30 huvudsak
959 1735 62 30 bör
1038 1735 36 30 få
1091 1735 310 30 försökskaraktär
1421 1736 90 27 samt
1530 1735 71 28 stor

94 1788 108 29 frihet
222 1788 136 29 lämnas
377 1788 11 29 i
408 1787 100 39 fråga
529 1796 56 20 om
605 1786 266 38 utformningen
891 1795 42 21 av
952 1786 182 29 kurserna.
1156 1785 75 29 Vad
1251 1784 124 39 Kungl.
1396 1784 107 39 Maj:t
1523 1784 79 29 här-

94 1838 117 39 vidlag
228 1837 178 39 föreslagit
425 1838 72 28 kan
516 1837 171 29 utskottet
706 1836 147 29 biträda.

140 1888 40 39 Ej
201 1887 108 30 heller
328 1888 10 28 i
357 1887 112 38 övrigt
487 1886 199 30 föranleder
704 1886 126 38 Kungl.
850 1885 125 39 Maj:ts
994 1885 132 38 förslag
1142 1885 10 29 i
1172 1885 115 29 denna
1306 1884 54 29 del
1379 1884 115 38 någon
1513 1883 89 30 erin-

94 1947 64 20 ran
176 1938 80 29 från
272 1938 189 28 utskottets
479 1937 85 29 sida.

125 2079 200 54 Åtgärder
348 2089 63 33 för
435 2088 320 43 tillgodoseende
779 2098 48 22 av
852 2087 174 33 behovet
1049 2097 49 22 av
1122 2083 448 45 mjölkningspersonal.

763 2180 187 35 Förslaget.

140 2251 14 28 I
193 2250 58 29 sitt
288 2250 66 29 den
393 2250 18 28 6
448 2249 139 38 augusti
627 2248 82 29 1947
738 2247 145 38 avgivna
908 2246 221 29 betänkande
1154 2246 64 28 har
1244 2243 357 39 lantbruksstyrelsen

96 2300 166 38 framlagt
286 2299 131 38 förslag
442 2299 50 29 till
520 2307 40 20 en
589 2298 172 38 utökning
787 2307 41 19 av
853 2297 41 29 de
918 2296 203 30 nuvarande
1146 2294 457 39 utbildningsmöjligheter-

97 2359 55 21 na.
189 2350 192 38 Styrelsens
405 2349 133 37 förslag
562 2348 146 29 innebär
730 2348 11 28 i
765 2347 186 29 huvudsak
975 2346 167 38 följande.

140 2399 181 31 Teoretisk
355 2399 65 30 och
453 2398 161 40 praktisk
647 2397 252 38 undervisning
933 2396 11 29 i
967 2395 200 39 mjölkning
1188 2395 61 29 bör
1272 2394 242 39 obligatoriskt
1539 2395 63 37 äga

97 2460 79 20 rum
198 2450 57 30 vid
277 2448 392 31 lantmannaskolornas
691 2448 253 32 helårskurser,
968 2447 118 38 längre
1109 2446 125 29 kurser
1256 2445 64 30 och
1341 2444 263 39 fortsättnings-

97 2502 135 32 kurser,
263 2500 56 30 vid
352 2499 373 30 lantbruksskolornas
755 2499 134 33 kurser,
920 2497 58 30 vid
1010 2496 92 30 vissa
1132 2495 357 31 lanthushållsskolor
1514 2495 89 30 samt
