1918 2824
527 141 116 31 Andra
668 141 239 37 lagutskottets
932 139 176 32 utlåtande
1132 138 50 31 Nr
1206 140 50 30 28.
1625 131 17 32 1

812 345 60 41 Nr
899 344 63 42 28.

530 452 125 27 Ankom
678 451 47 28 till
747 451 178 35 riksdagens
947 450 99 27 kansli
1068 450 59 26 den
1152 449 37 27 17
1213 448 63 34 maj
1302 448 80 27 1940
1405 447 42 28 kl.
1471 447 17 27 4
1512 454 23 20 e.
1559 453 42 20 m.

360 562 182 32 Utlåtande
570 564 10 29 i
608 561 187 38 anledning
832 571 43 21 av
915 560 123 38 Kungl.
1077 560 120 37 Maj:ts
1225 558 216 38 proposition
1467 555 177 39 angdende

576 612 205 38 kungörelse
810 622 57 21 om
897 610 218 40 hänförande
1144 620 43 21 av
1217 610 90 30 vissa
1336 608 229 31 automobiler
1593 607 53 31 till

576 663 252 39 fordonstypen
849 661 266 37 motorredskap
1138 670 45 21 m.
1207 669 46 22 m.

183 765 131 32 Genom
333 775 42 22 en
397 766 67 30 den
484 765 19 30 8
524 774 93 21 mars
641 764 84 31 1940
746 763 218 37 dagtecknad
984 761 224 38 proposition,
1231 770 42 21 nr
1296 760 70 36 114,
1389 760 116 31 vilken
1523 759 121 31 hänvi-

138 821 70 27 sats
232 817 51 31 till
307 816 189 37 lagutskott
517 816 67 30 och
607 814 207 31 behandlats
838 823 43 21 av
905 813 110 31 andra
1039 812 231 37 lagutskottet,
1295 811 66 30 har
1385 810 123 37 Kungl.
1533 809 111 37 Maj:t,

136 869 113 30 under
265 867 220 38 åberopande
503 876 43 21 av
564 865 260 39 propositionen
843 864 108 37 bilagt
967 864 123 36 utdrag
1108 872 44 22 av
1170 861 375 38 statsrådsprotokollet
1563 861 83 30 över

137 917 488 36 kommunikationsärenden,
648 915 147 32 anhållit
817 925 58 21 om
898 914 203 37 riksdagens
1125 912 161 38 yttrande
1308 913 83 29 över
1412 911 58 32 vid
1491 909 156 39 proposi-

138 970 118 30 tionen
276 969 127 37 fogade
422 968 128 37 förslag
569 968 52 30 till

183 1019 73 31 dels
287 1019 205 36 kungörelse
521 1027 57 21 om
608 1017 221 31 hänförande
858 1026 43 21 av
932 1015 90 31 vissa
1053 1014 230 31 automobiler
1312 1014 51 30 till
1395 1013 250 37 fordonstypen

138 1070 279 36 motorredskap;

183 1121 73 31 dels
275 1121 64 31 ock
358 1119 204 37 förordning
579 1128 60 21 om
658 1118 147 36 ändring
823 1118 10 30 i
852 1117 91 30 vissa
962 1116 95 30 delar
1074 1125 43 21 av
1137 1113 509 37 motorfordonsförordningen

140 1173 67 30 den
231 1172 41 30 23
294 1171 145 31 oktober
463 1170 83 30 1936
573 1168 54 40 (nr
648 1167 92 40 561).

184 1223 51 30 De
259 1223 11 30 i
295 1221 259 38 propositionen
579 1219 234 31 omförmälda
837 1216 400 37 författningsförslagen
1263 1216 60 30 äro
1349 1224 43 22 av
1418 1214 154 38 följande
1597 1216 50 37 1ly-

138 1274 104 31 delse.

732 1368 31 35 D
807 1365 252 41 Förslag

869 1435 52 31 till

713 1499 366 41 Kungörelse

163 1582 61 25 om
248 1571 230 34 hänförande
502 1580 39 23 av
566 1570 97 33 vissa
686 1569 249 33 automobiler
956 1567 64 33 till
1043 1566 268 41 fordonstypen
1334 1564 294 42 motorredskap.

189 1659 211 37 Härigenom
422 1657 183 32 förordnas
627 1665 76 22 som
723 1655 114 38 följer:

188 1718 74 31 Har
282 1717 192 32 automobil
494 1716 182 36 ombyggts
696 1714 56 31 för
771 1717 48 28 att
842 1713 179 32 användas
1043 1722 76 21 som
1139 1711 212 37 dragfordon
1374 1711 57 30 för
1452 1713 106 28 annat
1578 1710 70 30 for-

142 1769 71 31 don
233 1768 81 31 eller
332 1767 264 35 arbetsredskap
615 1765 48 37 på
682 1765 124 31 sådant
824 1765 77 35 sätt,

190 1820 49 29 att
261 1817 173 31 bakaxeln
458 1816 75 31 icke
555 1817 39 30 är
619 1814 142 31 försedd
783 1814 80 31 med
888 1811 378 39 fjädringsanordning,
1290 1821 76 21 som
1390 1812 137 36 uppbär
1552 1812 98 30 chas-

147 1868 73 37 siet,

190 1921 49 27 att
263 1916 181 33 avståndet
461 1917 127 30 mellan
603 1916 43 30 de
663 1917 143 36 yttersta
821 1914 222 37 hjulaxlarna
1060 1913 76 31 icke
1154 1912 184 37 överstiger
1357 1913 64 30 225
1441 1911 209 36 centimeter,

190 1972 90 27 samt
300 1971 49 27 att
373 1968 42 30 de
439 1967 165 30 drivande
625 1964 286 38 fordonshjulens
932 1964 131 30 varvtal
1084 1963 77 31 icke
1183 1962 185 37 överstiger
1391 1972 44 21 en
1458 1962 128 31 tiondel
1607 1971 44 21 av

146 2023 155 27 motorns
323 2018 143 36 varvtal,

192 2070 88 30 skall
306 2069 171 35 fordonet,
503 2068 114 30 därest
642 2067 57 31 det
723 2066 80 31 med
825 2067 138 36 hänsyn
989 2064 49 31 till
1061 2065 68 30 den
1155 2063 209 32 verkställda
1388 2063 264 38 ombyggnaden

148 2122 38 29 är
210 2120 196 37 uppenbart
429 2122 49 27 att
500 2119 160 30 fordonet
681 2117 76 31 icke
778 2117 117 30 vidare
916 2118 39 29 är
978 2118 108 28 avsett
1107 2118 50 28 att
1178 2114 241 37 självständigt
1443 2112 128 39 nyttjas
1597 2114 56 30 för

147 2171 186 30 utförande
356 2179 43 21 av
424 2172 222 33 transporter,
670 2177 99 21 anses
793 2166 115 32 såsom
933 2166 275 36 motorredskap.

194 2288 121 29 Denna
338 2286 204 37 kungörelse
563 2286 115 30 träder
698 2284 11 31 i
731 2284 94 31 kraft
847 2285 68 29 den
938 2285 14 28 1
976 2282 63 37 juli
1062 2283 94 30 1940.

194 2337 196 31 Automobil
414 2335 67 37 må,
503 2337 86 29 även
609 2345 58 20 om
689 2335 41 30 de
752 2334 167 31 drivande
942 2332 284 36 fordonshjulens
1250 2332 132 30 varvtal
1406 2331 183 37 överstiger
1610 2341 43 21 en

147 2389 130 30 tiondel
297 2397 42 21 av
361 2390 155 28 motorns
535 2387 143 35 varvtal,
699 2386 87 30 intill
808 2386 65 30 den
898 2386 14 29 1
936 2384 137 37 januari
1097 2384 83 30 1945
1201 2383 168 30 hänföras
1392 2383 52 30 till
1463 2383 189 30 motorred-

147 2439 99 35 skap,
270 2438 115 30 därest
407 2436 118 37 övriga
549 2445 89 22 ovan
663 2436 148 36 angivna
837 2434 289 36 förutsättningar
1149 2433 121 32 härför
1295 2434 61 30 äro
1381 2433 182 37 uppfyllda
1586 2433 66 30 och

183 2502 111 32 Bihang
309 2501 42 26 till
369 2501 167 32 riksdagens
554 2500 147 33 protokoll
717 2500 75 26 1940.
821 2500 16 23 9
851 2498 81 26 saml.
963 2499 16 24 2
990 2498 56 24 avd.
1075 2498 42 24 Nr
1129 2498 41 24 28.
