<?xml version="1.0" encoding="UTF-8"?>
<alto xmlns="http://www.loc.gov/standards/alto/ns-v3#" xmlns:xlink="http://www.w3.org/1999/xlink" xmlns:xsi="http://www.w3.org/2001/XMLSchema-instance" xsi:schemaLocation="http://www.loc.gov/standards/alto/ns-v3# http://www.loc.gov/alto/v3/alto-3-0.xsd">
	<Description>
		<MeasurementUnit>pixel</MeasurementUnit>
		<sourceImageInformation>
			<fileName>/tmp/tess_g681fsxn_input.PNG</fileName>
		</sourceImageInformation>
		<OCRProcessing ID="OCR_0">
			<ocrProcessingStep>
				<processingSoftware>
					<softwareName>tesseract 5.3.0</softwareName>
				</processingSoftware>
			</ocrProcessingStep>
		</OCRProcessing>
	</Description>
	<Layout>
		<Page WIDTH="1878" HEIGHT="2764" PHYSICAL_IMG_NR="0" ID="page_0">
			<PrintSpace HPOS="0" VPOS="0" WIDTH="1878" HEIGHT="2764">
				<ComposedBlock ID="cblock_0" HPOS="494" VPOS="155" WIDTH="1131" HEIGHT="32">
					<TextBlock ID="block_0" HPOS="494" VPOS="155" WIDTH="1131" HEIGHT="32">
						<TextLine ID="line_0" HPOS="494" VPOS="155" WIDTH="1131" HEIGHT="32">
							<String ID="string_0" HPOS="494" VPOS="155" WIDTH="286" HEIGHT="31" WC="0.90" CONTENT="Statsutskottets"/><SP WIDTH="20" VPOS="155" HPOS="780"/>
							<String ID="string_1" HPOS="800" VPOS="155" WIDTH="180" HEIGHT="32" WC="0.96" CONTENT="utlåtande"/><SP WIDTH="19" VPOS="155" HPOS="980"/>
							<String ID="string_2" HPOS="999" VPOS="165" WIDTH="43" HEIGHT="21" WC="0.95" CONTENT="nr"/><SP WIDTH="22" VPOS="165" HPOS="1042"/>
							<String ID="string_3" HPOS="1064" VPOS="157" WIDTH="36" HEIGHT="29" WC="0.96" CONTENT="11"/><SP WIDTH="23" VPOS="157" HPOS="1100"/>
							<String ID="string_4" HPOS="1123" VPOS="156" WIDTH="40" HEIGHT="30" WC="0.94" CONTENT="år"/><SP WIDTH="21" VPOS="156" HPOS="1163"/>
							<String ID="string_5" HPOS="1184" VPOS="156" WIDTH="84" HEIGHT="31" WC="0.96" CONTENT="1964"/><SP WIDTH="319" VPOS="156" HPOS="1268"/>
							<String ID="string_6" HPOS="1587" VPOS="156" WIDTH="38" HEIGHT="30" WC="0.96" CONTENT="13"/>
						</TextLine>
					</TextBlock>
				</ComposedBlock>
				<ComposedBlock ID="cblock_1" HPOS="138" VPOS="234" WIDTH="1488" HEIGHT="782">
					<TextBlock ID="block_1" HPOS="140" VPOS="234" WIDTH="1485" HEIGHT="147">
						<TextLine ID="line_1" HPOS="142" VPOS="234" WIDTH="1482" HEIGHT="40">
							<String ID="string_7" HPOS="142" VPOS="234" WIDTH="320" HEIGHT="40" WC="0.92" CONTENT="ringsverksamhet"/><SP WIDTH="34" VPOS="234" HPOS="462"/>
							<String ID="string_8" HPOS="496" VPOS="234" WIDTH="57" HEIGHT="30" WC="0.93" CONTENT="vid"/><SP WIDTH="34" VPOS="234" HPOS="553"/>
							<String ID="string_9" HPOS="587" VPOS="234" WIDTH="416" HEIGHT="31" WC="0.88" CONTENT="länsarbetsnämnderna"/><SP WIDTH="35" VPOS="234" HPOS="1003"/>
							<String ID="string_10" HPOS="1038" VPOS="235" WIDTH="12" HEIGHT="29" WC="0.93" CONTENT="i"/><SP WIDTH="35" VPOS="235" HPOS="1050"/>
							<String ID="string_11" HPOS="1085" VPOS="235" WIDTH="294" HEIGHT="30" WC="0.78" CONTENT="norrlandslänen"/><SP WIDTH="33" VPOS="235" HPOS="1379"/>
							<String ID="string_12" HPOS="1412" VPOS="236" WIDTH="166" HEIGHT="29" WC="0.96" CONTENT="ävensom"/><SP WIDTH="35" VPOS="236" HPOS="1578"/>
							<String ID="string_13" HPOS="1613" VPOS="234" WIDTH="11" HEIGHT="29" WC="0.96" CONTENT="i"/>
						</TextLine>
						<TextLine ID="line_2" HPOS="140" VPOS="287" WIDTH="1485" HEIGHT="41">
							<String ID="string_14" HPOS="140" VPOS="288" WIDTH="243" HEIGHT="40" WC="0.96" CONTENT="Kopparbergs"/><SP WIDTH="19" VPOS="288" HPOS="383"/>
							<String ID="string_15" HPOS="402" VPOS="288" WIDTH="66" HEIGHT="30" WC="0.96" CONTENT="och"/><SP WIDTH="18" VPOS="288" HPOS="468"/>
							<String ID="string_16" HPOS="486" VPOS="288" WIDTH="210" HEIGHT="30" WC="0.96" CONTENT="Värmlands"/><SP WIDTH="19" VPOS="288" HPOS="696"/>
							<String ID="string_17" HPOS="715" VPOS="288" WIDTH="59" HEIGHT="29" WC="0.96" CONTENT="län"/><SP WIDTH="19" VPOS="288" HPOS="774"/>
							<String ID="string_18" HPOS="793" VPOS="290" WIDTH="91" HEIGHT="28" WC="0.96" CONTENT="samt"/><SP WIDTH="19" VPOS="290" HPOS="884"/>
							<String ID="string_19" HPOS="903" VPOS="288" WIDTH="64" HEIGHT="30" WC="0.96" CONTENT="hos"/><SP WIDTH="20" VPOS="288" HPOS="967"/>
							<String ID="string_20" HPOS="987" VPOS="288" WIDTH="126" HEIGHT="39" WC="0.94" CONTENT="Kungl."/><SP WIDTH="20" VPOS="288" HPOS="1113"/>
							<String ID="string_21" HPOS="1133" VPOS="288" WIDTH="107" HEIGHT="40" WC="0.96" CONTENT="Maj:t"/><SP WIDTH="18" VPOS="288" HPOS="1240"/>
							<String ID="string_22" HPOS="1258" VPOS="288" WIDTH="142" HEIGHT="30" WC="0.96" CONTENT="anhålla"/><SP WIDTH="18" VPOS="288" HPOS="1400"/>
							<String ID="string_23" HPOS="1418" VPOS="297" WIDTH="58" HEIGHT="20" WC="0.93" CONTENT="om"/><SP WIDTH="20" VPOS="297" HPOS="1476"/>
							<String ID="string_24" HPOS="1496" VPOS="287" WIDTH="129" HEIGHT="41" WC="0.92" CONTENT="skynd-"/>
						</TextLine>
						<TextLine ID="line_3" HPOS="141" VPOS="341" WIDTH="1018" HEIGHT="40">
							<String ID="string_25" HPOS="141" VPOS="350" WIDTH="136" HEIGHT="21" WC="0.96" CONTENT="samma"/><SP WIDTH="13" VPOS="350" HPOS="277"/>
							<String ID="string_26" HPOS="290" VPOS="341" WIDTH="163" HEIGHT="40" WC="0.96" CONTENT="åtgärder"/><SP WIDTH="14" VPOS="341" HPOS="453"/>
							<String ID="string_27" HPOS="467" VPOS="341" WIDTH="54" HEIGHT="30" WC="0.96" CONTENT="för"/><SP WIDTH="15" VPOS="341" HPOS="521"/>
							<String ID="string_28" HPOS="536" VPOS="341" WIDTH="216" HEIGHT="30" WC="0.95" CONTENT="tillsättande"/><SP WIDTH="15" VPOS="341" HPOS="752"/>
							<String ID="string_29" HPOS="767" VPOS="351" WIDTH="43" HEIGHT="20" WC="0.96" CONTENT="av"/><SP WIDTH="14" VPOS="351" HPOS="810"/>
							<String ID="string_30" HPOS="824" VPOS="342" WIDTH="155" HEIGHT="30" WC="0.96" CONTENT="nämnda"/><SP WIDTH="14" VPOS="342" HPOS="979"/>
							<String ID="string_31" HPOS="993" VPOS="342" WIDTH="166" HEIGHT="39" WC="0.95" CONTENT="tjänster;"/>
						</TextLine>
					</TextBlock>
					<TextBlock ID="block_2" HPOS="138" VPOS="394" WIDTH="1488" HEIGHT="521">
						<TextLine ID="line_4" HPOS="185" VPOS="394" WIDTH="1439" HEIGHT="40">
							<String ID="string_32" HPOS="185" VPOS="394" WIDTH="72" HEIGHT="30" WC="0.96" CONTENT="dels"/><SP WIDTH="17" VPOS="394" HPOS="257"/>
							<String ID="string_33" HPOS="274" VPOS="394" WIDTH="66" HEIGHT="30" WC="0.96" CONTENT="ock"/><SP WIDTH="16" VPOS="394" HPOS="340"/>
							<String ID="string_34" HPOS="356" VPOS="395" WIDTH="57" HEIGHT="29" WC="0.96" CONTENT="två"/><SP WIDTH="16" VPOS="395" HPOS="413"/>
							<String ID="string_35" HPOS="429" VPOS="394" WIDTH="225" HEIGHT="40" WC="0.96" CONTENT="likalydande"/><SP WIDTH="16" VPOS="394" HPOS="654"/>
							<String ID="string_36" HPOS="670" VPOS="395" WIDTH="181" HEIGHT="34" WC="0.96" CONTENT="motioner,"/><SP WIDTH="17" VPOS="395" HPOS="851"/>
							<String ID="string_37" HPOS="868" VPOS="394" WIDTH="125" HEIGHT="31" WC="0.96" CONTENT="väckta"/><SP WIDTH="17" VPOS="394" HPOS="993"/>
							<String ID="string_38" HPOS="1010" VPOS="395" WIDTH="67" HEIGHT="29" WC="0.96" CONTENT="den"/><SP WIDTH="17" VPOS="395" HPOS="1077"/>
							<String ID="string_39" HPOS="1094" VPOS="404" WIDTH="65" HEIGHT="21" WC="0.96" CONTENT="ena"/><SP WIDTH="17" VPOS="404" HPOS="1159"/>
							<String ID="string_40" HPOS="1176" VPOS="394" WIDTH="96" HEIGHT="30" WC="0.96" CONTENT="inom"/><SP WIDTH="18" VPOS="394" HPOS="1272"/>
							<String ID="string_41" HPOS="1290" VPOS="394" WIDTH="111" HEIGHT="31" WC="0.96" CONTENT="första"/><SP WIDTH="17" VPOS="394" HPOS="1401"/>
							<String ID="string_42" HPOS="1418" VPOS="395" WIDTH="206" HEIGHT="29" WC="0.96" CONTENT="kammaren"/>
						</TextLine>
						<TextLine ID="line_5" HPOS="140" VPOS="448" WIDTH="1485" HEIGHT="40">
							<String ID="string_43" HPOS="140" VPOS="457" WIDTH="43" HEIGHT="21" WC="0.96" CONTENT="av"/><SP WIDTH="14" VPOS="457" HPOS="183"/>
							<String ID="string_44" HPOS="197" VPOS="448" WIDTH="122" HEIGHT="29" WC="0.96" CONTENT="herrar"/><SP WIDTH="15" VPOS="448" HPOS="319"/>
							<String ID="string_45" HPOS="334" VPOS="448" WIDTH="97" HEIGHT="29" WC="0.96" CONTENT="Knut"/><SP WIDTH="13" VPOS="448" HPOS="431"/>
							<String ID="string_46" HPOS="444" VPOS="448" WIDTH="201" HEIGHT="30" WC="0.96" CONTENT="Johansson"/><SP WIDTH="17" VPOS="448" HPOS="645"/>
							<String ID="string_47" HPOS="662" VPOS="449" WIDTH="66" HEIGHT="29" WC="0.96" CONTENT="och"/><SP WIDTH="18" VPOS="449" HPOS="728"/>
							<String ID="string_48" HPOS="746" VPOS="448" WIDTH="88" HEIGHT="40" WC="0.96" CONTENT="Tage"/><SP WIDTH="15" VPOS="448" HPOS="834"/>
							<String ID="string_49" HPOS="849" VPOS="448" WIDTH="200" HEIGHT="30" WC="0.95" CONTENT="Johansson"/><SP WIDTH="22" VPOS="448" HPOS="1049"/>
							<String ID="string_50" HPOS="1071" VPOS="448" WIDTH="47" HEIGHT="34" WC="0.90" CONTENT="(1:"/><SP WIDTH="16" VPOS="448" HPOS="1118"/>
							<String ID="string_51" HPOS="1134" VPOS="448" WIDTH="81" HEIGHT="34" WC="0.90" CONTENT="415)"/><SP WIDTH="21" VPOS="448" HPOS="1215"/>
							<String ID="string_52" HPOS="1236" VPOS="449" WIDTH="66" HEIGHT="29" WC="0.96" CONTENT="och"/><SP WIDTH="16" VPOS="449" HPOS="1302"/>
							<String ID="string_53" HPOS="1318" VPOS="448" WIDTH="67" HEIGHT="30" WC="0.96" CONTENT="den"/><SP WIDTH="15" VPOS="448" HPOS="1385"/>
							<String ID="string_54" HPOS="1400" VPOS="448" WIDTH="111" HEIGHT="30" WC="0.96" CONTENT="andra"/><SP WIDTH="16" VPOS="448" HPOS="1511"/>
							<String ID="string_55" HPOS="1527" VPOS="448" WIDTH="98" HEIGHT="29" WC="0.96" CONTENT="inom"/>
						</TextLine>
						<TextLine ID="line_6" HPOS="139" VPOS="500" WIDTH="1487" HEIGHT="36">
							<String ID="string_56" HPOS="139" VPOS="500" WIDTH="110" HEIGHT="31" WC="0.96" CONTENT="andra"/><SP WIDTH="15" VPOS="500" HPOS="249"/>
							<String ID="string_57" HPOS="264" VPOS="501" WIDTH="206" HEIGHT="30" WC="0.96" CONTENT="kammaren"/><SP WIDTH="16" VPOS="501" HPOS="470"/>
							<String ID="string_58" HPOS="486" VPOS="510" WIDTH="42" HEIGHT="21" WC="0.96" CONTENT="av"/><SP WIDTH="15" VPOS="510" HPOS="528"/>
							<String ID="string_59" HPOS="543" VPOS="502" WIDTH="122" HEIGHT="29" WC="0.90" CONTENT="herrar"/><SP WIDTH="15" VPOS="502" HPOS="665"/>
							<String ID="string_60" HPOS="680" VPOS="502" WIDTH="134" HEIGHT="30" WC="0.90" CONTENT="Carbell"/><SP WIDTH="15" VPOS="502" HPOS="814"/>
							<String ID="string_61" HPOS="829" VPOS="502" WIDTH="65" HEIGHT="30" WC="0.92" CONTENT="och"/><SP WIDTH="15" VPOS="502" HPOS="894"/>
							<String ID="string_62" HPOS="909" VPOS="502" WIDTH="106" HEIGHT="30" WC="0.88" CONTENT="Eskel"/><SP WIDTH="20" VPOS="502" HPOS="1015"/>
							<String ID="string_63" HPOS="1035" VPOS="501" WIDTH="63" HEIGHT="34" WC="0.70" CONTENT="(II:"/><SP WIDTH="17" VPOS="501" HPOS="1098"/>
							<String ID="string_64" HPOS="1115" VPOS="501" WIDTH="95" HEIGHT="35" WC="0.96" CONTENT="616),"/><SP WIDTH="15" VPOS="501" HPOS="1210"/>
							<String ID="string_65" HPOS="1225" VPOS="502" WIDTH="12" HEIGHT="29" WC="0.96" CONTENT="i"/><SP WIDTH="15" VPOS="502" HPOS="1237"/>
							<String ID="string_66" HPOS="1252" VPOS="501" WIDTH="95" HEIGHT="31" WC="0.93" CONTENT="vilka"/><SP WIDTH="15" VPOS="501" HPOS="1347"/>
							<String ID="string_67" HPOS="1362" VPOS="501" WIDTH="198" HEIGHT="31" WC="0.90" CONTENT="hemställts"/><SP WIDTH="15" VPOS="501" HPOS="1560"/>
							<String ID="string_68" HPOS="1575" VPOS="502" WIDTH="51" HEIGHT="29" WC="0.96" CONTENT="att"/>
						</TextLine>
						<TextLine ID="line_7" HPOS="140" VPOS="554" WIDTH="1485" HEIGHT="41">
							<String ID="string_69" HPOS="140" VPOS="554" WIDTH="187" HEIGHT="40" WC="0.96" CONTENT="riksdagen"/><SP WIDTH="22" VPOS="554" HPOS="327"/>
							<String ID="string_70" HPOS="349" VPOS="555" WIDTH="11" HEIGHT="29" WC="0.96" CONTENT="i"/><SP WIDTH="23" VPOS="555" HPOS="360"/>
							<String ID="string_71" HPOS="383" VPOS="555" WIDTH="166" HEIGHT="30" WC="0.95" CONTENT="skrivelse"/><SP WIDTH="22" VPOS="555" HPOS="549"/>
							<String ID="string_72" HPOS="571" VPOS="555" WIDTH="53" HEIGHT="30" WC="0.96" CONTENT="till"/><SP WIDTH="24" VPOS="555" HPOS="624"/>
							<String ID="string_73" HPOS="648" VPOS="554" WIDTH="125" HEIGHT="41" WC="0.96" CONTENT="Kungl."/><SP WIDTH="23" VPOS="554" HPOS="773"/>
							<String ID="string_74" HPOS="796" VPOS="555" WIDTH="106" HEIGHT="40" WC="0.95" CONTENT="Maj:t"/><SP WIDTH="22" VPOS="555" HPOS="902"/>
							<String ID="string_75" HPOS="924" VPOS="555" WIDTH="108" HEIGHT="30" WC="0.96" CONTENT="måtte"/><SP WIDTH="23" VPOS="555" HPOS="1032"/>
							<String ID="string_76" HPOS="1055" VPOS="555" WIDTH="141" HEIGHT="30" WC="0.96" CONTENT="anhålla"/><SP WIDTH="23" VPOS="555" HPOS="1196"/>
							<String ID="string_77" HPOS="1219" VPOS="557" WIDTH="51" HEIGHT="28" WC="0.96" CONTENT="att"/><SP WIDTH="24" VPOS="557" HPOS="1270"/>
							<String ID="string_78" HPOS="1294" VPOS="555" WIDTH="125" HEIGHT="39" WC="0.95" CONTENT="Kungl."/><SP WIDTH="22" VPOS="555" HPOS="1419"/>
							<String ID="string_79" HPOS="1441" VPOS="554" WIDTH="108" HEIGHT="40" WC="0.93" CONTENT="Maj:t"/><SP WIDTH="22" VPOS="554" HPOS="1549"/>
							<String ID="string_80" HPOS="1571" VPOS="556" WIDTH="54" HEIGHT="28" WC="0.92" CONTENT="ut-"/>
						</TextLine>
						<TextLine ID="line_8" HPOS="139" VPOS="607" WIDTH="1486" HEIGHT="41">
							<String ID="string_81" HPOS="139" VPOS="608" WIDTH="120" HEIGHT="30" WC="0.92" CONTENT="färdar"/><SP WIDTH="21" VPOS="608" HPOS="259"/>
							<String ID="string_82" HPOS="280" VPOS="608" WIDTH="277" HEIGHT="40" WC="0.96" CONTENT="bemyndigande"/><SP WIDTH="22" VPOS="608" HPOS="557"/>
							<String ID="string_83" HPOS="579" VPOS="608" WIDTH="57" HEIGHT="30" WC="0.93" CONTENT="för"/><SP WIDTH="21" VPOS="608" HPOS="636"/>
							<String ID="string_84" HPOS="657" VPOS="608" WIDTH="484" HEIGHT="40" WC="0.91" CONTENT="arbetsmarknadsstyrelsen"/><SP WIDTH="21" VPOS="608" HPOS="1141"/>
							<String ID="string_85" HPOS="1162" VPOS="610" WIDTH="51" HEIGHT="28" WC="0.96" CONTENT="att"/><SP WIDTH="22" VPOS="610" HPOS="1213"/>
							<String ID="string_86" HPOS="1235" VPOS="608" WIDTH="112" HEIGHT="30" WC="0.96" CONTENT="under"/><SP WIDTH="20" VPOS="608" HPOS="1347"/>
							<String ID="string_87" HPOS="1367" VPOS="608" WIDTH="149" HEIGHT="39" WC="0.93" CONTENT="löpande"/><SP WIDTH="23" VPOS="608" HPOS="1516"/>
							<String ID="string_88" HPOS="1539" VPOS="607" WIDTH="86" HEIGHT="30" WC="0.93" CONTENT="bud-"/>
						</TextLine>
						<TextLine ID="line_9" HPOS="139" VPOS="661" WIDTH="1486" HEIGHT="41">
							<String ID="string_89" HPOS="139" VPOS="661" WIDTH="97" HEIGHT="41" WC="0.93" CONTENT="getår"/><SP WIDTH="12" VPOS="661" HPOS="236"/>
							<String ID="string_90" HPOS="248" VPOS="661" WIDTH="150" HEIGHT="31" WC="0.96" CONTENT="anställa"/><SP WIDTH="14" VPOS="661" HPOS="398"/>
							<String ID="string_91" HPOS="412" VPOS="662" WIDTH="206" HEIGHT="39" WC="0.96" CONTENT="erforderlig"/><SP WIDTH="12" VPOS="662" HPOS="618"/>
							<String ID="string_92" HPOS="630" VPOS="662" WIDTH="161" HEIGHT="39" WC="0.96" CONTENT="personal"/><SP WIDTH="15" VPOS="662" HPOS="791"/>
							<String ID="string_93" HPOS="806" VPOS="662" WIDTH="54" HEIGHT="29" WC="0.93" CONTENT="för"/><SP WIDTH="14" VPOS="662" HPOS="860"/>
							<String ID="string_94" HPOS="874" VPOS="661" WIDTH="435" HEIGHT="30" WC="0.91" CONTENT="länsarbetsnämndernas"/><SP WIDTH="15" VPOS="661" HPOS="1309"/>
							<String ID="string_95" HPOS="1324" VPOS="661" WIDTH="301" HEIGHT="39" WC="0.90" CONTENT="sysselsättnings-"/>
						</TextLine>
						<TextLine ID="line_10" HPOS="138" VPOS="714" WIDTH="1486" HEIGHT="41">
							<String ID="string_96" HPOS="138" VPOS="714" WIDTH="182" HEIGHT="41" WC="0.96" CONTENT="planering"/><SP WIDTH="16" VPOS="714" HPOS="320"/>
							<String ID="string_97" HPOS="336" VPOS="714" WIDTH="55" HEIGHT="30" WC="0.93" CONTENT="för"/><SP WIDTH="15" VPOS="714" HPOS="391"/>
							<String ID="string_98" HPOS="406" VPOS="714" WIDTH="388" HEIGHT="40" WC="0.90" CONTENT="byggnadsindustrien,"/><SP WIDTH="18" VPOS="714" HPOS="794"/>
							<String ID="string_99" HPOS="812" VPOS="717" WIDTH="90" HEIGHT="28" WC="0.96" CONTENT="samt"/><SP WIDTH="17" VPOS="717" HPOS="902"/>
							<String ID="string_100" HPOS="919" VPOS="717" WIDTH="50" HEIGHT="28" WC="0.96" CONTENT="att"/><SP WIDTH="17" VPOS="717" HPOS="969"/>
							<String ID="string_101" HPOS="986" VPOS="715" WIDTH="188" HEIGHT="39" WC="0.95" CONTENT="riksdagen"/><SP WIDTH="17" VPOS="715" HPOS="1174"/>
							<String ID="string_102" HPOS="1191" VPOS="714" WIDTH="54" HEIGHT="30" WC="0.96" CONTENT="för"/><SP WIDTH="15" VPOS="714" HPOS="1245"/>
							<String ID="string_103" HPOS="1260" VPOS="714" WIDTH="204" HEIGHT="40" WC="0.93" CONTENT="budgetåret"/><SP WIDTH="20" VPOS="714" HPOS="1464"/>
							<String ID="string_104" HPOS="1484" VPOS="714" WIDTH="140" HEIGHT="30" WC="0.85" CONTENT="1964/65"/>
						</TextLine>
						<TextLine ID="line_11" HPOS="141" VPOS="766" WIDTH="1484" HEIGHT="42">
							<String ID="string_105" HPOS="141" VPOS="769" WIDTH="110" HEIGHT="29" WC="0.96" CONTENT="under"/><SP WIDTH="19" VPOS="769" HPOS="251"/>
							<String ID="string_106" HPOS="270" VPOS="768" WIDTH="157" HEIGHT="40" WC="0.95" CONTENT="anslaget"/><SP WIDTH="19" VPOS="768" HPOS="427"/>
							<String ID="string_107" HPOS="446" VPOS="768" WIDTH="51" HEIGHT="30" WC="0.93" CONTENT="till"/><SP WIDTH="21" VPOS="768" HPOS="497"/>
							<String ID="string_108" HPOS="518" VPOS="768" WIDTH="398" HEIGHT="40" WC="0.92" CONTENT="Arbetsförmedlingen:"/><SP WIDTH="21" VPOS="768" HPOS="916"/>
							<String ID="string_109" HPOS="937" VPOS="768" WIDTH="215" HEIGHT="39" WC="0.92" CONTENT="Avlöningar"/><SP WIDTH="20" VPOS="768" HPOS="1152"/>
							<String ID="string_110" HPOS="1172" VPOS="768" WIDTH="265" HEIGHT="39" WC="0.91" CONTENT="anslagsposten"/><SP WIDTH="19" VPOS="768" HPOS="1437"/>
							<String ID="string_111" HPOS="1456" VPOS="766" WIDTH="169" HEIGHT="39" WC="0.96" CONTENT="Tillfällig"/>
						</TextLine>
						<TextLine ID="line_12" HPOS="138" VPOS="820" WIDTH="1485" HEIGHT="42">
							<String ID="string_112" HPOS="138" VPOS="822" WIDTH="161" HEIGHT="40" WC="0.96" CONTENT="personal"/><SP WIDTH="23" VPOS="822" HPOS="299"/>
							<String ID="string_113" HPOS="322" VPOS="821" WIDTH="139" HEIGHT="30" WC="0.96" CONTENT="anvisar"/><SP WIDTH="25" VPOS="821" HPOS="461"/>
							<String ID="string_114" HPOS="486" VPOS="822" WIDTH="91" HEIGHT="29" WC="0.95" CONTENT="1471"/><SP WIDTH="17" VPOS="822" HPOS="577"/>
							<String ID="string_115" HPOS="594" VPOS="821" WIDTH="63" HEIGHT="30" WC="0.95" CONTENT="200"/><SP WIDTH="22" VPOS="821" HPOS="657"/>
							<String ID="string_116" HPOS="679" VPOS="822" WIDTH="52" HEIGHT="29" WC="0.96" CONTENT="kr."/><SP WIDTH="22" VPOS="822" HPOS="731"/>
							<String ID="string_117" HPOS="753" VPOS="822" WIDTH="53" HEIGHT="29" WC="0.96" CONTENT="till"/><SP WIDTH="22" VPOS="822" HPOS="806"/>
							<String ID="string_118" HPOS="828" VPOS="822" WIDTH="161" HEIGHT="39" WC="0.96" CONTENT="personal"/><SP WIDTH="23" VPOS="822" HPOS="989"/>
							<String ID="string_119" HPOS="1012" VPOS="822" WIDTH="56" HEIGHT="29" WC="0.93" CONTENT="för"/><SP WIDTH="21" VPOS="822" HPOS="1068"/>
							<String ID="string_120" HPOS="1089" VPOS="820" WIDTH="502" HEIGHT="41" WC="0.91" CONTENT="byggnadsplaneringsfrågor"/><SP WIDTH="21" VPOS="820" HPOS="1591"/>
							<String ID="string_121" HPOS="1612" VPOS="820" WIDTH="11" HEIGHT="29" WC="0.96" CONTENT="i"/>
						</TextLine>
						<TextLine ID="line_13" HPOS="138" VPOS="875" WIDTH="926" HEIGHT="40">
							<String ID="string_122" HPOS="138" VPOS="875" WIDTH="153" HEIGHT="40" WC="0.96" CONTENT="enlighet"/><SP WIDTH="17" VPOS="875" HPOS="291"/>
							<String ID="string_123" HPOS="308" VPOS="875" WIDTH="79" HEIGHT="30" WC="0.93" CONTENT="med"/><SP WIDTH="16" VPOS="875" HPOS="387"/>
							<String ID="string_124" HPOS="403" VPOS="875" WIDTH="501" HEIGHT="40" WC="0.91" CONTENT="arbetsmarknadsstyrelsens"/><SP WIDTH="18" VPOS="875" HPOS="904"/>
							<String ID="string_125" HPOS="922" VPOS="875" WIDTH="142" HEIGHT="38" WC="0.96" CONTENT="förslag."/>
						</TextLine>
					</TextBlock>
					<TextBlock ID="block_3" HPOS="140" VPOS="926" WIDTH="1483" HEIGHT="90">
						<TextLine ID="line_14" HPOS="181" VPOS="926" WIDTH="1442" HEIGHT="42">
							<String ID="string_126" HPOS="181" VPOS="928" WIDTH="227" HEIGHT="31" WC="0.96" CONTENT="Beträffande"/><SP WIDTH="21" VPOS="928" HPOS="408"/>
							<String ID="string_127" HPOS="429" VPOS="928" WIDTH="253" HEIGHT="40" WC="0.96" CONTENT="motiveringen"/><SP WIDTH="20" VPOS="928" HPOS="682"/>
							<String ID="string_128" HPOS="702" VPOS="929" WIDTH="55" HEIGHT="29" WC="0.96" CONTENT="för"/><SP WIDTH="19" VPOS="929" HPOS="757"/>
							<String ID="string_129" HPOS="776" VPOS="928" WIDTH="205" HEIGHT="40" WC="0.96" CONTENT="yrkandena"/><SP WIDTH="20" VPOS="928" HPOS="981"/>
							<String ID="string_130" HPOS="1001" VPOS="928" WIDTH="166" HEIGHT="30" WC="0.96" CONTENT="hänvisas"/><SP WIDTH="22" VPOS="928" HPOS="1167"/>
							<String ID="string_131" HPOS="1189" VPOS="928" WIDTH="52" HEIGHT="29" WC="0.85" CONTENT="till"/><SP WIDTH="22" VPOS="928" HPOS="1241"/>
							<String ID="string_132" HPOS="1263" VPOS="927" WIDTH="219" HEIGHT="30" WC="0.95" CONTENT="motionerna"/><SP WIDTH="21" VPOS="927" HPOS="1482"/>
							<String ID="string_133" HPOS="1503" VPOS="927" WIDTH="30" HEIGHT="30" WC="0.89" CONTENT="I:"/><SP WIDTH="18" VPOS="927" HPOS="1533"/>
							<String ID="string_134" HPOS="1551" VPOS="926" WIDTH="72" HEIGHT="34" WC="0.94" CONTENT="183,"/>
						</TextLine>
						<TextLine ID="line_15" HPOS="140" VPOS="982" WIDTH="499" HEIGHT="34">
							<String ID="string_135" HPOS="140" VPOS="982" WIDTH="45" HEIGHT="30" WC="0.84" CONTENT="11:"/><SP WIDTH="16" VPOS="982" HPOS="185"/>
							<String ID="string_136" HPOS="201" VPOS="982" WIDTH="74" HEIGHT="34" WC="0.94" CONTENT="355,"/><SP WIDTH="19" VPOS="982" HPOS="275"/>
							<String ID="string_137" HPOS="294" VPOS="982" WIDTH="46" HEIGHT="30" WC="0.71" CONTENT="II:"/><SP WIDTH="16" VPOS="982" HPOS="340"/>
							<String ID="string_138" HPOS="356" VPOS="982" WIDTH="61" HEIGHT="29" WC="0.92" CONTENT="631"/><SP WIDTH="20" VPOS="982" HPOS="417"/>
							<String ID="string_139" HPOS="437" VPOS="983" WIDTH="65" HEIGHT="28" WC="0.96" CONTENT="och"/><SP WIDTH="18" VPOS="983" HPOS="502"/>
							<String ID="string_140" HPOS="520" VPOS="982" WIDTH="29" HEIGHT="29" WC="0.70" CONTENT="1:"/><SP WIDTH="16" VPOS="982" HPOS="549"/>
							<String ID="string_141" HPOS="565" VPOS="982" WIDTH="74" HEIGHT="29" WC="0.90" CONTENT="415."/>
						</TextLine>
					</TextBlock>
				</ComposedBlock>
				<ComposedBlock ID="cblock_2" HPOS="138" VPOS="1091" WIDTH="1491" HEIGHT="1423">
					<TextBlock ID="block_4" HPOS="138" VPOS="1091" WIDTH="1486" HEIGHT="299">
						<TextLine ID="line_16" HPOS="185" VPOS="1091" WIDTH="1439" HEIGHT="41">
							<String ID="string_142" HPOS="185" VPOS="1093" WIDTH="185" HEIGHT="30" WC="0.96" CONTENT="Utskottet."/><SP WIDTH="22" VPOS="1093" HPOS="370"/>
							<String ID="string_143" HPOS="392" VPOS="1093" WIDTH="65" HEIGHT="29" WC="0.96" CONTENT="Vid"/><SP WIDTH="23" VPOS="1093" HPOS="457"/>
							<String ID="string_144" HPOS="480" VPOS="1093" WIDTH="55" HEIGHT="29" WC="0.96" CONTENT="sin"/><SP WIDTH="19" VPOS="1093" HPOS="535"/>
							<String ID="string_145" HPOS="554" VPOS="1093" WIDTH="213" HEIGHT="39" WC="0.96" CONTENT="behandling"/><SP WIDTH="21" VPOS="1093" HPOS="767"/>
							<String ID="string_146" HPOS="788" VPOS="1102" WIDTH="42" HEIGHT="20" WC="0.96" CONTENT="av"/><SP WIDTH="22" VPOS="1102" HPOS="830"/>
							<String ID="string_147" HPOS="852" VPOS="1092" WIDTH="245" HEIGHT="30" WC="0.93" CONTENT="motsvarande"/><SP WIDTH="22" VPOS="1092" HPOS="1097"/>
							<String ID="string_148" HPOS="1119" VPOS="1091" WIDTH="256" HEIGHT="40" WC="0.91" CONTENT="anslagspunkt"/><SP WIDTH="21" VPOS="1091" HPOS="1375"/>
							<String ID="string_149" HPOS="1396" VPOS="1091" WIDTH="11" HEIGHT="29" WC="0.97" CONTENT="i"/><SP WIDTH="22" VPOS="1091" HPOS="1407"/>
							<String ID="string_150" HPOS="1429" VPOS="1091" WIDTH="65" HEIGHT="39" WC="0.93" CONTENT="fjol"/><SP WIDTH="23" VPOS="1091" HPOS="1494"/>
							<String ID="string_151" HPOS="1517" VPOS="1091" WIDTH="107" HEIGHT="29" WC="0.91" CONTENT="fram-"/>
						</TextLine>
						<TextLine ID="line_17" HPOS="138" VPOS="1143" WIDTH="1486" HEIGHT="42">
							<String ID="string_152" HPOS="138" VPOS="1146" WIDTH="72" HEIGHT="30" WC="0.96" CONTENT="höll"/><SP WIDTH="18" VPOS="1146" HPOS="210"/>
							<String ID="string_153" HPOS="228" VPOS="1146" WIDTH="171" HEIGHT="30" WC="0.96" CONTENT="utskottet"/><SP WIDTH="16" VPOS="1146" HPOS="399"/>
							<String ID="string_154" HPOS="415" VPOS="1146" WIDTH="119" HEIGHT="30" WC="0.96" CONTENT="vikten"/><SP WIDTH="17" VPOS="1146" HPOS="534"/>
							<String ID="string_155" HPOS="551" VPOS="1156" WIDTH="42" HEIGHT="20" WC="0.96" CONTENT="av"/><SP WIDTH="17" VPOS="1156" HPOS="593"/>
							<String ID="string_156" HPOS="610" VPOS="1148" WIDTH="51" HEIGHT="28" WC="0.93" CONTENT="att"/><SP WIDTH="18" VPOS="1148" HPOS="661"/>
							<String ID="string_157" HPOS="679" VPOS="1145" WIDTH="373" HEIGHT="40" WC="0.91" CONTENT="arbetsförmedlingen"/><SP WIDTH="18" VPOS="1145" HPOS="1052"/>
							<String ID="string_158" HPOS="1070" VPOS="1145" WIDTH="143" HEIGHT="30" WC="0.96" CONTENT="besitter"/><SP WIDTH="18" VPOS="1145" HPOS="1213"/>
							<String ID="string_159" HPOS="1231" VPOS="1153" WIDTH="156" HEIGHT="21" WC="0.96" CONTENT="resurser"/><SP WIDTH="19" VPOS="1153" HPOS="1387"/>
							<String ID="string_160" HPOS="1406" VPOS="1144" WIDTH="54" HEIGHT="29" WC="0.96" CONTENT="för"/><SP WIDTH="18" VPOS="1144" HPOS="1460"/>
							<String ID="string_161" HPOS="1478" VPOS="1144" WIDTH="55" HEIGHT="29" WC="0.92" CONTENT="sin"/><SP WIDTH="17" VPOS="1144" HPOS="1533"/>
							<String ID="string_162" HPOS="1550" VPOS="1143" WIDTH="74" HEIGHT="30" WC="0.92" CONTENT="vik-"/>
						</TextLine>
						<TextLine ID="line_18" HPOS="139" VPOS="1196" WIDTH="1485" HEIGHT="44">
							<String ID="string_163" HPOS="139" VPOS="1199" WIDTH="71" HEIGHT="41" WC="0.96" CONTENT="tiga"/><SP WIDTH="15" VPOS="1199" HPOS="210"/>
							<String ID="string_164" HPOS="225" VPOS="1199" WIDTH="138" HEIGHT="40" WC="0.96" CONTENT="uppgift"/><SP WIDTH="15" VPOS="1199" HPOS="363"/>
							<String ID="string_165" HPOS="378" VPOS="1199" WIDTH="10" HEIGHT="29" WC="0.96" CONTENT="i"/><SP WIDTH="16" VPOS="1199" HPOS="388"/>
							<String ID="string_166" HPOS="404" VPOS="1199" WIDTH="323" HEIGHT="40" WC="0.96" CONTENT="upprätthållandet"/><SP WIDTH="15" VPOS="1199" HPOS="727"/>
							<String ID="string_167" HPOS="742" VPOS="1208" WIDTH="42" HEIGHT="21" WC="0.96" CONTENT="av"/><SP WIDTH="14" VPOS="1208" HPOS="784"/>
							<String ID="string_168" HPOS="798" VPOS="1209" WIDTH="43" HEIGHT="20" WC="0.96" CONTENT="en"/><SP WIDTH="15" VPOS="1209" HPOS="841"/>
							<String ID="string_169" HPOS="856" VPOS="1200" WIDTH="67" HEIGHT="39" WC="0.96" CONTENT="hög"/><SP WIDTH="15" VPOS="1200" HPOS="923"/>
							<String ID="string_170" HPOS="938" VPOS="1199" WIDTH="65" HEIGHT="30" WC="0.96" CONTENT="och"/><SP WIDTH="13" VPOS="1199" HPOS="1003"/>
							<String ID="string_171" HPOS="1016" VPOS="1199" WIDTH="102" HEIGHT="40" WC="0.96" CONTENT="jämn"/><SP WIDTH="16" VPOS="1199" HPOS="1118"/>
							<String ID="string_172" HPOS="1134" VPOS="1198" WIDTH="267" HEIGHT="40" WC="0.96" CONTENT="sysselsättning"/><SP WIDTH="14" VPOS="1198" HPOS="1401"/>
							<String ID="string_173" HPOS="1415" VPOS="1198" WIDTH="66" HEIGHT="29" WC="0.96" CONTENT="och"/><SP WIDTH="14" VPOS="1198" HPOS="1481"/>
							<String ID="string_174" HPOS="1495" VPOS="1206" WIDTH="44" HEIGHT="20" WC="0.92" CONTENT="en"/><SP WIDTH="14" VPOS="1206" HPOS="1539"/>
							<String ID="string_175" HPOS="1553" VPOS="1196" WIDTH="71" HEIGHT="31" WC="0.91" CONTENT="rik-"/>
						</TextLine>
						<TextLine ID="line_19" HPOS="138" VPOS="1250" WIDTH="1486" HEIGHT="43">
							<String ID="string_176" HPOS="138" VPOS="1253" WIDTH="49" HEIGHT="40" WC="0.96" CONTENT="tig"/><SP WIDTH="19" VPOS="1253" HPOS="187"/>
							<String ID="string_177" HPOS="206" VPOS="1253" WIDTH="210" HEIGHT="40" WC="0.96" CONTENT="disposition"/><SP WIDTH="18" VPOS="1253" HPOS="416"/>
							<String ID="string_178" HPOS="434" VPOS="1263" WIDTH="43" HEIGHT="20" WC="0.96" CONTENT="av"/><SP WIDTH="18" VPOS="1263" HPOS="477"/>
							<String ID="string_179" HPOS="495" VPOS="1252" WIDTH="269" HEIGHT="31" WC="0.96" CONTENT="arbetskraften."/><SP WIDTH="20" VPOS="1252" HPOS="764"/>
							<String ID="string_180" HPOS="784" VPOS="1252" WIDTH="79" HEIGHT="31" WC="0.96" CONTENT="Med"/><SP WIDTH="19" VPOS="1252" HPOS="863"/>
							<String ID="string_181" HPOS="882" VPOS="1251" WIDTH="212" HEIGHT="40" WC="0.96" CONTENT="hänvisning"/><SP WIDTH="20" VPOS="1251" HPOS="1094"/>
							<String ID="string_182" HPOS="1114" VPOS="1251" WIDTH="53" HEIGHT="31" WC="0.96" CONTENT="till"/><SP WIDTH="20" VPOS="1251" HPOS="1167"/>
							<String ID="string_183" HPOS="1187" VPOS="1251" WIDTH="115" HEIGHT="30" WC="0.96" CONTENT="denna"/><SP WIDTH="21" VPOS="1251" HPOS="1302"/>
							<String ID="string_184" HPOS="1323" VPOS="1251" WIDTH="53" HEIGHT="29" WC="0.96" CONTENT="sin"/><SP WIDTH="20" VPOS="1251" HPOS="1376"/>
							<String ID="string_185" HPOS="1396" VPOS="1250" WIDTH="228" HEIGHT="40" WC="0.95" CONTENT="uppfattning"/>
						</TextLine>
						<TextLine ID="line_20" HPOS="139" VPOS="1304" WIDTH="1485" HEIGHT="41">
							<String ID="string_186" HPOS="139" VPOS="1307" WIDTH="66" HEIGHT="30" WC="0.96" CONTENT="och"/><SP WIDTH="15" VPOS="1307" HPOS="205"/>
							<String ID="string_187" HPOS="220" VPOS="1306" WIDTH="52" HEIGHT="30" WC="0.96" CONTENT="till"/><SP WIDTH="16" VPOS="1306" HPOS="272"/>
							<String ID="string_188" HPOS="288" VPOS="1307" WIDTH="67" HEIGHT="29" WC="0.97" CONTENT="vad"/><SP WIDTH="17" VPOS="1307" HPOS="355"/>
							<String ID="string_189" HPOS="372" VPOS="1307" WIDTH="170" HEIGHT="29" WC="0.96" CONTENT="utskottet"/><SP WIDTH="16" VPOS="1307" HPOS="542"/>
							<String ID="string_190" HPOS="558" VPOS="1306" WIDTH="127" HEIGHT="30" WC="0.96" CONTENT="uttalat"/><SP WIDTH="17" VPOS="1306" HPOS="685"/>
							<String ID="string_191" HPOS="702" VPOS="1306" WIDTH="112" HEIGHT="30" WC="0.96" CONTENT="under"/><SP WIDTH="15" VPOS="1306" HPOS="814"/>
							<String ID="string_192" HPOS="829" VPOS="1306" WIDTH="114" HEIGHT="39" WC="0.96" CONTENT="punkt"/><SP WIDTH="16" VPOS="1306" HPOS="943"/>
							<String ID="string_193" HPOS="959" VPOS="1305" WIDTH="41" HEIGHT="30" WC="0.96" CONTENT="23"/><SP WIDTH="17" VPOS="1305" HPOS="1000"/>
							<String ID="string_194" HPOS="1017" VPOS="1305" WIDTH="184" HEIGHT="40" WC="0.96" CONTENT="avstyrker"/><SP WIDTH="16" VPOS="1305" HPOS="1201"/>
							<String ID="string_195" HPOS="1217" VPOS="1305" WIDTH="171" HEIGHT="29" WC="0.96" CONTENT="utskottet"/><SP WIDTH="16" VPOS="1305" HPOS="1388"/>
							<String ID="string_196" HPOS="1404" VPOS="1304" WIDTH="220" HEIGHT="30" WC="0.96" CONTENT="motionerna"/>
						</TextLine>
						<TextLine ID="line_21" HPOS="140" VPOS="1359" WIDTH="340" HEIGHT="31">
							<String ID="string_197" HPOS="140" VPOS="1360" WIDTH="29" HEIGHT="29" WC="0.91" CONTENT="I:"/><SP WIDTH="19" VPOS="1360" HPOS="169"/>
							<String ID="string_198" HPOS="188" VPOS="1359" WIDTH="60" HEIGHT="30" WC="0.95" CONTENT="183"/><SP WIDTH="16" VPOS="1359" HPOS="248"/>
							<String ID="string_199" HPOS="264" VPOS="1361" WIDTH="65" HEIGHT="29" WC="0.96" CONTENT="och"/><SP WIDTH="17" VPOS="1361" HPOS="329"/>
							<String ID="string_200" HPOS="346" VPOS="1359" WIDTH="45" HEIGHT="30" WC="0.93" CONTENT="II:"/><SP WIDTH="16" VPOS="1359" HPOS="391"/>
							<String ID="string_201" HPOS="407" VPOS="1359" WIDTH="73" HEIGHT="30" WC="0.95" CONTENT="230."/>
						</TextLine>
					</TextBlock>
					<TextBlock ID="block_5" HPOS="139" VPOS="1409" WIDTH="1487" HEIGHT="521">
						<TextLine ID="line_22" HPOS="184" VPOS="1409" WIDTH="1439" HEIGHT="42">
							<String ID="string_202" HPOS="184" VPOS="1413" WIDTH="12" HEIGHT="29" WC="0.95" CONTENT="I"/><SP WIDTH="22" VPOS="1413" HPOS="196"/>
							<String ID="string_203" HPOS="218" VPOS="1413" WIDTH="219" HEIGHT="29" WC="0.95" CONTENT="motionerna"/><SP WIDTH="20" VPOS="1413" HPOS="437"/>
							<String ID="string_204" HPOS="457" VPOS="1413" WIDTH="29" HEIGHT="29" WC="0.64" CONTENT="1:"/><SP WIDTH="16" VPOS="1413" HPOS="486"/>
							<String ID="string_205" HPOS="502" VPOS="1413" WIDTH="63" HEIGHT="29" WC="0.93" CONTENT="283"/><SP WIDTH="21" VPOS="1413" HPOS="565"/>
							<String ID="string_206" HPOS="586" VPOS="1413" WIDTH="66" HEIGHT="29" WC="0.96" CONTENT="och"/><SP WIDTH="20" VPOS="1413" HPOS="652"/>
							<String ID="string_207" HPOS="672" VPOS="1412" WIDTH="46" HEIGHT="30" WC="0.95" CONTENT="II:"/><SP WIDTH="16" VPOS="1412" HPOS="718"/>
							<String ID="string_208" HPOS="734" VPOS="1412" WIDTH="62" HEIGHT="29" WC="0.96" CONTENT="355"/><SP WIDTH="21" VPOS="1412" HPOS="796"/>
							<String ID="string_209" HPOS="817" VPOS="1413" WIDTH="65" HEIGHT="29" WC="0.91" CONTENT="har"/><SP WIDTH="19" VPOS="1413" HPOS="882"/>
							<String ID="string_210" HPOS="901" VPOS="1412" WIDTH="122" HEIGHT="39" WC="0.91" CONTENT="yrkats"/><SP WIDTH="21" VPOS="1412" HPOS="1023"/>
							<String ID="string_211" HPOS="1044" VPOS="1413" WIDTH="51" HEIGHT="28" WC="0.97" CONTENT="att"/><SP WIDTH="21" VPOS="1413" HPOS="1095"/>
							<String ID="string_212" HPOS="1116" VPOS="1411" WIDTH="40" HEIGHT="29" WC="0.96" CONTENT="55"/><SP WIDTH="22" VPOS="1411" HPOS="1156"/>
							<String ID="string_213" HPOS="1178" VPOS="1411" WIDTH="151" HEIGHT="39" WC="0.96" CONTENT="tjänster"/><SP WIDTH="19" VPOS="1411" HPOS="1329"/>
							<String ID="string_214" HPOS="1348" VPOS="1410" WIDTH="105" HEIGHT="29" WC="0.96" CONTENT="borde"/><SP WIDTH="21" VPOS="1410" HPOS="1453"/>
							<String ID="string_215" HPOS="1474" VPOS="1409" WIDTH="149" HEIGHT="30" WC="0.96" CONTENT="inrättas"/>
						</TextLine>
						<TextLine ID="line_23" HPOS="139" VPOS="1462" WIDTH="1485" HEIGHT="43">
							<String ID="string_216" HPOS="139" VPOS="1466" WIDTH="57" HEIGHT="30" WC="0.93" CONTENT="vid"/><SP WIDTH="20" VPOS="1466" HPOS="196"/>
							<String ID="string_217" HPOS="216" VPOS="1466" WIDTH="508" HEIGHT="39" WC="0.91" CONTENT="arbetsvårdsexpeditionerna"/><SP WIDTH="20" VPOS="1466" HPOS="724"/>
							<String ID="string_218" HPOS="744" VPOS="1465" WIDTH="11" HEIGHT="29" WC="0.96" CONTENT="i"/><SP WIDTH="20" VPOS="1465" HPOS="755"/>
							<String ID="string_219" HPOS="775" VPOS="1465" WIDTH="115" HEIGHT="30" WC="0.96" CONTENT="stället"/><SP WIDTH="20" VPOS="1465" HPOS="890"/>
							<String ID="string_220" HPOS="910" VPOS="1465" WIDTH="55" HEIGHT="29" WC="0.96" CONTENT="för"/><SP WIDTH="21" VPOS="1465" HPOS="965"/>
							<String ID="string_221" HPOS="986" VPOS="1464" WIDTH="124" HEIGHT="30" WC="0.96" CONTENT="endast"/><SP WIDTH="21" VPOS="1464" HPOS="1110"/>
							<String ID="string_222" HPOS="1131" VPOS="1464" WIDTH="40" HEIGHT="29" WC="0.96" CONTENT="20"/><SP WIDTH="22" VPOS="1464" HPOS="1171"/>
							<String ID="string_223" HPOS="1193" VPOS="1473" WIDTH="74" HEIGHT="20" WC="0.96" CONTENT="som"/><SP WIDTH="21" VPOS="1473" HPOS="1267"/>
							<String ID="string_224" HPOS="1288" VPOS="1463" WIDTH="125" HEIGHT="39" WC="0.95" CONTENT="Kungl."/><SP WIDTH="20" VPOS="1463" HPOS="1413"/>
							<String ID="string_225" HPOS="1433" VPOS="1462" WIDTH="107" HEIGHT="39" WC="0.96" CONTENT="Maj:t"/><SP WIDTH="20" VPOS="1462" HPOS="1540"/>
							<String ID="string_226" HPOS="1560" VPOS="1462" WIDTH="64" HEIGHT="29" WC="0.96" CONTENT="har"/>
						</TextLine>
						<TextLine ID="line_24" HPOS="139" VPOS="1515" WIDTH="1484" HEIGHT="43">
							<String ID="string_227" HPOS="139" VPOS="1519" WIDTH="189" HEIGHT="39" WC="0.96" CONTENT="föreslagit."/><SP WIDTH="19" VPOS="1519" HPOS="328"/>
							<String ID="string_228" HPOS="347" VPOS="1519" WIDTH="176" HEIGHT="30" WC="0.96" CONTENT="Utskottet"/><SP WIDTH="17" VPOS="1519" HPOS="523"/>
							<String ID="string_229" HPOS="540" VPOS="1519" WIDTH="64" HEIGHT="29" WC="0.97" CONTENT="har"/><SP WIDTH="18" VPOS="1519" HPOS="604"/>
							<String ID="string_230" HPOS="622" VPOS="1520" WIDTH="136" HEIGHT="28" WC="0.96" CONTENT="noterat"/><SP WIDTH="17" VPOS="1520" HPOS="758"/>
							<String ID="string_231" HPOS="775" VPOS="1520" WIDTH="50" HEIGHT="28" WC="0.93" CONTENT="att"/><SP WIDTH="18" VPOS="1520" HPOS="825"/>
							<String ID="string_232" HPOS="843" VPOS="1517" WIDTH="493" HEIGHT="30" WC="0.91" CONTENT="arbetsvårdsverksamheten"/><SP WIDTH="19" VPOS="1517" HPOS="1336"/>
							<String ID="string_233" HPOS="1355" VPOS="1517" WIDTH="80" HEIGHT="29" WC="0.96" CONTENT="1961"/><SP WIDTH="20" VPOS="1517" HPOS="1435"/>
							<String ID="string_234" HPOS="1455" VPOS="1516" WIDTH="89" HEIGHT="30" WC="0.96" CONTENT="hade"/><SP WIDTH="20" VPOS="1516" HPOS="1544"/>
							<String ID="string_235" HPOS="1564" VPOS="1515" WIDTH="59" HEIGHT="30" WC="0.96" CONTENT="131"/>
						</TextLine>
						<TextLine ID="line_25" HPOS="140" VPOS="1568" WIDTH="1484" HEIGHT="44">
							<String ID="string_236" HPOS="140" VPOS="1582" WIDTH="165" HEIGHT="30" WC="0.96" CONTENT="personer"/><SP WIDTH="20" VPOS="1582" HPOS="305"/>
							<String ID="string_237" HPOS="325" VPOS="1573" WIDTH="52" HEIGHT="29" WC="0.95" CONTENT="till"/><SP WIDTH="22" VPOS="1573" HPOS="377"/>
							<String ID="string_238" HPOS="399" VPOS="1573" WIDTH="58" HEIGHT="29" WC="0.96" CONTENT="sitt"/><SP WIDTH="22" VPOS="1573" HPOS="457"/>
							<String ID="string_239" HPOS="479" VPOS="1572" WIDTH="206" HEIGHT="40" WC="0.95" CONTENT="förfogande"/><SP WIDTH="20" VPOS="1572" HPOS="685"/>
							<String ID="string_240" HPOS="705" VPOS="1572" WIDTH="66" HEIGHT="29" WC="0.96" CONTENT="och"/><SP WIDTH="20" VPOS="1572" HPOS="771"/>
							<String ID="string_241" HPOS="791" VPOS="1572" WIDTH="78" HEIGHT="29" WC="0.96" CONTENT="med"/><SP WIDTH="21" VPOS="1572" HPOS="869"/>
							<String ID="string_242" HPOS="890" VPOS="1571" WIDTH="126" HEIGHT="40" WC="0.95" CONTENT="Kungl."/><SP WIDTH="21" VPOS="1571" HPOS="1016"/>
							<String ID="string_243" HPOS="1037" VPOS="1570" WIDTH="125" HEIGHT="40" WC="0.96" CONTENT="Maj:ts"/><SP WIDTH="21" VPOS="1570" HPOS="1162"/>
							<String ID="string_244" HPOS="1183" VPOS="1570" WIDTH="132" HEIGHT="39" WC="0.95" CONTENT="förslag"/><SP WIDTH="19" VPOS="1570" HPOS="1315"/>
							<String ID="string_245" HPOS="1334" VPOS="1570" WIDTH="101" HEIGHT="29" WC="0.96" CONTENT="nästa"/><SP WIDTH="20" VPOS="1570" HPOS="1435"/>
							<String ID="string_246" HPOS="1455" VPOS="1568" WIDTH="169" HEIGHT="40" WC="0.96" CONTENT="budgetår"/>
						</TextLine>
						<TextLine ID="line_26" HPOS="141" VPOS="1621" WIDTH="1483" HEIGHT="44">
							<String ID="string_247" HPOS="141" VPOS="1627" WIDTH="158" HEIGHT="29" WC="0.96" CONTENT="kommer"/><SP WIDTH="14" VPOS="1627" HPOS="299"/>
							<String ID="string_248" HPOS="313" VPOS="1628" WIDTH="51" HEIGHT="28" WC="0.96" CONTENT="att"/><SP WIDTH="13" VPOS="1628" HPOS="364"/>
							<String ID="string_249" HPOS="377" VPOS="1626" WIDTH="45" HEIGHT="30" WC="0.96" CONTENT="ha"/><SP WIDTH="14" VPOS="1626" HPOS="422"/>
							<String ID="string_250" HPOS="436" VPOS="1626" WIDTH="73" HEIGHT="29" WC="0.72" CONTENT="2530."/><SP WIDTH="15" VPOS="1626" HPOS="509"/>
							<String ID="string_251" HPOS="524" VPOS="1626" WIDTH="65" HEIGHT="29" WC="0.96" CONTENT="Det"/><SP WIDTH="13" VPOS="1626" HPOS="589"/>
							<String ID="string_252" HPOS="602" VPOS="1626" WIDTH="39" HEIGHT="29" WC="0.96" CONTENT="är"/><SP WIDTH="14" VPOS="1626" HPOS="641"/>
							<String ID="string_253" HPOS="655" VPOS="1635" WIDTH="42" HEIGHT="19" WC="0.96" CONTENT="en"/><SP WIDTH="14" VPOS="1635" HPOS="697"/>
							<String ID="string_254" HPOS="711" VPOS="1624" WIDTH="132" HEIGHT="41" WC="0.96" CONTENT="kraftig"/><SP WIDTH="12" VPOS="1624" HPOS="843"/>
							<String ID="string_255" HPOS="855" VPOS="1624" WIDTH="193" HEIGHT="40" WC="0.96" CONTENT="expansion"/><SP WIDTH="14" VPOS="1624" HPOS="1048"/>
							<String ID="string_256" HPOS="1062" VPOS="1633" WIDTH="76" HEIGHT="21" WC="0.96" CONTENT="som"/><SP WIDTH="14" VPOS="1633" HPOS="1138"/>
							<String ID="string_257" HPOS="1152" VPOS="1624" WIDTH="54" HEIGHT="29" WC="0.96" CONTENT="för"/><SP WIDTH="13" VPOS="1624" HPOS="1206"/>
							<String ID="string_258" HPOS="1219" VPOS="1625" WIDTH="51" HEIGHT="28" WC="0.96" CONTENT="att"/><SP WIDTH="14" VPOS="1625" HPOS="1270"/>
							<String ID="string_259" HPOS="1284" VPOS="1623" WIDTH="158" HEIGHT="29" WC="0.96" CONTENT="medföra"/><SP WIDTH="14" VPOS="1623" HPOS="1442"/>
							<String ID="string_260" HPOS="1456" VPOS="1632" WIDTH="43" HEIGHT="20" WC="0.93" CONTENT="en"/><SP WIDTH="14" VPOS="1632" HPOS="1499"/>
							<String ID="string_261" HPOS="1513" VPOS="1621" WIDTH="111" HEIGHT="31" WC="0.92" CONTENT="effek-"/>
						</TextLine>
						<TextLine ID="line_27" HPOS="139" VPOS="1674" WIDTH="1483" HEIGHT="42">
							<String ID="string_262" HPOS="139" VPOS="1679" WIDTH="108" HEIGHT="30" WC="0.92" CONTENT="tivare"/><SP WIDTH="22" VPOS="1679" HPOS="247"/>
							<String ID="string_263" HPOS="269" VPOS="1679" WIDTH="203" HEIGHT="30" WC="0.91" CONTENT="arbetsvård"/><SP WIDTH="21" VPOS="1679" HPOS="472"/>
							<String ID="string_264" HPOS="493" VPOS="1679" WIDTH="111" HEIGHT="30" WC="0.96" CONTENT="måste"/><SP WIDTH="23" VPOS="1679" HPOS="604"/>
							<String ID="string_265" HPOS="627" VPOS="1680" WIDTH="193" HEIGHT="28" WC="0.96" CONTENT="motsvaras"/><SP WIDTH="22" VPOS="1680" HPOS="820"/>
							<String ID="string_266" HPOS="842" VPOS="1679" WIDTH="87" HEIGHT="29" WC="0.96" CONTENT="även"/><SP WIDTH="21" VPOS="1679" HPOS="929"/>
							<String ID="string_267" HPOS="950" VPOS="1687" WIDTH="43" HEIGHT="20" WC="0.96" CONTENT="av"/><SP WIDTH="21" VPOS="1687" HPOS="993"/>
							<String ID="string_268" HPOS="1014" VPOS="1677" WIDTH="111" HEIGHT="30" WC="0.96" CONTENT="andra"/><SP WIDTH="22" VPOS="1677" HPOS="1125"/>
							<String ID="string_269" HPOS="1147" VPOS="1676" WIDTH="161" HEIGHT="40" WC="0.96" CONTENT="åtgärder"/><SP WIDTH="22" VPOS="1676" HPOS="1308"/>
							<String ID="string_270" HPOS="1330" VPOS="1676" WIDTH="116" HEIGHT="29" WC="0.93" CONTENT="såsom"/><SP WIDTH="22" VPOS="1676" HPOS="1446"/>
							<String ID="string_271" HPOS="1468" VPOS="1674" WIDTH="154" HEIGHT="31" WC="0.92" CONTENT="samord-"/>
						</TextLine>
						<TextLine ID="line_28" HPOS="139" VPOS="1729" WIDTH="1486" HEIGHT="43">
							<String ID="string_272" HPOS="139" VPOS="1733" WIDTH="85" HEIGHT="39" WC="0.96" CONTENT="ning"/><SP WIDTH="22" VPOS="1733" HPOS="224"/>
							<String ID="string_273" HPOS="246" VPOS="1733" WIDTH="78" HEIGHT="29" WC="0.95" CONTENT="med"/><SP WIDTH="24" VPOS="1733" HPOS="324"/>
							<String ID="string_274" HPOS="348" VPOS="1732" WIDTH="208" HEIGHT="40" WC="0.95" CONTENT="exempelvis"/><SP WIDTH="23" VPOS="1732" HPOS="556"/>
							<String ID="string_275" HPOS="579" VPOS="1731" WIDTH="253" HEIGHT="30" WC="0.96" CONTENT="kriminalvård"/><SP WIDTH="23" VPOS="1731" HPOS="832"/>
							<String ID="string_276" HPOS="855" VPOS="1731" WIDTH="66" HEIGHT="30" WC="0.92" CONTENT="och"/><SP WIDTH="22" VPOS="1731" HPOS="921"/>
							<String ID="string_277" HPOS="943" VPOS="1730" WIDTH="303" HEIGHT="41" WC="0.90" CONTENT="nykterhetsvård,"/><SP WIDTH="24" VPOS="1730" HPOS="1246"/>
							<String ID="string_278" HPOS="1270" VPOS="1729" WIDTH="212" HEIGHT="40" WC="0.96" CONTENT="upplysning"/><SP WIDTH="22" VPOS="1729" HPOS="1482"/>
							<String ID="string_279" HPOS="1504" VPOS="1730" WIDTH="44" HEIGHT="39" WC="0.93" CONTENT="på"/><SP WIDTH="24" VPOS="1730" HPOS="1548"/>
							<String ID="string_280" HPOS="1572" VPOS="1738" WIDTH="53" HEIGHT="21" WC="0.89" CONTENT="ar-"/>
						</TextLine>
						<TextLine ID="line_29" HPOS="139" VPOS="1783" WIDTH="1486" HEIGHT="41">
							<String ID="string_281" HPOS="139" VPOS="1785" WIDTH="208" HEIGHT="39" WC="0.92" CONTENT="betsplatser"/><SP WIDTH="18" VPOS="1785" HPOS="347"/>
							<String ID="string_282" HPOS="365" VPOS="1795" WIDTH="45" HEIGHT="20" WC="0.92" CONTENT="m."/><SP WIDTH="20" VPOS="1795" HPOS="410"/>
							<String ID="string_283" HPOS="430" VPOS="1795" WIDTH="45" HEIGHT="20" WC="0.92" CONTENT="m."/><SP WIDTH="19" VPOS="1795" HPOS="475"/>
							<String ID="string_284" HPOS="494" VPOS="1785" WIDTH="177" HEIGHT="30" WC="0.96" CONTENT="Utskottet"/><SP WIDTH="20" VPOS="1785" HPOS="671"/>
							<String ID="string_285" HPOS="691" VPOS="1794" WIDTH="74" HEIGHT="20" WC="0.96" CONTENT="som"/><SP WIDTH="18" VPOS="1794" HPOS="765"/>
							<String ID="string_286" HPOS="783" VPOS="1785" WIDTH="11" HEIGHT="29" WC="0.96" CONTENT="i"/><SP WIDTH="19" VPOS="1785" HPOS="794"/>
							<String ID="string_287" HPOS="813" VPOS="1785" WIDTH="64" HEIGHT="39" WC="0.96" CONTENT="fjol"/><SP WIDTH="20" VPOS="1785" HPOS="877"/>
							<String ID="string_288" HPOS="897" VPOS="1784" WIDTH="159" HEIGHT="39" WC="0.96" CONTENT="utförligt"/><SP WIDTH="19" VPOS="1784" HPOS="1056"/>
							<String ID="string_289" HPOS="1075" VPOS="1783" WIDTH="217" HEIGHT="30" WC="0.96" CONTENT="behandlade"/><SP WIDTH="18" VPOS="1783" HPOS="1292"/>
							<String ID="string_290" HPOS="1310" VPOS="1783" WIDTH="101" HEIGHT="30" WC="0.96" CONTENT="dessa"/><SP WIDTH="19" VPOS="1783" HPOS="1411"/>
							<String ID="string_291" HPOS="1430" VPOS="1783" WIDTH="117" HEIGHT="39" WC="0.96" CONTENT="frågor"/><SP WIDTH="19" VPOS="1783" HPOS="1547"/>
							<String ID="string_292" HPOS="1566" VPOS="1783" WIDTH="59" HEIGHT="29" WC="0.96" CONTENT="vill"/>
						</TextLine>
						<TextLine ID="line_30" HPOS="140" VPOS="1836" WIDTH="1486" HEIGHT="42">
							<String ID="string_293" HPOS="140" VPOS="1839" WIDTH="70" HEIGHT="30" WC="0.96" CONTENT="inte"/><SP WIDTH="20" VPOS="1839" HPOS="210"/>
							<String ID="string_294" HPOS="230" VPOS="1839" WIDTH="41" HEIGHT="39" WC="0.96" CONTENT="gå"/><SP WIDTH="19" VPOS="1839" HPOS="271"/>
							<String ID="string_295" HPOS="290" VPOS="1839" WIDTH="121" HEIGHT="29" WC="0.96" CONTENT="utöver"/><SP WIDTH="18" VPOS="1839" HPOS="411"/>
							<String ID="string_296" HPOS="429" VPOS="1839" WIDTH="67" HEIGHT="29" WC="0.96" CONTENT="den"/><SP WIDTH="18" VPOS="1839" HPOS="496"/>
							<String ID="string_297" HPOS="514" VPOS="1848" WIDTH="42" HEIGHT="20" WC="0.96" CONTENT="av"/><SP WIDTH="19" VPOS="1848" HPOS="556"/>
							<String ID="string_298" HPOS="575" VPOS="1838" WIDTH="125" HEIGHT="38" WC="0.96" CONTENT="Kungl."/><SP WIDTH="20" VPOS="1838" HPOS="700"/>
							<String ID="string_299" HPOS="720" VPOS="1837" WIDTH="105" HEIGHT="39" WC="0.96" CONTENT="Maj:t"/><SP WIDTH="19" VPOS="1837" HPOS="825"/>
							<String ID="string_300" HPOS="844" VPOS="1837" WIDTH="197" HEIGHT="39" WC="0.96" CONTENT="föreslagna"/><SP WIDTH="18" VPOS="1837" HPOS="1041"/>
							<String ID="string_301" HPOS="1059" VPOS="1836" WIDTH="252" HEIGHT="39" WC="0.96" CONTENT="utvidgningen"/><SP WIDTH="18" VPOS="1836" HPOS="1311"/>
							<String ID="string_302" HPOS="1329" VPOS="1838" WIDTH="85" HEIGHT="28" WC="0.96" CONTENT="utan"/><SP WIDTH="18" VPOS="1838" HPOS="1414"/>
							<String ID="string_303" HPOS="1432" VPOS="1836" WIDTH="194" HEIGHT="40" WC="0.96" CONTENT="tillstyrker"/>
						</TextLine>
						<TextLine ID="line_31" HPOS="139" VPOS="1889" WIDTH="1234" HEIGHT="41">
							<String ID="string_304" HPOS="139" VPOS="1891" WIDTH="115" HEIGHT="30" WC="0.96" CONTENT="denna"/><SP WIDTH="17" VPOS="1891" HPOS="254"/>
							<String ID="string_305" HPOS="271" VPOS="1894" WIDTH="91" HEIGHT="27" WC="0.96" CONTENT="samt"/><SP WIDTH="17" VPOS="1894" HPOS="362"/>
							<String ID="string_306" HPOS="379" VPOS="1891" WIDTH="181" HEIGHT="39" WC="0.96" CONTENT="avstyrker"/><SP WIDTH="16" VPOS="1891" HPOS="560"/>
							<String ID="string_307" HPOS="576" VPOS="1891" WIDTH="172" HEIGHT="39" WC="0.96" CONTENT="yrkandet"/><SP WIDTH="18" VPOS="1891" HPOS="748"/>
							<String ID="string_308" HPOS="766" VPOS="1891" WIDTH="9" HEIGHT="28" WC="0.96" CONTENT="i"/><SP WIDTH="17" VPOS="1891" HPOS="775"/>
							<String ID="string_309" HPOS="792" VPOS="1890" WIDTH="219" HEIGHT="29" WC="0.96" CONTENT="motionerna"/><SP WIDTH="19" VPOS="1890" HPOS="1011"/>
							<String ID="string_310" HPOS="1030" VPOS="1890" WIDTH="27" HEIGHT="29" WC="0.94" CONTENT="I:"/><SP WIDTH="18" VPOS="1890" HPOS="1057"/>
							<String ID="string_311" HPOS="1075" VPOS="1889" WIDTH="63" HEIGHT="29" WC="0.94" CONTENT="283"/><SP WIDTH="18" VPOS="1889" HPOS="1138"/>
							<String ID="string_312" HPOS="1156" VPOS="1889" WIDTH="63" HEIGHT="29" WC="0.96" CONTENT="och"/><SP WIDTH="19" VPOS="1889" HPOS="1219"/>
							<String ID="string_313" HPOS="1238" VPOS="1890" WIDTH="44" HEIGHT="29" WC="0.92" CONTENT="II:"/><SP WIDTH="17" VPOS="1890" HPOS="1282"/>
							<String ID="string_314" HPOS="1299" VPOS="1889" WIDTH="74" HEIGHT="29" WC="0.94" CONTENT="355."/>
						</TextLine>
					</TextBlock>
					<TextBlock ID="block_6" HPOS="139" VPOS="1942" WIDTH="1490" HEIGHT="572">
						<TextLine ID="line_32" HPOS="185" VPOS="1942" WIDTH="1439" HEIGHT="39">
							<String ID="string_315" HPOS="185" VPOS="1945" WIDTH="11" HEIGHT="29" WC="0.96" CONTENT="I"/><SP WIDTH="28" VPOS="1945" HPOS="196"/>
							<String ID="string_316" HPOS="224" VPOS="1945" WIDTH="219" HEIGHT="29" WC="0.93" CONTENT="motionerna"/><SP WIDTH="27" VPOS="1945" HPOS="443"/>
							<String ID="string_317" HPOS="470" VPOS="1944" WIDTH="107" HEIGHT="29" WC="0.67" CONTENT="I:512"/><SP WIDTH="27" VPOS="1944" HPOS="577"/>
							<String ID="string_318" HPOS="604" VPOS="1944" WIDTH="65" HEIGHT="29" WC="0.96" CONTENT="och"/><SP WIDTH="26" VPOS="1944" HPOS="669"/>
							<String ID="string_319" HPOS="695" VPOS="1943" WIDTH="45" HEIGHT="29" WC="0.30" CONTENT="II:"/><SP WIDTH="16" VPOS="1943" HPOS="740"/>
							<String ID="string_320" HPOS="756" VPOS="1943" WIDTH="60" HEIGHT="29" WC="0.30" CONTENT="631"/><SP WIDTH="29" VPOS="1943" HPOS="816"/>
							<String ID="string_321" HPOS="845" VPOS="1943" WIDTH="64" HEIGHT="29" WC="0.96" CONTENT="har"/><SP WIDTH="26" VPOS="1943" HPOS="909"/>
							<String ID="string_322" HPOS="935" VPOS="1942" WIDTH="138" HEIGHT="39" WC="0.96" CONTENT="begärts"/><SP WIDTH="27" VPOS="1942" HPOS="1073"/>
							<String ID="string_323" HPOS="1100" VPOS="1942" WIDTH="138" HEIGHT="39" WC="0.95" CONTENT="speciell"/><SP WIDTH="27" VPOS="1942" HPOS="1238"/>
							<String ID="string_324" HPOS="1265" VPOS="1942" WIDTH="160" HEIGHT="39" WC="0.95" CONTENT="personal"/><SP WIDTH="27" VPOS="1942" HPOS="1425"/>
							<String ID="string_325" HPOS="1452" VPOS="1942" WIDTH="52" HEIGHT="29" WC="0.92" CONTENT="till"/><SP WIDTH="28" VPOS="1942" HPOS="1504"/>
							<String ID="string_326" HPOS="1532" VPOS="1942" WIDTH="92" HEIGHT="29" WC="0.92" CONTENT="läns-"/>
						</TextLine>
						<TextLine ID="line_33" HPOS="139" VPOS="1994" WIDTH="1486" HEIGHT="41">
							<String ID="string_327" HPOS="139" VPOS="1998" WIDTH="336" HEIGHT="30" WC="0.90" CONTENT="arbetsnämnderna"/><SP WIDTH="19" VPOS="1998" HPOS="475"/>
							<String ID="string_328" HPOS="494" VPOS="1997" WIDTH="9" HEIGHT="29" WC="0.92" CONTENT="i"/><SP WIDTH="19" VPOS="1997" HPOS="503"/>
							<String ID="string_329" HPOS="522" VPOS="1997" WIDTH="294" HEIGHT="29" WC="0.91" CONTENT="norrlandslänen"/><SP WIDTH="17" VPOS="1997" HPOS="816"/>
							<String ID="string_330" HPOS="833" VPOS="1996" WIDTH="65" HEIGHT="30" WC="0.96" CONTENT="och"/><SP WIDTH="19" VPOS="1996" HPOS="898"/>
							<String ID="string_331" HPOS="917" VPOS="1995" WIDTH="243" HEIGHT="40" WC="0.96" CONTENT="Kopparbergs"/><SP WIDTH="19" VPOS="1995" HPOS="1160"/>
							<String ID="string_332" HPOS="1179" VPOS="1995" WIDTH="65" HEIGHT="29" WC="0.96" CONTENT="och"/><SP WIDTH="18" VPOS="1995" HPOS="1244"/>
							<String ID="string_333" HPOS="1262" VPOS="1994" WIDTH="210" HEIGHT="31" WC="0.96" CONTENT="Värmlands"/><SP WIDTH="19" VPOS="1994" HPOS="1472"/>
							<String ID="string_334" HPOS="1491" VPOS="1995" WIDTH="59" HEIGHT="29" WC="0.96" CONTENT="län"/><SP WIDTH="20" VPOS="1995" HPOS="1550"/>
							<String ID="string_335" HPOS="1570" VPOS="1994" WIDTH="55" HEIGHT="29" WC="0.96" CONTENT="för"/>
						</TextLine>
						<TextLine ID="line_34" HPOS="139" VPOS="2047" WIDTH="1484" HEIGHT="43">
							<String ID="string_336" HPOS="139" VPOS="2051" WIDTH="96" HEIGHT="30" WC="0.92" CONTENT="aktiv"/><SP WIDTH="22" VPOS="2051" HPOS="235"/>
							<String ID="string_337" HPOS="257" VPOS="2050" WIDTH="478" HEIGHT="40" WC="0.74" CONTENT="lokaliseringsverksamhet."/><SP WIDTH="24" VPOS="2050" HPOS="735"/>
							<String ID="string_338" HPOS="759" VPOS="2049" WIDTH="175" HEIGHT="30" WC="0.96" CONTENT="Utskottet"/><SP WIDTH="23" VPOS="2049" HPOS="934"/>
							<String ID="string_339" HPOS="957" VPOS="2049" WIDTH="96" HEIGHT="29" WC="0.93" CONTENT="delar"/><SP WIDTH="24" VPOS="2049" HPOS="1053"/>
							<String ID="string_340" HPOS="1077" VPOS="2048" WIDTH="277" HEIGHT="29" WC="0.91" CONTENT="motionärernas"/><SP WIDTH="24" VPOS="2048" HPOS="1354"/>
							<String ID="string_341" HPOS="1378" VPOS="2048" WIDTH="92" HEIGHT="29" WC="0.96" CONTENT="åsikt"/><SP WIDTH="23" VPOS="2048" HPOS="1470"/>
							<String ID="string_342" HPOS="1493" VPOS="2050" WIDTH="51" HEIGHT="28" WC="0.96" CONTENT="att"/><SP WIDTH="22" VPOS="2050" HPOS="1544"/>
							<String ID="string_343" HPOS="1566" VPOS="2047" WIDTH="57" HEIGHT="30" WC="0.96" CONTENT="det"/>
						</TextLine>
						<TextLine ID="line_35" HPOS="140" VPOS="2101" WIDTH="1489" HEIGHT="41">
							<String ID="string_344" HPOS="140" VPOS="2105" WIDTH="38" HEIGHT="28" WC="0.96" CONTENT="är"/><SP WIDTH="20" VPOS="2105" HPOS="178"/>
							<String ID="string_345" HPOS="198" VPOS="2103" WIDTH="125" HEIGHT="39" WC="0.96" CONTENT="viktigt"/><SP WIDTH="21" VPOS="2103" HPOS="323"/>
							<String ID="string_346" HPOS="344" VPOS="2105" WIDTH="50" HEIGHT="28" WC="0.95" CONTENT="att"/><SP WIDTH="21" VPOS="2105" HPOS="394"/>
							<String ID="string_347" HPOS="415" VPOS="2113" WIDTH="42" HEIGHT="20" WC="0.93" CONTENT="en"/><SP WIDTH="22" VPOS="2113" HPOS="457"/>
							<String ID="string_348" HPOS="479" VPOS="2103" WIDTH="171" HEIGHT="39" WC="0.91" CONTENT="personell"/><SP WIDTH="24" VPOS="2103" HPOS="650"/>
							<String ID="string_349" HPOS="674" VPOS="2102" WIDTH="239" HEIGHT="39" WC="0.96" CONTENT="förstärkning"/><SP WIDTH="23" VPOS="2102" HPOS="913"/>
							<String ID="string_350" HPOS="936" VPOS="2111" WIDTH="42" HEIGHT="20" WC="0.93" CONTENT="av"/><SP WIDTH="21" VPOS="2111" HPOS="978"/>
							<String ID="string_351" HPOS="999" VPOS="2101" WIDTH="415" HEIGHT="30" WC="0.91" CONTENT="länsarbetsnämnderna"/><SP WIDTH="21" VPOS="2101" HPOS="1414"/>
							<String ID="string_352" HPOS="1435" VPOS="2101" WIDTH="10" HEIGHT="29" WC="0.96" CONTENT="i"/><SP WIDTH="21" VPOS="2101" HPOS="1445"/>
							<String ID="string_353" HPOS="1466" VPOS="2101" WIDTH="58" HEIGHT="29" WC="0.96" CONTENT="län"/><SP WIDTH="22" VPOS="2101" HPOS="1524"/>
							<String ID="string_354" HPOS="1546" VPOS="2101" WIDTH="83" HEIGHT="31" WC="0.96" CONTENT="med"/>
						</TextLine>
						<TextLine ID="line_36" HPOS="141" VPOS="2154" WIDTH="1484" HEIGHT="41">
							<String ID="string_355" HPOS="141" VPOS="2156" WIDTH="441" HEIGHT="39" WC="0.91" CONTENT="sysselsättningsproblem"/><SP WIDTH="20" VPOS="2156" HPOS="582"/>
							<String ID="string_356" HPOS="602" VPOS="2156" WIDTH="158" HEIGHT="29" WC="0.96" CONTENT="kommer"/><SP WIDTH="19" VPOS="2156" HPOS="760"/>
							<String ID="string_357" HPOS="779" VPOS="2155" WIDTH="50" HEIGHT="29" WC="0.95" CONTENT="till"/><SP WIDTH="20" VPOS="2155" HPOS="829"/>
							<String ID="string_358" HPOS="849" VPOS="2155" WIDTH="112" HEIGHT="29" WC="0.96" CONTENT="stånd."/><SP WIDTH="19" VPOS="2155" HPOS="961"/>
							<String ID="string_359" HPOS="980" VPOS="2155" WIDTH="116" HEIGHT="38" WC="0.95" CONTENT="Enligt"/><SP WIDTH="19" VPOS="2155" HPOS="1096"/>
							<String ID="string_360" HPOS="1115" VPOS="2154" WIDTH="189" HEIGHT="29" WC="0.96" CONTENT="utskottets"/><SP WIDTH="18" VPOS="2154" HPOS="1304"/>
							<String ID="string_361" HPOS="1322" VPOS="2154" WIDTH="139" HEIGHT="38" WC="0.96" CONTENT="mening"/><SP WIDTH="18" VPOS="2154" HPOS="1461"/>
							<String ID="string_362" HPOS="1479" VPOS="2154" WIDTH="62" HEIGHT="29" WC="0.96" CONTENT="bör"/><SP WIDTH="17" VPOS="2154" HPOS="1541"/>
							<String ID="string_363" HPOS="1558" VPOS="2154" WIDTH="67" HEIGHT="29" WC="0.96" CONTENT="den"/>
						</TextLine>
						<TextLine ID="line_37" HPOS="140" VPOS="2206" WIDTH="1486" HEIGHT="41">
							<String ID="string_364" HPOS="140" VPOS="2209" WIDTH="69" HEIGHT="30" WC="0.96" CONTENT="inte"/><SP WIDTH="23" VPOS="2209" HPOS="209"/>
							<String ID="string_365" HPOS="232" VPOS="2210" WIDTH="188" HEIGHT="37" WC="0.96" CONTENT="begränsas"/><SP WIDTH="23" VPOS="2210" HPOS="420"/>
							<String ID="string_366" HPOS="443" VPOS="2209" WIDTH="50" HEIGHT="28" WC="0.96" CONTENT="till"/><SP WIDTH="23" VPOS="2209" HPOS="493"/>
							<String ID="string_367" HPOS="516" VPOS="2209" WIDTH="41" HEIGHT="29" WC="0.96" CONTENT="de"/><SP WIDTH="25" VPOS="2209" HPOS="557"/>
							<String ID="string_368" HPOS="582" VPOS="2210" WIDTH="9" HEIGHT="29" WC="0.96" CONTENT="i"/><SP WIDTH="24" VPOS="2210" HPOS="591"/>
							<String ID="string_369" HPOS="615" VPOS="2209" WIDTH="217" HEIGHT="28" WC="0.96" CONTENT="motionerna"/><SP WIDTH="23" VPOS="2209" HPOS="832"/>
							<String ID="string_370" HPOS="855" VPOS="2207" WIDTH="213" HEIGHT="29" WC="0.96" CONTENT="omnämnda"/><SP WIDTH="24" VPOS="2207" HPOS="1068"/>
							<String ID="string_371" HPOS="1092" VPOS="2207" WIDTH="113" HEIGHT="29" WC="0.96" CONTENT="länen."/><SP WIDTH="24" VPOS="2207" HPOS="1205"/>
							<String ID="string_372" HPOS="1229" VPOS="2207" WIDTH="175" HEIGHT="30" WC="0.96" CONTENT="Utskottet"/><SP WIDTH="23" VPOS="2207" HPOS="1404"/>
							<String ID="string_373" HPOS="1427" VPOS="2216" WIDTH="74" HEIGHT="20" WC="0.96" CONTENT="som"/><SP WIDTH="23" VPOS="2216" HPOS="1501"/>
							<String ID="string_374" HPOS="1524" VPOS="2206" WIDTH="102" HEIGHT="39" WC="0.96" CONTENT="utgår"/>
						</TextLine>
						<TextLine ID="line_38" HPOS="139" VPOS="2259" WIDTH="1486" HEIGHT="40">
							<String ID="string_375" HPOS="139" VPOS="2262" WIDTH="80" HEIGHT="30" WC="0.96" CONTENT="från"/><SP WIDTH="27" VPOS="2262" HPOS="219"/>
							<String ID="string_376" HPOS="246" VPOS="2265" WIDTH="50" HEIGHT="26" WC="0.96" CONTENT="att"/><SP WIDTH="27" VPOS="2265" HPOS="296"/>
							<String ID="string_377" HPOS="323" VPOS="2271" WIDTH="42" HEIGHT="20" WC="0.96" CONTENT="en"/><SP WIDTH="28" VPOS="2271" HPOS="365"/>
							<String ID="string_378" HPOS="393" VPOS="2261" WIDTH="216" HEIGHT="38" WC="0.96" CONTENT="proposition"/><SP WIDTH="27" VPOS="2261" HPOS="609"/>
							<String ID="string_379" HPOS="636" VPOS="2270" WIDTH="56" HEIGHT="20" WC="0.93" CONTENT="om"/><SP WIDTH="29" VPOS="2270" HPOS="692"/>
							<String ID="string_380" HPOS="721" VPOS="2259" WIDTH="414" HEIGHT="39" WC="0.86" CONTENT="lokaliseringspolitiken"/><SP WIDTH="28" VPOS="2259" HPOS="1135"/>
							<String ID="string_381" HPOS="1163" VPOS="2259" WIDTH="94" HEIGHT="29" WC="0.96" CONTENT="inom"/><SP WIDTH="27" VPOS="2259" HPOS="1257"/>
							<String ID="string_382" HPOS="1284" VPOS="2260" WIDTH="80" HEIGHT="28" WC="0.96" CONTENT="kort"/><SP WIDTH="25" VPOS="2260" HPOS="1364"/>
							<String ID="string_383" HPOS="1389" VPOS="2260" WIDTH="159" HEIGHT="28" WC="0.96" CONTENT="kommer"/><SP WIDTH="27" VPOS="2260" HPOS="1548"/>
							<String ID="string_384" HPOS="1575" VPOS="2261" WIDTH="50" HEIGHT="27" WC="0.96" CONTENT="att"/>
						</TextLine>
						<TextLine ID="line_39" HPOS="141" VPOS="2311" WIDTH="1485" HEIGHT="42">
							<String ID="string_385" HPOS="141" VPOS="2314" WIDTH="193" HEIGHT="39" WC="0.91" CONTENT="föreläggas"/><SP WIDTH="20" VPOS="2314" HPOS="334"/>
							<String ID="string_386" HPOS="354" VPOS="2313" WIDTH="186" HEIGHT="38" WC="0.96" CONTENT="riksdagen"/><SP WIDTH="19" VPOS="2313" HPOS="540"/>
							<String ID="string_387" HPOS="559" VPOS="2314" WIDTH="65" HEIGHT="29" WC="0.96" CONTENT="och"/><SP WIDTH="23" VPOS="2314" HPOS="624"/>
							<String ID="string_388" HPOS="647" VPOS="2322" WIDTH="74" HEIGHT="20" WC="0.96" CONTENT="som"/><SP WIDTH="21" VPOS="2322" HPOS="721"/>
							<String ID="string_389" HPOS="742" VPOS="2314" WIDTH="138" HEIGHT="27" WC="0.96" CONTENT="noterar"/><SP WIDTH="20" VPOS="2314" HPOS="880"/>
							<String ID="string_390" HPOS="900" VPOS="2314" WIDTH="50" HEIGHT="27" WC="0.93" CONTENT="att"/><SP WIDTH="20" VPOS="2314" HPOS="950"/>
							<String ID="string_391" HPOS="970" VPOS="2312" WIDTH="386" HEIGHT="39" WC="0.90" CONTENT="departementschefen"/><SP WIDTH="20" VPOS="2312" HPOS="1356"/>
							<String ID="string_392" HPOS="1376" VPOS="2311" WIDTH="179" HEIGHT="39" WC="0.96" CONTENT="föreslagit"/><SP WIDTH="20" VPOS="2311" HPOS="1555"/>
							<String ID="string_393" HPOS="1575" VPOS="2312" WIDTH="51" HEIGHT="29" WC="0.96" CONTENT="att"/>
						</TextLine>
						<TextLine ID="line_40" HPOS="141" VPOS="2364" WIDTH="1482" HEIGHT="33">
							<String ID="string_394" HPOS="141" VPOS="2369" WIDTH="132" HEIGHT="28" WC="0.96" CONTENT="femton"/><SP WIDTH="27" VPOS="2369" HPOS="273"/>
							<String ID="string_395" HPOS="300" VPOS="2377" WIDTH="42" HEIGHT="19" WC="0.96" CONTENT="av"/><SP WIDTH="25" VPOS="2377" HPOS="342"/>
							<String ID="string_396" HPOS="367" VPOS="2367" WIDTH="40" HEIGHT="29" WC="0.96" CONTENT="de"/><SP WIDTH="27" VPOS="2367" HPOS="407"/>
							<String ID="string_397" HPOS="434" VPOS="2369" WIDTH="87" HEIGHT="27" WC="0.93" CONTENT="mest"/><SP WIDTH="26" VPOS="2369" HPOS="521"/>
							<String ID="string_398" HPOS="547" VPOS="2366" WIDTH="293" HEIGHT="30" WC="0.92" CONTENT="arbetsbelastade"/><SP WIDTH="26" VPOS="2366" HPOS="840"/>
							<String ID="string_399" HPOS="866" VPOS="2364" WIDTH="416" HEIGHT="30" WC="0.90" CONTENT="länsarbetsnämnderna"/><SP WIDTH="27" VPOS="2364" HPOS="1282"/>
							<String ID="string_400" HPOS="1309" VPOS="2364" WIDTH="106" HEIGHT="29" WC="0.96" CONTENT="redan"/><SP WIDTH="27" VPOS="2364" HPOS="1415"/>
							<String ID="string_401" HPOS="1442" VPOS="2364" WIDTH="54" HEIGHT="29" WC="0.96" CONTENT="för"/><SP WIDTH="27" VPOS="2364" HPOS="1496"/>
							<String ID="string_402" HPOS="1523" VPOS="2365" WIDTH="100" HEIGHT="28" WC="0.96" CONTENT="nästa"/>
						</TextLine>
						<TextLine ID="line_41" HPOS="141" VPOS="2416" WIDTH="1483" HEIGHT="43">
							<String ID="string_403" HPOS="141" VPOS="2421" WIDTH="168" HEIGHT="38" WC="0.94" CONTENT="budgetår"/><SP WIDTH="21" VPOS="2421" HPOS="309"/>
							<String ID="string_404" HPOS="330" VPOS="2420" WIDTH="171" HEIGHT="29" WC="0.96" CONTENT="förstärks"/><SP WIDTH="21" VPOS="2420" HPOS="501"/>
							<String ID="string_405" HPOS="522" VPOS="2419" WIDTH="78" HEIGHT="30" WC="0.96" CONTENT="med"/><SP WIDTH="19" VPOS="2419" HPOS="600"/>
							<String ID="string_406" HPOS="619" VPOS="2428" WIDTH="61" HEIGHT="20" WC="0.96" CONTENT="var"/><SP WIDTH="21" VPOS="2428" HPOS="680"/>
							<String ID="string_407" HPOS="701" VPOS="2419" WIDTH="52" HEIGHT="29" WC="0.96" CONTENT="sin"/><SP WIDTH="21" VPOS="2419" HPOS="753"/>
							<String ID="string_408" HPOS="774" VPOS="2419" WIDTH="107" HEIGHT="28" WC="0.96" CONTENT="förste"/><SP WIDTH="20" VPOS="2419" HPOS="881"/>
							<String ID="string_409" HPOS="901" VPOS="2418" WIDTH="279" HEIGHT="39" WC="0.96" CONTENT="assistenttjänst"/><SP WIDTH="22" VPOS="2418" HPOS="1180"/>
							<String ID="string_410" HPOS="1202" VPOS="2417" WIDTH="116" HEIGHT="29" WC="0.96" CONTENT="finner"/><SP WIDTH="19" VPOS="2417" HPOS="1318"/>
							<String ID="string_411" HPOS="1337" VPOS="2417" WIDTH="29" HEIGHT="39" WC="0.96" CONTENT="ej"/><SP WIDTH="25" VPOS="2417" HPOS="1366"/>
							<String ID="string_412" HPOS="1391" VPOS="2417" WIDTH="74" HEIGHT="29" WC="0.96" CONTENT="skäl"/><SP WIDTH="22" VPOS="2417" HPOS="1465"/>
							<String ID="string_413" HPOS="1487" VPOS="2419" WIDTH="50" HEIGHT="28" WC="0.91" CONTENT="att"/><SP WIDTH="21" VPOS="2419" HPOS="1537"/>
							<String ID="string_414" HPOS="1558" VPOS="2416" WIDTH="66" HEIGHT="30" WC="0.91" CONTENT="till-"/>
						</TextLine>
						<TextLine ID="line_42" HPOS="142" VPOS="2473" WIDTH="366" HEIGHT="41">
							<String ID="string_415" HPOS="142" VPOS="2474" WIDTH="119" HEIGHT="40" WC="0.96" CONTENT="styrka"/><SP WIDTH="19" VPOS="2474" HPOS="261"/>
							<String ID="string_416" HPOS="280" VPOS="2473" WIDTH="228" HEIGHT="29" WC="0.96" CONTENT="motionerna."/>
						</TextLine>
					</TextBlock>
				</ComposedBlock>
			</PrintSpace>
		</Page>
	</Layout>
</alto>
