2188 2711
390 210 35 27 12
846 205 83 40 Lag-
938 203 163 31 Utskottets
1130 202 167 32 Utlåtande
1320 202 59 31 N:o
1402 201 53 32 39.

346 296 116 36 orden
492 295 205 36 »unvändes
724 295 57 35 till
810 293 114 47 nödig
953 292 217 47 beteshage»
1199 291 169 49 utbyttes
1397 296 93 30 mot:
1519 289 205 49 »afstänges
1751 288 60 36 till
1830 287 116 50 nödig

346 348 233 48 beteshage»,
622 347 68 35 och
721 346 53 35 uti
803 343 17 49 $
850 347 21 33 4
900 346 11 34 i
941 344 122 36 stället
1090 344 57 35 för
1174 343 191 47 uttrycket
1393 341 168 49 »lämplig
1589 341 356 48 skogstjensteman»

345 406 133 29 sattes:
508 398 172 48 »lämplig
708 397 67 36 och
804 397 8 34 i
842 395 354 48 skogshushållning
1224 395 139 48 kunnig
1391 407 120 30 man;

479 500 38 36 af
541 500 95 37 Herr
663 499 158 47 Fröberg
849 504 79 31 mot
941 498 125 49 första
1087 497 181 48 punkten;
1296 497 66 36 och

481 602 38 37 af
566 603 94 36 Herr
707 602 151 37 Sundell
900 606 77 31 mot
1018 601 119 35 andra
1173 600 162 49 punkten
1377 599 39 37 af
1455 598 209 38 Utskottets
1705 599 239 37 hemställan:

345 657 89 50 »Jag
481 655 225 43 hemställer,
747 660 54 29 att
842 652 214 47 Riksdagen
1097 651 59 36 för
1196 652 53 36 sin
1292 651 58 37 del
1392 652 85 35 ville
1519 651 158 44 besluta,
1721 657 54 29 att
1816 652 128 47 skogs-

347 706 415 48 afverkningskontrakt
803 705 87 36 eller
923 704 211 47 upplåtelse
1162 702 40 36 af
1227 704 93 46 skog
1347 703 56 35 till
1433 715 120 23 annan
1582 703 81 35 icke
1692 701 64 43 får,
1786 702 66 36 der
1880 703 64 35 det

347 760 94 34 skall
483 757 166 35 medföra
689 758 81 45 laga
806 756 148 41 verkan,
984 752 217 37 hädanefter
1229 753 154 36 afslutas
1412 756 47 45 på
1487 754 128 46 längre
1644 753 54 34 tid
1727 760 45 27 än
1801 752 143 36 femton

347 813 40 32 år
428 809 82 36 från
551 808 70 36 den
657 807 71 50 dag
756 807 111 47 köpet
896 804 211 48 skriftligen
1137 803 228 50 uppgjordes
1395 804 67 36 och
1490 804 80 35 icke
1599 804 126 44 heller,
1756 803 67 36 der
1851 804 93 35 kon-

348 862 139 35 traktet
529 863 115 42 angår
684 865 74 29 rätt
797 859 55 34 till
882 857 220 46 afverkning
1131 856 38 35 af
1193 856 132 35 endast
1352 856 258 46 timmerskog,
1639 855 194 47 inbegripa
1861 855 82 35 träd

349 912 39 35 af
426 911 145 37 mindre
613 910 250 36 dimensioner
904 916 45 27 än
990 908 52 34 tio
1071 907 238 35 decimaltum
1336 907 10 35 i
1375 907 180 35 diameter
1583 919 46 23 en
1657 905 57 36 fot
1741 905 81 37 från
1850 919 96 22 mar-

348 965 87 43 ken;
473 975 79 23 men
582 967 55 31 att
665 961 64 35 der
757 960 215 36 kontraktet
999 958 199 36 innefattar
1226 958 182 47 rättighet
1435 957 56 36 till
1521 956 327 49 totalafverkning,
1877 957 67 35 och

348 1016 166 47 köparen
556 1014 37 35 af
630 1026 44 22 en
708 1012 114 36 sådan
851 1012 134 34 honom
1013 1009 124 49 gifven
1166 1009 174 35 tillåtelse
1370 1009 162 48 lagligen
1561 1009 55 48 sig
1645 1008 200 47 begagnat,
1874 1008 69 35 han

348 1067 69 35 har
458 1064 215 51 skyldighet
713 1069 55 30 att
808 1062 64 36 vid
913 1059 317 37 kontraktstidens
1270 1060 73 35 slut
1371 1060 202 35 återlemna
1600 1059 234 47 skogslotten
1863 1059 83 36 med

349 1116 239 46 erforderliga
616 1115 138 36 fröträd
786 1114 66 36 der
880 1112 257 49 qvarstående,
1167 1112 90 35 eller
1285 1111 67 35 ock
1381 1110 133 36 försatt
1542 1112 11 34 i
1582 1110 248 49 begynnande
1851 1114 94 31 åter-

349 1175 120 29 Växt.»

1594 1367 10 10 o

483 1369 179 48 Följande
703 1368 209 36 Utskottets
953 1366 207 36 ledamöter
1201 1365 111 36 hafva
1354 1366 130 45 begärt
1519 1364 37 36 få
1591 1378 19 22 å
1642 1363 211 37 utlåtandet
1881 1378 64 22 an-

349 1421 191 37 tecknadt:

482 1514 139 36 Herrar
648 1512 169 48 Asplund
844 1512 66 35 och
940 1510 201 48 Holmberg,
1171 1515 54 30 att
1254 1509 44 36 de
1327 1508 80 36 icke
1436 1508 155 48 deltagit
1618 1509 9 34 i
1645 1508 105 37 dessa
1765 1508 180 37 ärendens

351 1566 274 47 handläggning
653 1564 100 35 inom
781 1562 208 45 Utskottet;

482 1651 140 36 Herrar
662 1650 146 35 Anders
839 1648 150 36 Persson
1018 1647 67 36 och
1113 1645 205 49 Smedberg,
1347 1652 54 30 att
1429 1646 45 36 de
1501 1646 58 36 till
1587 1644 91 48 följd
1706 1644 39 36 af
1768 1644 176 36 frånvaro

352 1703 81 35 från
476 1701 201 48 riksdagen
718 1700 94 35 efter
844 1699 214 46 undfången
1089 1697 166 49 ledighet
1283 1698 82 35 icke
1394 1698 102 35 inom
1525 1695 193 37 Utskottet
1745 1695 156 47 deltagit
1935 1696 9 34 i

350 1754 105 35 dessa
484 1752 179 36 ärendens
692 1751 150 47 slutliga
870 1749 296 47 handläggning;

483 1837 95 36 Herr
605 1836 168 48 Ribbing,
802 1841 52 30 att
884 1835 70 35 han
984 1834 78 35 icke
1090 1832 157 48 deltagit
1269 1833 9 35 i
1303 1832 203 36 ärendenas
1522 1831 305 48 slutbehandling
1844 1832 98 34 inom

350 1890 209 42 Utskottet;

482 1974 137 35 Herrar
646 1972 208 41 Samzelius,
881 1970 122 37 Sträle
1032 1970 69 36 och
1131 1969 170 36 Friherre
1330 1968 247 49 Nordenfalk,
1606 1973 54 29 att
1688 1967 44 36 de
1760 1967 81 36 icke
1862 1966 80 36 del-

350 2027 95 46 tagit
473 2026 11 34 i
513 2025 152 47 slutliga
692 2022 274 46 behandlingen
996 2021 35 36 af
1060 2020 96 37 Herr
1184 2020 130 36 Axells
1342 2019 161 45 motion;

482 2109 140 36 Herrar
650 2107 219 36 Thomasson
896 2106 67 36 och
991 2105 162 48 Magnus
1179 2104 167 43 Jonsson,
1375 2109 54 31 att
1457 2103 45 36 de
1530 2104 78 35 icke
1637 2103 156 47 deltagit
1820 2102 11 35 i
1852 2102 90 35 slut-

351 2163 72 46 liga
450 2160 275 47 behandlingen
755 2158 39 36 af
819 2157 96 37 Herr
942 2156 141 48 Farups
1113 2156 150 36 motion.

771 2346 176 33 Stockholm,
971 2344 443 35 Associations-Boktryckeriet,
1442 2342 87 27 1878.
