1890 2838
262 153 19 31 2
684 151 108 28 Andra
814 150 223 34 lagutskottets
1058 150 166 28 utlåtande
1246 150 47 29 Nr
1315 154 49 26 83.

314 238 226 33 Beträffande
554 237 190 33 bländande
762 237 65 38 ljus
847 236 139 38 stadgas
1002 236 12 32 i
1033 237 39 31 21
1092 236 18 39 $
1138 237 9 32 6
1164 247 96 20 mom.
1277 235 500 38 motorfordonsförordningen,

270 293 52 29 att
342 289 123 32 sådant
483 289 67 38 ljus
570 288 30 38 ej
622 288 56 31 får
698 287 171 32 användas
889 287 59 32 vid
970 287 76 31 färd
1066 286 12 32 1
1098 286 219 38 tättbebyggt
1337 286 171 38 samhälle,
1533 286 60 31 där
1614 286 164 32 tillfreds-

271 339 167 33 ställande
465 338 179 39 belysning
669 343 38 27 är
733 337 181 40 anordnad,
940 337 30 38 ej
998 337 104 32 heller
1128 337 217 32 annorstädes
1372 336 59 32 vid
1456 339 87 29 möte
1567 336 75 32 med
1668 348 110 20 annan

269 389 214 39 vägfarande
507 394 41 27 än
571 389 139 38 gående.
754 388 121 33 Denna
898 387 231 33 bestämmelse
1155 392 37 27 är
1215 387 107 38 enligt
1348 388 42 31 34
1417 388 18 38 $&
1459 387 13 31 i
1496 398 127 20 samma
1650 386 128 33 förord-

269 440 82 38 ning
369 439 185 39 tillämplig
569 439 129 39 jämväl
715 440 20 31 å
753 438 217 38 motorcykel.
998 438 171 32 Förseelse
1189 441 68 28 mot
1275 437 92 32 detta
1385 437 187 38 stadgande
1590 437 189 32 bestraffas

269 491 109 38 enligt
398 490 230 33 ovannämnda
648 489 339 33 straffbestämmelse
1005 488 73 32 med
1098 488 188 38 dagsböter.

314 590 228 34 Beträffande
560 590 159 32 förbudet
739 594 69 28 mot
827 589 219 32 användande
1066 590 12 32 i
1096 589 92 32 vissa
1209 588 64 33 fall
1294 600 42 20 av
1354 588 189 32 bländande
1563 588 68 38 ljus
1652 588 56 32 får
1726 591 52 29 ut-

270 641 127 32 skottet
412 641 111 32 erinra
538 653 52 20 om
605 644 52 29 att
670 641 14 31 i
697 642 87 31 1916
799 641 56 32 års
870 639 380 39 automobilförordning
1267 639 81 38 inga
1364 638 215 33 föreskrifter
1594 650 184 27 ursprung-

270 692 91 38 ligen
378 691 123 32 funnos
518 691 12 32 i
546 691 92 32 detta
655 691 196 32 hänseende.
894 690 125 32 Genom
1037 702 39 20 en
1091 690 130 38 Kungl.
1238 690 195 39 förordning
1452 689 64 32 den
1533 691 43 31 25
1593 690 188 37 september

269 743 89 31 1920
381 742 107 32 erhöll
513 741 184 33 emellertid
722 741 423 38 automobilförordningen
1172 743 49 29 ett
1246 740 123 38 tillägg
1394 752 42 20 av
1461 739 157 39 innehåll,
1647 743 51 29 att
1725 751 53 20 om

270 792 100 39 lykta
387 792 77 32 med
481 792 190 32 bländande
689 791 82 33 sken
787 791 180 38 användes,
988 791 108 32 skulle
1116 791 116 32 skenet
1250 790 54 33 till
1323 790 112 38 skydd
1453 790 55 32 för
1525 790 155 32 mötande
1696 801 86 21 vara

270 843 144 32 inriktat
432 843 74 38 lågt
523 847 78 27 över
621 842 137 33 marken
778 842 79 32 eller
876 842 45 38 på
941 841 158 39 lämpligt
1118 845 70 28 sätt
1206 841 204 33 avskärmat.

314 894 19 31 I
353 894 89 32 1923
463 894 54 31 års
534 893 444 38 motorfordonsförordning
1001 904 83 26 gavs
1104 892 234 32 motsvarande
1358 891 232 33 bestämmelse
1613 891 55 32 det
1689 891 91 32 inne-

270 943 80 39 håll,
375 947 53 28 att
447 943 190 32 bländande
658 943 67 38 ljus
750 944 29 37 ej
803 943 95 38 finge
921 943 171 32 användas
1115 943 59 32 vid
1197 942 77 32 färd
1295 943 13 31 i
1330 942 77 32 stad
1431 942 80 32 eller
1533 945 102 29 annat
1658 941 121 33 tättbe-

268 993 112 39 byggt
399 994 170 40 samhälle,
590 994 30 38 ej
634 993 105 33 heller
751 993 217 33 annorstädes
981 993 57 32 vid
1051 996 86 29 möte
1150 993 74 32 med
1238 1005 109 20 annan
1360 992 211 39 vägfarande
1585 997 42 27 än
1640 992 139 38 gående.

314 1046 89 31 1927
428 1045 56 31 års
505 1044 464 39 motorfordonssakkunniga
993 1044 135 38 yttrade
1153 1044 12 31 i
1189 1044 61 32 sitt
1274 1044 62 32 den
1362 1045 40 31 31
1429 1043 64 38 juli
1519 1044 84 32 1929
1632 1043 147 38 avgivna

269 1094 213 33 betänkande
505 1093 52 41 (S.
575 1094 40 33 O.
636 1095 41 32 U.
699 1096 155 31 1929:16
876 1107 25 19 s.
921 1094 79 40 188)
1026 1106 51 20 om
1096 1094 403 38 bländningsproblemet:

313 1153 52 33 Få
391 1154 165 39 spörsmål
579 1154 89 32 inom
695 1153 258 33 motortrafiken
979 1154 88 32 hava
1092 1154 91 32 varit
1208 1153 142 33 föremål
1377 1153 54 32 för
1459 1153 37 32 så
1520 1152 99 38 livlig
1647 1152 132 32 diskus-

268 1196 71 31 sion
363 1208 71 20 som
459 1196 121 38 frågan
605 1208 52 20 om
683 1196 174 38 lyktornas
881 1196 239 38 avbländning.
1166 1193 34 35 Ä
1227 1196 86 32 flera
1341 1195 71 32 håll
1435 1196 12 31 i
1470 1195 154 32 utlandet
1647 1195 61 31 har
1730 1197 50 29 ett

268 1238 210 32 omfattande
505 1238 109 33 arbete
641 1238 154 38 nedlagts
821 1239 44 37 på
891 1238 117 32 försök
1034 1242 50 28 att
1112 1238 192 31 framställa
1329 1238 125 38 lyktor,
1480 1237 94 32 vilka
1602 1236 177 38 samtidigt

268 1291 69 20 som
359 1280 40 31 de
418 1280 155 32 utveckla
593 1280 103 37 nödig
715 1280 191 38 ljusstyrka
924 1280 74 32 icke
1016 1280 103 32 verka
1138 1279 188 33 bländande
1349 1281 19 31 å
1390 1280 38 31 de
1449 1279 164 32 mötande.
1658 1278 121 38 Någon

268 1321 319 33 tillfredsställande
609 1322 134 37 lösning
765 1333 42 20 av
834 1321 92 32 detta
951 1321 147 39 problem
1121 1322 71 38 har,
1217 1322 103 32 såvitt
1346 1322 40 31 de
1409 1321 216 38 sakkunniga
1647 1320 132 39 erfarit,

269 1364 84 31 dock
371 1364 74 32 icke
464 1363 122 33 hittills
605 1364 148 32 vunnits.

311 1402 192 41 Åtskilliga
522 1407 43 36 på
584 1406 232 38 landsbygden
837 1406 189 32 inträffade
1045 1405 257 38 trafikolyckor,
1325 1417 69 20 som
1414 1409 126 29 ansetts
1560 1405 77 32 bero
1657 1406 44 37 på
1720 1416 58 21 un-

269 1447 150 33 derlåten
443 1448 238 38 avbländning,
705 1448 93 32 torde
821 1448 11 31 i
856 1447 232 39 verkligheten
1111 1448 87 32 hava
1221 1448 77 32 haft
1323 1448 51 31 sin
1402 1448 110 38 grund
1535 1448 12 31 i
1570 1451 52 28 att
1645 1447 134 32 föraren

268 1490 20 31 å
308 1490 56 31 det
383 1490 129 38 fordon,
534 1501 68 20 som
623 1489 137 32 orsakat
780 1489 154 38 olyckan,
958 1501 116 26 genom
1095 1493 51 29 att
1166 1490 155 38 plötsligt
1342 1490 167 32 avblända
1530 1489 160 39 lyktorna
1710 1489 69 33 fått

272 1531 62 32 den
354 1543 87 26 egna
460 1531 243 39 synförmågan
723 1532 144 33 nedsatt.
898 1532 77 32 Med
994 1532 141 39 plötslig
1154 1531 230 39 avbländning
1405 1532 101 39 följer
1526 1532 170 38 nämligen
1717 1532 63 32 den

269 1574 109 39 faran,
403 1578 51 28 att
476 1575 142 37 föraren,
646 1586 69 20 som
739 1578 81 28 vant
842 1575 74 31 sina
938 1579 84 33 ögon
1045 1575 57 31 vid
1126 1575 174 37 lyktornas
1325 1574 117 33 starka
1465 1575 76 38 ljus,
1565 1574 73 32 icke
1661 1578 120 34 genast

269 1616 66 32 kan
356 1617 102 37 vänja
479 1617 51 37 sig
549 1617 57 31 vid
630 1616 139 33 dunklet
787 1621 82 28 utan
890 1617 55 31 för
963 1629 39 20 en
1021 1617 76 32 kort
1116 1617 51 32 tid
1187 1617 66 32 blir
1272 1620 120 29 nästan
1412 1617 105 32 blind.
1562 1617 50 32 De
1631 1616 148 33 sakkun-

268 1658 81 38 niga
370 1658 90 32 hava
480 1658 183 32 emellertid
687 1659 55 32 det
762 1658 117 33 oaktat
900 1662 110 29 ansett
1031 1659 54 38 sig
1106 1659 82 32 böra
1208 1659 168 32 bibehålla
1399 1658 159 39 gällande
1582 1658 197 39 stadgande,

269 1704 51 28 att
342 1700 189 33 bländande
553 1701 66 38 ljus
646 1701 29 38 ej
704 1701 56 31 får
782 1701 171 32 användas
978 1702 20 31 å
1020 1701 233 38 landsbygden
1278 1701 57 32 vid
1358 1705 86 29 möte
1468 1702 73 31 med
1566 1713 109 20 annan
1698 1705 81 34 väg-

269 1742 142 32 farande
437 1747 42 27 än
504 1743 137 38 gående.
691 1742 44 33 Så
761 1743 99 38 länge
886 1743 84 32 våra
993 1748 108 33 vägar
1124 1743 73 33 icke
1224 1743 159 39 utläggas
1412 1744 54 32 till
1493 1747 156 29 avsevärt
1675 1747 105 28 större

268 1784 104 32 bredd
391 1789 42 28 än
449 1785 66 31 vad
533 1797 44 19 nu
595 1790 37 27 är
650 1785 108 38 fallet,
776 1786 92 32 torde
888 1786 55 32 det
959 1798 81 20 vara
1058 1786 132 31 förenat
1208 1785 72 32 med
1298 1786 129 31 mindre
1448 1786 77 32 fara
1542 1789 52 29 att
1610 1785 170 33 bibehålla

269 1830 48 28 ett
336 1826 114 39 dylikt
472 1827 120 32 förbud
615 1831 42 27 än
677 1830 51 29 att
747 1827 93 38 slopa
860 1827 193 32 detsamma.
1090 1820 22 50 Å
1151 1827 87 33 flera
1258 1827 70 32 håll
1347 1828 12 31 i
1377 1828 155 32 utlandet
1552 1828 62 31 har
1634 1827 145 33 emeller-

268 1868 50 32 tid
337 1869 159 32 förbudet
512 1869 137 38 slopats,
668 1869 106 32 vilket
791 1873 127 29 ansetts
936 1869 114 33 kunna
1069 1869 59 32 ske
1145 1870 45 38 på
1207 1870 108 38 grund
1334 1882 42 20 av
1394 1875 168 34 vägarnas
1581 1870 114 32 bredd.

313 1910 171 33 Förbudet
503 1914 50 29 att
570 1911 57 32 vid
647 1911 78 32 färd
743 1912 12 31 i
775 1912 75 31 stad
870 1912 81 32 eller
971 1915 102 29 annat
1091 1912 219 39 tättbebyggt
1327 1912 164 32 samhälle
1512 1912 155 32 använda
1686 1912 93 32 blän-

271 1952 107 33 dande
400 1953 67 38 ljus
487 1953 61 32 har
567 1952 197 34 inskränkts
786 1953 54 32 till
861 1957 52 29 att
933 1953 93 38 gälla
1048 1954 40 31 de
1109 1953 93 32 delar
1222 1966 42 20 av
1284 1954 221 38 tättbebyggt
1525 1954 171 39 samhälle,
1720 1955 61 32 där

269 1995 318 33 tillfredsställande
607 1995 264 39 gatubelysning
893 2001 37 28 är
951 1996 180 32 anordnad.
1175 1997 50 32 De
1247 1997 93 32 delar
1359 2009 41 20 av
1422 1997 76 32 stad
1520 1997 79 32 eller
1621 1996 158 33 stadslik-

269 2037 109 32 nande
401 2037 171 39 samhälle,
596 2042 114 28 varest
735 2038 103 32 sådan
862 2038 179 38 belysning
1065 2039 29 37 ej
1120 2038 121 39 finnes,
1265 2038 81 33 böra
1368 2039 266 39 uppenbarligen
1658 2039 13 32 i
1694 2039 86 32 före-

267 2079 149 32 varande
439 2079 186 33 hänseende
647 2079 169 33 likställas
840 2080 73 32 med
936 2080 234 39 landsbygden
1192 2081 12 31 i
1230 2081 193 32 allmänhet.

313 2153 74 33 Den
404 2166 44 21 av
465 2155 38 32 de
519 2154 215 39 sakkunniga
751 2155 193 39 föreslagna
960 2156 254 33 bestämmelsen
1232 2160 147 35 upptogs
1397 2157 12 31 i
1428 2156 158 39 gällande
1605 2157 175 33 motorfor-

268 2203 293 40 donsförordning.

312 2304 226 34 Beträffande
565 2305 187 33 kontrollen
776 2317 41 21 av
846 2306 466 39 belysningsanordningarna
1341 2308 19 32 å
1392 2308 227 33 motorfordon
1647 2309 56 32 får
1727 2311 51 29 ut-

268 2355 127 33 skottet
416 2356 118 39 erinra,
558 2360 50 29 att
629 2357 108 38 enligt
757 2356 157 39 gällande
936 2357 446 39 motorfordonsförordning
1402 2358 376 39 belysningsanordnin-

268 2418 108 27 garna
396 2406 74 34 icke
491 2407 80 38 ingå
592 2407 11 32 i
627 2407 38 32 de
688 2407 92 32 delar
800 2419 42 21 av
865 2411 49 29 ett
934 2408 237 39 motorfordon,
1193 2408 93 32 vilka
1308 2420 42 21 av
1370 2409 291 39 besiktningsman
1683 2408 97 33 skola

268 2457 206 33 undersökas
493 2457 58 32 vid
571 2457 61 32 den
650 2457 202 40 besiktning,
875 2470 70 20 som
964 2458 88 32 skall
1071 2458 67 39 ske,
1159 2459 101 31 innan
1282 2458 156 34 fordonet
1459 2459 56 33 får
1533 2463 97 35 tagas
1649 2459 13 32 i
1680 2458 98 33 bruk.
