1882 2828
288 148 17 30 2
734 153 274 32 Statsutskottets
1035 153 174 31 utlåtande
1235 154 48 32 Nr
1306 155 49 30 20.

963 234 161 30 Marinen.

287 283 117 30 Första
426 283 79 37 året,
529 283 195 39 budgetåret
748 283 178 42 1936/1037
954 309 89 6 «==.
1059 310 132 5 ss:
1223 310 176 5 sense
1452 285 87 30 1.117
1566 286 77 38 milj.
1668 286 121 30 kronor

288 334 110 29 Andra
462 346 11 15 >
611 346 12 15 >
752 334 178 42 1937/1038)
956 360 5 5 2
977 360 26 5 :u
1019 330 68 51 aning
1095 330 13 51 om
1124 330 13 51 oc
1145 360 5 5 o
1162 330 9 51 sm
1187 330 26 51 mod
1229 330 14 51 sr
1251 330 24 51 Bim
1291 330 26 51 msn
1333 330 12 51 ön
1360 360 41 5 00
1452 335 50 30 2.5
1606 349 11 14 >
1725 349 11 15 >

287 384 116 38 Tredje
461 396 11 15 >
610 397 11 14 >
751 384 178 42 1938/1939
955 410 445 6 mossoreeeresss
1247 380 53 52 ere
1309 380 30 52 rr
1351 380 53 52 era
1453 386 48 30 1.5
1606 399 11 14 >
1725 400 10 14 >

288 434 116 38 Fjärde
461 447 12 15 >
611 447 12 15 >
751 434 179 42 1939/1040'
956 461 3 4 m
977 461 5 5 5
1016 430 29 52 eve
1055 430 32 52 ass
1094 430 47 52 onar
1146 461 25 5 am
1188 430 24 52 sne
1237 461 38 5 se
1291 461 26 4 sr
1338 460 62 6 FR
1452 435 89 31 0.721
1606 449 11 14 >
1725 454 11 14 >

1275 494 132 30 Summa
1452 495 88 30 5.838
1567 496 78 38 milj.
1669 496 129 30 kronor.

941 552 205 40 Flygvapnet.

288 602 116 30 Första
426 603 79 36 året,
529 602 196 39 budgetåret
750 602 177 42 1936/1937
955 628 444 7 sossssssssssssesrer
1349 598 54 50 ara
1452 604 46 30 6.0
1532 599 16 50 —
1566 604 77 38 milj.
1668 605 121 29 kronor

287 653 111 29 Andra
462 665 11 15 >
611 665 12 15 >
752 652 178 42 1937/1038'
955 679 26 5 5:
1003 648 41 51 s.å
1061 679 26 5 aa
1095 648 55 51 febr
1159 648 12 51 an
1187 680 67 5 ödla
1270 679 130 6 inna
1453 654 47 30 6.0
1606 667 12 15 >
1725 667 11 15 >

288 703 115 38 Tredje
461 715 11 15 >
611 715 11 15 >
751 703 178 41 1938/1930
956 729 444 6 mosoosesssssss
1247 699 33 51 sr
1288 699 33 51 er
1330 699 74 51 era
1452 704 47 31 5.0
1607 718 11 14 >
1725 718 11 14 >

288 753 113 38 Fjärde
462 766 11 14 >
611 766 11 14 >
752 753 177 39 1939/1940
955 780 445 5 sossossesesssss
1267 749 52 51 esse
1328 749 74 51 sera
1450 755 49 29 4.0
1606 768 11 14 >
1725 768 11 15 >

288 804 115 29 Femte
460 816 12 15 >
610 816 11 15 >
750 803 177 42 1940/104]
955 830 445 6 marmaris
1452 805 91 30 2.843
1607 818 11 14 >
1725 819 11 14 >

1275 867 131 27 Summa
1429 864 112 30 23.s43
1566 865 77 38 milj.
1668 865 128 30 kronor.

337 934 66 30 För
443 933 200 37 budgetåret
687 929 181 42 1936/1937
899 935 63 29 har
991 934 195 38 riksdagen,
1218 935 10 30 i
1258 936 231 36 huvudsaklig
1520 936 198 37 anslutning
1745 936 52 31 till

291 985 230 36 nyssberörda
546 985 95 37 plan,
667 985 106 30 bland
798 984 139 37 utgifter
961 985 54 31 för
1040 985 263 37 kapitalökning
1328 987 109 31 under
1464 986 166 31 rubriken
1655 987 142 30 Fonden

292 1034 54 31 för
374 1035 110 36 förlag
510 1035 52 30 till
589 1036 201 30 statsverket
819 1036 50 30 till
897 1036 88 30 vissa
1015 1036 338 37 engångskostnader
1379 1037 55 30 för
1462 1037 334 31 försvarsväsendets

291 1085 197 37 byggnader
509 1095 45 21 m.
577 1096 45 21 m.
645 1086 132 30 anvisat
796 1089 47 28 ett
863 1087 348 37 reservationsanslag
1231 1097 41 20 av
1293 1088 174 34 9,127,000
1487 1088 138 36 kronor,
1648 1091 48 27 att
1715 1087 81 38 utgå

292 1145 41 21 av
355 1136 199 31 lånemedel.
600 1137 159 30 Nämnda
778 1137 125 36 belopp
923 1138 64 29 har
1006 1137 165 31 fördelats
1192 1139 79 30 med
1291 1138 174 36 2,001,000
1486 1139 128 30 kronor
1636 1139 54 30 för
1709 1139 85 30 lant-

292 1186 176 36 försvaret,
493 1188 79 29 med
600 1188 170 35 1,117,000
794 1188 129 30 kronor
947 1187 54 31 för
1024 1187 224 37 sjöförsvaret
1274 1189 65 30 och
1365 1190 78 29 med
1470 1189 173 35 6,009,000
1668 1190 128 30 kronor

292 1235 53 32 för
368 1236 209 38 flygvapnet.

337 1287 114 36 Enligt
471 1288 68 30 vad
561 1288 382 37 departementschefen
965 1289 184 36 meddelat,
1176 1289 165 37 föreligga
1367 1300 47 20 nu
1437 1289 80 31 från
1542 1291 258 30 vederbörande

293 1338 240 36 myndigheter
550 1338 298 37 framställningar
866 1349 57 20 om
942 1340 189 30 anvisande
1148 1339 45 38 på
1209 1341 184 30 enahanda
1412 1342 66 29 sätt
1495 1351 42 20 av
1554 1342 44 29 de
1616 1342 111 29 medel
1744 1342 56 29 för

291 1389 353 37 byggnadsändamål,
668 1399 74 21 som
762 1390 106 36 enligt
890 1389 229 32 förenämnda
1142 1390 325 32 utskottsutlåtande
1490 1395 125 27 avsetts
1636 1392 53 31 för
1710 1392 85 30 bud-

291 1439 127 37 getåret
438 1435 195 42 1937/1938.

335 1490 387 37 Departementschefen
747 1491 64 30 har
836 1494 110 28 ansett
970 1492 49 36 sig
1043 1491 52 31 till
1119 1501 42 21 en
1188 1492 123 37 början
1335 1493 85 30 böra
1444 1493 140 30 anmäla
1608 1503 41 20 en
1673 1493 10 30 i
1708 1502 87 22 sam-

290 1541 94 30 band
404 1542 78 30 med
503 1542 147 30 berörda
672 1541 293 37 framställningar
988 1542 139 31 stående
1149 1541 96 38 fråga
1267 1541 176 38 angående
1465 1543 267 37 disponerandet
1754 1553 41 21 av

289 1591 32 38 ej
347 1592 134 31 mindre
504 1593 56 29 det
587 1592 54 30 för
666 1592 199 36 flygvapnet
890 1593 148 30 avsedda
1063 1593 261 36 sammanlagda
1348 1593 161 37 beloppet
1533 1604 41 21 av
1601 1595 195 34 23,843,000

290 1642 139 37 kronor,
448 1643 106 30 vilket
572 1642 47 37 på
637 1644 66 29 sätt
721 1652 81 27 nyss
822 1644 139 29 nämnts
980 1644 38 29 är
1037 1646 109 28 avsett
1165 1647 48 27 att
1234 1643 149 32 fördelas
1403 1645 45 36 på
1468 1645 210 36 budgetåren
1701 1643 94 38 1936/

293 1687 327 43 1937—1940/1941,
643 1695 44 29 än
707 1694 85 30 även
815 1694 56 30 det
890 1694 348 37 reservationsanslag
1258 1704 57 21 om
1336 1695 174 36 6,009,000
1532 1696 139 36 kronor,
1692 1696 105 31 vilket

292 1743 54 31 för
368 1744 197 30 ändamålet
587 1744 106 30 redan
716 1743 158 37 beviljats
896 1744 53 31 för
971 1744 234 32 innevarande
1226 1745 176 37 budgetår.

335 1794 114 37 Enligt
466 1794 171 31 särskilda
656 1795 181 31 utskottets
857 1795 56 30 vid
935 1796 83 30 1936
1036 1795 55 31 års
1109 1795 140 38 riksdag
1267 1796 176 31 utlåtande
1460 1807 41 20 nr
1521 1798 15 29 1
1561 1794 75 40 (sid.
1659 1798 60 30 183
1738 1795 51 39 ff.)

291 1845 109 31 skulle
419 1845 149 31 berörda
587 1845 136 36 belopp,
745 1846 196 35 23,843,000
962 1846 139 36 kronor,
1123 1847 177 30 användas
1323 1847 53 30 för
1396 1847 320 37 byggnadsarbeten
1738 1848 56 30 vid

290 1895 214 38 flygvapnets
530 1896 170 30 särskilda
723 1895 373 38 förläggningsplatser,
1124 1906 41 21 av
1190 1897 105 31 vilket
1318 1897 125 37 belopp
1469 1899 174 35 2,800,000
1668 1900 129 29 kronor

290 1946 129 31 kronor
436 1947 110 30 skulle
566 1956 80 21 avse
665 1947 287 37 tjänstebostäder
971 1948 65 30 och
1058 1948 195 35 21,043,000
1275 1949 128 30 kronor
1423 1949 118 36 övriga
1561 1949 172 31 ändamål.

335 1996 64 32 Det
422 1997 125 37 belopp
575 2007 59 21 om
659 1998 174 36 6,009,000
859 1998 137 36 kronor,
1023 1998 106 31 vilket
1154 1998 54 31 för
1233 1997 216 39 flygvapnets
1477 2000 55 30 del
1557 1999 158 38 beviljats
1742 2000 54 31 för

291 2047 232 32 innevarande
549 2048 177 37 budgetår,
753 2058 62 21 var
841 2048 104 37 enligt
970 2048 171 31 särskilda
1166 2050 180 30 utskottets
1371 2050 178 31 utlåtande
1574 2061 43 20 nr
1642 2052 19 30 3
1688 2054 108 28 avsett

291 2101 48 28 att
362 2097 149 32 fördelas
534 2098 21 31 å
580 2099 41 31 de
646 2098 168 32 särskilda
838 2099 410 37 förläggningsplatserna
1271 2100 46 37 på
1340 2100 155 38 följande
1518 2102 77 30 sätt:

1161 2164 121 39 Tjänste-
1399 2201 10 4 a
1418 2161 56 28 Övr
1476 2166 42 39 iga
1662 2183 112 25 Summa

1161 2198 126 24 bostäder
1397 2200 129 23 ändamål

286 2237 253 30 Västmanlands
561 2237 177 39 flygflottilj
770 2263 361 7 ..................
1223 2256 40 5 —
1411 2240 136 37 260,000
1654 2241 136 38 560,000

285 2287 178 39 Roslagens
485 2287 180 39 flygflottilj
682 2313 444 7 .................s...--
1221 2307 38 3 —
1377 2290 168 37 1,250,000
1623 2291 166 37 —1,250,000

284 2337 187 31 Jämtlands
492 2337 179 39 flygflottilj.
683 2363 445 8 .....................
1221 2357 39 5 —
1379 2341 167 37 1,235,000
1577 2336 19 49 —
1622 2341 167 38 1,235,000

286 2387 288 40 Flygkrigsskolan
588 2383 13 50 .
625 2413 42 7 js
682 2414 27 5 as
723 2414 27 6 sc
765 2414 69 6 ses
850 2414 26 5 ss
913 2414 67 5 ca
995 2414 133 7 nde
1158 2389 135 38 200,000
1378 2390 168 38 2,484,000
1573 2386 22 49 =
1622 2391 167 39 2,684,000

287 2431 274 46 Övningsplatsen
586 2439 11 29 i
619 2439 112 30 Boden
766 2464 362 7 ..................
1219 2458 41 5 —
1409 2441 136 37 280,000
1653 2441 135 37 280,000

854 2484 136 44 Summa
1012 2498 122 31 kronor
1156 2495 135 46 200,000
1377 2501 167 37 5,809,000
1620 2500 178 38 —6,009,000.
