2155 2660
376 161 19 29 4
811 165 103 34 Stats-
923 167 175 34 Utskottets
1127 169 174 35 Utlåtande
1325 172 62 34 N:o
1409 176 50 30 35.

333 250 268 36 arrendevärde.
657 250 133 39 Genom
831 258 54 32 att
924 256 144 46 försälja
1109 257 120 46 dylika
1258 260 130 46 aflägse
1415 263 149 46 belägna
1592 266 208 44 egendomar
1827 269 113 36 skulle

332 301 55 34 för
425 302 137 35 kronan
601 304 120 35 kunna
761 307 166 44 besparas
967 309 151 45 alltjemt
1144 308 285 41 återkommande
1455 316 149 44 utgifter
1631 317 54 35 för
1712 321 226 36 arrendevär-

332 353 177 45 deringar,
551 355 393 47 auktionskungörelser
984 364 89 32 samt
1113 364 238 45 ersättningar
1391 366 54 35 till
1471 367 238 37 kronoombud
1735 371 60 35 vid
1822 369 115 53 syner,

331 405 244 46 besigtningar
615 408 63 34 och
718 409 324 47 skogsutsyningar,
1084 413 121 36 hvilka
1245 416 149 45 utgifter
1433 418 77 36 icke
1551 421 97 35 stode
1674 422 12 34 i
1712 422 134 47 rimligt
1872 425 66 35 för-

331 454 163 38 hållande
522 459 54 33 till
603 459 41 35 de
672 462 352 45 arrendeinkomster,
1050 475 69 24 som
1149 466 115 36 kunde
1291 466 186 46 påräknas.
1520 470 313 48 Domänstyrelsen
1848 477 91 35 hade

332 509 138 35 derföre
510 511 164 35 anmodat
713 511 130 47 Kongl.
884 514 127 46 Maj:ts
1049 516 398 48 Befallningshafvande
1483 522 11 35 i
1529 524 112 35 rikets
1673 527 174 36 mellersta
1876 529 64 35 och

332 561 102 34 södra
474 562 58 34 län
573 564 54 33 att
665 563 55 35 till
759 567 171 42 styrelsen
969 567 174 36 inkomma
1170 571 77 34 med
1274 571 138 46 uppgift
1438 571 44 46 på
1510 575 120 44 dylika
1657 578 111 35 under
1795 580 40 34 de
1862 584 78 31 när-

332 615 111 32 maste
483 610 84 37 åren
611 616 265 45 arrendelediga
916 619 332 47 kronoegendomar,
1290 623 120 36 hvilka
1452 624 148 48 ansåges
1640 629 84 35 böra
1764 626 173 55 försäljas.

331 663 86 35 Med
444 665 188 44 anledning
659 667 103 34 deraf
785 668 89 35 hade
902 668 129 46 Kongl.
1061 671 125 45 Maj:ts
1205 673 395 47 Befallningshafvande
1618 680 12 34 i
1660 679 279 39 Södermanlands

331 715 60 33 län
422 714 54 34 till
502 715 210 46 försäljning
738 718 182 50 föreslagit
948 721 58 34 det
1032 722 188 36 midfastan
1251 727 93 33 1887
1374 729 264 46 arrendelediga
1665 731 173 46 indragna
1865 745 75 33 pro-

332 765 235 36 fossbostället
605 765 41 48 '/,
685 771 131 34 mantal
845 771 181 46 Arbytorp
1065 773 70 36 N:o
1170 776 17 34 1
1221 776 12 34 i
1267 775 136 46 Gryths
1437 780 127 35 socken
1605 783 63 34 och
1695 782 105 47 Daga
1828 785 112 36 härad

333 820 90 32 samt
451 818 122 35 dervid
599 821 143 43 upplyst
769 824 54 33 att
851 825 211 43 egendomen
1088 824 78 47 låge
1185 829 141 42 mycket
1345 830 128 35 afsides
1491 832 12 34 i
1522 832 219 38 förhållande
1760 836 55 35 till
1830 838 110 35 andra

332 869 324 44 kronoegendomar
682 872 12 34 i
721 883 43 24 en
791 875 166 44 temligen
985 876 221 47 otillgänglig
1232 880 99 35 trakt
1358 880 63 36 och
1449 882 54 35 för
1529 887 223 34 närvarande
1779 888 160 36 lemnade

332 920 12 35 i
372 921 147 35 arrende
546 922 150 36 allenast
723 921 309 50 tvåhundrafyrtio
1064 929 53 34 till
1149 927 320 42 tvåhundrafemtio
1501 935 139 46 kronor,
1661 937 138 37 hvilket
1816 940 124 46 belopp

332 972 78 34 icke
451 975 118 41 syntes
609 975 137 35 komma
787 980 53 32 att
874 978 12 34 i
921 980 194 35 nämnvärd
1146 979 80 37 mån
1253 983 100 45 höjas
1380 984 60 36 vid
1465 997 49 33 ny
1539 990 280 45 utarrendering,
1849 996 91 31 samt

333 1026 55 32 att
427 1025 211 43 egendomen
678 1027 174 36 dessutom
893 1030 154 36 saknade
1083 1032 87 45 skog
1197 1033 38 35 af
1259 1032 116 47 någon
1401 1037 224 44 betydenhet.
1679 1040 39 36 'T.
1748 1041 22 36 f.
1801 1043 137 36 domän-

332 1076 228 34 intendenten
599 1077 12 35 i
650 1078 97 35 länet
786 1078 79 37 från
905 1082 144 35 hvilken
1076 1082 314 48 Domänstyrelsen
1417 1088 173 38 infordrat
1616 1093 210 44 ytterligare
1853 1105 82 35 upp-

332 1127 193 45 lysningar,
558 1129 90 35 hade
680 1131 188 36 meddelat:
903 1136 64 41 att,
997 1135 115 35 derest
1138 1136 12 34 i
1177 1136 87 46 följd
1291 1138 40 34 af
1354 1138 224 39 föreskriften
1606 1143 12 34 i
1644 1141 128 48 nådiga
1800 1146 139 36 brefvet

333 1179 67 33 den
440 1180 45 33 29
526 1179 77 45 Maj
649 1182 95 34 1874
784 1183 209 46 försäljning
1020 1186 127 34 skedde
1175 1188 39 33 af
1239 1189 65 33 den
1332 1190 189 36 midfastan
1551 1195 94 34 1892
1674 1197 266 49 arrendelediga

332 1230 325 44 kronoegendomen
697 1230 191 49 "'Tångtorp,
922 1233 114 48 någon
1069 1247 115 26 annan
1211 1241 254 36 utarrenderad
1492 1244 279 47 kronoegendom
1798 1251 44 32 än
1870 1248 66 36 År-

331 1282 127 43 bytorp
485 1281 78 35 icke
590 1283 136 35 komme
753 1288 54 31 att
833 1286 112 35 finnas
972 1288 91 34 inom
1091 1290 166 45 socknen;

468 1334 54 32 att
563 1333 55 35 till
656 1338 158 32 närmast
846 1338 148 44 belägna
1027 1341 274 36 utarrenderade
1329 1344 323 46 kronoegendomar
1678 1359 83 25 vore
1793 1349 62 48 1"/.
1884 1352 53 34 till

334 1385 20 33 2
394 1383 71 44 mil,
509 1384 63 35 och
613 1387 54 33 att
707 1386 58 36 det
803 1391 108 33 mötte
952 1392 72 33 stor
1064 1388 180 49 svårighet
1284 1396 54 34 att
1370 1394 133 38 erhålla
1531 1398 115 46 skjuts
1672 1400 54 35 till
1753 1401 64 35 och
1843 1400 94 38 ifrån

333 1435 225 45 egendomen;

465 1489 54 32 att
559 1486 222 45 egoområdet
820 1490 181 46 utgjordes
1041 1493 39 35 af
1118 1496 43 33 21
1197 1497 171 35 tunnland
1401 1501 77 42 26,4
1504 1501 177 44 kappland
1708 1500 86 38 åker
1821 1505 65 34 och
1915 1508 20 33 2

330 1537 172 34 tunnland
531 1540 76 41 28,7
633 1539 179 44 kappland
839 1546 83 41 äng;

465 1591 54 32 att
558 1600 71 24 som
666 1588 91 38 både
797 1589 86 38 åker
923 1595 63 34 och
1024 1599 71 41 äng
1133 1608 84 25 vore
1257 1599 39 34 af
1332 1601 133 35 mindre
1497 1604 68 42 god
1592 1605 251 46 beskaffenhet,
1873 1609 63 34 och

331 1640 229 43 egendomens
611 1641 80 44 läge
742 1643 55 34 för
841 1644 195 47 afsättning
1084 1658 84 25 vore
1199 1651 141 43 mycket
1384 1650 120 48 dåligt,
1550 1652 115 47 någon
1713 1659 112 33 större
1870 1659 66 35 för-

329 1691 146 45 höjning
500 1692 12 34 i
539 1694 165 34 arrendet
731 1694 59 35 vid
817 1706 48 33 ny
890 1699 271 45 utarrendering
1186 1701 78 35 icke
1283 1703 116 35 kunde
1418 1702 194 50 påräknas;
1630 1710 89 32 samt
1734 1711 54 32 att
1803 1710 131 44 skogen

330 1743 85 34 eller
454 1744 241 44 skogbeväxta
734 1746 228 46 hagmarken,
1005 1760 71 24 som
1116 1751 191 37 omfattade
1340 1756 47 34 40
1419 1755 55 35 till
1503 1758 46 34 50
1576 1759 182 45 tunnland,
1786 1760 147 37 hufvud-

329 1794 159 44 sakligen
528 1805 83 25 vore
650 1797 132 34 beväxt
820 1799 76 33 med
936 1801 134 42 ganska
1110 1812 72 35 ung
1221 1805 95 43 skog.
1371 1804 72 36 För
1471 1818 86 34 egen
1585 1809 55 34 del
1666 1810 90 35 hade
1782 1810 152 37 Domän-

328 1846 182 43 styrelsen,
538 1847 77 33 med
642 1847 341 46 tillkännagifvande
1011 1854 54 33 att
1095 1854 95 34 1884
1217 1853 56 37 års
1293 1858 148 34 arrende
1461 1858 54 35 för
1530 1861 211 43 egendomen
1756 1864 177 44 uppginge

328 1895 54 35 till
413 1894 373 47 tvåhundrafyrtiotvå
814 1901 129 34 kronor
972 1904 45 33 80
1046 1907 69 40 öre,
1145 1909 89 31 samt
1262 1910 53 31 att
1343 1909 115 43 skogs-
1487 1911 64 33 och
1578 1912 222 43 hagmarken.
1824 1915 109 44 enligt

328 1957 42 24 en
409 1948 111 34 under
560 1946 40 36 år
643 1951 92 33 1881
777 1953 191 42 upprättad
1008 1955 63 34 och
1103 1956 164 36 faststäld
1294 1958 324 47 hushållningsplan
1645 1963 163 45 utgjorde
1835 1965 13 34 i
1875 1966 59 35 det

326 2001 177 32 närmaste
544 2002 47 32 45
625 2002 171 33 tunnland
823 2004 77 33 med
928 2005 86 43 skog
1040 2006 55 34 till
1122 2007 180 46 husbehof,
1332 2011 64 34 och
1425 2015 52 31 att
1505 2014 211 42 egendomen
1743 2015 78 35 icke
1848 2027 84 25 vore

325 2048 55 35 för
418 2047 108 46 något
564 2051 291 44 skogsväsendets
882 2053 161 37 ändamål
1068 2057 153 46 lämplig,
1250 2060 174 46 hemstält,
1454 2066 53 31 att
1533 2063 130 46 Kongl.
1692 2064 109 46 Maj:t
1827 2065 108 38 måtte

326 2100 62 34 hos
416 2100 202 48 Riksdagen
646 2107 87 40 göra
760 2104 259 47 framställning
1048 2118 53 24 om
1129 2111 228 42 egendomens
1385 2109 215 54 försäljning.

460 2152 85 35 Med
584 2154 163 36 afseende
787 2153 20 37 å
846 2157 93 35 hvad
973 2156 145 37 sålunda
1152 2161 117 36 blifvit
1301 2164 39 34 af
1364 2163 314 47 Domänstyrelsen
1707 2168 141 37 anfördt
1875 2168 56 37 får

327 2201 310 48 Stats-Utskottet,
666 2207 55 33 till
748 2208 107 34 hvars
882 2208 251 36 förberedande
1161 2213 269 50 handläggning
1446 2217 113 34 denna
1580 2220 212 42 proposition
1813 2221 118 35 blifvit

324 2253 217 47 remitterad,
570 2257 195 45 hemställa,
