2196 2708
436 197 42 33 14
582 197 130 35 Första
735 198 241 35 Kammarens
1002 199 191 43 Tillfälliga
1224 200 144 35 Utskolts
1392 202 78 42 (N:o
1493 203 36 42 2)
1560 202 185 35 Utlåtande
1768 204 61 33 N:o
1855 208 29 28 1.

434 288 109 38 ifrån
577 288 133 39 denna
739 302 167 26 examen
935 290 243 49 dispensera,
1210 292 75 37 och
1315 292 60 38 till
1404 293 125 38 sådan
1558 305 190 27 examens
1776 294 254 39 förrättande

434 343 88 38 icke
551 342 95 39 eller
674 343 108 39 kalla
810 344 136 48 andra,
978 348 51 35 än
1057 345 75 38 här
1160 346 170 39 anförde
1357 360 202 36 personer.

594 400 22 46 8
645 398 34 37 9.
737 399 143 37 Ehuru
923 399 67 38 det
1032 403 65 35 må
1139 403 62 35 stå
1232 401 103 38 hvar
1368 403 75 37 och
1471 415 50 25 en
1549 403 243 48 pharmacize
1821 404 208 38 studiosus

433 452 92 38 fritt
553 456 69 42 att,
653 456 75 34 när
756 453 103 38 hans
888 454 344 49 omständigheter
1261 456 67 38 det
1356 456 129 39 tillåta
1514 458 75 37 och
1617 458 82 37 han
1724 458 199 38 inhemtat
1943 458 84 38 der-

434 506 62 39 till
524 506 149 48 nödiga
701 507 243 50 kunskaper,
975 509 161 38 anmäla
1164 510 59 49 sig
1250 510 62 38 till
1340 511 310 49 ifrågavarande
1675 525 189 26 examens
1883 513 144 38 under-

433 561 165 49 gående,
630 564 43 35 så
702 565 65 35 må
797 562 66 38 det
892 563 103 38 dock
1023 564 88 38 icke
1139 577 98 25 vara
1265 568 134 46 någon
1427 566 158 47 tillåtet,
1616 570 69 44 att,
1716 568 123 37 äfven
1859 580 66 26 om
1945 568 82 38 han

434 616 90 38 sina
565 616 220 48 specimina
826 617 125 38 redan
994 618 132 49 aflagt,
1171 620 193 49 antingen
1407 623 133 36 såsom
1583 622 186 48 provisor
1796 623 153 37 förestå
1976 635 51 25 en

434 683 167 35 annans,
646 671 95 38 eller
783 674 132 35 såsom
958 673 244 48 apothekare
1239 674 43 38 få
1310 675 117 38 sköta
1455 678 88 46 eget
1572 677 187 47 apothek,
1789 677 127 37 innan
1945 678 82 37 han

432 725 63 35 till
522 725 193 47 myndiga
743 728 44 33 år
815 726 172 37 kommit
1016 728 75 35 och
1119 728 126 36 innan
1274 729 82 36 han
1385 730 125 37 minst
1537 731 93 46 fyra
1658 734 44 33 år
1726 731 302 37 konditionerat

433 779 132 37 såsom
594 778 244 48 pharmacise
867 779 217 48 studiosus,
1115 780 105 39 helst
1249 793 50 26 en
1327 784 81 36 rätt
1436 783 209 38 beskaffad
1674 784 244 48 apothekare
1938 784 90 38 icke

432 833 197 38 behöfver
670 833 142 39 endast
854 835 211 49 grundliga
1103 836 153 37 studier
1284 837 13 37 i
1326 837 69 38 sitt
1424 838 109 48 yrke,
1564 840 99 36 utan
1692 839 122 37 äfven
1843 839 141 49 stadga
2013 840 13 36 i

432 887 70 37 sitt
530 888 267 47 uppförande,
829 892 104 34 samt
961 902 107 25 vana
1095 890 70 37 vid
1191 891 146 37 affärer
1357 892 76 37 och
1452 892 173 49 ordning
1643 893 14 36 i
1677 893 66 37 det
1763 893 264 38 ekonomiska

432 941 43 37 af
503 942 401 47 apotheks-rörelsen.

591 998 22 45 &
643 997 59 36 10.
761 996 249 39 Pharmacie
1039 998 215 47 studiosus,
1286 1012 88 25 som
1403 1000 134 38 blifvit
1566 1001 192 48 antingen
1784 1001 81 38 tills
1884 1001 142 39 vidare

430 1049 233 48 förordnad,
709 1050 94 38 eller
844 1063 146 37 genom
1032 1052 192 39 kontrakt
1266 1053 135 39 kallad
1433 1054 62 38 till
1527 1055 195 48 provisor,
1754 1054 95 39 eller
1877 1056 74 37 ock
1980 1058 46 35 är

430 1104 121 48 laglig
580 1116 115 36 egare
724 1105 43 37 af
795 1106 187 47 apothek,
1013 1107 173 48 aflägger
1213 1108 109 37 inför
1342 1108 116 38 Wårt
1477 1109 427 49 sundhetskollegium,
1922 1110 103 38 efter

431 1158 244 48 föregången
719 1171 178 35 examen,
942 1160 219 47 provisors-
1204 1161 95 38 eller
1332 1163 372 47 apothekare-eden,
1735 1163 124 49 enligt
1887 1164 68 37 det
1983 1164 42 37 af

432 1211 76 37 Oss
536 1212 14 36 i
578 1212 126 37 nåder
731 1212 147 48 gillade
897 1214 208 45 formulär,
1128 1215 75 37 och
1222 1215 171 38 erhåller
1411 1217 220 47 provisors-
1651 1217 95 37 eller
1766 1218 259 47 apothekare-

431 1265 99 46 bref,
561 1265 206 38 hvarefter
794 1267 186 47 provisor
1008 1267 60 49 sig
1096 1268 61 37 till
1185 1268 63 38 sin
1276 1270 126 48 tjenst
1429 1270 190 49 förfogar,
1651 1283 93 26 men
1764 1271 257 48 apothekare,

430 1318 62 38 till
520 1319 199 49 privilegii
749 1320 241 47 erhållande,
1021 1322 74 37 hos
1116 1322 76 38 Oss
1213 1323 42 37 af
1273 1323 117 38 Wårt
1409 1324 416 49 sundhetskollegium
1845 1326 14 36 i
1879 1325 142 38 under-

430 1373 193 48 dånighet
651 1374 189 38 anmäles.

589 1430 22 45 &
642 1429 59 35 11.
760 1428 84 38 När
872 1429 104 38 enka
1005 1429 95 38 eller
1128 1431 187 38 sterbhus
1344 1431 72 37 vill
1443 1434 53 46 på
1516 1432 160 38 kortare
1697 1432 95 38 eller
1810 1433 139 49 längre
1963 1433 61 38 tid

429 1480 83 39 låta
554 1482 176 47 apothek
773 1485 122 46 öppet
936 1483 139 47 hållas,
1111 1484 73 38 bör
1212 1487 44 35 så
1284 1485 93 47 fort,
1408 1487 103 37 efter
1539 1487 267 47 apothekares
1835 1487 186 46 dödsfall,

430 1535 70 38 ske
541 1536 93 46 kan,
679 1537 189 37 anmälan
900 1541 116 45 göras
1044 1539 14 36 i
1086 1538 116 38 Wårt
1230 1540 416 49 sundhetskollegium
1677 1554 65 25 om
1772 1553 50 26 en
1851 1541 172 49 skicklig

428 1590 196 46 provisor.
655 1614 51 3 —
736 1589 138 39 Skulle
894 1592 107 37 ifrån
1021 1593 228 37 sterbhuset
1269 1594 35 47 ej
1327 1596 134 46 någon
1480 1595 181 45 föreslås,
1682 1595 100 37 låter
1802 1595 220 48 kollegium

428 1655 145 36 genom
602 1643 205 39 allmänna
834 1645 207 49 tidningar
1068 1646 184 49 kungöra
1279 1647 239 49 ledigheten,
1539 1651 53 46 på
1612 1648 67 39 det
1699 1649 191 49 antingen
1910 1650 113 38 förut

428 1698 282 37 examinerade
761 1699 240 48 provisorer,
1057 1700 95 38 eller
1203 1701 74 38 ock
1324 1702 124 38 andre
1494 1703 238 49 försvarlige
1778 1703 245 48 pharmacisze

428 1751 172 38 studiosi
641 1755 118 45 måga
800 1753 61 48 sig
903 1754 133 37 dertill
1078 1755 175 47 anmäla;
1298 1756 75 37 och
1401 1756 104 37 skall
1533 1757 42 36 af
1603 1757 67 37 det
1698 1757 204 46 kontrakt,
1933 1769 87 26 som

429 1804 169 38 emellan
642 1805 78 38 den
757 1807 214 47 godkände
999 1808 215 48 provisorn
1244 1810 75 37 och
1348 1810 227 38 sterbhuset
1603 1811 73 37 bör
1704 1814 223 45 upprättas,
1958 1812 63 37 be-

428 1859 143 37 vitnad
612 1860 165 38 afskrift
817 1861 63 37 till
922 1861 116 38 Wäårt
1080 1862 414 50 sundhetskollegium
1523 1864 209 38 inlemnas.
1764 1889 51 3 —
1844 1865 60 37 På
1932 1877 88 25 ena-

426 1913 137 37 handa
604 1916 79 35 sätt
724 1914 203 47 förhålles,
972 1915 52 38 då
1056 1917 245 46 apothekare
1330 1918 42 37 af
1400 1918 225 48 sjukdoms-
1655 1918 95 38 eller
1778 1918 241 38 ålderdoms-

426 1966 251 49 bräcklighet
696 1968 70 37 sitt
786 1969 176 47 apothek
981 1969 87 38 icke
1087 1970 153 38 förestå
1259 1971 91 46 kan,
1374 1972 74 37 och
1465 1971 132 39 dertill
1611 1973 187 47 provisor
1813 1973 204 37 åstundar.

426 2043 51 4 —
506 2021 20 36 I
554 2020 84 38 lika
665 2024 139 43 måtto,
836 2023 76 37 och
940 2026 74 34 när
1043 2024 176 47 apothek
1246 2025 66 37 för
1339 2025 94 48 gäld
1460 2026 13 36 i
1502 2029 84 35 mät
1614 2029 71 45 går
1705 2027 75 37 och
1798 2027 66 37 för
1883 2027 135 48 borge-

425 2077 139 35 närers
592 2075 174 49 räkning
793 2076 198 49 försäljes,
1024 2077 94 38 eller
1146 2078 42 37 af
1216 2079 112 37 boets
1357 2079 211 38 kuratorer
1596 2080 103 38 skall
1718 2080 206 46 förvaltas,
1948 2081 70 37 bör

426 2127 133 38 dertill
600 2141 50 25 en
693 2130 257 38 examinerad
978 2132 183 47 provisor
1189 2132 228 47 förskaffas,
1449 2133 131 38 derest
1608 2135 294 47 borgenärerne
1929 2135 88 38 icke

425 2181 126 38 hafva
582 2183 233 38 förtroende
848 2184 62 37 till
937 2185 110 37 förre
1075 2197 156 37 egaren,
1262 2186 95 38 eller
1384 2187 63 37 till
1475 2200 135 25 annan
1640 2188 257 37 examinerad
1925 2201 91 35 apo-

425 2236 177 46 thekare,
647 2249 86 25 som
776 2238 60 48 sig
877 2238 140 49 tillsyn
1050 2240 76 37 och
1155 2253 147 25 ansvar
1331 2241 158 38 derföre
1517 2241 72 38 vill
1618 2244 133 46 åtaga;
1783 2242 189 46 börande,
2003 2243 15 37 i

425 2289 77 38 alla
531 2290 48 37 de
607 2291 83 46 fall,
722 2292 183 48 behörigt
933 2293 193 38 kontrakt
1154 2297 213 45 upprättas
1396 2295 75 38 och
1499 2296 13 36 i
1541 2296 193 38 bevitnad
1763 2296 164 38 afskrift
1954 2296 64 38 till

424 2343 116 38 Wårt
582 2345 415 49 sundhetskollegium
1039 2348 202 37 insändas.
1299 2349 21 36 I
1349 2349 47 37 de
1424 2349 84 47 fall,
1540 2350 51 37 då
1620 2350 397 48 omständigheterne
