1896 2800
276 173 39 30 12
719 181 263 30 Stalsutskottets
1004 184 167 29 utlåtande
1194 195 37 18 nr
1252 187 70 27 142.

274 266 115 21 ramen
416 258 52 31 för
494 259 92 34 detta
613 260 124 42 belopp
764 262 103 41 jämte
895 265 192 31 nuvarande
1115 266 270 43 arvodesbelopp
1412 269 52 30 för
1490 269 284 32 sinnesslövårds-

274 298 220 41 inspektören
519 302 62 30 och
606 303 127 32 dennes
758 305 138 38 vikarie,
922 307 186 40 utgörande
1134 309 90 30 7700
1249 309 133 38 kronor,
1407 311 103 31 träffa
1535 312 41 30 de
1601 313 172 37 anstalter,

274 350 73 21 som
373 341 114 32 kunna
513 343 72 31 visa
611 345 53 40 sig
689 348 87 29 mest
801 347 290 43 ändamålsenliga
1116 350 53 30 för
1193 351 272 41 tillgodoseende
1492 364 41 20 av
1558 365 45 19 nu
1629 354 145 32 berörda

272 383 165 31 ändamål.

325 425 355 43 Medicinalstyrelsen
704 430 59 30 har
787 431 116 32 vidare
927 432 148 41 påkallat
1098 434 109 31 medel
1232 435 53 31 för
1308 437 212 31 anställande
1545 448 39 20 av
1608 449 41 20 en
1673 439 99 31 biträ-

273 467 111 32 dande
410 470 245 41 föredragande
682 472 11 30 i
719 473 315 41 rättspsykiatriska
1060 476 147 31 ärenden
1234 478 54 30 för
1314 489 42 20 en
1384 479 50 31 tid
1462 490 39 20 av
1528 491 59 19 sex
1613 481 160 31 månader

272 510 109 31 under
408 513 96 30 nästa
530 512 175 42 budgetår.
746 514 178 42 Styrelsen
950 517 60 31 har
1037 518 120 33 härvid
1185 519 162 41 åberopat
1375 521 65 31 den
1468 522 125 33 snabbt
1621 523 150 31 fortskri-

271 552 111 33 dande
404 554 169 41 ökningen
594 566 41 20 av
656 556 203 33 hithörande
881 559 156 38 ärenden,
1060 571 73 20 som
1155 561 140 32 framför
1316 563 61 31 allt
1398 565 37 29 är
1454 564 174 31 markerad
1649 564 122 32 beträf-

270 595 103 32 fande
396 596 106 31 abort
525 598 62 30 och
610 599 394 42 steriliseringsärenden
1026 605 87 28 samt
1134 603 412 43 sinnesundersökningar
1567 606 10 31 i
1600 606 169 31 brottmål.

267 636 121 41 Någon
410 638 195 42 minskning
625 651 40 20 av
687 641 99 31 dessa
798 643 148 30 ärenden
958 643 86 31 lärer
1055 644 72 31 icke
1139 656 77 20 vara
1229 648 47 29 att
1302 649 113 29 emotse
1429 648 106 31 under
1547 648 40 31 de
1599 651 169 30 närmaste

269 681 90 31 åren.
393 680 66 41 Jag
479 681 59 31 vill
561 682 10 30 i
595 683 92 31 detta
709 684 194 32 hänseende
926 686 186 38 framhålla,
1136 689 49 30 att
1206 686 125 43 Kungl.
1354 689 102 41 Maj:t
1477 690 10 30 i
1509 692 259 39 propositionen

273 722 54 40 (nr
347 723 73 40 239)
445 724 76 31 med
542 725 129 41 förslag
690 726 52 30 till
764 726 184 42 ändringar
966 728 11 30 i
998 728 296 43 sinnessjuklagen
1315 733 112 39 utgått
1446 732 75 31 från
1541 735 50 30 att
1611 733 65 31 den
1697 745 72 20 cen-

268 764 86 32 trala
379 766 250 41 granskningen
655 779 39 19 av
721 769 220 32 utlåtandena
966 770 142 32 rörande
1135 772 411 43 sinnesundersökningar
1571 775 12 31 i
1607 775 160 32 brottmål

268 807 87 32 skall
378 808 71 33 tills
473 809 115 32 vidare
613 810 199 32 bibehållas.
850 811 117 32 Under
989 813 129 31 sådana
1142 814 236 32 förhållanden
1402 827 99 20 anser
1524 817 56 41 jag
1604 817 69 42 mig
1695 818 73 31 icke

266 849 115 32 kunna
402 850 113 32 avvisa
536 852 186 40 styrelsens
745 854 252 42 framställning
1017 866 53 20 om
1091 856 195 41 ytterligare
1309 868 42 21 en
1372 857 246 43 föredragande
1639 860 11 30 i
1672 862 96 29 rätts-

266 891 229 41 psykiatriska
517 894 157 31 ärenden.

320 934 132 32 Genom
476 936 64 31 den
564 937 206 32 verkställda
793 938 226 42 utredningen
1043 951 102 30 synes
1169 941 68 41 mig
1260 943 84 29 även
1367 942 148 33 behovet
1538 955 40 19 av
1602 955 42 19 en
1667 944 98 31 biträ-

266 976 110 32 dande
397 977 175 41 inspektör
591 980 54 30 för
665 979 421 41 sjuksköterskeväsendet
1105 983 117 40 styrkt.
1254 983 18 31 I
1292 984 108 33 likhet
1420 984 76 31 med
1517 985 248 32 lönenämnden

266 1019 114 31 finner
404 1019 56 41 jag
482 1020 69 41 mig
576 1021 85 31 dock
687 1022 69 31 tills
782 1022 115 32 vidare
922 1023 72 31 icke
1017 1024 115 31 kunna
1156 1025 135 31 förorda
1315 1026 105 41 högre
1445 1026 244 43 löneställning
1713 1028 53 31 för

264 1061 113 32 denna
394 1062 334 41 befattningshavare
747 1065 42 29 än
810 1065 162 41 lönegrad
991 1066 51 30 Eo
1058 1067 46 29 17.

315 1103 77 32 Den
417 1104 106 32 starkt
546 1106 156 40 stegrade
727 1107 241 41 anslutningen
993 1108 53 31 till
1071 1108 57 31 det
1153 1108 162 42 frivilliga
1338 1109 427 43 kastsjukebekämpandet

264 1146 107 38 torde,
390 1149 43 38 på
452 1149 67 30 sätt
537 1148 352 41 medicinalstyrelsen
908 1150 194 37 framhållit,
1122 1152 80 40 göra
1220 1151 57 31 det
1294 1152 212 41 nödvändigt
1523 1155 50 30 att
1592 1154 53 30 för
1662 1154 102 31 hand-

262 1188 155 32 havande
445 1200 40 20 av
512 1189 203 33 hithörande
743 1191 150 31 kontroll
921 1192 61 31 och
1010 1192 203 42 rådgivning
1239 1193 125 32 inrätta
1391 1194 196 42 ytterligare
1616 1207 41 19 en
1686 1196 77 30 kon-

262 1230 309 42 sulentbefattning
601 1234 20 29 å
651 1233 295 41 veterinärbyråns
976 1234 368 43 kastsjukeavdelning.
1388 1237 206 33 Densamma
1624 1238 97 31 torde
1752 1238 11 31 i

261 1272 152 41 enlighet
435 1274 74 31 med
531 1274 380 42 medicinalstyrelsens,
934 1288 39 19 av
995 1277 248 32 lönenämnden
1264 1278 158 34 biträdda
1444 1279 129 41 förslag
1592 1279 84 32 böra
1696 1280 66 42 pla-

260 1325 94 21 ceras
376 1315 10 31 1
408 1315 160 42 lönegrad
590 1317 51 31 Eo
655 1318 48 30 24.

314 1358 68 31 Till
400 1358 162 41 förslaget
579 1370 54 20 om
650 1361 213 32 anställande
880 1373 41 20 av
937 1373 41 20 en
995 1364 323 39 pressombudsman
1335 1367 58 31 vid
1410 1364 351 50 medicinalstyrelsen

260 1400 119 31 ställer
398 1400 56 41 jag
472 1401 69 41 mig
560 1413 91 20 mera
670 1403 160 32 tveksam.
861 1404 75 31 Vad
955 1406 11 30 i
985 1405 110 33 denna
1116 1408 54 30 del
1189 1408 130 31 anförts
1340 1420 40 20 av
1399 1410 361 41 medicinalstyrelsen,

259 1443 131 31 statens
432 1443 384 43 informationsstyrelse
860 1447 62 31 och
963 1448 555 45 medicinalstyrelseutredningen
1560 1464 101 30 synes
1692 1453 69 42 mig

259 1485 191 32 emellertid
467 1487 172 37 motivera,
657 1490 49 30 att
723 1490 49 29 ett
788 1488 127 42 belopp
932 1501 39 20 av
989 1491 199 41 förslagsvis
1204 1493 19 30 5
1236 1493 60 31 000
1313 1493 126 32 kronor
1455 1495 116 33 ställes
1589 1495 54 31 till
1659 1496 101 31 medi-

257 1526 277 42 cinalstyrelsens
558 1529 201 42 förfogande
783 1531 54 31 för
859 1532 218 32 anordnande
1101 1545 40 19 av
1163 1534 69 32 viss
1256 1535 352 33 försöksverksamhet
1629 1540 44 38 på
1695 1549 64 19 om-

258 1570 105 31 rådet.
398 1571 132 31 Härvid
552 1572 97 31 torde
672 1573 11 30 i
705 1575 88 30 stort
815 1576 69 30 sett
906 1575 40 31 de
969 1574 170 42 riktlinjer
1160 1575 82 32 böra
1263 1577 113 41 följas,
1400 1589 73 20 som
1495 1579 201 42 uppdragits
1719 1592 40 20 av

257 1611 567 45 medicinalstyrelseutredningen.
872 1616 194 41 Självfallet
1098 1618 62 31 bör
1191 1619 57 31 vid
1280 1620 276 32 verksamhetens
1590 1623 168 40 organise-

256 1654 105 32 rande
387 1657 132 30 samråd
546 1657 100 32 sökas
672 1658 75 31 med
772 1659 94 31 såväl
892 1661 128 30 statens
1046 1660 385 43 informationsstyrelse
1458 1674 72 20 som
1556 1666 130 29 statens
1712 1665 46 30 in-

257 1697 101 32 stitut
373 1698 53 31 för
441 1699 200 32 folkhälsan.
669 1700 64 41 Jag
748 1700 60 31 vill
824 1701 112 32 erinra
951 1713 53 20 om
1020 1705 48 28 att
1084 1703 11 30 i
1111 1704 89 32 årets
1216 1704 403 42 statsverksproposition
1641 1706 115 38 (femte

255 1739 227 40 huvudtiteln,
505 1742 151 40 punkten
681 1743 70 40 160)
777 1743 182 33 beräknats
982 1747 47 32 ett
1050 1745 126 41 belopp
1198 1757 40 20 av
1259 1746 164 32 likaledes
1444 1747 93 31 5000
1557 1748 126 31 kronor
1704 1750 54 31 för

253 1782 210 32 bedrivande
482 1794 40 21 av
541 1784 444 42 upplysningsverksamhet
1003 1798 122 30 genom
1145 1788 211 32 sistnämnda
1376 1789 155 32 instituts
1552 1790 142 41 försorg.

307 1824 195 33 Härutöver
520 1826 61 31 har
602 1827 350 42 medicinalstyrelsen
973 1829 164 33 beräknat
1156 1832 108 31 medel
1286 1833 53 30 för
1358 1834 161 41 avlöning
1538 1836 33 30 åt
1592 1837 56 29 två
1667 1835 89 31 halv-

253 1866 296 33 tidsamanuenser
567 1869 63 31 och
650 1871 50 30 tre
719 1870 308 39 kontorsbiträden,
1047 1872 271 42 huvudsakligen
1337 1875 149 32 avsedda
1505 1887 72 21 som
1597 1877 158 31 förstärk-

251 1908 84 42 ning
358 1920 41 20 av
421 1910 316 42 hälsovårdsbyrån,
762 1913 129 31 mödra-
915 1914 61 31 och
999 1914 434 44 barnavårdsavdelningen
1458 1921 88 29 samt
1567 1918 187 41 kastsjuke-

252 1951 235 42 avdelningen.
520 1954 67 30 Till
608 1955 86 40 följd
715 1966 40 20 av
775 1955 265 33 arbetsbördans
1061 1956 131 33 snabba
1211 1959 133 32 tillväxt
1364 1959 61 31 har
1445 1960 177 40 styrelsen,
1645 1961 108 31 delvis

252 1993 88 32 efter
359 1995 138 32 särskilt
515 1996 222 41 medgivande
757 2008 40 20 av
815 1998 127 41 Kungl.
962 1998 109 42 Maj:t,
1092 1999 103 32 redan
1214 2000 109 32 under
1340 2001 227 32 innevarande
1586 2002 168 42 budgetår

251 2036 146 41 nödgats
423 2037 168 42 tillfälligt
615 2039 145 32 anställa
785 2041 159 39 personal
969 2052 40 20 av
1035 2041 11 31 i
1072 2041 177 33 huvudsak
1275 2043 65 31 den
1367 2044 214 41 omfattning,
1608 2055 73 21 som
1707 2056 45 20 nu

250 2080 145 31 nämnts.
430 2080 65 40 Jag
517 2091 100 21 anser
639 2082 68 40 mig
728 2083 109 31 under
860 2083 126 32 sådana
1008 2083 235 32 förhållanden
1265 2084 84 32 böra
1370 2086 173 41 tillstyrka
1565 2087 187 40 styrelsens

250 2120 253 43 framställning
526 2123 215 39 härutinnan,
768 2125 86 31 dock
880 2127 75 31 med
982 2126 64 31 den
1071 2126 218 41 jämkningen
1315 2130 49 29 att
1390 2128 54 30 för
1469 2128 157 41 samtliga
1652 2129 99 31 dessa

249 2163 337 42 befattningshavare
625 2166 71 31 tills
733 2167 116 31 vidare
889 2166 143 33 allenast
1070 2168 121 32 räknas
1219 2170 75 30 med
1322 2170 209 40 anställning
1557 2181 74 21 som
1659 2173 92 29 extra

249 2205 215 40 tjänstemän.
483 2207 202 32 Kostnaden
704 2209 53 30 för
775 2209 171 31 desamma
964 2210 109 31 skulle
1092 2210 51 38 då,
1164 2211 145 31 frånsett
1326 2211 275 32 förekommande
1621 2212 127 42 tillägg,

247 2247 186 41 begränsas
455 2249 52 31 till
530 2250 38 30 12
582 2250 61 31 500
664 2250 132 32 kronor.

304 2289 170 42 Slutligen
493 2291 58 31 vill
572 2292 57 41 jag
647 2293 109 31 erinra
776 2304 53 20 om
849 2296 50 29 att
917 2295 349 42 medicinalstyrelsen
1285 2298 11 30 i
1316 2298 163 32 skrivelse
1499 2299 65 32 den
1584 2300 39 31 16
1642 2300 109 32 febru-

248 2332 49 30 ari
323 2332 80 31 1945
424 2333 173 33 hemställt
619 2346 53 20 om
695 2336 109 31 medel
828 2337 53 31 för
903 2337 187 32 avlönande
1113 2339 73 30 från
1209 2339 62 31 och
1293 2340 77 31 med
1391 2340 228 33 innevarande
1641 2342 109 31 kalen-

249 2373 99 32 derår
369 2385 41 20 av
431 2375 103 32 bland
557 2379 103 28 annat
682 2388 40 20 en
746 2379 93 30 extra
863 2379 254 41 föredragande,
1141 2391 72 21 som
1236 2381 109 32 skulle
1368 2383 133 40 åtnjuta
1523 2384 124 32 arvode
1670 2386 80 29 mot-

248 2416 165 32 svarande
439 2417 162 42 lönegrad
626 2419 51 30 Eo
691 2419 48 37 26,
766 2423 88 28 samt
879 2432 40 20 en
946 2423 92 30 extra
1065 2422 169 32 ordinarie
1260 2424 262 33 kansliskrivare
1549 2426 11 31 i
1587 2425 162 42 lönegrad

245 2459 52 31 Eo
313 2460 48 37 11,
397 2459 88 31 båda
520 2460 75 31 med
633 2460 174 42 placering
841 2463 19 29 å
894 2462 264 42 kameralbyrån.
1196 2464 48 31 På
1269 2465 41 31 de
1335 2465 82 38 skäl,
1444 2477 72 20 som
1541 2467 168 41 styrelsen
1734 2466 10 30 i
