2159 2644
700 180 268 36 Stats-Utskottets
993 178 167 34 Memorial
1182 178 63 33 N:o
1266 179 51 32 62.
1792 177 16 29 3

196 283 115 23 rarnes
346 270 88 34 olika
467 269 111 34 beslut
610 268 10 32 i
652 268 93 41 fråga
781 277 50 22 om
862 265 192 42 föreslagna
1078 263 157 42 åtgärder
1257 262 10 32 i
1292 262 63 33 och
1379 261 51 32 för
1453 260 219 42 upphörande
1698 259 36 34 af
1758 259 41 32 de

198 323 151 34 enskilda
372 322 191 33 bankernas
585 323 68 30 rätt
675 322 49 30 att
746 318 125 42 utgifva
896 328 85 31 egna
1004 315 203 34 banksedlar
1231 316 19 31 å
1272 315 46 31 tio
1343 314 134 32 kronor.

332 376 15 31 I
382 374 99 41 öfrigt
510 377 57 28 äro
592 372 40 32 de
656 370 193 42 föreslagna
873 368 244 42 stadgandena,
1143 367 138 32 likasom
1306 366 39 32 de
1370 365 194 41 föreslagna
1593 367 160 35 staterna,
1778 363 35 33 af

197 428 68 32 lika
289 426 148 33 innehåll
462 425 76 32 med
562 422 236 34 motsvarande
824 421 252 33 bestämmelser
1101 419 61 32 och
1188 421 104 30 stater
1316 418 10 31 i
1354 419 77 30 1884
1456 418 53 30 års
1533 416 214 40 reglemente.

333 477 174 33 Utskottet
530 474 204 40 hemställer,

704 579 49 29 att
790 575 39 33 de
853 575 192 40 föreslagna
1069 573 231 41 stadgandena
1324 571 60 33 och
1409 573 150 30 staterna
1582 570 52 31 må
1659 568 34 33 af
1714 568 95 32 Riks-

601 629 107 40 dagen
732 627 208 41 godkännas.

403 698 193 33 Stockholm
621 696 64 33 den
713 699 35 29 19
772 695 64 41 Maj
864 696 89 31 1885.

742 765 47 32 På
813 761 294 35 Stats-Utskottets
1131 764 139 38 vägnar:

827 859 165 44 Gustaf
1017 859 174 51 Sparre.

332 1120 238 52 Angående
599 1116 451 53 Riksgäldskontoret
1079 1114 236 51 åliggande
1340 1111 352 50 utbetalningar.

272 1227 60 32 1:o.
377 1214 240 42 Återstående
642 1220 159 42 utgifter
823 1220 60 33 till
907 1218 90 42 följd
1021 1219 39 32 af
1081 1217 119 33 beslut
1225 1216 56 33 vid
1307 1213 213 42 föregående
1545 1212 201 41 riksdagar.

977 1336 17 38 8
1010 1333 37 41 5.

343 1425 62 32 Till
436 1423 215 41 fortsättning
680 1422 34 32 af
740 1421 162 32 arbetena
931 1421 18 30 å
975 1418 193 33 stambanun
1195 1417 118 31 mellan
1342 1414 132 32 Bräcke
1497 1414 56 32 och
1576 1412 156 41 Sollefteå
1756 1412 61 31 har

209 1477 154 33 sistlidna
386 1478 54 30 års
472 1475 147 41 Riksdag
647 1474 50 32 för
728 1475 35 30 år
794 1475 78 30 1885
898 1471 129 32 anvisat
1051 1472 47 30 ett
1120 1468 115 41 anslag
1261 1467 32 33 af
1315 1469 169 38 2,000,000
1507 1465 134 38 kronor,
1667 1474 69 21 som
1763 1463 53 32 det

208 1529 127 41 åligger
371 1526 337 42 Riksgäldskontoret
739 1527 58 35 att,
827 1524 4 31 i
857 1523 64 32 den
944 1524 75 30 mån
1045 1521 56 32 det
1124 1524 87 28 ännu
1237 1519 27 41 ej
1289 1518 124 42 lyftats,
1440 1517 103 40 enligt
1566 1515 117 41 Kongl.
1708 1515 108 40 Maj:ts

210 1580 194 41 disposition
428 1578 159 33 utbetala.

976 1660 20 39 8
1020 1660 28 29 6.

344 1749 194 40 Riksdagen
561 1747 60 32 har
645 1748 36 31 år
711 1747 78 31 1879
814 1745 49 32 till
886 1744 118 41 Kongl.
1032 1743 106 41 Maj:ts
1164 1740 208 41 förfogande,
1407 1741 50 29 för
1482 1741 57 35 att,
1563 1739 42 40 på
1634 1739 66 30 sätt
1724 1736 62 32 och
1811 1740 9 27 i

213 1803 66 31 den
304 1801 151 39 ordning,
480 1799 116 40 Kongl.
621 1798 93 41 Maj:t
738 1796 105 33 skulle
869 1806 60 29 ega
954 1798 48 29 att
1026 1797 150 29 närmare
1201 1793 195 36 bestämma,
1421 1789 167 33 användas
1605 1788 51 32 till
1671 1788 101 40 inköp
1788 1787 33 31 af

212 1837 214 59 Hallsberg—
444 1837 290 59 Motala—Mjölby
756 1848 140 40 jernväg
924 1846 106 32 tillika
1053 1844 75 33 med
1152 1844 60 32 allt
1239 1842 85 33 hvad
1350 1841 109 32 dertill
1483 1841 112 36 hörer,
1622 1840 36 31 så
1681 1838 52 33 väl
1757 1838 64 31 fast

214 1916 70 22 som
307 1905 76 39 löst,
420 1904 109 31 såsom
553 1899 266 44 husbyggnader,
843 1899 101 39 rörlig
968 1896 157 39 materiel,
1150 1894 208 34 reservdelar
1380 1892 48 32 till
1451 1891 179 33 lokomotiv
1660 1890 61 32 och
1746 1899 75 30 vag-

216 1966 68 29 nar,
321 1952 378 35 verkstadsinventarier
740 1949 63 33 och
834 1950 156 40 redskap,
1032 1946 155 41 telegraf-
1216 1946 60 31 och
1300 1943 418 42 signaleringsinrättning,
1743 1941 80 31 stält

216 2010 48 30 ett
302 2005 123 42 belopp
467 2004 32 33 af
526 2004 100 40 högst
660 2003 166 38 4,000,000
856 2001 124 32 kronor
1007 2001 85 30 samt
1118 1997 214 42 bemyndigat
1355 1994 219 40 Fullmäktige
1597 1993 10 31 1
1630 1992 192 40 Riksgälds-

217 2059 158 31 kontoret
399 2058 49 30 att
470 2066 115 30 genom
610 2053 196 42 försäljning
830 2052 31 32 af
885 2050 212 34 återstående
1123 2048 118 33 osålda
1265 2047 230 40 obligationer,
1518 2043 202 33 tillhörande
1745 2054 76 21 vare

216 2108 51 42 sig
296 2111 80 29 1872
406 2107 80 32 eller
516 2108 78 30 1875
624 2105 82 32 eller
731 2106 80 31 1878
839 2105 53 30 års
916 2101 152 39 statslån,
1094 2099 149 34 anskaffa
1270 2099 40 32 de
1333 2098 115 32 härför
1475 2096 124 40 nödiga
1612 2094 142 38 medlen,
1775 2094 49 31 för

218 2164 47 28 att
293 2160 10 31 i
328 2158 144 41 enlighet
497 2157 73 32 med
594 2156 117 40 Kongl.
740 2155 111 40 Maj:ts
875 2154 111 32 beslut
1009 2152 180 39 utbetalas;
1214 2150 63 32 och
1301 2150 124 40 åligger
1450 2148 56 32 det
1522 2147 98 32 alltså
1632 2145 191 41 Riksgälds-

218 2212 158 32 kontoret
405 2212 48 30 att
479 2207 253 34 tillhandahålla
762 2206 62 33 och
848 2205 182 42 behörigen
1055 2202 150 33 utbetala
1228 2201 87 34 hvad
1339 2200 35 33 af
1394 2199 145 33 nämnda
1563 2198 116 41 anslag
1693 2200 87 29 ännu
1794 2196 28 42 ej

217 2262 123 46 lyftats.
