2168 2580
699 152 97 33 Stuts-
804 152 162 34 Utskottets
993 152 164 33 Utlåtande
1179 153 64 32 N:o
1264 156 51 32 26.
1760 157 19 29 5

924 741 77 39 N:o
1032 741 67 38 26.

798 901 70 23 Ank.
888 901 44 23 till
951 901 95 24 Riksd.
1064 901 98 23 Kausli
1181 901 55 23 den
1257 902 30 22 16
1306 901 73 23 Mars
1401 901 73 28 1880,
1494 901 36 25 kl,
1552 903 30 22 12
1601 902 85 24 midd.

405 1038 193 43 Utlåtande,
633 1039 77 34 med
746 1038 185 44 anledning
964 1039 46 43 af
1034 1038 97 34 väckt
1164 1037 125 35 motion
1322 1049 54 22 om
1398 1037 200 45 utgifvande
1621 1040 45 42 af
1680 1042 44 32 ett
1745 1039 76 35 sak-

597 1096 140 44 reqister
759 1096 52 35 till
833 1096 411 45 riksdagshandlingarne
1264 1096 58 44 för
1348 1096 85 35 åren
1455 1098 242 34 1809—1866.

1558 1195 51 41 (R.
1632 1196 52 41 A.)

330 1348 11 30 I
378 1359 40 20 en
454 1348 89 31 inom
577 1346 115 32 Andra
721 1347 199 32 Kammaren
951 1346 108 38 väckt,
1086 1346 49 32 till
1161 1346 285 32 Stats-Utskottet
1469 1347 196 32 remitterad
1693 1348 126 32 motion

195 1399 74 40 (N:o
295 1401 53 38 68)
383 1398 62 31 har
479 1398 85 31 Herr
586 1397 42 32 A.
654 1397 117 41 Hedin,
802 1397 76 32 med
908 1397 134 32 hvilken
1066 1397 87 32 Herr
1175 1397 121 32 Moritz
1322 1397 172 32 Rubenson
1520 1398 149 38 instämt,
1693 1398 128 33 beträf-

196 1449 101 32 fande
332 1449 143 31 Riksens
516 1448 163 32 Ständers
718 1448 170 41 protokoll
924 1448 64 32 och
1023 1447 199 41 handlingar
1256 1448 105 31 under
1391 1448 320 41 ståndsriksdagens
1738 1449 83 32 sista

195 1499 243 38 hufvudskede,
463 1499 74 32 från
562 1499 64 31 den
652 1498 348 41 grundlagsstiftande
1024 1498 181 40 riksdagen
1225 1501 80 29 1809
1323 1498 50 32 till
1390 1498 322 41 reform-riksdagen
1728 1502 92 37 1866,

196 1551 166 40 andragit,
398 1553 49 30 att
482 1549 102 33 dessa
617 1549 172 42 protokoll
824 1550 62 32 och
917 1549 201 40 handlingar
1142 1549 86 40 egde
1254 1550 29 40 ej
1309 1549 88 32 blott
1419 1560 126 21 samma
1568 1549 181 33 historiska
1771 1550 48 32 in-

196 1605 119 35 tresse,
340 1612 69 20 som
432 1601 11 31 i
467 1602 80 30 våra
571 1600 106 41 dagar
699 1600 169 32 föranledt
891 1599 211 41 utgifvandet
1126 1599 35 32 af
1177 1599 326 42 riksdagsprotokoll
1520 1600 74 32 från
1613 1600 206 41 föregående

196 1651 246 39 århundraden,
477 1655 81 28 utan
593 1651 64 32 ock
689 1654 48 29 ett
766 1651 212 32 omedelbart
1000 1650 177 42 praktiskt,
1201 1654 83 28 enär
1306 1650 109 33 under
1439 1650 58 33 det
1520 1662 64 30 nya
1607 1654 212 38 representa-

195 1701 224 33 tionsskicket
452 1701 212 41 Riksdagens
699 1702 189 39 väsentliga
916 1701 215 32 verksamhet
1154 1701 101 32 rörde
1281 1702 50 39 sig
1356 1701 151 40 omkring
1532 1701 179 33 enahanda
1734 1713 86 21 sam-

195 1753 247 38 hällsärenden,
480 1763 70 21 som
587 1752 198 42 sysselsatte
816 1751 301 41 ståndsriksdagen
1151 1751 109 32 under
1294 1752 83 32 sista
1410 1751 113 33 halfva
1547 1752 109 32 seklet
1684 1752 35 32 af
1740 1752 78 33 dess

196 1804 140 32 tillvaro.
380 1804 110 31 Dessa
515 1802 192 39 dokument,
733 1814 70 21 som
827 1803 9 31 i
866 1803 49 41 sig
938 1802 50 32 till
1013 1802 66 41 god
1107 1802 53 32 del
1185 1802 168 32 inneslöte
1382 1804 74 30 vårt
1478 1802 96 33 lands
1602 1800 218 36 konstitutio-

197 1855 90 32 nella
324 1854 208 40 utvecklings
569 1853 186 33 årsböcker
782 1853 63 32 och
875 1855 73 31 vårt
970 1853 138 41 andliga
1132 1853 63 32 och
1220 1853 190 32 materiella
1438 1852 215 34 samhällslifs
1679 1854 141 33 historia

196 1906 106 32 under
336 1904 126 33 hälften
492 1905 35 32 af
560 1907 48 30 ett
642 1904 226 40 århundrade,
903 1914 80 22 vore
1017 1903 101 32 likväl
1140 1904 12 31 i
1174 1903 82 42 följd
1281 1903 35 33 af
1341 1903 169 41 åtskilliga
1532 1903 234 34 förhållanden
1790 1906 28 41 ej

197 1958 37 31 så
256 1957 63 31 lätt
343 1955 216 34 användbara
582 1966 72 21 som
679 1954 146 41 önskligt
848 1965 89 22 vore.
983 1954 95 33 Hvad
1099 1954 144 41 anginge
1264 1954 243 41 handlingarne
1528 1954 72 33 från
1617 1955 41 33 de
1675 1955 143 41 tidigare

196 2007 219 41 riksdagarne
441 2006 107 32 under
572 2006 112 32 denna
707 2005 131 42 period,
863 2007 37 31 så
924 2005 72 32 dels
1021 2004 165 33 saknades
1210 2006 151 39 register,
1381 2005 69 32 dels
1470 2016 78 22 vore
1570 2006 98 33 dessa
1686 2006 134 42 mycket

196 2058 210 40 bristfälliga,
431 2057 60 32 och
518 2057 97 32 äfven
639 2057 53 31 för
716 2067 41 21 en
782 2067 120 21 senare
927 2056 49 32 tid
999 2055 206 33 förekomme
1230 2055 129 41 luckor,
1384 2056 172 33 äfvensom
1574 2057 244 40 inkonseqven-

197 2119 54 20 ser
272 2109 11 30 i
305 2109 275 41 uppställningen
605 2108 35 32 af
661 2107 184 41 registren;
869 2106 135 33 hvartill
1027 2106 130 33 komme
1182 2106 66 33 den
1272 2107 259 42 hufvudsakliga
1546 2108 181 41 svårighet,
1747 2118 71 21 som

200 2177 40 4 —
266 2159 88 32 hvad
389 2158 425 42 statsregleringsärenden
849 2157 188 33 vidkomme
1060 2177 50 4 —
1134 2157 185 34 orsakades
1354 2158 36 33 af
1418 2158 39 33 de
1481 2160 122 40 många
1629 2157 189 34 förändrin-

196 2219 106 30 garna
325 2209 10 32 i
359 2209 199 33 riksstatens
581 2209 232 42 uppställning
837 2208 63 33 och
924 2208 162 33 rubriker.
