1850 2780
450 180 296 34 Statsutskottets
761 178 186 34 utlåtande
964 191 41 20 nr
1022 179 66 32 122
1104 178 39 32 år
1160 178 88 31 1957
1574 176 20 30 3

104 261 129 34 former
248 274 45 21 av
309 261 124 42 bidrag
449 273 74 21 som
538 261 70 32 kan
624 259 257 42 ifrågakomma
896 257 108 42 enligt
1018 256 158 34 nämnda
1190 255 206 42 kungörelse
1410 274 46 5 —
1471 253 122 42 bidrag

104 307 53 33 till
178 304 484 44 ungdomsledarutbildning,
682 303 52 34 till
755 301 442 35 instruktörsverksamhet
1217 300 66 33 och
1303 299 52 34 till
1376 298 218 34 fritidsverk-

105 351 138 33 samhet
261 371 46 4 —
325 350 77 33 icke
421 349 53 34 får
494 350 84 41 utgå
598 348 51 34 till
668 347 145 43 politisk
832 346 249 43 organisation.

150 400 80 33 Den
250 399 203 43 ytterligare
472 397 188 42 utredning
679 409 58 21 om
757 396 139 42 statligt
916 395 80 34 stöd
1016 396 38 32 åt
1073 395 42 32 de
1135 393 167 44 politiska
1322 392 272 43 ungdomsorga-

104 444 256 34 nisationernas
378 442 355 44 ungdomsfostrande
750 440 238 40 verksamhet,
1005 452 75 21 som
1097 437 281 35 förutskickades
1395 437 10 33 i
1423 436 172 35 samband

105 489 80 34 med
207 493 85 30 1954
312 490 55 32 års
385 488 127 39 beslut,
529 488 63 33 har
610 499 47 21 nu
676 486 203 34 verkställts
897 497 125 30 genom
1042 487 87 30 1955
1149 484 54 33 års
1221 481 375 44 ungdomsutredning.

105 534 116 33 Innan
241 534 61 42 jag
322 534 61 42 går
404 536 160 30 närmare
585 532 35 33 in
641 532 46 42 på
709 530 393 42 utredningsresultatet
1124 528 65 34 och
1211 526 385 43 ställningstagandena

106 579 129 39 härtill,
253 578 59 33 vill
331 578 60 42 jag
409 576 236 42 understryka
664 581 55 28 att
738 575 199 42 uppdraget
955 574 54 33 för
1030 577 86 30 1955
1137 573 54 33 års
1210 572 189 42 utredning
1417 571 75 33 icke
1511 571 86 41 gällt

107 623 134 43 frågan,
260 622 177 34 huruvida
457 621 122 42 bidrag
598 633 45 21 av
663 619 205 35 statsmedel
888 619 52 33 till
960 618 167 43 politiska
1146 615 451 44 ungdomsorganisationer

107 667 309 42 överhuvudtaget
432 667 63 33 bör
510 666 121 33 kunna
647 665 230 38 förekomma,
893 668 88 29 utan
998 667 55 29 att
1069 662 199 42 uppdraget
1284 661 126 33 endast
1426 659 171 34 omfattat

108 713 60 33 det
195 712 186 42 praktiska
407 711 207 42 problemet,
642 710 66 32 hur
736 714 54 28 ett
819 708 138 42 statligt
985 707 80 34 stöd
1094 706 52 34 till
1176 706 101 33 dessa
1304 704 293 43 organisationers

107 755 357 44 ungdomsfostrande
487 754 224 34 verksamhet
733 754 87 33 skall
843 753 122 33 kunna
987 751 174 34 utformas
1183 755 88 29 utan
1295 755 54 28 att
1372 748 125 34 därvid
1519 753 79 28 rent

107 801 263 43 partipolitiska
390 800 118 43 syften
528 799 201 42 tillgodoses
750 798 66 33 och
837 798 67 33 hur
923 808 43 22 en
987 796 138 42 garanti
1147 795 86 34 skall
1254 795 122 33 kunna
1397 794 127 41 skapas
1545 792 53 34 för

109 851 55 28 att
186 845 125 34 endast
334 845 134 34 sådana
490 843 307 42 bidragsändamål
818 843 160 32 kommer
1000 841 10 33 i
1032 840 110 42 fråga,
1164 852 75 21 som
1261 838 193 34 innefattas
1476 838 11 33 i
1511 841 86 30 19534

109 891 54 33 års
184 890 288 42 riksdagsbeslut.

154 940 126 34 Redan
300 940 10 32 i
330 938 197 34 direktiven
547 937 54 34 för
623 941 86 29 1955
730 937 55 33 års
804 935 190 42 utredning
1014 934 162 34 framhöll
1196 933 60 42 jag
1274 932 187 43 nämligen,
1482 936 55 29 att
1556 931 43 33 de

111 984 163 43 politiska
291 982 499 44 ungdomsorganisationerna
807 981 64 33 bör
888 981 45 33 ha
950 992 135 21 samma
1102 982 73 30 rätt
1192 990 75 22 som
1285 978 110 33 andra
1411 976 188 43 ungdoms-

110 1029 276 43 organisationer
404 1033 55 28 att
476 1027 130 34 erhålla
623 1026 137 42 statligt
778 1026 80 33 stöd
876 1025 54 33 för
947 1025 61 33 det
1025 1024 131 39 arbete,
1175 1035 74 21 som
1267 1023 42 33 de
1327 1021 160 34 bedriver
1504 1021 96 33 inom

110 1073 320 43 ungdomsvården.
449 1073 67 41 Jag
533 1072 63 33 har
615 1071 75 33 icke
710 1070 119 34 funnit
848 1071 116 40 någon
984 1068 189 42 anledning
1193 1073 55 28 att
1268 1067 111 34 ändra
1398 1066 100 34 detta
1517 1065 83 34 mitt

110 1118 216 43 principiella
345 1116 338 43 ställningstagande
702 1116 10 33 i
732 1119 132 30 ämnet.
882 1113 49 35 Är
950 1114 42 33 de
1011 1113 167 43 politiska
1197 1110 403 44 ungdomsorganisatio-

110 1175 125 22 nernas
260 1161 356 44 ungdomsfostrande
641 1160 226 34 verksamhet
893 1159 121 39 sådan,
1039 1163 55 28 att
1119 1158 67 33 den
1211 1158 71 32 kan
1307 1159 190 39 avgränsas
1522 1155 78 33 från

111 1208 67 33 den
205 1213 79 28 rent
309 1206 261 43 partipolitiska
598 1205 282 38 verksamheten,
908 1204 38 33 så
973 1206 38 30 är
1038 1203 60 33 det
1124 1201 109 43 enligt
1259 1201 73 34 min
1359 1200 141 42 mening
1525 1199 75 34 icke

111 1252 130 43 rimligt
269 1257 56 28 att
352 1250 258 35 diskvalificera
637 1249 325 43 organisationerna
988 1248 11 33 i
1026 1247 99 42 fråga
1152 1259 58 21 om
1236 1249 119 30 rätten
1383 1245 52 34 till
1464 1245 138 41 statligt

112 1298 80 33 stöd
214 1297 53 33 för
289 1297 68 33 den
379 1294 356 44 ungdomsfostrande
757 1293 282 39 verksamheten,
1061 1292 127 33 endast
1209 1290 119 34 därför
1350 1295 55 28 att
1426 1289 175 43 organisa-

112 1342 161 33 tionerna
293 1341 194 33 företräder
508 1341 65 32 och
594 1340 125 32 verkar
740 1338 54 33 för
815 1351 43 20 en
880 1338 70 33 viss
971 1336 144 43 politisk
1136 1335 279 42 åsiktsriktning.
1436 1335 76 32 När
1534 1334 67 33 alla

112 1386 133 34 krafter
267 1386 65 33 och
354 1385 155 33 initiativ
530 1385 63 32 bör
614 1389 55 28 tas
691 1383 52 33 till
765 1383 98 41 hjälp
886 1382 53 33 för
961 1387 56 28 att
1036 1380 217 34 intensifiera
1274 1379 327 42 ungdomsledarut-

114 1430 201 42 bildningen
335 1430 66 33 och
421 1428 473 43 ungdomsinstruktörernas
914 1425 226 34 verksamhet
1159 1425 66 33 och
1245 1424 53 33 för
1318 1429 55 28 att
1393 1423 36 33 få
1450 1423 89 33 fram
1559 1435 43 20 en

113 1488 95 21 mera
231 1474 225 34 omfattande
478 1473 99 33 aktiv
600 1471 344 34 fritidsverksamhet
966 1470 108 34 bland
1096 1469 212 42 ungdomen,
1331 1480 102 30 synes
1456 1468 71 38 det,
1550 1468 52 32 så-

113 1532 75 21 som
214 1520 106 33 också
346 1517 407 43 ungdomsutredningen
781 1514 205 40 framhållit,
1012 1514 79 33 från
1119 1513 238 41 samhälleliga
1383 1512 220 42 synpunkter

113 1565 179 41 knappast
310 1562 201 42 försvarligt
529 1567 55 28 att
602 1562 102 33 avstå
722 1560 78 33 från
819 1560 42 33 de
880 1559 203 43 ytterligare
1102 1558 148 33 insatser
1267 1558 47 42 på
1331 1557 101 33 detta
1449 1556 154 39 område,

115 1622 74 21 som
211 1609 41 33 de
272 1607 167 43 politiska
460 1604 498 45 ungdomsorganisationerna
978 1604 70 33 kan
1069 1606 95 39 göra,
1184 1615 58 21 om
1263 1602 100 33 deras
1383 1601 221 42 möjligheter

114 1654 118 33 härtill
251 1653 136 33 stärkes
406 1663 125 31 genom
550 1650 137 42 statligt
706 1650 91 33 stöd.

160 1701 66 41 Jag
248 1711 100 22 anser
369 1699 114 39 alltså,
504 1703 55 28 att
580 1698 68 33 den
669 1696 356 43 ungdomsfostrande
1047 1694 271 34 verksamheten
1339 1693 95 33 inom
1456 1692 42 33 de
1518 1691 86 43 poli-

115 1744 93 34 tiska
228 1742 498 44 ungdomsorganisationerna
747 1742 63 32 bör
830 1739 248 42 understödjas
1099 1740 65 32 och
1186 1738 197 34 stimuleras
1403 1738 47 41 på
1470 1748 135 22 samma

116 1792 73 30 sätt
209 1801 74 21 som
304 1788 121 41 övriga
444 1785 550 44 ungdomssammanslutningars
1014 1783 251 34 motsvarande
1286 1782 236 38 verksamhet,
1543 1793 62 21 un-

117 1834 60 32 der
194 1832 258 41 förutsättning
468 1837 54 27 att
540 1832 101 32 detta
657 1831 70 32 kan
746 1831 60 32 ske
823 1835 88 28 utan
930 1834 54 28 att
1002 1828 145 33 därmed
1165 1828 60 32 det
1242 1826 229 34 ekonomiska
1488 1825 118 34 stödet

116 1878 106 33 också
239 1878 160 32 kommer
417 1875 340 42 organisationernas
775 1879 79 27 rent
872 1872 262 43 partipolitiska
1152 1871 118 42 syften
1288 1871 52 32 till
1359 1870 102 42 godo.

163 1923 86 33 Med
267 1923 115 32 denna
398 1922 216 42 principiella
630 1920 269 43 utgångspunkt
914 1919 146 41 övergår
1075 1918 60 42 jag
1150 1918 52 33 till
1220 1922 55 28 att
1291 1917 176 33 behandla
1483 1915 123 42 frågan

117 1981 57 20 om
196 1967 269 42 möjligheterna
486 1971 54 28 att
561 1968 83 40 göra
666 1977 42 21 en
729 1963 325 34 tillfredsställande
1076 1961 276 42 gränsdragning
1372 1961 128 32 mellan
1521 1959 86 43 poli-

117 2013 70 32 tisk
213 2012 64 33 och
304 2010 355 43 ungdomsfostrande
685 2009 226 33 verksamhet
937 2008 65 33 och
1028 2007 52 33 till
1107 2006 208 42 spörsmålet
1340 2018 58 21 om
1424 2005 66 33 hur
1514 2004 94 33 olika

118 2056 271 42 bidragsformer
411 2055 79 33 med
512 2055 137 41 hänsyn
672 2053 116 33 härtill
811 2056 160 30 närmare
994 2052 63 33 bör
1077 2051 184 33 utformas.
1283 2050 67 41 Jag
1371 2050 59 32 vill
1453 2049 46 33 då
1520 2049 88 32 först

119 2101 196 38 framhålla,
333 2105 55 28 att
406 2101 107 39 några
530 2099 160 41 speciella
707 2098 283 41 bidragsformer,
1006 2101 87 28 utan
1112 2095 255 40 motsvarighet
1384 2093 224 34 beträffande

119 2146 109 32 andra
253 2143 462 42 ungdomsorganisationer,
741 2142 75 33 icke
843 2143 62 31 bör
930 2141 128 32 ordnas
1084 2140 53 32 för
1163 2140 41 32 de
1229 2139 167 41 politiska
1421 2138 187 38 ungdoms-

119 2189 334 41 organisationerna.
482 2187 211 40 Ylterligare
721 2199 42 20 en
792 2186 174 39 visentlig
993 2185 269 41 utgångspunkt
1290 2185 53 32 för
1371 2185 42 32 de
1442 2184 167 32 fortsatta

119 2233 292 40 övervägandena
437 2235 48 36 är,
509 2237 54 27 att
586 2231 320 40 gränsdragningen
931 2230 74 32 icke
1030 2230 53 32 får
1107 2230 115 40 bygga
1244 2232 46 38 på
1315 2228 293 40 bidragsbestäm-

119 2278 123 32 melser
269 2277 65 32 och
362 2275 329 41 kontrollåtgärder,
718 2287 75 20 som
821 2278 38 29 är
887 2274 117 32 alltför
1031 2273 215 41 detaljerade
1274 2273 63 32 och
1368 2272 204 41 ingripande
1600 2271 9 32 i

120 2320 340 41 organisalionernas
489 2320 70 32 inre
586 2318 254 33 förhållanden.
869 2319 67 31 Det
966 2317 63 32 fria
1058 2318 65 32 och
1151 2316 163 40 frivilliga
1340 2316 270 40 organisallons-

123 2365 162 32 väsendel
309 2369 111 28 måste
437 2364 146 32 bevaras
600 2363 7 32 i
626 2363 132 39 verklig
774 2362 141 41 mening
933 2362 86 36 fritt,
1035 2362 64 31 och
1118 2361 295 32 statsmakternas
1429 2361 64 32 och
1510 2374 99 28 myn-

121 2409 222 40 digheternas
368 2408 161 40 åtgärder
554 2407 7 32 i
587 2407 186 40 stödjande
799 2406 92 41 syfte
915 2406 52 32 får
991 2405 185 41 självfallet
1207 2405 72 32 icke
1304 2405 155 32 medföra
1485 2417 40 20 en
1552 2418 58 28 på-

123 2454 127 32 verkan
274 2466 44 20 av
337 2451 340 42 organisationernas
695 2450 232 41 målsättning
945 2450 80 32 etter
1045 2449 71 32 inre
1138 2449 251 33 förhållanden.
1412 2450 87 32 Från
1521 2462 89 20 sam-
