1912 2792
438 126 394 37 Bevillningsutskottets
852 127 217 31 betänkande
1087 137 42 20 nr
1150 126 49 31 38.
1583 122 16 29 7

94 208 238 37 fördelningen
356 209 44 37 på
424 210 93 30 olika
540 211 191 35 kategorier
756 211 130 35 köpare
909 220 41 21 av
973 210 365 37 personautomobiler,
1363 220 74 21 som
1460 209 139 31 försålts

94 259 107 31 under
220 259 38 31 år
280 261 94 35 1938,
394 261 63 29 har
476 261 206 32 kommittén
701 261 126 36 anfört,
848 265 50 26 att
916 261 104 36 enligt
1040 260 112 31 denna
1172 261 259 36 undersökning
1450 262 88 35 lägst
1557 262 41 29 25

92 328 43 3 -—
160 311 144 36 troligen
332 312 159 36 omkring
518 313 41 29 50
587 316 142 32 procent
753 330 45 2 —
823 321 43 21 av
893 312 213 31 totalantalet
1133 312 109 30 under
1271 311 38 32 år
1341 312 83 30 1938
1450 315 149 27 omsatta

92 361 356 37 personautomobiler
469 362 71 30 helt
563 363 82 29 eller
664 362 277 36 huvudsakligen
961 362 72 37 gått
1055 363 50 30 till
1125 362 217 37 nyttotrafik.
1368 363 56 29 Ett
1445 362 153 32 införan-

93 413 42 30 de
153 422 42 21 av
214 418 49 26 ett
280 413 378 38 beskattningssystem,
679 414 105 31 vilket
805 414 110 31 skulle
932 414 166 30 innebära
1117 418 49 27 att
1186 413 134 31 hälften
1339 424 43 20 av
1400 414 128 30 antalet
1546 413 49 30 fö-

93 463 107 31 remål
219 464 97 30 inom
337 465 66 30 den
421 465 203 30 beskattade
645 473 243 28 varugruppen
909 465 110 30 skulle
1039 465 217 36 undantagas
1278 464 80 30 från
1378 464 221 36 beskattning

93 515 139 30 komme
260 519 49 26 att
337 515 99 30 ställa
464 518 93 27 stora
585 515 84 30 krav
700 514 45 37 på
775 515 66 30 den
869 515 279 30 kontrollerande
1176 514 137 37 statliga
1341 514 257 38 myndigheten.

93 565 129 31 Genom
244 570 51 26 att
312 565 254 36 omsättningen
588 576 41 20 av
649 565 229 31 automobiler
897 575 43 21 av
959 575 133 21 samma
1112 567 121 30 märke
1253 566 66 30 och
1339 570 70 33 typ,
1429 565 171 31 beroende

91 616 44 36 på
158 616 56 31 det
237 617 201 31 tillämnade
458 616 409 37 användningsområdet,
889 617 110 30 skulle
1019 617 92 31 bliva
1131 617 12 30 i
1166 617 91 30 vissa
1280 616 62 31 fall
1364 616 234 36 skattepliktig

92 668 9 29 i
119 669 110 29 andra
245 668 64 30 fall
327 666 73 32 åter
416 667 54 36 fri,
489 677 81 21 vore
588 669 56 30 det
662 670 49 28 att
729 668 172 36 förvänta,
921 672 49 26 att
989 667 252 37 försäljningen
1259 677 41 21 av
1318 677 69 27 nya
1405 667 190 30 automobi-

94 718 47 30 ler
164 717 55 30 för
239 717 189 38 nöjesbruk
454 719 10 29 i
487 722 72 27 stor
579 717 240 36 utsträckning
842 718 139 29 komme
1005 722 49 26 att
1076 718 60 30 ske
1162 717 49 31 till
1234 718 177 36 bulvaner,
1437 717 94 30 vilka
1555 716 44 37 på

93 769 111 35 grund
232 778 42 20 av
302 768 53 31 sin
380 769 221 30 verksamhet
628 768 110 30 skulle
766 769 63 34 äga
858 768 154 36 företaga
1039 768 179 30 skattefria
1247 768 117 36 inköp.
1395 768 51 30 En
1474 767 124 31 omfat-

94 818 101 32 tande
216 820 67 30 och
307 819 127 37 dyrbar
457 819 388 36 kontrollorganisation
869 819 110 30 skulle
1003 829 82 21 vara
1107 818 201 37 erforderlig
1333 818 55 32 för
1409 822 49 27 att
1480 818 120 31 kunna

93 870 112 36 stävja
225 870 147 30 berörda
392 871 167 35 skenköp.

139 920 213 31 Kommittén
372 921 65 29 har
460 920 118 30 vidare
600 920 126 36 anfört,
749 925 49 26 att
820 921 56 29 det
897 921 11 30 i
933 921 110 31 stället
1067 921 111 31 skulle
1198 922 121 29 kunna
1343 922 185 35 övervägas
1553 923 48 27 alt

94 970 204 37 genomföra
320 980 42 21 en
381 971 109 30 sådan
509 971 230 36 begränsning
758 980 42 21 av
820 971 274 36 beskattningen,
1116 975 49 27 att
1187 971 113 31 denna
1322 972 121 30 endast
1462 971 140 30 komme

94 1027 49 27 att
162 1023 150 30 omfatta
328 1023 366 36 personautomobiler,
713 1022 94 30 vilka
824 1021 46 37 på
887 1024 112 35 grund
1016 1031 42 21 av
1077 1022 57 31 sitt
1154 1022 71 36 pris
1243 1025 86 28 utan
1348 1023 125 29 tvekan
1490 1021 108 31 måste

96 1081 98 22 anses
217 1081 83 22 vara
322 1076 48 27 att
391 1071 150 32 hänföra
566 1072 49 31 till
639 1072 163 36 lyxklass.
826 1072 135 30 Jämväl
984 1072 56 32 vid
1065 1082 41 20 en
1130 1072 221 37 beskattning
1375 1073 79 30 med
1474 1072 126 31 skatte-

96 1122 272 37 differentiering
388 1122 88 31 efter
498 1122 332 39 försäljningspriset
854 1123 106 30 borde
982 1122 229 31 automobiler
1233 1123 56 30 för
1309 1123 199 36 obestridlig
1527 1127 73 32 nyt-

97 1173 142 31 totrafik
260 1174 216 35 undantagas
496 1172 79 31 från
595 1172 230 37 beskattning.
848 1173 100 31 Detta
970 1174 111 30 skulle
1098 1173 121 31 kunna
1237 1173 219 37 genomföras
1478 1182 123 28 genom

96 1227 48 27 att
166 1224 220 36 prisgränsen
406 1227 103 27 sattes
530 1224 58 30 vid
608 1224 56 30 det
685 1224 122 36 högsta
830 1224 71 36 pris
926 1234 73 20 som
1021 1224 200 36 automobil,
1242 1234 95 21 mera
1358 1225 144 31 allmänt
1523 1225 77 29 bru-

96 1275 68 30 kad
184 1274 56 32 för
260 1275 96 36 dylik
377 1274 116 36 trafik,
514 1274 180 37 betingade
717 1275 81 30 eller
820 1274 67 31 ock
906 1274 38 32 så
967 1279 49 27 att
1036 1275 218 36 prisgränsen
1279 1275 197 37 visserligen
1498 1277 103 28 sattes

95 1324 104 37 något
221 1326 94 35 lägre
336 1334 79 22 men
436 1329 49 27 att
506 1325 230 30 automobiler
758 1325 56 30 för
837 1326 111 30 denna
973 1335 95 21 mera
1089 1325 220 37 obestridliga
1328 1326 208 36 nyttotrafik
1558 1343 43 3 —

96 1376 141 30 varmed
260 1376 125 30 härvid
411 1377 145 29 allenast
581 1376 107 30 borde
712 1375 127 31 förstås
865 1376 197 31 trafikbilar
1085 1395 44 2 —
1152 1377 105 30 likväl
1284 1377 214 36 undantoges
1522 1376 78 31 från

97 1426 228 37 beskattning.
355 1426 66 30 Vid
447 1436 42 20 en
516 1426 219 36 tillämpning
761 1435 41 21 av
830 1436 42 20 en
898 1427 106 35 högre
1031 1426 174 36 prisgräns
1233 1431 114 32 syntes
1375 1428 113 30 denna
1517 1427 84 30 böra

96 1478 105 29 sättas
222 1477 59 30 vid
302 1477 197 35 förslagsvis
522 1477 38 29 12
575 1477 62 29 500
657 1476 138 30 kronor.
819 1476 54 32 En
893 1476 386 37 skattedifferentiering
1297 1477 86 31 efter
1405 1478 92 30 detta
1515 1478 85 29 rela-

95 1529 60 31 livt
179 1529 92 35 höga
295 1528 73 36 pris
395 1528 111 30 skulle
530 1527 191 31 emellertid
748 1527 168 37 medföra,
944 1531 49 27 att
1020 1528 121 30 endast
1169 1527 162 37 omkring
1358 1528 70 29 fem
1456 1532 142 32 procent

96 1588 41 21 av
165 1579 107 30 totala
299 1578 128 30 antalet
454 1581 148 27 omsatta
629 1587 68 27 nya
727 1577 358 36 personautomobiler
1110 1577 112 31 skulle
1251 1578 92 30 bliva
1371 1578 146 30 föremål
1546 1578 54 30 för

95 1629 228 36 beskattning.
348 1629 78 30 Med
448 1629 136 36 hänsyn
606 1628 116 30 härtill
748 1629 112 29 skulle
882 1628 308 30 skatteintäkterna
1212 1628 92 31 bliva
1331 1628 269 31 förhållandevis

93 1680 205 37 obetydliga.
326 1680 120 31 Därest
470 1680 136 30 skatten
630 1679 195 31 bestämdes
851 1679 50 30 till
925 1680 42 29 40
989 1683 143 32 procent
1155 1689 42 21 av
1221 1679 342 37 försäljningspriset,
1589 1679 9 29 i

96 1731 66 30 den
193 1729 83 31 mån
306 1730 91 30 detia
430 1731 175 35 överstege
635 1730 116 30 12500
784 1730 138 35 kronor,
954 1729 110 31 skulle
1094 1729 146 31 sålunda
1270 1730 157 30 intäkten
1456 1731 144 29 allenast

96 1781 118 31 kunna
238 1780 171 30 beräknas
430 1781 50 29 till
502 1780 159 36 omkring
685 1789 42 20 en
748 1779 85 39 milj.
855 1779 137 31 kronor.
1016 1780 75 30 Vad
1112 1779 154 31 härefter
1288 1780 146 36 anginge
1454 1782 145 29 alterna-

95 1834 78 29 tivet
199 1832 81 30 med
304 1841 42 21 en
370 1832 92 35 lägre
485 1832 216 35 skattegräns
726 1832 66 29 och
816 1831 270 35 undantagande
1110 1830 79 31 från
1212 1831 220 36 beskattning
1459 1841 43 20 av
1526 1841 70 20 mo-

96 1882 189 35 torfordon,
312 1891 74 20 som
410 1881 168 32 försåldes
605 1880 53 32 för
682 1881 198 35 obestridlig
907 1880 213 36 nyttotrafik,
1147 1881 78 29 ville
1250 1881 206 30 kommittén
1481 1882 118 31 ultala,

96 1936 48 27 att
162 1937 46 26 ett
224 1932 111 36 dylikt
351 1932 240 35 skattesystem
611 1932 111 29 skulle
738 1940 83 20 vara
837 1930 157 30 behäftat
1012 1932 78 29 med
1107 1931 11 29 i
1133 1933 85 28 stort
1234 1934 64 27 sett
1315 1940 134 21 samma
1465 1931 133 36 olägen-

96 1985 94 28 heter
208 1992 75 20 som
307 1982 50 35 de,
378 1982 93 30 vilka
493 1990 81 21 vore
595 1980 166 30 förenade
781 1983 78 29 med
882 1990 41 20 en
943 1981 145 35 generell
1109 1981 489 36 motorfordonsbeskattning.

96 2033 210 31 Kommittén
332 2031 106 37 ansåg
463 2032 49 36 sig
541 2031 143 31 sålunda
713 2031 76 30 icke
819 2032 105 29 heller
952 2031 118 30 kunna
1096 2031 140 31 förorda
1263 2036 48 26 att
1336 2032 261 36 beskattningen

94 2084 171 30 ordnades
287 2082 44 37 på
350 2086 45 27 ett
415 2082 111 37 dylikt
546 2083 75 30 sätt.

139 2134 165 36 Slutligen
324 2134 65 29 har
411 2133 205 30 kommittén
642 2133 130 30 uttalat,
796 2137 48 27 alt
868 2132 214 35 kommittén,
1104 2142 75 21 som
1200 2133 106 35 enligt
1329 2133 201 30 meddelade
1551 2133 47 30 di-

95 2185 107 29 rektiv
225 2184 57 29 vid
305 2181 412 38 beskaltningsområdets
740 2182 231 36 avgränsning
992 2182 76 30 haft
1089 2185 49 27 att
1160 2183 90 30 fästa
1274 2183 246 36 hnvudsakligt
1543 2193 55 20 av-

95 2235 123 29 seende
243 2234 58 29 vid
329 2234 40 29 de
396 2233 46 30 till
470 2233 218 35 beskattning
713 2231 324 36 ifrågakommande
1062 2242 163 20 varornas
1251 2233 241 36 umbärlighet,
1522 2234 75 29 med

94 2286 134 34 hänsyn
252 2285 51 29 till
324 2285 66 29 den
410 2283 144 29 sålunda
580 2283 194 34 förebragta
796 2282 227 35 utredningen
1042 2287 108 25 ansett
1173 2282 51 35 sig
1244 2283 76 29 icke
1341 2284 83 29 böra
1446 2283 151 30 utforma

97 2335 126 34 förslag
246 2334 48 29 till
316 2333 219 35 beskattning
559 2342 41 20 av
624 2332 248 30 motorfordon.
896 2332 121 30 Därest
1038 2333 187 29 emellertid
1249 2343 42 20 av
1317 2333 180 31 fiskaliska
1519 2334 81 29 eller

95 2386 108 30 andra
231 2384 74 30 skäl
334 2382 120 37 frågan
478 2393 54 19 om
560 2382 218 35 beskattning
804 2392 41 20 av
871 2383 353 35 personautomobiler
1252 2383 64 29 och
1342 2384 143 29 därmed
1512 2384 85 35 jäm-

97 2436 120 35 förliga
252 2434 238 31 motorfordon
521 2433 110 30 skulle
664 2433 89 29 bliva
785 2431 143 33 föremål
962 2432 54 29 för
1046 2433 272 36 överväganden,
1350 2438 113 31 syntes
1495 2434 100 35 enligt
