2236 2646
432 224 19 28 4
898 223 233 32 Statsutskottets
1159 222 165 33 Utlåtande
1348 223 66 32 N:o
1436 226 54 29 20.

393 301 200 37 hundratal
623 301 140 37 kronor
790 301 42 37 af
858 302 250 36 slutsumman
1136 301 12 36 i
1176 301 132 49 hvarje
1337 304 60 33 års
1421 300 241 48 inbetalning
1680 300 57 36 till
1756 300 158 45 fonden;
1944 305 54 31 att

392 352 255 48 obligationer
688 352 93 37 eller
822 352 116 36 andra
980 351 361 49 värdehandlingar,
1384 365 81 23 som
1507 351 57 36 till
1598 350 95 49 följd
1721 350 42 37 af
1785 351 213 48 utlottning

394 403 94 36 eller
527 403 114 48 eljest
680 403 58 35 till
778 403 199 47 betalning
1016 402 163 47 förfölle,
1221 402 122 36 skulle
1379 402 41 36 af
1448 402 242 36 direktionen
1720 401 277 49 ofördröjligen

394 453 96 36 efter
517 453 111 36 deras
656 453 149 36 inlösen
835 459 161 30 ersättas
1024 453 88 36 med
1137 453 118 36 andra
1274 452 351 47 värdehandlingar
1644 453 42 35 af
1702 452 296 37 nedannämnda

392 504 280 46 beskaffenhet,
702 504 130 36 hvilka
859 504 349 47 värdehandlingar
1234 509 139 43 genast
1399 503 119 37 borde
1543 503 58 36 till
1621 503 378 47 riksgäldskontoret

396 554 272 46 öfverlemnas;
711 560 54 30 att
805 554 241 37 direktionen
1088 554 98 48 egde
1229 560 54 31 att
1323 554 183 48 antingen
1546 554 129 36 utlåna
1707 553 290 48 ifrågavarande

393 605 237 36 räntemedel
661 584 104 57 eller
805 605 73 36 ock
919 605 58 36 för
1017 605 195 36 desamma
1244 605 143 49 inköpa
1414 605 282 36 räntebärande
1725 604 271 48 obligationer;

394 660 65 42 att,
500 655 129 36 derest
669 655 154 37 medlen
863 655 212 45 utlånades,
1105 658 124 34 såsom
1260 655 181 36 säkerhet
1468 655 129 36 derför
1624 655 103 48 finge
1756 661 177 42 antagas:
1963 652 34 49 a)

394 684 224 70 inteckning
646 706 54 36 uti
729 706 57 36 för
814 706 48 36 all
892 706 151 36 framtid
1070 706 12 36 i
1103 705 245 38 Stockholms
1369 705 105 36 stads
1490 705 508 48 brandförsäkringskontor

394 756 196 37 försäkrad
632 756 192 49 fastighet,
867 756 165 37 fallande
1072 757 105 36 inom
1216 756 128 36 halfva
1371 756 560 47 brandförsäkringssumman;
1960 753 37 49 b)

392 807 227 48 inteckning
659 807 12 36 i
708 786 280 69 jordegendom
1031 810 50 46 på
1113 807 130 36 landet
1271 806 94 37 eller
1391 807 12 36 i
1432 806 193 48 stadsjord
1654 785 104 57 inom
1787 785 147 57 hälften
1962 806 41 37 af

393 857 177 47 gällande
609 858 335 48 taxeringsvärde;
984 855 33 49 c)
1047 858 256 47 obligationer
1331 857 92 37 eller
1452 857 306 47 förskrifningar,
1785 856 150 48 utgifna
1962 856 42 37 af

394 908 387 48 riksgäldskontoret,
819 909 246 46 riksbanken,
1100 908 244 36 Stockholms
1378 908 86 36 stad
1492 907 93 37 eller
1613 907 119 36 andra
1759 907 238 47 kommuner,

395 959 189 36 allmänna
612 959 347 49 hypoteksbanken
989 959 93 36 eller
1109 959 175 36 enskilda
1315 958 363 48 bankinrättningar
1697 958 72 36 och
1790 958 208 49 hypoteks-

393 1009 231 49 föreningar,
668 1010 60 36 för
767 1010 151 36 hvilkas
947 1009 236 49 förvaltning
1209 1009 265 48 reglementen
1503 1009 126 36 blifvit
1657 1008 41 37 af
1722 1009 138 48 Kongl.
1891 1009 108 48 Maj:t

394 1060 213 47 faststälda,
649 1061 66 35 allt
754 1061 11 35 i
806 1060 73 36 den
921 1064 85 32 mån
1049 1060 72 37 och
1162 1060 56 36 till
1259 1060 65 36 det
1350 1059 118 37 värde
1496 1059 358 37 kanaldirektionen
1884 1059 114 36 funne

395 1111 86 36 dem
522 1111 188 36 innefatta
750 1111 146 48 fullgod
938 1111 195 45 säkerhet;
1176 1116 55 30 att
1270 1110 59 36 lån
1364 1110 82 36 från
1474 1110 145 37 fonden
1647 1110 78 36 tills
1753 1110 130 36 vidare
1912 1110 86 37 icke

393 1162 102 47 finge
523 1161 40 37 af
586 1161 241 37 direktionen
857 1162 189 36 utlemnas
1075 1167 80 30 mot
1181 1161 106 48 lägre
1314 1166 111 32 ränta
1452 1166 47 31 än
1528 1163 21 35 5
1569 1166 162 44 procent
1749 1160 58 37 för
1827 1164 53 43 år,
1901 1166 98 31 samt

394 1218 54 30 att
476 1212 253 47 obligationer
757 1212 41 36 af
823 1212 115 36 ofvan
967 1212 157 47 angifna
1152 1212 268 37 beskaffenhet
1446 1212 104 48 finge
1581 1211 42 37 af
1638 1211 243 37 direktionen
1901 1211 96 36 tills-

395 1262 127 37 vidare
562 1263 162 49 inköpas
766 1263 72 36 och
866 1263 59 36 för
951 1262 161 37 fondens
1140 1263 163 48 räkning
1330 1262 12 36 i
1370 1262 382 49 riksgäldskontoret
1779 1267 218 44 emottagas

394 1313 57 36 till
479 1313 116 36 sådan
624 1314 103 46 kurs,
755 1319 55 30 att
837 1313 47 37 de
914 1317 21 33 å
963 1313 64 36 det
1055 1313 156 49 kapital,
1240 1326 81 23 som
1352 1313 123 36 skulle
1503 1313 189 37 förräntas
1718 1313 72 36 och
1810 1312 188 37 hvarmed

394 1364 161 36 fondens
595 1364 151 36 tillväxt
784 1364 120 37 borde
946 1378 72 34 ega
1057 1377 94 33 rum,
1192 1363 175 37 lemnade
1411 1377 47 23 en
1499 1364 152 48 verklig
1678 1368 109 32 ränta
1815 1363 42 37 af
1880 1364 119 36 minst

394 1413 86 47 4!/;
511 1421 160 42 procent
698 1415 57 36 för
783 1418 51 34 år.

527 1465 64 38 Uti
632 1479 46 22 en
719 1465 55 36 till
815 1465 140 48 Kongl.
991 1465 104 48 Maj:t
1121 1465 173 47 ingifven
1323 1464 112 37 skrift
1462 1465 67 36 har
1557 1464 211 37 emellertid
1799 1464 198 49 Hjelmare

395 1516 304 36 kanaldirektion
739 1516 103 48 gjort
883 1516 281 48 framställning
1205 1529 60 23 om
1303 1516 164 47 ändring
1506 1516 11 35 i
1559 1516 115 36 dessa
1702 1516 297 36 bestämmelser

394 1567 73 36 och
496 1566 130 37 dervid
653 1587 50 4 —
731 1566 86 37 med
846 1566 240 50 åberopande
1115 1573 66 40 att,
1209 1566 59 46 då,
1296 1569 127 33 såsom
1451 1566 142 37 bekant
1620 1579 104 34 vore,
1754 1566 74 37 alla
1853 1566 144 37 sådana

394 1617 262 47 obligationer,
698 1630 80 23 som
819 1617 57 36 för
903 1617 289 48 ifrågavarande
1219 1617 283 47 inbetalningar
1530 1617 128 36 kunde
1687 1617 122 49 enligt
1837 1630 49 23 nu
1914 1617 81 48 gäl-

394 1667 111 37 lande
546 1668 434 48 utlåningsreglemente
1021 1668 206 42 användas,
1266 1667 125 37 blifvit
1418 1667 120 37 under
1567 1667 76 37 den
1672 1667 221 37 sedermera
1920 1668 77 36 för-

395 1718 116 36 flutna
537 1718 105 37 tiden
671 1719 182 47 antingen
881 1718 275 37 konverterade
1185 1718 91 37 eller
1303 1718 41 37 af
1366 1731 76 36 nyo
1470 1718 199 37 utfärdade
1699 1718 58 36 till
1784 1720 23 34 4
1834 1724 162 43 procent

397 1769 91 36 eller
526 1774 99 31 ännu
666 1770 105 47 lägre
812 1774 121 42 ränta,
974 1782 145 23 samma
1160 1769 207 48 svårighet,
1396 1782 82 23 som
1508 1772 39 33 år
1578 1771 93 35 1881
1702 1769 115 48 gälde
1845 1769 13 36 i
1886 1769 112 48 fråga

397 1833 61 23 om
499 1820 265 48 obligationer,
805 1820 165 48 löpande
1011 1820 87 35 med
1141 1822 20 34 5
1202 1825 162 43 procent
1392 1819 94 37 eller
1512 1820 122 47 högre
1664 1825 119 36 ränta,
1813 1823 99 45 ånyo
1940 1820 58 36 in-

395 1870 112 47 trädt,
547 1875 69 31 när
656 1870 65 36 det
761 1870 115 49 gälde
920 1870 244 36 anskaffande
1207 1870 41 36 af
1284 1870 266 48 obligationer,
1591 1883 82 24 som
1701 1870 177 37 lemnade
1906 1872 15 34 4
1932 1869 62 47 !/,

395 1927 162 43 procent
597 1921 156 36 effektiv
793 1926 125 36 ränta;
961 1926 53 31 att
1055 1934 46 23 en
1142 1921 177 48 varaktig
1360 1924 184 45 återgång
1585 1921 42 36 af
1662 1921 74 37 den
1765 1921 233 48 sänkning
1972 1917 30 57 i

396 1976 145 42 räntan,
574 1985 81 23 som
689 1972 115 48 länge
833 1975 146 45 pågått,
1007 1972 84 36 icke
1122 1977 131 43 syntes
1281 1984 91 24 vara
1399 1977 56 30 att
1481 1977 126 41 vänta,
1637 1977 99 31 samt
1762 1977 56 31 att
1844 1985 153 35 repara-

396 2022 244 36 tionsfonden
680 2022 135 36 hunnit
856 2036 47 22 en
933 2023 10 35 i
973 2022 262 36 direktionens
1266 2022 116 37 tanke
1412 2035 80 23 mer
1519 2026 48 32 än
1595 2022 122 48 nödig
1744 2021 103 49 höjd,
1877 2022 120 37 sedan

396 2072 75 37 den
498 2073 101 36 inom
628 2072 258 37 innevarande
916 2076 58 33 års
1002 2076 147 45 utgång
1175 2073 107 36 vuxit
1309 2073 57 36 till
1394 2073 179 48 omkring
1601 2075 162 44 345,000
1787 2073 144 36 kronor
1950 2097 47 4 —

394 2124 12 35 i
446 2124 309 48 underdånighet
795 2124 169 44 anhållit,
993 2129 54 30 att
1075 2123 140 47 Kongl.
1246 2123 106 49 Maj:t
1378 2123 200 48 behagade
1605 2123 141 37 föreslå
1773 2122 224 50 Riksdagen

396 2174 193 48 medgifva
631 2187 48 23 en
712 2174 117 36 sådan
858 2152 163 69 ändring
1049 2174 10 35 i
1088 2174 47 36 de
1164 2153 58 57 för
1248 2174 201 36 bildandet
1476 2174 41 36 af
1539 2174 196 48 Hjelmare
1764 2174 131 36 kanal-
1919 2154 78 56 och

395 2225 217 36 slussverks
640 2224 332 50 reparationsfond
999 2225 63 35 vid
1096 2227 92 34 1881
1219 2228 58 32 års
1307 2224 159 49 riksdag
1484 2225 229 36 meddelade
1734 2224 260 37 föreskrifter:

532 2272 70 50 1:o)
631 2280 56 31 att
727 2275 46 37 de
801 2275 143 49 belopp
973 2275 41 36 af
1037 2275 190 36 allmänna
1254 2275 367 49 hypoteksbankens
1651 2275 73 37 och
1752 2274 244 38 Stockholms
