2204 2620
707 178 247 33 Statsutskottets
977 176 164 33 utlåtande
1164 176 52 31 Nr
1238 177 74 30 206.
1757 173 19 30 5

806 256 427 40 Reservationer

347 379 47 23 av
422 365 126 36 herrar
580 365 40 35 O.
659 364 41 35 U.
730 363 44 34 B.
808 362 134 42 Olsson,
982 362 39 34 C.
1051 361 32 33 I.
1112 359 182 45 Asplund,
1324 358 39 35 J.
1393 358 150 34 Nilsson
1569 356 5 35 i
1594 355 152 46 Malmö,
1774 355 44 34 F.

218 419 41 35 L.
302 418 202 44 Lindqvist,
547 416 46 35 A.
627 415 190 35 Anderson
857 412 12 36 i
910 411 176 46 Råstock,
1119 411 38 35 0.
1188 411 49 34 H.
1274 409 165 43 Waldén,
1475 409 38 34 C.
1542 408 43 35 R.
1622 406 199 36 Jansson
1798 402 24 64 i

219 469 119 36 Falun
379 468 71 36 och
491 469 45 34 4.
579 468 44 34 E.
665 465 221 45 Ljungberg,
916 462 102 37 vilka
1046 466 137 42 ansett,
1214 465 55 31 att
1296 459 187 37 utskottet
1511 458 85 36 bort
1623 457 197 36 hemställa

220 533 60 23 om
314 518 168 49 följande
509 518 144 48 lydelse
683 529 45 23 av
756 514 43 50 $8
829 517 21 33 2
879 514 70 36 och
978 516 21 33 3
1029 514 11 35 i
1068 513 64 35 det
1162 510 265 50 föreliggande
1447 510 184 47 förslaget
1650 508 56 36 till
1727 508 94 35 kun-

220 571 161 48 görelse:

975 615 21 49 å
1026 618 32 33 2.

349 673 113 37 Mom.
508 674 31 34 1.
597 671 75 36 Till
714 670 45 36 de
799 669 12 36 i
852 668 20 48 &
917 670 17 34 1
979 680 112 23 mom.
1128 669 17 33 1
1177 664 247 38 omförmälda
1452 664 232 48 tjänstemän
1711 663 113 46 utgår

221 725 324 51 dyrtidstillägget
573 722 122 49 enligt
724 722 46 36 de
795 718 413 50 beräkningsgrunder,
1229 730 80 24 som
1331 715 192 49 angivas
1497 711 27 69 i
1551 714 21 50 8
1602 716 21 34 3
1654 727 45 23 av
1726 713 96 36 kun-

221 778 176 48 görelsen
439 776 84 37 med
565 776 189 35 allmänna
781 772 167 49 grunder
976 771 58 36 för
1063 769 289 50 dyrtidstillägg
1380 770 36 34 åt
1443 765 381 49 befattningshavare

221 831 12 35 i
262 835 143 31 statens
433 828 129 49 tjänst,
593 826 97 37 dock
718 825 85 36 med
830 822 245 48 iakttagande
1104 822 128 46 därav,

350 885 54 31 att
445 878 289 51 dyrtidstillägg
775 878 113 45 utgår
915 874 134 37 endast
1077 875 21 34 å
1127 875 47 35 85
1203 877 156 45 procent
1387 885 46 22 av
1462 871 46 36 de
1536 868 289 48 sammanlagda

222 931 407 48 avlöningsförmåner,
670 931 49 46 på
759 927 103 37 vilka
888 926 135 36 sådant
1051 925 139 48 tillägg
1217 926 62 34 må
1306 923 199 45 beräknas,
1535 921 98 36 dock
1661 920 115 48 högst
1805 922 21 33 å

222 989 52 31 ett
302 983 137 49 belopp
464 995 46 23 av
540 982 111 46 1,250
681 980 139 36 kronor
847 978 57 36 för
931 976 149 47 månad,
1110 981 98 31 samt

351 1039 54 32 att
437 1034 63 36 det
526 1032 194 50 grundtal,
749 1043 79 24 som
859 1029 143 48 Kungl.
1031 1028 109 49 Maj:t
1164 1026 151 50 jämlikt
1343 1025 21 50 &
1394 1028 21 34 2
1444 1023 259 51 nyssnämnda
1730 1022 95 37 kun-

222 1087 149 49 görelse
402 1085 213 47 fastställer,
645 1083 96 37 skall
768 1083 12 35 i
808 1081 106 49 varje
943 1080 155 37 särskilt
1122 1079 65 37 fall
1215 1078 171 37 minskas
1415 1077 84 37 med
1531 1078 58 35 16.

352 1139 114 36 Mom.
497 1140 34 34 2.
586 1158 52 6 —
671 1157 42 4 —
744 1156 61 14 —

352 1190 115 37 Mom.
498 1191 33 34 3.
587 1210 51 5 —
666 1209 50 5 —
743 1208 61 14 —

1035 1239 34 34 3.

353 1294 262 49 Tjänsteman,
657 1305 81 23 som
775 1295 41 32 är
856 1288 224 50 tjänstledig
1121 1287 58 37 för
1215 1286 192 48 offentligt
1443 1285 178 49 uppdrag
1649 1283 90 37 eller
1767 1283 59 36 för

224 1347 176 49 sjukdom
428 1346 91 35 eller
546 1357 82 23 som
656 1343 165 48 åtnjuter
848 1341 122 45 ferier,
991 1344 183 33 semester
1193 1339 90 36 eller
1302 1338 153 36 därmed
1470 1335 200 51 jämförlig
1689 1335 136 48 tjänst-

224 1398 181 48 ledighet,
434 1402 91 44 äger
552 1400 93 31 utan
673 1393 134 37 hinder
834 1406 47 23 av
909 1392 118 36 sådan
1054 1391 173 48 ledighet
1254 1390 171 49 uppbära
1444 1388 64 37 det
1528 1386 298 50 dyrtidstillägg,

224 1462 79 24 som
333 1449 108 49 eljest
469 1447 125 37 skolat
622 1445 211 37 tillkomma
860 1444 151 36 honom.

354 1566 47 23 av
441 1553 130 36 herrar
607 1551 40 36 O.
676 1550 191 46 Bergqvist
895 1548 70 37 och
995 1548 37 36 S.
1064 1548 46 35 E.
1139 1548 37 35 J.
1206 1547 156 42 Libeck,
1391 1544 103 37 vilka
1523 1548 136 41 ansett,
1689 1547 53 31 att
1769 1548 58 30 ut-

225 1606 142 36 skottet
406 1605 84 36 bort
530 1602 200 38 hemställa
770 1613 62 24 om
874 1599 167 50 följande
1083 1598 144 50 lydelse
1255 1611 47 23 av
1329 1596 21 50 $&
1379 1598 22 34 2
1431 1597 11 35 i
1472 1596 62 37 det
1562 1593 264 50 föreliggande

225 1657 184 49 förslaget
436 1656 56 37 till
521 1654 250 49 kungörelse:

1037 1705 33 34 2.

355 1760 112 37 Mom.
500 1761 29 35 1.
587 1758 74 37 Till
702 1758 45 36 de
788 1757 12 36 i
840 1755 21 50 &
905 1758 18 34 1
967 1768 113 23 mom.
1126 1756 18 34 1
1182 1752 249 38 omförmälda
1459 1752 230 49 tjänstemän
1717 1752 112 47 utgår

226 1812 325 51 dyrtidstillägget
579 1810 123 49 enligt
729 1809 45 36 de
802 1806 416 50 beräkningsgrunder,
1247 1818 81 24 som
1357 1805 161 48 angivas
1546 1803 12 36 i
1587 1802 19 50 $
1626 1804 18 35 3
1669 1815 46 23 av
1733 1801 96 37 kun-

226 1865 174 49 görelsen
429 1863 85 37 med
542 1863 191 36 allmänna
760 1860 167 49 grunder
954 1859 59 36 för
1036 1857 288 51 dyrtidstillägg
1352 1859 38 34 åt
1417 1852 413 51 befattningshavare
1810 1848 22 70 i

226 1923 143 31 statens
397 1916 131 49 tjänst,
557 1914 97 37 dock
683 1912 85 38 med
795 1911 245 49 iakttagande
1069 1910 128 47 därav,

357 1972 52 33 att
445 1966 291 51 dyrtidstillägg
771 1966 113 47 utgår
920 1962 133 37 endast
1080 1964 21 34 å
1130 1963 48 35 85
1206 1966 156 45 procent
1391 1974 47 23 av
1466 1960 46 36 de
1540 1957 292 49 sammanlagda

228 2019 408 50 avlöningsförmåner,
677 2020 49 46 på
766 2016 103 36 vilka
897 2014 134 38 sådant
1058 2014 140 48 tillägg
1226 2015 61 34 må
1315 2012 200 47 beräknas,
1545 2011 96 36 dock
1669 2010 115 49 högst
1811 2011 21 34 å

227 2078 54 31 ett
308 2072 138 49 belopp
475 2084 47 23 av
553 2071 112 47 1,250
694 2069 139 36 kronor
858 2067 59 37 för
944 2065 150 45 månad,
1124 2071 98 31 samt

357 2128 53 32 att
446 2123 62 37 det
535 2121 193 50 grundtal,
757 2132 80 25 som
866 2118 140 49 Kungl.
1036 2118 109 48 Maj:t
1167 2117 154 49 jämlikt
1359 2116 10 49 $
1399 2119 21 34 2
1449 2114 261 51 nyssnämnda
1737 2113 95 36 kun-

228 2177 148 49 görelse
404 2174 216 47 fastställer,
649 2172 98 37 skall
774 2172 12 36 i
814 2171 107 49 varje
949 2169 155 38 särskilt
1131 2168 66 38 fall
1225 2168 169 37 minskas
1424 2168 85 37 med
1538 2168 60 35 20.

358 2227 113 37 Mom.
502 2229 34 33 2.
592 2247 51 5 —
673 2247 45 6 —
749 2244 60 15 —

358 2280 113 36 Mom.
502 2281 34 34 3.
592 2299 50 5 —
673 2300 45 5 —
747 2298 61 13 —
