1884 2794
243 157 37 30 18
645 161 378 31 Jordbruksutskottets
1049 161 175 30 utlåtande
1253 170 41 21 nr
1323 160 48 30 15.

248 239 136 30 biträde
409 239 89 39 ånyo
524 239 90 29 skall
640 240 173 38 upptagas
838 238 53 30 till
915 238 182 40 prövning,
1122 238 117 30 finner
1265 238 61 39 jag
1351 238 71 39 mig
1446 238 76 30 icke
1548 238 55 30 för
1630 239 124 29 närva-

248 288 109 30 rande
388 289 121 29 kunna
540 288 137 31 biträda
707 288 130 30 liksom
868 288 31 40 ej
932 288 109 30 heller
1072 288 270 39 länsstyrelsens
1374 288 151 39 begäran
1558 290 51 28 att
1642 289 110 29 större

247 339 102 30 delen
374 347 42 21 av
436 338 208 40 personalen
665 338 46 40 på
733 338 153 39 fartyget
911 338 89 30 skall
1021 338 355 40 lönegradsplaceras.

297 390 128 30 Posten
454 390 205 39 avlöningar
687 390 53 30 till
769 390 269 30 icke-ordinarie
1066 390 162 40 personal
1257 390 99 29 torde
1387 389 45 41 på
1464 390 113 39 grund
1608 399 42 21 av
1680 389 78 40 höj-

250 441 86 39 ning
367 450 42 21 av
439 441 209 39 avlöningen
678 441 54 29 till
762 440 437 31 kollektivavtalsanställd
1232 440 163 40 personal
1425 440 85 31 böra
1542 440 104 40 höjas
1676 441 80 29 med

253 491 39 30 15
307 491 64 30 600
396 492 141 30 kronor.
563 492 68 30 För
658 491 409 39 vikariatsersättningar
1091 491 66 30 och
1182 493 98 28 extra
1306 491 217 41 arbetshjälp
1548 491 99 30 torde
1672 491 85 30 böra

250 542 175 30 beräknas
450 544 48 28 ett
524 543 79 29 med
633 542 94 30 1000
753 542 132 30 kronor
907 542 53 30 till
984 542 19 30 3
1018 542 63 30 000
1105 542 131 30 kronor
1260 541 135 40 förhöjt
1420 542 136 40 belopp,
1580 542 55 29 för
1661 542 95 30 över-

250 592 309 40 tidsersättningar
582 593 98 30 torde
706 593 85 30 böra
816 592 173 31 beräknas
1016 592 95 31 1000
1136 593 142 34 kronor,
1304 593 56 29 för
1384 592 284 40 tvåvaktstillägg
1692 592 64 30 600

248 645 133 29 kronor
401 646 89 28 samt
514 644 56 30 för
589 644 201 30 beräknade
809 644 426 39 löneklassförändringar
1260 643 95 30 1300
1376 644 140 29 kronor.
1539 643 68 30 För
1627 643 127 30 arvode

249 695 35 30 åt
306 697 50 28 ett
376 695 134 30 biträde
533 695 36 30 åt
589 695 355 30 fiskeriintendenten
964 694 11 30 i
995 694 239 30 västerhavets
1254 694 142 30 distrikt
1419 694 58 30 vid
1497 693 257 30 handhavande

250 754 42 21 av
313 745 170 40 fartygets
503 744 351 40 medelsförvaltning
873 745 97 30 torde
991 744 85 30 böra
1098 753 99 21 avses
1216 746 49 28 ett
1286 744 125 40 belopp
1432 753 42 21 av
1497 743 95 31 1200
1613 744 142 29 kronor.

250 796 242 30 Förevarande
522 797 79 38 post
630 804 103 31 synes
762 795 150 30 sålunda
943 795 85 30 böra
1056 796 172 39 upptagas
1258 795 80 29 med
1375 794 57 34 (96
1447 794 63 30 500
1527 795 37 36 —
1583 794 38 30 15
1636 793 117 38 600
1721 789 35 50 +

251 847 14 29 1
283 846 64 30 000
369 846 37 37 +
430 845 95 31 1000
546 846 38 37 +
606 845 63 31 600
693 846 37 36 +
755 844 96 31 1300
875 845 58 37 -+-1
950 844 63 31 200
1036 845 58 34 =)
1125 844 60 30 117
1200 844 64 30 200
1286 845 142 29 kronor.

298 896 68 30 För
391 895 121 40 rörligt
537 895 121 40 tillägg
682 895 99 30 torde
807 895 85 30 böra
917 895 173 30 beräknas
1119 896 49 28 ett
1196 894 80 30 med
1302 894 19 30 3
1337 894 63 30 000
1425 894 131 30 kronor
1583 894 52 29 till
1661 893 19 30 6
1695 893 64 31 300

252 947 132 30 kronor
408 946 135 40 förhöjt
564 946 136 40 belopp.

300 998 13 29 I
345 997 111 40 övrigt
486 1006 103 31 synes
620 997 114 39 någon
765 996 150 40 ändring
945 1006 42 20 av
1016 995 343 40 avlöningsanslaget
1391 995 53 30 till
1476 995 177 39 Skagerak
1683 994 76 31 icke

253 1048 85 30 böra
359 1048 71 30 ske.

298 1098 66 40 Jag
384 1099 71 30 kan
475 1099 77 30 icke
576 1098 137 30 biträda
735 1097 378 39 lantbruksstyrelsens
1135 1097 132 39 förslag
1289 1098 51 28 att
1361 1096 177 41 inplacera
1560 1096 200 30 befälhava-

250 1157 62 21 ren
337 1149 19 30 å
378 1148 195 39 Eystrasalt
596 1148 11 30 i
632 1148 176 39 lönegrad.
830 1147 166 30 Däremot
1018 1156 103 21 anser
1141 1147 60 39 jag
1224 1147 12 29 i
1258 1146 111 30 likhet
1392 1146 78 30 med
1496 1146 263 34 statskontoret,

250 1201 51 28 att
320 1199 90 30 hans
430 1199 126 30 arvode
576 1199 62 30 bör
657 1199 102 39 höjas
781 1199 54 30 till
857 1198 19 30 6
890 1198 63 30 000
973 1198 141 34 kronor,
1136 1197 53 30 till
1208 1196 108 31 vilket
1337 1196 125 41 belopp
1483 1196 133 31 således
1635 1198 124 38 posten

254 1250 138 35 arvode,
416 1250 150 30 bestämt
588 1259 42 21 av
652 1249 126 39 Kungl.
802 1248 116 40 Maj:t,
940 1249 98 30 torde
1061 1248 85 31 böra
1170 1248 215 40 uppräknas.

300 1300 398 39 Besättningsmännens
720 1300 99 30 löner
839 1300 98 29 torde
958 1299 112 30 under
1094 1299 102 30 nästa
1216 1298 169 39 budgetår
1406 1298 85 30 böra
1512 1298 174 30 beräknas
1707 1300 54 28 ut-

255 1352 42 38 gå
319 1352 80 30 med
423 1360 134 21 samma
580 1350 124 41 belopp
731 1359 76 21 som
832 1350 112 29 under
968 1349 247 30 innevarande.
1240 1349 398 40 Icke-ordinarieposten
1661 1349 99 29 torde

254 1402 122 30 därför
397 1402 85 30 böra
502 1401 205 40 uppräknas
727 1401 81 30 med
831 1401 19 30 5
865 1400 63 31 350
949 1400 130 30 kronor
1100 1400 54 30 till
1179 1399 39 31 13
1233 1399 63 31 200
1318 1400 141 30 kronor.

298 1452 77 30 Med
401 1452 138 39 hänsyn
564 1451 54 30 till
643 1451 269 40 uppräkningen
938 1460 42 21 av
1006 1450 269 30 befälhavarens
1301 1450 127 30 arvode
1455 1459 103 21 anser
1584 1449 60 40 jag
1669 1449 91 30 hans

251 1503 236 30 traktamente
509 1502 75 30 åter
605 1502 122 30 kunna
750 1502 214 29 bestämmas
987 1501 53 29 till
1062 1501 71 30 fem
1157 1501 131 29 kronor
1310 1509 57 21 om
1390 1500 121 40 dagen.
1538 1500 128 30 Posten
1689 1500 72 29 sär-

251 1554 116 29 skilda
389 1553 260 30 löneförmåner
668 1552 53 31 till
744 1551 268 31 icke-ordinarie
1035 1551 163 40 personal
1219 1560 103 30 synes
1343 1551 120 30 därför
1483 1551 85 30 böra
1588 1552 173 38 upptagas

255 1605 80 30 med
363 1614 134 21 samma
518 1604 125 40 belopp
667 1613 74 21 som
764 1603 56 30 för
842 1603 236 30 innevarande
1100 1602 179 39 budgetår.

301 1656 13 29 I
336 1655 152 39 enlighet
509 1655 80 30 med
609 1655 57 30 det
687 1654 150 30 anförda
859 1654 111 30 skulle
995 1653 148 30 sålunda
1168 1653 299 39 avlöningsstaten
1488 1653 55 30 för
1565 1652 196 39 fiskeristy-

255 1706 115 30 relsen
394 1706 79 30 med
495 1707 132 28 statens
650 1704 247 30 fiskeriförsök
918 1703 133 31 erhålla
1074 1703 157 40 följande
1253 1703 181 30 utseende:

882 1807 251 29 Avlöningsstat.

779 1872 456 40 Fiskeristyrelsen.

256 1942 28 29 1.
310 1941 213 39 Avlöningar
564 1940 53 31 till
658 1940 176 30 ordinarie
878 1940 226 39 tjänstemän,

353 1983 204 39 förslagsvis
599 2005 499 7 v.osessresrerersr
958 1978 33 48 rr
1003 1978 33 48 rr
1048 1978 54 48 eta
1128 1981 131 30 kronor
1306 1981 41 30 355
1362 1981 63 30 000

254 2025 29 29 2.
322 2025 160 30 Arvoden
504 2025 65 30 och
590 2025 173 30 särskilda
783 2024 246 39 ersättningar,
1051 2024 54 29 be-

354 2067 136 29 stämda
508 2076 43 20 av
565 2066 126 39 Kungl.
709 2065 117 40 Maj:t,
842 2065 204 40 förslagsvis
1070 2089 28 5 ..
1187 2076 14 17 »
1329 2065 19 29 2
1363 2065 63 30 000

253 2110 29 29 3.
309 2109 213 40 Avlöningar
551 2109 54 30 till
633 2108 270 31 icke-ordinarie
930 2108 173 40 personal,

356 2151 204 40 förslagsvis
590 2146 20 49 oo
627 2173 472 7 osreseerrerr
872 2146 35 49 rr
915 2146 35 49 rr
961 2146 32 49 rr
1004 2146 31 49 rr
1047 2146 56 49 rea
1188 2160 14 18 >
1288 2150 59 29 191
1363 2149 63 30 500

254 2195 30 28 4.
311 2194 245 39 Ersättningar
591 2194 53 30 till
676 2193 233 39 sakkunniga,
940 2193 165 39 förslags-

358 2237 50 29 VÅS
450 2258 649 7 moseereesereserrrers
874 2230 75 49 tres
963 2230 28 49 tr
1006 2230 96 49 rests
1187 2245 15 17 >
1332 2235 15 28 1
1364 2234 63 30 000

249 2279 30 29 53.
318 2278 132 39 Rörligt
469 2278 130 39 tillägg,
618 2277 205 41 förslagsvis
849 2300 249 6 ............
1187 2287 14 16 >
1307 2275 41 30 28
1362 2276 63 30 300
1451 2285 130 29 kronor
1607 2285 61 29 277
1684 2285 64 29 800
