1886 2794
240 134 39 29 26
618 141 379 32 Jordbruksutskottets
1026 142 176 32 utlåtande
1230 154 40 20 nr
1300 143 50 31 15.

243 218 188 38 synnerhet
455 227 74 20 som
552 228 82 20 man
660 220 105 38 enligt
791 220 189 30 utskottets
1003 221 142 39 mening
1167 231 42 20 av
1232 222 220 39 principiella
1476 223 76 29 skäl
1575 224 61 29 bör
1659 224 89 29 iakt-

242 270 79 37 taga
350 268 67 29 den
449 269 127 30 största
607 269 287 31 återhållsamhet
922 271 58 29 vid
1006 271 216 31 inrättandet
1250 281 42 21 av
1318 282 70 29 nya
1417 274 155 30 centrala
1599 274 149 30 ämbets-

242 319 92 29 verk.

287 368 203 30 Emellertid
509 369 167 40 föreligga
696 370 54 30 för
769 371 126 30 fiskets
914 372 55 29 del
988 372 177 39 åtskilliga
1182 373 167 39 problem,
1372 383 75 20 som
1467 374 109 31 kräva
1594 384 43 20 en
1656 375 91 30 ökad

242 419 214 30 medverkan
484 419 80 30 från
592 422 132 28 statens
749 421 75 30 sida
848 421 66 30 och
943 429 74 22 som
1045 422 143 31 komma
1214 425 50 28 att
1288 424 161 30 medföra
1473 424 195 40 betydande
1694 434 54 21 ar-

240 468 256 41 betsuppgifter
517 470 55 29 för
593 471 57 29 det
672 472 155 29 centrala
850 472 282 31 administrativa
1156 475 154 37 organet.
1333 474 76 29 Den
1431 475 315 39 omständigheten,

242 522 49 29 att
314 519 181 31 fiskarena
514 521 132 39 nödgas
668 522 139 39 vidtaga
828 522 396 40 fångstbegränsningar
1247 525 87 28 även
1355 525 11 29 i
1387 525 91 29 tider
1502 525 45 30 då
1567 525 179 40 knapphet

242 570 100 29 råder
362 570 46 40 på
428 570 189 35 livsmedel,
639 572 93 38 giver
752 573 56 29 vid
830 573 152 34 handen,
1007 575 49 28 att
1082 576 94 28 stora
1196 574 223 40 möjligheter
1444 575 119 31 finnas
1585 578 50 28 att
1658 576 89 29 bätt-

241 629 35 20 re
298 621 158 38 utnyttja
477 621 125 31 fiskets
623 622 186 40 kapacitet.
831 623 164 30 Framför
1017 624 61 31 allt
1102 625 39 28 är
1163 624 56 30 det
1243 625 11 29 i
1276 625 101 30 dessa
1404 626 195 30 avseenden
1622 626 124 39 viktigt

241 672 50 28 alt
309 671 174 30 förbättra
503 672 125 30 fiskets
649 674 453 39 avsättningsmöjligheter,
1123 675 270 39 möjligheterna
1414 678 50 28 att
1487 676 97 39 lagra
1603 677 64 29 och
1691 677 57 29 be-

241 722 81 29 reda
350 722 72 29 fisk
454 724 90 28 samt
575 723 173 30 förbättra
777 724 451 40 distributionsapparaten.
1257 725 78 30 Med
1364 726 148 30 allenast
1542 727 203 30 nuvarande

240 772 443 40 avsättningsmöjligheter
711 774 168 39 föreligga
909 776 94 29 stora
1031 775 112 30 risker
1172 776 55 29 för
1257 778 50 30 att
1336 776 171 40 näringen
1536 777 88 30 skall
1654 777 91 30 bliva

240 822 375 35 överdimensionerad,
637 824 64 30 och
723 824 55 30 för
797 834 43 20 en
860 825 161 30 blivande
1045 826 271 39 fiskeristyrelse
1338 826 113 31 skulle
1474 827 119 30 finnas
1613 829 133 37 utrym-

239 881 55 21 me
317 872 55 30 för
397 873 176 40 åtskilliga
598 874 296 40 arbetsuppgifter
916 876 11 29 i
952 876 89 38 syfte
1065 878 50 28 att
1138 876 68 30 öka
1231 877 246 39 avsättningen
1504 887 42 20 av
1572 878 81 29 fisk.
1679 878 67 29 Om

239 923 101 30 dessa
360 923 120 40 frågor
503 924 117 30 kunde
642 925 92 30 lösas
755 926 44 39 på
822 928 49 30 ett
892 926 326 30 tillfredsställande
1242 928 78 33 sätt,
1343 927 114 31 skulle
1480 927 201 40 betydelsen
1703 937 43 20 av

239 973 105 30 fisket
367 973 56 31 för
449 974 136 30 landets
607 975 218 40 försörjning
847 976 144 31 komma
1016 979 50 27 att
1090 977 92 30 bliva
1205 977 169 39 åtskilligt
1401 979 111 29 större
1539 979 45 29 än
1608 979 66 29 vad
1696 987 48 20 nu

239 1024 38 29 är
297 1024 108 30 fallet.
427 1024 132 31 Genom
577 1025 218 31 tillkomsten
817 1036 43 20 av
881 1028 49 28 ett
952 1027 141 30 särskilt
1117 1028 275 31 administrativt
1413 1036 109 31 organ
1543 1029 55 29 för
1620 1029 125 29 fiskets

238 1074 55 29 del
315 1075 112 29 skulle
449 1076 106 29 också
577 1075 112 31 bättre
711 1077 223 39 möjligheter
954 1078 122 30 kunna
1098 1078 128 39 skapas
1247 1078 55 30 för
1324 1087 43 21 en
1393 1079 159 29 avsevärt
1577 1079 91 30 ökad
1689 1088 57 20 ex-

238 1127 89 37 port.
349 1126 68 29 För
441 1126 66 29 den
528 1126 167 31 händelse
716 1136 42 21 en
784 1136 47 30 ny
853 1128 177 39 sillperiod
1054 1128 112 30 skulle
1188 1128 149 30 inträffa
1358 1129 179 30 erfordras
1561 1129 118 30 vidare
1701 1138 43 21 en

238 1175 282 40 fiskeristyrelse,
547 1185 74 21 som
645 1178 80 29 med
748 1178 69 29 alla
840 1186 159 21 resurser
1021 1178 71 30 kan
1116 1179 90 38 ägna
1234 1178 51 39 sig
1311 1179 35 31 åt
1371 1178 307 40 tillvaratagandet
1702 1188 43 21 av

238 1225 41 30 de
307 1227 93 29 stora
427 1226 141 34 värden,
596 1236 75 21 som
699 1228 56 29 vid
785 1228 126 29 sådant
938 1228 220 30 förhållande
1186 1229 121 29 kunna
1337 1229 153 30 tillföras
1516 1229 77 30 icke
1620 1230 124 29 endast

239 1276 169 39 näringen
427 1279 86 27 utan
531 1277 78 30 hela
631 1277 128 30 landet.

282 1327 92 29 Från
392 1327 69 30 alla
479 1327 72 30 håll
570 1328 184 34 erkännes,
773 1330 51 28 att
841 1329 68 29 den
931 1329 213 29 arbetskraft
1163 1329 96 30 inom
1277 1329 371 40 lantbruksstyrelsen,
1669 1338 75 22 som

238 1386 46 20 nu
306 1378 38 29 är
364 1377 146 30 avdelad
529 1377 55 30 för
604 1378 307 39 fiskerinäringen,
932 1379 108 30 redan
1059 1379 79 29 med
1159 1380 203 29 nuvarande
1386 1379 295 41 arbetsuppgifter
1705 1381 39 28 är

238 1428 71 31 helt
336 1428 221 39 otillräcklig.
586 1428 66 30 Om
681 1428 359 40 lantbruksstyrelsen
1071 1430 87 29 även
1185 1430 11 29 i
1224 1430 275 39 fortsättningen
1532 1431 112 29 skulle
1672 1440 73 20 om-

237 1478 226 30 händerhava
492 1478 125 31 fiskets
645 1479 291 39 angelägenheter
965 1480 111 29 skulle
1105 1480 120 29 därför
1257 1489 42 21 en
1328 1480 217 40 uppdelning
1573 1490 43 21 av
1645 1482 98 28 ären-

238 1529 88 29 dena
344 1529 45 39 på
406 1529 87 30 flera
514 1529 123 39 byråer
658 1529 126 30 liksom
803 1530 88 29 även
908 1539 43 20 en
970 1530 194 39 betydande
1183 1530 173 40 utökning
1373 1540 42 20 av
1434 1531 207 39 personalen
1661 1540 83 20 vara

237 1579 248 39 ofrånkomlig.

281 1629 47 30 Ur
345 1630 103 30 dessa
466 1630 218 39 synpunkter
703 1631 65 29 och
788 1631 45 39 på
854 1631 113 39 grund
986 1640 42 20 av
1045 1631 41 29 de
1105 1640 42 21 av
1164 1631 126 39 Kungl.
1309 1631 107 39 Maj:t
1433 1631 11 30 i
1463 1631 111 39 övrigt
1594 1631 150 30 anförda

238 1679 121 30 skälen
379 1689 104 21 anser
502 1680 171 30 utskottet
693 1681 56 29 det
770 1680 222 39 erforderligt
1014 1683 50 28 att
1084 1681 130 30 inrätta
1234 1690 43 21 en
1299 1681 152 30 särskild
1472 1681 271 39 fiskeristyrelse

237 1730 64 29 och
319 1731 59 29 vill
397 1731 80 29 med
498 1731 234 38 avstyrkande
754 1740 43 21 av
817 1731 221 31 motionerna
1057 1732 29 29 I:
1103 1732 63 30 256
1188 1732 65 30 och
1272 1732 46 30 II:
1334 1732 63 31 415
1420 1733 177 39 tillstyrka
1617 1733 126 39 Kungl.

236 1780 124 39 Maj:ts
378 1780 133 40 förslag
528 1781 132 30 därom.

280 1830 177 30 Motionen
483 1831 29 29 1:
528 1831 62 29 417
613 1831 11 30 i
647 1831 66 30 vad
737 1832 67 29 den
827 1841 100 21 avser
949 1832 225 39 riktlinjerna
1196 1832 56 30 för
1274 1833 317 39 fiskeristyrelsens
1613 1833 131 30 arbets-

235 1880 178 40 uppgifter
431 1890 103 21 anser
552 1882 173 29 utskottet
739 1881 170 31 besvarad
926 1891 43 21 av
989 1882 56 30 det
1063 1891 48 21 nu
1129 1882 160 30 anförda.

280 1930 13 30 I
312 1931 42 30 de
374 1931 225 39 likalydande
620 1931 220 31 motionerna
859 1932 30 29 I:
905 1932 63 30 255
987 1932 65 30 och
1070 1932 46 30 II:
1132 1932 64 31 405
1215 1935 91 28 samt
1323 1933 12 30 i
1352 1933 180 30 motionen
1551 1934 29 29 1:
1597 1934 62 30 417
1678 1934 64 29 har

234 1981 132 39 yrkats,
389 1983 50 30 att
460 1981 296 40 fiskeristyrelsen
776 1982 90 30 skall
888 1982 176 40 förläggas
1083 1983 53 30 till
1157 1983 180 39 Göteborg.
1359 1984 179 30 Utskottet
1556 1984 117 30 finner
1693 1984 51 30 åt-

237 2031 137 39 skilliga
397 2031 77 30 skäl
495 2032 71 30 tala
587 2032 55 30 för
664 2041 43 21 en
729 2033 109 29 sådan
861 2033 230 40 förläggning,
1115 2034 150 30 framför
1290 2035 61 29 allt
1373 2035 291 31 västkustfiskets
1685 2036 60 29 do-

234 2081 204 30 minerande
474 2082 174 40 betydelse
684 2082 96 31 inom
814 2083 308 40 fiskerinäringen.
1148 2084 211 39 Därigenom
1386 2084 113 30 skulle
1524 2094 83 20 man
1636 2085 106 30 också

233 2132 122 30 kunna
377 2132 108 30 vinna
507 2132 239 31 erfarenheter
769 2143 42 21 av
837 2143 43 20 en
903 2134 178 39 placering
1104 2144 42 20 av
1169 2134 155 31 centrala
1352 2135 222 30 ämbetsverk
1598 2135 143 30 utanför

236 2182 213 30 Stockholm.
477 2183 53 29 En
557 2183 222 40 förläggning
809 2184 53 29 till
894 2184 171 40 Göteborg
1093 2184 112 30 skulle
1234 2185 194 30 emellertid
1461 2186 158 30 medföra
1647 2186 94 30 vissa

235 2233 183 39 praktiska
434 2233 233 40 olägenheter,
685 2234 151 30 framför
855 2234 63 31 allt
936 2235 111 30 skulle
1065 2235 189 39 styrelsens
1272 2235 151 30 kontakt
1440 2236 80 30 med
1537 2237 111 30 andra
1669 2244 73 31 gre-

234 2292 64 21 nar
319 2293 42 20 av
382 2283 261 40 förvaltningen
664 2284 189 31 försvåras.
876 2285 176 30 Utskottet
1074 2285 59 30 vill
1157 2285 121 30 därför
1301 2286 141 30 ansluta
1466 2286 51 39 sig
1538 2286 53 30 till
1614 2287 126 39 Kungl.

236 2334 123 39 Maj:ts
378 2334 134 39 förslag
534 2336 50 30 att
605 2335 171 39 styrelsen
796 2335 90 30 skall
909 2345 84 20 vara
1015 2335 137 39 förlagd
1172 2336 11 29 i
1205 2336 213 30 Stockholm.

277 2384 13 29 I
309 2384 100 40 fråga
427 2394 57 20 om
504 2385 315 39 fiskeristyrelsens
839 2385 238 39 organisation
1096 2386 65 29 har
1182 2386 11 29 i
1212 2386 42 30 de
1273 2386 226 39 likalydande
1520 2387 220 30 motionerna

233 2434 28 29 I:
279 2434 60 30 257
357 2435 66 30 och
440 2435 45 29 I1:
501 2435 64 30 409
580 2435 209 40 föreslagits,
806 2437 50 28 att
873 2436 10 29 i
902 2436 169 39 styrelsen
1089 2436 89 30 skall
1195 2436 144 30 beredas
1355 2437 93 39 plats
1466 2437 56 30 för
1539 2437 200 40 ytterligare
