1886 2796
259 155 37 29 10
652 160 377 30 Jordbruksutskottets
1056 160 176 30 utlåtande
1261 170 41 20 nr
1330 160 48 29 15.

259 238 139 38 mycket
422 237 115 30 arbete
562 238 52 29 till
639 238 125 29 fiskets
786 238 201 38 främjande
1013 239 65 29 och
1102 240 194 28 motsatsen
1321 239 98 29 torde
1443 239 86 29 höra
1552 239 53 29 till
1630 239 135 30 undan-

259 290 113 37 tagen.
397 288 12 29 I
432 289 41 28 de
495 288 62 30 fall
581 289 64 29 där
668 289 295 38 fiskerinäringen
985 289 98 29 blivit
1107 289 228 34 tillbakasatt,
1360 289 90 30 lärer
1477 290 141 29 rättelse
1643 290 122 30 kunna

259 339 125 29 vinnas
407 339 79 29 med
509 339 138 30 mindre
670 339 205 39 ingripande
902 340 160 38 åtgärder
1086 341 46 28 än
1157 340 233 39 utredningen
1416 340 190 39 föreslagit.

305 390 456 39 Hushållningssällskapen
781 400 105 29 synas
907 391 147 29 sålunda
1073 391 213 29 åtminstone
1308 391 72 29 tills
1398 391 118 30 vidare
1536 391 83 30 böra
1641 399 123 31 genom

258 440 173 29 särskilda
455 440 296 29 fiskerinämnder
773 440 188 30 handhava
984 441 118 39 frågor
1125 441 149 30 rörande
1297 441 126 30 fiskets
1448 441 211 39 främjande,
1683 450 81 20 men

259 491 79 29 med
364 492 70 28 rätt
460 491 54 29 för
541 491 200 40 sällskapen
767 493 50 28 att
841 491 89 30 efter
956 491 316 39 fiskeristyrelsens
1295 492 155 30 hörande
1475 492 154 30 överlåta
1654 493 110 29 större

259 541 83 29 eller
366 541 135 29 mindre
528 542 56 29 del
610 551 42 20 av
676 542 54 29 sin
754 542 224 30 verksamhet
1001 542 45 40 på
1068 542 268 39 ifrågavarande
1360 543 142 30 område
1526 543 45 39 på
1592 552 44 22 en
1661 543 104 39 själv-

259 592 139 38 ständig
420 591 456 41 fiskaresammanslutning
897 593 12 29 i
933 593 114 30 stället
1070 593 56 29 för
1149 602 43 20 en
1215 593 267 30 fiskerinämnd.
1509 594 255 39 Upprättandet

260 651 41 20 av
328 651 43 20 en
399 642 259 31 fiskerinämnd
687 644 82 29 eller
797 644 321 29 fiskeriärendenas
1148 644 223 30 överlåtande
1399 645 44 39 på
1469 654 43 20 en
1539 645 226 29 fiskaresam-

258 692 242 40 manslutning
518 694 99 29 torde
637 694 89 29 dock
745 694 82 30 böra
849 704 84 20 vara
952 694 243 39 obligatoriskt
1216 695 65 29 och
1303 696 124 38 utgöra
1446 704 43 20 en
1510 695 255 39 förutsättning

257 744 56 29 för
336 744 201 30 erhållande
562 754 42 21 av
631 745 210 39 statsbidrag
864 746 53 29 till
941 746 125 30 fiskets
1089 746 211 39 främjande.
1325 746 254 30 Ledamöterna
1602 747 11 29 i
1639 748 123 28 nämn-

257 795 67 29 den
357 804 104 30 synas
488 795 84 30 böra
598 798 97 27 utses
720 796 44 39 på
791 798 67 27 sätt
885 796 255 39 föredragande
1167 797 386 39 departementschefen
1582 797 179 38 föreslagit

257 845 12 29 i
288 845 60 30 sitt
369 846 179 29 uttalande
567 846 57 29 vid
646 846 183 30 avlåtande
848 856 43 20 av
909 847 264 39 propositionen
1194 847 10 29 i
1227 848 116 29 ämnet
1363 847 52 30 till
1439 846 83 30 1944
1542 847 57 30 års
1619 847 143 38 riksdag

263 895 58 33 (nr
354 895 203 35 172/1944).
591 896 118 39 Enligt
739 897 155 29 nämnda
923 897 181 29 uttalande
1136 897 99 30 skola
1264 897 277 30 fiskerinämnds
1570 898 192 29 ledamöter

259 948 95 27 utses
371 955 43 20 av
429 946 459 39 hushållningssällskapets
905 946 382 39 förvaltningsutskott.
1317 947 3 29 I
1338 947 209 34 Jämtlands,
1566 947 200 30 Västerbot-

255 996 77 28 tens
356 996 64 28 och
443 995 230 30 Norrbottens
697 996 76 29 läns
795 996 172 29 nämnder
993 996 88 30 skall
1106 996 302 38 domänstyrelsen
1434 996 147 30 tillsätta
1606 1006 43 20 en
1673 997 91 28 leda-

256 1047 83 32 mot,
358 1046 64 29 och
440 1046 11 29 i
472 1055 41 20 en
532 1055 62 20 var
612 1056 43 20 av
674 1047 263 29 Västerbottens
956 1047 63 30 och
1038 1047 229 30 Norrbottens
1285 1048 77 30 läns
1383 1049 171 29 nämnder
1573 1049 89 29 skall
1683 1048 82 39 ingå

255 1105 43 20 en
327 1106 42 19 av
395 1097 250 38 länsstyrelsen
671 1098 124 28 utsedd
821 1099 242 38 representant
1092 1098 54 29 för
1174 1098 259 39 lappväsendet.
1461 1098 12 29 I
1504 1098 97 38 varje
1631 1098 131 29 nämnd

256 1146 89 29 skall
367 1147 258 30 vederbörande
650 1148 307 29 fiskeriintendent
978 1148 81 39 ingå
1082 1148 116 29 såsom
1222 1148 232 38 självskriven
1476 1148 163 29 ledamot.
1662 1148 102 29 Dess-

257 1200 97 28 utom
382 1199 98 29 torde
504 1199 84 30 böra
612 1200 224 33 föreskrivas,
862 1202 51 27 att
936 1200 260 29 vederbörande
1223 1200 421 39 länsfiskeritjänsteman
1672 1200 89 29 skall

257 1258 83 21 vara
368 1250 213 29 sekreterare
611 1250 11 29 i
650 1250 187 29 nämnden.
866 1250 234 29 Föreskrifter
1129 1259 104 29 synas
1262 1250 106 29 också
1393 1250 84 30 böra
1503 1250 178 29 meddelas
1708 1251 54 28 rö-

258 1300 106 29 rande
389 1300 278 29 fiskerinämnds
692 1300 327 39 sammansättning,
1045 1300 37 29 så
1107 1302 51 27 att
1181 1300 175 39 garantier
1381 1300 150 30 erhållas
1554 1300 56 30 för
1632 1302 51 28 att
1706 1309 56 30 yr-

258 1349 245 30 kesfiskarena
525 1350 94 29 bliva
644 1350 11 29 i
678 1350 205 38 erforderlig
907 1349 246 39 utsträckning
1180 1350 293 39 representerade.

302 1400 65 29 Till
394 1400 200 38 främjande
621 1410 43 20 av
687 1400 105 29 fisket
817 1400 10 29 i
852 1400 149 32 Vänern,
1026 1400 156 34 Vättern,
1208 1400 205 39 Hjälmaren
1438 1401 64 29 och
1526 1400 156 30 Mälaren
1706 1401 58 29 må

256 1450 166 30 tillsättas
445 1451 173 29 särskilda
638 1451 180 33 nämnder,
838 1451 118 29 därest
976 1451 40 29 de
1039 1451 404 39 hushållningssällskap
1466 1460 74 20 som
1563 1453 127 37 gränsa
1711 1452 52 29 till

258 1501 143 39 sjöarna
426 1501 37 30 så
488 1502 122 29 önska.
634 1502 13 28 I
670 1501 151 39 enlighet
843 1502 80 29 med
945 1501 65 30 vad
1032 1501 360 39 lantbruksstyrelsen
1414 1502 146 39 tidigare
1583 1502 180 39 föreslagit

258 1561 102 29 synes
384 1551 125 39 Kungl.
533 1552 107 38 Maj:t
664 1552 87 29 efter
775 1552 262 39 framställning
1062 1562 42 20 av
1129 1552 199 40 sällskapen
1353 1553 122 29 kunna
1500 1553 159 29 meddela
1685 1554 79 28 när-

258 1611 95 20 mare
384 1602 264 30 bestämmelser
677 1603 178 38 angående
884 1603 119 38 dylika
1031 1603 183 29 nämnder.
1247 1603 140 30 Samma
1415 1603 221 30 förhållande
1665 1604 97 29 torde

257 1652 84 30 böra
364 1653 99 38 gälla,
487 1653 117 30 därest
627 1653 449 40 hushållningssällskapen
1100 1654 97 29 inom
1220 1656 48 27 ett
1295 1654 218 31 flodområde
1540 1654 112 30 skulle
1677 1654 86 39 vilja

254 1703 45 38 på
319 1712 43 20 en
385 1703 150 29 särskild
556 1704 130 29 nämnd
707 1704 151 29 överlåta
878 1704 41 29 de
939 1704 289 36 fiskefrämjande
1251 1704 204 37 åtgärderna
1476 1705 219 29 beträffande
1717 1706 46 28 ett

256 1754 150 31 bestämt
438 1755 218 39 flodsystem.
688 1755 211 39 Därigenom
931 1756 112 29 skulle
1076 1756 239 29 erfarenheter
1346 1757 121 29 kunna
1500 1757 134 33 vinnas,
1666 1756 95 30 vilka

256 1805 118 30 kunde
393 1805 99 39 tjäna
512 1806 49 29 till
581 1806 143 38 ledning
741 1806 55 29 för
815 1806 196 38 avgörande
1029 1815 42 20 av
1089 1806 126 39 frågan
1232 1806 174 30 huruvida
1424 1807 225 39 indelningen
1672 1807 88 29 efter

256 1856 218 30 flodområde
492 1865 81 21 vore
591 1856 56 30 för
667 1857 105 29 fisket
791 1857 204 38 lämpligare
1015 1858 43 28 än
1077 1857 226 39 indelningen
1325 1858 88 29 efter
1431 1856 329 41 hushållningssäll-

256 1907 152 39 skapens
434 1908 152 37 gränser.

300 1957 119 30 Redan
442 1957 147 39 tidigare
613 1957 65 29 har
700 1957 59 39 jag
784 1957 127 29 uttalat
934 1958 67 29 den
1026 1957 149 34 åsikten,
1200 1959 50 28 att
1277 1958 395 30 fiskeriintendenterna
1695 1958 65 29 lik-

255 2014 74 21 som
350 2006 126 30 hittills
496 2006 84 30 böra
602 2006 286 30 omhänderhava
912 2006 240 39 stadgefrågor
1174 2007 64 29 och
1261 2007 11 29 i
1295 2007 152 30 flertalet
1468 2007 63 30 fall
1553 2007 122 39 avgiva
1695 2008 68 38 ytt-

255 2059 134 29 randen
408 2059 11 29 i
437 2059 202 34 vattenmål,
662 2068 74 20 som
754 2059 123 29 beröra
898 2059 116 29 fisket.
1033 2059 117 29 Därav
1172 2059 104 39 följer
1295 2060 106 29 också
1422 2062 49 27 att
1491 2059 115 39 någon
1627 2059 133 30 minsk-

255 2109 84 39 ning
361 2119 43 20 av
425 2110 130 29 antalet
577 2110 472 29 fiskeriintendentsdistrikt
1073 2110 79 29 icke
1178 2119 102 30 synes
1302 2110 84 29 böra
1408 2110 230 29 förekomma.
1662 2110 98 29 Dock

255 2161 98 29 torde
377 2161 190 38 gränserna
589 2160 56 30 för
668 2160 187 30 distrikten
876 2160 85 30 böra
984 2160 128 29 ändras
1136 2160 12 29 i
1171 2160 38 30 så
1231 2160 120 34 måtto,
1375 2162 49 28 att
1449 2161 192 30 kustfisket
1663 2161 96 29 inom

254 2210 228 29 Norrbottens
509 2210 64 29 och
604 2210 264 29 Västerbottens
898 2210 59 29 län
983 2210 177 29 överföres
1189 2210 80 29 från
1297 2210 215 30 österhavets
1539 2210 143 30 distrikt
1708 2210 53 29 till

255 2262 80 29 övre
366 2271 106 20 norra
499 2262 189 29 distriktet.
715 2261 120 39 Någon
863 2262 207 38 förändring
1097 2262 10 29 i
1135 2262 112 38 övrigt
1278 2271 42 20 av
1346 2262 413 29 fiskeriintendenternas

256 2312 166 39 ställning
444 2313 97 29 torde
563 2313 77 29 icke
663 2312 84 30 böra
770 2312 230 29 förekomma.

300 2362 75 30 Vad
398 2361 162 39 slutligen
584 2362 109 38 angår
715 2361 494 39 länsfiskeritjänstemännen
1232 2361 63 30 har
1316 2361 61 40 jag
1402 2362 55 29 för
1482 2362 115 30 avsikt
1622 2364 51 28 att
1697 2362 65 29 hos

256 2412 125 39 Kungl.
405 2412 104 39 Maj:t
528 2412 188 30 hemställa
734 2422 56 20 om
810 2412 278 39 bemyndigande
1107 2414 51 28 att
1176 2412 148 30 tillkalla
1347 2413 173 29 särskilda
1539 2412 223 39 sakkunniga

256 2463 55 29 för
337 2465 51 28 att
414 2463 122 31 utreda
562 2463 127 39 frågan
715 2472 56 21 om
798 2463 102 29 deras
926 2463 209 39 utbildning.
1165 2463 93 29 Intill
1287 2463 79 30 dess
1394 2464 115 29 denna
1537 2464 100 39 fråga
1662 2463 98 29 blivit

251 2514 145 38 avgjord
420 2514 97 29 torde
543 2514 86 29 böra
653 2514 101 29 anstå
777 2514 78 29 med
883 2514 172 38 reglering
1078 2523 42 20 av
1147 2514 102 29 deras
1274 2513 127 30 löner.»
