2336 2739
577 213 38 28 26
957 213 382 37 Bevillnings-Utskottets
1362 214 205 31 Betänkande
1589 216 57 29 N:o
1668 217 28 29 4.

551 298 141 49 födiga
718 300 576 50 bränvinsförsäljningsställens
1311 302 216 37 inrättande
1546 303 101 36 inom
1668 302 269 38 kommunerna
1957 306 20 33 å
1990 303 142 46 landet,

555 352 68 36 har
655 350 198 39 Utskottet
887 359 123 30 ansett
1036 352 228 38 förändrade
1291 353 234 38 föreskrifter
1552 355 11 35 i
1592 354 105 37 detta
1723 355 213 37 hänseende
1966 355 167 37 hvarken

546 404 153 48 nyttiga
739 404 92 36 eller
870 404 150 50 nödiga,
1062 404 173 38 hvarföre
1278 405 68 37 och
1387 405 48 37 då
1466 405 195 38 Utskottet
1694 406 40 37 af
1763 406 45 37 de
1836 406 92 45 skäl,
1956 419 79 24 som
2067 406 65 37 vid

555 452 18 49 $
604 457 18 33 7
651 455 121 37 finnas
801 455 168 46 anförda,
997 456 79 36 icke
1105 455 125 38 funnit
1258 458 57 48 sig
1341 457 128 37 kunna
1494 458 189 49 tillstyrka
1710 462 124 44 någon
1861 458 272 48 inskränkning

545 506 12 36 1
602 505 73 37 den
714 506 58 37 tid
805 506 40 38 af
874 509 19 35 3
928 511 51 42 år,
1012 507 58 37 för
1101 507 152 38 hvilken
1283 509 498 49 utskänkningsrättigheter
1807 509 110 48 högst
1945 510 187 49 upplåtas,

541 556 193 39 Utskottet
761 558 229 46 hemställer,

1297 613 83 35 20:0

941 685 56 32 att
1038 679 46 37 de
1126 679 39 37 af
1202 678 98 38 Herr
1330 693 75 24 von
1431 680 105 37 Koch
1564 681 12 36 i
1604 681 175 37 afseende
1808 684 21 34 å
1856 680 18 49 $
1904 684 45 34 14
1977 687 94 32 samt
2098 682 39 37 af

944 731 99 38 Herr
1083 731 216 49 Englander
1338 731 235 38 beträffande
1606 730 40 50 $$
1676 735 46 35 14
1750 734 69 36 och
1849 735 44 36 15
1921 733 213 49 föreslagna

940 783 207 47 ändringar
1173 782 79 36 icke
1280 786 60 32 må
1368 783 39 36 af
1431 783 216 49 Riksdagen
1673 783 161 38 bifallas.

1282 938 18 49 $
1329 941 57 35 21.

686 1023 56 37 Då
784 1024 120 37 denna
944 1025 22 47 $
1007 1026 178 48 möjligen
1225 1026 126 37 kunde
1381 1026 101 48 gifva
1510 1026 204 48 anledning
1740 1026 57 36 till
1824 1039 45 23 en
1896 1026 116 37 sådan
2039 1027 98 37 tolk-

550 1075 101 48 ning,
692 1081 55 31 att
778 1077 125 47 bolag,
936 1090 93 31 som,
1052 1078 150 47 jemlikt
1230 1075 17 49 $
1278 1079 45 35 10
1351 1090 112 24 mom.
1494 1080 19 34 2
1542 1079 12 34 i
1582 1078 84 37 stad
1694 1077 201 50 öfvertagit
1922 1079 49 35 all
1999 1079 139 36 minut-

553 1126 139 37 handel
733 1127 84 37 med
860 1129 92 36 eller
994 1129 48 35 all
1083 1129 256 49 utskänkning
1380 1129 39 36 af
1453 1130 159 36 bränvin
1645 1130 91 36 eller
1763 1129 224 48 beggedera,
2014 1129 122 37 skulle

552 1178 129 35 kunna
722 1182 46 45 på
809 1192 121 24 annan
971 1178 181 38 öfverlåta
1179 1180 84 36 hela
1291 1180 71 37 den
1390 1186 75 31 rätt
1491 1180 152 49 bolaget
1669 1179 71 38 fått
1767 1181 57 49 sig
1850 1180 163 46 lemnad,
2040 1187 97 31 samt

549 1229 220 48 härigenom
809 1231 194 47 möjlighet
1043 1230 199 37 förefinnas
1275 1237 54 31 att
1356 1233 11 35 i
1396 1233 75 35 viss
1499 1235 86 33 mån
1611 1232 202 36 inskränka
1839 1232 141 36 verkan
2008 1231 40 37 af
2072 1232 65 37 det

548 1279 86 37 utaf
659 1279 193 38 Utskottet
879 1281 210 48 föreslagna
1116 1282 236 48 stadgandet,
1381 1288 55 31 att
1463 1283 134 36 sådant
1623 1283 110 48 bolag
1759 1283 94 36 skall
1883 1281 93 38 afstå
2003 1283 49 36 all
2079 1283 57 36 sin

549 1332 208 35 nettovinst
789 1332 59 36 till
880 1332 215 49 fördelning
1123 1334 159 36 emellan
1309 1334 241 49 landstinget,
1578 1334 462 49 hushållningssällskapet
2068 1334 69 37 och

549 1382 144 44 staden,
733 1382 65 36 har
837 1383 195 37 Utskottet
1072 1389 122 32 ansett
1233 1384 139 37 förbud
1413 1391 79 30 mot
1525 1398 46 24 en
1597 1385 119 36 sådan
1744 1384 235 37 öfverlåtelse
2006 1385 90 37 böra
2124 1387 12 34 i

549 1432 273 49 författningen
855 1434 161 49 stadgas.
1068 1434 179 38 Deremot
1275 1449 109 36 synes
1412 1436 113 49 bolag
1551 1436 80 37 icke
1659 1436 90 36 böra
1776 1436 154 46 betagas
1957 1436 179 47 rättighe-

548 1489 64 31 ten
647 1490 66 40 att,
748 1488 46 45 på
821 1491 76 30 sätt
923 1486 132 37 hittills
1083 1487 112 45 skett,
1224 1491 47 45 på
1299 1501 121 23 annan
1448 1500 137 37 person
1613 1486 183 38 öfverlåta
1824 1500 47 24 en
1899 1487 89 37 eller
2015 1500 122 24 annan

550 1535 40 36 af
628 1535 46 37 de
715 1536 185 37 särskilda
940 1536 40 37 af
1006 1537 152 48 bolaget
1191 1538 219 49 öfvertagna
1437 1539 268 47 minuterings-
1733 1539 91 36 eller
1851 1538 286 49 utskänknings-

549 1587 284 48 rättigheterna,
863 1588 46 36 då
938 1589 63 36 det
1029 1590 198 48 onekligen
1255 1598 40 28 är
1322 1591 172 47 lämpligt
1524 1590 66 36 och
1617 1590 132 48 billigt,
1778 1595 55 31 att
1858 1590 160 47 bolagen
2042 1590 12 36 i
2075 1603 61 23 en-

551 1638 125 36 skilda
715 1637 65 37 fall
820 1638 38 37 få
898 1640 203 36 verkställa
1139 1653 43 23 en
1223 1640 116 37 sådan
1372 1641 248 44 öfverlåtelse,
1649 1640 230 49 exempelvis
1906 1643 49 46 på
1982 1654 44 23 en
2054 1641 82 36 vin-

551 1689 192 45 handlare,
786 1688 39 37 af
862 1690 70 37 den
966 1691 136 36 handel
1131 1691 85 36 med
1244 1692 116 36 finare
1389 1692 198 36 utländska
1614 1691 257 50 spritdrycker
1898 1695 121 33 såsom
2048 1704 88 35 cog-

549 1753 81 31 nac,
657 1741 140 36 likörer
825 1754 32 23 o.
888 1741 46 45 d.,
963 1742 150 37 hvilken
1139 1743 150 48 bolaget
1316 1742 89 49 sjelf
1433 1744 5 35 i
1466 1747 134 44 många
1627 1743 65 36 fall
1720 1743 81 36 icke
1830 1743 85 36 med
1942 1744 195 48 synnerlig

550 1790 196 50 framgång
785 1791 109 37 torde
921 1793 128 36 kunna
1075 1793 183 46 bedrifva,
1288 1795 92 36 eller
1406 1798 46 45 på
1479 1808 44 23 en
1550 1798 230 33 restauratör
1808 1794 90 36 eller
1924 1792 213 38 hotellvärd

551 1841 40 37 af
632 1856 45 23 en
715 1843 266 50 utskänkning,
1009 1858 80 23 som
1117 1844 134 37 endast
1279 1844 40 37 af
1342 1845 139 37 honom
1509 1846 11 35 i
1548 1845 268 48 sammanhang
1843 1844 86 37 med
1956 1844 91 36 hans
2075 1852 61 29 rö-

550 1895 96 36 relse
674 1895 12 35 i
714 1895 114 47 öfrigt
855 1896 205 48 lämpligen
1088 1896 72 36 kan
1189 1896 164 45 utöfvas;
1381 1910 85 23 men
1494 1897 57 36 till
1579 1895 302 38 förekommande
1900 1895 39 37 af
1950 1896 187 36 missbruk

550 1958 137 36 genom
729 1945 105 49 dylik
875 1946 234 37 öfverlåtelse
1131 1969 1 2 -
1149 1947 67 36 har
1242 1946 195 38 Utskottet
1463 1953 96 31 trott
1587 1947 217 37 densamma
1830 1947 92 36 böra
1952 1946 185 37 underka-

550 2002 77 31 stas
669 1996 74 37 den
784 1997 179 45 kontroll,
996 2003 54 31 att
1077 1998 134 48 Kongl.
1240 1998 122 48 Maj:ts
1390 1998 420 48 Befallningshafvande
1839 1997 96 38 efter
1961 1997 177 49 pröfning

551 2046 41 38 af
630 2047 46 37 de
718 2047 132 46 vilkor,
892 2048 216 38 hvarunder
1147 2048 264 38 öfverlåtelsen
1444 2049 248 49 ifrågasättes,
1719 2049 120 36 skulle
1868 2061 69 36 ega
1964 2053 54 32 att
2045 2048 92 37 den-

550 2112 143 23 samma
732 2098 86 36 med
859 2098 172 38 afseende
1072 2104 13 32 å
1106 2098 276 51 landstingets
1422 2102 69 36 och
1523 2100 479 48 hushållningssällskapets
2030 2098 109 38 deraf

550 2149 189 37 beroende
767 2155 85 41 rätt,
880 2149 128 38 bifalla
1036 2152 92 36 eller
1155 2151 103 37 afslå.

689 2200 17 36 I
746 2202 166 49 enlighet
952 2201 86 38 med
1081 2202 108 37 dessa
1229 2203 137 49 åsigter
1406 2202 67 37 har
1500 2201 195 38 Utskottet
1722 2201 59 36 till
1809 2198 18 49 $
1856 2202 42 35 21
1929 2201 126 47 tillagt
2083 2205 54 32 ett

553 2251 98 49 3:dje
685 2264 112 24 mom.
826 2252 40 39 af
890 2253 74 37 den
991 2253 144 53 lydelse
1163 2253 425 50 författningsförslaget
1615 2252 222 46 innehåller,
1865 2251 272 39 hemställande

551 2302 208 45 Utskottet,
