1882 2814
550 169 263 30 Statsutskottets
836 171 167 29 utlåtande
1026 181 38 19 nr
1086 173 70 29 121.
1573 172 39 31 21

772 384 66 40 Nr
869 384 81 41 121.

531 494 128 28 Ankom
682 495 48 28 till
754 496 188 37 riksdagens
966 497 105 28 kansli
1095 497 62 28 den
1183 498 37 28 10
1244 499 64 36 maj
1336 498 79 28 1946
1440 498 40 28 kl.
1508 498 38 28 12
1570 507 40 19 m.

416 586 199 37 Utlåtande
642 587 14 36 i
683 588 195 50 anledning
906 602 45 23 av
979 590 136 49 Kungl.
1145 590 129 49 Maj:ts
1296 591 224 48 proposition
1549 604 64 23 an-

505 647 138 48 gående
671 649 128 49 anslag
821 650 66 48 för
915 651 206 47 budgetåret
1148 650 172 40 1946/47
1349 651 55 36 till
1430 651 181 49 markför-

507 712 88 32 värv
615 709 68 48 för
703 709 328 49 flygfältsarbeten.

1388 769 62 42 (1:a
1473 769 87 42 avd.)

156 857 19 31 I
191 858 261 41 propositionen
469 870 40 20 nr
525 860 61 31 229
603 860 61 31 har
679 859 126 43 Kungl.
822 860 110 42 Maj:t,
950 862 109 31 under
1075 861 217 42 åberopande
1308 873 40 21 av
1364 862 108 42 bilagt
1488 863 123 42 utdrag

103 918 40 21 av
167 909 378 42 statsrådsprotokollet
568 912 81 30 över
672 911 300 32 försvarsärenden
996 913 54 31 för
1074 913 65 31 den
1163 914 19 30 5
1205 913 88 42 april
1318 914 89 38 1946,
1432 914 179 42 föreslagit

102 958 181 42 riksdagen
304 962 51 29 att
374 960 108 31 under
502 961 201 32 Försvarets
723 962 278 41 fastighetsfond,
1023 963 232 42 Flygvapnets
1270 964 150 38 delfond,
1433 964 54 31 till
1500 964 109 32 Mark-

103 1009 135 32 förvärv
265 1010 54 31 för
346 1011 299 41 flygfältsarbeten
673 1013 54 31 för
753 1013 202 42 budgetåret
984 1014 136 32 1946/47
1149 1015 118 32 anvisa
1295 1017 50 30 ett
1371 1016 240 42 investerings-

103 1060 119 42 anslag
241 1071 41 21 av
304 1061 19 31 2
336 1062 61 30 000
411 1062 60 31 000
492 1062 135 31 kronor.

156 1154 51 30 Av
232 1154 42 31 de
298 1165 40 20 av
364 1155 81 31 1944
469 1156 54 30 års
547 1155 139 42 riksdag
709 1156 87 32 efter
819 1157 130 42 förslag
972 1168 41 21 av
1035 1158 128 42 Kungl.
1189 1158 101 42 Maj:t
1313 1159 12 31 i
1349 1160 260 41 propositionen

103 1215 41 20 nr
166 1205 59 31 281
250 1207 19 29 å
292 1205 126 31 allmän
440 1205 281 43 beredskapsstat
744 1207 37 31 II
806 1208 62 31 och
891 1208 58 31 III
974 1209 54 31 för
1050 1208 204 43 budgetåret
1280 1209 135 32 1944/45
1439 1211 171 41 uppförda

103 1256 162 42 anslagen
294 1258 20 29 å
342 1257 146 41 tillhopa
517 1257 61 32 225
591 1258 62 31 000
665 1258 60 31 000
753 1258 126 32 kronor
906 1259 54 31 till
989 1258 169 43 Åtgärder
1186 1260 55 31 för
1268 1260 341 33 arbetsmarknadens

103 1307 171 42 reglering
290 1319 42 20 m.
352 1319 41 20 m.
411 1319 60 20 var
486 1310 48 30 ett
552 1308 127 43 belopp
696 1320 40 20 av
753 1309 40 31 24
806 1310 61 31 000
880 1310 62 31 000
959 1309 126 33 kronor
1101 1313 111 30 avsett
1230 1311 54 31 för
1300 1311 307 42 flygfältsarbeten.

103 1357 69 32 För
196 1360 50 29 att
270 1359 58 31 vid
354 1370 42 20 en
422 1359 209 32 inträffande
657 1359 368 33 arbetsmarknadskris
1051 1361 127 31 snabbt
1202 1361 114 32 kunna
1341 1362 151 41 utnyttja
1516 1362 94 32 detta

106 1409 119 41 anslag
239 1410 53 31 för
307 1410 61 31 sitt
383 1410 155 31 ändamål
554 1410 107 32 borde
677 1410 40 32 de
733 1411 77 31 med
825 1411 321 41 flygfältsarbetena
1160 1412 331 42 sammanhängande
1506 1413 104 31 mark-

106 1459 158 42 frågorna
287 1460 241 32 dessförinnan
551 1461 101 31 lösas.
688 1461 81 33 Med
792 1462 186 41 anledning
1001 1462 102 31 därav
1126 1462 170 42 uppförde
1319 1463 183 41 riksdagen
1524 1464 87 31 efter

107 1510 129 43 förslag
253 1521 41 21 av
312 1511 127 42 Kungl.
459 1511 101 41 Maj:t
579 1512 11 30 i
608 1512 231 41 nyssnämnda
855 1513 217 41 proposition
1091 1515 50 30 ett
1158 1512 120 42 anslag
1295 1524 41 20 av
1355 1514 15 30 1
1386 1514 61 30 700
1460 1514 61 31 000
1538 1513 72 32 kro-

106 1572 63 21 nor
194 1564 19 29 å
237 1562 126 31 allmän
387 1562 282 42 beredskapsstat
691 1563 38 31 II
755 1563 54 31 för
832 1562 204 42 budgetåret
1061 1563 137 32 1944/45
1224 1564 53 31 till
1302 1564 230 31 markförvärv
1557 1565 54 30 för

106 1613 146 42 flygfält.

158 1664 132 32 Genom
309 1664 116 32 beslut
442 1664 66 32 den
528 1664 39 32 15
586 1665 64 41 juli
670 1665 80 31 1944
769 1665 194 32 fastställde
980 1665 127 42 Kungl.
1128 1665 102 41 Maj:t
1247 1665 123 31 allmän
1389 1665 221 42 beredskaps-

104 1716 68 30 stat
197 1715 38 31 II
260 1717 50 29 att
335 1715 103 32 lända
463 1715 54 32 till
543 1715 195 32 omedelbar
764 1716 227 31 efterrättelse
1018 1718 114 29 såsom
1158 1716 124 31 allmän
1310 1716 236 32 förskottsstat
1571 1716 39 31 TI

104 1769 87 29 samt
211 1766 193 32 förklarade
423 1766 61 42 Sig
502 1767 83 41 vilja
603 1769 44 39 på
664 1766 251 42 framställning
933 1778 41 20 av
992 1766 256 32 vederbörande
1267 1767 239 41 myndigheter
1524 1767 87 31 efter

104 1817 169 41 prövning
290 1817 12 31 i
320 1817 93 41 varje
433 1817 138 33 särskilt
590 1818 60 32 fall
670 1818 100 31 ställa
788 1818 41 31 de
848 1820 20 29 å
886 1818 111 31 denna
1016 1820 68 29 stat
1104 1818 171 41 uppförda
1292 1817 162 42 anslagen
1473 1818 54 31 till
1547 1818 63 31 för-

104 1867 146 41 fogande
275 1868 73 31 dels
373 1868 54 31 för
449 1870 153 29 närmare
625 1868 244 41 planläggning
890 1879 40 20 av
953 1868 42 31 de
1018 1868 77 31 med
1119 1868 162 41 anslagen
1306 1868 148 31 avsedda
1478 1868 132 41 anlägg-

104 1918 264 41 ningsarbetena
387 1918 83 38 dels,
490 1929 54 20 om
564 1918 63 31 och
647 1918 10 31 i
678 1918 64 31 den
762 1920 76 29 mån
858 1918 240 41 försörjnings-
1118 1918 84 31 eller
1220 1917 390 43 arbetsmarknadsläget

104 1968 58 32 det
185 1968 187 42 påkallade,
396 1969 54 31 för
471 1969 182 31 utförande
677 1979 39 20 av
738 1968 257 42 ifrågavarande
1019 1968 149 31 arbeten.

158 2019 256 32 Förutnämnda
433 2019 118 41 anslag
571 2021 20 29 å
610 2020 15 30 1
642 2019 59 31 700
714 2019 61 31 000
793 2019 126 31 kronor
936 2018 62 32 har
1016 2018 122 33 endast
1158 2018 139 32 anlitats
1317 2018 58 31 vid
1395 2021 49 30 ett
1462 2018 147 38 tillfälle,

105 2070 43 31 då
168 2070 126 41 Kungl.
316 2070 103 41 Maj:t
437 2069 249 42 bemyndigade
708 2069 326 42 flygförvaltningen
1055 2071 50 30 att
1126 2070 53 30 för
1199 2069 135 31 förvärv
1354 2080 40 20 av
1416 2080 41 20 en
1478 2069 131 31 mindre

106 2120 162 42 fastighet
291 2120 183 42 disponera
496 2120 155 41 anslaget
673 2120 89 31 intill
786 2122 49 29 ett
856 2120 127 41 belopp
1026 2130 40 20 av
1090 2119 92 32 1845
1204 2119 134 31 kronor.

158 2171 131 32 Genom
315 2171 116 31 beslut
455 2171 65 31 den
548 2171 39 30 12
613 2171 132 40 januari
773 2170 80 31 1945
879 2170 157 41 uppdrog
1062 2169 126 42 Kungl.
1216 2169 102 41 Maj:t
1342 2171 34 29 åt
1401 2169 209 41 flygförvalt-

105 2221 125 42 ningen
257 2224 49 29 att
334 2221 76 31 med
436 2221 134 31 biträde
598 2232 40 20 av
665 2220 167 32 särskilda
858 2223 156 38 experter
1040 2222 43 39 på
1110 2219 219 42 jordbrukets
1356 2220 138 30 område
1519 2219 91 31 verk-

105 2272 100 31 ställa
227 2274 153 29 närmare
403 2271 184 40 utredning
609 2271 142 31 rörande
775 2270 262 41 möjligheterna
1059 2272 50 28 att
1131 2269 93 31 inom
1246 2280 42 20 en
1311 2269 237 31 kostnadsram
1570 2280 40 20 av

104 2323 19 30 2
137 2322 60 31 250
210 2322 61 31 000
295 2322 125 30 kronor
445 2321 198 41 genomföra
667 2320 238 37 markförvärv,
932 2329 73 21 som
1030 2319 216 31 erfordrades
1272 2319 54 30 för
1348 2319 92 30 vissa
1463 2329 40 20 av
1528 2318 83 41 flyg-

105 2372 252 41 förvaltningen
380 2371 53 31 till
456 2370 457 41 investeringsutredningen
936 2369 157 31 anmälda
1115 2368 307 42 flygfältsarbeten.

158 2424 18 30 I
203 2423 164 40 förslaget
392 2422 53 31 till
471 2421 343 41 investeringsreserv
841 2421 53 30 för
919 2419 203 42 budgetåret
1150 2419 136 31 1945/46
1312 2420 130 40 upptog
1468 2418 143 31 investe-

105 2473 323 42 ringsutredningen
456 2474 10 30 i
493 2473 66 31 den
587 2472 168 31 allmänna
782 2470 388 41 investeringsreserven
1197 2469 244 41 beläggningar
1467 2480 40 19 av
1534 2468 76 31 rull-
