2178 2624
677 116 259 32 Statsutskottets
963 114 174 32 utlåtande
1165 113 53 32 Nr
1247 114 51 31 75.
1769 109 20 32 9

298 199 127 37 Under
466 197 238 51 åberopande
745 210 47 22 av
832 196 74 36 vad
947 195 186 37 utskottet
1176 194 158 36 sålunda
1372 193 126 36 anfört
1526 192 56 36 får
1609 190 183 38 utskottet

194 252 210 46 hemställa,

697 304 56 32 att
793 298 208 49 riksdagen
1043 300 71 44 må,
1156 297 11 36 i
1210 295 208 48 anledning
1459 308 47 23 av
1542 293 249 38 förevarande

594 350 235 51 proposition
873 350 71 36 och
986 350 74 36 den
1093 362 45 23 av
1172 348 132 36 herrar
1334 347 37 37 S.
1401 347 43 36 E.
1475 346 36 37 J.
1540 346 155 37 Libeck
1722 345 71 36 och

595 404 37 36 S.
655 405 44 34 ÅA.
719 404 46 34 A.
790 402 188 36 Lindman
1006 401 12 35 i
1046 405 128 31 ämnet
1202 400 137 36 väckta
1366 397 207 48 motionen,
1593 397 84 37 med
1698 397 95 48 god-

595 453 201 37 kännande
823 466 48 23 av
898 453 68 35 här
993 465 99 23 ovan
1121 450 202 37 förordade
1347 449 299 49 huvudgrunder
1665 448 59 37 för
1742 462 51 35 ny

596 504 263 50 organisation
887 517 48 23 av
962 502 420 48 vattenfallsstyrelsen,

698 555 32 49 a)
758 555 59 36 för
844 554 244 49 tillämpning
1115 554 84 36 från
1227 553 71 36 och
1327 551 89 38 med
1446 551 73 37 den
1550 553 18 34 1
1594 550 72 49 juli
1697 551 96 35 1920

595 613 140 43 antaga
762 606 169 49 följande
964 605 166 37 ändrade
1162 604 147 49 lydelse
1342 616 46 23 av
1421 604 48 35 42
1502 602 21 49 $
1550 602 12 36 i
1594 602 200 48 avlönings-

595 659 215 49 reglementet
852 659 67 35 den
963 658 48 36 19
1045 658 87 48 juni
1162 656 96 36 1919
1278 656 65 49 för
1371 656 213 48 tjänstemän
1611 654 62 36 vid
1698 660 97 41 post-

596 711 121 44 verket,
749 709 279 50 telegrafverket,
1057 716 130 29 statens
1207 708 208 48 järnvägar
1433 707 60 36 och
1514 712 130 30 statens
1662 712 132 29 vatten-

590 762 196 50 fallsverk:

1142 812 48 35 42
1220 809 32 50 8.

701 886 450 50 Järnvägsfullmäktige,
1215 883 419 51 telegraffullmäktige,
1694 883 101 36 leda-

599 945 121 32 möter
748 953 46 23 av
822 937 412 49 vattenfallsstyrelsen
1264 938 71 35 och
1363 936 292 46 överrevisorer,
1673 934 123 37 vilkas

600 991 102 37 antal
738 990 212 38 fastställes
992 1003 48 23 av
1068 988 143 50 Kungl.
1238 988 109 50 Maj:t
1375 988 71 37 och
1473 987 220 49 riksdagen,
1721 986 75 36 för-

600 1043 137 37 ordnas
765 1045 49 47 på
841 1043 78 36 viss
949 1041 57 37 tid
1035 1041 70 37 och
1134 1041 145 48 åtnjuta
1308 1041 132 36 arvode
1468 1039 57 37 till
1545 1038 169 50 följande
1733 1037 63 37 be-

598 1095 90 50 lopp
717 1095 61 36 för
805 1097 40 34 år
873 1094 151 37 räknat:

595 1146 406 49 järnvägsfullmäktig
1038 1177 70 5 ........
1278 1178 2 2 ;
1438 1176 36 4 ..
1519 1144 112 46 6,000
1659 1142 140 36 kronor

600 1198 379 49 telegraffullmäktig
1013 1228 221 5 «ooo.
1391 1228 83 4 0
1517 1195 114 47 4,000
1710 1206 18 23 >

599 1250 166 37 ledamot
792 1264 46 23 av
866 1248 574 49 vattenfallsstyrelsen..........
1472 1280 2 2 .
1517 1247 114 47 4,000
1711 1258 18 22 =»

600 1302 239 37 överrevisor
866 1301 64 37 vid
958 1306 145 32 statens
1127 1301 209 48 järnvägar
1392 1330 82 4 ........
1519 1298 112 47 3,500
1711 1309 18 23 »

600 1354 240 37 överrevisor
867 1353 65 36 vid
960 1357 147 32 statens
1135 1350 339 38 vattenfallsverk
1469 1346 34 58 ..
1519 1350 113 47 2,500
1711 1360 18 24 >

704 1429 37 50 b)
772 1429 159 49 besluta,
960 1433 57 33 att
1043 1428 119 37 under
1189 1427 258 48 avdelningen
1474 1426 44 37 A.
1552 1439 47 24 av
1631 1426 72 36 den
1736 1425 62 37 vid

602 1495 142 24 samma
770 1481 235 49 reglemente
1029 1483 124 35 såsom
1181 1479 128 49 bilaga
1327 1478 142 49 fogade
1487 1477 312 51 tjänsteförteck-

601 1534 95 48 ning
724 1534 104 36 skola
856 1532 236 38 beträffande
1121 1537 146 32 statens
1287 1530 318 38 vattenfallsverk
1625 1528 83 38 från
1728 1529 71 37 och

601 1586 85 37 med
706 1586 74 36 den
786 1577 25 62 1
837 1585 73 50 juli
931 1586 99 36 1920
1049 1589 191 45 upptagas
1256 1583 169 49 följande
1438 1596 75 36 nya
1528 1581 270 49 befattningar,

601 1637 191 49 nämligen
821 1637 13 37 i
861 1637 124 49 tredje
1012 1636 252 49 lönegraden:
1306 1635 121 37 förste
1456 1633 343 51 expeditionsvakt,

600 1690 13 36 i
639 1689 195 37 trettonde
853 1688 251 49 lönegraden:
1130 1687 158 48 notarie,
1308 1687 226 49 registrator
1553 1685 70 37 och
1642 1685 157 48 revisor,

600 1741 12 36 i
642 1741 195 37 femtonde
864 1740 251 49 lönegraden:
1144 1740 150 36 kamrer
1322 1739 69 37 och
1419 1738 246 47 sekreterare,
1684 1737 13 36 i
1716 1751 83 23 sex-

602 1793 115 37 tonde
736 1792 250 49 lönegraden:
1003 1791 284 49 byråingenjör,
1302 1790 13 37 i
1335 1790 195 49 sjuttonde
1548 1789 249 49 lönegraden:

602 1845 121 37 förste
751 1844 273 49 byråingenjör
1051 1844 72 36 och
1149 1844 120 36 förste
1293 1842 250 48 sekreterare,
1561 1842 13 35 i
1592 1840 207 37 adertonde

601 1896 250 49 lönegraden:
881 1895 263 50 byrådirektör
1171 1900 98 31 samt
1295 1894 12 37 i
1334 1894 188 49 tjugonde
1549 1892 249 50 lönegraden:

603 1948 186 50 byråchef
814 1948 72 36 och
914 1948 119 37 förste
1061 1946 282 50 byrådirektör;

707 1999 32 50 c)
784 1999 236 38 beträffande
1066 1999 141 37 sådana
1247 1998 262 48 befattningar
1548 1996 65 37 vid
1654 2001 146 32 statens

603 2052 328 47 vattenfallsverk,
978 2051 122 37 vilkas
1146 2050 102 37 antal
1287 2049 123 50 enligt
1449 2048 247 38 förenämnda
1736 2061 63 24 av-

603 2103 389 49 löningsreglemente
1035 2103 96 36 skall
1172 2101 210 38 fastställas
1424 2115 47 23 av
1511 2100 142 49 Kungl.
1694 2100 107 49 Maj:t

604 2156 70 36 och
702 2155 218 49 riksdagen,
942 2155 83 36 från
1045 2155 71 37 och
1136 2154 85 37 med
1242 2154 71 37 den
1338 2155 17 35 1
1372 2153 73 50 juli
1472 2154 97 36 1920
1594 2153 208 36 bestämma

248 2216 112 37 Bihang
384 2217 44 27 till
449 2215 167 38 riksdagens
633 2217 146 37 protokoll
802 2218 91 28 1920.
939 2218 19 28 6
979 2216 80 28 saml.
1104 2217 39 28 41
1167 2215 73 37 häft.
1286 2213 62 40 (Nr
1371 2212 66 41 75.)
1601 2222 54 19 13865
1671 2222 26 18 20
1742 2215 17 27 2
