1868 2782
449 158 287 31 Statsutskottets
757 156 178 31 utlåtande
957 165 41 20 nr
1020 156 39 29 14
1079 155 39 30 år
1141 154 80 30 1961
1567 152 19 30 3

81 245 70 39 dag
175 245 80 39 äger
279 243 192 30 emellertid
496 242 124 39 Kungl.
646 241 106 39 Maj:t
777 243 60 31 att,
861 240 62 29 där
949 239 38 30 så
1010 239 69 29 kan
1103 238 75 30 visa
1203 238 51 38 sig
1279 237 189 39 angeläget,
1493 235 93 29 med-

84 296 78 39 giva
185 297 118 37 avsteg
327 294 79 29 från
430 294 41 29 de
496 293 148 29 sålunda
667 291 203 30 redovisade
894 289 235 39 riktlinjerna.
1155 287 125 39 Kungl.
1306 286 105 39 Maj:t
1435 286 79 39 äger
1538 285 47 29 vi-

85 347 83 29 dare
193 348 50 27 att
268 346 86 28 även
377 344 96 29 inom
498 343 109 29 andra
631 342 169 30 områden
825 350 41 20 av
891 338 358 32 statsverksamheten
1274 338 44 28 än
1343 337 57 29 det
1424 335 164 30 tekniska

86 397 11 29 i
128 396 113 30 starkt
271 394 194 40 begränsad
495 393 215 38 omfattning
739 392 121 38 medge
891 388 414 38 kontraktsanställning,
1336 386 176 39 nämligen
1543 384 44 30 då

83 448 61 29 det
169 446 106 40 gäller
302 448 50 27 att
378 445 79 29 från
483 442 336 31 arbetsmarknaden
845 441 11 29 i
882 440 111 39 övrigt
1019 439 51 30 till
1098 438 118 39 statlig
1242 437 111 40 tjänst
1377 437 111 38 knyta
1512 444 75 31 per-

87 507 101 21 soner
204 497 11 29 i
233 497 130 30 sådana
381 495 72 34 fall,
470 494 44 30 då
530 493 288 40 löneplanslönen
835 491 29 39 ej
886 492 37 28 är
939 487 367 39 konkurrenskraftig,
1323 487 81 29 eller
1421 488 51 27 att
1487 486 100 29 kvar-

84 548 96 30 hålla
198 557 43 20 en
259 547 215 39 tjänsteman
491 545 58 29 vid
568 544 116 38 statlig
703 542 224 38 anställning.

135 594 601 40 Kontraktsanställningsvillkoren
767 592 55 30 för
851 589 241 41 nyssnämnda
1122 587 163 41 personal
1315 586 80 30 med
1424 585 164 30 tekniska

90 647 180 40 uppgifter
289 646 190 30 fastställes
499 655 42 20 av
559 643 261 31 vederbörande
839 641 214 39 myndighet.
1075 640 13 29 I
1108 639 112 39 övrigt
1240 638 125 40 prövas
1386 636 124 40 frågan
1530 644 57 21 om

88 697 361 31 kontraktsvillkoren
469 696 95 30 inom
585 695 126 39 Kungl.
732 694 124 39 Maj:ts
875 691 127 31 kansli.

135 748 126 40 Kungl.
283 748 124 39 Maj:ts
427 747 115 30 beslut
561 746 11 30 i
593 745 129 31 ärende
742 743 150 31 rörande
911 739 413 39 kontraktsanställning,
1346 738 108 30 vilket
1474 737 114 30 beslut

90 799 92 31 skall
211 809 80 20 avse
318 798 71 31 viss
419 798 148 39 angiven
594 805 138 31 person,
762 794 179 31 meddelas
968 792 45 41 på
1040 791 260 31 vederbörande
1329 790 258 38 departements

87 851 250 39 föredragning
355 850 88 29 efter
462 849 155 30 hörande
636 857 42 20 av
696 848 67 29 den
783 846 53 30 för
856 844 199 31 ändamålet
1073 844 96 28 inom
1189 841 125 39 Kungl.
1333 840 124 40 Maj:ts
1475 839 116 30 kansli

89 901 178 30 inrättade
288 898 439 39 kontraktsdelegationen.

137 951 78 30 Med
239 948 402 40 kontraktsanställning
667 947 106 39 följer
797 946 30 40 ej
856 944 237 41 pensionsrätt
1119 943 107 39 enligt
1252 941 132 39 statligt
1409 940 180 40 pensions-

92 1002 220 39 reglemente.

138 1052 244 30 Kostnaderna
410 1051 55 30 för
492 1048 342 32 kontraktsanställd
861 1046 163 41 personal
1051 1044 171 30 bestrides
1250 1043 58 29 vid
1337 1042 41 30 de
1407 1040 183 31 affärsdri-

91 1103 114 30 vande
226 1102 131 31 verken
381 1111 43 21 av
447 1100 199 31 driftmedel
671 1100 66 29 och
761 1098 96 30 inom
883 1095 349 38 statsförvaltningen
1256 1094 12 29 i
1292 1093 112 39 övrigt
1428 1092 81 29 från
1533 1091 57 30 det

93 1153 132 40 anslag,
249 1153 81 30 från
350 1152 109 30 vilket
481 1151 104 30 lönen
608 1150 114 30 skulle
743 1149 47 30 ha
812 1147 123 41 utgått,
959 1147 116 30 därest
1097 1143 375 40 befattningshavarna
1493 1142 98 29 inne-

93 1204 78 30 haft
192 1202 248 31 motsvarande
462 1202 226 29 vakantsatta
710 1199 160 40 tjänster.
896 1197 178 32 Särskilda
1098 1195 112 31 medel
1235 1195 57 30 för
1314 1192 276 41 möjliggörande

92 1264 44 20 av
155 1252 403 40 kontraktsanställning
577 1252 66 29 har
663 1251 30 40 ej
719 1250 114 30 ställts
852 1249 53 30 till
926 1247 217 40 förfogande.

138 1304 126 39 Kungl.
289 1304 105 40 Maj:t
417 1304 66 29 har
505 1302 88 30 efter
616 1303 68 29 den
710 1303 15 28 1
750 1301 67 39 juli
843 1299 94 35 1957,
962 1298 45 30 då
1029 1295 431 40 kontraktsdelegationen
1483 1292 108 31 inrät-

93 1355 109 35 tades,
231 1354 166 39 medgivit
424 1351 404 39 kontraktsanställning
855 1350 11 29 i
895 1348 234 39 sammanlagt
1157 1347 38 30 41
1227 1346 72 35 fall,
1327 1354 106 21 varav
1463 1344 39 30 18
1529 1343 60 30 fall

95 1406 112 29 under
226 1406 125 29 hösten
373 1405 94 29 1960.

139 1454 394 41 Departementschefen
562 1452 206 31 framhåller
797 1452 10 29 i
837 1449 383 40 statsrådsprotokollet
1250 1450 50 27 att
1328 1446 267 31 konkurrensen

94 1515 58 21 om
181 1506 67 29 den
277 1503 249 32 kvalificerade
555 1501 372 40 teknikerpersonalen
956 1508 143 22 snarare
1128 1498 83 30 ökat
1241 1498 45 29 än
1315 1496 165 30 minskat.
1511 1495 82 30 Till-

93 1556 165 29 komsten
282 1564 42 21 av
347 1555 68 30 den
438 1554 178 30 allmänna
640 1550 432 41 tilläggspensioneringen
1097 1549 66 30 och
1187 1547 216 41 regleringen
1427 1556 42 20 av
1491 1546 102 29 indu-

96 1605 373 40 stritjänstemännens
487 1602 414 42 pensionsförhållanden
922 1601 65 30 har
1003 1600 121 30 vidare
1145 1599 93 40 gjort
1258 1607 43 21 en
1321 1597 172 39 övergång
1513 1596 80 30 från

96 1656 202 39 statstjänst
317 1656 52 30 till
389 1654 213 40 anställning
620 1654 98 30 inom
737 1653 110 30 andra
867 1652 155 30 sektorer
1041 1660 42 20 av
1103 1648 336 32 arbetsmarknaden
1458 1648 134 29 lättare.

96 1707 72 30 Mot
188 1707 230 39 bakgrunden
438 1706 109 29 härav
566 1706 66 29 har
650 1704 95 30 vissa
764 1703 202 39 ytterligare
986 1701 162 39 åtgärder
1167 1701 133 29 ansetts
1320 1699 85 30 böra
1424 1698 168 39 vidtagas,

97 1767 76 20 som
200 1758 39 29 är
266 1757 133 39 ägnade
426 1758 51 28 att
502 1756 68 29 öka
596 1754 270 40 möjligheterna
892 1754 52 29 att
971 1751 161 31 använda
1158 1748 437 39 kontraktsanställnings-

97 1808 148 30 formen.

141 1858 78 29 Med
242 1857 195 30 beaktande
461 1866 42 20 av
524 1857 41 29 de
589 1864 122 21 senare
736 1855 101 29 årens
859 1852 200 40 utveckling
1083 1852 95 30 såväl
1202 1851 45 40 på
1270 1851 57 29 det
1351 1850 139 38 statliga
1513 1858 82 30 pen-

98 1908 256 30 sionsområdet
382 1917 74 20 som
483 1907 45 39 på
554 1904 327 42 pensionsområdet
907 1904 12 29 i
947 1905 87 28 stort
1061 1911 104 21 anses
1193 1901 119 30 starka
1340 1900 75 30 skäl
1442 1900 71 29 tala
1539 1899 56 30 för

98 1961 50 28 att
170 1960 70 28 rätt
261 1958 53 29 till
337 1958 117 39 statlig
476 1956 147 41 pension
647 1956 89 30 skall
759 1955 88 30 efter
868 1953 172 41 prövning
1062 1953 11 29 i
1096 1952 42 30 de
1161 1951 161 30 enskilda
1344 1951 107 29 fallen
1473 1950 123 29 kunna

99 2009 179 39 medgivas
308 2009 67 29 den
405 2006 365 32 kontraktsanställda
800 2004 207 41 personalen
1039 2004 64 29 och
1136 2004 50 28 att
1218 2001 149 31 sålunda
1396 2001 11 29 i
1439 2000 157 30 fortsätt-

99 2059 127 39 ningen
247 2058 226 31 förmånerna
490 2058 58 29 vid
566 2055 449 39 kontraktsanställningen
1035 2054 30 39 ej
1089 2053 88 31 skall
1197 2053 132 29 behöva
1349 2052 148 38 avvägas
1516 2050 79 30 med

99 2109 265 39 utgångspunkt
388 2109 10 29 i
423 2110 50 28 att
497 2107 238 40 pensionsrätt
758 2106 30 40 ej
815 2106 160 29 kommer
999 2106 50 28 att
1072 2113 84 20 vara
1180 2102 146 31 förenad
1350 2102 79 29 med
1455 2100 141 31 anställ-

100 2160 139 38 ningen.
267 2160 124 29 Därest
418 2158 187 39 riksdagen
632 2158 30 39 ej
693 2157 65 29 har
785 2156 105 39 något
917 2157 50 28 att
993 2154 116 30 erinra
1136 2156 73 27 mot
1237 2153 95 29 detta
1358 2152 131 38 förslag
1517 2152 79 38 äger

100 2210 125 38 Kungl.
245 2209 105 39 Maj:t
367 2208 142 40 jämlikt
529 2209 15 29 1
568 2208 14 37 8
604 2209 17 29 2
641 2216 106 21 mom.
768 2207 79 30 SPR
866 2206 69 29 rätt
954 2207 50 27 att
1022 2205 11 29 i
1052 2205 62 29 fall
1133 2213 43 20 av
1194 2201 402 38 kontraktsanställning

101 2259 168 30 förordna
294 2268 56 20 om
377 2258 223 39 tillämpning
626 2267 43 19 av
696 2257 80 29 SPR
803 2257 65 28 och
895 2264 57 20 om
979 2254 118 39 tillägg
1122 2254 53 29 till
1202 2253 83 29 eller
1311 2253 180 37 undantag
1517 2251 79 29 från

100 2308 520 39 reglementsbestämmelserna
640 2307 9 29 i
672 2307 103 29 dessa
794 2306 72 29 fall.

141 2360 73 29 Vad
236 2359 107 39 angår
362 2359 237 29 kostnaderna
620 2358 54 28 för
694 2357 66 29 den
780 2355 362 30 kontraktsanställda
1163 2353 206 39 personalen
1389 2353 140 32 uttalas,
1551 2353 48 27 att

98 2410 183 39 möjlighet
301 2418 46 20 nu
369 2409 60 29 bör
450 2409 133 38 öppnas
605 2407 53 29 för
679 2416 42 21 en
742 2406 165 39 vidgning
928 2415 41 19 av
989 2405 65 28 den
1076 2403 229 30 ckonomiska
1326 2411 119 20 ramen
1467 2401 54 30 för
1542 2410 59 20 an-

134 2477 30 31 It
207 2477 111 29 Bihang
335 2476 46 23 till
397 2475 168 30 riksdagens
581 2474 148 31 protokoll
747 2473 75 24 1961.
838 2473 15 23 6
870 2472 84 24 saml.
970 2472 39 23 Nr
1023 2470 98 24 14—13
