1876 2784
448 188 124 40 Tredje
595 188 245 40 lagutskottets
863 188 179 31 utlåtande
1063 198 44 20 nr
1129 190 16 29 7
1168 189 39 30 år
1230 190 84 29 1958
1617 191 19 29 5

784 328 195 34 Yttranden

174 416 306 39 Länsstyrelserna
503 416 10 29 i
530 416 232 41 Kronobergs,
781 417 307 37 Södermanlands,
1111 417 209 39 Gävleborgs
1339 418 65 30 och
1425 417 208 31 Värmlands

130 465 57 30 län
207 468 89 28 samt
313 466 358 40 lantbruksstyrelsen
690 475 58 32 ger
764 468 141 39 uttryck
921 468 55 30 för
994 468 283 40 uppfattningen,
1297 469 50 29 att
1365 469 67 29 den
1449 468 78 30 rika
1544 468 90 31 före-

129 517 163 29 komsten
310 526 43 21 av
370 518 168 38 skogsbär
554 518 12 29 i
583 518 77 30 vårt
679 518 81 30 land
778 519 38 29 är
834 528 42 20 en
894 518 173 30 värdefull
1088 519 155 39 tillgång,
1264 528 75 21 som
1357 519 62 30 bör
1438 518 195 31 tillvaratas

130 567 65 29 och
214 568 153 39 skyddas
386 568 45 40 på
448 568 98 30 bästa
566 569 78 33 sätt,
661 578 81 20 men
760 570 50 29 att
827 569 352 39 lagstiftningsvägen
1196 570 77 29 icke
1290 570 38 29 är
1345 569 145 40 lämplig
1507 569 55 31 för
1582 571 51 28 att

130 618 143 29 komma
296 618 52 29 till
371 619 92 29 rätta
486 620 78 29 med
586 620 42 29 de
651 628 43 21 av
715 619 261 31 motionärerna
998 620 148 30 berörda
1171 620 270 39 svårigheterna,
1466 620 167 30 eftersom

129 668 203 30 meddelade
354 668 338 40 plockningsförbud
715 669 29 40 ej
770 670 71 29 kan
863 671 202 29 övervakas.
1088 670 50 31 De
1161 671 182 39 avstyrker
1366 670 120 30 därför
1509 670 124 30 motio-

129 727 119 21 nerna.
272 717 225 32 Sistnämnda
517 719 176 39 svårighet
713 720 204 30 framhålles
938 721 107 29 också
1065 730 43 21 av
1130 720 248 40 länsstyrelsen
1400 720 12 30 i
1436 721 197 29 Västerbot-

131 769 76 29 tens
225 768 55 29 län
301 769 65 30 och
384 769 156 40 Sveriges
558 769 411 41 fruktindustriförbund
988 780 76 21 som
1084 772 76 29 skäl
1179 772 55 29 för
1253 772 245 39 avstyrkande.
1517 772 13 29 I
1551 772 82 29 fler-

130 819 84 30 talet
231 820 188 38 yttranden
437 820 144 30 betonas
601 821 87 29 även
707 822 50 29 att
774 821 268 40 mognadstiden
1061 821 55 31 för
1133 822 63 30 bär
1215 822 96 30 inom
1331 831 134 21 samma
1483 822 58 30 län
1561 822 72 30 kan

129 869 136 30 variera
284 870 140 39 mycket
446 871 112 29 starkt
578 871 66 29 och
665 873 51 28 att
735 880 42 21 en
798 872 152 39 enhetlig
971 872 172 40 reglering
1165 872 55 30 för
1240 873 73 30 helt
1334 872 58 31 län
1414 872 120 31 därför
1555 872 79 30 icke

130 920 101 38 utgör
253 929 41 20 en
317 920 326 31 tillfredsställande
666 921 158 40 ordning.

173 970 13 29 I
206 971 189 37 yttranden
416 980 42 21 av
480 971 367 40 lantbruksstyrelsen,
871 972 291 40 länsstyrelserna
1186 973 11 30 i
1215 973 221 40 Kronobergs
1459 974 63 29 och
1546 974 85 29 Gäv-

129 1019 134 41 leborgs
283 1021 67 37 län,
370 1022 157 39 Sveriges
547 1022 160 30 kemiska
727 1023 281 30 industrikontor
1028 1024 64 29 och
1111 1024 233 40 Kooperativa
1362 1024 190 40 förbundet
1571 1033 59 21 an-

129 1071 91 30 visas
239 1081 75 20 som
331 1073 67 29 den
416 1075 88 27 mest
522 1073 249 40 framkomliga
787 1075 120 39 vägen,
926 1076 50 28 att
994 1084 83 20 man
1096 1075 181 30 fortsätter
1295 1077 51 28 att
1364 1075 117 40 sprida
1499 1076 131 29 allmän

132 1123 210 40 upplysning
367 1125 65 29 och
457 1125 101 29 söker
583 1124 245 31 åstadkomma
853 1124 166 41 frivilliga
1043 1126 359 29 överenskommelser
1427 1126 128 30 mellan
1580 1126 51 29 in-

131 1175 234 30 tressenterna
386 1177 90 28 samt
495 1178 50 27 att
564 1176 232 39 uppköparna
816 1184 89 31 noga
924 1177 172 39 granskar
1116 1177 190 29 kvaliteten
1325 1177 45 40 på
1389 1177 41 30 de
1449 1178 182 39 uppköpta

128 1224 117 31 bären.

173 1275 187 40 Angående
380 1277 228 40 möjligheten
628 1287 43 20 av
689 1287 42 21 en
750 1277 143 41 frivillig
912 1277 320 32 kvalitetskontroll
1251 1278 103 30 anför
1374 1279 257 29 lantbrukssty-

127 1325 129 30 relsen:

172 1385 66 29 För
252 1394 43 20 en
312 1385 109 30 sådan
437 1386 153 30 kontroll
606 1386 187 35 erfordras,
810 1388 51 28 att
876 1386 277 40 kvalitetsregler
1170 1387 194 31 fastställas
1380 1389 64 29 och
1461 1390 51 28 att
1528 1389 101 29 dessa

126 1426 233 40 bekantgöras
377 1428 55 30 för
447 1428 201 39 plockarna.
668 1429 68 30 Om
751 1429 173 39 därjämte
940 1429 225 40 betalningen
1183 1431 98 38 göres
1299 1430 171 30 beroende
1488 1440 42 21 av
1547 1431 82 29 kva-

127 1469 119 30 liteten
269 1471 64 28 och
358 1470 232 39 uppköparna
612 1471 126 39 vägrar
760 1473 50 28 att
834 1473 79 38 taga
937 1474 73 28 mot
1033 1472 55 30 för
1110 1472 103 39 tidigt
1236 1472 170 41 plockade
1429 1473 62 30 bär
1516 1473 113 30 skulle

125 1512 94 30 vissa
239 1513 176 38 garantier
433 1513 121 30 kunna
574 1514 129 39 skapas
723 1514 54 30 för
796 1516 50 28 att
866 1514 151 30 skörden
1038 1515 80 29 sker
1136 1515 58 30 vid
1214 1517 69 28 rätt
1303 1515 176 40 tidpunkt.

171 1555 13 29 I
203 1554 67 30 den
289 1554 83 31 mån
392 1555 150 30 särskild
561 1556 155 30 kontroll
735 1566 43 20 av
797 1556 119 39 lingon
937 1556 54 30 för
1011 1559 122 37 export
1150 1558 94 29 visar
1264 1558 51 39 sig
1335 1557 149 40 befogad
1503 1558 55 30 för
1578 1559 50 29 att

127 1598 241 39 upprätthålla
396 1600 48 28 ett
472 1600 72 37 gott
571 1600 173 29 anseende
773 1599 55 30 för
855 1600 150 30 svenska
1034 1600 119 39 lingon
1180 1600 46 40 på
1252 1601 67 29 den
1348 1600 283 31 internationella

125 1639 229 35 marknaden,
376 1640 98 30 torde
495 1640 277 39 exportkontroll
792 1641 189 40 lämpligen
1002 1642 122 30 kunna
1145 1643 123 29 utövas
1289 1651 124 31 genom
1434 1644 50 29 att
1505 1643 123 30 aukto-

125 1681 154 31 riserade
296 1682 305 40 besiktningsmän
620 1683 55 30 får
694 1684 152 39 granska
865 1684 55 30 för
939 1686 121 38 export
1079 1684 151 31 avsedda
1248 1685 229 40 varupartier.

170 1759 13 29 I
203 1767 135 21 samma
357 1758 199 31 hänseende
575 1759 132 30 uttalar
727 1760 50 39 sig
795 1759 232 40 Kooperativa
1046 1760 192 40 förbundet
1256 1762 46 39 på
1320 1761 157 40 följande
1498 1763 83 28 sätt:

172 1817 194 39 Självfallet
382 1818 65 29 har
460 1818 33 29 vi
509 1818 119 30 ibland
643 1819 146 39 tidigare
804 1828 57 20 om
877 1819 83 30 åren
975 1819 78 30 haft
1069 1819 214 40 svårigheter
1299 1822 50 28 att
1364 1821 129 39 inköpa
1509 1821 119 39 lingon

126 1867 42 22 av
186 1859 108 30 sådan
312 1860 155 35 kvalitet,
486 1863 51 27 att
555 1859 41 31 de
614 1861 137 29 kunnat
769 1861 179 30 användas
967 1861 54 30 för
1039 1862 314 40 färskförsäljning
1371 1864 53 28 till
1441 1863 187 30 hushållen

128 1902 83 29 eller
230 1902 96 29 inom
346 1903 207 34 industrien,
575 1912 79 20 men
676 1913 81 20 man
779 1904 97 29 torde
898 1912 67 31 nog
986 1905 122 28 kunna
1130 1906 92 37 säga,
1243 1906 51 28 att
1314 1905 201 39 problemen
1537 1906 10 29 i
1570 1906 61 30 all-

126 1943 144 30 mänhet
284 1944 65 29 har
366 1944 136 30 kunnat
519 1945 101 29 lösas.
639 1945 103 29 Detta
758 1946 294 38 sammanhänger
1070 1946 79 29 med
1164 1948 51 28 att
1231 1946 153 40 inköpen
1400 1957 42 19 av
1457 1957 44 19 en
1518 1948 110 29 sådan

124 1994 85 21 vara
226 1995 75 20 som
319 1986 118 39 lingon
455 1986 110 30 måste
583 1987 141 30 förenas
743 1988 77 29 med
837 1997 43 20 en
898 1988 249 39 organisation,
1166 1989 63 29 där
1246 1989 199 40 besiktning
1462 1999 43 20 av
1520 1990 108 30 bären

126 2027 90 35 sker,
235 2028 109 30 innan
362 2029 143 39 inköpet
524 2031 81 38 äger
622 2038 90 21 rum.
732 2030 121 30 Denna
871 2030 201 40 besiktning
1089 2031 71 30 kan
1179 2031 140 35 företas,
1339 2032 114 30 såsom
1473 2032 98 30 fallet
1590 2034 38 28 är

125 2069 9 29 i
157 2070 153 39 Bergsjö,
332 2078 125 31 genom
477 2073 49 28 att
545 2072 83 29 våra
648 2072 203 40 uppköpare
872 2072 54 30 far
946 2073 162 40 omkring
1129 2074 64 29 och
1214 2074 216 30 undersöker
1451 2075 40 31 de
1513 2075 115 39 dispo-

126 2112 95 30 nibla
241 2112 258 31 kvantiteterna
520 2114 83 29 eller
624 2121 124 32 genom
770 2116 49 28 att
841 2115 41 29 de
904 2115 463 41 konsumtionsföreningar,
1389 2126 75 20 som
1486 2119 142 37 uppträ-

126 2154 61 29 der
210 2163 75 21 som
308 2155 169 39 inköpare
503 2156 54 29 för
581 2156 60 30 vår
667 2157 158 39 räkning,
850 2157 65 30 har
939 2157 74 29 folk
1039 2158 185 36 anställda,
1250 2168 75 20 som
1350 2160 69 29 kan
1445 2160 100 30 sköta
1570 2169 57 20 om

126 2196 113 30 denna
262 2197 211 38 inspektion.

170 2239 41 28 Vi
233 2241 38 27 är
292 2239 120 29 därför
433 2249 42 20 av
496 2239 66 30 den
584 2240 196 39 meningen,
802 2243 49 27 att
873 2250 42 20 en
937 2242 139 38 mycket
1098 2250 182 31 noggrann
1301 2244 200 38 inspektion
1523 2253 42 20 av
1586 2245 41 28 de

126 2280 174 38 utbjudna
323 2280 298 40 lingonpartierna
643 2284 38 28 är
702 2282 198 40 nödvändig
920 2283 54 29 för
995 2285 50 28 att
1067 2294 81 19 man
1170 2285 89 29 skall
1280 2286 120 29 kunna
1421 2295 82 20 vara
1526 2287 102 29 säker

125 2322 45 39 på
190 2332 42 19 en
253 2323 65 37 god
339 2322 154 31 kvalitet.
514 2324 412 30 Livsmedelsindustrien
950 2326 62 29 har
1034 2335 73 20 mer
1129 2327 64 28 och
1216 2336 73 20 mer
1310 2327 72 39 gått
1402 2329 81 28 över
1502 2328 54 30 till
1577 2330 50 28 att

125 2364 119 29 arbeta
264 2365 87 29 efter
372 2365 113 30 denna
506 2366 101 39 regel.
628 2366 152 30 Numera
802 2367 107 39 köpes
929 2377 42 19 av
991 2377 56 19 oss
1065 2369 156 38 ytterligt
1243 2369 74 29 små
1338 2370 210 30 kvantiteter
1567 2380 61 30 per

125 2405 128 30 telefon
272 2407 8 28 i
300 2407 132 30 obesett
451 2408 97 29 skick
567 2418 42 20 av
625 2418 57 20 oss
701 2408 109 40 själva
828 2410 83 29 eller
928 2409 82 31 våra
1029 2410 141 31 ombud.
