2119 2644
719 191 247 42 Lag-Utskottets
992 191 160 32 Utlatande
1174 191 66 32 N:o
1263 192 51 31 21.
1783 193 32 29 11

377 272 128 47 Kongl.
534 271 124 50 Maj:ts
685 272 158 50 förslag:
1147 270 293 51 Lag-Utskottets
1461 271 165 50 förslag:

212 342 282 44 arbetsanstalt,
536 354 79 23 som
657 341 10 36 i
710 343 18 34 9
772 338 18 49 $
831 340 152 50 åsyftas,
1025 341 105 36 skola
1171 341 58 43 de,
1267 340 59 36 för
1355 340 127 36 hvilka
1509 340 134 36 sådant
1671 339 149 36 tillfälle

212 394 147 44 saknas,
401 394 10 34 i
453 393 128 36 stället
621 392 163 49 fullgöra
826 393 64 36 det
931 393 159 35 ådömda
1132 393 148 35 arbetet
1315 393 10 34 i
1356 405 132 23 enrum
1517 395 21 32 å
1566 390 254 48 cellfängelse,

213 446 99 34 dock
354 444 85 36 med
480 444 244 47 iakttagande
766 449 55 30 att
861 444 11 35 i
914 444 134 35 sådant
1088 443 66 36 fall
1195 456 44 22 en
1281 443 187 47 tredjedel
1496 442 40 36 af
1561 442 71 35 den
1661 441 160 36 ådömda

213 495 234 37 arbetstiden
477 494 183 48 afdrages.

314 580 223 38 Stockholm
566 580 71 36 den
667 583 46 34 24
742 579 99 37 Mars
872 582 106 35 1885.

729 734 53 36 På
809 732 310 50 Lag-Utskottets
1147 740 157 41 vägnar:

732 835 153 36 AXEL
914 826 383 45 BERGSTRÖM.

812 1141 408 36 Reservationer:

312 1245 40 36 af
388 1244 141 37 Herrar
570 1245 203 47 Bergström
811 1244 68 35 och
909 1243 165 48 Fröberg,
1104 1242 126 36 hvilka
1259 1247 136 38 ansett,
1424 1247 55 30 att
1508 1241 196 36 Utskottet
1733 1240 87 36 bort

213 1296 190 48 tillstyrka
433 1295 105 37 bifall
566 1297 59 35 till
654 1296 70 35 den
755 1294 39 37 af
817 1294 134 48 Kongl.
981 1293 103 48 Maj:t
1111 1293 213 48 föreslagna
1352 1292 167 49 lydelsen
1551 1291 38 36 af
1614 1295 19 33 7
1664 1289 30 49 $,
1724 1297 96 30 samt

212 1354 67 38 att,
308 1348 128 35 derest
464 1347 209 49 stadgande
703 1345 166 37 infördes
898 1346 143 46 derom,
1070 1350 55 30 att
1153 1344 85 45 den,
1264 1357 80 23 som
1364 1343 59 36 för
1447 1342 215 37 lösdrifveri
1683 1343 136 35 under-

212 1400 113 47 ginge
360 1399 267 47 tvångsarbete
657 1411 83 22 men
775 1398 148 34 komme
952 1397 11 34 i
991 1395 226 36 förändrade
1247 1396 134 45 vilkor,
1410 1395 120 35 skulle
1559 1393 81 36 från
1669 1397 151 44 tvångs-

211 1450 317 36 arbetsanstalten
557 1448 183 49 frigifvas,
769 1447 195 37 föreskrift
993 1447 131 36 härom
1153 1446 118 36 borde
1299 1445 141 37 införas
1470 1446 54 35 uti
1550 1458 45 23 en
1616 1444 97 37 efter
1737 1441 81 49 12
1795 1437 24 64 $

212 1502 116 35 insatt
356 1500 160 36 särskild
548 1503 43 33 13
621 1497 30 49 $,
680 1500 134 36 hvaråt
842 1499 118 36 borde
989 1497 120 49 gifvas
1134 1497 166 48 följande
1327 1497 161 47 lydelse:

213 1552 198 35 »Kommer
431 1552 84 43 den,
544 1564 79 23 som
666 1550 207 47 undergått
913 1549 265 47 tvångsarbete
1220 1549 10 34 i
1270 1547 228 36 förändrade
1532 1547 135 43 vilkor,
1696 1550 39 31 så
1764 1551 55 30 att

214 1603 91 36 hans
346 1602 270 48 qvarhållande
657 1601 63 36 vid
761 1601 315 35 arbetsanstalten
1117 1599 83 36 icke
1243 1599 129 35 vidare
1415 1606 40 28 är
1496 1597 39 36 af
1571 1598 137 43 nöden,
1751 1610 66 34 ege

213 1654 230 47 Konungens
471 1651 421 49 Befallningshafvande
932 1652 11 35 i
985 1651 64 35 det
1089 1651 72 44 län,
1200 1650 65 35 der
1298 1648 452 50 tvångsarbetsanstalten
1779 1655 41 28 är

212 1705 173 48 belägen,
425 1703 193 45 förordna,
653 1709 56 30 att
750 1703 73 35 han
859 1703 93 35 skall
986 1701 83 36 från
1097 1701 187 36 anstalten
1312 1700 182 48 frigifvas.
1548 1699 16 36 I
1592 1699 135 36 sådant
1754 1698 65 35 fall

213 1756 115 35 varde
370 1755 72 35 han
483 1760 91 30 utan
615 1754 238 48 förpassning
895 1756 47 44 på
982 1752 46 36 fri
1070 1751 57 36 fot
1167 1752 98 35 stäld
1307 1752 71 35 och
1415 1752 91 34 hans
1540 1751 61 35 vid
1632 1750 186 35 anstalten

213 1806 247 36 innestående
490 1806 122 35 medel
640 1806 59 35 till
727 1805 140 35 honom
895 1802 318 45 öfverlemnade;»

314 1857 181 36 skolande
524 1857 10 35 i
564 1855 115 49 öfrigt
709 1855 99 36 hvad
839 1858 41 33 11
912 1855 70 35 och
1013 1857 44 33 12
1087 1851 39 49 $$
1155 1853 190 36 innehålla
1372 1853 82 36 icke
1485 1855 46 45 på
1560 1852 72 36 den
1661 1850 159 37 sålunda

213 1907 152 49 frigifne
400 1921 68 35 ega
503 1908 275 47 tillämpning»;
820 1906 85 36 med
934 1906 72 35 den
1034 1905 220 47 förändring
1283 1905 10 34 i
1322 1904 285 48 paragrafernas
1635 1915 183 30 nummer,

213 1972 81 23 som
322 1958 260 49 inskjutandet
610 1957 40 37 af
674 1971 46 22 en
748 1957 115 36 sådan
893 1955 178 50 paragraf
1096 1956 148 35 komme
1273 1961 56 30 att
1357 1954 210 45 föranleda;

315 2060 40 37 af
378 2060 99 37 Herr
504 2060 167 48 Berglöf:
722 2060 88 36 »1:o.
865 2058 54 37 Af
949 2057 236 37 komiterade
1214 2056 161 49 afgifvet
1410 2055 147 49 förslag
1588 2055 57 37 till
1673 2055 146 37 förord-

214 2111 94 49 ning
337 2110 199 49 angående
564 2109 220 38 lösdrifveri
811 2109 212 37 innehåller
1049 2109 13 36 i
1088 2108 27 45 $
1141 2109 66 35 12:

315 2163 39 35 »!I
383 2175 103 24 mom.
540 2162 44 48 Ej
616 2161 98 37 skall
741 2160 95 37 efter
864 2161 125 36 denna
1015 2159 227 48 förordning
1269 2161 128 46 någon
1425 2158 131 36 dömas
1577 2157 58 37 till
1662 2160 158 45 tvångs-

213 2213 143 47 arbete,
393 2225 82 24 som
512 2212 41 37 af
587 2212 240 48 Konungens
855 2210 433 49 Befallningshafvande
1317 2222 112 25 anses
1459 2208 176 49 skäligen
1662 2208 94 37 böra
1784 2208 40 36 af

214 2264 419 49 fattigvårdssamhälle
661 2264 145 48 åtnjuta
834 2262 68 37 full
928 2261 247 50 försörjning.
