1910 2832
457 183 381 32 Jordbruksutskottets
862 182 177 31 utlåtande
1063 182 49 31 Nr
1137 171 28 42 1.
1545 174 40 31 55

121 273 123 36 Kungl.
269 271 119 37 Maj:ts
410 272 111 30 under
545 271 110 36 punkt
679 270 41 30 59
742 269 124 37 gjorda
888 268 292 37 anslagsäskande
1205 268 55 29 för
1283 265 197 32 ändamålet
1504 265 78 30 med

76 324 118 35 31,000
214 324 131 29 kronor
364 322 145 30 innebär
528 321 10 30 i
558 319 219 32 förhållande
796 320 50 30 till
866 319 226 36 anvisningen
1113 318 54 30 för
1187 316 236 31 innevarande
1440 316 142 36 budget-

76 374 39 31 år
131 384 42 21 en
190 375 130 36 ökning
338 382 42 22 av
397 372 300 36 anslagsbeloppet
713 371 80 30 med
810 370 98 35 3,000
925 370 138 30 kronor.

121 425 78 31 Med
220 424 165 31 skrivelse
405 425 68 29 den
494 423 18 30 5
534 422 70 36 maj
630 422 81 30 1941
733 423 65 29 har
819 423 127 29 statens
968 418 379 32 industrikommission
1369 417 214 31 överlämnat

76 479 47 28 ett
139 485 42 21 av
196 485 43 21 en
256 475 149 31 särskild
421 484 42 21 av
480 472 272 32 kommissionen
767 472 120 30 tillsatt
904 471 190 35 kommitté,
1112 470 66 30 den
1196 479 25 21 s.
1239 470 33 29 k.
1291 467 292 38 ullproduktions-

78 527 238 37 utredningen,
336 526 174 30 utarbetat
528 524 219 31 betänkande
767 524 80 29 med
867 522 130 37 förslag
1017 521 50 31 till
1086 520 160 38 åtgärder
1266 520 55 30 för
1342 518 242 37 befrämjande

78 587 42 21 av
138 587 43 21 en
200 578 93 30 ökad
313 577 160 30 inhemsk
493 574 212 38 produktion
725 584 43 20 av
787 574 59 30 ull.
867 574 15 29 I
901 573 235 30 betänkandet
1156 572 46 29 ha
1223 571 107 30 bland
1350 572 106 28 annat
1478 570 105 30 fram-

78 629 86 36 lagts
186 628 91 31 vissa
300 628 130 36 förslag
450 626 184 37 åsyftande
655 635 42 20 en
720 625 131 30 utökad
873 624 211 30 medverkan
1107 621 79 32 från
1210 624 130 28 statens
1361 621 75 30 sida
1459 620 11 30 i
1493 620 91 30 form

77 689 42 20 av
138 679 122 36 bidrag
280 679 54 30 för
352 677 227 31 fårskötselns
597 675 286 37 rationalisering.
904 673 152 32 Sålunda
1076 674 63 29 har
1159 672 230 36 utredningen
1409 670 175 37 föreslagit

78 730 90 30 vissa
192 729 188 36 ändringar
403 728 10 30 i
438 727 158 38 gällande
619 726 259 31 bestämmelser
901 726 55 29 för
979 724 207 36 statsbidrag
1210 724 51 29 till
1286 721 297 32 fårsambetesför-

77 780 152 37 eningar.
254 779 114 37 Enligt
390 780 41 29 de
453 778 202 30 nuvarande
676 776 306 31 bestämmelserna
1004 776 119 29 kunna
1145 773 120 37 dylika
1287 773 122 36 bidrag
1430 771 82 37 utgå
1534 771 51 30 till

78 831 199 36 föreningar
294 830 78 30 med
390 829 105 31 minst
515 829 38 29 10
572 828 235 34 medlemmar,
825 826 110 31 vilkas
954 825 293 35 fårbesättningar
1264 822 97 32 bestå
1379 833 42 21 av
1440 823 145 35 tillhopa

78 882 105 30 minst
205 881 64 30 250
292 880 55 31 får
367 881 65 29 och
454 881 117 29 lamm.
594 878 170 37 Bidragen
786 879 139 35 utgöras
948 876 72 31 dels
1043 885 42 21 av
1107 874 377 37 organisationsbidrag
1506 872 78 32 med

79 934 100 35 högst
200 932 64 30 500
287 932 129 29 kronor
438 931 54 30 för
515 929 160 36 förening
696 929 66 29 och
784 929 72 29 dels
879 937 42 21 av
943 926 179 37 årsbidrag
1145 926 79 30 med
1246 926 100 35 högst
1369 924 63 30 300
1455 925 129 29 kronor

78 984 111 29 under
210 982 73 31 året
305 982 88 30 efter
414 982 66 34 det,
504 980 173 30 varunder
700 978 375 37 organisationsbidrag
1099 976 98 31 blivit
1220 974 152 37 beviljat,
1397 975 65 30 och
1486 975 99 36 högst

79 1034 64 29 200
163 1034 132 29 kronor
313 1032 110 31 under
443 1034 75 27 vart
539 1031 65 30 och
625 1032 46 28 ett
691 1040 42 20 av
755 1030 41 29 de
818 1028 109 37 därpå
946 1029 155 29 närmast
1122 1026 156 36 följande
1299 1025 92 31 båda
1412 1024 93 32 åren.
1529 1024 55 30 Ut-

79 1084 189 36 redningen
291 1084 64 29 har
376 1084 122 33 ansett,
522 1084 49 27 att
592 1082 120 29 kravet
733 1079 45 38 på
800 1080 127 29 antalet
950 1078 54 31 får
1026 1079 65 29 och
1114 1078 108 30 lamm
1245 1077 10 30 i
1277 1086 43 21 en
1344 1075 240 31 sambetesför-

79 1135 102 37 ening
196 1135 11 29 i
223 1134 92 30 vissa
330 1134 62 30 fall
408 1133 108 30 borde
531 1133 119 29 kunna
667 1132 127 29 sänkas
811 1131 49 29 till
881 1130 70 29 100.
969 1129 71 30 Där
1057 1129 167 30 sambetet
1241 1126 124 37 avsåge
1381 1129 47 28 ett
1446 1125 140 31 område

79 1186 78 30 med
179 1184 166 37 naturligt
367 1184 81 30 eller
469 1185 107 28 annat
598 1181 150 37 stängsel
769 1190 43 21 av
834 1180 132 36 fullgod
988 1179 244 31 beskaffenhet
1261 1177 218 39 (exempelvis
1500 1186 44 21 en
1566 1177 20 29 ö

79 1237 80 30 eller
174 1238 47 28 ett
238 1234 44 38 på
298 1234 156 37 lämpligt
471 1235 66 29 sätt
554 1233 165 36 inhägnat
735 1230 169 39 område),
922 1231 97 30 bleve
1036 1230 234 30 kostnaderna
1287 1229 57 29 för
1360 1227 116 31 fårens
1495 1228 90 30 sköt-

80 1287 47 30 sel
143 1287 110 31 under
270 1285 261 37 betesperioden
547 1283 174 37 nämligen
738 1283 106 29 likväl
861 1281 38 31 så
916 1280 84 37 små,
1018 1283 48 28 att
1084 1282 86 29 även
1187 1289 43 21 en
1249 1278 37 32 så
1303 1279 82 30 liten
1404 1279 182 30 sambetes-

83 1337 159 36 förening
261 1336 117 30 kunde
398 1344 100 23 anses
518 1335 65 36 äga
602 1334 41 30 de
662 1333 128 37 nödiga
809 1332 227 31 ekonomiska
1056 1331 346 35 förutsättningarna.
1424 1328 53 31 Då
1497 1338 88 21 sam-

80 1389 186 36 betningen
290 1396 81 22 vore
395 1386 129 31 avsedd
548 1388 49 28 att
620 1385 160 30 bedrivas
806 1391 123 30 genom
953 1383 152 36 vallning
1136 1380 220 40 (exempelvis
1380 1381 11 30 i
1416 1379 170 37 fjälltrak-

81 1438 123 40 terna),
228 1438 122 30 varvid
369 1447 42 20 en
434 1436 149 31 särskild
604 1434 194 31 fårskötare
819 1434 108 30 borde
948 1433 100 30 finna
1070 1433 64 30 full
1157 1432 270 37 sysselsättning,
1450 1431 65 29 har
1536 1432 51 28 ut-

80 1490 188 35 redningen
287 1489 157 30 däremot
462 1489 121 33 ansett,
603 1488 49 27 att
671 1486 120 30 kravet
810 1484 45 37 på
873 1487 48 28 att
940 1483 128 31 antalet
1088 1482 54 31 får
1160 1483 66 29 och
1246 1483 108 28 lamm
1373 1481 11 30 i
1404 1481 182 30 sambetes-

81 1540 204 35 föreningen
311 1538 110 31 skulle
447 1536 118 38 uppgå
590 1536 50 30 till
667 1536 106 30 minst
800 1535 65 30 250
891 1535 153 36 stycken,
1073 1532 149 37 alltjämt
1250 1532 107 30 borde
1385 1530 201 32 bibehållas.

83 1589 233 37 Utredningen
336 1589 64 30 har
418 1587 118 31 vidare
556 1586 185 36 föreslagit,
761 1588 49 28 att
829 1585 122 37 bidrag
970 1584 79 31 med
1069 1584 41 29 25
1131 1586 143 34 procent
1293 1592 42 20 av
1355 1582 234 30 kostnaderna

83 1641 54 31 för
156 1642 222 35 transporten
400 1649 43 20 av
466 1637 54 31 får
542 1638 66 30 och
629 1638 109 29 lamm
757 1636 52 30 till
831 1637 66 29 och
919 1635 79 31 från
1021 1635 42 30 de
1085 1644 42 20 av
1149 1633 259 31 vederbörande
1431 1632 157 36 förening

80 1691 202 31 anordnade
301 1690 200 30 sambetena
520 1688 110 31 skulle
648 1688 120 30 kunna
787 1687 144 30 lämnas.
953 1685 68 31 För
1039 1685 218 30 närvarande
1277 1684 120 30 kunna
1416 1682 170 31 årsbidra-

83 1750 63 29 gen
161 1741 53 31 till
230 1739 334 37 sambetesförening
578 1737 82 38 utgå
675 1738 123 30 endast
815 1738 56 29 för
886 1739 50 28 tre
953 1736 49 31 år.
1022 1735 244 36 Utredningen,
1286 1744 75 20 som
1379 1736 111 28 ansett
1509 1733 79 30 den-

82 1802 44 21 na
145 1793 50 30 tid
215 1792 56 30 för
291 1792 88 35 kort,
400 1791 63 30 har
484 1789 166 35 förordat,
672 1792 49 27 att
740 1788 95 30 tiden
856 1788 54 30 för
931 1786 240 37 årsbidragens
1192 1784 170 38 utgående
1383 1784 205 31 utsträcktes

83 1843 196 37 ytterligare
301 1841 58 31 två
381 1840 48 36 år,
453 1841 32 30 d.
509 1850 31 20 v.
564 1849 25 20 s.
612 1839 52 30 till
687 1839 56 30 det
765 1838 114 37 fjärde
902 1838 66 30 och
992 1837 105 30 femte
1119 1836 74 31 året
1215 1836 87 30 efter
1325 1835 65 36 det,
1415 1834 173 31 varunder

83 1892 379 38 organisationsbidrag
487 1890 98 30 blivit
610 1889 152 36 beviljat.
790 1888 160 36 Bidraget
977 1888 110 29 under
1113 1888 76 29 vart
1215 1887 66 29 och
1308 1888 48 27 ett
1382 1888 82 27 utav
1492 1886 98 29 dessa

86 1943 92 31 båda
196 1943 83 30 sista
298 1942 38 30 år
352 1942 108 29 borde
478 1940 188 30 emellertid
685 1940 121 29 kunna
824 1940 106 29 sättas
949 1937 38 31 så
1005 1937 70 36 lågt
1094 1946 74 21 som
1187 1936 51 31 till
1262 1936 60 29 100
1342 1936 139 34 kronor,
1503 1934 86 30 vari-

85 2002 125 28 genom
231 1994 87 29 även
339 1992 110 30 skulle
469 1991 132 35 vinnas,
623 1992 49 28 att
691 1989 247 36 föreningarna
957 1988 46 36 på
1023 1990 46 27 ett
1089 1996 95 21 mera
1204 1985 187 32 successivt
1408 1986 69 29 sätt
1498 1985 92 35 finge

82 2044 100 37 börja
198 2043 60 31 lita
274 2043 50 30 till
340 2043 76 30 sina
431 2049 87 29 egna
534 2040 226 31 ekonomiska
777 2048 161 22 resurser.
956 2038 165 36 Slutligen
1138 2038 64 29 har
1218 2036 228 37 utredningen
1465 2035 124 37 ifråga-

85 2097 75 34 satt,
186 2097 49 28 att
261 2094 122 35 bidrag
409 2092 51 30 till
486 2090 438 36 fårsambetesföreningar,
952 2089 93 30 vilka
1071 2088 122 36 bidrag
1219 2087 105 37 enligt
1352 2087 158 37 gällande
1535 2087 56 29 be-

85 2145 214 30 stämmelser
322 2144 97 30 skola
441 2142 134 31 utdelas
597 2151 41 21 av
661 2141 123 36 Kungl.
808 2139 102 37 Maj:t
931 2139 45 37 på
998 2138 266 36 framställning,
1289 2147 75 20 som
1386 2137 129 36 ingives
1539 2144 51 29 ge-

84 2205 82 21 nom
188 2193 361 37 lantbruksstyrelsen,
572 2192 106 30 borde
700 2191 145 36 beviljas
867 2200 41 20 av
931 2189 451 36 hushållningssällskapen,
1407 2188 92 30 vilka
1522 2187 10 30 i
1555 2185 37 32 så

86 2246 60 30 fall
166 2254 94 21 mera
280 2245 144 30 allmänt
444 2243 96 30 torde
560 2243 141 29 komma
720 2244 49 27 att
789 2242 88 35 ägna
897 2240 264 30 verksamheten
1180 2241 47 28 ett
1247 2240 108 28 större
1376 2238 152 29 intresse.

131 2294 233 36 Utredningen
390 2294 63 29 har
479 2294 87 28 även
591 2290 202 36 framhållit,
820 2294 49 27 att
893 2290 104 36 enligt
1023 2289 157 36 gällande
1205 2288 259 30 bestämmelser
1490 2288 101 35 bagg-

86 2344 297 36 hållningsbidrag
403 2343 122 30 endast
546 2342 115 30 kunde
682 2340 81 37 utgå
785 2341 54 29 för
861 2341 116 35 bagge,
1001 2349 75 20 som
1097 2339 56 29 vid
1175 2337 197 36 besiktning
1393 2337 97 30 blivit
1513 2336 78 37 god-

89 2393 94 30 känd
210 2392 56 30 för
290 2391 184 36 intagande
502 2390 8 29 i
536 2389 234 30 riksstambok
798 2390 80 28 över
901 2387 159 30 avelsfår.
1086 2387 97 30 Inom
1211 2386 91 30 vissa
1329 2386 94 30 delar
1446 2394 43 21 av
1514 2385 76 31 Got-

88 2443 99 30 lands
208 2444 59 29 län
288 2443 65 29 och
375 2442 139 30 särskilt
535 2440 45 37 på
601 2439 89 31 Fårö
711 2440 117 30 kunde
851 2438 189 30 emellertid
1063 2438 90 29 detta
1176 2437 124 29 villkor
1321 2437 110 29 sällan
1452 2435 138 37 uppfyl-

87 2494 59 30 las.
170 2494 49 30 De
240 2493 206 36 gotländska
468 2491 98 31 fåren
591 2500 78 21 vore
693 2490 175 36 nämligen
889 2489 138 30 särskilt
1049 2487 98 31 svåra
1172 2490 49 27 alt
1242 2486 95 31 hålla
1360 2486 95 30 inom
1477 2487 112 35 stäng-
