1902 2832
131 1876 130 27 Utskottet.

313 168 39 29 46
715 177 379 32 Jordbruksutskottets
1116 180 178 32 utlåtande
1315 182 48 30 Nr
1390 184 26 28 1.

318 256 138 38 riksdag
484 257 217 32 behandlade
731 260 472 39 besparingspropositionen,
1234 274 42 20 nr
1304 265 50 35 79,
1384 266 64 30 har
1476 267 189 30 emellertid
1692 271 47 27 ett
1767 268 55 30 be-

316 305 79 39 lopp
416 314 42 22 av
482 308 138 34 100,000
642 310 129 29 kronor
790 320 42 20 av
850 311 93 31 detta
963 313 118 36 anslag
1102 313 76 31 icke
1199 315 101 36 tagits
1320 315 10 29 i
1353 315 152 38 anspråk
1526 320 83 28 utan
1630 317 115 31 såsom
1765 319 56 30 be-

316 357 138 36 sparing
476 358 140 31 tillförts
637 360 485 39 budgetutjämningsfonden.
1157 364 69 30 För
1248 366 158 31 vartdera
1427 376 42 21 av
1490 367 211 36 budgetåren
1725 366 98 35 1940/

314 407 38 29 41
380 408 65 29 och
474 406 139 34 1941/42
640 411 64 29 har
731 412 365 37 anslagsanvisningen
1124 414 54 30 för
1206 415 267 37 ifrågavarande
1499 418 322 37 byggnadsarbeten

314 456 200 37 begränsats
539 459 50 29 till
614 461 141 35 400,000
779 462 137 30 kronor.

357 508 115 30 Under
496 511 112 35 punkt
632 512 41 29 46
699 511 65 30 har
789 513 121 35 Kungl.
936 514 100 37 Maj:t
1063 514 177 38 föreslagit
1266 517 185 36 riksdagen
1476 522 50 27 att
1549 520 110 30 under
1686 520 132 32 föreva-

313 558 106 30 rande
439 560 210 35 anslagstitel
670 562 120 31 anvisa
811 566 45 27 ett
875 563 50 30 till
947 565 173 34 1,600,000
1140 566 131 30 kronor
1289 567 131 37 förhöjt
1438 569 135 37 belopp.
1607 570 96 30 Efter
1721 572 98 29 redo-

312 609 129 35 görelse
460 609 56 30 för
532 610 257 40 framställning
804 613 10 30 i
832 614 140 31 ärendet
990 614 79 31 från
1087 616 352 39 lantbruksstyrelsen
1459 620 64 30 har
1542 621 277 37 föredraganden

312 659 114 30 anfört
448 659 167 38 följande:

358 709 141 31 >Såsom
520 710 153 37 framgår
693 722 42 21 av
754 714 57 30 det
832 714 148 32 anförda
1000 716 65 30 har
1083 716 267 37 ifrågavarande
1370 720 121 37 anslag
1511 722 79 29 med
1609 721 139 38 hänsyn
1767 723 50 30 till

311 757 54 32 det
388 760 282 32 statsfinansiella
692 763 89 36 läget
805 765 109 29 under
936 766 42 29 de
1003 769 134 28 senaste
1159 768 212 37 budgetåren
1394 771 166 30 bestämts
1583 772 49 30 till
1660 775 158 29 avsevärt

311 809 90 36 lägre
424 811 126 38 belopp
574 812 45 30 än
643 814 65 29 vad
736 823 74 21 som
833 816 263 37 ursprungligen
1121 821 137 27 avsetts.
1298 819 51 30 En
1374 820 88 37 följd
1488 822 108 30 härav
1620 823 64 30 har
1709 824 107 36 blivit,

309 862 48 28 att
377 860 66 30 den
465 862 150 31 avsedda
637 863 252 38 förbättringen
911 867 65 29 och
999 868 247 37 utvidgningen
1270 878 42 21 av
1333 871 217 31 lantmanna-
1573 874 65 29 och
1662 874 154 31 lanthus-

310 910 255 34 hållsskolorna
585 914 167 37 betydligt
773 915 176 37 fördröjts.
981 912 96 37 Även
1097 928 57 22 om
1177 920 57 30 det
1257 920 10 30 i
1290 923 203 30 nuvarande
1514 923 74 36 läge
1609 924 71 30 kan
1702 925 115 36 ingiva

309 962 274 37 betänkligheter
605 968 48 28 att
674 965 84 36 höja
781 967 162 37 anslaget,
967 977 102 22 anser
1089 969 59 37 jag
1170 970 106 31 likväl
1299 972 78 30 med
1400 973 138 36 hänsyn
1559 973 50 31 till
1633 975 66 30 den
1722 975 94 37 bety-

310 1013 90 30 delse
421 1013 266 37 ifrågavarande
708 1017 117 30 skolor
845 1019 64 35 äga
930 1018 55 31 för
1005 1019 78 31 hela
1104 1021 136 30 landets
1260 1021 170 36 jordbruk
1453 1023 77 31 icke
1549 1024 198 38 försvarligt
1768 1029 49 27 att

308 1063 117 36 längre
451 1065 192 36 uppskjuta
670 1067 67 30 den
763 1077 42 21 av
834 1069 83 30 1939
943 1068 56 31 års
1024 1069 142 37 lagtima
1192 1072 141 37 riksdag
1358 1073 180 33 beslutade
1564 1074 252 38 förbättringen

308 1123 42 21 av
374 1115 181 31 skolornas
579 1117 139 30 lokaler.
742 1118 64 36 Jag
829 1119 160 31 förordar
1013 1121 128 35 därför,
1167 1125 49 27 att
1241 1123 56 30 det
1320 1133 42 20 av
1386 1124 351 38 lantbruksstyrelsen
1761 1126 56 31 för

307 1165 197 31 ändamålet
533 1167 128 31 äskade
688 1168 171 38 beloppet,
890 1171 172 35 1,600,000
1090 1172 140 38 kronor,
1261 1173 137 31 anvisas
1426 1174 56 31 för
1510 1176 98 30 nästa
1636 1172 178 45 budgetår.

308 1215 14 29 I
345 1216 91 31 detta
460 1218 254 37 sammanhang
737 1220 98 31 torde
856 1220 59 37 jag
937 1220 37 31 få
997 1222 112 31 erinra
1133 1223 133 35 därom,
1291 1227 48 28 att
1364 1225 153 36 Uppsala
1541 1227 75 30 läns
1640 1227 175 37 landsting

306 1265 11 29 i
341 1266 164 31 skrivelse
529 1268 66 30 den
620 1270 41 29 20
687 1271 188 30 november
901 1272 84 30 1939
1009 1273 118 30 anhöll
1151 1283 58 21 om
1234 1275 122 36 högsta
1381 1276 144 36 möjliga
1549 1277 122 37 bidrag
1696 1277 51 31 till
1773 1279 42 30 de

306 1317 110 30 under
437 1317 84 33 åren
547 1320 169 30 1936—37
740 1321 175 36 uppförda
938 1323 324 36 skolbyggnaderna
1284 1325 55 31 för
1359 1326 331 32 lantmannaskolan
1711 1328 10 30 i
1744 1328 69 31 Jäl-

305 1367 41 30 la.
379 1368 14 29 I
424 1369 302 32 remissutlåtande
758 1372 66 30 den
858 1373 35 29 11
927 1382 93 22 mars
1055 1375 83 29 1940
1169 1375 185 37 tillstyrkte
1384 1377 351 37 lantbruksstyrelsen
1768 1382 45 27 ett

305 1417 120 38 bidrag
451 1428 43 21 av
521 1420 140 36 204,000
689 1422 138 30 kronor.
856 1423 250 32 Statskontoret
1132 1424 200 32 förklarade
1358 1427 50 36 sig
1434 1428 10 29 i
1472 1427 178 32 utlåtande
1677 1430 66 29 den
1773 1430 39 30 15

305 1468 62 36 juli
393 1470 84 29 1940
501 1470 76 30 icke
600 1471 45 30 ha
669 1470 105 37 något
799 1475 49 28 att
871 1473 113 32 erinra
1008 1478 71 27 mot
1103 1478 49 27 att
1178 1476 120 37 anslag
1321 1477 190 36 beviljades
1535 1478 56 31 för
1614 1479 199 31 ändamålet

304 1528 79 21 men
402 1519 117 37 ansåg,
539 1524 47 27 att
605 1522 154 36 anslaget
778 1523 116 31 kunde
911 1524 186 36 begränsas
1116 1525 51 31 till
1190 1527 139 36 150,000
1350 1528 138 31 kronor.
1510 1529 13 30 I
1544 1530 170 30 samband
1733 1532 80 29 med

303 1569 255 38 behandlingen
585 1581 42 21 av
654 1572 228 32 förevarande
908 1575 120 36 anslag
1055 1576 10 30 i
1094 1576 81 30 1941
1206 1576 57 32 års
1291 1580 404 35 statsverksproposition
1723 1584 87 28 utta-

304 1621 75 30 lade
402 1621 69 36 jag,
495 1624 49 28 att
567 1622 57 37 jag
646 1623 77 31 icke
747 1624 56 31 för
826 1625 55 30 det
905 1625 197 32 dåvarande
1126 1627 119 31 kunde
1267 1627 170 38 tillstyrka
1461 1629 103 37 något
1588 1631 138 30 särskilt
1751 1641 58 21 an-

303 1671 71 37 slag
394 1672 50 30 till
465 1671 266 38 ifrågavarande
752 1675 106 30 skola.
880 1676 115 36 Enligt
1013 1677 72 30 min
1106 1677 142 38 mening
1267 1688 100 27 synes
1388 1680 56 30 det
1465 1680 133 37 skäligt,
1621 1684 48 28 att
1689 1690 43 22 av
1754 1682 56 31 det

302 1730 42 21 av
371 1722 71 38 mig
470 1731 48 22 nu
547 1723 185 32 förordade
761 1727 153 36 anslaget
942 1727 56 30 för
1024 1727 199 32 ändamålet
1253 1730 114 30 ställes
1395 1730 51 31 till
1474 1730 209 38 förfogande
1710 1733 99 37 högst

303 1771 55 31 det
381 1782 42 21 av
445 1774 352 38 lantbruksstyrelsen
822 1777 185 37 tillstyrkta
1032 1779 170 37 beloppet,
1227 1780 141 35 204,000
1391 1781 159 30 kronor.»

346 1872 122 37 Kungl.
498 1872 119 38 Maj:ts
646 1874 229 33 förevarande
904 1877 255 37 framställning
1186 1878 197 32 föranleder
1413 1880 102 36 ingen
1545 1883 183 30 utskottets
1758 1893 48 21 er-

300 1921 109 37 inran,
429 1923 120 30 varför
566 1925 165 30 utskottet
751 1926 208 37 hemställer,

653 2021 49 27 att
727 2019 183 36 riksdagen
933 2019 58 31 må
1015 2021 51 30 till
1088 2021 109 37 Lägre
1220 2022 430 40 lantbruksundervisning
1673 2035 45 21 m.
1744 2036 62 21 m.:

608 2067 126 38 Bidrag
752 2069 50 31 till
822 2069 317 37 byggnadsarbeten
1158 2073 58 30 vid
1237 2074 217 30 lantmanna-
1474 2076 65 29 och
1558 2076 245 32 lanthushålls-

609 2118 117 30 skolor
755 2119 54 30 för
837 2120 201 36 budgetåret
1065 2118 142 36 1942/43
1234 2124 119 30 anvisa
1380 2127 48 27 ett
1453 2127 352 37 reservationsanslag

609 2178 42 21 av
677 2170 172 35 1,600,000
871 2172 139 30 kronor.

337 2315 90 40 47:0)
479 2317 514 41 Trädgårdsundervisningen:
1008 2322 202 31 Understöd
1226 2322 36 32 åt
1278 2325 417 33 lantbruksakademiens
1712 2329 92 29 träd-

294 2364 198 38 gårdskola.
521 2369 79 31 Med
626 2370 247 36 tillstyrkande
900 2382 42 21 av
970 2372 101 31 bifall
1099 2374 50 30 till
1179 2374 124 36 Kungl.
1334 2375 118 36 Maj:ts
1480 2377 112 30 under
1619 2379 115 35 punkt
1761 2379 41 29 47

295 2416 120 37 gjorda
434 2418 256 38 framställning
705 2438 45 4 —
762 2421 236 32 innebärande
1014 2424 322 38 anslagsanvisning
1355 2426 54 30 för
1427 2426 198 32 ändamålet
1642 2428 51 30 till
1711 2428 92 31 oför-

295 2468 122 30 ändrat
436 2469 127 37 belopp
579 2488 44 4 —
640 2471 199 31 hemställer
854 2473 175 37 utskottet,
