1902 2836
487 174 379 31 Jordbruksutskottets
888 174 175 31 utlåtande
1083 175 48 30 Nr
1154 176 26 28 1.
1528 170 56 29 161

121 257 111 40 227:0)
278 258 129 36 Bidrag
435 257 52 31 till
514 258 267 36 seismologiska
808 259 67 30 och
904 258 220 37 magnetiska
1153 258 225 36 iakttagelser
1405 258 11 30 i
1444 258 143 30 Abisko.

79 308 256 36 Tillstyrkande
351 307 99 31 bifall
469 308 50 30 till
539 308 122 37 Kungl.
683 308 119 37 Maj:ts
821 308 256 37 framställning
1090 308 110 30 under
1221 308 112 36 punkt
1351 309 61 29 227
1433 326 44 4 —
1493 308 94 30 inne-

79 358 152 31 bärande
251 358 323 37 anslagsanvisning
593 358 54 31 för
668 358 198 32 ändamålet
888 358 50 31 till
958 359 203 30 oförändrat
1181 359 126 36 belopp
1328 377 43 3 —
1391 359 197 30 hemställer

79 409 173 37 utskottet,

433 464 48 27 alt
504 461 186 36 riksdagen
705 460 58 31 må
785 461 51 30 till
860 461 126 37 Bidrag
1009 461 52 30 till
1082 461 261 37 seismologiska
1363 461 65 30 och
1450 470 137 28 magne-

389 512 91 30 tiska
502 511 218 38 iakttagelser
743 513 10 29 i
776 512 129 30 Abisko
931 512 54 30 för
1009 510 202 38 budgetåret
1238 509 137 37 1942/43
1400 511 117 32 anvisa
1542 514 46 28 ett

389 562 120 37 anslag
528 572 42 21 av
588 563 97 35 8,000
704 563 140 30 kronor.

606 719 56 39 M.
717 719 349 51 Lappväsendet.

120 842 113 40 228:0)
274 843 276 37 Lappfogdarna
577 853 47 22 m.
652 844 51 30 fl.:
731 844 226 38 Avlöningar,
983 844 279 38 förslagsanslag.
1304 845 122 36 Kungl.
1468 845 118 36 Maj:ts

79 894 256 36 framställning
354 894 110 30 under
486 894 112 37 punkt
621 895 62 30 228
700 894 189 31 innefattar
912 913 44 3 —
978 895 153 30 förutom
1152 895 209 30 hemställan
1383 895 51 30 till
1455 894 131 31 riksda-

79 953 63 28 gen
161 947 49 29 att
227 946 56 30 för
300 945 256 37 lappfogdarna
577 955 44 21 m.
643 945 36 32 fl.
699 946 187 36 godkänna
904 946 135 31 ändrad
1058 946 251 37 avlöningsstat
1325 965 44 3 —
1387 947 197 36 anslagsan-

79 996 134 37 visning
234 995 52 31 till
308 996 205 36 avlöningar
533 996 80 31 med
637 996 138 36 110,600
797 997 139 36 kronor,
959 996 106 31 vilket
1087 997 125 36 belopp
1236 997 81 30 med
1337 997 97 36 3,500
1457 997 129 31 kronor

79 1046 186 37 överstiger
284 1046 244 31 motsvarande
549 1046 182 37 anvisning
751 1047 57 30 för
827 1047 234 31 innevarande
1082 1047 178 36 budgetår.
1284 1047 197 37 Höjningen
1501 1048 83 31 hän-

79 1097 55 31 för
159 1096 50 37 sig
234 1096 70 32 helt
330 1097 51 31 till
406 1097 412 37 arvodesuppräkningar
842 1097 51 31 till
918 1097 89 37 följd
1033 1107 42 21 av
1103 1098 42 31 de
1169 1098 156 37 stegrade
1349 1099 235 30 levnadskost-

81 1148 162 31 naderna.

123 1248 76 30 Med
224 1248 239 37 tillstyrkande
485 1258 43 21 av
548 1249 99 30 bifall
671 1249 48 30 till
743 1249 300 37 framställningen
1064 1251 198 29 hemställer
1284 1250 174 37 utskottet,

433 1345 49 26 att
499 1342 183 36 riksdagen
700 1341 58 31 må

434 1393 27 38 1)
491 1393 188 36 godkänna
696 1393 157 37 följande
868 1395 248 36 avlöningsstat
1133 1395 55 31 för
1204 1395 255 37 lappfogdarna
1472 1405 45 21 m.
1529 1405 56 27 m.,

388 1447 48 26 att
464 1444 172 36 tillämpas
661 1445 68 30 tills
754 1444 118 31 vidare
898 1444 79 32 från
1003 1445 65 31 och
1094 1446 78 30 med
1198 1444 202 37 budgetåret
1429 1442 155 34 1942/43:

849 1533 251 30 Avlöningsstat.

390 1587 25 30 1.
439 1586 210 36 Avlöningar
671 1587 50 31 till
745 1587 173 32 ordinarie
941 1587 220 37 tjänstemän,
1186 1589 69 36 för-

486 1637 143 37 SlagSViS
651 1633 10 46 oo
688 1662 562 7 oomeseserseresseesese
1065 1633 36 46 re
1117 1633 136 46 sosse
1281 1640 129 29 kronor
1456 1639 119 35 36,500

386 1689 29 29 2.
442 1688 159 31 Arvoden
630 1689 64 30 och
726 1689 170 31 särskilda
927 1689 238 37 ersättningar,
1196 1690 57 30 be-

488 1738 136 30 stämda
645 1748 41 21 av
710 1739 123 36 Kungl.
856 1739 111 36 Maj:t,
988 1740 200 38 förslagsvis
1217 1764 29 6 ..
1333 1750 12 15 »
1451 1740 120 34 65,200

387 1824 29 31 3.
445 1823 210 37 Avlöningar
682 1824 51 31 till
759 1825 97 36 övrig
881 1825 267 30 icke-ordinarie
1175 1834 74 27 per-

490 1875 107 35 sonal,
627 1874 200 37 förslagsvis
864 1898 382 7 ..sssessrrsererrr
1213 1870 35 46 ra
1478 1875 97 35 3,300

387 1926 28 28 4.
442 1924 130 36 Rörligt
604 1925 124 38 tillägg,
760 1925 200 38 förslagsvis
997 1950 251 6 ............
1337 1937 12 15 >
1478 1925 97 35 5,600

1105 1992 143 30 Summa
1273 1993 129 29 kronor
1429 1994 152 35 110,600;

432 2075 31 39 2)
494 2076 50 30 till
581 2076 269 38 Lappfogdarna
883 2086 45 21 m.
964 2077 52 38 fl.:
1052 2077 209 37 Avlöningar
1296 2077 54 31 för
1383 2078 202 36 budgetåret

391 2121 138 40 1942/43
553 2126 118 30 anvisa
695 2129 45 27 ett
761 2127 268 36 förslagsanslag
1051 2137 41 20 av
1118 2127 138 36 110,600
1277 2127 139 30 kronor.

120 2225 111 39 229:0)
275 2226 276 36 Lappfogdarna
579 2236 46 21 m.
653 2227 52 30 fl.:
734 2227 273 38 Omkostnader,
1033 2228 279 37 förslagsanslag.
1342 2229 77 30 Med
1449 2230 135 36 tillstyr-

79 2276 112 29 kande
213 2285 41 20 av
276 2276 97 29 bifall
397 2276 47 29 till
468 2276 122 35 Kungl.
614 2276 117 36 Maj:ts
756 2277 256 36 framställning
1034 2278 110 29 under
1160 2279 112 34 punkt
1296 2279 63 29 229
1381 2297 43 3 —
1447 2279 139 31 innebä-

79 2326 106 29 rande
202 2326 322 36 anslagsanvisning
542 2326 53 29 för
612 2325 198 31 ändamålet
829 2327 47 29 till
895 2327 202 30 oförändrat
1117 2328 124 36 belopp
1259 2346 43 3 ---
1320 2329 197 30 hemställer
1536 2333 50 27 ut-

79 2376 134 35 skottet,

433 2430 48 26 att
498 2426 184 36 riksdagen
699 2426 56 31 må
775 2427 47 30 till
841 2428 270 36 Lappfogdarna
1130 2438 42 20 m.
1193 2429 51 36 fl.:
1264 2429 255 31 Omkostnader
1534 2431 54 29 för

388 2475 200 38 budgetårel
606 2473 137 43 1942/43
762 2478 120 30 anvisa
900 2481 42 27 ett
964 2478 268 37 förslagsanslag
1252 2489 41 20 av
1312 2480 118 30 70.000
1448 2480 138 31 kronor.

124 2541 109 32 Bihang
244 2541 42 26 till
298 2542 167 32 riksdagens
477 2542 145 31 protokoll
637 2543 72 25 1942.
735 2543 30 24 10
776 2543 79 25 saml.
885 2544 37 23 Nr
943 2545 17 22 1.
1527 2544 28 26 1

1635 1245 128 25 Utskottet.
