1916 2804
271 141 18 30 2
658 144 378 31 Jordbruksutskottets
1061 144 177 31 utlåtande
1262 144 49 31 Nr
1341 145 50 30 53.

275 228 75 40 647)
390 228 55 30 för
475 231 127 28 statens
633 228 232 31 fiskenämnd.
898 228 305 37 Förordningarna
1233 229 90 36 gälla
1352 228 52 31 till
1434 229 66 29 och
1530 228 79 30 med
1641 228 67 30 den
1738 228 41 30 30

273 278 76 36 juni
379 278 94 30 1941.

319 330 14 29 I
355 329 164 31 skrivelse
539 330 67 30 den
627 330 41 29 27
691 330 133 35 augusti
850 329 83 31 1940
954 330 63 29 har
1038 331 130 29 statens
1188 328 224 38 fiskenämnd
1432 328 184 37 hemställt,
1638 331 50 28 att
1708 335 71 29 reg-

275 379 154 36 leringen
452 390 42 20 av
517 380 153 30 handeln
692 381 78 29 med
794 380 98 30 färsk
916 379 204 36 strömming
1143 379 66 31 och
1232 379 53 30 sill
1310 378 107 31 måtte
1441 378 175 37 förlängas
1641 377 45 38 på
1710 378 70 30 fem

275 429 39 31 år
332 431 83 29 eller
435 431 51 30 till
505 431 64 30 och
589 431 81 29 med
689 431 65 30 den
773 431 41 30 30
832 430 78 36 juni
933 430 91 30 1946.
1046 429 280 31 Fiskenämnden
1347 430 65 29 har
1431 430 11 29 i
1462 428 188 31 skrivelsen
1670 428 110 30 tillika

274 480 178 36 föreslagit
472 481 89 30 vissa
580 480 187 36 ändringar
787 482 10 29 i
816 480 307 30 bestämmelserna
1143 480 148 30 rörande
1311 478 221 37 regleringen.
1554 478 226 30 Beträffande

274 530 213 37 regleringen
507 532 111 29 under
642 532 67 29 den
733 530 197 37 föreslagna
952 540 67 27 nya
1043 530 164 37 perioden
1229 531 64 29 har
1317 529 268 31 fiskenämnden
1608 528 173 30 inhämtat

275 582 184 37 yttranden
485 581 79 31 från
590 586 47 27 ett
663 582 112 30 flertal
800 580 403 38 producentföreningar,
1231 579 290 36 fiskeföreningar
1546 579 66 29 och
1639 578 140 30 fiskför-

275 631 379 37 säljningsföreningar.
692 626 88 36 Över
814 631 286 31 fiskenämndens
1135 630 164 32 skrivelse
1332 630 66 30 har
1431 628 350 39 lantbruksstyrelsen

275 683 66 30 den
365 684 38 29 12
424 683 142 29 oktober
588 683 84 30 1940
693 682 124 36 avgivit
837 681 171 31 infordrat
1027 680 189 31 utlåtande.

319 733 280 31 Fiskenämnden
615 729 75 35 har
714 733 117 31 vidare
856 733 11 30 i
894 732 147 31 särskild
1065 731 165 31 skrivelse
1255 731 67 30 den
1348 731 40 29 27
1415 729 135 37 augusti
1577 728 84 31 1940
1685 728 94 30 hem-

275 785 103 36 ställt,
401 788 50 27 att
473 784 49 31 till
544 785 123 35 bidrag
689 784 50 30 till
761 783 168 37 reglering
952 793 41 21 av
1015 782 154 31 handeln
1191 783 79 29 med
1292 782 99 30 färsk
1412 779 205 37 strömming
1639 780 66 29 och
1726 778 54 31 sill

274 843 46 22 m.
339 844 47 20 m.
406 833 106 32 måtte
530 835 55 30 för
603 835 102 29 nästa
722 832 167 38 budgetår
909 833 135 30 anvisas
1065 836 47 27 ett
1131 832 270 36 förslagsanslag
1420 840 42 21 av
1483 830 138 35 155,000
1641 830 138 29 kronor.

319 886 14 29 I
358 885 164 30 skrivelse
545 885 67 30 den
637 885 41 29 26
703 884 143 31 oktober
873 883 84 30 1940
980 884 63 29 har
1067 882 220 31 Stockholms
1310 881 79 31 läns
1413 879 367 39 fiskförsäljningsför-

275 935 102 38 ening
401 945 32 22 u.
458 945 32 27 p.
514 946 29 21 a.
569 935 187 30 framställt
779 934 92 30 vissa
895 934 214 37 synpunkter
1132 931 21 31 å
1176 933 68 30 den
1267 933 161 30 fortsatta
1451 930 263 36 tillämpningen
1738 938 43 21 av

275 986 222 36 regleringen.

320 1036 367 36 Lantbruksstyrelsen
715 1036 63 29 har
806 1035 195 29 sedermera
1029 1034 80 29 med
1139 1036 73 33 eget
1240 1032 161 37 yttrande
1429 1031 68 30 den
1526 1031 37 29 11
1594 1030 186 30 november

277 1087 83 31 1940
383 1087 213 30 överlämnat
617 1095 44 21 en
682 1086 66 30 den
768 1086 38 29 31
830 1085 146 29 oktober
999 1084 82 30 1940
1102 1083 217 36 dagtecknad
1341 1081 164 31 skrivelse
1527 1079 80 32 från
1627 1079 153 31 Svenska

274 1135 311 38 ostkustfiskarnas
610 1135 296 39 centralförbund,
933 1135 73 30 däri
1031 1133 189 31 förbundet
1243 1132 186 35 hemställt,
1456 1134 49 27 att
1528 1130 251 37 lantbrukssty-

274 1188 112 30 relsen
420 1188 57 30 vid
509 1187 192 36 avgivande
733 1196 42 20 av
808 1186 58 30 sitt
899 1185 158 37 yttrande
1091 1185 82 29 över
1205 1182 285 31 fiskenämndens
1524 1179 256 36 framställning

275 1239 78 31 ville
379 1239 126 30 beakta
529 1238 67 30 vad
622 1246 75 20 som
723 1236 133 30 anförts
883 1235 58 30 vid
967 1238 45 26 ett
1038 1233 259 31 sammanträde
1321 1232 80 30 med
1426 1232 274 36 representanter
1726 1229 54 30 för

275 1289 197 30 ostkustens
500 1285 507 38 fiskförsäljningsföreningar.
1034 1283 66 31 Vid
1130 1283 203 30 förbundets
1363 1282 162 30 skrivelse
1553 1281 104 30 fanns
1686 1280 94 36 fogat

275 1339 174 37 protokoll
474 1337 77 31 från
578 1336 283 32 sammanträdet.

319 1389 156 30 Svenska
505 1386 309 39 ostkustfiskarnas
846 1383 285 40 centralförbund
1162 1384 64 29 har
1257 1383 119 29 vidare
1408 1383 10 30 i
1449 1381 163 31 skrivelse
1642 1380 66 30 den
1738 1380 42 29 30

273 1441 139 39 januari
436 1440 80 30 1941
538 1438 186 36 hemställt,
745 1440 48 28 att
817 1437 68 30 den
906 1436 158 30 fortsatta
1083 1434 214 36 regleringen
1320 1442 42 21 av
1383 1432 152 31 handeln
1555 1432 81 30 med
1657 1432 119 30 ström-

275 1492 95 36 ming
387 1491 67 30 och
474 1490 52 31 sill
544 1489 107 31 måtte
668 1488 194 31 utsträckas
882 1489 50 28 att
950 1495 78 21 avse
1044 1485 132 36 jämväl
1195 1484 78 30 salt-
1293 1484 66 29 och
1379 1481 274 36 surströmming.
1691 1476 90 36 Över

275 1543 115 29 denna
411 1541 163 30 skrivelse
593 1540 66 30 har
681 1541 126 28 statens
828 1537 223 30 fiskenämnd
1070 1536 68 29 den
1163 1535 38 29 10
1221 1533 155 31 februari
1399 1533 81 30 1941
1502 1532 127 36 avgivit
1648 1531 132 31 inford-

274 1596 54 27 rat
347 1591 188 31 utlåtande.

320 1642 182 36 Härjämte
527 1642 46 29 ha
598 1638 298 36 framställningar
920 1638 11 29 i
954 1637 116 29 ämnet
1094 1635 186 30 inkommit
1305 1634 81 30 från
1411 1634 107 30 bland
1541 1634 111 30 andra
1677 1631 103 31 Sven-

275 1692 62 30 ska
361 1688 406 42 fiskhandelsförbundet
789 1689 10 29 i
824 1687 164 31 skrivelse
1011 1687 67 30 den
1103 1687 17 28 7
1146 1684 137 38 januari
1309 1685 95 29 1941.

535 1828 292 43 Grunddragen
851 1837 52 23 av
927 1824 183 45 gällande
1134 1823 385 44 regleringssystem.

318 1919 270 38 Ifrågavarande
611 1918 167 37 reglering
800 1917 11 30 i
836 1917 55 29 sin
913 1915 201 31 nuvarande
1137 1912 217 38 utformning
1377 1913 107 36 gäller
1508 1911 79 31 från
1611 1911 65 31 och
1700 1911 79 30 med

274 1971 66 30 den
369 1972 14 29 1
412 1970 137 37 januari
576 1969 84 30 1938
684 1968 49 30 till
756 1968 66 29 och
848 1967 80 29 med
953 1966 65 30 den
1043 1966 41 29 30
1109 1964 77 37 juni
1214 1964 79 29 1941
1322 1967 91 26 samt
1436 1963 165 30 omfattar
1627 1961 151 31 handeln

273 2022 79 30 med
376 2020 203 37 strömming
603 2020 66 29 och
691 2017 64 40 sill,
778 2026 74 21 som
876 2015 136 37 fångats
1034 2016 11 30 i
1069 2010 180 40 Östersjön
1272 2014 66 30 och
1361 2013 180 30 Bottniska
1564 2012 103 30 viken
1691 2014 88 28 samt

273 2071 185 31 ilandförts
482 2071 55 30 vid
560 2071 127 29 kusten
708 2069 115 29 därav.
848 2067 123 30 Denna
992 2065 99 36 fråga
1112 2064 237 31 behandlades
1372 2063 58 30 vid
1456 2063 80 30 1937
1561 2061 55 31 års
1639 2062 140 34 riksdag

280 2122 109 39 (prop.
409 2131 42 21 nr
469 2122 72 35 295,
561 2120 132 37 jordbr.
711 2119 89 30 utsk.
819 2118 61 30 utl.
900 2127 42 20 nr
960 2117 56 35 86;
1034 2115 203 35 riksdagens
1256 2115 69 29 skr.
1344 2123 43 20 nr
1406 2112 91 40 335).
1519 2112 90 31 Från
1629 2112 148 35 tillämp-

271 2172 260 39 ningsområdet
552 2173 65 29 har
642 2171 223 30 Norrbottens
889 2169 59 29 län
970 2167 87 30 varit
1079 2166 212 36 undantaget
1317 2168 91 27 samt
1432 2164 50 30 till
1506 2164 66 30 den
1597 2165 15 28 1
1638 2162 137 40 januari

275 2226 80 29 1941
386 2224 129 39 jämväl
539 2222 255 31 Västerbottens
819 2220 69 30 län.
927 2218 192 36 Uppsikten
1144 2218 81 29 över
1249 2216 155 30 handeln
1429 2215 79 30 med
1531 2214 98 30 färsk
1654 2215 120 29 ström-

272 2276 95 36 ming
390 2276 67 30 och
482 2274 52 31 sill
556 2275 66 29 har
644 2273 135 30 utövats
805 2281 43 20 av
872 2273 127 27 statens
1023 2267 233 36 fiskenämnd,
1281 2276 75 21 som
1381 2265 114 31 består
1517 2274 42 21 av
1583 2268 60 33 tre,
1669 2265 11 29 i
1706 2264 68 30 för-

271 2326 164 31 hållande
455 2325 50 31 till
525 2322 264 38 ifrågavarande
808 2321 170 30 intressen
997 2319 179 37 opartiska
1196 2327 173 27 personer.

317 2384 73 30 Har
412 2392 42 21 av
477 2383 138 35 fiskare,
640 2382 55 30 för
717 2380 91 30 vilka
831 2379 92 30 fiske
945 2379 98 35 utgör
1065 2376 232 36 huvudsaklig
1319 2376 83 30 eller
1424 2373 166 36 väsentlig
1612 2373 164 30 inkomst-

271 2427 104 36 källa,
400 2426 125 30 bildats
549 2423 205 32 ekonomisk
780 2421 160 36 förening
965 2421 53 30 för
1043 2422 213 34 gemensamt
1281 2417 205 37 avyttrande
1510 2426 42 20 av
1578 2415 200 36 fångsterna

272 2479 41 21 av
337 2468 205 36 strömming
564 2468 66 30 och
655 2465 53 32 sill
730 2465 118 30 utmed
872 2463 68 30 viss
964 2462 219 31 kuststräcka
1213 2457 389 41 (producentförening),
1627 2457 67 35 må,
1719 2457 53 29 dä-
