1874 2784
455 186 278 33 Statsutskottets
751 183 174 32 utlåtande
943 194 40 19 nr
1000 185 37 29 61
1059 181 36 31 år
1112 184 82 28 19653
1530 183 38 28 51

103 269 33 39 9)
164 268 125 40 ökning
310 268 74 31 med
409 269 131 29 191000
563 266 48 31 kr.
634 276 42 20 av
700 264 171 39 delposten
894 262 50 32 till
967 261 145 32 arvoden
1134 261 36 31 åt
1193 259 225 40 speciallärare
1440 257 61 32 och
1523 256 48 32 bi-

165 312 163 32 trädande
344 312 113 36 lärare,

86 358 52 40 10)
163 357 139 40 höjning
325 368 42 20 av
392 356 172 38 delposten
588 354 50 31 till
663 351 221 40 ersättningar
908 351 38 32 åt
970 348 161 40 tillfälliga
1156 349 114 37 lärare,
1296 346 190 33 assistenter
1510 344 61 32 och

166 400 331 41 övningsassistenter
514 399 74 31 med
608 401 90 28 1374
711 401 61 28 000
789 397 58 36 kr.,

87 446 51 39 11)
166 445 138 40 höjning
323 456 41 20 av
381 442 431 41 representationsbidraget
828 441 37 31 åt
882 440 112 32 rektor
1012 439 74 31 med
1105 441 60 29 600
1183 438 59 37 kr.,

87 491 51 38 12)
167 490 211 31 beräknande
397 500 43 20 av
460 488 105 32 medel
584 487 51 32 för
653 498 40 20 en
713 486 106 39 tjänst
837 496 70 21 som
927 483 333 33 biblioteksassistent
1279 482 8 31 i
1306 482 50 31 Ae
1369 484 47 34 13,

88 535 51 39 13)
168 534 107 40 tjänst
293 545 68 20 som
381 533 102 32 förste
502 532 284 39 byråsekreterare
805 530 9 31 i
832 530 52 40 Ag
895 533 50 33 23,

88 580 52 39 14)
169 578 195 40 indragning
380 589 42 20 av
439 577 106 39 tjänst
563 587 70 21 som
650 575 169 41 gårdskarl
836 575 10 31 i
863 575 51 39 Ag
926 577 29 34 7,

88 624 52 39 15)
169 623 211 31 beräknande
398 633 42 20 av
460 621 105 32 medel
584 621 51 31 för
653 624 128 28 tretton
799 630 66 29 nya
884 617 299 39 biträdestjänster.

127 713 376 42 Departementschefen
519 712 60 31 har
595 711 71 31 icke
682 710 121 31 biträtt
819 708 121 40 förslag
955 707 73 31 från
1044 706 240 39 överstyrelsen
1301 704 51 31 för
1367 703 41 31 de
1424 701 151 33 tekniska

87 769 219 40 högskolorna
327 778 54 21 om
402 767 43 31 bl.
458 778 29 21 a.
508 764 191 33 inrättande
721 774 42 21 av
786 762 166 40 professur
972 760 61 32 och
1054 758 358 33 universitetslektorat
1433 755 11 32 i
1464 754 112 41 fastig-

88 821 284 32 hetsstrukturens
386 818 162 33 ekonomi.
563 818 52 32 En
630 815 243 40 framställning
886 815 74 31 från
973 813 197 41 högskolans
1185 810 197 33 studentkår
1396 820 54 21 om
1465 809 113 39 anslag

88 874 50 33 för
164 878 98 28 nästa
288 873 162 40 budgetår
476 872 49 31 till
552 871 64 31 den
642 868 266 33 studiekurativa
933 866 253 33 verksamheten
1213 865 56 31 vid
1296 863 179 40 högskolan
1502 861 76 32 med

92 931 37 29 10
142 931 60 28 000
219 928 49 30 kr.
284 926 60 32 har
360 923 364 42 departementschefen
741 922 68 32 inte
825 921 101 32 heller
941 920 172 40 tillstyrkt.

131 1016 227 39 Sammanlagt
372 1014 137 32 innebär
522 1013 123 40 Kungl.
659 1011 120 40 Maj:ts
794 1011 120 40 förslag
927 1021 40 20 en
982 1007 267 41 anslagshöjning
1263 1006 74 31 med
1353 1009 18 27 4
1384 1008 59 29 337
1456 1007 60 29 000
1530 1004 48 30 kr.

135 1125 175 31 Utskottet
334 1124 55 31 vill
412 1123 77 31 med
512 1120 176 40 anledning
712 1131 42 20 av
778 1118 206 31 motionerna
1008 1116 28 31 I:
1049 1118 37 28 71
1112 1115 61 31 och
1197 1114 100 31 II:80
1321 1111 183 36 framhålla,
1528 1113 53 28 att

92 1178 115 41 frågan
223 1188 56 21 om
294 1176 191 32 inrättande
501 1186 41 21 av
560 1174 58 31 det
632 1173 184 39 föreslagna
832 1171 180 32 lektoratet
1028 1168 94 32 torde
1138 1168 81 31 böra
1235 1177 51 21 ses
1301 1166 11 31 i
1328 1164 161 33 samband
1505 1163 76 32 med

92 1231 257 39 överstyrelsens
365 1229 120 40 förslag
501 1238 54 21 om
572 1225 191 33 inrättande
779 1236 42 20 av
838 1235 41 20 en
896 1222 165 41 professur
1078 1221 10 32 i
1104 1218 385 42 fastighetsstrukturens
1506 1217 74 31 eko-

93 1284 98 32 nomi.
215 1283 175 32 Utskottet
411 1284 37 30 är
468 1280 112 33 därför
600 1280 71 31 icke
692 1279 109 31 berett
822 1281 52 28 att
895 1276 166 39 tillstyrka
1082 1274 93 32 bifall
1196 1273 49 32 till
1267 1273 58 31 det
1345 1272 11 31 i
1376 1270 207 33 motionerna

93 1336 208 33 framställda
323 1335 174 40 yrkandet.
520 1333 177 32 Utskottet
721 1332 195 31 förutsätter
939 1327 180 33 emellertid
1142 1331 52 28 att
1216 1325 124 40 Kungl.
1363 1324 105 39 Maj:t
1490 1326 92 29 över-

94 1393 100 37 väger
216 1388 263 41 organisationen
503 1387 89 31 inom
615 1384 218 33 förevarande
856 1381 248 34 ämnesområde
1128 1383 88 29 samt
1238 1379 196 39 framlägger
1456 1377 40 31 de
1519 1376 64 31 för-

94 1444 78 39 slag,
197 1453 71 21 som
290 1441 55 31 må
367 1451 95 22 anses
485 1439 183 40 påkallade.

136 1497 217 34 Beträffande
376 1496 58 31 det
459 1495 10 31 i
493 1493 206 32 motionerna
725 1491 80 31 I:73
830 1489 61 32 och
915 1488 99 31 II:79
1039 1486 207 32 framställda
1270 1484 155 40 förslaget
1448 1494 55 20 om
1527 1493 57 20 an-

95 1553 139 31 visande
256 1562 43 21 av
324 1552 111 29 10000
458 1548 49 31 kr.
530 1546 50 32 till
604 1543 313 41 studierådgivande
939 1539 213 33 verksamhet
1175 1538 56 32 vid
1255 1537 180 41 högskolan
1459 1536 51 31 får
1531 1539 53 28 ut-

96 1607 128 30 skottet
241 1604 105 32 erinra
362 1614 55 21 om
433 1606 53 27 att
502 1600 167 32 utskottet
686 1598 10 31 i
713 1597 59 32 sitt
789 1608 43 20 av
850 1598 79 29 1962
947 1595 52 31 års
1015 1593 133 40 riksdag
1164 1591 177 41 godkända
1356 1589 173 33 utlåtande
1547 1599 38 21 nr

99 1662 58 28 103
182 1659 40 38 (s.
247 1657 52 40 14)
324 1655 194 37 förklarade,
543 1657 52 27 att
618 1651 102 40 enligt
743 1650 184 32 utskottets
950 1646 132 41 mening
1104 1657 40 20 en
1167 1648 141 36 översyn
1331 1654 78 21 vore
1431 1642 154 40 påkallad

97 1712 50 32 för
170 1715 53 28 att
246 1713 149 29 närmare
418 1707 167 39 klarlägga
607 1705 145 31 behovet
774 1714 42 20 av
839 1699 312 41 studierådgivande
1174 1697 213 33 verksamhet
1408 1696 56 32 vid
1487 1696 100 39 högre

98 1762 376 41 utbildningsanstalter.
491 1759 176 32 Utskottet
684 1756 186 32 förklarade
887 1754 123 37 vidare,
1027 1756 53 29 att
1097 1752 67 38 det,
1181 1752 102 31 innan
1300 1761 39 20 en
1357 1750 121 31 allmän
1495 1751 92 29 över-

99 1829 61 28 syn
178 1816 121 32 hunnit
316 1814 204 35 verkställas,
536 1811 102 32 borde
655 1812 182 37 övervägas
854 1812 53 27 att
924 1805 178 33 försöksvis
1121 1803 216 39 understödja
1354 1803 64 31 den
1436 1802 56 31 vid
1510 1801 78 40 hög-

99 1871 116 31 skolan
235 1868 160 32 bedrivna
417 1863 311 41 studierådgivande
751 1860 252 33 verksamheten
1025 1858 75 31 med
1123 1857 202 32 statsmedel.
1347 1856 55 31 Då
1422 1855 167 31 utskottet

99 1923 75 31 med
196 1922 129 38 hänsyn
346 1920 49 31 till
415 1918 131 40 frågans
567 1915 202 40 principiella
789 1913 160 32 räckvidd
970 1911 68 32 inte
1058 1921 60 21 var
1138 1910 109 31 berett
1267 1913 53 27 att
1340 1908 176 39 tillstyrka,
1537 1911 49 27 att

100 1980 51 28 ett
176 1974 132 33 särskilt
331 1973 121 38 belopp
476 1970 129 38 anslogs
629 1968 51 32 för
704 1966 200 37 ändamålet,
929 1965 102 31 borde
1056 1964 57 31 det
1137 1963 34 31 få
1196 1962 179 31 ankomma
1399 1961 43 39 på
1467 1959 122 40 Kungl.

100 2028 104 39 Maj:t
226 2031 53 28 att
300 2026 150 36 bedöma,
473 2022 164 33 huruvida
660 2020 116 40 bidrag
798 2031 42 20 av
863 2017 303 41 engångskaraktär
1188 2015 111 32 kunde
1321 2014 131 32 anvisas
1475 2025 41 20 av
1540 2013 50 31 till

101 2081 124 40 Kungl.
243 2079 120 38 Maj:ts
380 2075 195 41 disposition
593 2074 137 32 stående
748 2073 115 32 medel.

142 2137 178 31 Utskottet
341 2134 60 31 har
422 2132 71 32 icke
516 2130 74 31 med
613 2127 177 39 anledning
812 2137 42 20 av
877 2123 206 34 motionerna
1104 2122 80 31 1:73
1206 2121 61 32 och
1291 2121 47 31 II:
1351 2124 39 27 79
1412 2119 110 32 funnit
1544 2119 47 40 sig

103 2191 81 31 böra
207 2188 116 39 frångå
346 2187 63 31 den
432 2182 226 42 uppfattning,
682 2180 98 31 varåt
803 2179 167 31 utskottet
993 2175 195 39 föregående
1212 2174 37 31 år
1273 2184 63 29 gav
1361 2172 145 39 uttryck.
1531 2173 61 31 Ut-

104 2244 128 30 skottet
248 2241 56 31 vill
321 2240 9 31 i
347 2240 93 30 detta
458 2235 238 38 sammanhang
713 2233 122 31 betona
851 2228 278 41 angelägenheten
1147 2238 41 20 av
1206 2231 53 27 att
1273 2226 154 39 åtgärder
1443 2225 149 40 vidtages

104 2296 49 31 för
177 2298 53 28 att
253 2292 128 32 minska
403 2290 195 31 frekvensen
621 2297 42 20 av
688 2285 137 32 avbrott
848 2283 61 31 och
933 2280 202 40 förseningar
1157 2291 42 19 av
1223 2278 170 32 studierna
1416 2278 55 30 vid
1494 2278 99 39 högre

105 2343 375 42 utbildningsanstalter.
506 2341 75 30 Den
610 2338 56 32 vid
694 2336 180 40 högskolan
902 2333 159 32 bedrivna
1088 2331 312 40 studierådgivande
1428 2330 165 31 verksam-

105 2401 98 30 heten
225 2408 96 29 synes
340 2396 43 31 ha
403 2394 87 32 varit
509 2404 43 20 av
571 2395 85 28 stort
676 2390 101 31 värde
798 2389 9 30 i
826 2389 95 30 detta
941 2385 171 33 avseende.
1133 2384 176 32 Utskottet
1329 2394 94 20 anser
1443 2383 46 40 sig
1509 2387 85 27 trots

105 2454 96 30 detta
228 2451 71 31 icke
325 2450 80 30 böra
431 2446 132 32 biträda
589 2444 261 32 motionärernas
877 2439 157 41 yrkande.
1062 2438 69 31 Det
1159 2437 93 31 torde
1280 2436 9 31 i
1316 2436 103 31 första
1445 2436 88 30 hand
1562 2435 33 32 få

106 2506 179 31 ankomma
300 2503 42 39 på
355 2500 124 40 Kungl.
493 2497 103 39 Maj:t
610 2501 52 28 att
677 2499 104 36 pröva
795 2505 54 21 om
863 2493 117 39 bidrag
994 2503 41 20 av
1051 2490 191 32 statsmedel
1258 2488 148 32 befinnes
1421 2489 79 31 böra
1515 2489 80 40 utgå

108 2559 49 31 för
172 2555 199 33 ändamålet.

107 2631 30 25 4”
156 2644 33 4 —
207 2628 101 30 Bihang
327 2626 37 26 till
382 2624 149 31 riksdagens
548 2621 130 33 protokoll
696 2622 73 24 1963.
804 2623 14 22 6
837 2619 72 25 saml.
945 2618 39 26 Nr
1002 2620 28 22 61
