2196 2620
677 100 357 41 Bevillninysutskottets
1059 99 194 34 betänkande
1280 100 48 32 Nr
1352 101 51 32 67.
1736 102 40 30 23

1063 180 210 48 Transport
1304 180 142 35 kronor
1477 181 262 45 240,250,000:
1760 201 48 5 —

1189 267 93 33 Ökning
1323 273 40 26 för
1384 273 75 34 varje

1211 309 61 25 fullt
1300 308 130 26 hundrata

1188 344 110 28 kronor,
1310 352 58 17 som
1381 343 79 26 faller

277 342 253 34 beskattningsbar
625 360 155 26 Procenttal
916 360 203 36 Skattebelopp
1189 378 100 26 mellan
1305 378 32 26 de
1353 378 6 25 i
1374 378 54 26 kol.
1445 378 13 25 1

311 377 177 26 merinkomsl

1192 422 121 26 angivna
1327 413 132 26 inkomsl-

1259 447 135 36 beloppen

346 490 105 26 Kronor
959 491 104 26 Kronor
1272 491 107 26 Kronor

301 546 163 42 250,000
675 546 46 32 20
959 547 137 43 55,000
1309 546 46 33 34

301 595 164 45 300,000
677 597 41 33 24
961 597 136 44 72.000
1309 598 46 33 38

301 646 163 46 350.000
675 649 45 32 26;
959 649 137 44 91,000
1308 650 46 32 42

300 698 164 38 400.000
675 700 46 33 28
939 701 158 45 112,000
1309 702 46 31 35

301 750 163 45 500,000
675 753 46 32 30
936 753 160 44 150,000
1307 753 48 33 42

301 802 163 45 600,000
675 805 46 32 32
936 805 159 45 192.000
1307 804 47 34 46

302 853 162 46 700,000
675 856 46 32 34
934 855 162 46 238.000
1309 856 46 34 50

300 905 163 45 300,000
674 907 46 33 36
934 907 161 46 288,000
1306 907 48 34 46

266 956 198 45 1,000,000
675 959 45 31 38
933 958 163 45 380,000
1307 959 47 34 42

262 1008 202 44 2.000,000
674 1030 48 3 —
1047 1031 45 4 —
1312 1029 43 6 —

351 1110 74 36 För
454 1111 255 47 merinkomst,
740 1125 79 23 som
842 1115 148 46 uppgår
1010 1112 54 36 till
1087 1114 202 46 2,000,000
1312 1113 136 36 kronor

222 1163 88 35 eller
339 1162 210 42 därutöver,
579 1169 114 41 utgör
722 1164 147 36 skatten
901 1166 49 34 40
980 1165 139 36 kronor
1149 1169 58 32 tör
1231 1165 105 48 varje
1356 1166 91 35 fulla

226 1216 69 33 100
325 1214 150 36 kronor.

350 1270 26 32 2
404 1279 102 23 mom.
562 1267 136 36 Därest
735 1267 195 37 inländskt
971 1269 235 48 aktiebolags
1236 1269 89 36 eller
1354 1270 87 35 soli-

222 1318 142 35 dariskt
392 1317 236 49 bankbolags
658 1319 57 36 för
744 1322 79 34 året
852 1319 57 36 till
929 1320 181 36 inkomst-
1132 1320 67 36 och
1223 1321 219 48 förmögen-

222 1369 185 36 hetsskatt
449 1370 177 36 taxerade
667 1370 166 38 inkomst
875 1372 213 48 överstiger
1133 1374 43 33 10
1215 1378 156 43 procent
1399 1386 47 22 av

224 1421 170 47 bolagets
433 1421 154 48 kapital,
629 1422 132 36 sådant
802 1423 209 36 detsamma
1048 1424 61 35 vid
1140 1426 99 34 årets
1270 1425 175 47 taxering

222 1472 214 47 beräknats,
466 1472 94 37 skall
588 1473 173 49 bolagets
790 1475 445 49 krigskonjunkturskatt
1265 1475 91 37 ökas

351 1524 56 36 för
448 1526 105 47 varje
595 1525 66 36 full
696 1526 152 48 tiondel,
878 1527 152 37 varmed
1060 1528 71 36 den
1160 1528 121 49 enligt
1310 1530 47 34 20
1386 1528 20 49 8
1435 1530 10 34 i

223 1577 270 48 förordningen
535 1590 59 23 om
636 1578 181 37 inkomst-
859 1579 70 37 och
964 1579 391 49 förmögenhetsskatt
1383 1581 62 36 be-

221 1628 165 36 räknade
430 1629 371 50 inkomstprocenten
844 1632 209 48 överstiger
1095 1634 45 34 10
1183 1645 86 23 men
1306 1633 32 47 ej
1374 1634 71 34 100

221 1686 155 42 procent
419 1681 82 36 med
544 1682 84 36 0.05
672 1689 155 42 procent
870 1697 46 22 av
950 1684 61 36 det
1039 1683 120 48 enligt
1191 1686 16 34 I
1240 1697 111 23 mom.
1382 1685 59 36 be-

220 1731 165 38 räknade
415 1733 311 50 skattebeloppet,
757 1741 98 30 samt

351 1784 57 36 för
451 1785 103 49 varje
596 1786 66 36 full
706 1786 150 48 tiondel,
887 1787 153 37 varmed
1070 1788 374 50 inkomstprocenten

220 1836 212 49 överstiger
476 1837 71 35 100
588 1844 166 42 procent,
798 1839 82 36 med
924 1841 81 35 0.01
1052 1845 157 44 procent
1251 1854 46 22 av
1333 1854 110 36 nyss-

220 1888 165 36 nämnda
413 1889 272 50 skattebelopp,

350 1940 96 37 dock
489 1946 53 31 att
576 1955 142 23 samma
747 1942 263 51 skattebelopp
1040 1944 31 48 ej
1105 1944 10 35 i
1145 1947 117 46 något
1291 1945 63 36 fall
1386 1947 59 34 må

222 1991 166 48 förhöjas
419 1993 85 36 med
534 2006 101 24 mera
664 2000 45 31 än
741 1996 47 35 50
816 2001 166 44 procent.

349 2044 72 36 Fill
463 2044 157 50 ledning
660 2046 62 36 vid
759 2047 251 36 uträknandet
1038 2061 45 23 av
1107 2048 10 36 i
1145 2048 103 37 detta
1277 2056 167 30 moment

220 2096 225 36 omförmäld
467 2096 220 51 förhöjning
702 2111 47 23 av
766 2098 493 49 krigskonjunkturskatten
1275 2101 169 36 utfärdar

222 2146 141 49 Kungl.
396 2147 107 49 Maj:t
531 2149 244 49 erforderliga
803 2150 168 37 tabeller.

1068 2221 208 50 Transport
1305 2222 139 36 kronor
1473 2208 264 64 240,250,000:
1774 2208 34 43 —
