2174 2616
638 149 362 41 Bevillningsutskottets
1024 151 192 32 betänkande
1241 152 51 30 Nr
1316 154 50 30 67.
1745 156 8 28 1

927 712 58 40 Nr
1013 713 62 42 67.

811 869 113 26 Ankom
943 869 41 26 till
1006 869 166 35 riksdagens
1191 870 91 27 kansli
1303 871 53 26 den
1381 873 27 23 17
1426 872 62 35 juni
1510 873 65 25 1918
1595 873 37 26 kl.
1653 875 15 23 3
1688 883 21 16 e.
1730 883 34 16 m.

398 1008 413 45 Bevillningsutskottets
855 1009 232 42 betänkande,
1131 1011 183 44 angående
1356 1011 197 45 beräkning
1596 1025 43 22 arv
1682 1014 118 35 bevill-

598 1080 183 42 ningarna
804 1077 67 44 för
900 1080 43 32 år
970 1081 111 32 1919.

397 1231 220 27 Närvarande:
636 1230 94 27 herrar
758 1231 232 31 Hammarström,
1017 1232 99 35 Röing,
1140 1232 86 26 Jacob
1251 1232 128 27 Larsson.
1400 1233 66 27 Elof
1482 1233 167 37 Ljunggren,
1671 1229 127 41 Östberg,

632 1273 88 35 Wijk,
740 1273 138 32 Källman,
900 1274 112 27 Nilsson
1032 1276 7 25 i
1059 1275 187 26 Kristianstad
1267 1275 52 34 och
1339 1275 165 36 Söderberg.

327 1412 122 37 Sedan
492 1412 143 50 Kungl.
664 1412 107 49 Maj:t
798 1412 12 36 i
838 1413 73 36 den
941 1413 55 36 till
1024 1414 254 37 innevarande
1307 1417 60 33 års
1395 1415 157 49 riksdag
1583 1417 212 48 framlagda

194 1464 283 49 propositionen
520 1464 196 49 angående
750 1464 248 37 statsverkets
1027 1465 167 37 tillstånd
1224 1466 69 36 och
1321 1466 125 37 behov
1475 1468 148 48 avgivit
1652 1468 145 49 förslag

194 1517 12 35 1
235 1516 108 48 fråga
371 1529 60 23 om
460 1516 212 48 beräkning
700 1530 47 22 av
776 1516 303 50 bevillningarna
1107 1517 57 37 för
1192 1520 39 33 år
1262 1520 110 45 1919,
1403 1519 97 36 hava
1527 1532 140 36 genom
1696 1520 100 37 olika

195 1568 289 49 propositioner,
519 1569 5 35 i
552 1568 184 37 samband
779 1569 83 36 med
909 1568 142 49 förslag
1091 1582 60 23 om
1194 1570 165 36 ändrade
1401 1571 168 48 grunder
1611 1572 58 36 för
1696 1572 100 36 vissa

196 1619 263 49 bevillningar,
488 1619 217 49 ifrågasatts
734 1620 128 36 dessas
892 1620 241 37 beräknande
1160 1622 56 35 till
1243 1622 116 49 höjda
1378 1621 146 51 belopp.
1573 1623 222 49 Riksdagen

194 1671 67 36 har
300 1684 158 24 numera
491 1671 111 37 fattat
630 1672 124 36 beslut
781 1673 12 35 i
822 1672 207 49 anledning
1057 1686 47 22 av
1133 1673 68 36 sist
1230 1674 248 36 omförmälda
1507 1675 286 50 propositioner.

193 1722 225 38 Sedermera
459 1724 66 36 har
552 1723 142 49 Kungl.
725 1724 106 48 Maj:t
859 1724 12 35 i
895 1737 47 23 en
971 1724 71 37 den
1073 1726 20 34 6
1117 1725 86 47 juni
1235 1727 96 34 1918
1361 1725 239 50 dagtecknad
1628 1728 169 49 proposi-

194 1775 91 47 tion,
314 1789 45 22 nr
386 1777 88 45 439,
504 1776 84 36 med
617 1775 256 37 återkallande
902 1790 46 22 av
976 1776 162 48 tidigare
1165 1777 137 49 gjorda
1330 1777 154 49 förslag,
1514 1779 12 35 i
1551 1779 73 36 den
1645 1782 85 33 mån
1751 1779 45 37 de

194 1826 123 37 strede
359 1833 79 30 mot
478 1827 45 36 de
552 1828 12 35 i
593 1827 412 49 statsrådsprotokollet
1046 1828 56 36 till
1144 1829 234 36 sistnämnda
1415 1831 236 48 proposition
1680 1831 115 36 fram-

194 1877 147 47 ställda,
384 1878 197 49 föreslagit
621 1878 219 49 riksdagen,
883 1879 113 37 bland
1027 1885 125 41 annat,
1182 1886 55 31 att
1265 1880 166 37 beräkna
1460 1882 251 37 statsverkets
1739 1882 55 36 in-

194 1929 166 37 komster
388 1931 59 36 för
475 1933 40 34 år
547 1933 95 35 1919
673 1931 120 49 enligt
822 1944 46 23 en
897 1931 11 36 i
937 1944 142 24 samma
1106 1932 368 50 statsrådsprotokoll
1495 1933 159 50 intagen
1675 1935 119 48 speci-

192 1981 168 37 fikation.
417 1983 85 36 Med
542 1983 212 37 beaktande
790 1983 145 48 jämväl
977 1997 46 23 av
1059 1984 284 49 propositionen
1371 1999 45 22 nr
1444 1986 72 36 459
1547 1986 156 48 avgiver
1730 1987 63 36 be-

193 2033 381 49 villningsutskottet,
612 2035 154 49 jämlikt
807 2037 49 35 40
894 2034 20 50 $
946 2035 406 50 riksdagsordningen,
1382 2037 154 37 härmed
1565 2038 145 48 förslag
1739 2038 57 36 till

192 2085 216 50 beräkning
436 2100 45 23 av
508 2086 46 37 de
582 2087 184 36 särskilda
786 2086 325 49 bevillningarnas
1131 2088 136 49 belopp
1289 2089 58 35 för
1367 2091 40 33 år
1430 2090 96 35 1919
1546 2090 64 36 vid
1630 2090 164 49 tillämp-

192 2137 95 49 ning
315 2151 45 23 av
383 2138 176 49 gällande
587 2139 90 36 eller
703 2138 63 36 vid
796 2139 254 36 innevarande
1078 2139 157 49 riksdag
1264 2140 213 36 fastställda
1504 2141 177 48 grunder.
1737 2141 57 36 De

193 2189 186 37 särskilda
420 2190 303 49 bevillningarna
766 2196 188 43 upptagas
983 2191 11 36 i
1023 2191 73 36 den
1133 2191 175 49 ordning,
1337 2193 81 35 vari
1446 2192 46 37 de
1520 2193 233 36 förekomma
1782 2194 12 35 i

192 2241 162 37 nämnda
384 2242 273 49 specifikation.

280 2301 129 42 Bihang
433 2303 48 31 till
504 2302 187 43 riksdagens
714 2302 154 43 protokoll
893 2303 94 32 1918.
1035 2305 19 29 7
1077 2305 89 31 saml.
1213 2307 41 30 55
1277 2304 80 41 häft.
1403 2305 67 40 (Nr
1494 2306 65 36 67)
1736 2307 12 29 1
