2234 2808
458 258 19 32 2
632 259 114 31 Andra
770 259 207 32 Kammarens
1004 260 168 43 Tillfälliga
1200 260 129 32 Utskotts
1352 260 77 42 (N:o
1451 261 34 43 2)
1515 261 162 33 Utlåtande
1701 261 62 34 N:o
1786 264 49 30 21.

415 335 140 33 knrhus.
601 335 65 34 Om
690 337 64 37 det,
779 337 57 32 vid
861 337 119 33 sådant
1003 338 216 39 förhållande,
1244 340 27 40 ej
1296 339 67 32 kan
1388 344 138 38 antagas
1549 345 110 35 annat,
1684 347 43 26 än
1751 346 49 27 att
1819 342 87 32 hvad
1925 342 123 42 Kongl.

415 379 95 42 Maj:t
528 380 12 31 i
559 380 219 33 förevarande
792 382 58 31 fall
864 382 134 41 pröfvat
1012 382 155 42 lämpligt
1190 383 101 32 också
1313 386 115 35 måste,
1446 384 12 31 i
1474 384 64 31 den
1561 387 78 28 mån
1660 385 252 43 framställning
1936 386 113 32 derom

415 423 75 32 från
524 423 105 32 andra
663 425 171 41 landsting
867 426 136 31 komme
1041 430 50 27 att
1124 432 108 35 göras,
1267 427 104 32 vinna
1393 427 256 41 godkännande,
1674 428 94 32 torde
1793 428 76 32 skäl
1892 440 82 21 vara
1996 430 52 32 för

415 466 134 32 handen
576 471 49 28 att
647 467 115 33 heldre
787 468 68 33 låta
879 468 64 32 den
965 469 52 32 för
1040 474 49 27 ett
1111 470 170 42 landsting
1303 471 106 31 redan
1433 474 109 29 såsom
1565 471 106 41 riktig
1694 472 150 31 erkända
1867 473 71 38 och,
1964 473 85 32 cfter

415 509 89 33 hvad
537 511 173 32 motionen
744 512 153 41 antyder,
933 513 100 31 äfven
1067 515 43 39 på
1144 513 104 32 andra
1278 514 68 32 håll
1377 514 148 32 önskade
1554 514 240 42 förändringen
1816 515 53 32 för
1892 517 156 41 samtliga

414 553 173 42 landsting
617 554 135 32 komma
787 556 52 31 till
870 556 107 38 stånd,
1008 562 43 25 än
1079 560 49 27 att
1150 557 68 31 låta
1241 557 106 32 saken
1369 558 80 31 bero
1473 560 43 39 på
1539 558 197 42 ytterligare
1760 558 289 43 framställningar

416 596 74 33 från
502 597 116 42 hvarje
633 598 163 33 särskildt
812 599 179 42 landsting.
1016 599 178 33 Utskottet
1215 611 98 21 anser
1340 601 51 41 sig
1415 601 130 32 derföre
1569 602 80 31 böra
1672 602 173 32 vördsamt
1857 603 189 39 hemställa,

620 646 49 27 att
701 643 198 41 Riksdagen
933 647 104 28 måtte
1071 644 11 30 i
1117 644 180 32 skrifvelse
1332 645 53 31 till
1407 644 124 42 Kongl.
1555 644 95 42 Maj:t
1677 645 140 37 anhålla,
1843 646 56 32 det
1921 646 124 42 Kongl.

619 684 92 42 Maj:t
744 686 133 32 täcktes
912 692 76 36 taga
1017 687 12 31 i
1057 686 260 43 öfvervägande,
1348 699 53 21 om
1429 688 76 32 icke
1534 689 13 41 $
1576 690 19 30 5
1624 689 11 31 i
1668 689 63 32 den
1766 700 119 31 genom
1922 689 125 43 Kongl.

619 728 238 42 Kungörelsen
891 730 64 32 den
989 730 39 32 21
1065 729 153 34 Oktober
1246 732 83 32 1864
1363 732 190 32 fastställda
1580 732 209 33 instruktion
1811 733 52 32 för
1888 733 159 33 dircktio-

619 783 105 21 nerna
753 774 95 31 öfver
875 774 118 32 länens
1022 774 145 41 hospital
1191 775 61 31 och
1287 775 130 32 kurhus
1452 776 60 31 bör
1534 776 140 32 sålunda
1697 776 122 32 ändras
1843 780 48 28 att
1916 777 55 31 det
1993 780 55 29 må

619 816 189 32 tillkomma
836 817 213 42 landstingen
1077 821 57 35 att,
1166 818 85 31 efter
1278 818 125 41 förslag
1427 819 36 31 af
1482 819 253 31 vederbörande
1760 820 180 37 direktion,
1964 820 80 30 fast-

620 860 98 30 ställa
742 864 67 26 stat
831 860 52 31 för
906 861 184 40 aflöningar
1113 860 52 31 till
1188 862 203 39 tjenstemän
1416 861 61 31 och
1501 861 172 42 betjening
1695 861 57 32 vid
1776 861 118 32 länens
1911 862 137 32 lasarett

620 901 61 32 och
704 902 138 32 kurhus.

569 988 197 32 Stockholm
791 989 62 32 den
878 989 40 32 29
941 989 92 32 Mars
1059 990 89 31 1870.

1017 1102 48 33 På
1091 1102 193 33 Utskottets
1308 1109 142 35 vägnar:

1095 1216 37 38 Å.
1162 1216 52 39 W.
1244 1217 125 38 Dufva.

1147 1734 83 39 N:o
1259 1735 59 39 21

893 1891 79 28 Ank.
997 1890 45 29 till
1067 1890 102 30 Riksd.
1196 1891 107 28 Kansli
1328 1891 55 28 den
1408 1892 37 28 29
1473 1891 82 29 Mars
1582 1893 92 34 1870,
1697 1892 40 28 kl.
1765 1894 9 27 I
1806 1902 14 18 e
1857 1903 37 17 m.

619 2036 125 35 Andra
785 2036 233 36 IKanmmarens
1057 2037 130 35 Andra
1214 2037 196 44 Tillfälliga
1443 2037 152 36 Utskotts
1629 2038 186 35 Utlåtande
1843 2038 85 44 (N:o
1956 2040 53 42 5),
2036 2038 12 34 i

773 2097 187 44 anledning
987 2096 46 44 af
1053 2097 100 35 väckt
1171 2096 114 45 fråga
1312 2098 117 34 derom
1457 2100 50 32 att
1528 2097 279 46 landshöfdinge-
1824 2098 60 35 och
1899 2098 148 35 militär-

771 2155 540 47 befälhafvare-befattningarne
1335 2159 50 44 på
1414 2158 152 35 Gotland
1592 2159 104 34 måtte
1723 2158 170 43 åtskiljas.

564 2275 17 30 I
615 2274 211 32 förestående
862 2280 97 27 ämne
994 2275 60 32 har
1086 2274 91 33 Herr
1211 2275 139 32 Mankell
1382 2276 91 31 inom
1508 2275 116 32 Andra
1646 2275 207 33 Kammaren
1878 2277 105 32 väckt
2006 2288 41 21 en

411 2318 129 32 motion
564 2318 74 41 (N:o
664 2318 85 40 104),
774 2318 135 33 hvaruti
932 2318 75 38 han,
1032 2322 43 37 på
1097 2319 138 32 anförda
1263 2319 85 38 skäl,
1373 2319 151 37 föreslår,
1547 2322 49 28 att
1618 2319 198 41 Riksdagen
1839 2320 60 32 hos
1923 2319 123 43 Kongi.

412 2361 93 41 Maj:t
539 2364 102 29 måtte
677 2361 133 32 anhålla
844 2368 50 25 att
927 2362 271 41 landshöfdinge-
1233 2362 61 32 och
1328 2362 647 42 militärbefälhafvare-befattningarne
2004 2365 43 39 på

413 2404 148 33 Gotland
584 2408 103 28 måtte
712 2405 151 40 åtskiljas
889 2405 59 31 och
974 2408 34 29 åt
1031 2406 165 31 särskilde
1220 2417 160 30 personer
1404 2406 175 32 anförtros.
