2234 2616
430 185 114 33 Andra
570 187 201 32 kammarens
791 189 124 37 femte
941 189 171 40 tillfälliga
1138 189 131 31 utskotts
1298 189 165 31 utlåtande
1492 190 46 30 Nr
1567 191 32 29 4.
1804 192 6 29 I

954 447 61 40 Nr
1043 449 42 40 4,

740 555 111 25 Ankom
874 554 41 25 till
937 554 168 31 riksdagens
1126 555 92 24 kansli
1240 554 54 25 den
1315 554 15 25 5
1350 555 71 31 april
1444 555 68 25 1918
1533 555 37 26 kl.
1592 555 16 25 2
1627 563 23 18 e.
1672 564 35 16 m.

432 624 129 35 Andra
600 625 223 36 kammarens
864 626 141 46 femte
1059 626 192 49 tillfälliga
1289 626 145 35 utskotts
1476 626 190 35 utlåtande
1710 640 42 22 nr
1793 628 24 34 4

646 696 184 49 angående
868 697 102 36 väckt
1009 698 129 35 motion
1178 710 52 23 om
1269 698 162 35 skrivelse
1461 697 55 36 till
1545 697 132 49 Kungl.
1708 698 109 46 Maj:t

645 768 186 48 angående
859 769 234 35 utarbetande
1122 782 44 22 av
1195 781 42 23 en
1257 769 218 47 redogörelse
1495 774 80 30 över
1596 769 42 35 de
1647 769 172 49 förluster

645 852 44 23 av
731 839 239 36 människoliv
1012 840 59 35 och
1110 840 175 48 egendom,
1321 852 73 23 som
1423 841 113 34 sedan
1565 840 252 49 världskrigets

646 911 124 46 början
798 911 168 46 inträffat
994 910 94 35 inom
1116 911 149 35 svenska
1297 908 292 48 handelsflottan.

351 1017 14 35 I
396 1030 44 22 en
484 1018 99 34 inom
628 1017 113 36 andra
779 1018 212 36 kammaren
1031 1030 42 24 av
1111 1018 85 35 herr
1238 1017 111 36 Thore
1386 1019 116 42 väckt,
1544 1019 56 34 till
1640 1020 176 35 utskottet

219 1071 211 35 remitterad
470 1072 151 43 motion,
662 1084 45 22 nr
747 1072 86 41 268,
873 1072 66 34 har
976 1072 137 47 yrkats,
1158 1076 75 30 »att
1271 1071 194 47 riksdagen
1501 1072 12 33 i
1547 1072 173 35 skrivelse
1758 1073 58 34 till

218 1123 135 49 Kungl.
384 1124 104 48 Maj:t
526 1126 86 34 ville
649 1123 204 44 hemställa,
890 1129 53 30 att
971 1127 47 44 på
1047 1124 235 35 statsverkets
1311 1124 199 35 bekostnad
1541 1137 45 23 en
1616 1124 200 49 detaljerad

217 1177 231 49 redogörelse
479 1181 113 33 måtte
623 1178 186 35 utarbetas
838 1184 86 29 över
944 1177 44 35 de
1008 1176 175 36 förluster
1203 1190 43 23 av
1266 1178 246 35 människoliv
1532 1178 68 35 och
1622 1179 191 45 egendom.

218 1244 77 22 som
326 1231 111 36 sedan
466 1231 260 49 världskrigets
755 1231 128 47 början
913 1230 167 36 inträffat
1100 1232 101 34 inom
1224 1230 69 36 den
1315 1232 152 35 svenska
1488 1231 325 46 handelsflottan»,

350 1285 72 36 Till
461 1285 81 36 stöd
582 1284 57 37 för
676 1287 64 34 sitt
776 1284 166 49 yrkande
979 1283 67 36 har
1085 1286 228 34 motionären
1345 1283 122 38 anfört
1497 1284 177 48 följande:
1711 1286 103 36 »Den

217 1339 154 35 svenska
413 1339 286 36 handelsflottan
741 1339 66 35 har
844 1338 61 36 vid
943 1339 81 34 sina
1061 1337 122 36 försök
1222 1343 54 30 att
1315 1338 117 36 under
1469 1339 119 47 kriget
1618 1340 197 47 uppehålla

216 1390 405 37 trafikförbindelserna
659 1393 57 34 till
754 1392 93 46 sjöss
885 1391 84 35 lidit
1007 1391 209 48 betydande
1246 1390 176 37 förluster
1451 1393 97 34 såväl
1577 1393 13 34 i
1620 1391 103 49 fråga
1752 1406 59 22 om

216 1446 169 46 personal
424 1458 77 23 som
540 1446 177 35 materiel.
776 1445 117 48 Ingen
932 1457 123 23 annan
1085 1446 134 47 näring
1247 1445 66 35 här
1341 1446 12 34 i
1382 1444 124 36 landet
1535 1446 66 35 har
1629 1447 12 34 i
1669 1447 146 34 tillnär-

217 1499 168 35 melsevis
414 1511 141 24 samma
584 1499 256 47 utsträckning
868 1511 78 23 som
975 1497 177 48 sjöfarten
1182 1503 70 31 sett
1281 1499 56 35 sin
1367 1499 180 48 egendom
1578 1498 234 38 förminskas.

217 1552 96 36 Intet
342 1553 88 48 yrke
459 1553 66 35 har
553 1554 13 34 i
594 1552 116 36 likhet
739 1552 84 36 med
853 1552 43 36 de
926 1551 227 49 sjöfarandes
1184 1551 70 36 fått
1282 1552 202 36 vidkännas
1514 1552 93 36 offer
1637 1555 9 33 i
1667 1555 147 34 männi-

216 1606 126 36 skoliv.
409 1605 238 37 Fortfarande
690 1609 112 45 pågår
841 1604 214 37 förintelsen
1095 1619 43 23 av
1177 1604 369 51 fartygsmaterielen,
1587 1606 226 37 fortfarande

217 1658 111 38 offras
357 1660 237 47 sjömännens
623 1661 61 34 liv.

347 1713 70 37 Väl
455 1716 60 33 må
552 1727 85 22 man
668 1714 126 35 kunna
822 1714 144 48 begära,
998 1718 53 31 att
1080 1714 153 36 svenska
1262 1712 132 37 folkets
1423 1714 66 35 och
1521 1715 155 35 svenska
1704 1719 108 32 stats-

217 1768 206 35 makternas
453 1767 338 49 uppmärksamhet,
821 1769 12 34 i
862 1768 114 47 högre
1006 1766 90 49 grad
1125 1773 46 29 än
1200 1767 70 35 vad
1300 1766 248 37 förhållandet
1576 1781 109 36 synes
1714 1781 96 32 vara,

216 1820 110 37 fästes
354 1821 62 36 vid
445 1821 44 36 de
517 1822 161 48 olyckor,
709 1834 78 23 som
817 1820 112 37 sedan
957 1822 137 46 krigets
1124 1820 130 48 början
1284 1819 236 38 förekommit
1549 1822 67 35 och
1636 1822 66 35 allt
1722 1821 91 36 fort-

215 1873 150 37 farande
403 1881 68 42 äga
508 1887 83 23 rum
629 1876 101 34 inom
769 1875 71 35 den
879 1875 153 36 svenska
1070 1873 293 37 handelsflottan.
1420 1874 54 36 De
1503 1875 134 36 hittills
1667 1877 146 47 synliga

214 1927 174 38 ofticiella
417 1928 240 49 uppgifterna
686 1928 138 44 härom,
856 1928 257 49 exempelvis
1105 1923 23 58 i
1137 1928 77 36 »De
1240 1929 153 35 svenska
1413 1930 282 35 statsmakterna
1716 1934 92 31 etc.»

214 1995 44 23 av
287 1982 88 36 Karl
404 1982 231 36 Hildebrand
663 1982 68 36 och
766 1982 304 36 »Kommersiella
1099 1981 289 37 meddelanden»
1424 1989 61 29 äro
1506 1983 66 35 allt
1592 1981 57 37 för
1669 1984 142 47 knapp-

213 2036 162 48 händiga
402 2035 57 37 för
487 2041 54 30 att
569 2046 43 35 ge
641 2049 46 23 en
718 2035 178 49 fulltonig
923 2035 78 36 bild
1032 2049 43 22 av
1100 2036 264 48 härjningarna
1383 2035 112 37 bland
1516 2037 155 35 svenska
1690 2036 123 49 fartyg

212 2089 67 36 och
309 2090 154 36 svenska
492 2090 155 46 sjömän,
666 2102 77 23 som
764 2089 112 36 sedan
897 2090 137 47 krigets
1054 2089 130 47 början
1204 2088 245 37 förekommit.
1493 2089 40 48 Ej
1557 2090 117 35 heller
1692 2091 121 35 finner

213 2156 86 23 man
329 2142 69 37 full
428 2144 364 35 överensstämmelse
821 2144 136 35 mellan
988 2143 67 35 här
1085 2143 236 48 publicerade
1350 2142 199 50 uppgifter.
1599 2143 16 36 I
1639 2144 89 35 flera
1748 2143 64 37 fall

214 2197 127 49 tyckes
379 2209 85 24 man
502 2197 48 36 ha
588 2196 203 37 underlåtit
819 2202 54 31 att
901 2196 172 49 medtaga
1102 2196 85 36 data
1214 2196 203 37 berörande
1445 2196 135 50 fartyg,
1610 2199 99 34 vilka
1737 2196 75 37 för-

213 2251 164 49 olyckats
407 2250 83 36 med
520 2263 85 23 man
636 2250 67 36 och
733 2252 66 34 allt
828 2256 88 30 utan
947 2255 53 31 att
1029 2251 73 35 låta
1131 2252 57 47 sig
1206 2251 145 36 avhöra.
1400 2250 52 36 På
1472 2251 70 36 den
1563 2251 122 48 grund
1707 2251 105 36 torde

214 2303 225 38 förlusterna
467 2318 44 23 av
539 2305 246 36 människoliv
808 2317 85 23 vara
913 2309 128 40 större,
1063 2311 47 29 än
1130 2304 70 36 vad
1220 2304 43 36 de
1284 2303 173 37 officiella
1475 2303 172 37 siffrorna
1667 2306 142 47 angiva.

255 2364 135 42 Bihang
415 2364 51 33 till
488 2364 191 41 riksdagens
700 2364 154 41 protokoll
878 2365 96 31 1918.
1023 2366 44 29 13
1090 2364 89 32 saml.
1228 2367 21 28 5
1273 2364 71 33 avd.
1392 2366 20 29 4
1437 2364 82 40 häft.
1568 2365 64 41 (Nr
1655 2364 41 42 4).
1748 2366 14 30 1
