2302 2741
689 188 83 42 Lag-
781 190 164 31 Utskottets
975 189 170 33 Utlåtande
1174 193 56 29 N:o
1254 194 50 31 39.
1731 195 17 41 2

191 267 9 35 i
238 280 66 23 ena
332 268 99 36 fallet
459 281 73 23 som
561 269 9 35 i
598 268 58 37 det
684 270 118 47 andra,
831 273 51 33 att
910 271 67 35 den
1005 271 29 48 ej
1064 271 70 36 kan
1161 273 177 36 betraktas
1372 274 112 36 såsom
1521 274 83 37 eller
1632 276 160 36 inskrän-

191 320 63 35 kas
283 320 50 35 till
361 321 204 47 betydelsen
593 321 39 35 af
656 334 42 23 en
729 323 185 47 biprodukt
941 324 11 34 i
979 323 217 38 förhållande
1225 325 51 36 till
1305 326 383 47 landtbrukskulturen,
1709 333 85 32 utan

191 371 49 36 till
271 373 265 36 användbarhet
555 374 64 35 och
640 375 228 47 begagnande
888 376 155 36 sträcker
1070 377 53 47 sig
1151 377 99 48 långt
1268 378 136 37 utöfver
1423 379 216 37 sistnämnda
1657 381 137 37 kulturs

191 424 90 36 bruk
311 425 66 35 och
405 425 112 36 behof.
563 426 122 36 Under
710 427 129 36 sådana
859 427 242 37 förhållanden
1129 430 120 36 kunna
1277 431 215 49 visserligen,
1512 433 11 34 i
1542 433 83 47 följd
1646 434 39 35 af
1700 434 93 35 olika

194 477 297 47 omständigheter
530 480 12 34 i
580 479 173 36 särskilda
793 479 121 37 länder
954 481 65 36 och
1059 481 99 48 tider,
1188 482 230 48 jordegarens
1446 488 68 32 rätt
1542 485 65 36 och
1635 486 159 48 rättsliga

190 529 167 46 ställning
399 530 53 34 till
485 531 223 47 fyndigheter
736 532 20 34 å
784 531 88 36 hans
900 545 83 34 egor
1012 534 44 46 på
1084 534 170 36 särskilda
1282 539 68 31 sätt
1377 536 38 35 af
1437 536 105 48 lagen
1569 538 223 47 bestämmas;

191 592 81 24 men
309 581 108 47 något
444 582 77 36 skäl
550 586 52 31 att
630 582 190 37 bestämma
849 585 113 35 denna
990 588 69 32 rätt
1086 585 64 36 och
1178 586 58 36 det
1263 587 158 48 rättsliga
1448 588 233 38 förhållandet
1708 590 86 36 efter

190 632 93 36 olika
325 635 256 46 rättsgrunder,
621 635 11 35 i
673 634 102 49 fråga
802 648 54 23 om
885 637 137 36 stenkol
1050 637 63 36 och
1144 650 56 24 om
1228 639 155 48 malmer,
1412 652 105 36 synes
1544 642 72 47 mig
1643 642 30 48 ej
1702 642 90 36 före-

190 684 137 36 finnas”.

898 1278 78 42 N:o
1006 1280 68 41 39.

765 1468 76 28 Ank.
866 1468 48 29 till
938 1468 100 30 Riked.
1062 1470 105 29 Kansli
1190 1471 58 28 den
1273 1472 18 27 4
1315 1472 59 37 Maj
1403 1472 88 36 1872,
1515 1473 38 29 kl.
1579 1476 16 25 8
1620 1484 23 18 e.
1667 1484 36 19 m.

397 1612 193 47 Utlåtande,
619 1614 14 33 i
660 1613 185 47 anledning
886 1615 42 43 af
966 1617 99 34 väckt
1100 1617 138 44 motion,
1265 1617 184 46 åsyftande
1475 1618 232 40 förmånsrätt
1725 1620 64 44 för

546 1666 236 45 utflyttnings-
823 1670 90 31 samt
952 1668 148 45 odlings-
1143 1669 58 35 och
1241 1669 351 47 häfdeersättningar,
1621 1683 70 24 som
1731 1673 60 35 wid

547 1716 79 46 laga
652 1717 107 45 skifte
786 1718 213 37 bestämmas.
1213 1769 15 16 .

314 1834 62 36 Uti
417 1848 42 23 en
500 1837 96 35 inom
637 1837 123 36 Andra
801 1842 210 33 Kammaren
1052 1841 114 47 väckt,
1208 1841 50 36 till
1287 1841 275 49 Lag-Utskottet
1588 1844 198 36 remitterad

187 1887 131 35 motion
346 1886 81 47 (N:o
458 1890 62 46 30)
559 1888 65 36 har
651 1889 94 36 Herr
773 1890 46 36 H.
848 1891 164 36 Bexelius
1053 1892 124 48 anfört,
1219 1898 50 31 att
1310 1895 44 35 då
1394 1895 57 36 vid
1479 1895 82 48 laga
1589 1896 102 36 skifte
1719 1897 71 36 ofta

186 1938 198 48 inträffade,
414 1943 50 32 att
491 1953 44 23 en
563 1941 284 48 skiftesdelegare
876 1943 133 36 lemnar
1038 1945 178 47 uppodlad
1244 1946 66 36 och
1337 1947 58 35 väl
1422 1948 139 36 brukad
1584 1948 81 48 jord
1694 1948 11 36 i
1733 1954 54 31 ut-

186 1990 81 47 byte
295 1995 71 31 mot
394 1991 233 49 odlingsland,
670 1993 156 37 obrukad
868 1995 85 36 eller
994 1996 195 36 vanhäfdad
1225 1998 91 47 jord,
1352 1999 108 47 jemte
1489 2000 67 36 den
1584 2001 202 47 ersättning,

185 2042 146 36 hvartill
359 2043 68 36 den
456 2044 179 37 obrukade
663 2045 85 36 eller
788 2047 221 36 vanhäfdade
1033 2048 144 47 jordens
1204 2050 12 35 i
1244 2050 102 36 stånd
1375 2052 159 35 sättande
1562 2053 10 35 i
1595 2052 193 49 jemförligt

185 2094 99 35 skick
313 2096 79 35 med
421 2096 67 35 den
517 2097 93 35 förra
638 2098 218 47 uppskattas,
885 2100 38 35 så
952 2100 160 35 fordrade
1139 2101 161 47 billighet
1327 2102 63 36 och
1419 2104 154 45 rättvisa,
1593 2108 52 32 att
1664 2108 123 32 ersätt-

186 2145 253 49 ningstagaren
466 2149 110 35 borde
604 2161 84 24 vara
715 2150 197 48 betryggad
940 2152 52 35 för
1019 2152 198 49 äfventyret
1243 2158 52 31 att
1323 2154 53 36 till
1403 2154 86 49 följd
1508 2156 38 35 af
1560 2156 227 49 ersättnings-

185 2196 180 48 gifvarens
406 2200 169 36 obestånd
603 2201 45 46 gå
675 2201 100 36 miste
804 2214 55 23 om
888 2203 238 48 ersättningen
1155 2205 82 35 eller
1265 2206 116 47 någon
1409 2207 56 36 del
1494 2208 106 36 deraf.
1656 2207 132 38 Sådant

185 2253 119 44 syntes
332 2251 87 35 dock
448 2252 28 47 ej
507 2264 85 23 vara
619 2253 244 48 förhållandet,
892 2255 44 36 då
963 2255 159 37 hvarken
1141 2256 437 51 förmånsrättsordningen
1597 2260 83 36 eller
1699 2260 86 36 kon-

184 2301 191 48 kurslagen
414 2303 179 37 innehölle
634 2305 109 47 något
783 2307 191 48 stadgande
1018 2307 131 36 härom.
1203 2309 68 36 Det
1309 2310 79 48 låge
1416 2311 192 37 emellertid
1635 2312 11 35 i
1674 2316 113 45 öppen

187 2352 80 48 dag,
308 2358 50 31 att
398 2355 182 48 betalning
608 2356 53 36 för
689 2361 49 32 ett
765 2357 163 37 hemman
957 2359 163 36 tillfallna
1148 2360 171 49 odlingar,
1348 2362 38 36 så
1415 2363 64 35 ock
1509 2364 275 48 utflyttningser-
