1894 2760
247 151 42 31 34
508 151 451 31 Konstitutionsutskottets
985 153 179 30 utlåtande
1188 163 42 20 nr
1255 154 40 29 19
1318 154 39 30 år
1384 155 83 29 1964

292 230 352 35 Remissyttrandena.
667 232 74 29 Vad
764 231 87 30 först
875 231 106 40 angår
1004 233 382 39 utredningsmannens
1412 234 129 40 förslag
1565 236 50 28 att
1639 235 95 30 över-

249 282 78 30 föra
343 283 234 40 beredningen
594 293 43 21 av
654 284 265 31 nådeärendena
936 285 79 30 från
1034 286 106 30 nedre
1156 286 333 39 justitierevisionen
1507 288 52 29 till
1578 297 41 20 en
1636 288 96 30 inom

248 336 414 40 justitiedepartementet
685 338 153 30 inrättad
861 338 176 40 nådebyrå
1059 339 65 30 har
1147 339 94 31 detta
1264 340 187 40 tillstyrkts
1475 341 83 30 eller
1581 341 151 31 lämnats

250 391 86 28 utan
356 389 141 31 erinran
517 400 42 20 av
578 391 162 39 samtliga
758 391 244 40 remissorgan.

293 442 180 40 Förslaget
490 445 50 28 att
556 445 13 29 i
586 443 70 30 viss
674 445 243 39 utsträckning
935 446 82 38 göra
1034 446 125 39 högsta
1176 446 214 30 domstolens
1408 447 155 31 hörande
1581 447 153 31 fakulta-

251 496 63 30 tivt
339 496 12 30 i
377 497 114 29 stället
515 496 55 30 för
595 497 242 39 obligatoriskt
861 498 64 30 har
950 498 11 30 i
986 498 137 40 princip
1149 499 188 40 tillstyrkts
1362 500 84 30 eller
1471 501 151 29 lämnats
1647 503 86 28 utan

250 549 142 30 erinran
414 559 42 20 av
478 550 160 39 samtliga
659 550 234 40 remissorgan
915 553 97 28 utom
1035 552 125 40 högsta
1182 552 213 31 domstolens
1418 553 103 31 flesta
1543 554 191 30 ledamöter

250 604 92 28 samt
362 602 154 40 Sveriges
535 603 331 31 advokatsamfund.

293 655 133 40 Högsta
445 656 213 30 domstolens
679 657 188 30 ledamöter
890 657 274 40 (majoriteten),
1184 668 75 21 som
1279 660 182 39 avstyrker
1480 660 176 40 förslaget,
1676 670 58 21 an-

251 709 150 34 märker,
421 711 50 28 att
490 710 56 29 det
564 710 77 30 icke
660 710 12 29 i
690 710 235 31 betänkandet
943 711 111 40 gjorts
1074 712 104 39 något
1198 712 120 30 försök
1338 715 51 28 att
1408 713 80 30 från
1507 713 228 41 kriminalpo-

250 761 120 31 litiska
392 762 64 30 och
477 763 303 30 konstitutionella
801 765 218 38 synpunkter
1040 765 164 40 klargöra
1226 766 123 39 frågan
1371 775 57 21 om
1451 766 284 31 nådeinstitutets

251 814 167 31 funktion
437 816 81 30 eller
535 816 57 30 det
611 816 77 30 däri
705 817 169 39 ingående
893 818 208 39 spörsmålet
1119 828 57 20 om
1194 819 123 39 högsta
1335 819 215 31 domstolens
1570 820 166 40 ställning

251 877 75 20 som
346 869 274 30 remissinstans.
640 870 92 30 Utan
751 872 50 28 att
820 871 121 29 skälen
960 871 55 30 för
1034 872 67 29 och
1119 874 92 28 emot
1230 873 124 39 högsta
1373 873 215 30 domstolens
1608 873 127 40 obliga-

250 921 135 30 toriska
404 922 154 31 hörande
578 923 11 29 i
610 922 244 31 nådeärenden
874 924 162 30 närmare
1056 925 149 39 angivits
1226 926 65 29 och
1310 926 351 31 remissinstanserna
1681 927 55 30 be-

251 976 85 28 retts
354 975 137 30 tillfälle
508 977 50 28 att
574 976 148 30 bedöma
739 977 100 30 dessa
857 977 38 29 är
913 977 56 30 det
986 978 76 30 icke
1080 978 168 40 lämpligt,
1266 980 51 29 att
1334 988 42 21 en
1395 980 341 40 grundlagsändring

251 1028 156 39 vidtages
425 1029 12 29 i
455 1029 94 30 detta
567 1029 181 35 avseende,
766 1030 11 30 i
797 1030 45 30 all
862 1031 189 38 synnerhet
1071 1040 75 21 som
1165 1032 260 39 grundlagarna
1444 1032 54 30 för
1517 1033 219 30 närvarande

251 1081 38 29 är
312 1081 148 30 föremål
482 1082 54 29 för
558 1083 243 40 omarbetning
821 1084 13 29 i
855 1085 48 28 ett
925 1085 111 29 större
1059 1085 266 39 sammanhang.
1348 1085 60 30 Att
1430 1085 160 31 betrakta
1612 1086 122 40 frågan

251 1134 123 30 enbart
393 1134 79 30 från
491 1135 226 40 synpunkten
735 1138 49 28 att
802 1136 67 30 den
887 1137 202 30 nuvarande
1107 1138 193 39 ordningen
1319 1139 70 29 kan
1407 1139 159 30 medföra
1585 1141 48 28 ett
1651 1140 85 29 visst

251 1187 194 31 merarbete
465 1188 111 31 måste
596 1198 103 21 anses
719 1190 175 29 uteslutet.
915 1190 120 30 Redan
1055 1191 81 30 med
1156 1191 137 40 hänsyn
1312 1192 53 29 till
1387 1191 58 30 det
1464 1192 150 30 anförda
1635 1201 101 31 synes

252 1240 168 41 förslaget
442 1241 75 31 icke
538 1241 86 31 böra
646 1242 117 40 läggas
786 1243 52 30 till
861 1244 112 38 grund
997 1244 55 30 för
1075 1244 68 30 den
1165 1244 207 40 ifrågasatta
1394 1245 194 40 ändringen
1611 1245 11 30 i
1644 1254 94 31 rege-

251 1293 248 40 ringsformen.
522 1294 67 31 Om
610 1295 108 30 likväl
741 1296 380 40 utredningsmannens
1145 1297 130 40 förslag
1298 1307 48 20 nu
1370 1300 169 38 upptages
1562 1299 53 29 till
1638 1300 100 38 pröv-

252 1347 84 40 ning
353 1348 12 29 i
385 1348 72 34 sak,
477 1348 134 30 erinrar
629 1349 124 39 högsta
771 1349 213 31 domstolens
1004 1350 191 30 ledamöter
1215 1360 55 20 om
1289 1353 51 28 att
1359 1352 122 29 skälen
1500 1352 52 30 till
1571 1354 52 28 att
1641 1353 96 29 dom-

252 1401 112 29 stolen
389 1401 89 30 skall
500 1402 104 29 höras
628 1402 81 30 över
731 1402 329 41 nådeansökningar
1083 1404 72 29 kan
1177 1413 82 21 vara
1283 1404 99 30 flera.
1405 1405 224 30 Därutinnan
1652 1406 85 29 hän-

252 1454 92 39 visas
365 1454 53 30 till
438 1455 66 29 vad
525 1464 75 20 som
621 1455 164 30 anfördes
805 1456 11 29 i
837 1456 256 32 ledamöternas
1113 1457 162 40 yttrande
1296 1458 80 29 över
1399 1458 83 30 1955
1502 1458 57 30 års
1581 1459 156 39 departe-

252 1507 351 40 mentspromemoria
626 1508 178 40 angående
827 1509 285 31 nådeärendenas
1135 1510 271 41 handläggning.
1430 1511 67 30 För
1520 1513 50 29 att
1592 1512 64 30 där
1678 1522 59 21 an-

253 1560 104 39 givna
383 1561 218 39 synpunkter
627 1562 65 29 och
716 1562 66 30 vad
806 1563 12 29 i
843 1562 110 40 övrigt
978 1563 71 30 kan
1075 1563 172 40 andragas
1273 1564 56 29 för
1354 1566 49 28 ett
1427 1564 243 31 bibehållande
1695 1574 42 21 av

252 1614 124 39 högsta
395 1614 194 31 domstolen
609 1624 77 21 som
703 1616 233 40 remissorgan
954 1617 11 29 i
984 1616 245 31 nådeärenden
1249 1617 90 31 skall
1357 1617 48 31 bli
1426 1618 80 30 fullt
1526 1619 212 39 tillgodosett

254 1675 102 32 synes
384 1667 220 41 erforderligt
632 1670 51 29 att
711 1669 213 30 domstolens
951 1670 163 39 yttrande
1141 1670 177 32 inhämtas
1346 1671 11 30 i
1385 1671 69 30 alla
1481 1671 255 31 nådeärenden.

252 1720 132 30 Härom
405 1721 102 30 anför
526 1722 126 40 högsta
671 1722 214 31 domstolens
905 1723 207 31 ledamöter:

296 1783 66 29 Det
380 1783 110 30 måste
507 1802 44 4 —
567 1793 57 21 om
642 1793 83 21 man
743 1784 133 31 bortser
895 1785 79 30 från
992 1795 42 21 en
1052 1786 55 30 del
1125 1786 72 30 helt
1215 1786 192 39 självklara
1424 1787 154 30 ärenden
1594 1805 44 4 —
1655 1797 82 21 vara

252 1836 42 20 en
312 1828 222 39 synnerligen
549 1828 163 40 vansklig
728 1829 138 40 uppgift
882 1831 51 29 att
948 1830 45 40 på
1010 1830 153 31 förhand
1180 1832 126 38 avgöra
1322 1831 12 30 i
1349 1831 95 30 vilka
1461 1832 62 30 fall
1540 1834 49 28 ett
1604 1834 133 37 yttran-

251 1871 42 30 de
314 1871 82 30 från
416 1872 122 39 högsta
558 1873 196 30 domstolen
774 1874 70 30 kan
864 1883 84 21 vara
968 1884 42 21 av
1029 1875 116 29 värde.
1166 1875 178 40 Förslaget
1364 1876 145 30 beaktar
1529 1876 55 30 väl
1606 1878 60 33 att,
1687 1876 51 30 in-

252 1925 70 20 nan
345 1925 43 21 en
411 1916 198 41 ansökning
630 1917 148 35 bifalles,
799 1919 163 39 yttrande
985 1918 80 31 från
1087 1919 196 31 domstolen
1306 1920 117 30 städse
1446 1920 89 30 skall
1559 1920 177 40 föreligga.

252 1960 78 30 Men
352 1960 166 40 förslaget
538 1963 96 38 tager
654 1962 77 30 icke
751 1963 136 39 hänsyn
908 1963 52 30 till
980 1965 51 28 att
1051 1964 97 29 inom
1169 1964 123 40 högsta
1313 1965 196 29 domstolen
1530 1965 70 30 kan
1621 1965 117 39 anläg-

252 2012 61 32 gas
337 2006 50 29 ett
411 2005 145 31 mildare
580 2006 282 32 betraktelsesätt
885 2008 46 29 än
955 2017 43 21 av
1021 2008 259 31 vederbörande
1306 2008 343 40 departementschef
1673 2009 64 30 och

251 2050 51 29 att
324 2049 59 30 det
404 2049 119 31 därför
546 2050 55 30 för
624 2050 67 30 den
715 2051 124 31 dömde
861 2052 71 30 kan
954 2061 84 21 vara
1060 2061 43 22 av
1124 2052 174 40 betydelse
1321 2055 51 28 att
1394 2053 124 40 högsta
1541 2054 196 30 domstolen

252 2093 113 34 höres,
391 2094 87 30 även
502 2103 56 21 om
584 2095 242 40 ansökningen
852 2105 42 21 av
918 2096 386 40 departementschefen
1330 2097 45 40 på
1400 2098 152 30 förhand
1578 2098 159 30 bedömts

252 2147 75 21 som
346 2139 193 30 utsiktslös.
557 2139 128 30 Härtill
702 2140 159 30 kommer
878 2142 51 29 att
946 2150 42 21 en
1006 2141 160 40 ordning,
1184 2142 107 40 enligt
1308 2142 118 30 vilken
1443 2142 124 40 högsta
1585 2142 152 31 domsto-

251 2182 56 30 len
324 2182 96 40 finge
438 2183 136 31 tillfälle
592 2186 51 28 att
660 2186 92 38 yttra
770 2185 51 39 sig
838 2185 11 30 i
866 2185 147 30 allenast
1031 2187 48 29 ett
1097 2186 137 30 mindre
1251 2187 96 29 antal
1365 2187 255 35 nådeärenden,
1640 2188 97 29 snart

251 2234 67 32 nog
340 2227 114 31 skulle
474 2227 159 31 medföra
655 2230 51 29 att
726 2229 195 30 domstolen
943 2230 176 31 förlorade
1141 2231 67 30 den
1229 2231 176 30 överblick
1426 2232 80 29 över
1528 2231 209 40 nådepraxis

251 2280 76 20 som
346 2271 68 31 den
432 2272 78 30 med
529 2273 203 30 nuvarande
751 2274 149 39 ordning
918 2275 91 39 äger.
1029 2274 13 30 I
1061 2275 66 29 och
1145 2275 79 30 med
1243 2277 50 28 att
1312 2275 197 30 domstolen
1528 2276 140 30 komme
1687 2277 50 29 att

251 2316 112 30 sakna
381 2316 198 30 kännedom
597 2326 58 20 om
674 2317 41 30 de
733 2317 71 35 fall,
822 2319 12 29 i
850 2318 95 31 vilka
962 2328 42 21 en
1023 2318 250 31 nådeansökan
1291 2329 43 21 av
1351 2320 385 39 departementschefen

250 2359 165 31 bedömes
433 2369 75 21 som
527 2361 194 35 utsiktslös,
740 2361 95 32 bleve
854 2363 58 30 det
930 2363 55 30 för
1003 2362 207 36 domstolen,
1229 2365 12 29 i
1260 2364 180 30 avsaknad
1459 2374 42 21 av
1518 2360 218 49 jämförelse-

250 2405 171 34 material,
444 2405 138 31 svårare
603 2407 51 29 att
675 2406 93 31 bilda
789 2407 52 39 sig
860 2416 43 21 en
924 2407 227 40 underbyggd
1172 2408 227 40 uppfattning
1418 2409 12 30 i
1452 2409 41 30 de
1513 2406 224 33 remitterade

251 2448 119 30 fallen.
387 2449 172 40 Tilläggas
576 2450 58 30 må
651 2452 60 34 att,
729 2451 111 30 ehuru
858 2452 54 29 för
929 2451 249 41 föredragning
1194 2453 11 29 i
1220 2453 124 39 högsta
1361 2453 196 31 domstolen
1574 2463 43 20 av
1632 2452 104 30 nåde-
