1892 2766
424 155 451 33 Konstitutionsutskottets
901 159 179 30 utlåtande
1104 169 42 21 nr
1171 160 41 29 19
1235 160 39 30 år
1300 161 84 30 1964
1605 165 41 30 23

165 233 179 41 föreslagit
362 235 65 30 och
445 235 212 37 hemställes,
676 239 49 28 att
744 237 188 41 riksdagen
952 239 107 30 måtte
1079 239 136 31 besluta
1236 240 109 31 sådan
1367 241 205 41 förändring
1591 241 56 31 be-

164 286 178 32 träffande
360 288 253 42 tillsättningen
632 299 43 21 av
691 290 250 40 delegationen.

164 375 37 33 7)
223 376 204 30 Inrättande
447 385 42 22 av
509 386 41 21 en
569 377 206 41 riksdagens
795 379 294 41 krigsdelegation
1109 390 46 21 m.
1175 390 47 21 m.

207 446 177 31 Motionen
403 447 46 31 II:
465 448 62 30 990
547 459 41 21 av
606 449 122 31 herrar
745 450 180 41 Nordgren
946 452 65 31 och
1028 452 176 40 Bengtson
1224 454 11 29 i
1255 453 115 36 Solna,
1389 455 74 29 vari
1483 454 163 31 hemstäl-

162 499 60 35 les,
244 501 50 29 att
315 500 189 41 riksdagen
527 502 116 30 såsom
664 503 137 32 vilande
824 504 108 31 måtte
956 506 125 39 antaga
1105 505 155 42 följande
1284 507 132 41 förslag
1438 507 51 30 till
1512 508 133 30 ändrad

162 553 128 40 lydelse
311 562 42 22 av
374 553 15 38 8
411 554 40 30 50
471 555 325 41 regeringsformen.

854 646 15 38 8
892 647 51 30 50.

205 713 199 41 Riksdagen
425 715 88 30 skall
533 734 44 4 —
593 734 44 3 —
655 735 44 3 —
719 717 65 30 och
804 717 170 41 kungöra.

204 765 66 32 Om
292 767 93 31 riket
407 768 157 31 kommer
587 770 10 30 i
621 769 77 41 krig
721 771 65 30 och
809 771 368 40 krigsförhållandena
1201 774 57 30 det
1281 774 152 40 påkalla,
1458 774 184 31 förordnar

159 819 66 31 den
248 820 11 30 i
282 820 40 31 50
347 821 16 37 8
387 821 357 42 riksdagsordningen
768 824 234 32 omförmälda
1026 826 390 32 talmanskonferensen
1441 828 87 31 efter
1554 837 89 22 sam-

158 872 63 31 råd
243 873 81 31 med
347 875 286 35 statsministern,
657 878 50 29 att
729 877 207 40 riksdagens
962 879 294 40 krigsdelegation
1279 880 90 31 skall
1394 881 101 31 träda
1518 882 11 30 i
1554 882 88 30 riks-

159 926 128 40 dagens
316 927 110 31 ställe.
454 928 129 31 Sådant
611 929 237 32 förordnande
875 931 107 39 gäller
1010 932 53 30 till
1091 932 78 31 dess
1197 934 183 39 vapenvila
1409 935 122 30 inträtt
1560 935 81 31 eller

157 979 65 30 ock
242 979 196 41 Konungen
460 982 81 29 eller
563 982 338 40 krigsdelegationen
924 985 248 31 dessförinnan
1194 986 166 36 beslutar,
1383 989 51 29 att
1455 988 187 40 riksdagen

158 1032 89 31 skall
270 1033 156 40 återtaga
449 1035 76 30 sina
548 1035 255 40 befogenheter.
827 1038 345 40 Krigsdelegationen
1196 1039 155 32 beslutar
1377 1041 90 40 själv
1491 1050 56 22 om
1572 1042 69 30 for-

157 1094 122 22 merna
295 1086 54 30 för
366 1087 54 30 sin
437 1088 232 31 verksamhet.
686 1090 116 30 Under
819 1091 50 30 tid
887 1091 45 30 då
948 1091 339 41 krigsdelegationen
1305 1094 84 31 trätt
1406 1094 12 30 i
1435 1095 205 40 riksdagens

158 1139 98 30 ställe
276 1140 57 29 må
353 1142 259 30 sammanträde
632 1144 79 29 med
730 1143 189 40 riksdagen
939 1145 30 40 ej
993 1145 64 40 äga
1077 1155 90 21 rum.

201 1192 77 31 Kan
294 1193 52 30 till
365 1193 91 41 följd
473 1204 42 21 av
533 1195 87 40 krig,
638 1197 74 29 vari
729 1196 91 31 riket
839 1197 161 31 befinner
1019 1198 63 40 sig,
1100 1199 132 31 varken
1250 1200 189 41 riksdagen
1460 1201 81 31 eller
1562 1202 77 30 dess

156 1245 294 41 krigsdelegation
465 1247 151 41 fullgöra
632 1249 76 31 sina
724 1250 188 40 uppgifter,
930 1251 89 31 skall
1036 1251 196 41 Konungen
1249 1253 53 30 till
1318 1254 109 30 rikets
1446 1255 112 39 skydd
1575 1255 64 31 och

156 1298 129 41 krigets
307 1300 218 31 slutförande
546 1301 151 41 fullgöra
718 1303 43 30 de
781 1304 177 40 uppgifter
981 1314 75 20 som
1079 1306 190 31 ankomma
1290 1306 46 40 på
1358 1307 194 41 Konungen
1575 1308 63 31 och

155 1351 187 41 riksdagen
364 1354 155 30 samfällt
539 1355 81 30 eller
640 1355 45 40 på
704 1356 188 40 riksdagen
913 1358 124 30 allena.
1058 1359 97 30 Dock
1175 1359 61 40 äge
1258 1360 196 40 Konungen
1475 1361 30 40 ej
1530 1361 109 35 stifta,

155 1405 120 34 ändra,
296 1405 157 32 förklara
473 1407 82 30 eller
575 1408 162 40 upphäva
758 1410 172 40 grundlag
951 1411 82 30 eller
1053 1411 57 41 lag
1131 1420 75 22 som
1227 1413 152 39 reglerar
1399 1414 55 30 val
1477 1414 51 30 till
1550 1415 90 30 riks-

155 1458 121 39 dagen.
296 1458 40 41 Ej
358 1459 109 31 heller
486 1460 57 30 må
560 1468 126 32 genom
705 1462 124 30 sådant
848 1463 115 30 beslut
983 1473 42 21 av
1043 1464 196 40 Konungen
1259 1466 102 39 göras
1381 1466 257 41 inskränkning

154 1511 11 29 i
187 1511 41 30 de
251 1511 145 31 friheter
419 1521 75 22 som
517 1514 106 39 enligt
648 1514 15 37 8
690 1515 39 30 16
751 1525 43 20 av
817 1516 115 30 denna
955 1516 272 41 regeringsform
1251 1519 214 31 tillkommer
1490 1521 148 30 svenska

155 1564 218 31 undersåtar.
393 1565 119 31 Beslut
532 1576 42 21 av
593 1567 195 41 Konungen
809 1569 107 40 enligt
937 1570 94 30 detta
1052 1571 120 39 stycke
1192 1571 89 31 skall
1302 1572 119 31 vidare
1442 1573 64 40 äga
1527 1574 111 40 giltig-

154 1617 58 30 het
230 1618 111 30 under
358 1619 102 40 högst
478 1628 58 21 sex
555 1620 177 31 månader.

152 1705 39 35 8)
212 1705 162 32 Ändrade
394 1707 302 41 grundlagsregler
715 1710 149 31 rörande
883 1710 207 41 riksdagens
1110 1712 233 31 ombudsmän

197 1776 178 31 Motionen
403 1778 102 31 11:62
532 1789 42 21 av
601 1780 80 30 herr
708 1781 197 40 Lundberg,
934 1791 57 21 om
1020 1782 161 40 åtgärder
1210 1784 51 30 till
1291 1786 189 30 stärkande
1510 1796 42 21 av
1580 1787 56 31 det

154 1829 149 30 svenska
323 1830 195 41 folkstyret,
539 1833 74 29 vari
633 1833 212 36 hemställes,
867 1836 50 28 att
938 1835 187 40 riksdagen
1147 1836 107 31 måtte
1274 1837 147 36 besluta,
1443 1840 50 28 att
1514 1848 122 31 genom

153 1882 425 33 konstitutionsutskottet
598 1903 45 4 —
664 1887 188 29 eventuellt
874 1895 124 32 genom
1021 1897 42 21 en
1086 1889 95 30 inom
1204 1890 187 40 riksdagen
1415 1891 123 32 tillsatt
1560 1890 76 47 par-

152 1935 231 30 lamentarisk
399 1937 193 39 delegation
608 1956 45 4 —
668 1939 70 30 låta
755 1940 154 40 allsidigt
925 1942 64 29 och
1007 1941 207 40 skyndsamt
1232 1943 123 31 utreda
1374 1945 40 29 de
1431 1945 10 29 i
1459 1946 176 30 motionen

153 1987 195 32 framförda
369 1990 227 39 spörsmålen,
615 1991 44 30 bl.
680 2002 29 20 a.
728 2011 45 3 —
792 1993 104 30 såvitt
916 2003 47 20 nu
983 1994 39 30 är
1040 1995 12 29 i
1073 1994 98 41 fråga
1189 2014 45 4 —
1252 1998 51 28 att
1322 1997 245 32 åstadkomma
1586 2001 48 28 att

152 2042 268 40 enmansstyrda
440 2043 229 36 ämbetsverk,
691 2055 74 20 som
784 2046 254 40 länsstyrelser,
1058 2047 63 36 JO,
1140 2048 76 35 MO,
1236 2049 52 30 JK
1309 2050 82 30 eller
1411 2051 109 30 andra
1539 2052 96 30 insti-

152 2094 161 34 tutioner,
334 2095 181 31 avskaffas
535 2097 82 30 eller
636 2105 57 32 ges
714 2108 41 20 en
776 2099 109 30 sådan
904 2101 330 40 sammansättning,
1255 2105 50 27 att
1325 2103 179 31 folkvalda
1523 2114 112 30 repre-

152 2148 177 30 sentanter
347 2148 54 29 får
420 2151 47 28 ett
485 2150 195 39 avgörande
697 2151 196 40 inflytande
911 2152 59 30 vid
987 2153 261 41 handläggning
1266 2156 64 29 och
1349 2156 123 30 beslut.

150 2235 37 34 9)
208 2234 345 40 Riksdagsledamots
573 2238 335 40 immunitetsskydd

194 2305 176 30 Motionen
393 2306 44 30 II:
456 2306 83 30 1008
561 2317 41 20 av
623 2307 57 30 fru
703 2308 109 30 Gärde
837 2309 187 38 Widemar,
1046 2312 74 29 vari
1142 2312 212 36 hemställes,
1377 2316 50 28 att
1448 2315 184 40 riksdagen

151 2377 42 3 —
212 2358 115 29 därest
347 2358 164 39 förslaget
532 2360 50 29 till
603 2360 148 40 ändring
771 2371 42 20 av
832 2362 56 31 RF
911 2362 15 37 8
951 2363 58 30 110
1030 2366 142 37 antages
1194 2365 114 30 såsom
1330 2367 137 30 vilande
1486 2387 43 3 —
1548 2369 86 29 låter

151 2412 206 29 föranstalta
376 2421 56 20 om
452 2413 185 39 utredning
655 2423 55 20 om
729 2415 44 39 på
791 2416 64 29 vad
876 2416 67 29 sätt
963 2417 127 30 ärende
1110 2418 177 39 angående
1308 2420 158 30 hävande
1485 2431 41 20 av
1545 2422 87 29 riks-

149 2465 256 39 dagsledamots
426 2465 197 31 immunitet
647 2467 86 30 skall
757 2468 214 40 handläggas
994 2470 62 29 och
1081 2471 200 30 förberedas
1305 2473 49 29 till
1379 2473 122 31 beslut.
