1904 2822
92 1418 129 24 Motioner.

277 161 39 30 14
720 167 318 30 Jordbruksutskottets
1062 170 150 28 utlåtande
1234 172 43 27 Nr
1301 174 49 26 33.

282 243 67 33 För
363 256 39 20 en
418 245 103 32 sådan
537 245 198 38 befolkning
750 258 78 20 vore
844 247 55 32 det
913 251 47 29 ett
977 248 191 33 livsvillkor
1182 254 50 28 att
1247 250 115 33 tillika
1377 251 112 34 kunna
1505 257 102 30 utöva
1625 255 159 35 fiskerätt

280 285 94 33 invid
401 287 167 32 stranden.
617 287 65 32 Att
708 288 55 32 det
790 289 169 38 egentliga
985 290 192 33 havsfisket
1201 304 78 21 vore
1305 293 121 33 alltför
1451 297 247 37 ansträngande
1724 300 59 31 och

281 328 185 32 mödosamt
485 329 53 31 för
555 332 52 29 att
625 329 11 32 i
656 329 144 39 längden
819 343 100 26 passa
940 332 104 32 andra
1065 333 128 33 fiskare
1213 339 40 27 än
1274 335 137 40 sådana,
1432 348 68 21 som
1521 343 89 27 ännu
1628 339 156 34 tillhörde

278 369 39 32 de
335 369 206 38 kraftigaste
560 371 298 39 åldersklasserna,
879 373 75 38 låge
972 375 11 30 i
1003 379 106 34 öppen
1130 376 75 37 dag.
1248 376 56 32 Av
1322 378 278 37 yrkesfiskarena
1620 382 105 31 måste
1746 383 37 32 de

281 412 117 38 övriga
421 417 64 33 äga
506 413 175 38 möjlighet
702 418 51 28 att
775 415 138 32 bedriva
934 416 50 32 sin
1007 417 122 38 näring
1149 419 42 36 på
1212 423 154 29 närmare
1388 420 79 34 håll.
1513 422 66 32 För
1603 423 106 32 denna
1731 424 52 33 be-

281 454 166 39 folkning,
473 467 77 20 vars
575 455 214 33 ekonomiska
814 457 234 33 förhållanden
1072 460 12 31 i
1110 459 181 33 allmänhet
1316 473 79 21 vore
1421 463 128 37 ganska
1576 464 131 40 osäkra,
1732 469 50 29 ut-

278 495 117 38 gjorde
414 496 104 33 fisket
536 509 39 20 en
593 498 192 39 nödvändig
803 499 183 39 betingelse
1006 501 53 32 för
1077 501 271 39 livsuppehället.
1390 504 56 32 Av
1464 505 218 40 tillgängliga
1700 519 82 27 upp-

279 537 178 40 lysningar
481 540 201 39 framginge,
706 544 52 29 att
783 553 43 20 av
850 542 39 32 de
914 543 164 33 tusentals
1105 545 262 33 strandsittarna
1392 547 12 31 i
1430 546 170 35 Bohuslän
1625 562 38 20 en
1689 549 92 39 bety-

279 580 107 33 dande
409 581 53 32 del
484 593 77 21 vore
584 583 163 32 hänvisad
770 587 52 29 att
843 584 74 32 leva
939 596 42 21 av
1005 586 54 31 det
1083 586 98 39 fiske,
1205 599 115 21 varom
1344 600 45 20 nu
1412 601 77 21 vore
1512 590 111 40 fråga,
1648 592 60 32 och
1732 595 50 29 att

279 634 51 20 om
347 623 161 38 rättighet
521 624 117 32 härtill
654 625 29 37 ej
699 625 121 33 funnes
836 627 122 37 många
973 639 42 20 av
1032 628 73 32 dem
1120 628 72 33 icke
1206 629 110 33 kunde
1332 631 92 32 hålla
1439 632 104 32 nöden
1559 633 77 32 från
1653 634 128 32 dörren.

323 756 110 34 Sedan
457 759 12 31 i
494 759 228 39 huvudsaklig
749 762 326 33 överensstämmelse
1101 764 74 32 med
1202 764 38 32 de
1266 776 43 21 av
1335 765 241 39 länsstyrelsen
1603 768 53 32 för
1683 767 96 33 Göte-

274 805 100 39 borgs
408 808 59 32 och
490 808 112 34 Bohus
626 810 55 32 län
703 811 203 39 uppdragna
928 813 213 38 riktlinjerna
1163 815 86 31 inom
1272 815 395 40 justitiedepartementet
1690 823 89 28 utar-

276 858 109 33 betats
404 862 47 29 ett
466 860 116 33 utkast
604 860 109 40 (prop.
732 862 63 33 sid.
813 862 147 41 44—45)
984 864 54 31 till
1055 864 242 39 lagändringar
1314 866 12 31 i
1342 878 45 20 nu
1405 866 138 34 berörda
1560 864 218 47 hänseenden,

275 908 209 34 inhämtades
507 911 140 32 häröver
669 913 182 37 yttranden
875 913 77 32 från
975 914 245 34 vederbörande
1243 916 246 39 myndigheter.
1537 918 116 33 Såsom
1678 919 100 32 fram-

276 960 62 37 går
366 972 43 20 av
437 962 246 37 propositionen
714 963 196 33 föranledde
939 965 38 31 de
1008 965 197 40 erinringar,
1238 978 69 20 som
1339 967 119 33 därvid
1488 968 204 33 framfördes
1727 968 51 41 (se

275 1021 95 27 prop.
391 1011 63 32 sid.
472 1011 148 41 45—47)
645 1013 73 32 icke
737 1014 107 37 några
865 1015 189 38 väsentliga
1076 1016 182 38 ändringar
1278 1017 12 32 i
1312 1018 106 38 sagda
1437 1018 126 34 utkast.

320 1060 66 32 Det
408 1073 45 20 nu
477 1062 232 39 föreliggande
734 1063 225 40 lagförslaget
981 1078 97 20 avser
1102 1070 50 29 att
1174 1068 11 31 i
1208 1072 150 29 närmast
1382 1069 138 40 möjliga
1543 1075 237 28 överensstäm-

274 1111 102 32 melse
396 1112 72 32 med
488 1112 145 32 rådande
653 1114 161 32 sedvanor
832 1115 88 32 inom
941 1115 185 40 Göteborgs
1147 1117 58 33 och
1223 1118 114 33 Bohus
1358 1119 56 32 län
1434 1124 85 28 samt
1538 1121 167 32 Hallands
1725 1121 56 33 län

276 1161 169 32 stadfästa
469 1166 108 28 rätten
602 1163 54 32 för
676 1164 94 38 varje
793 1165 122 32 svensk
938 1166 178 33 undersåte
1139 1171 50 28 att
1213 1168 175 33 därstädes
1411 1170 74 32 med
1510 1171 105 38 rörlig
1638 1171 142 40 redskap

273 1211 82 32 idka
373 1212 88 32 fiske
479 1212 81 33 eller
576 1213 143 39 agntäkt
736 1215 58 31 vid
811 1227 127 21 annans
956 1217 117 32 strand
1089 1237 45 3 —
1151 1218 82 32 dock
1250 1219 11 31 i
1278 1219 164 33 avseende
1459 1221 19 31 å
1497 1220 54 32 det
1567 1225 124 36 vatten,
1711 1234 69 21 som

275 1262 110 32 finnes
406 1262 54 32 till
483 1263 60 32 och
562 1264 74 32 med
660 1265 61 32 180
743 1268 104 29 meter
868 1266 77 32 från
967 1267 55 32 det
1042 1268 99 31 ställe
1161 1268 92 32 invid
1274 1270 170 39 stranden,
1467 1270 60 33 där
1548 1272 128 38 stadigt
1697 1272 82 39 djup

274 1324 42 20 av
333 1313 58 31 två
408 1316 103 29 meter
526 1313 165 40 vidtager,
708 1316 73 31 med
799 1315 173 40 undantag
989 1317 54 32 för
1060 1317 89 33 fiske
1166 1318 86 32 efter
1268 1323 112 28 ostron
1398 1320 60 32 och
1472 1321 11 31 i
1501 1321 101 39 fråga
1619 1334 50 20 om
1687 1323 92 32 hum-

272 1371 71 22 met
361 1362 216 34 beträffande
596 1364 91 32 vissa
707 1365 140 32 särskilt
865 1366 146 38 angivna
1031 1368 156 32 områden
1204 1369 12 31 i
1236 1369 183 34 Bohuslän.

315 1412 20 32 I
356 1412 204 33 motionerna
581 1413 34 32 I:
637 1415 40 31 41
700 1426 42 20 av
764 1415 77 32 herr
863 1415 131 39 Sigfrid
1017 1417 156 33 Hansson
1196 1419 58 31 och
1277 1419 54 32 11:
1356 1421 41 31 74
1419 1432 42 20 av
1482 1421 77 32 herr
1581 1421 196 40 Brännberg

271 1475 42 19 m.
339 1463 50 38 fl.,
415 1464 150 38 föreslås,
591 1468 51 29 att
666 1465 218 33 förenämnda
907 1467 174 40 undantag
1106 1468 107 33 skulle
1237 1469 203 33 inskränkas
1466 1472 54 31 till
1544 1472 231 33 ostronfisket.

316 1512 207 34 Motionerna
544 1514 34 32 I:
604 1516 62 31 113
688 1527 43 20 av
753 1516 77 32 herr
853 1516 176 40 Sundberg
1051 1530 43 21 m.
1118 1519 39 35 fl.
1181 1520 59 31 och
1262 1520 55 32 II:
1343 1522 63 31 123
1429 1533 41 20 av
1492 1522 77 32 herr
1592 1523 184 33 Wallerius

270 1574 90 28 avse,
385 1567 53 29 att
460 1564 126 38 jämväl
612 1565 90 33 fiske
727 1567 74 32 med
828 1567 149 33 »mindre
1002 1568 165 39 ålryssjor
1197 1568 215 40 (alternativt
1437 1572 145 39 ålryssja
1609 1585 42 20 av
1677 1574 99 38 högst

272 1614 41 32 80
332 1617 120 30 meters
469 1614 122 41 höjd)»
612 1616 108 33 skulle
738 1616 221 34 tillerkännas
977 1618 62 33 den
1059 1623 78 35 rätt,
1156 1631 68 21 som
1242 1621 107 38 enligt
1368 1622 224 39 lagförslaget
1608 1624 169 38 medgives

271 1664 216 33 beträffande
515 1666 105 39 rörlig
647 1667 155 38 redskap.
842 1667 114 33 Såsom
983 1669 75 32 skäl
1084 1670 117 32 härför
1224 1671 135 33 anföres
1386 1672 13 32 i
1425 1673 163 32 motionen
1616 1674 159 38 följande.

311 1722 87 33 Rätt
418 1723 54 31 till
495 1723 89 33 fiske
605 1725 58 32 vid
684 1736 128 22 annans
835 1728 116 31 strand
973 1728 120 33 funnes
1115 1730 173 38 medgiven
1312 1730 103 33 redan
1437 1731 12 31 i
1470 1744 45 19 nu
1537 1732 157 37 gällande
1716 1732 57 39 lag

267 1775 52 21 om
340 1768 69 29 rätt
428 1765 54 32 till
502 1765 89 33 fiske
611 1778 72 20 men
705 1768 103 31 under
831 1769 255 39 förutsättning,
1108 1775 51 28 att
1180 1772 38 32 de
1239 1771 159 34 fiskande
1418 1773 179 33 oklandrat
1617 1787 42 20 av
1680 1775 95 32 ålder

269 1807 62 32 där
354 1811 118 28 utövat
497 1808 115 32 fisket.
660 1809 267 38 Olägenheterna
952 1823 42 20 av
1020 1812 91 33 detta
1138 1814 195 39 stadgande,
1361 1826 69 21 som
1455 1815 169 34 inneburit
1649 1820 47 29 ett
1720 1816 52 34 be-

266 1848 151 39 tänkligt
444 1849 359 42 osäkerhetstillstånd,
832 1852 94 40 hade,
956 1854 108 32 såsom
1092 1866 43 20 av
1163 1856 362 38 departementschefen
1554 1854 218 48 framhållits,

266 1890 100 33 blivit
383 1891 64 32 allt
462 1903 69 21 mer
549 1893 264 33 framträdande.
853 1895 107 33 Dessa
976 1896 213 38 olägenheter
1206 1897 109 33 skulle
1331 1911 46 19 nu
1395 1911 115 26 genom
1530 1900 61 32 den
1610 1901 162 39 föreslag-

265 1944 43 21 na
327 1933 244 39 lagändringen
591 1935 184 33 försvinna.
819 1936 203 34 Genomförd
1041 1938 130 34 komme
1191 1940 71 39 den,
1282 1943 82 30 utan
1384 1945 52 29 att
1453 1942 151 32 medföra
1624 1943 148 39 egentlig

267 1975 167 39 rubbning
455 1977 11 31 i
487 1976 176 34 bestående
686 1979 310 40 rättsförhållande,
1018 1980 91 33 bliva
1133 1993 42 20 av
1197 1982 215 39 synnerligen
1435 1987 69 29 stor
1524 1984 173 39 betydelse
1718 1986 55 32 för

266 2016 62 33 den
346 2017 267 34 fiskeriidkande
629 2019 239 40 befolkningen
886 2022 59 32 och
960 2034 82 20 vara
1060 2024 111 36 ägnad
1189 2027 51 29 att
1256 2025 126 38 främja
1402 2025 300 40 fiskerinäringens
1720 2031 50 29 ut-

265 2059 168 40 veckling,
456 2061 176 38 samtidigt
654 2063 74 31 med
750 2066 51 29 att
825 2063 62 32 den
910 2063 140 34 beredde
1073 2065 113 39 skälig
1208 2067 190 38 ersättning
1420 2068 35 32 åt
1478 2068 38 32 de
1540 2069 230 39 strandägare,

266 2113 69 21 som
356 2102 215 39 tilläventyrs
592 2103 113 33 kunna
727 2105 75 32 visa
821 2106 54 37 sig
897 2106 114 32 därtill
1032 2107 220 39 berättigade.

310 2143 52 32 En
380 2144 176 38 olägenhet
570 2145 129 33 komme
717 2146 84 33 dock
818 2151 51 28 att
885 2147 149 40 kvarstå,
1053 2153 83 28 även
1154 2162 50 20 om
1223 2150 60 32 den
1303 2150 192 40 föreslagna
1514 2153 184 38 ändringen
1716 2165 53 27 ge-

266 2187 202 39 nomfördes,
491 2188 160 33 beroende
672 2189 43 38 på
736 2189 188 33 ovissheten
946 2202 51 20 om
1019 2191 66 32 vad
1108 2203 68 20 som
1195 2204 77 20 vore
1296 2196 52 29 att
1369 2194 104 32 räkna
1494 2195 55 32 till
1571 2196 105 38 rörlig
1699 2197 70 32 red-

267 2228 96 39 skap.
379 2229 18 32 I
415 2230 61 32 den
491 2242 44 20 nu
553 2231 156 38 gällande
726 2231 99 39 lagen
842 2232 176 38 upplystes
1038 2234 127 38 endast,
1183 2238 50 29 att
1251 2235 217 39 fiskegårdar
1480 2237 60 32 och
1554 2238 128 38 ryssjor
1694 2250 77 21 vore

267 2271 71 33 fast
358 2272 152 39 redskap,
530 2273 164 38 varjämte
711 2274 148 39 utsades,
878 2279 51 28 att
948 2280 80 27 även
1048 2287 131 21 »annan
1197 2277 117 38 dylik»
1335 2278 144 39 redskap
1499 2291 78 20 vore
1595 2284 52 29 att
1666 2281 104 32 räkna

266 2314 55 31 till
347 2314 81 33 fast.
450 2315 348 40 Kammarkollegium
821 2317 86 32 hade
928 2318 12 31 i
964 2318 60 32 sitt
1049 2318 132 39 förslag
1203 2320 160 37 upptagit
1389 2332 39 20 en
1453 2321 176 33 definition
1643 2324 43 36 på
1700 2323 71 32 fast

267 2355 145 39 redskap
433 2356 12 32 i
468 2357 91 38 syfte
580 2361 52 29 att
652 2358 185 39 undanröja
859 2359 104 32 denna
986 2360 158 33 ovisshet.
1166 2361 119 39 Enligt
1307 2362 92 32 detta
1423 2363 130 39 förslag
1567 2364 108 33 skulle
1688 2369 81 28 utan

264 2397 105 32 tvivel
389 2399 38 31 de
445 2399 43 37 på
506 2399 196 32 västkusten
721 2400 195 38 begagnade
935 2402 127 32 mindre
1081 2402 204 39 ålryssjorna
1306 2403 142 34 kommit
1466 2409 49 29 att
1534 2406 160 33 hänföras
1714 2407 54 32 till

264 2439 106 39 rörlig
391 2440 153 39 redskap.
588 2441 72 33 Den
681 2442 118 38 kungl.
821 2444 245 37 propositionen
1088 2448 147 35 upptoge
1256 2446 186 33 emellertid
1464 2447 29 38 ej
1515 2448 109 38 någon
1649 2449 118 33 defini-
