1884 2850
587 156 231 29 Statsutskottets
841 156 149 28 utlåtande
1011 156 50 27 Nr
1082 157 52 28 47.
1596 151 18 31 7

110 249 41 4 —
167 231 148 32 förutom
339 231 42 32 de
404 231 12 31 i
439 231 251 42 gruvestadgan
717 231 147 42 angivna
880 249 39 4 —
934 231 124 40 jämväl
1076 230 128 32 sådana
1219 229 90 32 vilka
1324 228 173 33 innehålla
1512 228 104 32 malm

111 282 54 31 till
197 282 147 32 vanadin
379 284 171 36 ävensom,
574 282 174 40 generellt,
773 282 110 41 apatit
910 281 64 32 och
997 280 179 42 magnesit.
1221 280 234 42 Fyndigheter
1477 290 40 21 av
1541 278 76 32 sist-

111 333 149 32 nämnda
287 333 74 41 slag
382 332 115 32 kunna
521 333 107 41 enligt
650 332 251 42 gruvestadgan
924 332 151 32 inmutas
1099 332 154 38 allenast,
1277 331 116 32 därest
1416 330 42 32 de
1480 332 58 29 äro
1561 329 56 32 be-

109 384 102 41 lägna
243 386 19 29 å
295 383 195 42 kronojord,
515 394 74 21 som
624 385 71 30 står
726 383 111 32 under
869 383 149 31 kronans
1053 382 219 32 omedelbara
1304 380 206 42 förvaltning
1533 380 84 32 eller

109 434 102 32 blivit
232 435 53 31 för
307 434 150 32 kronans
479 434 146 41 räkning
647 434 53 31 till
722 433 174 42 brukning
917 435 45 40 på
983 433 71 32 viss
1078 432 51 33 tid
1152 435 35 29 åt
1209 444 113 20 annan
1345 432 174 42 upplåten.

163 537 83 32 Med
279 538 243 42 tillstyrkande
552 549 40 21 av
615 537 97 32 bifall
735 537 53 32 till
811 537 127 42 Kungl.
963 537 115 42 Maj:ts
1102 536 220 33 förevarande
1345 536 128 41 förslag
1495 536 50 31 får
1569 537 48 30 ut-

110 588 131 33 skottet
263 589 191 39 hemställa,

434 659 49 30 att
505 657 184 42 riksdagen
712 659 55 30 må
789 657 53 31 för
865 657 43 32 de
930 656 68 39 fall,
1015 656 213 32 beträffande
1251 656 91 32 vilka
1358 655 73 33 icke
1448 655 170 32 särskilda

380 708 261 32 bestämmelser
668 708 78 31 med
768 708 202 41 riksdagens
993 708 206 31 medverkan
1223 707 142 39 träffats,
1389 706 164 42 medgiva,
1567 708 50 30 att

382 759 125 42 Kungl.
531 759 100 41 Maj:t
652 759 53 31 för
727 759 95 31 tiden
847 758 91 32 intill
961 758 66 32 den
1053 760 15 30 1
1092 758 63 42 juli
1180 759 81 31 1940
1283 760 54 29 må
1360 759 62 40 äga
1444 759 49 30 att

434 810 28 41 a)
485 811 35 30 åt
553 810 146 31 svenska
725 809 224 42 medborgare
972 809 126 42 bevilja
1121 809 157 32 tillstånd
1301 810 60 37 att,
1385 810 71 30 mot
1478 808 66 31 den
1569 809 48 30 år-

379 860 68 42 liga
480 860 121 42 avgäld
634 860 64 32 och
731 860 111 32 under
875 860 41 32 de
950 860 123 31 villkor
1105 860 13 31 i
1151 860 110 41 övrigt
1290 860 128 41 Kungl.
1441 859 99 42 Maj:t
1562 859 57 32 be-

381 913 170 38 stämmer,
575 913 20 30 å
617 911 187 42 kronojord
837 911 94 32 inom
964 911 87 32 visst
1085 912 19 30 å
1137 911 138 31 marken
1303 910 153 32 utstakat
1479 910 139 32 område

381 962 108 31 under
524 973 42 21 en
600 962 52 32 tid
678 962 53 31 för
752 962 93 41 varje
868 963 89 41 gång
979 973 40 20 av
1041 962 104 41 högst
1168 962 48 31 tio
1240 964 36 29 år
1298 961 79 32 med
1400 961 123 32 andras
1546 963 71 30 ute-

382 1012 158 32 slutande
578 1013 79 31 med
694 1013 116 32 arbete
848 1013 142 41 belägga
1027 1013 64 31 och
1125 1012 228 42 tillgodogöra
1387 1012 52 41 sig
1464 1012 154 31 mineral-

381 1063 217 42 fyndigheter
624 1075 40 20 av
687 1064 106 31 andra
816 1064 82 41 slag,
915 1066 42 29 än
975 1075 73 20 som
1066 1063 108 42 enligt
1191 1065 15 30 1
1222 1063 21 42 8
1258 1063 249 42 gruvestadgan
1525 1063 92 38 eller,

382 1114 102 31 såvitt
517 1116 105 40 angår
648 1114 96 32 tiden
767 1115 87 31 efter
877 1114 65 32 den
965 1115 39 31 31
1028 1114 182 32 december
1234 1115 90 37 1939,
1350 1115 15 30 1
1390 1113 21 42 8
1433 1113 185 42 gruvlagen

382 1164 115 32 kunna
529 1166 123 40 utgöra
684 1165 143 32 föremål
860 1165 53 31 för
945 1165 206 41 inmutning,
1183 1165 77 31 med
1293 1166 69 30 rätt
1395 1165 53 31 för
1479 1164 140 32 konces-

383 1215 328 32 sionsinnehavaren
738 1218 59 36 att,
823 1216 116 31 därest
960 1215 57 32 vid
1040 1215 311 42 upplåtelsetidens
1374 1217 127 39 utgång
1523 1215 97 42 dylik

381 1266 193 41 upplåtelse
598 1266 208 32 fortfarande
830 1268 38 30 är
890 1278 40 20 av
952 1266 183 42 riksdagen
1159 1266 188 42 medgiven,
1365 1268 61 40 äga
1447 1265 172 32 företräde

381 1312 54 36 till
458 1317 333 32 överenskommelse
815 1329 56 19 om
894 1317 138 32 fortsatt
1055 1317 117 32 arbete
1194 1317 78 32 med
1295 1317 244 42 fyndighetens
1555 1316 65 32 till-

380 1367 242 42 godogörande
655 1370 45 39 på
733 1368 42 31 de
809 1368 132 37 villkor,
965 1368 128 42 Kungl.
1117 1368 98 42 Maj:t
1237 1368 43 31 då
1302 1370 45 39 på
1369 1367 110 42 grund
1501 1379 41 20 av
1566 1367 54 42 sig

381 1418 197 32 företeende
602 1419 295 41 omständigheter
919 1419 65 31 kan
1007 1419 93 31 finna
1122 1420 75 40 gott
1218 1419 200 37 bestämma,

432 1468 33 42 b)
477 1470 35 30 åt
524 1469 107 31 sådan
644 1469 434 32 koncessionsinnehavare
1091 1469 53 31 för
1156 1469 65 31 den
1231 1469 60 39 tid,
1302 1468 168 32 varunder
1479 1471 140 29 konces-

382 1518 119 33 sionen
534 1519 171 42 beviljats,
729 1520 143 41 upplåta
905 1520 202 41 erforderlig
1140 1520 94 31 mark
1256 1520 53 31 för
1331 1521 101 40 vägar
1455 1521 89 30 samt
1566 1519 54 32 för

382 1570 206 41 anläggning
614 1581 41 21 av
677 1570 200 32 verkstäder
900 1571 64 31 och
987 1570 309 39 arbetarbostäder,
1321 1570 78 32 med
1423 1569 197 43 skyldighet

380 1620 53 31 för
454 1620 461 33 koncessionsinnehavaren
938 1623 49 29 att
1010 1621 53 31 för
1086 1621 145 31 sålunda
1254 1622 34 30 åt
1307 1621 128 31 honom
1451 1621 168 41 upplåtna

380 1671 170 32 förmåner
584 1671 100 42 gälda
716 1672 88 32 visst
838 1672 101 41 årligt
971 1672 153 39 arrende,
1149 1683 73 20 som
1256 1672 208 32 bestämmes
1494 1682 123 31 genom

383 1721 146 32 särskild
552 1723 250 41 uppskattning
826 1723 73 31 före
922 1722 238 43 upplåtelsens
1183 1722 233 42 medgivande.

167 1780 200 31 Stockholm
391 1780 65 32 den
480 1781 41 31 24
542 1781 151 32 februari
718 1782 90 32 1939.

611 1866 50 32 På
684 1868 276 31 statsutskottets
983 1869 138 40 vägnar:

649 1934 189 32 ANDERS
862 1925 228 41 RÅSTOCK.

168 2102 208 30 Närvarande:
399 2104 38 28 Se
460 2104 103 28 under
585 2104 185 30 utlåtandet
792 2114 39 18 nr
854 2106 49 28 45.

1672 538 132 24 Utskottet.
