1914 2828
290 185 20 30 6
694 181 295 35 Statsutskottets
1013 181 185 34 utlåtande
1223 182 54 33 Nr
1300 185 74 31 162.

294 261 185 34 resulterat
498 261 11 34 i
529 261 109 43 några
657 273 74 22 mer
751 260 196 34 avsevärda
967 260 355 43 utgiftsreduktioner
1341 261 12 34 i
1373 261 128 43 övrigt,
1522 261 111 34 skulle
1654 262 123 42 depar-

292 305 279 35 tementschefen
592 305 54 34 för
667 306 53 33 sin
742 305 56 34 del
820 305 75 34 icke
916 305 47 33 ha
984 305 128 34 tvekat
1134 310 54 29 att
1210 305 180 43 tillstyrka
1411 310 53 30 ett
1486 305 221 43 fullföljande
1732 318 46 21 av

292 350 396 42 organisationsplanen.
710 350 59 34 Då
791 350 193 33 emellertid
1006 350 268 42 möjligheterna
1297 355 56 29 att
1374 351 83 33 ernå
1480 350 134 34 sådana
1636 350 141 43 utgifts-

292 395 226 33 reduktioner
543 394 179 34 befunnits
747 406 88 22 vara
860 394 134 43 ganska
1020 394 226 43 begränsade,
1272 394 91 34 hade
1389 395 389 42 departementschefen

294 444 118 29 ansett
434 439 51 42 sig
507 439 86 34 böra
613 438 141 34 förorda
776 450 44 22 en
842 438 266 43 framflyttning
1130 451 45 21 av
1198 439 43 34 de
1263 439 220 42 tidpunkter,
1507 439 46 34 då
1577 439 202 34 karolinska

293 483 203 43 sjukhusets
520 484 156 33 nämnda
701 483 94 34 båda
818 483 149 34 kliniker
991 484 81 34 med
1098 483 116 34 därtill
1240 483 156 34 hörande
1420 483 222 43 polikliniker
1667 484 112 34 skulle

291 533 102 37 tagas
412 527 11 34 i
440 527 104 35 bruk.

338 572 87 34 Med
445 572 140 43 hänsyn
605 572 52 34 till
678 572 70 34 vad
770 584 47 22 av
838 572 220 34 direktionen
1079 572 65 34 och
1166 585 45 21 av
1231 572 203 34 karolinska
1455 573 198 34 institutets
1674 573 107 34 lärar-

291 617 190 42 kollegium
501 621 134 38 yttrats
656 617 127 42 ansåge
805 616 386 43 departementschefen
1213 616 52 43 sig
1285 617 85 34 böra
1391 616 127 35 föreslå
1540 622 54 29 ett
1614 617 164 42 uppskov

292 661 82 34 med
394 661 266 42 ögonklinikens
681 661 256 43 överflyttning
957 661 113 34 under
1090 664 103 31 nästa
1215 661 185 43 budgetår.
1422 662 355 42 Departementsche-

293 705 60 34 fen
367 705 202 40 förutsatte,
585 711 55 29 att
655 707 42 33 de
713 706 143 40 lokaler,
871 718 75 21 som
962 706 61 34 vid
1039 705 203 34 karolinska
1259 706 185 42 sjukhuset
1460 706 126 34 inretts
1602 706 54 34 för
1672 709 106 40 ögon-

291 750 168 39 kliniken,
475 750 78 34 icke
570 750 109 34 skulle
694 750 123 33 kunna
833 755 110 29 annat
961 753 46 31 än
1024 750 89 34 efter
1130 750 131 43 Kungl.
1279 750 128 42 Maj:ts
1425 750 234 43 medgivande
1675 755 103 38 tagas

293 795 10 33 i
324 795 152 42 anspråk
496 794 55 34 för
571 799 109 29 annat
700 795 177 33 ändamål.
897 795 68 34 Vid
985 795 117 33 beslut
1121 794 12 34 i
1153 795 154 42 enlighet
1326 795 81 33 med
1427 796 71 33 vad
1520 795 148 33 sålunda
1688 795 90 33 före-

294 839 120 42 slagits
435 838 137 34 förfölle
594 839 54 34 för
668 839 154 34 tillfället
842 839 123 43 frågan
988 851 59 22 om
1069 839 181 34 utökande
1273 852 46 21 av
1340 839 180 34 lokalerna
1541 839 55 34 för
1617 840 161 33 neuroki-

293 883 159 43 rurgiska
470 883 159 34 kliniken
648 884 65 33 och
733 883 197 43 kirurgiska
949 884 159 33 kliniken
1128 884 60 33 vid
1209 884 375 34 serafimerlasarettet.
1606 885 173 33 Däremot

293 928 97 34 lades
408 928 204 42 härigenom
630 928 75 34 icke
723 928 125 34 hinder
866 928 10 34 i
895 931 115 40 vägen
1029 928 55 34 för
1102 928 67 34 den
1189 940 46 22 av
1254 928 219 34 direktionen
1493 928 209 43 ifrågasatta
1722 933 57 29 ut-

293 972 214 43 vidgningen
522 985 47 21 av
584 973 216 33 medicinska
816 973 66 33 och
897 973 245 42 neurologiska
1156 973 198 33 klinikerna
1370 973 60 35 vid
1448 973 157 34 nämnda
1622 973 157 34 lasarett.

339 1017 77 34 Vad
444 1017 149 42 anginge
619 1017 239 43 psykiatriska
884 1017 169 40 kliniken,
1080 1017 108 34 funne
1217 1017 388 43 departementschefen
1633 1020 146 31 övervä-

293 1061 114 42 gande
422 1061 75 34 skäl
510 1062 76 33 tala
599 1061 54 34 för
668 1066 54 29 att
738 1063 116 33 denna
868 1062 112 33 klinik
995 1062 216 42 igångsattes
1227 1062 112 33 under
1354 1065 103 31 nästa
1474 1062 184 42 budgetår.
1675 1062 104 34 Dock

293 1106 113 39 torde,
430 1106 11 33 i
467 1106 204 43 anslutning
694 1106 54 34 till
773 1106 72 34 vad
871 1119 46 21 av
942 1106 371 42 sjukhusdirektionen
1339 1111 145 38 yttrats,
1509 1106 157 34 kliniken
1693 1107 87 33 böra

293 1153 136 39 öppnas
443 1150 148 43 tidigast
605 1151 162 42 omkring
781 1151 68 33 den
866 1154 16 30 1
898 1151 142 42 januari
1058 1154 98 31 1941.
1171 1150 402 43 Departementschefen
1590 1151 80 33 ville
1684 1150 96 34 fästa

293 1194 362 43 uppmärksamheten
672 1196 46 42 på
738 1200 56 29 att
813 1195 203 43 härigenom
1035 1195 170 34 ernåddes
1223 1195 222 43 möjligheter
1464 1200 57 29 att
1541 1195 108 34 redan
1668 1195 112 34 under

293 1242 104 30 nästa
414 1239 174 42 budgetår
605 1240 134 42 lösgöra
757 1239 240 43 psykiatriska
1016 1239 202 42 sjukhusets
1237 1239 143 34 område
1398 1239 55 33 för
1472 1239 112 34 andra
1603 1239 177 40 ändamål,

293 1283 11 33 i
323 1283 109 34 vilket
448 1283 200 34 hänseende
665 1284 181 33 önskemål
864 1283 209 34 framställts
1090 1284 76 33 icke
1183 1284 94 33 blott
1296 1296 46 21 av
1362 1287 87 30 1939
1468 1284 57 33 års
1543 1284 131 33 urtima
1692 1284 86 34 riks-

294 1328 70 42 dag
383 1332 88 29 utan
493 1330 92 31 även
607 1340 46 21 av
676 1331 87 31 1939
787 1329 56 32 års
865 1327 329 43 riksdagsrevisorer
1217 1328 66 33 och
1307 1327 472 43 djurgårdskommissionen.

339 1372 121 42 Enligt
480 1372 73 34 vad
572 1371 80 35 från
673 1372 372 42 sjukhusdirektionen
1065 1372 175 43 upplysts,
1262 1384 83 22 vore
1366 1372 55 34 för
1442 1372 249 43 ögonkliniken
1713 1373 67 34 och

289 1415 240 44 psykiatriska
547 1416 156 34 kliniken
722 1417 61 34 vid
802 1417 202 34 karolinska
1025 1417 185 42 sjukhuset
1229 1417 81 34 med
1331 1417 117 34 därtill
1468 1418 157 33 hörande
1644 1418 136 42 polikli-

291 1461 101 33 niker
407 1461 156 34 avsedda

337 1531 72 35 dels
425 1531 157 43 följande
599 1532 171 34 ordinarie
788 1532 363 43 befattningshavare,
1167 1533 177 43 nämligen

873 1594 54 34 för
944 1594 249 43 ögonkliniken

346 1651 42 30 12
409 1647 294 43 sjuksköterskor,
1090 1652 16 30 1
1132 1648 266 41 kanslibiträde,

784 1718 56 34 för
862 1718 240 43 psykiatriska
1124 1719 157 34 kliniken

347 1775 40 30 15
413 1772 294 42 sjuksköterskor,
1089 1775 15 30 1
1131 1772 265 40 kanslibiträde,

367 1820 19 30 6
412 1816 242 42 sjukvårdare,
1089 1820 16 30 1
1131 1816 298 41 kontorsbiträde,

368 1864 16 30 1
412 1860 437 41 arbetsföreståndarinna,

332 1932 73 34 dels
430 1931 157 43 följande
611 1931 350 43 befattningshavare
985 1931 82 34 med
1093 1931 167 39 arvoden,
1284 1931 176 43 nämligen

870 2010 55 34 för
943 2011 248 43 ögonkliniken

370 2068 14 30 1
412 2064 215 40 överläkare,
1088 2068 15 29 1
1131 2064 211 34 biträdande
1362 2064 131 40 läkare,

787 2144 54 35 för
860 2144 240 43 psykiatriska
1119 2144 156 34 kliniken

368 2202 15 29 1
410 2198 211 34 biträdande
636 2198 129 39 läkare,

339 2250 72 34 dels
429 2250 65 34 ock
510 2250 157 43 följande
685 2250 111 34 andra
813 2250 267 35 icke-ordinarie
1098 2250 362 43 befattningshavare,
1479 2250 176 43 nämligen

871 2321 55 34 för
943 2321 249 43 ögonkliniken

367 2379 19 30 9
412 2375 378 40 assistentsköterskor,
1088 2378 19 30 3
1133 2374 108 34 andre
1259 2374 243 40 underläkare,

369 2424 15 29 1
411 2419 265 40 kanslibiträde,
1088 2422 20 30 8
1132 2418 302 43 provsköterskor,

346 2468 41 29 17
412 2464 212 40 städerskor,
1061 2466 41 31 13
1128 2462 305 41 sköterskeelever,

369 2512 16 29 1
412 2508 108 34 förste
533 2508 242 40 underläkare,
