1888 2824
48 2048 136 24 Utskottets

53 2084 129 28 yttrande.

249 165 40 31 22
734 172 229 30 Statsutskottets
985 175 149 28 utlåtande
1156 176 48 27 Nr
1229 174 45 31 75.

907 433 61 39 Nr
998 432 61 42 79.

603 541 125 28 Ankom
752 542 49 28 till
825 543 188 38 riksdagens
1037 545 104 28 kansli
1166 546 61 28 den
1252 547 39 28 28
1315 557 84 19 mars
1425 549 80 28 1928
1529 550 41 27 kl.
1599 551 31 27 11
1658 551 21 27 f.
1703 560 41 18 m.

649 634 196 37 Utlåtande
875 635 14 36 i
916 636 196 50 anledning
1141 651 43 23 av
1213 640 125 35 väckta
1367 641 170 36 motioner
1564 644 183 47 angående

747 686 284 50 bemyndigande
1063 690 66 49 för
1168 691 246 37 statskontoret
1450 700 52 29 att
1538 694 61 36 vid
1623 696 122 47 gälde-

750 743 123 32 närers
901 740 168 36 obestånd
1096 743 111 47 träffa
1235 743 96 36 vissa
1358 745 238 48 uppgörelser.

1522 803 61 42 (4:e
1606 805 85 41 avd.)

294 887 61 32 Uti
389 899 42 21 en
465 888 94 32 inom
593 890 105 32 andra
731 891 194 33 kammaren
959 905 41 20 av
1027 894 79 32 herr
1127 896 40 30 E.
1192 896 108 39 Röing
1322 897 97 31 väckt
1442 897 142 36 motion,
1608 910 41 20 nr
1673 900 68 37 160,

239 937 113 32 vilken
386 939 176 32 hänvisats
596 940 52 32 till
683 943 257 32 statsutskottet
972 944 54 31 för
1058 945 247 33 förberedande
1328 947 219 43 behandling,
1571 949 61 31 har
1654 950 88 31 hem-

240 989 122 37 ställts,
397 991 51 30 att
480 990 182 42 riksdagen
695 992 80 32 ville
808 993 134 43 vidtaga
964 995 157 41 åtgärder
1143 996 52 31 för
1217 999 50 29 att
1291 998 248 32 statskontoret
1562 1001 104 31 måtte
1689 1000 52 32 be-

239 1039 179 42 myndigas
441 1042 50 30 att
513 1041 211 33 beträffande
747 1045 131 30 statens
901 1045 297 42 utlåningsfonder
1220 1047 64 31 och
1308 1048 434 43 manufakturförlagslåne-

239 1089 127 32 fonden
390 1091 129 31 erhålla
542 1103 128 21 samma
692 1093 206 42 befogenhet
920 1095 11 31 i
954 1096 206 32 hithörande
1182 1099 178 38 avseende,
1375 1110 73 20 som
1464 1100 53 32 för
1533 1102 208 31 närvarande

239 1140 208 33 tillkommer
479 1142 211 43 fullmäktige
723 1144 11 31 i
768 1145 206 32 riksbanken
1009 1147 83 31 eller
1120 1149 57 36 att,
1203 1149 86 31 efter
1311 1160 175 31 noggrann
1511 1151 168 42 prövning
1701 1164 40 19 av

239 1192 338 41 omständigheterna
609 1194 11 31 i
654 1195 89 41 varje
778 1196 138 31 särskilt
949 1197 68 38 fall,
1051 1198 125 41 bevilja
1209 1199 42 31 de
1273 1200 207 41 gäldenärer,
1505 1201 90 32 vilka
1618 1204 123 30 avträtt

239 1241 54 32 sin
316 1242 166 42 egendom
505 1243 54 32 till
581 1244 224 43 borgenärers
828 1247 211 42 förnöjande,
1063 1249 124 31 ackord
1210 1250 84 31 eller
1317 1251 148 41 eftergift
1487 1254 20 29 å
1524 1252 99 32 deras
1640 1253 100 32 skuld

239 1294 38 30 så
310 1293 62 31 ock
405 1295 95 30 utom
534 1295 152 32 konkurs
719 1296 135 32 biträda
880 1299 331 33 överenskommelse
1234 1301 124 31 mellan
1381 1302 163 41 gäldenär
1567 1303 63 31 och
1654 1304 85 32 hans

237 1343 274 43 fordringsägare
535 1356 54 21 om
614 1346 175 43 betalning
812 1359 40 20 av
874 1349 86 41 gäld.

289 1393 19 32 I
330 1394 94 32 detta
447 1397 244 42 sammanhang
713 1397 62 32 har
797 1399 169 32 utskottet
986 1399 124 42 jämväl
1126 1401 146 32 förehaft
1288 1402 52 31 till
1356 1403 210 42 behandling
1588 1416 41 20 en
1646 1405 92 31 inom

237 1444 106 32 andra
375 1446 195 32 kammaren
605 1458 39 20 av
678 1448 78 32 herr
784 1449 32 32 S.
841 1449 179 41 Bengtsson
1042 1450 11 31 i
1079 1451 120 42 Norup
1222 1453 99 31 väckt
1343 1454 140 38 motion,
1508 1466 41 19 nr
1572 1456 69 37 244,
1666 1456 72 31 däri

236 1495 203 40 hemställts,
453 1498 51 30 att
526 1497 181 43 riksdagen
730 1501 104 30 måtte
857 1500 156 42 medgiva
1036 1502 124 41 Kungl.
1184 1503 98 42 Maj:t
1304 1505 68 30 rätt
1394 1506 49 29 att
1459 1505 87 31 efter
1561 1501 176 51 prövning,

236 1545 11 32 i
269 1546 108 32 likhet
399 1547 78 31 med
494 1548 115 42 övriga
624 1549 281 42 fordringsägare,
919 1553 122 40 antaga
1058 1554 48 30 ett
1122 1564 39 20 av
1178 1553 262 33 småbrukarnas
1456 1555 282 33 andelstorvströ-

236 1596 157 43 förening
415 1609 31 20 u.
471 1609 32 30 p.
528 1610 27 20 a.
585 1598 6 32 i
613 1599 102 32 Boalt
738 1600 159 41 erbjudet
919 1602 127 31 ackord
1069 1605 43 39 på
1135 1605 131 30 statens
1289 1605 147 32 fordran.

289 1647 219 34 Beträffande
532 1649 42 32 de
598 1650 81 39 skäl,
693 1651 253 33 motionärerna
968 1653 113 32 anfört
1103 1654 52 31 till
1179 1655 78 31 stöd
1281 1655 52 32 för
1349 1656 74 31 sina
1438 1653 298 51 framställningar,

235 1698 52 32 får
309 1699 169 32 utskottet
500 1700 143 33 hänvisa
665 1701 52 32 till
740 1702 223 33 motionerna.

287 1792 160 33 Rörande
469 1793 254 43 ifrågavarande
747 1796 169 33 motioner
938 1797 61 32 har
1023 1799 166 31 utskottet
1212 1800 77 31 med
1314 1800 77 32 stöd
1414 1812 40 20 av
1476 1802 42 31 46
1533 1801 22 42 8
1570 1802 167 43 riksdags-

235 1843 190 42 ordningen
458 1844 169 33 inhämtat
655 1847 159 41 yttrande
837 1848 73 31 från
934 1849 248 32 statskontoret
1205 1852 97 37 samt,
1325 1851 213 33 beträffande
1561 1853 174 32 motionen

235 1905 41 20 nr
301 1895 67 38 160,
392 1895 123 41 jämväl
538 1896 74 31 från
634 1896 212 43 fullmäktige
869 1898 11 32 i
903 1899 331 41 riksgäldskontoret
1257 1901 65 31 och
1344 1901 11 31 i
1371 1902 218 33 riksbanken.
1624 1904 112 32 Dessa

234 1945 183 40 yttranden
440 1947 59 31 äro
523 1948 114 30 såsom
660 1947 133 42 bilagor
815 1948 76 41 (Bil.
917 1949 92 42 1—3)
1031 1950 121 42 fogade
1175 1951 57 31 vid
1255 1951 94 32 detta
1372 1953 186 32 utlåtande.

287 2038 163 33 Summan
484 2051 40 20 av
559 2041 201 32 utestående
793 2042 55 31 lån
882 2043 73 31 från
979 2043 43 31 de
1046 2055 39 20 av
1109 2044 248 33 statskontoret
1379 2046 187 33 förvaltade
1588 2048 146 32 lånefon-

234 2088 105 32 derna
372 2090 157 41 utgjorde
563 2091 57 32 vid
654 2093 79 31 1927
768 2095 55 29 års
857 2095 127 40 utgång
1017 2095 79 31 över
1129 2095 210 39 250,000,000
1360 2097 134 37 kronor,
1520 2098 101 31 därav
1645 2099 90 32 cirka

237 2140 208 38 150,000,000
467 2141 127 32 kronor
617 2142 51 31 till
691 2142 394 44 hushållningssällskap
1109 2145 64 32 och
1195 2146 208 39 100,000,000
1418 2147 128 33 kronor
1562 2149 52 31 till
1630 2150 104 31 andra

233 2190 182 42 låntagare.
461 2191 61 32 Att
555 2192 12 31 i
597 2204 40 20 en
661 2193 207 33 lånerörelse
891 2206 40 20 av
954 2195 106 31 sådan
1085 2196 203 42 omfattning
1310 2198 161 32 förluster
1494 2201 45 39 på
1562 2200 109 41 grund
1695 2212 40 20 av

232 2241 180 41 gäldenärs
440 2242 169 32 obestånd
632 2243 50 32 tid
706 2244 85 32 efter
812 2256 111 20 annan
946 2245 116 32 kunna
1084 2246 135 32 inträffa
1241 2247 89 32 lärer
1351 2249 33 31 få
1406 2260 101 21 anses
1531 2250 202 43 förklarligt;

233 2291 11 31 i
267 2291 45 32 all
336 2292 185 42 synnerhet
545 2294 53 31 för
620 2294 208 32 närvarande
851 2295 97 32 torde
972 2296 95 32 detta
1089 2308 78 20 vara
1193 2298 215 43 oundvikligt
1430 2300 78 31 med
1531 2300 134 43 hänsyn
1682 2302 51 31 till

234 2342 280 42 efterkrigsårens
537 2344 129 42 häftiga
688 2345 221 33 ekonomiska
932 2347 263 41 omkastningar.
1241 2349 215 42 Riksdagens
1480 2352 253 40 uppmärksam-

233 2392 58 32 het
324 2393 61 31 har
417 2393 105 32 redan
556 2394 143 43 tidigare
722 2396 86 31 fästs
835 2398 44 40 på
901 2397 94 32 detta
1017 2398 221 39 förhållande,
1263 2399 64 31 och
1350 2411 39 20 av
1414 2401 80 31 1926
1518 2403 55 30 års
1597 2402 137 43 riksdag

218 2443 76 31 har
327 2444 185 42 utredning
537 2445 137 42 begärts
697 2447 145 31 rörande
866 2448 172 31 storleken
1062 2460 40 20 av
1124 2449 206 32 förlusterna
1352 2453 19 29 å
1394 2453 131 30 statens
1550 2453 183 43 utlånings-

232 2494 129 32 fonder.
406 2495 18 30 I
458 2495 95 32 detta
586 2496 167 32 avseende
787 2497 61 32 har
882 2499 248 32 statskontoret
1162 2511 45 20 nu
1242 2500 171 32 meddelat
1445 2502 93 32 vissa
1561 2504 173 41 uppgifter
