2208 2614
449 134 18 31 8
668 133 235 31 Sammansatta
925 136 89 26 stats-
1036 129 57 33 och
1109 129 107 43 första
1239 128 208 42 lagutskottets
1469 128 163 31 utlåtande
1653 126 52 31 Nr
1726 127 30 31 8.

542 220 58 28 Vid
624 220 82 28 detta
729 218 125 29 ärendes
878 217 182 34 behandling
1082 217 75 28 hava
1179 216 144 28 närvarit:

542 262 68 28 från
632 262 94 28 första
748 261 185 28 kammaren:
957 260 102 27 herrar
1074 255 239 38 Hederstierna",
1332 257 31 29 C.
1381 256 32 29 G.
1429 256 126 34 Ekman,
1572 255 122 28 Nilsson
1714 255 5 27 i
1734 254 149 37 Kabbarp,
1900 255 119 29 Nilsson

406 307 11 27 i
440 303 243 36 Skottlandshus,
705 303 91 29 Jacob
818 303 127 28 Larsson
967 301 55 29 och
1046 300 149 35 Rogberg;

540 346 68 28 från
640 346 91 28 andra
759 345 186 28 kammaren:
969 343 101 28 herrar
1091 343 129 28 Jansson
1241 342 12 27 i
1274 340 106 36 Falun,
1407 336 104 32 Olsson
1533 340 11 27 i
1567 338 276 35 Kullenbergstorp,
1869 339 149 28 Carlsson-

408 387 171 35 Frosterud,
604 388 34 34 af
659 387 168 35 Ekenstam,
849 383 187 32 Johansson”
1059 386 11 26 i
1092 384 124 29 Brånalt
1236 383 56 28 och
1316 379 140 33 Carlson”
1479 383 11 27 i
1514 381 143 28 Mölndal.

543 463 25 30 +)
588 462 31 33 Ej
640 461 163 25 närvarande
821 460 47 25 vid
887 459 160 25 utlåtandets
1064 458 142 32 justering.

1043 723 345 42 Reservationer

544 836 29 33 I.
616 847 48 23 av
700 834 85 34 herr
815 832 38 36 C.
884 832 40 35 G.
953 832 150 42 Ekman,
1133 842 78 24 som
1239 833 135 40 ansett,
1399 830 56 34 att
1482 827 203 35 utskottets
1712 826 196 35 utlåtande
1935 826 84 34 från

410 888 69 34 och
520 886 85 35 med
646 885 119 35 första
805 883 144 43 stycket
984 882 22 34 å
1034 881 125 44 fjärde
1186 881 109 35 sidan
1324 880 84 35 med
1435 877 223 37 kantrubrik
1685 877 225 35 »Utskottet>
1937 877 84 34 bort

411 939 100 33 hava
538 936 171 44 följande
736 935 158 43 lydelse:

544 985 277 45 Föreliggande
852 983 172 44 lagfråga
1056 981 143 44 förelåg
1225 982 57 33 till
1310 980 233 44 behandling
1568 979 145 43 jämväl
1740 977 66 35 vid
1838 978 92 34 1922
1960 977 60 35 års

410 1039 163 43 riksdag.
627 1038 56 33 De
724 1048 47 23 av
810 1035 140 43 Kungl.
991 1033 112 43 Maj:t
1142 1032 87 34 då
1212 1024 24 62 i
1264 1031 233 44 proposition
1534 1041 46 23 nr
1609 1030 68 34 241
1706 1028 214 44 framlagda
1946 1028 75 34 för-

412 1091 128 42 slagen
581 1089 58 33 till
679 1088 63 42 lag
776 1083 264 37 innefattande
1072 1083 281 35 bestämmelser
1379 1080 196 45 angående
1612 1081 158 33 kvinnas
1803 1079 219 42 behörighet

412 1143 55 32 att
507 1139 190 34 innehava
737 1135 218 43 statstjänst
994 1134 70 34 och
1105 1136 118 32 annat
1263 1133 158 34 allmänt
1460 1131 178 44 uppdrag
1669 1133 179 31 ävensom
1876 1129 56 34 till
1959 1129 63 43 lag

412 1188 264 37 innefattande
717 1187 134 43 tillägg
889 1186 57 33 till
986 1185 103 34 vissa
1129 1183 237 44 stadganden
1393 1183 13 33 i
1432 1181 358 44 rättegångsbalken
1819 1179 107 34 blevo
1954 1189 66 23 an-

412 1244 117 41 tagna
569 1251 48 22 av
656 1237 119 35 andra
816 1247 84 23 men
929 1235 33 43 ej
992 1247 49 22 av
1068 1234 119 35 första
1214 1234 229 41 kammaren,
1471 1233 12 34 i
1511 1231 206 44 anledning
1742 1241 119 24 varav
1887 1229 134 44 frågan

413 1303 59 22 om
500 1289 242 44 lagstiftning
768 1288 12 33 i
808 1290 128 31 ämnet
962 1286 59 34 för
1048 1284 167 35 nämnda
1241 1284 155 43 riksdag
1421 1282 138 36 förföll.

547 1341 55 33 De
629 1350 53 23 nu
708 1337 258 43 föreliggande
994 1335 253 44 lagförslagen
1276 1334 137 34 avvika
1440 1333 83 34 från
1553 1331 224 45 föregående
1801 1330 61 35 års
1880 1330 142 43 förslag

414 1391 242 40 därutinnan,
699 1391 56 31 att
793 1388 70 34 den
904 1388 11 33 i
951 1386 174 43 fjolårets
1152 1385 141 43 förslag
1319 1385 59 34 till
1405 1383 305 43 behörighetslag
1737 1384 197 41 upptagna
1960 1381 62 33 be-

414 1441 253 41 stämmelsen,
697 1441 56 32 att
780 1438 141 34 kvinna
948 1437 82 34 icke
1058 1436 119 34 skulle
1204 1435 130 34 kunna
1356 1435 190 33 innehava
1566 1432 242 45 diplomatisk
1829 1432 89 33 eller
1936 1431 88 33 kon-

414 1493 101 34 sulär
542 1491 122 43 tjänst
689 1489 82 34 icke
789 1487 143 35 influtit
949 1487 12 33 i
980 1486 100 34 årets
1099 1486 152 43 förslag.
1285 1485 199 34 Dessutom
1505 1485 101 32 hava
1624 1482 213 43 föreslagits
1857 1480 165 35 ändrade

414 1542 282 35 bestämmelser
723 1540 12 33 i
762 1538 108 44 fråga
898 1549 59 23 om
984 1536 227 44 tidpunkten
1239 1535 59 34 för
1324 1535 176 43 lagarnas
1528 1532 313 35 ikraftträdande.
1887 1531 135 34 Medan

415 1593 117 43 enligt
550 1590 317 44 fjolårsförslaget
889 1589 155 42 lagarna
1063 1587 119 34 skulle
1202 1585 109 34 träda
1329 1585 13 33 i
1361 1584 100 35 kraft
1478 1583 66 35 vid
1563 1584 88 41 viss,
1671 1593 156 23 numera
1846 1577 176 51 förfluten

414 1642 190 45 tidpunkt,
645 1640 240 44 ifrågasättes
923 1650 63 30 nu,
1015 1640 57 31 att
1112 1636 84 35 med
1223 1634 320 36 ikraftträdandet
1571 1634 118 34 skulle
1717 1632 110 35 anstå
1853 1632 57 34 till
1938 1632 84 43 dag,

415 1705 79 23 som
536 1693 214 42 Konungen
791 1689 85 34 med
908 1688 202 43 riksdagen
1139 1688 233 33 bestämmer.
1427 1685 132 34 Såsom
1589 1682 166 44 framgår
1783 1694 48 22 av
1857 1682 166 35 föredra-

415 1744 123 44 gande
567 1739 435 47 departementschefens
1029 1737 178 44 yttrande
1234 1737 12 33 i
1274 1735 204 36 statsrådet
1505 1735 66 33 vid
1598 1733 273 45 lagförslagens
1899 1733 125 33 remit-

417 1794 154 35 terande
612 1793 58 33 till
710 1790 171 44 lagrådet
921 1789 71 34 den
1029 1789 44 33 13
1102 1788 151 43 januari
1283 1787 94 34 1923
1407 1789 40 31 är
1473 1788 136 38 avsett,
1638 1787 56 31 att
1720 1784 158 43 lagarna
1905 1783 118 34 skulle

415 1845 109 34 träda
565 1845 12 32 i
617 1842 113 42 kraft,
772 1841 116 34 sedan
916 1839 135 44 frågan
1085 1850 61 23 om
1174 1838 45 34 de
1246 1837 197 43 kvinnliga
1471 1835 425 43 statstjänstemännens
1923 1834 101 33 löne-

416 1896 69 33 och
526 1890 442 48 pensionsförhållanden
1000 1890 138 33 vunnit
1165 1889 56 34 sin
1249 1888 160 43 lösning,
1436 1887 118 33 vilket
1581 1885 183 35 beräknas
1791 1885 151 33 komma
1970 1886 55 32 att

417 1946 63 34 ske
509 1945 65 34 vid
605 1944 95 33 1924
729 1942 59 34 års
816 1941 163 43 riksdag.

552 1994 132 35 Såsom
718 1993 79 34 skäl
825 1994 57 32 att
907 1991 116 34 redan
1051 2001 53 23 nu
1131 1989 170 43 företaga
1328 1987 354 44 behörighetslagen
1710 1985 56 35 till
1794 1984 231 44 behandling

417 2047 69 34 och
515 2043 216 45 avgörande
759 2043 69 34 har
851 2039 412 46 departementschefen
1283 2038 219 42 framhållit,
1524 2040 56 31 att
1599 2040 93 31 även
1713 2047 58 23 om
1791 2035 86 34 med
1896 2036 128 42 lagens

418 2095 214 45 antagande
660 2093 191 35 förbindes
880 2092 165 43 angivna
1071 2089 183 36 förbehåll
1283 2100 60 23 om
1371 2087 330 43 ikraftträdandet,
1722 2089 52 31 ett
1802 2085 135 34 sådant
1965 2086 60 33 be-

417 2148 76 33 slut
533 2146 94 34 dock
672 2144 95 44 ägde
809 2154 45 23 en
894 2142 213 44 principiell
1134 2140 202 43 betydelse,
1366 2150 79 23 som
1471 2139 81 34 icke
1580 2138 99 43 finge
1706 2136 277 42 underskattas,
2013 2136 11 33 i

418 2198 62 34 det
521 2199 55 32 att
618 2194 154 36 därmed
813 2198 104 39 toges
958 2195 53 32 ett
1051 2192 99 34 klart
1190 2191 67 34 och
1289 2191 162 37 bestämt
1478 2192 82 40 steg
1587 2189 57 33 till
1671 2187 189 34 infriande
1888 2197 47 23 av
1962 2186 63 34 det
