1908 2800
596 204 104 28 Andra
722 205 195 35 lagutskottets
941 207 145 29 utlåtande
1108 208 46 28 Nr
1177 206 29 31 3.
1631 212 16 29 i

199 272 155 32 Givetvis
378 274 201 33 förutsätter
602 277 65 31 den
692 278 62 31 här
776 279 193 41 föreslagna
993 282 277 40 organisationen
1288 286 48 28 ett
1353 286 294 32 sammanförande

144 325 41 20 av
209 314 42 31 de
275 316 92 32 olika
389 316 292 44 förvaltningarna
704 320 53 31 tlll
781 321 207 42 närbelägna
1010 323 138 32 lokaler.

197 356 74 32 Här
305 369 86 20 ovan
426 360 146 41 angivna
604 361 129 41 förslag
766 362 65 31 kan
856 364 144 40 givetvis
1023 365 72 32 icke
1119 368 82 39 göra
1225 368 147 40 ansprak
1395 371 44 38 på
1462 372 48 28 att
1534 382 77 19 vara
1636 371 11 30 i

144 399 104 41 detalj
274 401 174 31 utarbetat
471 404 81 29 utan
577 404 36 30 är
636 406 152 30 närmast
812 407 49 29 att
885 417 81 21 anse
991 418 73 20 som
1089 419 41 20 en
1154 410 150 40 antydan
1329 421 53 20 om
1406 412 10 29 i
1440 412 112 31 vilken
1569 413 79 31 rikt-

144 441 83 40 ning
250 453 41 20 en
316 445 291 40 omorganisation
630 446 66 31 kan
720 448 121 31 tänkas
865 449 53 31 för
940 451 50 29 att
1013 452 43 29 nå
1079 451 58 31 det
1162 453 97 40 syfte,
1282 453 57 40 jag
1354 453 141 42 tidigare
1509 456 136 41 angivit.

197 484 133 41 Frågan
354 486 63 31 bör
440 487 143 40 givetvis
607 488 91 32 bliva
721 491 142 31 föremål
886 492 52 30 för
962 503 40 19 en
1029 493 167 40 ingående
1220 496 216 41 granskning,
1462 497 63 31 och
1544 509 102 30 synes

144 526 95 31 detta
272 527 197 42 lämpligast
496 530 115 31 kunna
634 531 59 31 ske
717 543 123 29 genom
864 536 50 28 att
938 534 260 42 stadskollegiet
1221 537 160 31 tillsätter
1404 550 40 19 en
1468 540 178 32 kommitté

143 580 41 19 av
206 571 44 38 på
274 571 155 30 området
452 572 211 41 sakkunniga
686 585 173 29 personer.
906 576 121 31 Denna
1050 578 178 31 kommitté
1252 579 62 31 bör
1329 580 11 30 i
1358 580 58 31 sitt
1432 582 115 31 arbete
1564 583 81 30 söka

144 611 191 31 samarbete
369 613 79 31 med
482 614 66 31 den
581 615 92 31 förut
696 616 145 32 tillsatta
863 618 416 41 fattigvårdskommittén,
1305 624 80 28 enär
1408 623 79 31 dess
1511 625 134 40 uppgift

142 652 12 31 i
187 652 93 32 vissa
313 654 95 31 delar
441 657 81 29 nära
556 658 283 42 sammanhänger
872 661 78 30 med
973 661 60 30 här
1055 662 232 41 föreliggande
1310 664 99 41 fråga.
1456 665 130 42 Frågan
1610 669 37 29 är

144 695 190 31 emellertid
358 708 39 20 av
420 697 217 33 brådskande
660 702 109 33 natur,
795 703 82 29 enär
900 702 197 32 densamma
1120 704 63 31 bör
1206 716 78 20 vara
1307 706 151 42 klarlagd
1474 708 11 30 i
1501 709 66 39 god
1585 709 58 31 tid.

142 736 106 32 innan
271 737 62 31 här
356 739 224 32 omförmiälda
603 741 54 40 lag
680 743 175 40 angående
880 744 198 32 samhällets
1102 746 190 32 barnavård
1315 749 112 30 trider
1450 750 10 29 i
1484 750 96 31 kvaft.

195 779 262 41 Ifrågavarande
480 782 184 42 lagförslag
687 785 173 40 medgiver
883 797 121 30 genom
1028 798 41 21 en
1094 789 149 31 särskild
1265 790 240 33 bestämmelse
1530 792 114 32 Stock-

141 820 114 32 holms
280 823 77 30 stad
380 825 50 29 att
452 826 44 39 på
519 827 104 29 annat
647 828 68 29 sätt
739 829 42 28 än
805 828 98 40 lagen
926 829 205 32 föreskriver
1154 832 197 40 organisera
1374 834 268 32 verksamheten.

141 863 53 31 En
219 865 242 40 organisation,
487 867 105 31 sådan
617 879 73 20 som
708 868 61 32 här
788 870 200 42 föreslagits,
1006 873 97 30 torde
1121 874 144 31 sålunda
1281 875 72 30 från
1367 875 276 44 lagstiftningens

142 906 74 31 sida
239 906 74 32 icke
337 909 93 30 möta
453 909 131 38 hinder,
609 910 11 31 i
644 912 188 40 synnerhet
856 924 73 20 som
954 914 217 42 lagförslaget
1194 917 135 31 anvisar
1352 920 47 28 ett
1422 918 114 32 intimt
1561 931 82 20 sam-

140 948 117 32 arbete
291 950 78 31 med
402 951 236 41 fattigvården.
684 954 120 41 Dylikt
838 956 190 32 samarbete
1064 957 85 31 skall
1182 960 83 29 även
1288 959 208 33 förekomma
1519 963 123 31 mellan

140 991 364 42 skolmyndigheterna
527 995 63 30 och
614 995 466 44 barnavårdsmyndigheten,
1105 1000 52 30 för
1180 1001 105 31 vilket
1302 1002 155 31 ändamål
1474 1004 169 32 föreskrif-

140 1034 52 30 ter
213 1033 112 32 finnas
350 1045 54 20 om
429 1038 50 28 att
501 1036 107 32 lärare
633 1038 86 31 skall
742 1038 86 32 hava
852 1041 72 30 säte
949 1041 63 30 och
1036 1043 143 30 stimma
1202 1043 11 30 i
1237 1045 176 39 styrelsen.

192 1075 49 31 På
264 1077 111 39 grund
399 1089 40 19 av
462 1078 64 31 vad
547 1078 56 42 jag
626 1079 61 31 här
710 1081 113 31 anfört
845 1082 50 30 får
913 1083 57 40 jag
986 1083 188 39 hemstilla,
1193 1087 49 29 att
1266 1086 256 42 stadskollegiet
1538 1091 104 29 måtte

139 1117 178 41 uppdraga
350 1121 35 29 åt
419 1131 42 19 en
495 1120 177 33 kommitté
707 1125 49 28 att
780 1124 182 31 verkställa
984 1126 184 41 utredning
1190 1128 144 31 rörande
1358 1130 219 41 möjligheten
1602 1143 40 19 av

140 1170 41 20 en
217 1161 309 41 samorganisation
561 1175 40 19 av
635 1175 85 21 ovan
756 1166 145 41 angivna
935 1168 126 30 sociala
1095 1169 356 42 verksamhetsgrenar
1485 1176 87 28 samt
1595 1174 45 31 in-

139 1202 135 32 komma
297 1204 79 31 med
400 1204 59 32 det
481 1206 136 41 förslag,
642 1207 113 31 vartill
779 1208 112 32 denna
914 1210 185 42 utredning
1121 1212 66 30 kan
1210 1212 75 41 giva
1308 1214 192 41 anledning.

190 1270 82 31 Med
306 1271 187 42 anledning
525 1273 103 31 härav
661 1274 114 32 beslöt
803 1276 258 42 stadskollegiet
1084 1279 56 30 vid
1165 1282 250 30 sammanträde
1440 1282 64 31 den
1532 1286 12 27 1
1571 1279 66 49 maj

140 1321 81 30 1924
254 1323 50 29 att
337 1322 179 42 uppdraga
538 1326 35 28 åt
596 1325 168 31 särskilda
788 1326 201 42 delegerade
1013 1330 49 29 att
1085 1330 183 31 verkställa
1292 1331 181 42 utredning
1495 1334 145 31 rörande

136 1370 258 41 ifrågavarande
417 1374 135 41 förslag.

190 1421 76 32 Den
301 1423 19 30 5
353 1423 75 40 juni
460 1425 80 31 1925
563 1428 126 39 avgåvo
713 1427 201 41 delegerade
937 1430 158 40 yttrande
1118 1431 12 30 i
1154 1432 141 31 ärendet
1319 1433 62 31 och
1405 1434 140 32 anförde
1569 1435 70 32 där-

137 1471 57 32 vid
217 1472 45 31 bl.
287 1484 27 20 a.
340 1473 166 41 följande:

190 1531 52 31 De
266 1532 115 39 motiv,
407 1544 73 20 som
504 1534 90 41 ligga
618 1535 52 31 till
694 1537 111 39 grund
828 1537 53 31 för
903 1538 171 42 förslaget,
1099 1542 57 29 äro
1181 1541 271 42 huvudsakligen
1473 1544 164 41 följande:

139 1572 28 41 1)
201 1572 134 32 Genom
370 1575 66 31 den
471 1576 198 41 fortgående
704 1579 64 30 och
803 1579 216 40 nödvändiga
1054 1583 300 41 specialiseringen
1378 1597 39 18 av
1441 1587 197 31 samhällets

137 1614 429 35 understödsverksamhet
600 1622 146 38 uppstår
779 1621 70 31 fara
883 1622 52 31 för
969 1623 181 42 slitningar
1183 1626 124 30 mellan
1342 1627 41 30 de
1407 1628 89 31 olika
1520 1629 117 31 under-

137 1657 251 41 stödsorganen
412 1663 89 28 samt
524 1662 84 30 även
632 1673 42 19 en
697 1662 71 31 viss
792 1663 71 31 risk
886 1664 52 31 för
961 1665 181 32 osäkerhet
1166 1667 63 31 och
1253 1668 195 40 planlöshet
1471 1671 11 29 i
1506 1671 132 31 förvalt-

136 1699 136 41 ningen.
318 1700 30 41 2)
371 1701 70 31 Det
463 1702 170 32 allmänna
657 1704 109 31 skulle
791 1705 194 33 förorsakas
1009 1708 147 42 onödiga
1172 1710 185 31 kostnader
1372 1723 121 29 genom
1511 1713 41 31 de
1569 1714 69 31 ofta

136 1741 221 42 närliggande
390 1744 238 41 uppgifternas
652 1746 177 42 splittring
851 1750 43 38 på
917 1751 49 28 ett
989 1749 108 32 flertal
1121 1752 239 41 självständigt
1382 1754 184 32 arbetande
1590 1767 47 20 or-

136 1794 74 30 gan.
256 1784 30 41 3)
311 1784 171 42 Slutligen
507 1787 110 31 skulle
641 1788 66 31 den
732 1789 250 42 hjälpsökande
1005 1792 231 32 allmänheten
1260 1797 146 30 utsättas
1430 1797 51 30 för
1505 1798 133 42 obehag

136 1836 122 30 genom
293 1827 58 31 det
374 1829 175 40 parallella
572 1830 488 43 undersökningsförfarandet
1083 1835 72 31 från
1179 1836 82 31 flera
1284 1838 254 42 myndigheters
1563 1840 74 32 sida

137 1870 88 29 samt
261 1869 52 31 för
351 1871 211 41 svårigheter
600 1875 49 29 att
682 1874 93 31 finna
811 1876 68 30 rätt
912 1876 110 31 forum
1060 1878 52 31 för
1149 1879 441 44 understödsansökningar
1626 1884 11 30 i

135 1910 92 31 olika
249 1911 67 31 fall.

188 1952 112 32 Dessa
324 1954 219 41 olägenheter
576 1968 97 20 avser
706 1958 164 42 förslaget
903 1962 50 29 att
986 1961 157 42 avhjälpa
1170 1975 121 28 genom
1315 1965 192 32 inrättande
1531 1978 40 19 av
1594 1979 42 19 en

136 1995 129 31 central
299 1997 127 30 nämnd
461 1998 62 30 och
547 1999 109 31 under
680 2000 198 32 densamma
901 2002 147 41 lydande
1072 2004 288 43 distriktsbyråer,
1385 2019 250 29 gemensamma

134 2037 53 30 för
221 2037 41 31 de
297 2038 91 31 olika
422 2040 404 43 specialavdelningarna.
872 2044 76 31 Den
983 2047 149 30 centrala
1160 2048 171 31 nämnden
1356 2049 108 32 skulle
1488 2052 60 39 äga
1572 2052 62 30 till-

134 2080 89 40 gång
257 2080 52 30 till
344 2081 220 42 erforderliga
598 2095 114 29 organ,
737 2096 253 29 gemensamma
1012 2088 52 31 för
1088 2088 41 31 de
1154 2090 89 31 olika
1266 2092 277 41 avdelningarna:
1568 2094 66 31 den

135 2120 110 32 skulle
279 2122 115 32 kunna
428 2126 103 29 utöva
565 2136 40 20 en
635 2127 152 41 enhetlig
810 2128 141 42 ledning
974 2141 38 19 av
1037 2131 198 32 samhällets
1260 2134 375 33 understödsverksam-

134 2162 68 38 het,
232 2164 63 31 och
320 2165 66 31 den
412 2166 109 32 skulle
545 2170 120 38 utgöra
689 2169 65 31 den
779 2171 150 30 centrala
951 2173 162 39 punkten,
1139 2174 51 31 dit
1213 2175 66 31 alla
1301 2176 246 41 förfrågningar
1570 2179 63 30 och

134 2206 232 42 ansökningar
399 2208 10 30 i
433 2209 360 34 understödsärenden
818 2213 114 31 kunde
956 2214 113 31 riktas.
1116 2216 123 32 Denna
1262 2219 124 30 nämnd
1411 2220 108 31 skulle
1544 2220 90 32 dess-

134 2250 94 29 utom
264 2249 128 32 erhålla
426 2261 40 20 en
500 2263 112 20 annan
644 2254 145 41 uppgift,
826 2256 169 40 nämligen
1029 2259 49 29 att
1105 2259 118 40 avgiva
1245 2261 181 40 yttranden
1451 2262 63 31 och
1538 2263 95 31 fram-

134 2291 100 30 ställa
257 2291 127 42 förslag
406 2292 11 31 1
442 2293 127 32 sådana
592 2295 127 32 sociala
741 2296 121 42 frågor,
887 2298 90 31 vilka
1000 2299 52 31 för
1074 2302 209 31 närvarande
1307 2303 29 40 ej
1361 2304 136 31 tillhöra
1521 2308 110 38 någon

133 2333 147 31 särskild
297 2334 198 32 kommunal
511 2337 218 41 myndighets
745 2339 374 43 förvaltningsområde,
1138 2345 207 40 exempelvis
1362 2346 110 42 frågor
1487 2348 145 31 rörande

133 2374 190 33 understöd
347 2379 34 28 åt
405 2378 346 40 sjukkasseväsendet
774 2393 42 20 m.
841 2394 33 19 m

185 2417 53 32 De
272 2429 40 20 av
345 2419 310 43 förslagsställaren
690 2424 142 31 anförda
866 2426 257 40 synpunkterna
1147 2430 58 30 äro
1229 2432 81 28 utan
1335 2430 101 32 tvivel
1458 2431 10 31 i
1493 2432 63 30 och
1580 2433 52 31 för

133 2459 52 41 sig
218 2461 100 30 värda
354 2462 200 40 beaktande,
588 2465 11 30 i
623 2466 187 41 synnerhet
833 2478 72 20 som
930 2468 161 33 liknande
1115 2472 221 40 uppfattning
1359 2473 141 39 tidigare
1523 2475 108 40 gjorts

131 2502 157 39 gällande
311 2503 74 32 från
410 2505 91 31 olika
523 2506 69 31 båll
616 2507 110 32 under
748 2509 187 32 förarbetet
958 2511 52 30 till
1034 2512 66 31 den
1124 2524 66 30 nya
1213 2513 314 43 barnavårdslagen.
1575 2517 55 31 Så-
