1871 2826
437 189 118 31 Andra
572 190 244 40 lagutskottets
833 192 177 30 utlåtande
1026 202 42 20 nr
1084 193 39 30 18
1138 193 39 30 år
1193 193 82 30 1968
1580 197 18 30 3

117 270 44 29 rit
182 270 10 28 i
213 270 420 41 återbetalningspliktiga
655 274 237 29 studiemedel.
915 273 523 42 Återbetalningsskyldigheten
1462 276 136 40 upphör

117 323 116 30 vidare
254 326 63 28 när
337 325 66 29 den
423 325 429 41 återbetalningsskyldige
873 328 9 28 i
903 328 148 39 avgifter
1072 329 107 39 erlagt
1201 331 46 27 ett
1268 329 124 40 belopp
1415 339 75 20 som
1511 332 86 27 mot-

117 387 119 20 svarar
254 379 66 29 vad
338 379 71 29 han
429 380 111 29 skulle
560 380 45 29 ha
624 380 76 30 haft
720 383 50 27 att
790 381 137 40 erlägga
947 392 56 19 om
1024 383 40 29 de
1085 383 421 40 återbetalningspliktiga
1527 385 71 28 stu-

117 431 193 30 diemedlen
343 433 88 29 hade
464 434 132 39 utgjort
628 436 47 27 ett
707 435 253 30 räntebärande
992 437 275 29 konventionellt
1301 437 57 30 lån
1391 438 79 29 med
1505 438 92 30 fasta

116 486 207 29 annuiteter.

160 539 65 30 Om
251 540 41 29 de
315 541 263 29 tröskelvärden
603 551 74 20 som
702 542 109 30 måste
838 544 135 38 uppnås
999 544 54 29 för
1079 546 49 27 att
1155 545 326 39 avgiftsskyldighet
1509 546 88 29 skall

116 593 138 30 inträda
281 595 106 38 gäller
416 594 165 40 följande.
610 596 48 30 De
685 597 152 29 bestäms
866 598 44 38 på
938 599 167 38 grundval
1137 608 41 20 av
1206 599 298 39 avgiftsunderlag
1532 600 66 28 och

115 646 244 40 avgiftsgräns.
388 648 339 41 Avgiftsunderlaget
757 651 117 38 utgörs
903 661 42 19 av
972 651 66 30 den
1066 652 449 40 återbetalningsskyldiges
1543 653 53 29 till

116 701 117 39 statlig
252 701 250 31 inkomstskatt
520 703 327 40 beskattningsbara
867 705 153 29 inkomst
1040 705 53 30 för
1113 706 72 29 året
1205 707 64 28 och
1288 706 67 30 den
1374 706 53 29 del
1449 716 40 20 av
1508 707 89 30 hans

115 754 241 40 förmögenhet
383 766 73 19 som
482 757 187 39 överstiger
696 767 58 21 sex
778 758 198 40 basbelopp.
1003 759 44 29 är
1074 760 66 29 den
1167 760 430 40 återbetalningsskyldige

116 808 74 39 gift,
213 809 98 39 ingår
331 810 10 28 i
362 810 333 40 avgiftsunderlaget
717 813 85 28 även
825 812 135 30 hälften
983 823 40 19 av
1046 814 144 29 makens
1213 814 51 29 till
1289 814 116 40 statlig
1429 815 167 29 inkomst-

116 862 93 30 skatt
229 863 327 39 beskattningsbara
577 865 153 30 inkomst
752 866 54 29 för
826 866 73 30 året
919 868 65 28 och
1005 867 135 29 hälften
1162 877 42 20 av
1224 869 66 28 den
1312 869 54 29 del
1389 878 40 20 av
1451 869 145 30 makens

116 916 240 40 förmögenhet
379 927 73 20 som
475 919 187 40 överstiger
685 929 57 20 sex
763 920 198 40 basbelopp.
984 922 71 28 Har
1078 922 65 29 den
1167 922 429 40 återbetalningsskyldige

115 970 57 30 vid
192 971 90 30 årets
301 972 126 39 början
446 972 202 30 vårdnaden
667 983 57 20 om
744 974 84 29 barn
852 984 75 20 som
948 976 37 28 är
1005 976 110 29 under
1136 976 48 29 tio
1206 976 48 34 år,
1275 976 158 31 minskas
1455 976 141 40 avgifts-

115 1024 202 40 underlaget
340 1026 79 29 med
441 1026 135 29 hälften
599 1037 41 19 av
662 1027 233 40 basbeloppet.
920 1028 288 40 Avgiftsgränsen
1232 1030 118 39 utgörs
1375 1040 42 20 av
1439 1030 58 30 två
1520 1030 76 30 bas-

114 1078 134 39 belopp.
271 1079 336 40 Avgiftsskyldighet
629 1081 183 39 föreligger
834 1083 122 28 endast
979 1092 56 20 om
1058 1084 66 28 den
1148 1083 448 40 återbetalningsskyldiges

114 1132 298 40 avgiftsunderlag
439 1133 54 30 för
519 1134 72 29 året
617 1135 187 39 överstiger
832 1136 287 39 avgiftsgränsen.
1147 1137 67 29 För
1241 1139 49 27 att
1319 1138 276 38 avgiftsgränsen

116 1185 69 29 inte
205 1186 87 29 skall
312 1186 36 30 få
365 1186 213 31 besvärande
596 1189 282 30 tröskeleffekter
897 1189 96 30 finns
1012 1191 105 29 också
1136 1200 43 20 en
1197 1191 222 40 tröskelregel
1441 1201 41 20 av
1501 1192 93 29 inne-

115 1240 85 29 börd
219 1242 49 26 att
288 1240 153 39 avgiften
461 1241 70 29 inte
551 1241 53 30 får
624 1243 172 39 överstiga
815 1252 41 20 en
879 1244 127 29 tiondel
1025 1253 42 20 av
1088 1244 332 39 avgiftsunderlaget
1440 1246 65 29 och
1525 1246 71 29 inte

114 1293 108 29 heller
243 1303 43 19 en
307 1293 170 40 fjärdedel
500 1304 42 20 av
563 1296 66 29 den
652 1296 53 29 del
728 1306 41 19 av
791 1296 332 41 avgiftsunderlaget
1147 1307 74 20 som
1244 1299 187 39 överstiger
1455 1299 140 39 avgifts-

115 1348 158 38 gränsen.

158 1401 226 30 Beträffande
409 1403 65 28 den
500 1412 88 20 ovan
614 1404 149 38 angivna
788 1404 265 39 65-årsgränsen
1080 1405 53 30 för
1161 1406 196 39 skyldighet
1384 1408 49 28 att
1460 1407 137 39 erlägga

115 1454 108 39 avgift
245 1455 58 29 må
324 1456 158 39 tilläggas
506 1456 166 39 följande.
696 1458 65 30 Om
785 1458 76 35 den,
886 1468 74 20 som
984 1459 166 40 uppburit
1175 1460 252 30 studiemedlen
1452 1461 69 29 inte
1546 1470 48 20 er-

115 1508 115 39 lägger
249 1509 129 29 honom
399 1510 125 38 påförd
545 1511 108 39 avgift
674 1511 53 30 för
747 1512 86 29 visst
855 1512 46 34 år,
925 1512 157 30 förfaller
1104 1514 9 28 i
1135 1514 135 39 princip
1292 1514 148 30 beslutet
1462 1523 56 21 om
1542 1524 54 20 av-

115 1562 278 40 giftsdebitering
413 1564 67 29 den
503 1564 12 29 1
539 1565 143 29 oktober
703 1566 109 29 andra
833 1566 72 30 året
927 1566 86 30 efter
1035 1567 376 40 avgiftsdebiteringen.
1434 1568 161 39 Avgiften

115 1616 148 30 återförs
282 1617 52 29 till
354 1617 56 30 det
430 1627 24 20 s.
469 1618 32 29 k.
521 1619 291 39 huvudregistret.
833 1620 224 30 Beträffande
1078 1621 44 39 på
1141 1622 95 29 detta
1256 1623 67 29 sätt
1344 1622 177 30 återförda
1541 1633 56 20 av-

115 1670 102 39 gifter
239 1671 71 29 kan
331 1671 395 41 betalningsskyldighet
749 1692 44 2 —
817 1674 5 28 i
849 1674 91 29 form
964 1684 42 20 av
1029 1677 96 27 extra
1149 1676 107 38 avgift
1279 1694 44 3 —
1346 1676 138 40 åläggas
1511 1678 86 28 även

115 1724 87 29 efter
220 1724 56 29 det
293 1725 257 30 vederbörande
569 1727 147 39 uppnått
736 1728 39 28 65
795 1728 55 29 års
869 1728 95 29 ålder
988 1729 51 33 (se
1059 1738 95 30 prop.
1177 1729 96 29 1967:
1294 1729 60 30 143
1374 1739 25 21 s.
1420 1730 73 34 53).
1513 1731 84 39 Reg-

115 1777 48 29 ler
182 1778 123 29 härom
323 1779 64 28 och
406 1788 57 20 om
482 1780 191 38 debitering
692 1782 65 28 och
777 1782 157 38 uppbörd
954 1782 10 29 i
984 1783 110 37 övrigt
1114 1792 41 20 av
1176 1783 146 37 avgifter
1342 1784 105 38 enligt
1470 1784 126 29 studie-

114 1831 384 40 medelsförordningen
516 1832 95 30 finns
629 1833 8 29 i
653 1834 250 39 förordningen
922 1844 54 20 om
994 1836 407 39 studiemedelsavgifter,
1421 1846 74 21 som
1512 1838 85 29 trätt

115 1884 7 29 i
140 1884 96 30 kraft
251 1885 66 29 den
335 1886 13 28 1
366 1885 139 39 januari
524 1887 6 28 i
549 1887 47 29 år.

577 2015 163 39 Tidigare
755 2015 378 40 riksdagsbehandling

161 2096 11 28 I
202 2104 96 29 prop.
331 2094 175 30 1964:138
537 2094 176 39 angående
744 2095 237 29 studiesocialt
1012 2096 76 29 stöd
1121 2096 49 28 till
1203 2096 209 30 studerande
1445 2097 152 38 ungdom

116 2148 189 30 framlades
329 2148 131 38 förslag
483 2148 51 29 till
559 2149 55 28 det
639 2148 245 29 studiesociala
907 2151 129 36 system
1061 2158 74 20 som
1160 2159 47 19 nu
1233 2150 106 29 finns.
1365 2150 108 29 Såvitt
1500 2160 98 20 avser

115 2203 114 28 rätten
251 2202 52 29 till
328 2202 226 30 studiemedel
579 2202 178 39 grundade
781 2202 50 39 sig
855 2203 261 39 propositionen
1140 2203 44 39 på
1208 2203 130 40 förslag
1364 2214 41 20 av
1430 2204 167 30 studieso-

115 2255 88 30 ciala
228 2255 242 39 utredningen.
496 2255 226 30 Beträffande
749 2256 66 29 den
840 2256 64 29 här
929 2256 154 30 aktuella
1109 2257 317 39 fyrtioårsgränsen
1453 2258 145 30 anförde

116 2309 251 39 föredragande
394 2309 384 39 departementschefen
802 2328 45 2 —
872 2309 87 30 efter
985 2312 49 27 att
1060 2311 46 29 ha
1130 2311 189 29 behandlat
1345 2312 251 34 maximitiden,

117 2365 120 28 sexton
261 2363 176 34 terminer,
463 2363 111 29 under
596 2363 116 29 vilken
739 2363 227 30 studiemedel
993 2364 111 29 skulle
1131 2364 35 30 få
1192 2365 82 39 utgå
1297 2383 45 3 —
1367 2365 155 39 följande
1554 2366 43 34 (s.

118 2417 93 33 163).

160 2489 95 28 Mera
278 2489 173 29 tveksamt
476 2488 77 29 med
579 2489 137 38 hänsyn
739 2489 51 28 till
818 2489 224 39 riktlinjerna
1067 2490 54 29 för
1147 2491 66 28 den
1238 2491 168 29 moderna
1430 2493 169 27 vuxenut-
