<?xml version="1.0" encoding="UTF-8"?>
<alto xmlns="http://www.loc.gov/standards/alto/ns-v3#" xmlns:xlink="http://www.w3.org/1999/xlink" xmlns:xsi="http://www.w3.org/2001/XMLSchema-instance" xsi:schemaLocation="http://www.loc.gov/standards/alto/ns-v3# http://www.loc.gov/alto/v3/alto-3-0.xsd">
	<Description>
		<MeasurementUnit>pixel</MeasurementUnit>
		<sourceImageInformation>
			<fileName>/tmp/tess_uliksdhj_input.PNG</fileName>
		</sourceImageInformation>
		<OCRProcessing ID="OCR_0">
			<ocrProcessingStep>
				<processingSoftware>
					<softwareName>tesseract 5.3.0</softwareName>
				</processingSoftware>
			</ocrProcessingStep>
		</OCRProcessing>
	</Description>
	<Layout>
		<Page WIDTH="2326" HEIGHT="2775" PHYSICAL_IMG_NR="0" ID="page_0">
			<PrintSpace HPOS="0" VPOS="0" WIDTH="2326" HEIGHT="2775">
				<ComposedBlock ID="cblock_0" HPOS="731" VPOS="224" WIDTH="1071" HEIGHT="35">
					<TextBlock ID="block_0" HPOS="731" VPOS="224" WIDTH="1071" HEIGHT="35">
						<TextLine ID="line_0" HPOS="731" VPOS="224" WIDTH="1071" HEIGHT="35">
							<String ID="string_0" HPOS="731" VPOS="230" WIDTH="100" HEIGHT="29" WC="0.35" CONTENT="Btats-"/><SP WIDTH="11" VPOS="230" HPOS="831"/>
							<String ID="string_1" HPOS="842" VPOS="220" WIDTH="172" HEIGHT="45" WC="0.95" CONTENT="Utskottets"/><SP WIDTH="19" VPOS="220" HPOS="1014"/>
							<String ID="string_2" HPOS="1033" VPOS="224" WIDTH="164" HEIGHT="34" WC="0.94" CONTENT="Utlåtande"/><SP WIDTH="34" VPOS="224" HPOS="1197"/>
							<String ID="string_3" HPOS="1231" VPOS="224" WIDTH="60" HEIGHT="34" WC="0.28" CONTENT="N:o"/><SP WIDTH="27" VPOS="224" HPOS="1291"/>
							<String ID="string_4" HPOS="1318" VPOS="225" WIDTH="42" HEIGHT="34" WC="0.70" CONTENT="HH."/><SP WIDTH="427" VPOS="225" HPOS="1360"/>
							<String ID="string_5" HPOS="1787" VPOS="225" WIDTH="15" HEIGHT="29" WC="0.79" CONTENT="i"/>
						</TextLine>
					</TextBlock>
				</ComposedBlock>
				<ComposedBlock ID="cblock_1" HPOS="927" VPOS="822" WIDTH="241" HEIGHT="42">
					<TextBlock ID="block_1" HPOS="927" VPOS="822" WIDTH="241" HEIGHT="42">
						<TextLine ID="line_1" HPOS="927" VPOS="822" WIDTH="241" HEIGHT="42">
							<String ID="string_6" HPOS="927" VPOS="824" WIDTH="111" HEIGHT="40" WC="0.82" CONTENT="N:o"/><SP WIDTH="39" VPOS="824" HPOS="1038"/>
							<String ID="string_7" HPOS="1077" VPOS="822" WIDTH="91" HEIGHT="42" WC="0.33" CONTENT="17."/>
						</TextLine>
					</TextBlock>
				</ComposedBlock>
				<ComposedBlock ID="cblock_2" HPOS="890" VPOS="1026" WIDTH="856" HEIGHT="34">
					<TextBlock ID="block_2" HPOS="890" VPOS="1026" WIDTH="856" HEIGHT="34">
						<TextLine ID="line_2" HPOS="890" VPOS="1026" WIDTH="856" HEIGHT="34">
							<String ID="string_8" HPOS="890" VPOS="1029" WIDTH="71" HEIGHT="25" WC="0.90" CONTENT="Ank."/><SP WIDTH="19" VPOS="1029" HPOS="961"/>
							<String ID="string_9" HPOS="980" VPOS="1028" WIDTH="43" HEIGHT="26" WC="0.93" CONTENT="till"/><SP WIDTH="20" VPOS="1028" HPOS="1023"/>
							<String ID="string_10" HPOS="1043" VPOS="1028" WIDTH="94" HEIGHT="25" WC="0.89" CONTENT="Riksd."/><SP WIDTH="20" VPOS="1028" HPOS="1137"/>
							<String ID="string_11" HPOS="1157" VPOS="1027" WIDTH="97" HEIGHT="26" WC="0.96" CONTENT="Kansli"/><SP WIDTH="19" VPOS="1027" HPOS="1254"/>
							<String ID="string_12" HPOS="1273" VPOS="1028" WIDTH="51" HEIGHT="25" WC="0.96" CONTENT="den"/><SP WIDTH="20" VPOS="1028" HPOS="1324"/>
							<String ID="string_13" HPOS="1344" VPOS="1028" WIDTH="31" HEIGHT="25" WC="0.93" CONTENT="15"/><SP WIDTH="18" VPOS="1028" HPOS="1375"/>
							<String ID="string_14" HPOS="1393" VPOS="1027" WIDTH="80" HEIGHT="26" WC="0.90" CONTENT="Febr."/><SP WIDTH="18" VPOS="1027" HPOS="1473"/>
							<String ID="string_15" HPOS="1491" VPOS="1027" WIDTH="73" HEIGHT="33" WC="0.96" CONTENT="1868,"/><SP WIDTH="18" VPOS="1027" HPOS="1564"/>
							<String ID="string_16" HPOS="1582" VPOS="1026" WIDTH="37" HEIGHT="27" WC="0.96" CONTENT="kl."/><SP WIDTH="19" VPOS="1026" HPOS="1619"/>
							<String ID="string_17" HPOS="1638" VPOS="1028" WIDTH="14" HEIGHT="25" WC="0.90" CONTENT="5"/><SP WIDTH="20" VPOS="1028" HPOS="1652"/>
							<String ID="string_18" HPOS="1672" VPOS="1036" WIDTH="20" HEIGHT="17" WC="0.87" CONTENT="e."/><SP WIDTH="19" VPOS="1036" HPOS="1692"/>
							<String ID="string_19" HPOS="1711" VPOS="1035" WIDTH="35" HEIGHT="18" WC="0.89" CONTENT="m."/>
						</TextLine>
					</TextBlock>
				</ComposedBlock>
				<ComposedBlock ID="cblock_3" HPOS="454" VPOS="1169" WIDTH="1397" HEIGHT="143">
					<TextBlock ID="block_3" HPOS="454" VPOS="1169" WIDTH="1397" HEIGHT="143">
						<TextLine ID="line_3" HPOS="454" VPOS="1169" WIDTH="1396" HEIGHT="42">
							<String ID="string_20" HPOS="454" VPOS="1169" WIDTH="170" HEIGHT="37" WC="0.96" CONTENT="Utlåtande,"/><SP WIDTH="28" VPOS="1169" HPOS="624"/>
							<String ID="string_21" HPOS="652" VPOS="1171" WIDTH="11" HEIGHT="28" WC="0.94" CONTENT="i"/><SP WIDTH="23" VPOS="1171" HPOS="663"/>
							<String ID="string_22" HPOS="686" VPOS="1170" WIDTH="163" HEIGHT="41" WC="0.95" CONTENT="anledning"/><SP WIDTH="24" VPOS="1170" HPOS="849"/>
							<String ID="string_23" HPOS="873" VPOS="1171" WIDTH="37" HEIGHT="40" WC="0.96" CONTENT="af"/><SP WIDTH="24" VPOS="1171" HPOS="910"/>
							<String ID="string_24" HPOS="934" VPOS="1169" WIDTH="111" HEIGHT="41" WC="0.95" CONTENT="Kongl."/><SP WIDTH="25" VPOS="1169" HPOS="1045"/>
							<String ID="string_25" HPOS="1070" VPOS="1169" WIDTH="106" HEIGHT="42" WC="0.95" CONTENT="Maj:ts"/><SP WIDTH="29" VPOS="1169" HPOS="1176"/>
							<String ID="string_26" HPOS="1205" VPOS="1170" WIDTH="112" HEIGHT="40" WC="0.64" CONTENT="nådiga"/><SP WIDTH="40" VPOS="1170" HPOS="1317"/>
							<String ID="string_27" HPOS="1357" VPOS="1169" WIDTH="203" HEIGHT="41" WC="0.51" CONTENT="Proposition,"/><SP WIDTH="29" VPOS="1169" HPOS="1560"/>
							<String ID="string_28" HPOS="1589" VPOS="1170" WIDTH="155" HEIGHT="39" WC="0.93" CONTENT="angående"/><SP WIDTH="23" VPOS="1170" HPOS="1744"/>
							<String ID="string_29" HPOS="1767" VPOS="1170" WIDTH="83" HEIGHT="39" WC="0.89" CONTENT="ifrå-"/>
						</TextLine>
						<TextLine ID="line_4" HPOS="649" VPOS="1219" WIDTH="1202" HEIGHT="44">
							<String ID="string_30" HPOS="649" VPOS="1226" WIDTH="98" HEIGHT="35" WC="0.87" CONTENT="gasatt"/><SP WIDTH="21" VPOS="1226" HPOS="747"/>
							<String ID="string_31" HPOS="768" VPOS="1221" WIDTH="192" HEIGHT="42" WC="0.96" CONTENT="försäljning"/><SP WIDTH="38" VPOS="1221" HPOS="960"/>
							<String ID="string_32" HPOS="998" VPOS="1220" WIDTH="44" HEIGHT="30" WC="0.93" CONTENT="till"/><SP WIDTH="27" VPOS="1220" HPOS="1042"/>
							<String ID="string_33" HPOS="1069" VPOS="1219" WIDTH="183" HEIGHT="31" WC="0.95" CONTENT="Carlskrona"/><SP WIDTH="24" VPOS="1219" HPOS="1252"/>
							<String ID="string_34" HPOS="1276" VPOS="1221" WIDTH="66" HEIGHT="29" WC="0.94" CONTENT="stad"/><SP WIDTH="27" VPOS="1221" HPOS="1342"/>
							<String ID="string_35" HPOS="1369" VPOS="1221" WIDTH="38" HEIGHT="41" WC="0.95" CONTENT="af"/><SP WIDTH="19" VPOS="1221" HPOS="1407"/>
							<String ID="string_36" HPOS="1426" VPOS="1222" WIDTH="98" HEIGHT="39" WC="0.96" CONTENT="några"/><SP WIDTH="29" VPOS="1222" HPOS="1524"/>
							<String ID="string_37" HPOS="1553" VPOS="1220" WIDTH="130" HEIGHT="31" WC="0.66" CONTENT="Kronan"/><SP WIDTH="39" VPOS="1220" HPOS="1683"/>
							<String ID="string_38" HPOS="1722" VPOS="1220" WIDTH="129" HEIGHT="30" WC="0.15" CONTENT=" tillhöri-"/>
						</TextLine>
						<TextLine ID="line_5" HPOS="645" VPOS="1272" WIDTH="350" HEIGHT="40">
							<String ID="string_39" HPOS="645" VPOS="1284" WIDTH="40" HEIGHT="28" WC="0.95" CONTENT="ga"/><SP WIDTH="23" VPOS="1284" HPOS="685"/>
							<String ID="string_40" HPOS="708" VPOS="1277" WIDTH="103" HEIGHT="25" WC="0.92" CONTENT="tomter"/><SP WIDTH="23" VPOS="1277" HPOS="811"/>
							<String ID="string_41" HPOS="834" VPOS="1272" WIDTH="161" HEIGHT="30" WC="0.91" CONTENT="derstädes."/>
						</TextLine>
					</TextBlock>
				</ComposedBlock>
				<ComposedBlock ID="cblock_4" HPOS="1681" VPOS="1351" WIDTH="125" HEIGHT="42">
					<TextBlock ID="block_4" HPOS="1681" VPOS="1351" WIDTH="125" HEIGHT="42">
						<TextLine ID="line_6" HPOS="1681" VPOS="1351" WIDTH="125" HEIGHT="42">
							<String ID="string_42" HPOS="1681" VPOS="1351" WIDTH="125" HEIGHT="42" WC="0.69" CONTENT="(AL)"/>
						</TextLine>
					</TextBlock>
				</ComposedBlock>
				<ComposedBlock ID="cblock_5" HPOS="250" VPOS="1498" WIDTH="1604" HEIGHT="860">
					<TextBlock ID="block_5" HPOS="250" VPOS="1498" WIDTH="1604" HEIGHT="706">
						<TextLine ID="line_7" HPOS="391" VPOS="1498" WIDTH="1460" HEIGHT="45">
							<String ID="string_43" HPOS="391" VPOS="1500" WIDTH="17" HEIGHT="31" WC="0.95" CONTENT="I"/><SP WIDTH="27" VPOS="1500" HPOS="408"/>
							<String ID="string_44" HPOS="435" VPOS="1501" WIDTH="177" HEIGHT="42" WC="0.95" CONTENT="anledning"/><SP WIDTH="29" VPOS="1501" HPOS="612"/>
							<String ID="string_45" HPOS="641" VPOS="1502" WIDTH="33" HEIGHT="29" WC="0.95" CONTENT="af"/><SP WIDTH="25" VPOS="1502" HPOS="674"/>
							<String ID="string_46" HPOS="699" VPOS="1500" WIDTH="128" HEIGHT="32" WC="0.95" CONTENT="enskild"/><SP WIDTH="32" VPOS="1500" HPOS="827"/>
							<String ID="string_47" HPOS="859" VPOS="1511" WIDTH="134" HEIGHT="31" WC="0.96" CONTENT="persons"/><SP WIDTH="29" VPOS="1511" HPOS="993"/>
							<String ID="string_48" HPOS="1022" VPOS="1500" WIDTH="200" HEIGHT="41" WC="0.90" CONTENT="erbjudande"/><SP WIDTH="34" VPOS="1500" HPOS="1222"/>
							<String ID="string_49" HPOS="1256" VPOS="1506" WIDTH="46" HEIGHT="25" WC="0.90" CONTENT="att"/><SP WIDTH="28" VPOS="1506" HPOS="1302"/>
							<String ID="string_50" HPOS="1330" VPOS="1500" WIDTH="48" HEIGHT="31" WC="0.96" CONTENT="till"/><SP WIDTH="30" VPOS="1500" HPOS="1378"/>
							<String ID="string_51" HPOS="1408" VPOS="1498" WIDTH="199" HEIGHT="33" WC="0.95" CONTENT="Carlskrona"/><SP WIDTH="32" VPOS="1498" HPOS="1607"/>
							<String ID="string_52" HPOS="1639" VPOS="1500" WIDTH="71" HEIGHT="31" WC="0.93" CONTENT="stad"/><SP WIDTH="34" VPOS="1500" HPOS="1710"/>
							<String ID="string_53" HPOS="1744" VPOS="1500" WIDTH="107" HEIGHT="31" WC="0.77" CONTENT="öfver-"/>
						</TextLine>
						<TextLine ID="line_8" HPOS="250" VPOS="1550" WIDTH="1600" HEIGHT="44">
							<String ID="string_54" HPOS="250" VPOS="1553" WIDTH="108" HEIGHT="32" WC="0.95" CONTENT="lemna"/><SP WIDTH="24" VPOS="1553" HPOS="358"/>
							<String ID="string_55" HPOS="382" VPOS="1559" WIDTH="47" HEIGHT="24" WC="0.96" CONTENT="ett"/><SP WIDTH="27" VPOS="1559" HPOS="429"/>
							<String ID="string_56" HPOS="456" VPOS="1551" WIDTH="121" HEIGHT="43" WC="0.96" CONTENT="belopp"/><SP WIDTH="25" VPOS="1551" HPOS="577"/>
							<String ID="string_57" HPOS="602" VPOS="1553" WIDTH="32" HEIGHT="29" WC="0.91" CONTENT="af"/><SP WIDTH="27" VPOS="1553" HPOS="634"/>
							<String ID="string_58" HPOS="661" VPOS="1553" WIDTH="110" HEIGHT="35" WC="0.91" CONTENT="15,000"/><SP WIDTH="24" VPOS="1553" HPOS="771"/>
							<String ID="string_59" HPOS="795" VPOS="1552" WIDTH="77" HEIGHT="30" WC="0.89" CONTENT="R:dr"/><SP WIDTH="28" VPOS="1552" HPOS="872"/>
							<String ID="string_60" HPOS="900" VPOS="1554" WIDTH="105" HEIGHT="28" WC="0.95" CONTENT="såsom"/><SP WIDTH="26" VPOS="1554" HPOS="1005"/>
							<String ID="string_61" HPOS="1031" VPOS="1551" WIDTH="116" HEIGHT="43" WC="0.96" CONTENT="bidrag"/><SP WIDTH="25" VPOS="1551" HPOS="1147"/>
							<String ID="string_62" HPOS="1172" VPOS="1552" WIDTH="47" HEIGHT="30" WC="0.96" CONTENT="till"/><SP WIDTH="29" VPOS="1552" HPOS="1219"/>
							<String ID="string_63" HPOS="1248" VPOS="1552" WIDTH="202" HEIGHT="41" WC="0.94" CONTENT="uppförande"/><SP WIDTH="31" VPOS="1552" HPOS="1450"/>
							<String ID="string_64" HPOS="1481" VPOS="1552" WIDTH="33" HEIGHT="29" WC="0.93" CONTENT="af"/><SP WIDTH="20" VPOS="1552" HPOS="1514"/>
							<String ID="string_65" HPOS="1534" VPOS="1550" WIDTH="316" HEIGHT="37" WC="0.90" CONTENT="arbetarebostäder,"/>
						</TextLine>
						<TextLine ID="line_9" HPOS="250" VPOS="1601" WIDTH="1599" HEIGHT="43">
							<String ID="string_66" HPOS="250" VPOS="1605" WIDTH="104" HEIGHT="30" WC="0.96" CONTENT="under"/><SP WIDTH="24" VPOS="1605" HPOS="354"/>
							<String ID="string_67" HPOS="378" VPOS="1603" WIDTH="116" HEIGHT="34" WC="0.96" CONTENT="vilkor,"/><SP WIDTH="28" VPOS="1603" HPOS="494"/>
							<String ID="string_68" HPOS="522" VPOS="1602" WIDTH="99" HEIGHT="32" WC="0.96" CONTENT="bland"/><SP WIDTH="29" VPOS="1602" HPOS="621"/>
							<String ID="string_69" HPOS="650" VPOS="1609" WIDTH="108" HEIGHT="31" WC="0.96" CONTENT="annat,"/><SP WIDTH="29" VPOS="1609" HPOS="758"/>
							<String ID="string_70" HPOS="787" VPOS="1609" WIDTH="47" HEIGHT="24" WC="0.96" CONTENT="att"/><SP WIDTH="22" VPOS="1609" HPOS="834"/>
							<String ID="string_71" HPOS="856" VPOS="1603" WIDTH="157" HEIGHT="41" WC="0.90" CONTENT="lämpliga"/><SP WIDTH="30" VPOS="1603" HPOS="1013"/>
							<String ID="string_72" HPOS="1043" VPOS="1603" WIDTH="205" HEIGHT="41" WC="0.90" CONTENT="tomtplatser"/><SP WIDTH="25" VPOS="1603" HPOS="1248"/>
							<String ID="string_73" HPOS="1273" VPOS="1603" WIDTH="46" HEIGHT="30" WC="0.96" CONTENT="till"/><SP WIDTH="25" VPOS="1603" HPOS="1319"/>
							<String ID="string_74" HPOS="1344" VPOS="1604" WIDTH="69" HEIGHT="39" WC="0.96" CONTENT="fyra"/><SP WIDTH="25" VPOS="1604" HPOS="1413"/>
							<String ID="string_75" HPOS="1438" VPOS="1601" WIDTH="200" HEIGHT="43" WC="0.96" CONTENT="byggnader,"/><SP WIDTH="24" VPOS="1601" HPOS="1638"/>
							<String ID="string_76" HPOS="1662" VPOS="1601" WIDTH="187" HEIGHT="32" WC="0.96" CONTENT="beräknade"/>
						</TextLine>
						<TextLine ID="line_10" HPOS="251" VPOS="1652" WIDTH="1599" HEIGHT="43">
							<String ID="string_77" HPOS="251" VPOS="1661" WIDTH="48" HEIGHT="25" WC="0.96" CONTENT="att"/><SP WIDTH="27" VPOS="1661" HPOS="299"/>
							<String ID="string_78" HPOS="326" VPOS="1654" WIDTH="160" HEIGHT="31" WC="0.96" CONTENT="hvardera"/><SP WIDTH="28" VPOS="1654" HPOS="486"/>
							<String ID="string_79" HPOS="514" VPOS="1654" WIDTH="158" HEIGHT="41" WC="0.96" CONTENT="inrymma"/><SP WIDTH="29" VPOS="1654" HPOS="672"/>
							<String ID="string_80" HPOS="701" VPOS="1656" WIDTH="66" HEIGHT="28" WC="0.96" CONTENT="åtta"/><SP WIDTH="29" VPOS="1656" HPOS="767"/>
							<String ID="string_81" HPOS="796" VPOS="1653" WIDTH="111" HEIGHT="42" WC="0.96" CONTENT="dylika"/><SP WIDTH="27" VPOS="1653" HPOS="907"/>
							<String ID="string_82" HPOS="934" VPOS="1653" WIDTH="165" HEIGHT="34" WC="0.93" CONTENT="bostäder,"/><SP WIDTH="23" VPOS="1653" HPOS="1099"/>
							<String ID="string_83" HPOS="1122" VPOS="1665" WIDTH="44" HEIGHT="19" WC="0.93" CONTENT="nu"/><SP WIDTH="28" VPOS="1665" HPOS="1166"/>
							<String ID="string_84" HPOS="1194" VPOS="1653" WIDTH="106" HEIGHT="31" WC="0.90" CONTENT="blefve"/><SP WIDTH="30" VPOS="1653" HPOS="1300"/>
							<String ID="string_85" HPOS="1330" VPOS="1654" WIDTH="33" HEIGHT="29" WC="0.96" CONTENT="af"/><SP WIDTH="24" VPOS="1654" HPOS="1363"/>
							<String ID="string_86" HPOS="1387" VPOS="1653" WIDTH="114" HEIGHT="31" WC="0.96" CONTENT="staden"/><SP WIDTH="29" VPOS="1653" HPOS="1501"/>
							<String ID="string_87" HPOS="1530" VPOS="1652" WIDTH="198" HEIGHT="38" WC="0.93" CONTENT="anskaffade,"/><SP WIDTH="28" VPOS="1652" HPOS="1728"/>
							<String ID="string_88" HPOS="1756" VPOS="1652" WIDTH="94" HEIGHT="37" WC="0.95" CONTENT="hade,"/>
						</TextLine>
						<TextLine ID="line_11" HPOS="252" VPOS="1703" WIDTH="1596" HEIGHT="45">
							<String ID="string_89" HPOS="252" VPOS="1706" WIDTH="104" HEIGHT="42" WC="0.95" CONTENT="enligt"/><SP WIDTH="23" VPOS="1706" HPOS="356"/>
							<String ID="string_90" HPOS="379" VPOS="1705" WIDTH="84" HEIGHT="30" WC="0.95" CONTENT="hvad"/><SP WIDTH="26" VPOS="1705" HPOS="463"/>
							<String ID="string_91" HPOS="489" VPOS="1706" WIDTH="33" HEIGHT="29" WC="0.93" CONTENT="af"/><SP WIDTH="20" VPOS="1706" HPOS="522"/>
							<String ID="string_92" HPOS="542" VPOS="1704" WIDTH="238" HEIGHT="31" WC="0.93" CONTENT="ofvanberörda"/><SP WIDTH="18" VPOS="1704" HPOS="780"/>
							<String ID="string_93" HPOS="798" VPOS="1705" WIDTH="61" HEIGHT="30" WC="0.96" CONTENT="den"/><SP WIDTH="24" VPOS="1705" HPOS="859"/>
							<String ID="string_94" HPOS="883" VPOS="1706" WIDTH="36" HEIGHT="28" WC="0.92" CONTENT="31"/><SP WIDTH="27" VPOS="1706" HPOS="919"/>
							<String ID="string_95" HPOS="946" VPOS="1704" WIDTH="149" HEIGHT="31" WC="0.90" CONTENT="sistlidne"/><SP WIDTH="28" VPOS="1704" HPOS="1095"/>
							<String ID="string_96" HPOS="1123" VPOS="1704" WIDTH="138" HEIGHT="32" WC="0.95" CONTENT="Januari"/><SP WIDTH="26" VPOS="1704" HPOS="1261"/>
							<String ID="string_97" HPOS="1287" VPOS="1704" WIDTH="47" HEIGHT="30" WC="0.96" CONTENT="till"/><SP WIDTH="25" VPOS="1704" HPOS="1334"/>
							<String ID="string_98" HPOS="1359" VPOS="1704" WIDTH="191" HEIGHT="41" WC="0.93" CONTENT="Riksdagen"/><SP WIDTH="26" VPOS="1704" HPOS="1550"/>
							<String ID="string_99" HPOS="1576" VPOS="1704" WIDTH="116" HEIGHT="31" WC="0.92" CONTENT="aflåtna"/><SP WIDTH="26" VPOS="1704" HPOS="1692"/>
							<String ID="string_100" HPOS="1718" VPOS="1703" WIDTH="61" HEIGHT="31" WC="0.96" CONTENT="och"/><SP WIDTH="23" VPOS="1703" HPOS="1779"/>
							<String ID="string_101" HPOS="1802" VPOS="1706" WIDTH="46" HEIGHT="27" WC="0.95" CONTENT="uti"/>
						</TextLine>
						<TextLine ID="line_12" HPOS="251" VPOS="1753" WIDTH="1600" HEIGHT="44">
							<String ID="string_102" HPOS="251" VPOS="1757" WIDTH="101" HEIGHT="30" WC="0.96" CONTENT="första"/><SP WIDTH="19" VPOS="1757" HPOS="352"/>
							<String ID="string_103" HPOS="371" VPOS="1755" WIDTH="192" HEIGHT="41" WC="0.96" CONTENT="Samlingen"/><SP WIDTH="15" VPOS="1755" HPOS="563"/>
							<String ID="string_104" HPOS="578" VPOS="1756" WIDTH="33" HEIGHT="29" WC="0.93" CONTENT="af"/><SP WIDTH="19" VPOS="1756" HPOS="611"/>
							<String ID="string_105" HPOS="630" VPOS="1755" WIDTH="167" HEIGHT="42" WC="0.91" CONTENT="Bihanget"/><SP WIDTH="28" VPOS="1755" HPOS="797"/>
							<String ID="string_106" HPOS="825" VPOS="1755" WIDTH="47" HEIGHT="30" WC="0.96" CONTENT="till"/><SP WIDTH="26" VPOS="1755" HPOS="872"/>
							<String ID="string_107" HPOS="898" VPOS="1755" WIDTH="72" HEIGHT="30" WC="0.96" CONTENT="dess"/><SP WIDTH="29" VPOS="1755" HPOS="970"/>
							<String ID="string_108" HPOS="999" VPOS="1755" WIDTH="163" HEIGHT="41" WC="0.96" CONTENT="protokoll"/><SP WIDTH="26" VPOS="1755" HPOS="1162"/>
							<String ID="string_109" HPOS="1188" VPOS="1755" WIDTH="103" HEIGHT="30" WC="0.96" CONTENT="under"/><SP WIDTH="23" VPOS="1755" HPOS="1291"/>
							<String ID="string_110" HPOS="1314" VPOS="1754" WIDTH="60" HEIGHT="31" WC="0.96" CONTENT="N:o"/><SP WIDTH="29" VPOS="1754" HPOS="1374"/>
							<String ID="string_111" HPOS="1403" VPOS="1755" WIDTH="39" HEIGHT="29" WC="0.95" CONTENT="24"/><SP WIDTH="24" VPOS="1755" HPOS="1442"/>
							<String ID="string_112" HPOS="1466" VPOS="1755" WIDTH="135" HEIGHT="41" WC="0.95" CONTENT="intagna"/><SP WIDTH="23" VPOS="1755" HPOS="1601"/>
							<String ID="string_113" HPOS="1624" VPOS="1755" WIDTH="120" HEIGHT="41" WC="0.93" CONTENT="nådiga"/><SP WIDTH="23" VPOS="1755" HPOS="1744"/>
							<String ID="string_114" HPOS="1767" VPOS="1753" WIDTH="84" HEIGHT="31" WC="0.91" CONTENT="Pro-"/>
						</TextLine>
						<TextLine ID="line_13" HPOS="252" VPOS="1804" WIDTH="1599" HEIGHT="45">
							<String ID="string_115" HPOS="252" VPOS="1807" WIDTH="144" HEIGHT="42" WC="0.93" CONTENT="position"/><SP WIDTH="37" VPOS="1807" HPOS="396"/>
							<String ID="string_116" HPOS="433" VPOS="1806" WIDTH="172" HEIGHT="37" WC="0.92" CONTENT="inhemtas,"/><SP WIDTH="40" VPOS="1806" HPOS="605"/>
							<String ID="string_117" HPOS="645" VPOS="1804" WIDTH="198" HEIGHT="32" WC="0.59" CONTENT="Carlskrona"/><SP WIDTH="34" VPOS="1804" HPOS="843"/>
							<String ID="string_118" HPOS="877" VPOS="1806" WIDTH="308" HEIGHT="42" WC="0.91" CONTENT="stadsfullmägtige,"/><SP WIDTH="28" VPOS="1806" HPOS="1185"/>
							<String ID="string_119" HPOS="1213" VPOS="1806" WIDTH="45" HEIGHT="29" WC="0.96" CONTENT="uti"/><SP WIDTH="30" VPOS="1806" HPOS="1258"/>
							<String ID="string_120" HPOS="1288" VPOS="1817" WIDTH="39" HEIGHT="19" WC="0.96" CONTENT="en"/><SP WIDTH="30" VPOS="1817" HPOS="1327"/>
							<String ID="string_121" HPOS="1357" VPOS="1806" WIDTH="48" HEIGHT="29" WC="0.95" CONTENT="till"/><SP WIDTH="35" VPOS="1806" HPOS="1405"/>
							<String ID="string_122" HPOS="1440" VPOS="1805" WIDTH="117" HEIGHT="42" WC="0.62" CONTENT="Kongl."/><SP WIDTH="25" VPOS="1805" HPOS="1557"/>
							<String ID="string_123" HPOS="1582" VPOS="1804" WIDTH="83" HEIGHT="41" WC="0.96" CONTENT="Maj:t"/><SP WIDTH="14" VPOS="1804" HPOS="1665"/>
							<String ID="string_124" HPOS="1679" VPOS="1805" WIDTH="98" HEIGHT="30" WC="0.96" CONTENT="ställd"/><SP WIDTH="14" VPOS="1805" HPOS="1777"/>
							<String ID="string_125" HPOS="1791" VPOS="1804" WIDTH="60" HEIGHT="31" WC="0.96" CONTENT="och"/>
						</TextLine>
						<TextLine ID="line_14" HPOS="253" VPOS="1856" WIDTH="1598" HEIGHT="42">
							<String ID="string_126" HPOS="253" VPOS="1859" WIDTH="34" HEIGHT="29" WC="0.95" CONTENT="af"/><SP WIDTH="24" VPOS="1859" HPOS="287"/>
							<String ID="string_127" HPOS="311" VPOS="1857" WIDTH="84" HEIGHT="31" WC="0.93" CONTENT="Dess"/><SP WIDTH="28" VPOS="1857" HPOS="395"/>
							<String ID="string_128" HPOS="423" VPOS="1856" WIDTH="370" HEIGHT="42" WC="0.90" CONTENT="Befallningshafvande"/><SP WIDTH="29" VPOS="1856" HPOS="793"/>
							<String ID="string_129" HPOS="822" VPOS="1858" WIDTH="9" HEIGHT="28" WC="0.96" CONTENT="i"/><SP WIDTH="28" VPOS="1858" HPOS="831"/>
							<String ID="string_130" HPOS="859" VPOS="1856" WIDTH="164" HEIGHT="42" WC="0.96" CONTENT="Blekinge"/><SP WIDTH="27" VPOS="1856" HPOS="1023"/>
							<String ID="string_131" HPOS="1050" VPOS="1856" WIDTH="54" HEIGHT="31" WC="0.96" CONTENT="län"/><SP WIDTH="29" VPOS="1856" HPOS="1104"/>
							<String ID="string_132" HPOS="1133" VPOS="1857" WIDTH="73" HEIGHT="30" WC="0.95" CONTENT="med"/><SP WIDTH="27" VPOS="1857" HPOS="1206"/>
							<String ID="string_133" HPOS="1233" VPOS="1857" WIDTH="110" HEIGHT="29" WC="0.27" CONTENT="förord"/><SP WIDTH="29" VPOS="1857" HPOS="1343"/>
							<String ID="string_134" HPOS="1372" VPOS="1856" WIDTH="222" HEIGHT="31" WC="0.90" CONTENT="öfverlemnad"/><SP WIDTH="27" VPOS="1856" HPOS="1594"/>
							<String ID="string_135" HPOS="1621" VPOS="1856" WIDTH="103" HEIGHT="36" WC="0.96" CONTENT="skrift,"/><SP WIDTH="33" VPOS="1856" HPOS="1724"/>
							<String ID="string_136" HPOS="1757" VPOS="1856" WIDTH="8" HEIGHT="29" WC="0.92" CONTENT="i"/><SP WIDTH="25" VPOS="1856" HPOS="1765"/>
							<String ID="string_137" HPOS="1790" VPOS="1867" WIDTH="61" HEIGHT="18" WC="0.89" CONTENT="un-"/>
						</TextLine>
						<TextLine ID="line_15" HPOS="253" VPOS="1906" WIDTH="1599" HEIGHT="43">
							<String ID="string_138" HPOS="253" VPOS="1908" WIDTH="216" HEIGHT="41" WC="0.91" CONTENT="derdånighet"/><SP WIDTH="28" VPOS="1908" HPOS="469"/>
							<String ID="string_139" HPOS="497" VPOS="1907" WIDTH="147" HEIGHT="36" WC="0.94" CONTENT="anhållit,"/><SP WIDTH="29" VPOS="1907" HPOS="644"/>
							<String ID="string_140" HPOS="673" VPOS="1913" WIDTH="56" HEIGHT="30" WC="0.96" CONTENT="att,"/><SP WIDTH="28" VPOS="1913" HPOS="729"/>
							<String ID="string_141" HPOS="757" VPOS="1908" WIDTH="41" HEIGHT="30" WC="0.96" CONTENT="då"/><SP WIDTH="28" VPOS="1908" HPOS="798"/>
							<String ID="string_142" HPOS="826" VPOS="1907" WIDTH="54" HEIGHT="31" WC="0.93" CONTENT="det"/><SP WIDTH="32" VPOS="1907" HPOS="880"/>
							<String ID="string_143" HPOS="912" VPOS="1907" WIDTH="226" HEIGHT="42" WC="0.85" CONTENT="ifrågakomna"/><SP WIDTH="32" VPOS="1907" HPOS="1138"/>
							<String ID="string_144" HPOS="1170" VPOS="1906" WIDTH="337" HEIGHT="42" WC="0.91" CONTENT="byggnadsföretaget"/><SP WIDTH="29" VPOS="1906" HPOS="1507"/>
							<String ID="string_145" HPOS="1536" VPOS="1918" WIDTH="74" HEIGHT="19" WC="0.96" CONTENT="vore"/><SP WIDTH="30" VPOS="1918" HPOS="1610"/>
							<String ID="string_146" HPOS="1640" VPOS="1907" WIDTH="33" HEIGHT="29" WC="0.93" CONTENT="af"/><SP WIDTH="24" VPOS="1907" HPOS="1673"/>
							<String ID="string_147" HPOS="1697" VPOS="1906" WIDTH="155" HEIGHT="31" WC="0.90" CONTENT="behofvet"/>
						</TextLine>
						<TextLine ID="line_16" HPOS="254" VPOS="1957" WIDTH="1597" HEIGHT="43">
							<String ID="string_148" HPOS="254" VPOS="1960" WIDTH="50" HEIGHT="30" WC="0.93" CONTENT="väl"/><SP WIDTH="28" VPOS="1960" HPOS="304"/>
							<String ID="string_149" HPOS="332" VPOS="1958" WIDTH="169" HEIGHT="42" WC="0.92" CONTENT="påkalladt"/><SP WIDTH="28" VPOS="1958" HPOS="501"/>
							<String ID="string_150" HPOS="529" VPOS="1957" WIDTH="61" HEIGHT="32" WC="0.93" CONTENT="och"/><SP WIDTH="29" VPOS="1957" HPOS="590"/>
							<String ID="string_151" HPOS="619" VPOS="1958" WIDTH="205" HEIGHT="42" WC="0.89" CONTENT="fullmägtige"/><SP WIDTH="34" VPOS="1958" HPOS="824"/>
							<String ID="string_152" HPOS="858" VPOS="1958" WIDTH="126" HEIGHT="31" WC="0.90" CONTENT="derföre"/><SP WIDTH="33" VPOS="1958" HPOS="984"/>
							<String ID="string_153" HPOS="1017" VPOS="1958" WIDTH="72" HEIGHT="30" WC="0.96" CONTENT="med"/><SP WIDTH="30" VPOS="1958" HPOS="1089"/>
							<String ID="string_154" HPOS="1119" VPOS="1958" WIDTH="204" HEIGHT="30" WC="0.93" CONTENT="tacksamhet"/><SP WIDTH="28" VPOS="1958" HPOS="1323"/>
							<String ID="string_155" HPOS="1351" VPOS="1959" WIDTH="172" HEIGHT="41" WC="0.91" CONTENT="emottagit"/><SP WIDTH="28" VPOS="1959" HPOS="1523"/>
							<String ID="string_156" HPOS="1551" VPOS="1957" WIDTH="214" HEIGHT="31" WC="0.90" CONTENT="omförmälda"/><SP WIDTH="28" VPOS="1957" HPOS="1765"/>
							<String ID="string_157" HPOS="1793" VPOS="1968" WIDTH="58" HEIGHT="19" WC="0.91" CONTENT="an-"/>
						</TextLine>
						<TextLine ID="line_17" HPOS="253" VPOS="2008" WIDTH="1600" HEIGHT="42">
							<String ID="string_158" HPOS="253" VPOS="2009" WIDTH="76" HEIGHT="36" WC="0.96" CONTENT="bud,"/><SP WIDTH="28" VPOS="2009" HPOS="329"/>
							<String ID="string_159" HPOS="357" VPOS="2021" WIDTH="74" HEIGHT="19" WC="0.96" CONTENT="men"/><SP WIDTH="27" VPOS="2021" HPOS="431"/>
							<String ID="string_160" HPOS="458" VPOS="2009" WIDTH="49" HEIGHT="31" WC="0.96" CONTENT="för"/><SP WIDTH="28" VPOS="2009" HPOS="507"/>
							<String ID="string_161" HPOS="535" VPOS="2008" WIDTH="187" HEIGHT="31" WC="0.86" CONTENT="ändamålet"/><SP WIDTH="27" VPOS="2008" HPOS="722"/>
							<String ID="string_162" HPOS="749" VPOS="2009" WIDTH="73" HEIGHT="30" WC="0.96" CONTENT="fullt"/><SP WIDTH="28" VPOS="2009" HPOS="822"/>
							<String ID="string_163" HPOS="850" VPOS="2009" WIDTH="159" HEIGHT="41" WC="0.95" CONTENT="passande"/><SP WIDTH="29" VPOS="2009" HPOS="1009"/>
							<String ID="string_164" HPOS="1038" VPOS="2009" WIDTH="84" HEIGHT="41" WC="0.95" CONTENT="plats"/><SP WIDTH="29" VPOS="2009" HPOS="1122"/>
							<String ID="string_165" HPOS="1151" VPOS="2008" WIDTH="71" HEIGHT="32" WC="0.96" CONTENT="icke"/><SP WIDTH="28" VPOS="2008" HPOS="1222"/>
							<String ID="string_166" HPOS="1250" VPOS="2011" WIDTH="78" HEIGHT="29" WC="0.96" CONTENT="stått"/><SP WIDTH="25" VPOS="2011" HPOS="1328"/>
							<String ID="string_167" HPOS="1353" VPOS="2015" WIDTH="47" HEIGHT="24" WC="0.96" CONTENT="att"/><SP WIDTH="22" VPOS="2015" HPOS="1400"/>
							<String ID="string_168" HPOS="1422" VPOS="2009" WIDTH="87" HEIGHT="30" WC="0.96" CONTENT="finna"/><SP WIDTH="24" VPOS="2009" HPOS="1509"/>
							<String ID="string_169" HPOS="1533" VPOS="2008" WIDTH="213" HEIGHT="31" WC="0.96" CONTENT="annorstädes"/><SP WIDTH="24" VPOS="2008" HPOS="1746"/>
							<String ID="string_170" HPOS="1770" VPOS="2014" WIDTH="39" HEIGHT="25" WC="0.93" CONTENT="än"/><SP WIDTH="26" VPOS="2014" HPOS="1809"/>
							<String ID="string_171" HPOS="1835" VPOS="2010" WIDTH="18" HEIGHT="29" WC="0.89" CONTENT="å"/>
						</TextLine>
						<TextLine ID="line_18" HPOS="252" VPOS="2058" WIDTH="1599" HEIGHT="45">
							<String ID="string_172" HPOS="252" VPOS="2064" WIDTH="103" HEIGHT="39" WC="0.95" CONTENT="några"/><SP WIDTH="27" VPOS="2064" HPOS="355"/>
							<String ID="string_173" HPOS="382" VPOS="2059" WIDTH="138" HEIGHT="31" WC="0.94" CONTENT="Kronan"/><SP WIDTH="24" VPOS="2059" HPOS="520"/>
							<String ID="string_174" HPOS="544" VPOS="2059" WIDTH="177" HEIGHT="42" WC="0.95" CONTENT="tillhöriga,"/><SP WIDTH="29" VPOS="2059" HPOS="721"/>
							<String ID="string_175" HPOS="750" VPOS="2061" WIDTH="47" HEIGHT="29" WC="0.96" CONTENT="uti"/><SP WIDTH="25" VPOS="2061" HPOS="797"/>
							<String ID="string_176" HPOS="822" VPOS="2061" WIDTH="130" HEIGHT="30" WC="0.93" CONTENT="stadens"/><SP WIDTH="29" VPOS="2061" HPOS="952"/>
							<String ID="string_177" HPOS="981" VPOS="2059" WIDTH="88" HEIGHT="31" WC="0.90" CONTENT="17:de"/><SP WIDTH="25" VPOS="2059" HPOS="1069"/>
							<String ID="string_178" HPOS="1094" VPOS="2066" WIDTH="130" HEIGHT="35" WC="0.77" CONTENT="qvarter"/><SP WIDTH="22" VPOS="2066" HPOS="1224"/>
							<String ID="string_179" HPOS="1246" VPOS="2061" WIDTH="104" HEIGHT="29" WC="0.95" CONTENT="under"/><SP WIDTH="27" VPOS="2061" HPOS="1350"/>
							<String ID="string_180" HPOS="1377" VPOS="2060" WIDTH="60" HEIGHT="30" WC="0.92" CONTENT="litt."/><SP WIDTH="26" VPOS="2060" HPOS="1437"/>
							<String ID="string_181" HPOS="1463" VPOS="2058" WIDTH="36" HEIGHT="37" WC="0.92" CONTENT="C,"/><SP WIDTH="35" VPOS="2058" HPOS="1499"/>
							<String ID="string_182" HPOS="1534" VPOS="2059" WIDTH="30" HEIGHT="31" WC="0.91" CONTENT="D"/><SP WIDTH="36" VPOS="2059" HPOS="1564"/>
							<String ID="string_183" HPOS="1600" VPOS="2059" WIDTH="61" HEIGHT="31" WC="0.86" CONTENT="och"/><SP WIDTH="24" VPOS="2059" HPOS="1661"/>
							<String ID="string_184" HPOS="1685" VPOS="2059" WIDTH="27" HEIGHT="31" WC="0.89" CONTENT="E"/><SP WIDTH="25" VPOS="2059" HPOS="1712"/>
							<String ID="string_185" HPOS="1737" VPOS="2059" WIDTH="114" HEIGHT="42" WC="0.89" CONTENT="beläg-"/>
						</TextLine>
						<TextLine ID="line_19" HPOS="253" VPOS="2110" WIDTH="1601" HEIGHT="43">
							<String ID="string_186" HPOS="253" VPOS="2124" WIDTH="41" HEIGHT="18" WC="0.96" CONTENT="na"/><SP WIDTH="24" VPOS="2124" HPOS="294"/>
							<String ID="string_187" HPOS="318" VPOS="2112" WIDTH="59" HEIGHT="31" WC="0.96" CONTENT="och"/><SP WIDTH="27" VPOS="2112" HPOS="377"/>
							<String ID="string_188" HPOS="404" VPOS="2111" WIDTH="48" HEIGHT="30" WC="0.96" CONTENT="till"/><SP WIDTH="25" VPOS="2111" HPOS="452"/>
							<String ID="string_189" HPOS="477" VPOS="2116" WIDTH="118" HEIGHT="25" WC="0.96" CONTENT="största"/><SP WIDTH="24" VPOS="2116" HPOS="595"/>
							<String ID="string_190" HPOS="619" VPOS="2110" WIDTH="94" HEIGHT="31" WC="0.96" CONTENT="delen"/><SP WIDTH="26" VPOS="2110" HPOS="713"/>
							<String ID="string_191" HPOS="739" VPOS="2110" WIDTH="195" HEIGHT="43" WC="0.96" CONTENT="obebyggda"/><SP WIDTH="15" VPOS="2110" HPOS="934"/>
							<String ID="string_192" HPOS="949" VPOS="2117" WIDTH="127" HEIGHT="30" WC="0.96" CONTENT="tomter,"/><SP WIDTH="24" VPOS="2117" HPOS="1076"/>
							<String ID="string_193" HPOS="1100" VPOS="2111" WIDTH="92" HEIGHT="31" WC="0.96" CONTENT="dessa"/><SP WIDTH="26" VPOS="2111" HPOS="1192"/>
							<String ID="string_194" HPOS="1218" VPOS="2115" WIDTH="110" HEIGHT="33" WC="0.95" CONTENT="måtte,"/><SP WIDTH="24" VPOS="2115" HPOS="1328"/>
							<String ID="string_195" HPOS="1352" VPOS="2117" WIDTH="68" HEIGHT="25" WC="0.95" CONTENT="mot"/><SP WIDTH="23" VPOS="2117" HPOS="1420"/>
							<String ID="string_196" HPOS="1443" VPOS="2122" WIDTH="38" HEIGHT="19" WC="0.95" CONTENT="en"/><SP WIDTH="24" VPOS="2122" HPOS="1481"/>
							<String ID="string_197" HPOS="1505" VPOS="2110" WIDTH="95" HEIGHT="42" WC="0.77" CONTENT="billig"/><SP WIDTH="27" VPOS="2110" HPOS="1600"/>
							<String ID="string_198" HPOS="1627" VPOS="2110" WIDTH="227" HEIGHT="41" WC="0.90" CONTENT="Jösepenning,"/>
						</TextLine>
						<TextLine ID="line_20" HPOS="253" VPOS="2161" WIDTH="839" HEIGHT="43">
							<String ID="string_199" HPOS="253" VPOS="2163" WIDTH="31" HEIGHT="31" WC="0.96" CONTENT="få"/><SP WIDTH="28" VPOS="2163" HPOS="284"/>
							<String ID="string_200" HPOS="312" VPOS="2164" WIDTH="34" HEIGHT="29" WC="0.96" CONTENT="af"/><SP WIDTH="19" VPOS="2164" HPOS="346"/>
							<String ID="string_201" HPOS="365" VPOS="2162" WIDTH="116" HEIGHT="31" WC="0.96" CONTENT="staden"/><SP WIDTH="28" VPOS="2162" HPOS="481"/>
							<String ID="string_202" HPOS="509" VPOS="2161" WIDTH="49" HEIGHT="31" WC="0.93" CONTENT="för"/><SP WIDTH="28" VPOS="2161" HPOS="558"/>
							<String ID="string_203" HPOS="586" VPOS="2163" WIDTH="159" HEIGHT="41" WC="0.91" CONTENT="uppgifna"/><SP WIDTH="24" VPOS="2163" HPOS="745"/>
							<String ID="string_204" HPOS="769" VPOS="2162" WIDTH="150" HEIGHT="31" WC="0.93" CONTENT="ändamål"/><SP WIDTH="25" VPOS="2162" HPOS="919"/>
							<String ID="string_205" HPOS="944" VPOS="2162" WIDTH="148" HEIGHT="41" WC="0.91" CONTENT="inköpas."/>
						</TextLine>
					</TextBlock>
					<TextBlock ID="block_6" HPOS="255" VPOS="2211" WIDTH="1599" HEIGHT="147">
						<TextLine ID="line_21" HPOS="396" VPOS="2211" WIDTH="1458" HEIGHT="44">
							<String ID="string_206" HPOS="396" VPOS="2213" WIDTH="93" HEIGHT="30" WC="0.93" CONTENT="Efter"/><SP WIDTH="26" VPOS="2213" HPOS="489"/>
							<String ID="string_207" HPOS="515" VPOS="2212" WIDTH="79" HEIGHT="31" WC="0.90" CONTENT="härå"/><SP WIDTH="23" VPOS="2212" HPOS="594"/>
							<String ID="string_208" HPOS="617" VPOS="2212" WIDTH="144" HEIGHT="32" WC="0.96" CONTENT="erhållen"/><SP WIDTH="29" VPOS="2212" HPOS="761"/>
							<String ID="string_209" HPOS="790" VPOS="2214" WIDTH="99" HEIGHT="41" WC="0.96" CONTENT="nådig"/><SP WIDTH="23" VPOS="2214" HPOS="889"/>
							<String ID="string_210" HPOS="912" VPOS="2213" WIDTH="113" HEIGHT="31" WC="0.96" CONTENT="remiss"/><SP WIDTH="25" VPOS="2213" HPOS="1025"/>
							<String ID="string_211" HPOS="1050" VPOS="2212" WIDTH="82" HEIGHT="31" WC="0.96" CONTENT="hade"/><SP WIDTH="24" VPOS="2212" HPOS="1132"/>
							<String ID="string_212" HPOS="1156" VPOS="2212" WIDTH="123" HEIGHT="43" WC="0.94" CONTENT="Kongl."/><SP WIDTH="29" VPOS="2212" HPOS="1279"/>
							<String ID="string_213" HPOS="1308" VPOS="2212" WIDTH="260" HEIGHT="41" WC="0.95" CONTENT="Förvaltningen"/><SP WIDTH="20" VPOS="2212" HPOS="1568"/>
							<String ID="string_214" HPOS="1588" VPOS="2213" WIDTH="32" HEIGHT="30" WC="0.89" CONTENT="af"/><SP WIDTH="9" VPOS="2213" HPOS="1620"/>
							<String ID="string_215" HPOS="1629" VPOS="2211" WIDTH="225" HEIGHT="42" WC="0.89" CONTENT="Sjöärendena"/>
						</TextLine>
						<TextLine ID="line_22" HPOS="255" VPOS="2263" WIDTH="1598" HEIGHT="45">
							<String ID="string_216" HPOS="255" VPOS="2266" WIDTH="72" HEIGHT="30" WC="0.92" CONTENT="med"/><SP WIDTH="24" VPOS="2266" HPOS="327"/>
							<String ID="string_217" HPOS="351" VPOS="2264" WIDTH="221" HEIGHT="41" WC="0.96" CONTENT="underdånigt"/><SP WIDTH="27" VPOS="2264" HPOS="572"/>
							<String ID="string_218" HPOS="599" VPOS="2263" WIDTH="169" HEIGHT="32" WC="0.93" CONTENT="utlåtande"/><SP WIDTH="25" VPOS="2263" HPOS="768"/>
							<String ID="string_219" HPOS="793" VPOS="2264" WIDTH="212" HEIGHT="31" WC="0.91" CONTENT="öfverlemnat"/><SP WIDTH="30" VPOS="2264" HPOS="1005"/>
							<String ID="string_220" HPOS="1035" VPOS="2270" WIDTH="45" HEIGHT="24" WC="0.96" CONTENT="ett"/><SP WIDTH="22" VPOS="2270" HPOS="1080"/>
							<String ID="string_221" HPOS="1102" VPOS="2264" WIDTH="70" HEIGHT="30" WC="0.93" CONTENT="från"/><SP WIDTH="25" VPOS="2264" HPOS="1172"/>
							<String ID="string_222" HPOS="1197" VPOS="2264" WIDTH="250" HEIGHT="31" WC="0.91" CONTENT="Befälhafvaren"/><SP WIDTH="31" VPOS="2264" HPOS="1447"/>
							<String ID="string_223" HPOS="1478" VPOS="2266" WIDTH="52" HEIGHT="29" WC="0.96" CONTENT="vid"/><SP WIDTH="24" VPOS="2266" HPOS="1530"/>
							<String ID="string_224" HPOS="1554" VPOS="2265" WIDTH="123" HEIGHT="43" WC="0.95" CONTENT="Kongl."/><SP WIDTH="25" VPOS="2265" HPOS="1677"/>
							<String ID="string_225" HPOS="1702" VPOS="2265" WIDTH="151" HEIGHT="32" WC="0.96" CONTENT="Flottans"/>
						</TextLine>
						<TextLine ID="line_23" HPOS="255" VPOS="2312" WIDTH="1598" HEIGHT="46">
							<String ID="string_226" HPOS="255" VPOS="2316" WIDTH="120" HEIGHT="31" WC="0.96" CONTENT="station"/><SP WIDTH="35" VPOS="2316" HPOS="375"/>
							<String ID="string_227" HPOS="410" VPOS="2315" WIDTH="9" HEIGHT="30" WC="0.96" CONTENT="i"/><SP WIDTH="25" VPOS="2315" HPOS="419"/>
							<String ID="string_228" HPOS="444" VPOS="2312" WIDTH="201" HEIGHT="33" WC="0.93" CONTENT="Carlskrona"/><SP WIDTH="23" VPOS="2312" HPOS="645"/>
							<String ID="string_229" HPOS="668" VPOS="2315" WIDTH="182" HEIGHT="30" WC="0.90" CONTENT="infordradt"/><SP WIDTH="21" VPOS="2315" HPOS="850"/>
							<String ID="string_230" HPOS="871" VPOS="2315" WIDTH="162" HEIGHT="41" WC="0.93" CONTENT="yttrande,"/><SP WIDTH="25" VPOS="2315" HPOS="1033"/>
							<String ID="string_231" HPOS="1058" VPOS="2314" WIDTH="67" HEIGHT="31" WC="0.91" CONTENT="deri"/><SP WIDTH="25" VPOS="2314" HPOS="1125"/>
							<String ID="string_232" HPOS="1150" VPOS="2315" WIDTH="69" HEIGHT="30" WC="0.96" CONTENT="dels"/><SP WIDTH="24" VPOS="2315" HPOS="1219"/>
							<String ID="string_233" HPOS="1243" VPOS="2315" WIDTH="185" HEIGHT="38" WC="0.95" CONTENT="förmäldes,"/><SP WIDTH="24" VPOS="2315" HPOS="1428"/>
							<String ID="string_234" HPOS="1452" VPOS="2323" WIDTH="46" HEIGHT="23" WC="0.96" CONTENT="att"/><SP WIDTH="25" VPOS="2323" HPOS="1498"/>
							<String ID="string_235" HPOS="1523" VPOS="2317" WIDTH="33" HEIGHT="30" WC="0.96" CONTENT="af"/><SP WIDTH="20" VPOS="2317" HPOS="1556"/>
							<String ID="string_236" HPOS="1576" VPOS="2319" WIDTH="99" HEIGHT="39" WC="0.95" CONTENT="något"/><SP WIDTH="24" VPOS="2319" HPOS="1675"/>
							<String ID="string_237" HPOS="1699" VPOS="2316" WIDTH="154" HEIGHT="32" WC="0.96" CONTENT="Kronans"/>
						</TextLine>
					</TextBlock>
				</ComposedBlock>
				<ComposedBlock ID="cblock_6" HPOS="338" VPOS="2370" WIDTH="1431" HEIGHT="45">
					<TextBlock ID="block_7" HPOS="338" VPOS="2370" WIDTH="1431" HEIGHT="45">
						<TextLine ID="line_24" HPOS="338" VPOS="2370" WIDTH="1431" HEIGHT="45">
							<String ID="string_238" HPOS="338" VPOS="2371" WIDTH="74" HEIGHT="31" WC="0.85" CONTENT="Bih."/><SP WIDTH="25" VPOS="2371" HPOS="412"/>
							<String ID="string_239" HPOS="437" VPOS="2370" WIDTH="47" HEIGHT="31" WC="0.93" CONTENT="till"/><SP WIDTH="22" VPOS="2370" HPOS="484"/>
							<String ID="string_240" HPOS="506" VPOS="2370" WIDTH="111" HEIGHT="30" WC="0.78" CONTENT="Biksd."/><SP WIDTH="25" VPOS="2370" HPOS="617"/>
							<String ID="string_241" HPOS="642" VPOS="2370" WIDTH="87" HEIGHT="31" WC="0.95" CONTENT="Prot."/><SP WIDTH="25" VPOS="2370" HPOS="729"/>
							<String ID="string_242" HPOS="754" VPOS="2371" WIDTH="87" HEIGHT="30" WC="0.95" CONTENT="1868."/><SP WIDTH="46" VPOS="2371" HPOS="841"/>
							<String ID="string_243" HPOS="887" VPOS="2371" WIDTH="18" HEIGHT="29" WC="0.92" CONTENT="4"/><SP WIDTH="24" VPOS="2371" HPOS="905"/>
							<String ID="string_244" HPOS="929" VPOS="2370" WIDTH="94" HEIGHT="30" WC="0.88" CONTENT="Saml."/><SP WIDTH="46" VPOS="2370" HPOS="1023"/>
							<String ID="string_245" HPOS="1069" VPOS="2371" WIDTH="19" HEIGHT="29" WC="0.92" CONTENT="1"/><SP WIDTH="22" VPOS="2371" HPOS="1088"/>
							<String ID="string_246" HPOS="1110" VPOS="2370" WIDTH="77" HEIGHT="43" WC="0.82" CONTENT="Afd."/><SP WIDTH="45" VPOS="2370" HPOS="1187"/>
							<String ID="string_247" HPOS="1232" VPOS="2371" WIDTH="21" HEIGHT="30" WC="0.39" CONTENT="I"/><SP WIDTH="24" VPOS="2371" HPOS="1253"/>
							<String ID="string_248" HPOS="1277" VPOS="2371" WIDTH="91" HEIGHT="44" WC="0.87" CONTENT="Häft."/><SP WIDTH="388" VPOS="2371" HPOS="1368"/>
							<String ID="string_249" HPOS="1756" VPOS="2373" WIDTH="13" HEIGHT="28" WC="0.96" CONTENT="1"/>
						</TextLine>
					</TextBlock>
				</ComposedBlock>
			</PrintSpace>
		</Page>
	</Layout>
</alto>
