<?xml version="1.0" encoding="UTF-8"?>
<alto xmlns="http://www.loc.gov/standards/alto/ns-v3#" xmlns:xlink="http://www.w3.org/1999/xlink" xmlns:xsi="http://www.w3.org/2001/XMLSchema-instance" xsi:schemaLocation="http://www.loc.gov/standards/alto/ns-v3# http://www.loc.gov/alto/v3/alto-3-0.xsd">
	<Description>
		<MeasurementUnit>pixel</MeasurementUnit>
		<sourceImageInformation>
			<fileName>/tmp/tess_f1uibcvd_input.PNG</fileName>
		</sourceImageInformation>
		<OCRProcessing ID="OCR_0">
			<ocrProcessingStep>
				<processingSoftware>
					<softwareName>tesseract 5.3.0</softwareName>
				</processingSoftware>
			</ocrProcessingStep>
		</OCRProcessing>
	</Description>
	<Layout>
		<Page WIDTH="2222" HEIGHT="2665" PHYSICAL_IMG_NR="0" ID="page_0">
			<PrintSpace HPOS="0" VPOS="0" WIDTH="2222" HEIGHT="2665">
				<ComposedBlock ID="cblock_0" HPOS="701" VPOS="223" WIDTH="1121" HEIGHT="41">
					<TextBlock ID="block_0" HPOS="701" VPOS="223" WIDTH="1121" HEIGHT="41">
						<TextLine ID="line_0" HPOS="701" VPOS="223" WIDTH="1121" HEIGHT="41">
							<String ID="string_0" HPOS="701" VPOS="223" WIDTH="286" HEIGHT="34" WC="0.86" CONTENT="PBankoutskottets"/><SP WIDTH="27" VPOS="223" HPOS="987"/>
							<String ID="string_1" HPOS="1014" VPOS="227" WIDTH="172" HEIGHT="32" WC="0.95" CONTENT="utlåtande"/><SP WIDTH="28" VPOS="227" HPOS="1186"/>
							<String ID="string_2" HPOS="1214" VPOS="229" WIDTH="52" HEIGHT="30" WC="0.95" CONTENT="Nr"/><SP WIDTH="30" VPOS="229" HPOS="1266"/>
							<String ID="string_3" HPOS="1296" VPOS="231" WIDTH="52" HEIGHT="29" WC="0.94" CONTENT="43."/><SP WIDTH="456" VPOS="231" HPOS="1348"/>
							<String ID="string_4" HPOS="1804" VPOS="231" WIDTH="18" HEIGHT="33" WC="0.90" CONTENT="7"/>
						</TextLine>
					</TextBlock>
				</ComposedBlock>
				<ComposedBlock ID="cblock_1" HPOS="951" VPOS="648" WIDTH="170" HEIGHT="41">
					<TextBlock ID="block_1" HPOS="951" VPOS="648" WIDTH="170" HEIGHT="41">
						<TextLine ID="line_1" HPOS="951" VPOS="648" WIDTH="170" HEIGHT="41">
							<String ID="string_5" HPOS="951" VPOS="648" WIDTH="65" HEIGHT="39" WC="0.96" CONTENT="Nr"/><SP WIDTH="27" VPOS="648" HPOS="1016"/>
							<String ID="string_6" HPOS="1043" VPOS="650" WIDTH="78" HEIGHT="39" WC="0.96" CONTENT="43."/>
						</TextLine>
					</TextBlock>
				</ComposedBlock>
				<ComposedBlock ID="cblock_2" HPOS="732" VPOS="755" WIDTH="1088" HEIGHT="43">
					<TextBlock ID="block_2" HPOS="732" VPOS="755" WIDTH="1088" HEIGHT="43">
						<TextLine ID="line_2" HPOS="732" VPOS="755" WIDTH="1088" HEIGHT="43">
							<String ID="string_7" HPOS="732" VPOS="755" WIDTH="125" HEIGHT="28" WC="0.84" CONTENT="Aakom"/><SP WIDTH="24" VPOS="755" HPOS="857"/>
							<String ID="string_8" HPOS="881" VPOS="756" WIDTH="48" HEIGHT="28" WC="0.96" CONTENT="till"/><SP WIDTH="23" VPOS="756" HPOS="929"/>
							<String ID="string_9" HPOS="952" VPOS="757" WIDTH="199" HEIGHT="37" WC="0.96" CONTENT="Riksdagens"/><SP WIDTH="24" VPOS="757" HPOS="1151"/>
							<String ID="string_10" HPOS="1175" VPOS="759" WIDTH="104" HEIGHT="28" WC="0.96" CONTENT="kansli"/><SP WIDTH="24" VPOS="759" HPOS="1279"/>
							<String ID="string_11" HPOS="1303" VPOS="760" WIDTH="61" HEIGHT="28" WC="0.96" CONTENT="den"/><SP WIDTH="24" VPOS="760" HPOS="1364"/>
							<String ID="string_12" HPOS="1388" VPOS="761" WIDTH="18" HEIGHT="27" WC="0.96" CONTENT="8"/><SP WIDTH="24" VPOS="761" HPOS="1406"/>
							<String ID="string_13" HPOS="1430" VPOS="762" WIDTH="63" HEIGHT="36" WC="0.96" CONTENT="maj"/><SP WIDTH="28" VPOS="762" HPOS="1493"/>
							<String ID="string_14" HPOS="1521" VPOS="761" WIDTH="78" HEIGHT="29" WC="0.95" CONTENT="1913"/><SP WIDTH="24" VPOS="761" HPOS="1599"/>
							<String ID="string_15" HPOS="1623" VPOS="763" WIDTH="40" HEIGHT="27" WC="0.96" CONTENT="kl."/><SP WIDTH="25" VPOS="763" HPOS="1663"/>
							<String ID="string_16" HPOS="1688" VPOS="764" WIDTH="17" HEIGHT="27" WC="0.93" CONTENT="3"/><SP WIDTH="25" VPOS="764" HPOS="1705"/>
							<String ID="string_17" HPOS="1730" VPOS="773" WIDTH="24" HEIGHT="18" WC="0.84" CONTENT="e."/><SP WIDTH="25" VPOS="773" HPOS="1754"/>
							<String ID="string_18" HPOS="1779" VPOS="774" WIDTH="41" HEIGHT="20" WC="0.86" CONTENT="m."/>
						</TextLine>
					</TextBlock>
				</ComposedBlock>
				<ComposedBlock ID="cblock_3" HPOS="540" VPOS="863" WIDTH="1281" HEIGHT="160">
					<TextBlock ID="block_3" HPOS="540" VPOS="863" WIDTH="1281" HEIGHT="160">
						<TextLine ID="line_3" HPOS="540" VPOS="863" WIDTH="1281" HEIGHT="59">
							<String ID="string_19" HPOS="540" VPOS="863" WIDTH="204" HEIGHT="50" WC="0.92" CONTENT="Utlåtande,"/><SP WIDTH="29" VPOS="863" HPOS="744"/>
							<String ID="string_20" HPOS="773" VPOS="866" WIDTH="14" HEIGHT="36" WC="0.94" CONTENT="i"/><SP WIDTH="27" VPOS="866" HPOS="787"/>
							<String ID="string_21" HPOS="814" VPOS="866" WIDTH="193" HEIGHT="50" WC="0.95" CONTENT="anledning"/><SP WIDTH="28" VPOS="866" HPOS="1007"/>
							<String ID="string_22" HPOS="1035" VPOS="881" WIDTH="44" HEIGHT="23" WC="0.96" CONTENT="av"/><SP WIDTH="21" VPOS="881" HPOS="1079"/>
							<String ID="string_23" HPOS="1100" VPOS="869" WIDTH="131" HEIGHT="49" WC="0.96" CONTENT="Kungl."/><SP WIDTH="22" VPOS="869" HPOS="1231"/>
							<String ID="string_24" HPOS="1253" VPOS="871" WIDTH="129" HEIGHT="48" WC="0.96" CONTENT="Maj:ts"/><SP WIDTH="13" VPOS="871" HPOS="1382"/>
							<String ID="string_25" HPOS="1395" VPOS="872" WIDTH="226" HEIGHT="48" WC="0.95" CONTENT="proposition"/><SP WIDTH="20" VPOS="872" HPOS="1621"/>
							<String ID="string_26" HPOS="1641" VPOS="874" WIDTH="180" HEIGHT="48" WC="0.95" CONTENT="angående"/>
						</TextLine>
						<TextLine ID="line_4" HPOS="629" VPOS="927" WIDTH="1190" HEIGHT="54">
							<String ID="string_27" HPOS="629" VPOS="927" WIDTH="156" HEIGHT="47" WC="0.96" CONTENT="ändring"/><SP WIDTH="37" VPOS="927" HPOS="785"/>
							<String ID="string_28" HPOS="822" VPOS="940" WIDTH="44" HEIGHT="23" WC="0.95" CONTENT="av"/><SP WIDTH="35" VPOS="940" HPOS="866"/>
							<String ID="string_29" HPOS="901" VPOS="930" WIDTH="208" HEIGHT="46" WC="0.96" CONTENT="grunderna"/><SP WIDTH="30" VPOS="930" HPOS="1109"/>
							<String ID="string_30" HPOS="1139" VPOS="931" WIDTH="65" HEIGHT="48" WC="0.96" CONTENT="för"/><SP WIDTH="28" VPOS="931" HPOS="1204"/>
							<String ID="string_31" HPOS="1232" VPOS="932" WIDTH="251" HEIGHT="49" WC="0.95" CONTENT="pensionering"/><SP WIDTH="28" VPOS="932" HPOS="1483"/>
							<String ID="string_32" HPOS="1511" VPOS="946" WIDTH="45" HEIGHT="23" WC="0.95" CONTENT="av"/><SP WIDTH="29" VPOS="946" HPOS="1556"/>
							<String ID="string_33" HPOS="1585" VPOS="934" WIDTH="102" HEIGHT="36" WC="0.93" CONTENT="äldre"/><SP WIDTH="28" VPOS="934" HPOS="1687"/>
							<String ID="string_34" HPOS="1715" VPOS="936" WIDTH="104" HEIGHT="35" WC="0.91" CONTENT="barn-"/>
						</TextLine>
						<TextLine ID="line_5" HPOS="627" VPOS="987" WIDTH="169" HEIGHT="36">
							<String ID="string_35" HPOS="627" VPOS="987" WIDTH="169" HEIGHT="36" WC="0.91" CONTENT="morskor."/>
						</TextLine>
					</TextBlock>
				</ComposedBlock>
				<ComposedBlock ID="cblock_4" HPOS="220" VPOS="1087" WIDTH="1601" HEIGHT="1317">
					<TextBlock ID="block_4" HPOS="227" VPOS="1087" WIDTH="1594" HEIGHT="219">
						<TextLine ID="line_6" HPOS="332" VPOS="1087" WIDTH="1489" HEIGHT="57">
							<String ID="string_36" HPOS="332" VPOS="1087" WIDTH="15" HEIGHT="35" WC="0.96" CONTENT="I"/><SP WIDTH="38" VPOS="1087" HPOS="347"/>
							<String ID="string_37" HPOS="385" VPOS="1100" WIDTH="47" HEIGHT="24" WC="0.96" CONTENT="en"/><SP WIDTH="36" VPOS="1100" HPOS="432"/>
							<String ID="string_38" HPOS="468" VPOS="1088" WIDTH="57" HEIGHT="36" WC="0.96" CONTENT="till"/><SP WIDTH="36" VPOS="1088" HPOS="525"/>
							<String ID="string_39" HPOS="561" VPOS="1089" WIDTH="219" HEIGHT="49" WC="0.96" CONTENT="Riksdagen"/><SP WIDTH="38" VPOS="1089" HPOS="780"/>
							<String ID="string_40" HPOS="818" VPOS="1091" WIDTH="71" HEIGHT="36" WC="0.96" CONTENT="den"/><SP WIDTH="32" VPOS="1091" HPOS="889"/>
							<String ID="string_41" HPOS="921" VPOS="1094" WIDTH="46" HEIGHT="34" WC="0.93" CONTENT="25"/><SP WIDTH="38" VPOS="1094" HPOS="967"/>
							<String ID="string_42" HPOS="1005" VPOS="1093" WIDTH="191" HEIGHT="37" WC="0.91" CONTENT="nästlidna"/><SP WIDTH="37" VPOS="1093" HPOS="1196"/>
							<String ID="string_43" HPOS="1233" VPOS="1095" WIDTH="96" HEIGHT="49" WC="0.93" CONTENT="april"/><SP WIDTH="27" VPOS="1095" HPOS="1329"/>
							<String ID="string_44" HPOS="1356" VPOS="1095" WIDTH="164" HEIGHT="49" WC="0.91" CONTENT="avlåten,"/><SP WIDTH="30" VPOS="1095" HPOS="1520"/>
							<String ID="string_45" HPOS="1550" VPOS="1098" WIDTH="57" HEIGHT="36" WC="0.93" CONTENT="till"/><SP WIDTH="28" VPOS="1098" HPOS="1607"/>
							<String ID="string_46" HPOS="1635" VPOS="1098" WIDTH="186" HEIGHT="38" WC="0.92" CONTENT="bankout-"/>
						</TextLine>
						<TextLine ID="line_7" HPOS="229" VPOS="1138" WIDTH="1592" HEIGHT="59">
							<String ID="string_47" HPOS="229" VPOS="1138" WIDTH="143" HEIGHT="37" WC="0.96" CONTENT="skottet"/><SP WIDTH="29" VPOS="1138" HPOS="372"/>
							<String ID="string_48" HPOS="401" VPOS="1140" WIDTH="58" HEIGHT="37" WC="0.96" CONTENT="för"/><SP WIDTH="28" VPOS="1140" HPOS="459"/>
							<String ID="string_49" HPOS="487" VPOS="1141" WIDTH="278" HEIGHT="38" WC="0.96" CONTENT="förberedande"/><SP WIDTH="29" VPOS="1141" HPOS="765"/>
							<String ID="string_50" HPOS="794" VPOS="1143" WIDTH="234" HEIGHT="51" WC="0.96" CONTENT="behandling"/><SP WIDTH="20" VPOS="1143" HPOS="1028"/>
							<String ID="string_51" HPOS="1048" VPOS="1145" WIDTH="243" HEIGHT="38" WC="0.96" CONTENT="överlämnad"/><SP WIDTH="19" VPOS="1145" HPOS="1291"/>
							<String ID="string_52" HPOS="1310" VPOS="1148" WIDTH="250" HEIGHT="49" WC="0.96" CONTENT="proposition,"/><SP WIDTH="21" VPOS="1148" HPOS="1560"/>
							<String ID="string_53" HPOS="1581" VPOS="1164" WIDTH="45" HEIGHT="22" WC="0.96" CONTENT="nr"/><SP WIDTH="21" VPOS="1164" HPOS="1626"/>
							<String ID="string_54" HPOS="1647" VPOS="1153" WIDTH="86" HEIGHT="44" WC="0.96" CONTENT="292,"/><SP WIDTH="21" VPOS="1153" HPOS="1733"/>
							<String ID="string_55" HPOS="1754" VPOS="1152" WIDTH="67" HEIGHT="37" WC="0.96" CONTENT="har"/>
						</TextLine>
						<TextLine ID="line_8" HPOS="228" VPOS="1191" WIDTH="1592" HEIGHT="60">
							<String ID="string_56" HPOS="228" VPOS="1191" WIDTH="142" HEIGHT="50" WC="0.94" CONTENT="Kungl."/><SP WIDTH="30" VPOS="1191" HPOS="370"/>
							<String ID="string_57" HPOS="400" VPOS="1192" WIDTH="118" HEIGHT="50" WC="0.96" CONTENT="Maj:t,"/><SP WIDTH="29" VPOS="1192" HPOS="518"/>
							<String ID="string_58" HPOS="547" VPOS="1194" WIDTH="120" HEIGHT="37" WC="0.96" CONTENT="under"/><SP WIDTH="29" VPOS="1194" HPOS="667"/>
							<String ID="string_59" HPOS="696" VPOS="1194" WIDTH="236" HEIGHT="51" WC="0.96" CONTENT="åberopande"/><SP WIDTH="28" VPOS="1194" HPOS="932"/>
							<String ID="string_60" HPOS="960" VPOS="1210" WIDTH="47" HEIGHT="23" WC="0.96" CONTENT="av"/><SP WIDTH="28" VPOS="1210" HPOS="1007"/>
							<String ID="string_61" HPOS="1035" VPOS="1199" WIDTH="281" HEIGHT="49" WC="0.92" CONTENT="propositionen"/><SP WIDTH="30" VPOS="1199" HPOS="1316"/>
							<String ID="string_62" HPOS="1346" VPOS="1200" WIDTH="120" HEIGHT="50" WC="0.91" CONTENT="bilagt"/><SP WIDTH="18" VPOS="1200" HPOS="1466"/>
							<String ID="string_63" HPOS="1484" VPOS="1202" WIDTH="141" HEIGHT="49" WC="0.96" CONTENT="utdrag"/><SP WIDTH="19" VPOS="1202" HPOS="1625"/>
							<String ID="string_64" HPOS="1644" VPOS="1217" WIDTH="47" HEIGHT="23" WC="0.93" CONTENT="av"/><SP WIDTH="20" VPOS="1217" HPOS="1691"/>
							<String ID="string_65" HPOS="1711" VPOS="1209" WIDTH="109" HEIGHT="32" WC="0.91" CONTENT="stats-"/>
						</TextLine>
						<TextLine ID="line_9" HPOS="227" VPOS="1244" WIDTH="1592" HEIGHT="62">
							<String ID="string_66" HPOS="227" VPOS="1244" WIDTH="318" HEIGHT="50" WC="0.91" CONTENT="rådsprotokollet"/><SP WIDTH="37" VPOS="1244" HPOS="545"/>
							<String ID="string_67" HPOS="582" VPOS="1252" WIDTH="89" HEIGHT="32" WC="0.93" CONTENT="över"/><SP WIDTH="37" VPOS="1252" HPOS="671"/>
							<String ID="string_68" HPOS="708" VPOS="1247" WIDTH="255" HEIGHT="39" WC="0.92" CONTENT="civilärenden"/><SP WIDTH="35" VPOS="1247" HPOS="963"/>
							<String ID="string_69" HPOS="998" VPOS="1250" WIDTH="59" HEIGHT="37" WC="0.96" CONTENT="för"/><SP WIDTH="29" VPOS="1250" HPOS="1057"/>
							<String ID="string_70" HPOS="1086" VPOS="1264" WIDTH="143" HEIGHT="25" WC="0.95" CONTENT="samma"/><SP WIDTH="28" VPOS="1264" HPOS="1229"/>
							<String ID="string_71" HPOS="1257" VPOS="1252" WIDTH="86" HEIGHT="49" WC="0.96" CONTENT="dag,"/><SP WIDTH="29" VPOS="1252" HPOS="1343"/>
							<String ID="string_72" HPOS="1372" VPOS="1253" WIDTH="200" HEIGHT="49" WC="0.95" CONTENT="föreslagit"/><SP WIDTH="27" VPOS="1253" HPOS="1572"/>
							<String ID="string_73" HPOS="1599" VPOS="1255" WIDTH="220" HEIGHT="51" WC="0.96" CONTENT="Riksdagen"/>
						</TextLine>
					</TextBlock>
					<TextBlock ID="block_5" HPOS="226" VPOS="1298" WIDTH="1593" HEIGHT="154">
						<TextLine ID="line_10" HPOS="331" VPOS="1298" WIDTH="1487" HEIGHT="59">
							<String ID="string_74" HPOS="331" VPOS="1298" WIDTH="73" HEIGHT="36" WC="0.95" CONTENT="dels"/><SP WIDTH="42" VPOS="1298" HPOS="404"/>
							<String ID="string_75" HPOS="446" VPOS="1303" WIDTH="52" HEIGHT="32" WC="0.95" CONTENT="att"/><SP WIDTH="41" VPOS="1303" HPOS="498"/>
							<String ID="string_76" HPOS="539" VPOS="1299" WIDTH="207" HEIGHT="49" WC="0.95" CONTENT="godkänna"/><SP WIDTH="40" VPOS="1299" HPOS="746"/>
							<String ID="string_77" HPOS="786" VPOS="1300" WIDTH="168" HEIGHT="50" WC="0.96" CONTENT="följande"/><SP WIDTH="43" VPOS="1300" HPOS="954"/>
							<String ID="string_78" HPOS="997" VPOS="1303" WIDTH="207" HEIGHT="50" WC="0.96" CONTENT="ändringar"/><SP WIDTH="42" VPOS="1303" HPOS="1204"/>
							<String ID="string_79" HPOS="1246" VPOS="1305" WIDTH="68" HEIGHT="37" WC="0.96" CONTENT="och"/><SP WIDTH="41" VPOS="1305" HPOS="1314"/>
							<String ID="string_80" HPOS="1355" VPOS="1305" WIDTH="138" HEIGHT="51" WC="0.94" CONTENT="tillägg"/><SP WIDTH="28" VPOS="1305" HPOS="1493"/>
							<String ID="string_81" HPOS="1521" VPOS="1307" WIDTH="56" HEIGHT="36" WC="0.95" CONTENT="till"/><SP WIDTH="30" VPOS="1307" HPOS="1577"/>
							<String ID="string_82" HPOS="1607" VPOS="1307" WIDTH="44" HEIGHT="38" WC="0.95" CONTENT="de"/><SP WIDTH="28" VPOS="1307" HPOS="1651"/>
							<String ID="string_83" HPOS="1679" VPOS="1321" WIDTH="139" HEIGHT="36" WC="0.95" CONTENT="genom"/>
						</TextLine>
						<TextLine ID="line_11" HPOS="227" VPOS="1349" WIDTH="1592" HEIGHT="60">
							<String ID="string_84" HPOS="227" VPOS="1349" WIDTH="140" HEIGHT="50" WC="0.95" CONTENT="nådiga"/><SP WIDTH="41" VPOS="1349" HPOS="367"/>
							<String ID="string_85" HPOS="408" VPOS="1350" WIDTH="258" HEIGHT="50" WC="0.95" CONTENT="kungörelsen"/><SP WIDTH="42" VPOS="1350" HPOS="666"/>
							<String ID="string_86" HPOS="708" VPOS="1353" WIDTH="73" HEIGHT="37" WC="0.96" CONTENT="den"/><SP WIDTH="44" VPOS="1353" HPOS="781"/>
							<String ID="string_87" HPOS="825" VPOS="1356" WIDTH="44" HEIGHT="34" WC="0.95" CONTENT="18"/><SP WIDTH="44" VPOS="1356" HPOS="869"/>
							<String ID="string_88" HPOS="913" VPOS="1356" WIDTH="215" HEIGHT="48" WC="0.95" CONTENT="september"/><SP WIDTH="44" VPOS="1356" HPOS="1128"/>
							<String ID="string_89" HPOS="1172" VPOS="1359" WIDTH="95" HEIGHT="35" WC="0.95" CONTENT="1908"/><SP WIDTH="43" VPOS="1359" HPOS="1267"/>
							<String ID="string_90" HPOS="1310" VPOS="1358" WIDTH="213" HEIGHT="38" WC="0.95" CONTENT="fastställda"/><SP WIDTH="41" VPOS="1358" HPOS="1523"/>
							<String ID="string_91" HPOS="1564" VPOS="1361" WIDTH="169" HEIGHT="48" WC="0.96" CONTENT="grunder"/><SP WIDTH="27" VPOS="1361" HPOS="1733"/>
							<String ID="string_92" HPOS="1760" VPOS="1363" WIDTH="59" HEIGHT="37" WC="0.96" CONTENT="för"/>
						</TextLine>
						<TextLine ID="line_12" HPOS="226" VPOS="1403" WIDTH="789" HEIGHT="49">
							<String ID="string_93" HPOS="226" VPOS="1403" WIDTH="273" HEIGHT="49" WC="0.96" CONTENT="pensionering"/><SP WIDTH="27" VPOS="1403" HPOS="499"/>
							<String ID="string_94" HPOS="526" VPOS="1417" WIDTH="47" HEIGHT="23" WC="0.96" CONTENT="av"/><SP WIDTH="28" VPOS="1417" HPOS="573"/>
							<String ID="string_95" HPOS="601" VPOS="1404" WIDTH="104" HEIGHT="38" WC="0.96" CONTENT="äldre"/><SP WIDTH="29" VPOS="1404" HPOS="705"/>
							<String ID="string_96" HPOS="734" VPOS="1406" WIDTH="281" HEIGHT="38" WC="0.96" CONTENT="barnmorskor:"/>
						</TextLine>
					</TextBlock>
					<TextBlock ID="block_6" HPOS="223" VPOS="1455" WIDTH="1595" HEIGHT="368">
						<TextLine ID="line_13" HPOS="328" VPOS="1455" WIDTH="1490" HEIGHT="59">
							<String ID="string_97" HPOS="328" VPOS="1455" WIDTH="268" HEIGHT="50" WC="0.95" CONTENT="Barnmorska,"/><SP WIDTH="44" VPOS="1455" HPOS="596"/>
							<String ID="string_98" HPOS="640" VPOS="1471" WIDTH="80" HEIGHT="23" WC="0.96" CONTENT="som"/><SP WIDTH="33" VPOS="1471" HPOS="720"/>
							<String ID="string_99" HPOS="753" VPOS="1459" WIDTH="134" HEIGHT="36" WC="0.96" CONTENT="vunnit"/><SP WIDTH="26" VPOS="1459" HPOS="887"/>
							<String ID="string_100" HPOS="913" VPOS="1460" WIDTH="149" HEIGHT="37" WC="0.96" CONTENT="inträde"/><SP WIDTH="29" VPOS="1460" HPOS="1062"/>
							<String ID="string_101" HPOS="1091" VPOS="1461" WIDTH="11" HEIGHT="36" WC="0.93" CONTENT="i"/><SP WIDTH="28" VPOS="1461" HPOS="1102"/>
							<String ID="string_102" HPOS="1130" VPOS="1461" WIDTH="338" HEIGHT="40" WC="0.89" CONTENT="barnmorskornas"/><SP WIDTH="28" VPOS="1461" HPOS="1468"/>
							<String ID="string_103" HPOS="1496" VPOS="1465" WIDTH="322" HEIGHT="49" WC="0.96" CONTENT="pensionsanstalt"/>
						</TextLine>
						<TextLine ID="line_14" HPOS="225" VPOS="1506" WIDTH="1592" HEIGHT="62">
							<String ID="string_104" HPOS="225" VPOS="1506" WIDTH="10" HEIGHT="36" WC="0.96" CONTENT="i"/><SP WIDTH="31" VPOS="1506" HPOS="235"/>
							<String ID="string_105" HPOS="266" VPOS="1507" WIDTH="170" HEIGHT="50" WC="0.96" CONTENT="enlighet"/><SP WIDTH="28" VPOS="1507" HPOS="436"/>
							<String ID="string_106" HPOS="464" VPOS="1509" WIDTH="85" HEIGHT="37" WC="0.96" CONTENT="med"/><SP WIDTH="29" VPOS="1509" HPOS="549"/>
							<String ID="string_107" HPOS="578" VPOS="1509" WIDTH="335" HEIGHT="42" WC="0.96" CONTENT="bestämmelserna"/><SP WIDTH="27" VPOS="1509" HPOS="913"/>
							<String ID="string_108" HPOS="940" VPOS="1512" WIDTH="12" HEIGHT="37" WC="0.96" CONTENT="i"/><SP WIDTH="26" VPOS="1512" HPOS="952"/>
							<String ID="string_109" HPOS="978" VPOS="1513" WIDTH="140" HEIGHT="49" WC="0.96" CONTENT="nådiga"/><SP WIDTH="28" VPOS="1513" HPOS="1118"/>
							<String ID="string_110" HPOS="1146" VPOS="1514" WIDTH="257" HEIGHT="50" WC="0.96" CONTENT="kungörelsen"/><SP WIDTH="29" VPOS="1514" HPOS="1403"/>
							<String ID="string_111" HPOS="1432" VPOS="1516" WIDTH="72" HEIGHT="37" WC="0.96" CONTENT="den"/><SP WIDTH="32" VPOS="1516" HPOS="1504"/>
							<String ID="string_112" HPOS="1536" VPOS="1519" WIDTH="45" HEIGHT="35" WC="0.95" CONTENT="18"/><SP WIDTH="21" VPOS="1519" HPOS="1581"/>
							<String ID="string_113" HPOS="1602" VPOS="1519" WIDTH="215" HEIGHT="49" WC="0.96" CONTENT="september"/>
						</TextLine>
						<TextLine ID="line_15" HPOS="227" VPOS="1561" WIDTH="1590" HEIGHT="59">
							<String ID="string_114" HPOS="227" VPOS="1561" WIDTH="97" HEIGHT="35" WC="0.96" CONTENT="1908"/><SP WIDTH="31" VPOS="1561" HPOS="324"/>
							<String ID="string_115" HPOS="355" VPOS="1562" WIDTH="195" HEIGHT="48" WC="0.96" CONTENT="angående"/><SP WIDTH="29" VPOS="1562" HPOS="550"/>
							<String ID="string_116" HPOS="579" VPOS="1567" WIDTH="75" HEIGHT="32" WC="0.96" CONTENT="rätt"/><SP WIDTH="28" VPOS="1567" HPOS="654"/>
							<String ID="string_117" HPOS="682" VPOS="1563" WIDTH="57" HEIGHT="36" WC="0.96" CONTENT="till"/><SP WIDTH="28" VPOS="1563" HPOS="739"/>
							<String ID="string_118" HPOS="767" VPOS="1564" WIDTH="159" HEIGHT="49" WC="0.95" CONTENT="pension"/><SP WIDTH="28" VPOS="1564" HPOS="926"/>
							<String ID="string_119" HPOS="954" VPOS="1566" WIDTH="59" HEIGHT="35" WC="0.96" CONTENT="för"/><SP WIDTH="28" VPOS="1566" HPOS="1013"/>
							<String ID="string_120" HPOS="1041" VPOS="1566" WIDTH="103" HEIGHT="36" WC="0.96" CONTENT="äldre"/><SP WIDTH="28" VPOS="1566" HPOS="1144"/>
							<String ID="string_121" HPOS="1172" VPOS="1567" WIDTH="280" HEIGHT="47" WC="0.96" CONTENT="barnmorskor,"/><SP WIDTH="29" VPOS="1567" HPOS="1452"/>
							<String ID="string_122" HPOS="1481" VPOS="1569" WIDTH="209" HEIGHT="51" WC="0.91" CONTENT="berättigas"/><SP WIDTH="17" VPOS="1569" HPOS="1690"/>
							<String ID="string_123" HPOS="1707" VPOS="1572" WIDTH="110" HEIGHT="36" WC="0.92" CONTENT="kvar-"/>
						</TextLine>
						<TextLine ID="line_16" HPOS="224" VPOS="1613" WIDTH="1592" HEIGHT="56">
							<String ID="string_124" HPOS="224" VPOS="1614" WIDTH="59" HEIGHT="33" WC="0.96" CONTENT="stå"/><SP WIDTH="41" VPOS="1614" HPOS="283"/>
							<String ID="string_125" HPOS="324" VPOS="1613" WIDTH="11" HEIGHT="35" WC="0.93" CONTENT="i"/><SP WIDTH="41" VPOS="1613" HPOS="335"/>
							<String ID="string_126" HPOS="376" VPOS="1614" WIDTH="383" HEIGHT="49" WC="0.89" CONTENT="pensionsanstalten,"/><SP WIDTH="31" VPOS="1614" HPOS="759"/>
							<String ID="string_127" HPOS="790" VPOS="1616" WIDTH="130" HEIGHT="37" WC="0.96" CONTENT="oaktat"/><SP WIDTH="41" VPOS="1616" HPOS="920"/>
							<String ID="string_128" HPOS="961" VPOS="1617" WIDTH="74" HEIGHT="37" WC="0.95" CONTENT="hon"/><SP WIDTH="27" VPOS="1617" HPOS="1035"/>
							<String ID="string_129" HPOS="1062" VPOS="1618" WIDTH="82" HEIGHT="37" WC="0.96" CONTENT="icke"/><SP WIDTH="29" VPOS="1618" HPOS="1144"/>
							<String ID="string_130" HPOS="1173" VPOS="1619" WIDTH="132" HEIGHT="50" WC="0.96" CONTENT="längre"/><SP WIDTH="28" VPOS="1619" HPOS="1305"/>
							<String ID="string_131" HPOS="1333" VPOS="1621" WIDTH="158" HEIGHT="37" WC="0.96" CONTENT="innehar"/><SP WIDTH="28" VPOS="1621" HPOS="1491"/>
							<String ID="string_132" HPOS="1519" VPOS="1622" WIDTH="116" HEIGHT="37" WC="0.93" CONTENT="sådan"/><SP WIDTH="30" VPOS="1622" HPOS="1635"/>
							<String ID="string_133" HPOS="1665" VPOS="1624" WIDTH="151" HEIGHT="37" WC="0.91" CONTENT="anställ-"/>
						</TextLine>
						<TextLine ID="line_17" HPOS="223" VPOS="1663" WIDTH="1592" HEIGHT="55">
							<String ID="string_134" HPOS="223" VPOS="1663" WIDTH="96" HEIGHT="50" WC="0.94" CONTENT="ning"/><SP WIDTH="41" VPOS="1663" HPOS="319"/>
							<String ID="string_135" HPOS="360" VPOS="1665" WIDTH="69" HEIGHT="37" WC="0.94" CONTENT="hos"/><SP WIDTH="28" VPOS="1665" HPOS="429"/>
							<String ID="string_136" HPOS="457" VPOS="1666" WIDTH="182" HEIGHT="37" WC="0.96" CONTENT="kommun"/><SP WIDTH="29" VPOS="1666" HPOS="639"/>
							<String ID="string_137" HPOS="668" VPOS="1667" WIDTH="91" HEIGHT="37" WC="0.93" CONTENT="eller"/><SP WIDTH="33" VPOS="1667" HPOS="759"/>
							<String ID="string_138" HPOS="792" VPOS="1671" WIDTH="20" HEIGHT="34" WC="0.91" CONTENT="å"/><SP WIDTH="28" VPOS="1671" HPOS="812"/>
							<String ID="string_139" HPOS="840" VPOS="1669" WIDTH="296" HEIGHT="49" WC="0.95" CONTENT="barnbördshus,"/><SP WIDTH="30" VPOS="1669" HPOS="1136"/>
							<String ID="string_140" HPOS="1166" VPOS="1685" WIDTH="82" HEIGHT="23" WC="0.95" CONTENT="som"/><SP WIDTH="28" VPOS="1685" HPOS="1248"/>
							<String ID="string_141" HPOS="1276" VPOS="1674" WIDTH="164" HEIGHT="36" WC="0.96" CONTENT="medfört"/><SP WIDTH="28" VPOS="1674" HPOS="1440"/>
							<String ID="string_142" HPOS="1468" VPOS="1673" WIDTH="165" HEIGHT="39" WC="0.96" CONTENT="tillträde"/><SP WIDTH="29" VPOS="1673" HPOS="1633"/>
							<String ID="string_143" HPOS="1662" VPOS="1676" WIDTH="56" HEIGHT="36" WC="0.93" CONTENT="till"/><SP WIDTH="34" VPOS="1676" HPOS="1718"/>
							<String ID="string_144" HPOS="1752" VPOS="1690" WIDTH="63" HEIGHT="23" WC="0.92" CONTENT="an-"/>
						</TextLine>
						<TextLine ID="line_18" HPOS="224" VPOS="1716" WIDTH="1592" HEIGHT="56">
							<String ID="string_145" HPOS="224" VPOS="1716" WIDTH="149" HEIGHT="37" WC="0.81" CONTENT="stalten."/><SP WIDTH="56" VPOS="1716" HPOS="373"/>
							<String ID="string_146" HPOS="429" VPOS="1718" WIDTH="253" HEIGHT="38" WC="0.49" CONTENT=" Föreskrivna"/><SP WIDTH="41" VPOS="1718" HPOS="682"/>
							<String ID="string_147" HPOS="723" VPOS="1719" WIDTH="280" HEIGHT="51" WC="0.94" CONTENT="inbetalningar"/><SP WIDTH="40" VPOS="1719" HPOS="1003"/>
							<String ID="string_148" HPOS="1043" VPOS="1722" WIDTH="56" HEIGHT="37" WC="0.93" CONTENT="till"/><SP WIDTH="42" VPOS="1722" HPOS="1099"/>
							<String ID="string_149" HPOS="1141" VPOS="1724" WIDTH="370" HEIGHT="48" WC="0.92" CONTENT="pensionsanstalten"/><SP WIDTH="41" VPOS="1724" HPOS="1511"/>
							<String ID="string_150" HPOS="1552" VPOS="1730" WIDTH="59" HEIGHT="34" WC="0.95" CONTENT="må"/><SP WIDTH="28" VPOS="1730" HPOS="1611"/>
							<String ID="string_151" HPOS="1639" VPOS="1728" WIDTH="12" HEIGHT="35" WC="0.96" CONTENT="i"/><SP WIDTH="30" VPOS="1728" HPOS="1651"/>
							<String ID="string_152" HPOS="1681" VPOS="1729" WIDTH="135" HEIGHT="36" WC="0.96" CONTENT="sådant"/>
						</TextLine>
						<TextLine ID="line_19" HPOS="223" VPOS="1768" WIDTH="791" HEIGHT="55">
							<String ID="string_153" HPOS="223" VPOS="1768" WIDTH="66" HEIGHT="36" WC="0.95" CONTENT="fall"/><SP WIDTH="28" VPOS="1768" HPOS="289"/>
							<String ID="string_154" HPOS="317" VPOS="1782" WIDTH="46" HEIGHT="23" WC="0.96" CONTENT="av"/><SP WIDTH="28" VPOS="1782" HPOS="363"/>
							<String ID="string_155" HPOS="391" VPOS="1770" WIDTH="274" HEIGHT="38" WC="0.96" CONTENT="barnmorskan"/><SP WIDTH="29" VPOS="1770" HPOS="665"/>
							<String ID="string_156" HPOS="694" VPOS="1772" WIDTH="95" HEIGHT="49" WC="0.96" CONTENT="själv"/><SP WIDTH="29" VPOS="1772" HPOS="789"/>
							<String ID="string_157" HPOS="818" VPOS="1773" WIDTH="196" HEIGHT="50" WC="0.96" CONTENT="fullgöras."/>
						</TextLine>
					</TextBlock>
					<TextBlock ID="block_7" HPOS="221" VPOS="1821" WIDTH="1593" HEIGHT="208">
						<TextLine ID="line_20" HPOS="326" VPOS="1821" WIDTH="1488" HEIGHT="59">
							<String ID="string_158" HPOS="326" VPOS="1821" WIDTH="89" HEIGHT="37" WC="0.96" CONTENT="Rätt"/><SP WIDTH="27" VPOS="1821" HPOS="415"/>
							<String ID="string_159" HPOS="442" VPOS="1828" WIDTH="54" HEIGHT="31" WC="0.96" CONTENT="att"/><SP WIDTH="27" VPOS="1828" HPOS="496"/>
							<String ID="string_160" HPOS="523" VPOS="1823" WIDTH="152" HEIGHT="37" WC="0.96" CONTENT="komma"/><SP WIDTH="27" VPOS="1823" HPOS="675"/>
							<String ID="string_161" HPOS="702" VPOS="1824" WIDTH="12" HEIGHT="37" WC="0.64" CONTENT="1"/><SP WIDTH="28" VPOS="1824" HPOS="714"/>
							<String ID="string_162" HPOS="742" VPOS="1825" WIDTH="222" HEIGHT="49" WC="0.96" CONTENT="åtnjutande"/><SP WIDTH="28" VPOS="1825" HPOS="964"/>
							<String ID="string_163" HPOS="992" VPOS="1841" WIDTH="46" HEIGHT="22" WC="0.96" CONTENT="av"/><SP WIDTH="29" VPOS="1841" HPOS="1038"/>
							<String ID="string_164" HPOS="1067" VPOS="1828" WIDTH="159" HEIGHT="49" WC="0.96" CONTENT="pension"/><SP WIDTH="29" VPOS="1828" HPOS="1226"/>
							<String ID="string_165" HPOS="1255" VPOS="1832" WIDTH="60" HEIGHT="34" WC="0.96" CONTENT="må"/><SP WIDTH="28" VPOS="1832" HPOS="1315"/>
							<String ID="string_166" HPOS="1343" VPOS="1843" WIDTH="47" HEIGHT="23" WC="0.93" CONTENT="av"/><SP WIDTH="27" VPOS="1843" HPOS="1390"/>
							<String ID="string_167" HPOS="1417" VPOS="1831" WIDTH="397" HEIGHT="49" WC="0.77" CONTENT="pensionsanstaltens"/>
						</TextLine>
						<TextLine ID="line_21" HPOS="223" VPOS="1874" WIDTH="1591" HEIGHT="55">
							<String ID="string_168" HPOS="223" VPOS="1874" WIDTH="160" HEIGHT="49" WC="0.96" CONTENT="styrelse"/><SP WIDTH="42" VPOS="1874" HPOS="383"/>
							<String ID="string_169" HPOS="425" VPOS="1875" WIDTH="127" HEIGHT="37" WC="0.93" CONTENT="kunna"/><SP WIDTH="41" VPOS="1875" HPOS="552"/>
							<String ID="string_170" HPOS="593" VPOS="1875" WIDTH="248" HEIGHT="39" WC="0.80" CONTENT="tillerkännas"/><SP WIDTH="41" VPOS="1875" HPOS="841"/>
							<String ID="string_171" HPOS="882" VPOS="1879" WIDTH="261" HEIGHT="50" WC="0.96" CONTENT="barnmorska,"/><SP WIDTH="31" VPOS="1879" HPOS="1143"/>
							<String ID="string_172" HPOS="1174" VPOS="1881" WIDTH="129" HEIGHT="37" WC="0.96" CONTENT="oaktat"/><SP WIDTH="27" VPOS="1881" HPOS="1303"/>
							<String ID="string_173" HPOS="1330" VPOS="1882" WIDTH="76" HEIGHT="37" WC="0.96" CONTENT="hon"/><SP WIDTH="29" VPOS="1882" HPOS="1406"/>
							<String ID="string_174" HPOS="1435" VPOS="1883" WIDTH="82" HEIGHT="37" WC="0.96" CONTENT="icke"/><SP WIDTH="28" VPOS="1883" HPOS="1517"/>
							<String ID="string_175" HPOS="1545" VPOS="1884" WIDTH="11" HEIGHT="36" WC="0.96" CONTENT="i"/><SP WIDTH="33" VPOS="1884" HPOS="1556"/>
							<String ID="string_176" HPOS="1589" VPOS="1886" WIDTH="43" HEIGHT="34" WC="0.96" CONTENT="12"/><SP WIDTH="31" VPOS="1886" HPOS="1632"/>
							<String ID="string_177" HPOS="1663" VPOS="1888" WIDTH="39" HEIGHT="34" WC="0.95" CONTENT="år"/><SP WIDTH="29" VPOS="1888" HPOS="1702"/>
							<String ID="string_178" HPOS="1731" VPOS="1886" WIDTH="83" HEIGHT="36" WC="0.95" CONTENT="haft"/>
						</TextLine>
						<TextLine ID="line_22" HPOS="222" VPOS="1926" WIDTH="1592" HEIGHT="57">
							<String ID="string_179" HPOS="222" VPOS="1926" WIDTH="117" HEIGHT="37" WC="0.96" CONTENT="sådan"/><SP WIDTH="28" VPOS="1926" HPOS="339"/>
							<String ID="string_180" HPOS="367" VPOS="1928" WIDTH="235" HEIGHT="49" WC="0.95" CONTENT="anställning"/><SP WIDTH="27" VPOS="1928" HPOS="602"/>
							<String ID="string_181" HPOS="629" VPOS="1929" WIDTH="69" HEIGHT="37" WC="0.96" CONTENT="hos"/><SP WIDTH="42" VPOS="1929" HPOS="698"/>
							<String ID="string_182" HPOS="740" VPOS="1930" WIDTH="179" HEIGHT="37" WC="0.96" CONTENT="kommun"/><SP WIDTH="29" VPOS="1930" HPOS="919"/>
							<String ID="string_183" HPOS="948" VPOS="1931" WIDTH="92" HEIGHT="37" WC="0.92" CONTENT="eller"/><SP WIDTH="28" VPOS="1931" HPOS="1040"/>
							<String ID="string_184" HPOS="1068" VPOS="1936" WIDTH="20" HEIGHT="33" WC="0.90" CONTENT="å"/><SP WIDTH="30" VPOS="1936" HPOS="1088"/>
							<String ID="string_185" HPOS="1118" VPOS="1934" WIDTH="292" HEIGHT="49" WC="0.96" CONTENT="barnbördshus,"/><SP WIDTH="30" VPOS="1934" HPOS="1410"/>
							<String ID="string_186" HPOS="1440" VPOS="1949" WIDTH="82" HEIGHT="23" WC="0.96" CONTENT="som"/><SP WIDTH="28" VPOS="1949" HPOS="1522"/>
							<String ID="string_187" HPOS="1550" VPOS="1937" WIDTH="164" HEIGHT="37" WC="0.92" CONTENT="medfört"/><SP WIDTH="27" VPOS="1937" HPOS="1714"/>
							<String ID="string_188" HPOS="1741" VPOS="1937" WIDTH="73" HEIGHT="37" WC="0.92" CONTENT="till-"/>
						</TextLine>
						<TextLine ID="line_23" HPOS="221" VPOS="1979" WIDTH="602" HEIGHT="50">
							<String ID="string_189" HPOS="221" VPOS="1979" WIDTH="107" HEIGHT="37" WC="0.95" CONTENT="träde"/><SP WIDTH="29" VPOS="1979" HPOS="328"/>
							<String ID="string_190" HPOS="357" VPOS="1979" WIDTH="58" HEIGHT="36" WC="0.92" CONTENT="till"/><SP WIDTH="28" VPOS="1979" HPOS="415"/>
							<String ID="string_191" HPOS="443" VPOS="1981" WIDTH="380" HEIGHT="48" WC="0.90" CONTENT="pensionsanstalten."/>
						</TextLine>
					</TextBlock>
					<TextBlock ID="block_8" HPOS="220" VPOS="2031" WIDTH="1594" HEIGHT="197">
						<TextLine ID="line_24" HPOS="324" VPOS="2031" WIDTH="1490" HEIGHT="56">
							<String ID="string_192" HPOS="324" VPOS="2031" WIDTH="16" HEIGHT="36" WC="0.96" CONTENT="I"/><SP WIDTH="28" VPOS="2031" HPOS="340"/>
							<String ID="string_193" HPOS="368" VPOS="2032" WIDTH="183" HEIGHT="38" WC="0.96" CONTENT="händelse"/><SP WIDTH="29" VPOS="2032" HPOS="551"/>
							<String ID="string_194" HPOS="580" VPOS="2033" WIDTH="247" HEIGHT="39" WC="0.96" CONTENT="barnmorska"/><SP WIDTH="27" VPOS="2033" HPOS="827"/>
							<String ID="string_195" HPOS="854" VPOS="2048" WIDTH="138" HEIGHT="36" WC="0.96" CONTENT="genom"/><SP WIDTH="31" VPOS="2048" HPOS="992"/>
							<String ID="string_196" HPOS="1023" VPOS="2037" WIDTH="143" HEIGHT="50" WC="0.96" CONTENT="obotlig"/><SP WIDTH="20" VPOS="2037" HPOS="1166"/>
							<String ID="string_197" HPOS="1186" VPOS="2038" WIDTH="174" HEIGHT="49" WC="0.96" CONTENT="sjukdom"/><SP WIDTH="18" VPOS="2038" HPOS="1360"/>
							<String ID="string_198" HPOS="1378" VPOS="2039" WIDTH="89" HEIGHT="38" WC="0.93" CONTENT="eller"/><SP WIDTH="15" VPOS="2039" HPOS="1467"/>
							<String ID="string_199" HPOS="1482" VPOS="2041" WIDTH="204" HEIGHT="37" WC="0.91" CONTENT="vanförhet"/><SP WIDTH="20" VPOS="2041" HPOS="1686"/>
							<String ID="string_200" HPOS="1706" VPOS="2041" WIDTH="108" HEIGHT="38" WC="0.96" CONTENT="blivit"/>
						</TextLine>
						<TextLine ID="line_25" HPOS="220" VPOS="2084" WIDTH="1591" HEIGHT="60">
							<String ID="string_201" HPOS="220" VPOS="2084" WIDTH="236" HEIGHT="37" WC="0.91" CONTENT="urståndsatt"/><SP WIDTH="42" VPOS="2084" HPOS="456"/>
							<String ID="string_202" HPOS="498" VPOS="2091" WIDTH="54" HEIGHT="31" WC="0.96" CONTENT="att"/><SP WIDTH="40" VPOS="2091" HPOS="552"/>
							<String ID="string_203" HPOS="592" VPOS="2091" WIDTH="113" HEIGHT="32" WC="0.92" CONTENT="utöva"/><SP WIDTH="42" VPOS="2091" HPOS="705"/>
							<String ID="string_204" HPOS="747" VPOS="2087" WIDTH="369" HEIGHT="51" WC="0.91" CONTENT="barnmorskeyrket,"/><SP WIDTH="30" VPOS="2087" HPOS="1116"/>
							<String ID="string_205" HPOS="1146" VPOS="2093" WIDTH="59" HEIGHT="34" WC="0.93" CONTENT="må"/><SP WIDTH="28" VPOS="2093" HPOS="1205"/>
							<String ID="string_206" HPOS="1233" VPOS="2092" WIDTH="387" HEIGHT="48" WC="0.91" CONTENT="pensionsanstaltens"/><SP WIDTH="30" VPOS="2092" HPOS="1620"/>
							<String ID="string_207" HPOS="1650" VPOS="2095" WIDTH="161" HEIGHT="49" WC="0.96" CONTENT="styrelse"/>
						</TextLine>
						<TextLine ID="line_26" HPOS="221" VPOS="2136" WIDTH="1591" HEIGHT="61">
							<String ID="string_208" HPOS="221" VPOS="2136" WIDTH="176" HEIGHT="48" WC="0.89" CONTENT="medgiva"/><SP WIDTH="30" VPOS="2136" HPOS="397"/>
							<String ID="string_209" HPOS="427" VPOS="2138" WIDTH="115" HEIGHT="37" WC="0.96" CONTENT="sådan"/><SP WIDTH="29" VPOS="2138" HPOS="542"/>
							<String ID="string_210" HPOS="571" VPOS="2138" WIDTH="246" HEIGHT="38" WC="0.96" CONTENT="barnmorska"/><SP WIDTH="27" VPOS="2138" HPOS="817"/>
							<String ID="string_211" HPOS="844" VPOS="2145" WIDTH="76" HEIGHT="32" WC="0.96" CONTENT="rätt"/><SP WIDTH="27" VPOS="2145" HPOS="920"/>
							<String ID="string_212" HPOS="947" VPOS="2141" WIDTH="56" HEIGHT="37" WC="0.96" CONTENT="till"/><SP WIDTH="28" VPOS="2141" HPOS="1003"/>
							<String ID="string_213" HPOS="1031" VPOS="2142" WIDTH="170" HEIGHT="50" WC="0.96" CONTENT="pension,"/><SP WIDTH="30" VPOS="2142" HPOS="1201"/>
							<String ID="string_214" HPOS="1231" VPOS="2149" WIDTH="95" HEIGHT="32" WC="0.96" CONTENT="även"/><SP WIDTH="30" VPOS="2149" HPOS="1326"/>
							<String ID="string_215" HPOS="1356" VPOS="2158" WIDTH="59" HEIGHT="23" WC="0.96" CONTENT="om"/><SP WIDTH="29" VPOS="2158" HPOS="1415"/>
							<String ID="string_216" HPOS="1444" VPOS="2146" WIDTH="76" HEIGHT="36" WC="0.96" CONTENT="hon"/><SP WIDTH="28" VPOS="2146" HPOS="1520"/>
							<String ID="string_217" HPOS="1548" VPOS="2146" WIDTH="84" HEIGHT="37" WC="0.96" CONTENT="icke"/><SP WIDTH="19" VPOS="2146" HPOS="1632"/>
							<String ID="string_218" HPOS="1651" VPOS="2151" WIDTH="161" HEIGHT="46" WC="0.96" CONTENT="uppnått"/>
						</TextLine>
						<TextLine ID="line_27" HPOS="220" VPOS="2188" WIDTH="564" HEIGHT="40">
							<String ID="string_219" HPOS="220" VPOS="2201" WIDTH="45" HEIGHT="23" WC="0.93" CONTENT="en"/><SP WIDTH="28" VPOS="2201" HPOS="265"/>
							<String ID="string_220" HPOS="293" VPOS="2188" WIDTH="262" HEIGHT="39" WC="0.92" CONTENT="levnadsålder"/><SP WIDTH="28" VPOS="2188" HPOS="555"/>
							<String ID="string_221" HPOS="583" VPOS="2204" WIDTH="47" HEIGHT="23" WC="0.95" CONTENT="av"/><SP WIDTH="30" VPOS="2204" HPOS="630"/>
							<String ID="string_222" HPOS="660" VPOS="2193" WIDTH="45" HEIGHT="35" WC="0.96" CONTENT="65"/><SP WIDTH="31" VPOS="2193" HPOS="705"/>
							<String ID="string_223" HPOS="736" VPOS="2195" WIDTH="48" HEIGHT="33" WC="0.96" CONTENT="år."/>
						</TextLine>
					</TextBlock>
					<TextBlock ID="block_9" HPOS="220" VPOS="2241" WIDTH="1591" HEIGHT="163">
						<TextLine ID="line_28" HPOS="324" VPOS="2241" WIDTH="1487" HEIGHT="56">
							<String ID="string_224" HPOS="324" VPOS="2241" WIDTH="151" HEIGHT="38" WC="0.95" CONTENT="Statens"/><SP WIDTH="30" VPOS="2241" HPOS="475"/>
							<String ID="string_225" HPOS="505" VPOS="2243" WIDTH="162" HEIGHT="37" WC="0.96" CONTENT="kostnad"/><SP WIDTH="42" VPOS="2243" HPOS="667"/>
							<String ID="string_226" HPOS="709" VPOS="2245" WIDTH="59" HEIGHT="36" WC="0.96" CONTENT="för"/><SP WIDTH="27" VPOS="2245" HPOS="768"/>
							<String ID="string_227" HPOS="795" VPOS="2245" WIDTH="322" HEIGHT="50" WC="0.96" CONTENT="pensioneringen"/><SP WIDTH="28" VPOS="2245" HPOS="1117"/>
							<String ID="string_228" HPOS="1145" VPOS="2260" WIDTH="46" HEIGHT="24" WC="0.96" CONTENT="av"/><SP WIDTH="28" VPOS="2260" HPOS="1191"/>
							<String ID="string_229" HPOS="1219" VPOS="2247" WIDTH="291" HEIGHT="50" WC="0.96" CONTENT="ifrågavarande"/><SP WIDTH="29" VPOS="2247" HPOS="1510"/>
							<String ID="string_230" HPOS="1539" VPOS="2250" WIDTH="272" HEIGHT="39" WC="0.96" CONTENT="barnmorskor"/>
						</TextLine>
						<TextLine ID="line_29" HPOS="220" VPOS="2294" WIDTH="1590" HEIGHT="56">
							<String ID="string_231" HPOS="220" VPOS="2296" WIDTH="59" HEIGHT="34" WC="0.94" CONTENT="må"/><SP WIDTH="41" VPOS="2296" HPOS="279"/>
							<String ID="string_232" HPOS="320" VPOS="2294" WIDTH="82" HEIGHT="37" WC="0.94" CONTENT="icke"/><SP WIDTH="40" VPOS="2294" HPOS="402"/>
							<String ID="string_233" HPOS="442" VPOS="2294" WIDTH="58" HEIGHT="37" WC="0.94" CONTENT="till"/><SP WIDTH="40" VPOS="2294" HPOS="500"/>
							<String ID="string_234" HPOS="540" VPOS="2295" WIDTH="95" HEIGHT="49" WC="0.96" CONTENT="följd"/><SP WIDTH="28" VPOS="2295" HPOS="635"/>
							<String ID="string_235" HPOS="663" VPOS="2310" WIDTH="47" HEIGHT="23" WC="0.96" CONTENT="av"/><SP WIDTH="32" VPOS="2310" HPOS="710"/>
							<String ID="string_236" HPOS="742" VPOS="2297" WIDTH="112" HEIGHT="37" WC="0.96" CONTENT="dessa"/><SP WIDTH="29" VPOS="2297" HPOS="854"/>
							<String ID="string_237" HPOS="883" VPOS="2298" WIDTH="283" HEIGHT="38" WC="0.96" CONTENT="bestämmelser"/><SP WIDTH="28" VPOS="2298" HPOS="1166"/>
							<String ID="string_238" HPOS="1194" VPOS="2301" WIDTH="193" HEIGHT="49" WC="0.96" CONTENT="överstiga"/><SP WIDTH="28" VPOS="2301" HPOS="1387"/>
							<String ID="string_239" HPOS="1415" VPOS="2302" WIDTH="85" HEIGHT="48" WC="0.95" CONTENT="den,"/><SP WIDTH="30" VPOS="2302" HPOS="1500"/>
							<String ID="string_240" HPOS="1530" VPOS="2316" WIDTH="80" HEIGHT="23" WC="0.95" CONTENT="som"/><SP WIDTH="30" VPOS="2316" HPOS="1610"/>
							<String ID="string_241" HPOS="1640" VPOS="2304" WIDTH="119" HEIGHT="37" WC="0.93" CONTENT="skulle"/><SP WIDTH="31" VPOS="2304" HPOS="1759"/>
							<String ID="string_242" HPOS="1790" VPOS="2308" WIDTH="20" HEIGHT="33" WC="0.88" CONTENT="å"/>
						</TextLine>
						<TextLine ID="line_30" HPOS="220" VPOS="2346" WIDTH="1588" HEIGHT="58">
							<String ID="string_243" HPOS="220" VPOS="2350" WIDTH="124" HEIGHT="34" WC="0.93" CONTENT="staten"/><SP WIDTH="28" VPOS="2350" HPOS="344"/>
							<String ID="string_244" HPOS="372" VPOS="2346" WIDTH="148" HEIGHT="51" WC="0.92" CONTENT="belöpa,"/><SP WIDTH="43" VPOS="2346" HPOS="520"/>
							<String ID="string_245" HPOS="563" VPOS="2348" WIDTH="128" HEIGHT="37" WC="0.96" CONTENT="därest"/><SP WIDTH="28" VPOS="2348" HPOS="691"/>
							<String ID="string_246" HPOS="719" VPOS="2349" WIDTH="336" HEIGHT="39" WC="0.78" CONTENT="bestämmelserna"/><SP WIDTH="27" VPOS="2349" HPOS="1055"/>
							<String ID="string_247" HPOS="1082" VPOS="2351" WIDTH="12" HEIGHT="37" WC="0.96" CONTENT="i"/><SP WIDTH="30" VPOS="2351" HPOS="1094"/>
							<String ID="string_248" HPOS="1124" VPOS="2354" WIDTH="263" HEIGHT="36" WC="0.95" CONTENT="ovannämnda"/><SP WIDTH="28" VPOS="2354" HPOS="1387"/>
							<String ID="string_249" HPOS="1415" VPOS="2354" WIDTH="228" HEIGHT="50" WC="0.92" CONTENT="kungörelse"/><SP WIDTH="30" VPOS="2354" HPOS="1643"/>
							<String ID="string_250" HPOS="1673" VPOS="2356" WIDTH="135" HEIGHT="37" WC="0.92" CONTENT="tilläm-"/>
						</TextLine>
					</TextBlock>
				</ComposedBlock>
			</PrintSpace>
		</Page>
	</Layout>
</alto>
