2224 2600
448 163 17 29 4
908 164 281 37 Bankoutskottets
1210 171 164 33 memorial
1395 173 53 31 Nr
1470 177 50 29 28.

1131 489 60 41 Nr
1217 490 65 41 28.

975 641 116 31 Ankom
1115 644 42 28 till
1181 643 172 39 riksdagens
1376 645 95 30 kansli
1494 645 58 32 den
1575 649 19 28 4
1617 649 74 36 april
1716 651 79 28 1922
1819 651 37 29 kl.
1882 653 14 27 1
1922 662 25 19 e.
1972 662 40 19 m.

602 783 198 46 Memorial,
828 786 13 34 i
868 785 188 47 anledning
1096 798 42 25 av
1178 788 207 37 kamrarnas
1423 791 200 46 skiljaktiga
1662 793 108 36 beslut
1797 794 215 45 beträffande

801 844 113 53 punkt
951 847 51 33 10
1039 857 43 24 av
1110 846 288 38 bankoutskottets
1425 849 181 38 utlåtande
1627 864 44 23 nr
1697 855 47 32 11
1773 854 36 34 B
1835 855 176 44 angående

801 903 212 46 regleringen
1040 916 42 24 av
1109 905 195 46 utgifterna
1331 908 110 36 under
1469 909 268 47 tilläggsstatens
1757 911 65 45 för
1848 913 39 35 år
1908 904 103 45 1922

802 961 81 45 elfte
909 962 203 38 huvudtitel.

501 1110 17 36 I
545 1110 288 49 propositionen
864 1112 200 48 angående
1091 1112 239 51 tilläggsstat
1357 1116 59 37 för
1440 1120 42 33 år
1507 1118 94 40 1922
1621 1118 99 38 hade
1739 1120 141 50 Kungl.
1901 1122 109 49 Maj:t

399 1159 124 38 under
550 1161 123 49 punkt
704 1163 45 35 10
777 1162 211 49 föreslagit,
1018 1169 55 31 att
1100 1164 209 50 riksdagen
1336 1170 118 33 måtte

503 1213 94 36 »dels
616 1211 191 50 medgiva,
828 1218 54 31 att
901 1213 75 37 den
995 1215 239 49 ersättning
1220 1207 22 66 i
1251 1216 209 51 anledning
1480 1231 47 24 av
1540 1219 279 50 kroppsskada,
1835 1222 172 50 ådragen

400 1261 123 36 under
568 1261 417 52 militärtjänstgöring,
1027 1278 81 23 som
1149 1269 127 46 utgått
1316 1267 92 38 eller
1448 1272 115 45 utgår
1603 1274 126 34 såsom
1772 1272 235 52 sjukhjälps-

399 1311 219 50 ersättning
658 1313 94 37 eller
791 1313 163 39 livränta
992 1315 60 37 för
1091 1315 54 37 tid
1186 1317 123 37 under
1349 1321 40 34 år
1431 1321 97 35 1922
1569 1320 93 37 eller
1690 1325 126 34 såsom
1843 1323 165 50 begrav-

399 1362 225 50 ningshjälp
653 1363 11 37 i
693 1363 210 50 anledning
930 1378 47 24 av
1005 1366 180 48 dödsfall,
1213 1367 168 38 inträffat
1399 1370 123 37 under
1541 1372 166 37 nämnda
1728 1376 51 43 år,
1799 1377 60 34 må
1877 1375 131 37 därest

399 1413 148 36 skadan
591 1414 240 49 uppkommit
868 1416 82 37 före
989 1416 75 38 den
1095 1419 16 34 1
1137 1417 151 49 januari
1332 1422 108 45 1921,
1481 1421 108 48 höjes
1629 1423 88 37 med
1759 1426 46 35 50
1844 1431 163 43 procent

399 1468 136 32 utöver
574 1463 65 38 det
667 1464 151 50 belopp,
846 1466 126 38 vartill
996 1468 264 49 ersättningen
1289 1473 60 33 må
1375 1471 235 39 bestämmas
1637 1473 122 50 enligt
1785 1476 222 48 grunderna

399 1514 12 36 i
438 1514 278 50 förordningen
748 1516 73 36 den
852 1518 44 36 18
920 1517 84 48 juni
1060 1520 94 36 1909
1184 1532 60 24 om
1273 1522 216 50 ersättning
1507 1523 11 36 i
1539 1524 209 50 anledning
1776 1538 46 24 av
1849 1527 157 50 kropps:

399 1564 132 46 skada,
561 1565 170 50 ådragen
759 1567 120 37 under
908 1568 412 52 militärtjänstgöring.
1826 1588 3 2 i

501 1617 71 35 dels
599 1619 60 34 ock
685 1617 59 36 för
771 1617 248 38 bestridande
1048 1633 46 23 av
1113 1620 119 38 härav
1251 1621 226 38 föranledda
1496 1623 209 38 kostnader
1730 1628 21 35 å
1769 1626 238 50 tilläggsstat

400 1665 59 37 för
487 1668 40 34 år
557 1668 95 35 1922
681 1667 122 38 under
831 1668 91 37 elfte
950 1669 243 38 huvudtiteln
1222 1672 132 37 anvisa
1382 1678 55 31 ett
1452 1673 308 53 förslagsanslag
1779 1690 47 24 av
1846 1680 160 45 160,000

399 1716 176 37 kronor.»

501 1767 141 37 Vidare
662 1768 100 37 hade
781 1768 11 37 i
813 1781 46 24 en
874 1768 102 38 inom
993 1770 120 38 andra
1128 1771 223 38 kammaren
1366 1773 115 38 väckt
1497 1775 141 37 motion
1654 1790 44 23 nr
1716 1778 44 36 16
1776 1777 230 50 hemställts,

400 1822 56 31 att
495 1817 209 48 riksdagen
743 1822 117 34 måtte
899 1820 164 48 besluta,
1107 1822 106 37 »dels
1252 1828 56 32 att
1339 1823 73 37 den
1441 1827 216 48 ersättning
1683 1827 10 36 i
1723 1828 208 51 anledning
1959 1843 48 24 av

400 1868 281 49 kroppsskada,
719 1869 169 49 ådragen
915 1871 123 43 under
1066 1872 413 51 militärtjänstgöring,
1509 1889 81 23 som
1617 1880 114 47 utgår
1759 1882 123 35 såsom
1903 1880 104 49 sjuk-

400 1917 348 51 bjälpsersättning
789 1920 94 37 eller
922 1920 166 39 livränta
1129 1923 59 37 för
1227 1923 55 38 tid
1310 1925 123 36 under
1462 1927 97 36 1922
1588 1928 71 36 och
1687 1929 121 38 första
1835 1930 174 39 halvåret

403 1971 108 45 1923,
553 1969 94 37 eller
688 1973 127 34 såsom
856 1971 372 52 begravningshjälp
1257 1974 10 36 i
1296 1975 211 50 anledning
1547 1990 46 24 av
1633 1978 178 49 dödsfall,
1838 1981 171 37 inträffat

399 2020 125 36 under
563 2033 149 24 samma
751 2021 67 47 tid,
859 2025 72 43 må,
973 2023 130 37 därest
1142 2024 147 37 skadan
1329 2026 243 49 uppkommit
1598 2028 81 38 före
1707 2030 74 37 den
1812 2033 16 34 1
1854 2032 154 48 januari

402 2072 109 44 1921,
551 2070 111 48 höjas
702 2072 88 36 med
833 2073 70 36 100
929 2079 161 43 procent
1116 2080 135 32 utöver
1279 2075 64 38 det
1370 2076 154 50 belopp,
1554 2079 127 37 vartill
1709 2083 213 48 ersättning
1945 2086 63 34 må

399 2120 236 37 bestämmas
665 2121 121 49 enligt
812 2123 223 48 grunderna
1062 2124 12 37 i
1101 2125 274 50 förordningen
1404 2128 75 36 den
1509 2130 45 36 18
1570 2129 83 49 juni
1675 2132 95 36 1909
1791 2146 59 23 om
1871 2138 137 38 ersätt-

399 2171 96 48 ning
521 2171 12 36 i
561 2171 210 50 anledning
811 2186 47 23 av
897 2174 281 50 kroppsskada,
1220 2177 169 49 ådragen
1430 2179 123 37 under
1593 2180 414 53 militärtjänstgöring,

400 2221 83 38 dels
512 2222 70 37 ock
611 2228 56 32 att
695 2223 59 37 för
782 2223 247 51 bestridande
1058 2239 46 25 av
1124 2226 117 38 härav
1261 2228 225 39 föranledda
1504 2230 207 39 kostnader
1731 2232 47 38 de
1798 2247 46 24 av
1863 2234 143 50 Kungl.
