1912 2834
264 152 19 29 6
615 153 439 31 Konstitutionsutskottets
1079 151 174 32 utlåtande
1280 153 45 30 Ni
1353 154 49 30 14.

269 238 92 37 välja
382 238 194 37 ytterligare
595 247 42 21 en
657 237 252 36 riksdagsman.
941 232 68 35 Äro
1030 237 286 30 överskottstalen
1335 237 70 29 lika
1428 237 55 29 för
1504 236 57 31 två
1583 237 81 30 eller
1684 237 87 30 flera

270 290 200 34 valkretsar,
500 289 152 36 avgöres,
680 288 64 30 där
771 287 38 31 så
836 289 38 29 är
902 287 129 37 nödigt,
1059 287 187 30 företrädet
1274 295 122 29 genom
1424 287 145 37 lottning
1596 286 44 38 på
1668 288 66 29 sätt
1762 287 10 30 i

269 340 20 30 6
308 338 20 41 &
349 340 20 30 6
387 349 105 21 mom.
513 340 38 29 är
571 339 144 36 stadgat.

313 391 30 29 4.
378 390 63 30 Det
464 390 95 30 antal
580 407 44 4 —
644 406 45 4 —
710 406 45 4 —
779 398 42 21 av
844 389 203 36 Konungen.

976 487 21 41 8
1023 490 49 29 17.

317 560 28 28 1.
391 558 64 30 Val
478 558 51 30 till
549 574 45 4 —
612 574 45 5 —
676 574 46 4 —
743 557 156 37 vallagen
922 557 87 36 sägs.

315 610 30 29 2.
392 608 197 31 Förordnar
611 608 192 36 Konungen
822 625 45 4 —
884 624 45 4 —
948 624 46 4 —
1013 617 43 20 av
1077 606 311 38 fyraårsperioden.

315 661 30 29 3.
390 658 113 38 Avgår
524 659 245 37 riksdagsman
787 658 107 30 innan
914 658 68 30 den
1001 658 60 35 tid,
1084 657 54 31 för
1158 658 116 29 vilken
1294 658 70 29 han
1384 657 97 30 blivit
1503 657 89 36 vald,
1613 657 159 30 tillända-

270 710 98 38 lupit,
391 711 99 37 fylles
513 710 193 37 ledigheten
727 709 47 37 på
797 710 65 30 sätt
883 709 12 31 i
918 709 157 36 vallagen
1094 710 89 35 sägs.

969 808 21 41 8
1018 810 48 30 18.

316 877 106 31 Valen
450 877 53 31 till
531 878 109 30 andra
669 878 205 30 kammaren
903 878 61 29 äro
993 877 220 30 omedelbara
1242 877 66 30 och
1339 876 277 37 proportionella.
1671 873 104 38 Varje

272 928 161 31 röstande
454 928 212 30 tillkommer
688 928 72 31 lika
783 929 80 29 röst.

318 979 165 30 Närmare
502 979 259 31 bestämmelser
779 988 57 21 om
853 979 100 30 valen
971 978 174 31 meddelas
1164 978 10 30 i
1192 978 166 36 vallagen.

969 1077 20 41 8
1017 1079 49 30 19.

315 1147 67 31 För
404 1148 150 30 valkrets
576 1148 119 29 kunna
718 1147 51 31 till
793 1147 188 30 ledamöter
1006 1156 41 21 av
1071 1147 108 30 andra
1204 1147 206 29 kammaren
1431 1145 122 31 endast
1576 1147 91 28 utses
1691 1145 82 29 män

272 1198 66 29 och
360 1197 159 36 kvinnor,
544 1206 74 21 som
641 1198 64 36 äga
729 1198 124 29 valrätt
876 1197 96 29 inom
995 1197 194 30 valkretsen
1215 1197 91 35 eller,
1334 1197 63 29 där
1421 1195 98 37 fråga
1543 1197 38 29 är
1606 1205 58 20 om
1688 1195 87 34 stad,

272 1247 184 31 bestående
481 1257 43 21 av
549 1248 85 30 flera
662 1248 201 35 valkretsar,
890 1247 96 30 inom
1012 1246 114 37 någon
1151 1256 43 21 av
1223 1247 109 30 dessa.
1371 1246 218 30 Gemensamt
1616 1245 55 30 för
1698 1245 78 30 hela

271 1298 89 30 riket
381 1299 121 30 kunna
523 1301 91 28 utses
636 1299 83 29 män
742 1298 66 30 och
833 1298 158 35 kvinnor,
1015 1306 74 22 som
1111 1298 64 35 äga
1198 1297 125 30 valrätt
1347 1297 95 30 inom
1465 1296 113 36 någon
1602 1305 43 21 av
1670 1296 106 29 rikets

271 1350 201 30 valkretsar.

971 1414 20 41 8
1017 1416 51 30 20.

288 1471 17 22 f
320 1483 66 31 För
409 1492 42 21 en
478 1493 71 27 var,
574 1493 74 21 som
673 1483 99 31 blivit
796 1483 123 30 utsedd
943 1483 52 30 till
1019 1483 151 30 ledamot
1194 1483 10 29 i
1232 1483 110 30 andra
1368 1482 213 35 kammaren,
1608 1482 98 35 skall,
1734 1480 45 38 på

275 1535 67 30 sätt
361 1534 11 30 i
392 1534 156 37 vallagen
569 1535 161 30 närmare
753 1534 147 37 stadgas,
922 1533 165 31 fullmakt
1106 1532 250 38 ofördröjligen
1376 1533 159 30 utfärdas
1555 1533 12 30 i
1587 1531 58 31 två
1666 1541 113 21 exem-

275 1585 85 37 plar,
377 1594 43 21 av
436 1585 93 30 vilka
546 1585 56 30 det
617 1594 66 21 ena
699 1585 218 30 överlämnas
933 1583 36 32 åt
987 1584 67 31 den
1072 1584 99 30 valde
1187 1584 67 30 och
1273 1584 56 30 det
1348 1584 110 29 andra
1474 1583 161 30 insändes
1652 1583 52 30 till
1722 1582 58 30 det

275 1636 247 36 departement,
553 1636 50 29 till
632 1636 107 30 vilket
767 1634 305 38 justitieärendena
1103 1634 96 36 höra,
1231 1634 63 30 där
1323 1633 31 38 ej
1386 1634 124 30 chefen
1540 1634 55 29 för
1625 1633 154 30 nämnda

274 1687 237 37 departement
535 1686 156 31 utfärdat
715 1686 218 30 fullmakten.

971 1768 20 41 8
1017 1770 51 30 21.

315 1838 66 30 Vill
405 1838 151 30 ledamot
582 1847 43 21 av
650 1838 113 30 andra
787 1838 204 30 kammaren
1017 1837 239 36 befattningen
1283 1836 50 38 sig
1357 1837 136 35 avsäga,
1519 1837 80 35 äger
1623 1836 70 29 han
1719 1835 57 30 det

272 1889 82 36 göra
382 1888 58 30 vid
467 1888 207 30 valtillfället
702 1889 82 29 eller
812 1889 204 34 sedermera,
1047 1888 127 30 mellan
1202 1887 238 36 riksdagarna,
1470 1887 64 29 hos
1566 1886 210 37 Konungens

271 1939 369 37 befallningshavande
655 1939 93 36 eller,
765 1948 57 21 om
838 1939 71 30 han
923 1941 123 28 utsetts
1064 1940 212 35 gemensamt
1291 1937 55 30 för
1362 1937 78 30 hela
1454 1937 98 35 riket,
1572 1937 63 30 hos
1652 1936 125 30 chefen

272 1989 54 31 för
342 1989 56 31 det
413 1990 236 36 departement
666 1990 51 30 till
733 1989 105 30 vilket
854 1989 306 37 justitieärendena
1176 1989 97 29 höra.

974 2079 20 42 8
1020 2081 52 30 22.

318 2144 45 34 Är
386 2147 114 38 någon
524 2148 170 37 missnöjd
719 2149 80 30 med
822 2149 55 29 val
899 2148 51 30 till
973 2148 241 37 riksdagsman
1238 2148 10 30 i
1272 2148 110 30 andra
1405 2148 203 30 kammaren
1631 2147 56 30 för
1710 2146 69 31 viss

276 2200 159 36 valkrets,
456 2199 59 31 må
535 2201 70 29 han
625 2201 146 30 däröver
790 2200 63 30 hos
874 2200 192 36 Konungen
1086 2198 123 32 anföra
1229 2199 132 30 besvär.
1385 2199 67 30 För
1473 2198 123 30 sådant
1616 2197 164 31 ändamål

276 2250 79 36 äger
376 2250 195 37 klaganden
591 2250 63 30 hos
675 2249 210 37 Konungens
904 2249 371 36 befallningshavande
1295 2250 85 29 äska
1399 2248 156 37 behörigt
1576 2249 205 36 protokolls-

276 2301 133 36 utdrag,
436 2301 106 30 vilket
566 2301 96 30 inom
687 2301 101 36 högst
814 2303 51 28 tre
891 2301 108 36 dagar
1025 2300 150 30 därefter
1201 2300 64 30 bör
1292 2300 52 30 till
1369 2299 195 38 klaganden
1592 2300 188 33 utlämnas;

275 2351 68 30 och
360 2351 88 30 skall
465 2352 81 35 han,
565 2351 58 30 vid
639 2351 127 30 förlust
782 2360 44 21 av
841 2352 106 34 talan,
968 2351 61 30 sist
1046 2351 94 30 inom
1157 2350 49 31 tio
1224 2351 109 36 dagar
1349 2350 87 31 efter
1453 2349 329 36 valförrättningens

275 2402 67 30 slut
371 2401 75 31 sina
475 2402 52 30 till
559 2401 193 38 Konungen
784 2402 123 30 ställda
937 2402 123 30 besvär
1090 2401 114 37 ingiva
1234 2401 51 30 till
1317 2401 209 36 Konungens
1555 2399 223 37 befallnings-

274 2452 168 36 havande,
470 2462 75 21 som
571 2451 44 38 på
638 2453 68 30 sätt
732 2453 9 30 i
772 2454 36 29 11
835 2451 20 40 8
880 2452 148 37 stadgas,
1054 2452 135 30 lämnar
1214 2452 258 30 vederbörande
1495 2451 135 30 tillfälle
1654 2452 49 28 att
1729 2450 50 37 sig
