1904 2846
564 174 279 31 Statsutskottets
863 175 177 30 utlåtande
1059 175 50 30 Nr
1128 179 24 26 8.
1544 178 61 31 145

109 267 105 21 nerna
248 256 107 32 skulle
390 256 133 32 behöva
558 256 98 41 höjas
690 256 77 32 med
799 256 227 41 sammanlagt
1050 257 99 38 4,500
1173 257 124 31 kronor
1320 257 62 32 och
1407 256 197 42 därigenom

109 309 87 42 stiga
219 309 51 32 till
293 310 123 38 46,200
440 309 134 32 kronor.

152 363 197 32 Emellertid
382 363 62 32 har
476 362 244 42 överstyrelsen
754 362 175 42 samtidigt
961 363 89 41 gjort
1082 363 254 42 framställning
1368 374 56 21 om
1456 363 148 32 ändrade

107 417 148 42 grunder
286 417 54 32 för
374 416 169 42 anslagets
573 416 226 38 beräknande,
824 416 197 42 varigenom
1057 416 107 33 skulle
1199 416 229 42 möjliggöras,
1453 420 48 29 att
1535 418 69 31 rek-

109 474 132 29 torerna
275 471 10 31 i
310 470 88 32 ökad
422 470 237 41 utsträckning
681 469 168 33 befriades
873 470 78 32 från
976 481 41 21 en
1042 470 54 32 del
1119 470 201 33 tidsödande
1343 471 162 41 göromål,
1530 482 73 21 som

108 524 68 32 lika
199 524 54 33 väl
278 524 115 32 kunde
416 524 114 32 skötas
554 535 42 22 av
621 523 132 33 mindre
777 523 217 33 kvalificerad
1010 524 63 32 och
1090 524 115 32 därför
1221 524 152 42 billigare
1389 524 212 33 arbetskraft.

109 570 253 49 Överstyrelsen
386 578 62 32 har
480 580 119 36 ansett,
634 580 48 29 att
715 588 79 21 man
824 578 53 32 för
906 577 212 33 närvarande
1142 577 103 33 borde
1269 578 185 32 inskränka
1478 578 52 41 sig
1552 578 50 32 till

108 634 48 29 att
185 632 83 32 söka
291 632 77 31 från
392 632 195 31 rektorerna
620 631 132 41 avlyfta
784 630 64 33 den
883 631 252 41 arbetsökning,
1164 642 73 21 som
1261 631 98 32 blivit
1382 643 42 21 en
1448 632 87 41 följd
1560 643 43 21 av

108 685 64 32 den
197 696 67 30 nya
287 685 456 41 läroverksorganisationen.
781 685 100 32 Detta
905 684 69 32 mål
998 684 117 40 skulle,
1140 685 105 41 enligt
1268 685 66 32 vad
1359 685 243 42 överstyrelsen

107 738 173 40 beräknat,
310 739 117 31 kunna
460 738 122 33 vinnas
615 749 124 31 genom
773 749 40 21 en
847 738 131 41 ökning
1011 749 42 22 av
1086 738 153 42 anslaget
1267 738 49 32 till
1339 738 192 33 biträdenas
1556 750 45 21 ar-

109 793 109 32 voden
242 792 77 33 med
345 793 121 38 23,000
490 792 134 32 kronor.

152 846 384 41 Departementschefen
569 845 62 32 har
654 846 134 38 erinrat,
813 848 48 29 att
885 846 122 41 frågan
1032 856 54 21 om
1112 845 213 42 lämpligaste
1349 849 99 29 sättet
1472 847 53 31 för
1548 857 53 21 av-

108 899 186 42 hjälpande
318 910 43 22 av
385 899 41 33 de
451 910 44 22 av
519 898 318 42 skolöverstyrelsen
862 898 156 42 påtalade
1042 898 261 42 olägenheterna
1328 910 79 22 vore
1431 899 85 33 både
1532 900 69 32 vid-

107 953 101 41 lyftig
240 953 64 32 och
327 953 153 39 svårlöst,
506 953 61 32 och
593 954 104 40 något
720 952 180 41 slutgiltigt
924 952 174 33 ordnande
1122 963 43 22 av
1188 952 372 33 arbetsförhållandena
1583 955 20 30 &

107 1006 407 42 rektorsexpeditionerna
547 1006 106 38 torde,
687 1005 197 33 framhåller
915 1006 81 38 han,
1027 1006 73 31 icke
1125 1006 117 32 kunna
1266 1006 139 32 komma
1428 1006 51 32 till
1503 1007 98 31 stånd

108 1063 80 30 utan
212 1061 229 41 förutgången
464 1059 136 42 allsidig
623 1059 183 41 utredning
829 1059 177 42 angående
1030 1059 66 32 den
1111 1059 221 32 ekonomiska
1348 1060 253 41 förvaltningen

107 1115 57 32 vid
181 1114 41 32 de
245 1114 173 32 allmänna
434 1113 197 33 läroverken
649 1113 64 32 och
729 1113 89 32 vissa
834 1113 107 32 andra
957 1113 241 32 läroanstalter.
1245 1113 54 32 En
1319 1124 43 22 av
1382 1113 220 42 skolöversty-

107 1167 107 33 relsen
235 1168 64 32 och
323 1167 398 42 riksräkenskapsverket
744 1170 213 38 gemensamt
980 1166 99 42 gjord
1103 1166 252 42 framställning
1375 1177 55 22 om
1449 1177 42 22 en
1509 1167 92 41 dylik

107 1221 183 42 utredning
313 1232 79 21 vore
416 1222 54 31 för
493 1220 212 33 närvarande
728 1220 167 32 beroende
919 1222 44 39 på
987 1220 128 41 Kungl.
1141 1220 114 41 Maj:ts
1272 1220 180 42 prövning,
1466 1220 64 32 och
1547 1220 55 32 det

106 1286 80 22 vore
218 1274 393 43 departementschefens
644 1274 243 41 förhoppning,
913 1277 50 29 att
986 1273 179 41 möjlighet
1188 1273 109 32 skulle
1321 1274 118 32 kunna
1462 1273 139 33 beredas

106 1332 49 29 att
187 1332 93 29 snart
312 1329 192 41 igångsätta
534 1328 112 32 denna
678 1327 192 42 utredning.
918 1327 16 32 I
967 1327 170 33 avvaktan
1170 1329 45 40 på
1238 1327 200 32 densamma
1468 1327 64 32 och
1560 1327 41 32 de

106 1382 148 38 resultat,
280 1381 111 33 vartill
415 1382 64 32 den
507 1381 115 32 kunde
646 1382 140 31 komma
811 1384 48 29 att
882 1380 86 39 leda,
985 1391 98 21 anser
1107 1380 373 42 departementschefen
1496 1383 106 39 några

106 1447 93 21 mera
214 1435 187 41 väsentliga
421 1435 184 41 ändringar
621 1435 10 31 i
649 1446 47 20 nu
712 1434 180 32 bestående
909 1434 238 32 förhållanden
1163 1434 204 41 näppeligen
1383 1434 83 32 böra
1481 1434 120 41 ifråga-

106 1493 112 28 sättas.
267 1488 384 42 Departementschefen
684 1498 98 21 anser
813 1488 51 39 sig
894 1487 117 32 därför
1042 1487 73 32 icke
1150 1498 48 21 nu
1235 1487 117 32 kunna
1375 1487 138 33 förorda
1536 1487 65 33 den

108 1543 75 32 med
210 1543 121 38 23,000
357 1542 125 31 kronor
509 1541 193 41 föreslagna
726 1541 333 41 anslagshöjningen.

150 1595 196 33 Emellertid
375 1595 95 32 torde
499 1595 64 38 det,
581 1595 100 31 anför
697 1594 374 41 departementschefen
1088 1593 124 39 vidare,
1230 1604 81 22 vara
1327 1593 212 41 nödvändigt
1554 1597 49 28 att

107 1659 42 22 av
182 1660 42 21 en
257 1660 112 21 annan
400 1648 99 32 orsak
523 1659 47 21 nu
595 1648 82 41 höja
699 1647 257 42 anslagsposten
980 1646 50 33 till
1054 1647 147 33 arvoden
1227 1648 34 30 åt
1285 1647 315 32 rektorsbiträdena.

106 1703 66 32 Till
204 1702 88 41 följd
325 1713 42 22 av
400 1702 65 32 den
499 1702 175 41 pågående
698 1701 250 42 utvidgningen
972 1712 42 22 av
1038 1701 90 32 vissa
1152 1700 91 33 äldre
1266 1700 154 33 läroverk
1444 1704 88 28 samt
1554 1701 47 31 in-

107 1756 169 32 rättandet
306 1767 42 21 av
377 1766 67 31 nya
469 1755 238 32 statsläroverk
732 1754 108 33 skulle
863 1754 175 42 nämligen
1062 1754 77 32 med
1164 1754 217 41 tillämpning
1404 1765 43 21 av
1471 1754 130 32 hittills-

107 1809 148 34 varande
278 1808 357 42 beräkningsgrunder
658 1808 109 32 under
790 1808 200 41 budgetåret
1008 1806 188 42 1931/1932
1213 1807 167 33 erfordras
1398 1819 41 21 en
1456 1808 146 41 höjning

107 1874 42 22 av
172 1863 235 41 nyssnämnda
430 1862 214 41 anslagspost
668 1861 78 33 med
762 1863 99 37 4,500
878 1862 134 31 kronor.
1048 1861 139 32 Samma
1203 1861 82 38 skäl,
1303 1872 71 20 som
1394 1861 207 32 motiverade

106 1917 41 32 de
180 1928 42 20 av
257 1917 85 31 1929
373 1916 64 32 och
472 1917 85 30 1930
590 1917 53 30 års
667 1915 176 40 riksdagar
865 1915 165 41 vidtagna
1053 1914 373 41 anslagshöjningarna,
1452 1914 148 41 förelåge

106 1976 86 27 även
227 1969 211 33 beträffande
467 1969 56 31 det
546 1969 10 31 i
582 1968 237 33 motsvarande
842 1967 193 32 hänseende
1060 1978 46 21 nu
1130 1967 121 42 gjorda
1274 1967 164 32 äskandet
1461 1967 63 32 och
1548 1967 52 32 de-

106 2023 331 42 partementschefen
471 2022 149 31 saknade
651 2021 185 41 anledning
860 2021 51 32 till
936 2021 133 32 erinran
1098 2024 72 28 mot
1191 2020 66 32 vad
1283 2020 208 32 härutinnan
1518 2021 82 31 före-

106 2077 125 41 slagits.
267 2076 64 32 Det
355 2075 199 33 nuvarande
579 2074 301 42 anslagsbeloppet,
896 2075 123 38 41,700
1036 2074 133 38 kronor,
1187 2073 102 33 borde
1306 2073 128 32 således
1452 2074 81 32 ökas
1550 2074 48 31 till

105 2131 123 37 46,200
258 2130 133 31 kronor.
426 2129 138 32 Liksom
598 2128 119 32 hittills
750 2128 102 32 borde
886 2127 236 42 fördelningen
1156 2138 43 22 av
1231 2127 151 41 anslaget
1410 2127 123 32 mellan
1559 2127 40 32 de

107 2184 90 32 olika
219 2183 197 32 läroverken
442 2182 185 32 ankomma
650 2183 45 40 på
723 2181 328 41 skolöverstyrelsen,
1081 2191 72 21 som
1179 2180 117 33 därvid
1323 2180 86 32 hade
1425 2184 49 28 att
1490 2180 10 32 i
1517 2181 82 40 möj-

107 2237 117 41 ligaste
257 2238 80 30 mån
370 2238 79 39 taga
481 2235 133 41 hänsyn
648 2235 50 31 till
731 2234 41 32 de
807 2234 171 32 skiftande
1011 2234 247 37 förhållanden,
1290 2244 71 21 som
1387 2234 58 32 vid
1471 2233 40 32 de
1535 2238 64 27 sär-

105 2290 111 32 skilda
240 2289 197 31 läroverken
462 2288 115 31 kunde
600 2298 82 22 vara
706 2287 148 31 rådande
878 2287 64 31 och
966 2287 140 32 inverka
1130 2288 44 39 på
1196 2286 291 41 anslagsbehovet.

152 2343 250 32 Motionärerna
427 2341 90 31 hava
540 2340 142 32 anslutit
705 2340 52 40 sig
780 2340 49 31 till
854 2339 338 41 skolöverstyrelsens
1217 2339 233 31 ovanberörda
1474 2338 126 41 förslag

107 2409 55 20 om
187 2396 68 32 viss
279 2394 146 41 ändring
449 2405 42 21 av
516 2393 195 41 grunderna
734 2393 53 31 för
811 2392 189 41 beräkning
1024 2403 42 21 av
1089 2392 62 32 här
1178 2391 260 42 ifrågavarande
1451 2391 148 33 arvoden

105 2451 63 32 och
202 2448 120 33 därvid
355 2447 109 32 tillika
496 2446 199 39 framhållit,
729 2449 50 29 att
810 2446 64 31 den
909 2457 42 21 av
976 2446 371 41 departementschefen
1372 2445 228 31 omförmiälda

108 2503 225 40 utredningen
365 2502 107 31 måste
504 2500 182 32 betecknas
720 2501 110 30 såsom
862 2499 86 32 både
981 2498 161 42 vidlyftig
1169 2498 63 32 och
1256 2498 151 33 svårlöst.
1457 2498 53 31 Då
1533 2498 65 32 den

156 2564 107 32 Bihang
284 2564 44 26 till
346 2563 163 32 riksdagens
526 2561 136 35 protokoll
686 2562 72 25 1931.
797 2563 16 23 6
831 2561 80 26 saml.
949 2562 17 23 8
985 2561 70 32 häft.
1094 2560 55 31 (Nr
1167 2559 39 32 8)
1531 2561 33 24 10
