1910 2850
571 166 280 30 Statsutskottets
874 167 173 30 utlåtande
1067 168 49 29 Nr
1136 172 24 26 8.
1551 173 61 31 287

120 245 135 33 sällsam
280 247 183 41 stämning.
497 248 75 31 Den
596 248 429 42 etnografisk-etnologiska
1049 250 222 42 forskningen
1288 251 63 32 har
1366 251 110 32 hälsat
1492 252 122 32 insam-

119 290 115 41 lingen
269 302 42 21 av
347 291 214 42 lapplåtarna
596 303 72 21 som
702 304 41 20 en
768 293 100 41 högst
892 294 226 40 förtjänstfull
1142 295 262 42 kulturgärning
1427 307 42 21 av
1494 300 121 28 största

119 336 258 41 vetenskapliga
400 337 149 38 intresse,
574 340 36 38 ty
635 338 262 41 utforskningen
923 349 42 21 av
989 339 174 41 primitiva
1185 340 90 32 folks
1300 341 113 31 musik
1438 342 68 30 står
1522 346 93 27 ännu

119 381 30 40 ej
175 382 44 40 på
241 381 127 40 höjden
394 392 43 21 av
460 381 107 32 andra
590 381 296 43 undersökningar
908 383 94 32 inom
1027 385 216 40 etnografien.
1292 385 59 32 Att
1376 386 146 41 Sverige,
1540 397 74 21 som

120 425 101 41 hyser
244 425 66 32 den
334 429 122 29 största
479 426 97 32 delen
593 437 42 21 av
653 426 198 42 lappfolket,
870 428 61 31 har
947 428 230 41 skyldigheter
1193 433 49 28 att
1258 430 113 41 stödja
1386 430 228 42 insamlingen

120 481 43 21 av
198 470 91 32 detta
324 471 90 32 folks
449 471 123 39 musik,
609 476 96 36 säger
733 472 52 41 sig
809 472 112 41 självt,
947 473 63 32 och
1035 473 56 32 det
1114 474 108 32 skulle
1246 485 82 21 vara
1352 475 190 39 otänkbart,
1567 478 48 29 att

120 516 74 30 vårt
228 514 90 39 land,
356 526 73 21 som
465 515 220 42 härbärgerar
720 517 74 32 rika
829 518 227 40 etnografiska
1086 519 185 41 samlingar
1294 520 10 31 i
1330 519 196 33 Stockholm
1552 520 63 32 och

120 559 170 42 Göteborg
324 561 78 31 från
438 560 41 33 de
506 564 95 29 utom
626 561 137 42 Europa
787 561 160 42 liggande
971 563 263 39 världsdelarna,
1259 564 108 32 skulle
1392 564 133 42 förbigå
1549 565 64 32 den

119 605 238 40 systematiska
380 605 263 42 utforskningen
668 617 41 21 av
735 607 56 31 det
814 607 212 39 nomadfolk,
1052 618 72 22 som
1150 608 103 33 vistas
1272 609 94 32 inom
1384 610 102 31 rikets
1502 610 112 32 landa-

119 660 127 21 mären.

164 694 327 41 Uppteckningarna
515 705 43 22 av
580 694 214 42 lapplåtarna
817 696 45 32 ha
885 696 107 41 gjorts
1017 697 64 32 och
1105 697 215 33 ekonomiskt
1343 698 108 33 burits
1471 709 42 23 av
1530 699 84 32 Karl

119 738 111 39 Tirén,
266 749 73 21 som
377 739 174 42 samtidigt
586 740 91 32 skött
700 740 57 31 sitt
780 740 190 42 borgerliga
993 742 83 40 yrke
1099 742 78 32 med
1202 742 122 33 sådant
1348 743 50 32 nit
1421 743 62 32 och
1508 744 105 32 sådan

118 784 193 41 framgång,
336 786 49 29 att
410 784 67 32 han
502 784 187 32 tillerkänts
713 784 256 42 guldmedaljen
994 786 10 31 i
1029 786 138 32 åttonde
1191 787 168 32 storleken
1384 788 53 32 för
1464 788 68 32 »nit
1552 789 63 31 och

120 828 164 41 redlighet
307 828 11 32 i
343 828 103 32 rikets
470 829 136 40 tjänst».
639 829 97 32 Hans
759 830 229 42 tjänstgöring
1011 841 74 21 som
1109 831 245 42 järnvägsman
1378 832 122 32 tillåter
1517 833 97 32 emel-

119 872 97 33 lertid
251 873 129 31 honom
404 874 30 40 ej
461 877 48 28 att
532 873 108 32 samla
664 874 51 41 sig
738 874 50 31 till
812 885 42 22 en
879 876 309 41 sammanfattning
1211 887 43 22 av
1278 877 75 32 sina
1377 878 237 41 upptecknade

119 917 148 40 resultat,
296 921 82 29 utan
405 929 78 21 man
508 919 67 31 kan
601 918 115 32 befara
740 922 48 29 att
812 919 86 33 hans
923 920 73 32 rika
1020 921 96 32 arkiv
1139 921 85 32 skall
1247 923 44 40 gå
1314 921 51 32 till
1388 923 225 32 eftervärlden

119 962 119 32 endast
272 973 74 21 som
375 963 292 41 primärmaterial,
692 967 83 29 utan
800 964 225 33 befruktande
1049 965 103 33 värde
1176 967 53 31 för
1252 966 66 32 den
1341 967 273 32 internationella

120 1007 228 41 vetenskapen
378 1008 63 31 och
465 1008 65 32 den
553 1008 274 32 internationella
850 1010 214 32 tonkonsten.
1114 1010 219 42 Farhågorna
1355 1011 118 33 härför
1496 1017 57 27 äro
1577 1014 37 30 så

121 1052 134 40 mycket
279 1056 106 28 större
409 1063 73 21 som
506 1052 101 32 Tirén
631 1053 231 33 instundande
885 1054 76 40 juni
986 1054 100 42 fyller
1110 1055 166 32 sextiotvå
1300 1057 37 30 år
1360 1056 63 32 och
1447 1057 85 31 först
1555 1057 58 32 vid

118 1096 298 41 pensionsålderns
451 1097 130 32 inträde
615 1097 66 32 kan
706 1099 36 30 få
766 1098 49 31 tid
839 1101 49 29 att
912 1104 88 36 ägna
1024 1099 52 41 sig
1099 1101 34 31 åt
1156 1099 266 43 bearbetningen
1446 1112 42 21 av
1512 1104 101 29 mate-

119 1141 94 32 rialet
247 1142 54 31 för
336 1144 49 29 att
419 1143 233 31 sammanföra
687 1142 56 32 det
777 1143 11 31 i
817 1146 47 29 ett
888 1144 257 41 samlingsverk.
1193 1145 65 32 Det
1282 1145 69 32 kan
1374 1145 166 42 tilläggas,
1565 1149 49 29 att

118 1186 104 41 ingen
252 1196 115 21 annan
401 1191 43 27 än
480 1187 74 38 den,
592 1197 73 21 som
700 1192 37 27 är
772 1187 70 32 helt
876 1189 172 41 förtrogen
1085 1189 78 32 med
1200 1189 240 42 lappkulturen
1465 1191 64 32 och
1552 1191 62 31 har

119 1230 65 32 den
219 1230 224 33 musikaliska
477 1231 203 42 begåvning,
716 1242 74 22 som
825 1237 37 27 är
896 1233 286 42 förutsättningen
1209 1235 53 31 för
1286 1235 326 42 uppteckningarna,

118 1275 68 32 kan
221 1275 183 32 verkställa
439 1276 62 32 och
536 1277 75 32 föra
646 1276 127 33 arbetet
797 1276 50 33 till
872 1277 76 32 slut.
997 1278 125 32 Vidare
1146 1278 104 41 gäller
1274 1279 56 33 det
1353 1280 62 31 här
1438 1280 10 31 i
1473 1284 69 28 stor
1566 1283 47 29 ut-

118 1320 197 41 sträckning
339 1331 41 21 en
406 1321 106 32 utdöd
536 1321 64 32 och
623 1321 11 31 i
658 1321 188 33 allmänhet
866 1333 41 21 en
925 1322 170 33 utdöende
1112 1323 124 39 kultur,
1255 1335 73 21 som
1346 1324 109 42 aldrig
1471 1327 37 30 så
1524 1328 90 29 stora

119 1365 287 41 ansträngningar
429 1365 11 32 i
464 1376 116 22 senare
604 1366 49 31 tid
677 1366 73 32 icke
775 1366 96 33 skola
894 1367 119 32 kunna
1036 1368 245 33 rekonstruera.

164 1418 82 32 Karl
279 1419 101 31 Tirén
414 1419 62 32 har
498 1419 102 32 också
624 1420 214 40 uppskattats
863 1431 43 22 av
929 1420 47 32 in-
1001 1421 63 32 och
1089 1422 347 42 utrikeskompetenta
1460 1423 154 41 myndig-

118 1463 104 38 heter,
247 1463 144 32 sålunda
414 1463 62 32 har
499 1464 69 31 han
592 1464 121 32 kallats
737 1467 49 29 att
810 1475 81 21 vara
915 1466 126 31 associé
1066 1466 9 31 i
1092 1466 223 33 musikaliska
1331 1467 202 32 akademien
1550 1468 63 32 och

117 1507 107 32 likaså
259 1508 128 32 associé
421 1508 11 31 i
467 1508 216 32 nationernas
718 1508 168 33 förbunds
921 1509 135 32 institut
1080 1511 53 31 för
1155 1511 237 32 intellektuellt
1416 1512 195 32 samarbete.

118 1552 80 31 Han
215 1552 61 32 har
300 1552 164 32 förlänats
489 1553 170 40 medaljen
684 1553 133 32 Litteris
841 1557 32 29 et
896 1554 148 32 Artibus.
1092 1555 100 32 Tirén
1217 1560 37 27 är
1277 1556 271 32 hedersledamot
1571 1568 43 21 av

118 1596 185 33 Norrlands
328 1597 118 32 nation
469 1598 10 31 i
504 1597 152 42 Uppsala
679 1602 89 28 samt
791 1598 271 33 hedersledamot
1085 1610 42 21 av
1152 1599 207 43 Gävleborgs
1384 1600 73 33 läns
1473 1605 141 28 amatör-

118 1641 311 33 musikerförbund.
477 1642 79 32 Han
590 1642 61 32 har
681 1643 53 31 för
758 1643 233 41 språkstudier
1014 1644 108 32 under
1144 1644 116 41 längre
1284 1645 154 41 perioder
1463 1646 116 32 vistats
1603 1646 9 32 i

118 1685 167 42 England,
311 1686 187 33 Frankrike
521 1687 64 32 och
608 1687 184 41 Tyskland.

162 1739 99 32 Tirén
286 1739 62 32 har
372 1741 80 31 åren
479 1741 218 32 1908—1925
721 1741 110 32 under
854 1741 229 42 sammanlagt
1100 1743 42 31 20
1159 1743 162 32 månader
1338 1743 77 32 med
1431 1744 182 32 avstående

118 1794 43 21 av
196 1783 99 32 lönen
320 1788 90 28 samt
433 1788 46 29 ett
502 1785 95 32 tiotal
622 1785 162 32 månader
807 1786 78 32 med
910 1786 53 32 hel
989 1786 79 33 eller
1091 1787 163 33 avkortad
1279 1787 57 33 lön
1360 1792 255 37 genomströvat

118 1828 177 41 Lappland
330 1830 78 31 från
445 1830 235 41 Lyngenfjord
717 1830 11 31 i
758 1841 80 21 norr
861 1830 50 32 till
935 1831 248 41 Härjeådalens
1207 1832 100 32 södra
1329 1838 102 36 gräns
1455 1833 63 32 och
1543 1833 70 32 dels

118 1873 218 41 upptecknat,
371 1873 71 33 dels
470 1874 223 41 fonografiskt
717 1875 159 41 upptagit
898 1875 182 42 lapparnas
1104 1876 113 32 musik
1242 1874 57 43 (ett
1323 1877 113 32 arbete
1460 1877 76 32 med
1562 1889 51 20 ex-

117 1917 197 41 peditioner,
339 1928 73 21 som
437 1918 111 32 kostat
571 1919 127 31 honom
722 1919 213 41 personligen
961 1920 92 32 cirka
1079 1922 118 36 12,000
1211 1919 144 42 kronor).
1402 1923 53 30 Av
1468 1922 144 32 skörden

117 1962 62 31 har
213 1963 227 40 etnografiska
475 1968 129 27 museet
638 1963 10 31 i
685 1963 195 32 Stockholm
917 1964 134 32 erhållit
1075 1966 65 31 500
1163 1965 189 41 fonogram.
1401 1966 15 31 I
1440 1966 86 32 hans
1550 1971 63 36 ägo

117 2006 110 32 finnas
262 2006 194 42 ytterligare
490 2011 47 28 ett
571 2018 61 30 par
663 2007 135 33 hundra
822 2009 181 40 fonogram
1028 2012 88 29 samt
1140 2009 191 41 dagböcker
1355 2010 63 32 och
1442 2011 65 32 540
1531 2021 82 31 upp-

117 2051 164 32 tecknade
309 2051 120 41 lapska
452 2051 84 32 låtar
558 2052 106 39 jämte
688 2053 80 31 flera
791 2053 160 41 föredrag
974 2053 9 32 i
1008 2056 124 30 ämnet.
1180 2054 100 32 "Tirén
1304 2054 63 32 har
1390 2055 87 31 varit
1500 2055 113 32 kallad

117 2097 49 30 att
189 2095 90 32 hålla
302 2096 81 32 flera
407 2097 345 41 uppmärksammade
776 2097 160 42 föredrag
958 2097 11 32 i
993 2098 92 32 detta
1109 2103 108 27 ämne.
1265 2100 53 31 Av
1336 2099 96 32 dessa
1449 2101 56 30 må
1521 2104 91 27 näm-

118 2150 61 21 nas
212 2141 53 31 för
297 2140 139 33 Institut
469 2141 40 32 de
542 2141 223 42 Coopération
796 2142 247 38 intellectuelle,
1069 2145 46 30 ett
1139 2143 158 42 föredrag
1319 2144 11 31 i
1355 2144 97 32 Carlo
1476 2144 137 42 Magno-

118 2184 231 33 universitetet
384 2186 9 31 i
427 2186 88 41 Prag
547 2187 37 31 år
615 2187 82 31 1927
722 2188 44 39 på
790 2186 218 33 nationernas
1031 2187 168 32 förbunds
1226 2190 50 30 1:a
1300 2191 139 38 congres
1464 2188 57 33 des
1546 2192 67 29 arts

117 2229 200 41 populaires.

162 2273 52 31 En
240 2273 167 40 inbjudan
435 2275 83 30 1928
542 2275 77 31 från
644 2274 110 32 Palais
779 2275 59 32 des
863 2275 109 32 beaux
997 2275 78 31 Arts
1099 2276 10 30 i
1135 2276 133 40 Bryssel
1291 2277 116 31 kunde
1423 2277 100 31 Tirén
1540 2277 73 32 icke

117 2318 195 31 hörsamma
336 2319 44 40 på
403 2318 111 40 grund
538 2329 42 21 av
604 2318 146 32 dödsfall
775 2319 92 31 inom
894 2319 167 40 familjen.
1109 2320 100 31 Tirén
1233 2321 63 30 har
1319 2321 115 31 vidare
1458 2321 96 31 hållit
1566 2325 47 28 ett

121 2361 154 41 föredrag
307 2362 10 31 i
351 2362 223 31 musikaliska
607 2362 212 39 akademien,
845 2366 47 29 ett
920 2364 5 30 i
949 2364 163 31 nordiska
1136 2368 130 28 museet
1290 2368 88 28 samt
1402 2368 46 28 ett
1471 2365 107 32 flertal
1602 2365 10 31 i

118 2406 89 33 olika
242 2405 93 33 delar
370 2417 42 20 av
448 2406 122 32 landet.
620 2407 65 31 För
720 2407 212 32 närvarande
956 2408 166 41 föreligga
1145 2409 316 41 underhandlingar
1485 2420 54 21 om
1564 2413 48 28 tre

117 2451 158 40 föredrag
298 2450 10 32 i
333 2450 113 32 Berlin
470 2451 62 32 och
557 2453 46 30 ett
631 2451 5 31 i
662 2451 239 41 Köpenhamn.

164 2496 177 32 Dessutom
381 2495 72 32 visa
487 2496 173 32 motionen
696 2495 159 42 bifogade
890 2497 98 41 intyg
1023 2497 76 31 från
1133 2500 268 38 representanter
1424 2498 54 32 för
1502 2501 109 29 veten-
