1908 2846
560 158 280 31 Statsutskottets
859 158 177 31 utlåtande
1055 157 51 31 Nr
1123 160 26 28 8.
1543 159 61 31 111

112 242 82 32 1931
231 241 196 43 disponerat
463 242 100 39 3,000
597 242 125 32 kronor
758 252 42 22 av
837 241 42 32 de
904 240 221 33 studerandes
1155 240 147 42 avgifter
1329 240 51 33 till
1405 239 199 42 högskolan.

110 295 106 33 Dessa
248 295 112 33 medel
392 306 79 22 vore
507 295 192 42 egentligen
732 294 149 33 avsedda
904 294 50 32 till
978 294 165 41 avlöning
1166 305 43 21 av
1232 294 205 39 assistenter,
1463 294 63 32 och
1550 294 57 32 det

109 349 115 33 kunde
258 349 12 32 i
304 349 265 42 fortsättningen
602 348 92 33 bliva
726 350 92 31 svårt
849 348 54 32 för
935 347 190 41 högskolan
1157 350 50 29 att
1238 347 95 32 finna
1356 347 179 42 möjlighet
1558 350 49 30 att

110 414 125 23 avvara
270 406 47 30 ett
352 404 36 31 så
423 413 77 31 pass
531 402 193 42 betydande
751 401 123 43 belopp
898 402 53 31 för
975 404 47 29 ett
1045 401 94 39 krav,
1164 411 74 22 som
1261 400 76 43 låge
1360 401 59 33 vid
1443 401 98 32 sidan
1564 411 43 23 av

110 457 66 33 den
198 456 171 42 egentliga
392 455 430 34 assistentverksamheten.

154 510 17 33 I
193 510 109 33 likhet
324 510 79 33 med
426 509 254 34 vederbörande
703 509 58 33 vid
777 509 157 33 tekniska
949 508 189 42 högskolan
1155 508 62 32 har
1234 508 374 42 departementschefen

110 564 117 33 funnit
250 563 255 43 ofrånkomligt,
536 566 49 30 att
608 563 156 42 åtgärder
786 562 105 33 redan
914 573 48 21 nu
986 561 156 42 vidtagas
1165 562 54 32 för
1234 565 50 29 att
1299 565 87 29 sätta
1402 562 207 42 högskolans

110 618 162 32 bibliotek
307 618 12 31 i
353 617 99 33 stånd
488 620 49 30 att
559 616 311 34 tillfredsställande
893 616 97 33 sköta
1014 616 53 32 sin
1091 615 259 43 betydelsefulla
1373 616 139 42 uppgift
1535 626 73 22 som

111 671 150 33 tekniskt
284 671 301 33 centralbibliotek.

155 725 173 33 Tekniska
350 724 208 42 högskolans
581 724 274 42 lärarkollegium
879 723 63 32 har
964 723 12 32 i
1000 724 98 40 fråga
1121 734 57 21 om
1201 722 215 33 bibliotekets
1432 722 178 33 förseende

113 779 78 33 med
213 778 254 33 icke-ordinarie
492 778 205 33 arbetskraft
719 777 162 42 framlagt
904 779 48 30 tre
977 776 187 33 alternativ.
1213 776 69 32 Vid
1306 787 42 21 en
1372 776 171 42 prövning
1566 787 43 22 av

112 833 98 32 dessa
233 832 179 34 alternativ
436 834 118 37 måste,
578 831 199 33 framhåller
800 830 384 43 departementschefen,
1209 830 136 42 hänsyn
1361 832 94 40 tagas
1472 829 71 33 dels
1558 829 52 33 till

113 886 274 33 önskvärdheten
410 896 43 23 av
477 889 50 29 att
549 885 197 33 biblioteket
769 884 108 33 under
899 884 74 32 icke
997 884 115 32 alltför
1134 883 190 43 begränsad
1347 883 49 32 tid
1418 884 68 32 kan
1502 883 109 33 hållas

113 939 205 43 tillgängligt
341 940 54 32 för
427 939 240 39 allmänheten,
701 938 70 33 dels
800 941 48 29 att
871 938 56 32 det
949 938 133 41 viktiga
1105 937 72 33 inre
1201 937 128 33 arbetet
1355 954 37 4 —
1418 937 78 33 med
1520 937 91 32 kata-

112 994 193 41 logisering,
329 993 324 42 bytesförbindelser
677 1004 28 21 o.
731 1003 25 21 8.
782 1003 30 22 v.
827 1009 43 4 —
887 993 57 30 må
966 992 120 31 kunna
1108 992 113 41 fortgå
1237 993 105 40 något
1365 992 37 31 så
1418 996 61 27 när
1495 994 114 29 ostört.

114 1047 89 33 Från
239 1047 98 33 dessa
371 1047 297 42 utgångspunkter
701 1046 63 32 har
790 1046 71 32 han
883 1045 117 32 funnit
1024 1044 53 42 sig
1098 1044 83 33 böra
1204 1044 109 33 uttala
1336 1044 52 32 sin
1412 1044 200 41 anslutning

113 1099 52 34 till
199 1100 57 33 det
290 1111 44 23 av
367 1099 249 43 lärarkollegiet
651 1099 192 42 framlagda
877 1098 179 33 alternativ
1091 1098 30 32 3.
1168 1097 118 42 Enligt
1317 1097 92 33 detta
1432 1097 180 34 alternativ

114 1152 110 35 skulle
246 1154 198 32 biblioteket
465 1154 121 32 kunna
609 1153 158 33 anställa:

159 1219 42 22 en
225 1218 188 22 amanuens
435 1207 12 32 i
472 1207 96 33 18:de
590 1206 206 42 lönegraden
819 1206 55 32 för
896 1205 255 33 icke-ordinarie
1173 1204 338 42 befattningshavare
1534 1205 79 32 med

115 1263 22 31 6
167 1262 156 32 timmars
356 1261 115 42 daglig
502 1260 229 42 tjänstgöring
761 1260 64 32 och
849 1260 99 39 3,940
970 1259 144 32 kronors
1138 1258 125 34 arvode
1280 1260 34 34 +
1333 1259 65 32 930
1421 1258 125 33 kronor
1569 1260 45 40 på

115 1316 112 42 grund
251 1326 44 22 av
319 1316 19 32 3
363 1315 239 42 ålderstillägg,

160 1381 43 22 en
226 1380 189 22 amanuens
438 1369 12 33 i
476 1369 96 33 16:de
595 1368 206 42 lönegraden
825 1368 54 32 för
901 1366 257 33 icke-ordinarie
1181 1366 337 42 befattningshavare
1534 1366 78 32 med

117 1424 20 32 5
160 1423 156 33 timmars
341 1423 114 41 daglig
479 1422 229 42 tjänstgöring
731 1422 64 32 och
819 1422 99 39 2,940
941 1421 142 31 kronors
1107 1420 136 39 arvode,

161 1488 43 22 en
228 1477 206 32 arbetskraft
457 1473 107 44 (extra
587 1472 201 44 amanuens)
812 1474 79 33 med
914 1475 52 38 3,5
992 1474 157 32 timmars
1173 1473 116 42 daglig
1304 1473 229 42 tjänstgöring
1549 1473 64 33 och

120 1532 96 38 1,500
240 1531 142 31 kronors
406 1529 135 38 arvode,

161 1595 43 21 en
226 1583 206 33 arbetskraft
454 1580 38 43 (e.
518 1593 29 22 o.
573 1578 254 44 kanslibiträde)
851 1580 78 33 med
954 1582 17 31 7
997 1580 155 32 timmars
1176 1580 116 42 daglig
1307 1580 228 41 tjänstgöring
1550 1580 64 32 och

118 1638 99 39 2,520
240 1637 142 32 kronors
406 1636 135 39 arvode,

162 1701 43 23 en
229 1690 205 33 arbetskraft
456 1691 54 32 för
533 1689 292 42 katalogiserings-
849 1688 64 33 och
936 1688 133 33 diverse
1092 1687 191 42 skrivhjälp
1307 1687 79 33 med
1408 1698 51 22 c:a
1474 1688 48 38 5,5
1541 1687 74 32 tim-

119 1756 90 21 mars
232 1744 117 42 daglig
371 1743 229 42 tjänstgöring
623 1743 63 33 och
712 1744 97 37 1,940
832 1743 142 32 kronors
998 1741 134 33 arvode.

163 1801 48 30 ett
232 1797 344 34 vaktmästarbiträde
599 1797 79 32 med
695 1798 19 30 6
730 1796 155 32 timmars
902 1795 116 42 daglig
1033 1794 230 42 tjänstgöring
1278 1794 63 33 och
1361 1795 96 38 1,500
1473 1794 142 32 kronors

119 1852 136 38 arvode,

165 1905 265 38 tamburvakter,
455 1903 226 33 tillsammans
707 1903 96 37 1,230
827 1902 132 32 kronor.

164 1958 65 32 Till
264 1957 159 42 samtliga
457 1957 150 32 arvoden
630 1954 108 43 (utom
760 1956 55 32 för
840 1956 97 38 1,000
960 1955 126 32 kronor
1108 1954 51 32 till
1183 1954 132 33 diverse
1338 1951 202 44 skrivhjälp)
1563 1953 52 32 be-

121 2012 123 32 räknas
268 2010 131 42 vanligt
423 2010 260 42 dyrtidstillägg.

165 2065 203 32 Biblioteket
392 2064 107 32 skulle
523 2064 119 32 kunna
664 2062 108 33 hållas
796 2064 101 40 öppet
920 2062 40 32 51
986 2061 139 32 timmar
1147 2071 60 31 per
1229 2060 107 32 vecka
1359 2059 108 33 under
1483 2060 133 32 vintern

122 2119 64 32 och
223 2119 40 31 18
299 2118 138 32 timmar
471 2128 60 31 per
558 2117 107 33 vecka
687 2116 108 32 under
819 2126 203 28 sommaren,
1047 2114 105 33 vilket
1175 2114 104 32 redan
1304 2114 56 31 det
1382 2113 164 32 innebure
1570 2116 47 29 ett

121 2172 182 40 väsentligt
341 2172 131 31 kortare
509 2170 261 42 öppethållande
809 2174 44 27 än
879 2168 67 34 vad
974 2179 74 22 som
1073 2173 78 36 äger
1174 2179 77 21 rum
1275 2167 57 33 vid
1356 2167 117 41 kungl.
1501 2166 116 33 biblio-

122 2226 91 32 teket
234 2225 64 32 och
322 2224 430 32 universitetsbiblioteken.
793 2222 254 41 Klassificering
1067 2222 62 31 och
1147 2221 263 41 katalogisering
1425 2231 42 22 av
1483 2220 133 38 böcker,

122 2278 146 43 löpande
292 2277 187 32 tidskrifter
503 2277 62 31 och
583 2280 84 35 acta,
685 2287 72 21 som
775 2275 142 33 erhölles
936 2285 123 30 genom
1078 2274 78 41 byte
1173 2274 63 32 och
1253 2275 111 30 såsom
1382 2275 114 39 gåvor,
1515 2273 103 32 borde

122 2333 117 32 kunna
272 2331 228 41 genomföras,
535 2330 167 40 varjämte
734 2329 65 31 den
833 2328 204 32 retroaktiva
1061 2327 287 40 klassificeringen
1372 2326 62 32 och
1458 2326 161 41 katalogi-

123 2387 156 40 geringen
315 2384 119 32 endast
469 2383 106 32 delvis
609 2384 107 30 måste
740 2381 113 33 ställas
878 2383 42 39 på
944 2380 195 32 framtiden.
1187 2379 240 32 Kostnaderna
1451 2380 53 31 för
1527 2379 92 32 detta

124 2439 179 33 alternativ
338 2437 87 32 hade
459 2436 182 32 beräknats
675 2435 51 32 till
763 2435 119 38 16,500
914 2434 135 38 kronor,
1081 2444 104 22 varav
1219 2434 120 37 15,350
1363 2432 124 32 kronor
1510 2432 108 32 skulle

125 2493 114 31 täckas
263 2492 77 31 från
364 2489 257 42 anslagsposten
644 2488 51 33 till
717 2488 149 33 arvoden
888 2487 49 32 till
953 2497 226 22 amanuenser
1195 2486 64 32 och
1275 2485 208 41 arbetshjälp
1500 2485 57 33 vid
1575 2485 44 32 bi-
