1918 2842
587 159 281 32 Statsutskottets
887 161 177 31 utlåtande
1082 162 51 30 Nr
1151 165 26 27 8.
1568 166 63 32 307

453 240 107 43 slaget
593 241 52 32 till
681 242 182 33 understöd
889 244 35 31 åt
957 243 428 41 folkbiblioteksväsendet,
1417 256 48 21 nu
1489 246 144 39 860,000

452 294 134 39 kronor,
611 295 79 32 med
715 296 121 39 20,000
860 296 125 33 kronor
1007 296 52 33 till
1083 298 145 39 880,000
1251 298 153 33 kronor.»

175 399 61 34 vid
267 401 106 41 punkt
406 404 67 30 284
506 399 156 45 (folkliga
695 402 237 33 musikskolan
967 403 12 32 i
1014 401 140 44 Arvika)
1190 415 43 22 av
1267 405 116 33 herrar
1409 405 80 42 Olof
1509 406 122 41 Olsson,

139 453 132 41 Walles,
309 455 132 32 Sandén
470 455 64 33 och
561 456 139 40 Norsell,
725 456 94 33 vilka
841 460 121 36 ansett,
987 460 49 30 att
1059 458 164 33 utskottet
1246 458 76 33 bort
1344 459 168 42 tillstyrka
1535 460 97 33 bifall

130 506 52 33 till
207 507 66 34 den
296 508 12 32 i
332 511 115 30 ämnet
470 509 122 33 väckta
615 510 186 33 motionen.

174 614 60 34 vid
253 616 107 41 punkt
382 619 67 30 288
472 613 302 46 (understödjande
798 628 42 23 av
863 618 197 41 gymnastik
1084 619 65 32 och
1171 619 105 32 idrott
1290 619 107 41 jämte
1412 621 85 32 två
1490 609 21 55 i
1514 624 117 29 ämnet

130 668 124 33 väckta
286 667 177 44 motioner)
495 681 43 22 av
565 670 115 33 herrar
703 671 183 41 Bergqvist,
915 671 81 42 Olof
1016 672 122 39 Olsson,
1164 672 150 40 Lundell,
1342 674 126 39 Thelin,
1493 675 136 32 Nilsson

129 721 12 32 i
175 721 146 43 Bonarp,
355 723 180 41 Bengtsson
562 724 11 32 i
596 724 131 42 Norup,
752 725 177 41 Holmgren
953 725 63 33 och
1042 726 179 39 Sandwall,
1246 726 93 33 vilka
1361 730 121 37 ansett,
1508 730 49 30 att
1580 731 51 29 ut-

129 775 142 33 skottets
295 776 175 33 utlåtande
493 777 63 32 och
580 777 204 33 hemställan
808 778 76 33 bort
907 778 91 33 hava
1020 779 155 41 följande
1199 779 141 42 lydelse:

178 829 192 33 >Utskottet
393 841 98 22 anser
515 830 147 43 befogat,
687 835 49 29 att
760 831 153 33 Svenska
936 833 384 41 gymnastikförbundet
1342 834 143 33 erhåller
1509 846 41 21 en
1573 835 58 33 ök-

128 882 87 42 ning
248 893 44 23 av
326 884 58 32 sitt
418 884 195 40 understöd,
649 886 43 41 på
728 885 58 33 det
819 889 49 29 att
902 886 201 33 förbundets
1127 887 181 42 gagneliga
1331 888 218 33 verksamhet
1572 890 58 31 må

128 936 121 33 kunna
280 937 188 33 utsträckas
500 938 51 32 till
583 949 42 21 en
658 939 117 33 vidare
807 939 91 32 krets
930 950 44 22 av
999 941 73 31 vårt
1095 940 84 33 folk.
1227 940 133 33 Härvid
1382 941 61 33 vill
1466 942 164 32 utskottet

128 989 187 33 emellertid
339 991 224 42 uttryckligen
588 992 194 40 framhålla,
807 996 49 29 att
879 993 143 33 berörda
1045 994 131 42 ökning
1198 994 74 32 icke
1295 999 38 28 är
1355 995 127 33 avsedd
1505 995 50 32 till
1574 995 55 33 be-

128 1043 174 33 stridande
326 1055 42 23 av
392 1045 150 32 kontors-
565 1046 65 32 och
653 1046 106 32 andra
783 1046 162 33 liknande
969 1047 475 34 administrationskostnader
1466 1052 84 29 utan
1574 1049 55 32 till

127 1096 196 42 främjande
347 1109 43 22 av
412 1098 57 33 det
492 1099 336 42 propagandaarbete
851 1101 55 32 för
928 1101 242 41 gymnastiken
1194 1113 44 21 m.
1264 1113 57 28 m.,
1345 1113 118 22 varom
1479 1103 12 31 i
1508 1103 120 32 motio-

127 1161 108 22 nerna
266 1151 95 33 talas.
409 1152 15 32 I
457 1154 96 40 fråga
584 1164 55 21 om
665 1154 191 42 ökningens
879 1154 124 42 belopp
1027 1165 99 22 anser
1149 1155 53 41 sig
1225 1156 162 32 utskottet
1409 1156 75 33 icke
1507 1157 121 32 kunna

126 1204 127 33 föreslå
280 1205 104 42 högre
406 1216 138 22 summa
566 1211 44 28 än
636 1208 121 38 10,000
781 1208 135 39 kronor,
941 1207 98 33 alltså
1062 1208 132 33 hälften
1217 1219 44 23 av
1284 1209 66 32 vad
1375 1209 252 33 motionärerna

125 1257 190 42 ifrågasatt.
363 1259 213 33 Förbundets
608 1261 185 32 understöd
827 1261 108 33 skulle
968 1262 200 41 härigenom
1200 1262 140 33 komma
1363 1266 49 29 att
1435 1265 117 40 uppgå
1574 1263 51 33 till

127 1312 124 38 65,000
274 1313 125 32 kronor
421 1314 74 39 och,
520 1314 44 32 då
587 1315 165 33 utskottet
772 1315 10 32 i
799 1315 112 42 övrigt
925 1316 75 32 icke
1016 1316 61 32 har
1093 1318 105 40 något
1214 1320 49 29 att
1281 1317 110 32 erinra
1406 1321 73 29 mot
1495 1318 129 41 Kungl.

126 1365 117 41 Maj:ts
277 1366 138 43 förslag,
451 1367 76 33 hela
561 1368 155 42 anslaget
747 1369 50 32 till
832 1369 290 42 understödjande
1148 1381 43 22 av
1214 1371 198 40 gymnastik
1435 1371 64 32 och
1521 1371 107 33 idrott

126 1418 52 32 till
204 1420 143 38 130,000
370 1421 134 32 kronor.

172 1472 118 33 Under
313 1473 213 43 åberopande
549 1485 44 22 av
616 1475 68 33 vad
708 1475 144 33 sålunda
875 1477 142 38 anförts,
1041 1478 55 30 får
1119 1477 164 33 utskottet
1304 1477 190 40 hemställa,

491 1531 50 29 att
572 1528 183 42 riksdagen
787 1530 66 38 må,
887 1529 10 32 i
926 1529 188 42 anledning
1136 1541 44 22 av
1204 1530 128 42 Kungl.
1357 1531 116 41 Maj:ts
1496 1531 129 42 förslag

447 1581 63 33 och
542 1581 118 33 herrar
691 1582 141 32 Tamms
864 1583 65 32 och
962 1583 217 42 Sandegårds
1214 1587 89 29 samt
1337 1584 151 33 Lauréns
1524 1595 101 22 ovan-

446 1635 153 32 nämnda
631 1635 168 33 motioner
830 1633 41 44 (I:
886 1637 41 31 37
953 1636 63 33 och
1041 1634 127 44 II:55),
1192 1637 51 32 till
1266 1637 290 42 understödjande
1581 1649 44 22 av

445 1689 198 40 gymnastik
676 1689 64 32 och
772 1689 104 33 idrott
908 1690 120 32 anvisa
1060 1691 55 32 för
1138 1690 199 43 budgetåret
1363 1692 189 39 1931/1932
1577 1694 48 30 ett

447 1745 95 29 extra
573 1742 120 42 anslag
725 1754 43 22 av
794 1744 142 38 130,000
960 1744 125 32 kronor
1108 1744 105 33 därav
1237 1744 51 32 till
1311 1745 146 32 svenska
1479 1756 146 31 gymna-

445 1795 255 33 stikförbundet
722 1797 123 39 65,000
867 1797 136 39 kronor,
1027 1800 49 29 att
1099 1800 83 40 utgå
1205 1800 45 40 på
1273 1798 41 32 de
1337 1798 132 40 villkor,
1491 1798 131 43 Kungl.

446 1848 99 42 Maj:t
567 1849 69 32 kan
660 1850 95 32 finna
778 1850 72 32 skäl
875 1850 219 33 bestämma.»

169 1953 59 33 vid
257 1955 105 40 punkt
393 1958 64 29 311
492 1952 164 45 (anslaget
678 1956 52 32 till
753 1956 189 33 tidskrifter
965 1957 63 32 och
1051 1957 95 32 lärda
1169 1956 94 42 verk)
1286 1968 43 22 av
1352 1958 77 32 herr
1451 1958 171 33 Anderson

123 2007 11 31 i
169 2006 160 40 Råstock,
352 2007 115 33 vilken
491 2012 119 36 ansett,
635 2012 49 29 att
707 2010 165 33 utskottet
894 2009 77 33 bort
994 2010 169 42 tillstyrka
1186 2010 98 33 bifall
1307 2011 51 32 till
1381 2011 66 33 den
1470 2012 12 31 i
1506 2015 116 29 ämnet

123 2061 124 32 väckta
270 2061 182 33 motionen.

167 2167 59 32 vid
246 2169 106 40 punkt
375 2171 66 30 317
464 2165 148 45 (August
635 2169 143 33 Fredins
802 2170 82 32 verk
912 2169 316 43 »Gotlandstoner»)
1252 2182 44 22 av
1309 2171 78 33 herr
1406 2172 80 41 Olof
1498 2172 122 40 Olsson,

122 2219 115 34 vilken
274 2224 119 36 ansett,
426 2226 50 28 att
498 2223 164 32 utskottet
684 2222 77 33 bort
783 2223 169 42 tillstyrka
976 2223 96 33 bifall
1095 2224 52 32 till
1170 2224 42 33 de
1242 2225 4 31 i
1270 2228 114 29 ämnet
1407 2225 122 32 väckta
1553 2236 68 21 mo-

122 2272 164 33 tionerna.
