1910 2848
566 164 280 32 Statsutskottets
865 161 178 31 utlåtande
1062 160 50 30 Nr
1131 163 24 27 8.
1543 157 63 32 135

112 250 160 33 skrivelse
296 249 49 32 till
369 247 127 42 Kungl.
523 247 98 40 Maj:t
644 246 65 32 den
734 246 42 31 30
800 244 136 41 augusti
955 243 94 32 1930.
1082 242 16 31 I
1114 241 113 32 denna
1243 238 161 33 skrivelse
1419 236 187 34 behandlas

113 304 70 33 dels
207 304 65 32 den
296 302 147 41 höjning
466 312 42 21 av
532 299 260 42 ifrågavarande
816 295 352 40 reservationsanslag,
1194 305 72 21 som
1292 292 167 33 erfordras
1484 293 53 30 för
1560 291 47 31 in-

113 358 154 32 rättande
290 367 42 22 av
356 366 68 31 nya
448 355 140 32 rektors-
613 353 62 32 och
699 349 439 41 ämneslärarbefattningar
1162 350 89 30 samt
1274 347 53 31 för
1350 344 191 34 beredande
1566 354 41 21 av

113 412 149 33 arvoden
289 412 33 30 åt
345 410 105 31 första
474 407 198 38 lärarinnor,
696 404 303 42 tillsyningslärare
1023 402 62 32 och
1109 400 179 42 kvinnliga
1311 398 217 41 sakkunniga
1551 397 57 32 vid

113 466 90 32 vissa
226 463 165 39 läroverk,
416 462 70 32 dels
511 461 62 32 ock
597 460 65 32 den
686 458 277 42 anslagsökning,
988 467 74 21 som
1084 455 153 41 betingas
1254 464 43 22 av
1314 452 216 41 ombildning
1546 450 63 33 och

113 517 238 43 nyinrättande
375 527 42 21 av
442 512 473 44 övningslärarbefattningar.

159 573 75 31 Den
269 571 54 32 del
358 581 42 21 av
436 567 338 41 skolöverstyrelsens
809 564 172 39 skrivelse,
1011 574 72 22 som
1108 561 189 34 avhandlar
1316 561 122 40 frågan
1462 570 57 21 om
1542 568 69 31 nya

115 626 139 32 rektors-
291 625 62 32 och
388 621 439 40 ämneslärarbefattningar
859 630 43 21 m.
934 629 58 28 m.,
1016 617 115 40 börjar
1154 615 79 33 med
1257 626 42 21 en
1323 612 211 43 redogörelse
1558 612 53 31 för

115 679 127 33 antalet
265 678 115 41 dylika
403 676 232 41 befattningar
658 674 108 32 under
782 673 209 41 budgetåren
1011 669 189 35 1929/1930
1218 669 63 32 och
1300 665 199 43 1930/1931.
1534 665 77 33 Vad

116 733 160 33 beträffar
298 730 235 34 lärarbehovet
556 728 107 33 under
687 727 199 41 budgetåret
903 723 200 42 1931/1932,
1122 723 128 32 erinrar
1266 720 245 42 överstyrelsen
1528 720 85 31 först

116 798 57 21 om
196 786 143 41 tidigare
361 783 229 41 beräkningar
613 782 104 32 därav
741 783 89 30 samt
852 779 225 33 underkastar
1100 777 148 32 därefter
1270 776 120 40 frågan
1409 785 42 21 en
1466 772 147 41 förnyad

116 840 212 42 granskning
361 840 45 39 på
439 836 169 43 grundval
641 846 41 21 av
706 834 222 41 utredningar
953 831 142 33 rörande
1120 830 70 32 dels
1215 829 66 33 den
1305 839 24 22 s8.
1356 828 31 32 k.
1413 826 200 33 ämneslära-

117 895 231 39 rinnefrågan,
373 892 71 32 dels
468 890 127 33 antalet
618 888 314 41 klassavdelningar
956 886 58 32 vid
1038 883 234 42 förstatligade
1296 880 224 35 kommunala
1535 879 79 33 mel-

117 947 181 33 lanskolor.

163 999 328 42 Skolöverstyrelsen
524 998 137 37 erinrar,
690 1000 48 28 att
762 995 126 33 antalet
911 993 168 33 ordinarie
1103 992 140 32 rektors-
1268 990 63 32 och
1355 983 260 50 ämneslärarbe-

118 1055 191 41 fattningar
340 1053 60 32 vid
428 1052 41 32 de
493 1051 174 32 allmänna
689 1049 209 37 läroverken,
923 1049 55 31 för
1001 1046 93 33 vilka
1117 1045 119 41 anslag
1260 1054 60 22 var
1343 1042 141 41 beviljat
1508 1040 108 33 under

120 1110 186 39 budgetåret
340 1104 203 42 1929/1930,
578 1103 157 42 utgjorde
766 1103 106 38 1,430,
896 1111 106 23 varav
1028 1100 64 31 110
1116 1099 150 37 rektors-,
1291 1097 65 32 316
1380 1096 146 37 lektors-,
1553 1095 61 31 857

120 1161 174 42 adjunkts-
330 1160 63 32 och
430 1160 62 30 147
528 1154 530 41 ämneslärarinnebefattningar.
1106 1153 53 31 Av
1183 1151 98 32 dessa
1304 1160 81 22 voro
1410 1149 42 32 99
1476 1148 143 40 tjänster

120 1215 151 33 avsedda
293 1217 49 29 att
365 1213 190 41 nyinrättas
579 1211 108 32 under
710 1209 105 42 sagda
838 1208 176 41 budgetår,
1032 1206 173 41 nämligen
1222 1206 19 31 8
1259 1203 275 41 rektorstjänster
1549 1198 70 43 (vid

121 1267 233 42 förstatligade
388 1265 224 34 kommunala
645 1259 260 43 mellanskolor),
933 1263 38 30 11
998 1259 277 41 lektorstjänster,
1301 1258 39 31 31
1367 1251 251 50 adjunktstjän-

121 1326 67 29 ster
211 1320 116 43 (därav
353 1322 41 31 15
418 1320 58 33 vid
501 1319 41 32 de
566 1318 91 33 äldre
681 1317 198 33 läroverken
903 1315 64 32 och
994 1316 40 31 16
1058 1313 57 33 vid
1141 1310 232 42 förstatligade
1396 1307 223 35 kommunala

122 1373 251 42 mellanskolor)
408 1377 89 29 samt
531 1374 43 31 49
610 1369 433 41 ämneslärarinnetjänster
1070 1365 116 43 (därav
1210 1364 189 43 respektive
1423 1364 41 32 32
1490 1362 63 33 och
1579 1362 38 31 17

122 1430 58 33 vid
204 1428 235 42 nyssnämnda
463 1426 88 33 båda
575 1425 72 41 slag
671 1436 42 21 av
737 1421 132 43 skolor).
918 1421 166 41 Samtliga
1108 1420 98 32 dessa
1229 1419 144 41 tjänster
1395 1417 99 32 blevo
1519 1416 101 32 också

122 1487 105 38 tagna
261 1483 10 31 i
307 1481 157 42 anspråk.
513 1479 137 33 Antalet
684 1478 143 40 tjänster
861 1475 158 42 utgjorde
1057 1475 39 31 19
1132 1473 134 32 mindre
1297 1477 44 27 än
1364 1471 67 32 vad
1457 1470 84 32 1927
1567 1470 53 30 års

124 1537 138 40 riksdag
291 1535 174 38 beräknat,
490 1533 104 32 vilket
618 1530 213 34 förhållande
855 1528 212 42 väsentligen
1090 1526 147 33 berodde
1261 1527 44 40 på
1329 1524 191 42 uppskovet
1543 1521 79 33 med

124 1589 192 33 inrättande
340 1599 42 21 av
407 1588 42 31 de
472 1585 175 34 beslutade
670 1583 287 34 flickläroverken.

171 1644 23 31 I
213 1644 185 39 budgetåret
417 1639 191 37 1930/1931
626 1641 56 30 års
697 1641 65 30 stat
778 1637 167 32 beräknar
954 1632 326 43 skolöverstyrelsen
1296 1631 153 41 följande
1465 1630 155 41 tjänster:

128 1698 62 31 118
229 1697 149 38 rektors,
412 1696 65 31 339
515 1694 147 37 lektors-,
694 1693 65 31 900
787 1690 177 42 adjunkts-
997 1688 63 33 och
1096 1689 62 30 174
1191 1683 433 41 ämneslärarinnetjänster

126 1751 80 32 eller
237 1750 143 41 tillhopa
407 1749 90 38 1,531
526 1747 242 40 befattningar.
817 1745 74 32 Den
920 1742 153 42 verkliga
1100 1741 173 41 ökningen
1298 1740 10 31 i
1333 1738 127 33 antalet
1482 1738 142 40 tjänster

126 1805 144 40 jämfört
292 1803 78 32 med
395 1804 152 30 närmast
570 1799 203 42 föregående
795 1798 168 41 budgetår
986 1795 108 34 skulle
1119 1794 144 33 sålunda
1286 1793 79 32 med
1388 1792 45 32 all
1456 1790 168 33 sannolik-

127 1859 57 31 het
208 1858 139 31 komma
370 1859 49 29 att
442 1855 123 32 liksom
590 1851 280 43 nästföregående
893 1850 168 41 budgetår
1083 1852 122 38 utgöra
1228 1848 52 38 99,
1306 1856 104 23 varav
1432 1846 19 31 8
1473 1845 150 36 rektors-,

128 1913 42 31 23
194 1912 147 37 lektors-,
364 1910 43 31 43
432 1908 176 41 adjunkts-
632 1907 63 32 och
719 1908 42 30 25
785 1901 531 41 ämneslärarinnebefattningar.

172 1965 16 31 I
219 1966 97 39 fråga
344 1974 57 21 om
430 1962 146 32 behovet
599 1971 42 21 av
665 1959 168 33 ordinarie
857 1958 141 32 rektors-
1022 1956 63 32 och
1109 1952 441 40 ämneslärarbefattningar
1572 1951 54 31 för

128 2018 200 41 budgetåret
363 2015 189 37 1931/1932
584 2014 127 32 erinrar
738 2010 331 41 skolöverstyrelsen,
1094 2011 49 29 att
1166 2009 54 30 för
1243 2006 106 42 sagda
1371 2005 49 32 tid
1444 2005 182 32 återfinnas

129 2073 9 30 i
166 2072 83 32 1927
276 2072 52 30 års
352 2069 155 41 riksdags
532 2066 160 34 skrivelse
716 2066 80 41 inga
819 2064 236 40 beräkningar,
1075 2073 79 21 men
1171 2064 49 29 att
1237 2059 180 41 riksdagen
1434 2057 192 33 beräknade

129 2127 53 31 det
214 2124 134 40 slutliga
378 2123 124 32 antalet
530 2121 167 33 ordinarie
720 2119 219 33 ämneslärare
963 2118 85 31 efter
1071 2115 79 33 fullt
1173 2113 203 42 genomförd
1400 2110 227 42 omorganisa-

130 2179 72 31 tion
226 2177 51 32 till
303 2178 106 38 1,740,
435 2186 104 22 varav
566 2175 61 31 135
649 2174 150 37 rektors-,
817 2173 62 31 367
898 2171 147 37 lektors-,
1063 2170 64 31 918
1145 2168 174 41 adjunkts-
1337 2167 61 31 och
1417 2167 65 31 320
1499 2169 128 27 ämnes-

130 2230 322 41 lärarinnetjänster.
486 2228 66 32 Till
575 2227 87 40 följd
687 2238 42 20 av
756 2227 83 31 1928
864 2227 53 29 års
942 2223 153 41 riksdags
1120 2222 110 32 beslut
1254 2232 55 20 om
1326 2218 207 43 provisorisk
1550 2217 77 32 änd-

133 2286 75 40 ring
235 2295 42 21 av
302 2283 242 41 proportionen
568 2280 124 32 mellan
718 2279 150 40 manliga
891 2278 63 31 och
980 2275 176 41 kvinnliga
1179 2274 218 32 lärarkrafter
1420 2271 88 32 hade
1532 2270 96 40 emel-

133 2337 96 34 lertid
264 2348 41 20 en
338 2334 235 41 förskjutning
605 2333 117 31 inträtt
750 2332 10 31 i
790 2331 55 32 det
868 2329 194 33 beräknade
1086 2327 127 32 antalet
1236 2325 307 41 adjunktstjänster
1567 2323 62 32 och

133 2388 442 40 imneslärarinnetjänster,
600 2386 197 40 varigenom
821 2384 98 32 dessa
935 2382 115 32 kunde
1067 2382 93 37 ökas,
1177 2379 189 41 respektive
1383 2377 151 32 minskas
1553 2375 76 33 med

135 2448 53 36 84,
213 2446 37 31 så
273 2446 48 29 att
345 2442 57 32 det
425 2440 137 41 slutliga
586 2438 126 33 antalet
736 2437 308 41 adjunktstjänster
1061 2435 89 40 finge
1167 2443 98 21 anses
1283 2433 89 30 hava
1388 2442 43 21 av
1448 2429 181 41 riksdagen

135 2498 180 32 beräknats
338 2495 50 32 till
412 2495 100 40 högst
539 2494 94 37 1,002
658 2492 62 31 och
744 2488 479 40 ämneslärarinnetjänsterna
1246 2485 50 32 till
1320 2484 105 32 minst
1449 2484 73 32 236.
