1910 2848
561 181 280 32 Statsutskottets
861 181 177 30 utlåtande
1057 180 50 31 Nr
1126 186 24 24 8.
1544 182 59 32 131

112 264 79 33 eller
213 265 12 32 i
249 265 94 41 varje
377 264 62 32 fall
472 269 57 27 äro
565 263 131 42 ägnade
720 266 49 29 att
792 263 108 32 rubba
923 262 255 42 grundvalarna
1203 263 54 31 för
1280 262 56 32 det
1359 272 42 22 av
1425 262 181 41 riksdagen

111 319 143 32 sålunda
278 318 173 33 beslutade
475 317 244 42 skolsystemet.
769 317 58 31 Att
851 318 37 30 så
911 318 108 30 måste
1042 326 98 22 anses
1159 326 79 22 vara
1254 315 95 33 fallet
1364 315 95 32 torde
1474 316 134 41 framgå

112 383 42 22 av
179 372 162 42 följande.

157 435 99 33 Först
290 435 64 32 och
388 435 123 31 främst
546 435 56 31 må
637 433 150 38 beaktas,
823 436 49 29 att
904 432 119 32 hittills
1048 433 111 31 såsom
1184 442 42 22 en
1250 430 89 43 regel
1363 431 92 42 gällt,
1480 434 49 29 att
1553 431 56 32 det

112 489 192 32 ankommit
328 490 43 40 på
394 488 181 41 riksdagen
599 490 49 30 att
671 486 167 33 fastställa
861 486 176 32 skolornas
1061 485 230 42 organisation
1315 486 44 41 på
1383 485 41 32 de
1448 484 90 33 olika
1561 495 47 22 or-

113 546 104 30 terna.
267 543 78 32 Men
380 542 106 41 enligt
520 541 269 32 motionärernas
824 540 128 41 förslag
987 539 108 33 skulle
1119 540 11 32 i
1154 539 62 32 här
1240 538 149 33 avsedda
1411 538 62 33 fall
1497 537 113 34 denna

113 596 206 43 befogenhet
342 597 194 40 överflyttas
560 597 43 40 på
627 594 128 42 Kungl.
782 594 106 41 Maj:t.
937 594 53 32 En
1015 593 105 33 sådan
1145 593 194 42 anordning
1362 593 68 32 kan
1447 592 163 33 utskottet

113 650 74 33 icke
210 651 94 31 finna
326 650 151 41 lämplig.
525 649 126 33 Vidare
676 648 109 33 skulle
809 648 66 32 den
899 659 43 21 av
967 647 180 42 riksdagen
1171 649 37 30 år
1234 648 83 31 1927
1342 646 156 33 hävdade
1522 644 88 44 prin-

114 704 97 42 cipen
248 715 55 21 om
337 704 70 31 lika
439 702 431 42 utbildningsmöjligheter
897 702 54 32 för
974 711 116 31 gossar
1113 701 64 32 och
1201 701 117 32 flickor
1341 701 11 31 i
1375 699 152 33 nämnda
1549 699 62 32 fall

115 758 188 41 övergivas,
336 758 12 31 i
372 757 55 32 det
450 760 49 29 att
522 757 11 31 i
557 756 41 32 de
622 756 122 38 städer,
769 766 56 21 om
850 755 92 33 vilka
965 755 62 31 här
1050 759 37 27 är
1109 755 108 41 fråga,
1242 753 205 33 studietiden
1471 752 51 33 till
1545 754 66 31 stu-

115 811 226 33 dentexamen
376 811 138 32 komme
546 813 48 29 att
628 809 175 41 förlängas
827 808 79 33 med
930 811 47 30 ett
1000 810 45 30 år.
1093 808 77 33 Vad
1195 807 239 42 utbildningen
1458 807 50 32 till
1532 807 79 32 real-

115 876 144 22 examen
295 866 104 40 angår
433 863 108 33 skulle
576 863 262 42 olägenheterna
872 863 11 31 i
918 862 91 32 detta
1042 861 193 33 hänseende
1257 861 93 33 bliva
1374 872 42 22 av
1440 866 43 27 än
1507 863 105 30 större

116 918 172 33 räckvidd.
335 918 243 41 Ihågkommas
611 917 61 32 bör
702 921 97 34 även,
823 919 49 29 att
895 916 103 41 ingen
1023 915 179 42 möjlighet
1227 915 107 32 finnes
1357 917 49 30 att
1429 914 118 42 tvinga
1570 925 42 21 en

116 973 168 32 kommun
316 975 49 29 att
397 974 159 39 upprätta
585 970 376 42 parallellavdelningar
984 970 11 31 i
1019 969 202 32 kommunal
1243 968 185 39 flickskola,
1454 969 123 38 varför,
1601 967 12 32 i

116 1026 162 32 händelse
302 1037 42 21 av
368 1025 173 42 platsbrist
563 1025 59 32 vid
646 1024 67 32 den
738 1023 223 33 kommunala
984 1023 210 38 flickskolan,
1219 1022 57 32 det
1300 1021 108 33 skulle
1432 1022 118 31 kunna
1565 1021 48 32 in-

117 1080 110 38 träffa,
264 1082 49 29 att
347 1078 157 42 kvinnlig
538 1078 163 41 ungdom,
738 1088 73 21 som
836 1076 151 33 önskade
1010 1076 140 32 bedriva
1173 1076 129 32 studier
1325 1076 54 32 för
1402 1075 211 41 avläggande

117 1144 43 22 av
184 1133 79 33 real-
287 1133 79 32 eller
390 1132 290 38 studentexamen,
706 1132 108 31 måste
837 1130 165 33 uteslutas
1025 1131 77 31 från
1126 1129 180 42 möjlighet
1328 1129 124 32 härtill.

163 1196 166 41 Slutligen
364 1195 60 32 vill
459 1195 161 32 utskottet
652 1193 194 39 framhålla,
882 1196 49 29 att
966 1193 267 32 motionärernas
1256 1191 129 42 förslag
1407 1190 142 33 innebär
1572 1200 42 23 en

118 1249 350 41 sammanblandning
491 1260 42 21 av
557 1248 65 32 den
646 1247 225 33 kommunala
893 1246 218 33 flickskolans
1136 1246 64 32 och
1225 1246 41 32 de
1282 1245 175 32 allmänna
1472 1245 143 32 lärover-

118 1304 85 32 kens
238 1302 192 40 studiemål,
466 1313 73 22 som
564 1303 68 31 står
655 1302 11 31 i
690 1301 83 32 strid
797 1304 72 29 mot
892 1300 200 42 riksdagens
1116 1311 89 21 ovan
1230 1299 188 42 åberopade
1442 1298 174 33 uttalande

120 1368 41 22 av
186 1360 37 30 år
249 1358 94 32 1928.
391 1348 303 49 Överhuvudtaget
717 1355 95 32 torde
836 1355 56 32 det
915 1365 82 22 vara
1021 1354 161 32 önskvärt
1206 1357 49 29 att
1277 1353 74 33 icke
1375 1356 90 29 störa
1480 1352 137 33 skolans

119 1411 218 33 verksamhet
359 1410 78 32 med
462 1411 72 31 ofta
558 1408 279 34 återkommande
861 1408 212 41 rubbningar
1096 1418 43 22 av
1164 1407 41 33 de
1228 1411 88 38 yttre
1332 1407 182 32 formerna.
1541 1405 75 33 Vad

120 1465 66 32 den
215 1465 104 41 högre
343 1463 119 33 skolan
486 1474 48 21 nu
557 1462 209 33 framförallt
789 1473 100 30 synes
913 1461 143 39 behöva,
1082 1466 37 27 är
1142 1464 49 29 att
1215 1460 113 33 ostörd
1345 1460 117 32 kunna
1478 1461 36 30 få
1530 1464 89 37 ägna

120 1519 53 41 sig
203 1520 34 30 åt
260 1518 66 32 den
350 1517 147 41 uppgift,
523 1527 72 21 som
620 1517 54 31 för
698 1515 44 33 all
767 1515 293 32 skolverksamhet
1083 1514 87 33 dock
1195 1520 37 26 är
1255 1514 67 32 den
1345 1514 191 40 viktigaste,
1561 1512 58 32 det

120 1572 73 32 inre
217 1571 143 33 arbetets
384 1571 186 32 förkovran
594 1570 63 32 och
682 1569 205 41 utveckling.

166 1626 49 31 På
238 1636 88 21 ovan
350 1624 145 32 anförda
517 1623 149 42 grunder
689 1623 177 41 avstyrker
890 1622 163 32 utskottet
1076 1622 269 31 motionärernas
1369 1620 136 41 förslag.

168 1697 172 33 Utskottet
363 1697 54 30 får
440 1695 97 32 alltså
560 1694 192 39 hemställa,

489 1752 48 29 att
569 1748 183 41 riksdagen
784 1749 105 30 måtte
922 1747 95 32 avslå
1048 1746 116 32 herrar
1196 1746 139 32 Thelins
1360 1746 62 32 och
1446 1746 141 41 Björcks
1612 1745 10 32 i

444 1802 229 33 Kristianstad
691 1813 45 20 m.
754 1802 32 31 fl.
805 1800 242 33 ovannämnda
1064 1800 168 32 motioner
1248 1797 40 44 (1:
1307 1800 60 32 106
1389 1800 63 32 och
1473 1799 46 32 II:
1538 1796 83 44 105).

171 1890 107 42 164:0)
303 1892 126 42 Kungl.
456 1892 98 40 Maj:t
577 1892 62 31 har
662 1889 123 43 (punkt
811 1888 73 42 161)
909 1889 175 41 föreslagit
1107 1889 182 41 riksdagen
1314 1892 48 29 att
1386 1888 168 41 medgiva,
1574 1892 51 28 att
1658 1897 180 33 Utvidgning

124 1946 265 33 samrealskolan
424 1946 11 31 i
471 1945 260 32 Kristinehamn
767 1945 57 30 må
858 1944 78 30 från
972 1942 63 32 och
1059 1942 78 32 med
1162 1942 247 32 höstterminen
1435 1943 83 30 1931
1544 1942 80 32 eller

124 2000 65 32 den
227 2010 116 21 senare
371 1998 171 41 tidpunkt,
567 2008 74 21 som
666 2008 42 20 av
732 1996 128 41 Kungl.
886 1996 100 40 Maj:t
1008 1995 216 39 bestämmes,
1249 1995 183 32 successivt
1455 1994 168 33 ombildas

126 2053 49 32 till
211 2055 47 30 ett
292 2053 103 40 högre
420 2050 229 33 samläroverk
673 2049 80 32 med
777 2049 165 41 fyraårigt
966 2048 93 32 latin-
1084 2048 64 32 och
1171 2048 139 41 treårigt
1333 2048 289 41 realgymnasium

125 2108 44 40 på
204 2108 37 30 så
276 2109 75 36 sätt,
387 2109 49 28 att
471 2105 107 31 under
607 2105 107 31 första
738 2105 69 30 året
831 2105 177 39 upprättas
1032 2102 106 31 första
1163 2102 119 41 ringen
1307 2112 42 22 av
1374 2101 56 33 det
1453 2101 171 42 fyraåriga

125 2160 95 32 latin-
256 2160 62 32 och
354 2159 55 32 det
444 2158 144 41 treåriga
621 2157 262 41 realgymnasiet
907 2156 63 32 och
995 2155 103 32 sedan
1122 2155 194 42 ytterligare
1340 2166 41 21 en
1406 2155 76 41 ring
1505 2166 59 30 per
1587 2157 37 30 år

126 2225 42 21 av
204 2213 141 32 vardera
380 2211 296 43 gymnasielinjen,
711 2210 50 32 till
785 2210 75 32 dess
884 2209 193 41 gymnasiet
1100 2214 37 26 är
1161 2209 9 31 i
1195 2209 51 31 sin
1273 2208 113 33 helhet
1410 2210 20 30 å
1454 2209 87 31 båda
1564 2208 59 32 lin-

125 2268 98 41 jerna
246 2265 229 41 färdigbildat.

172 2319 234 40 Utredningen
432 2318 179 31 återfinnes
635 2318 20 30 å
679 2316 61 32 sid.
766 2316 177 30 442—465
968 2315 9 30 i
1002 2314 374 41 statsrådsprotokollet.

173 2410 132 40 Frågan
342 2418 55 20 om
433 2417 41 20 en
511 2404 214 41 ombildning
761 2414 41 21 av
838 2402 262 33 samrealskolan
1130 2403 9 30 i
1164 2402 258 32 Kristinehamn
1448 2401 50 32 till
1521 2402 104 41 högre

128 2463 143 31 allmänt
294 2460 151 33 läroverk
471 2459 61 31 har
556 2458 107 32 under
687 2456 105 33 åratal
817 2456 86 32 varit
927 2455 142 32 föremål
1094 2456 53 31 för
1171 2458 45 29 ett
1240 2455 110 41 livligt
1373 2455 139 32 intresse
1532 2455 93 32 såväl

128 2516 77 31 från
242 2515 108 41 själva
385 2512 118 33 staden
539 2522 72 21 som
648 2512 74 30 från
747 2510 63 32 den
836 2508 205 42 omgivande
1065 2508 235 41 landsbygden
1326 2508 62 32 och
1412 2508 61 32 har
1495 2508 130 41 jämväl

129 2568 58 33 vid
211 2569 80 31 flera
315 2566 155 33 tillfällen
496 2564 215 33 underställts
736 2562 126 42 Kungl.
890 2562 114 41 Maj:ts
1029 2561 62 32 och
1116 2561 198 42 riksdagens
1339 2562 177 41 prövning.

1655 1941 37 18 av
1711 1932 132 27 samreal-

1685 1969 101 25 skolan
1805 1969 9 24 i

1680 2004 140 26 Kristine-

1642 2040 89 25 hamn
1751 2040 42 25 till
1814 2042 42 23 ett

1672 2076 89 31 högre
1780 2075 47 26 all-

1666 2113 80 23 mänt
1764 2111 69 25 läro-

1710 2147 79 26 verk.

1701 2188 96 43 [161.]
