1902 2844
566 170 278 31 Statsutskottets
864 169 177 30 utlåtande
1060 169 50 29 Nr
1128 172 26 27 8.
1565 169 40 31 67

114 254 125 42 ningen
265 255 128 41 åsyftar
416 264 42 22 en
482 253 135 33 formell
641 252 212 42 uppdelning
876 262 42 22 av
943 251 65 32 den
1033 250 214 33 anatomiska
1269 249 237 32 institutionen
1530 248 11 32 i
1565 259 42 21 en

113 308 192 33 anatomisk
329 308 62 32 och
415 318 42 22 en
480 307 200 41 histologisk
703 306 201 37 institution,
929 306 112 31 såsom
1066 304 95 32 fallet
1184 309 37 27 är
1249 304 5 31 i
1274 302 239 33 motsvarande
1529 302 80 32 hän-

114 362 121 33 seende
258 362 60 32 vid
341 361 196 33 karolinska
560 360 177 33 institutet.

158 443 182 38 Utskottet,
365 453 73 21 som
461 442 74 32 icke
559 441 62 32 har
644 442 103 40 något
770 443 49 29 att
843 439 110 33 erinra
975 441 73 30 mot
1070 437 128 42 Kungl.
1225 437 115 41 Maj:ts
1364 436 138 41 förslag,
1519 436 91 32 hem-

114 497 122 39 ställer,

479 552 49 29 att
552 549 181 41 riksdagen
757 550 57 30 må

479 601 31 43 a)
541 603 12 31 i
586 602 230 42 utgiftsstaten
848 602 54 32 för
934 600 233 32 universitetet
1198 599 10 32 i
1242 598 152 42 Uppsala
1422 598 30 41 ej
1479 597 132 32 mindre

435 656 109 33 under
576 657 25 32 I.
635 656 292 40 Avlöningsstater
959 655 55 31 för
1047 654 206 41 professorer
1280 652 62 32 och
1365 652 108 32 lärare
1496 662 45 21 m.
1566 651 44 39 fl.,

435 710 35 33 C.
496 710 257 41 Avlöningsstat
775 710 54 31 för
852 708 193 33 assistenter
1069 707 63 33 och
1148 716 226 23 amanuenser
1389 722 43 4 —
1449 705 79 32 med
1545 709 66 28 ute-

435 764 157 32 slutande
624 774 42 22 av
699 766 46 29 ett
778 773 42 22 av
853 762 41 32 de
917 762 110 31 under
1050 760 160 33 rubriken
1234 759 225 33 Anatomiska
1482 758 130 33 institu-

435 818 117 32 tionen
575 816 171 42 uppförda
769 814 362 34 amanuensarvodena
1154 815 20 30 å
1199 814 98 38 1,800
1313 811 300 34 kronor
1458 807 25 55 —
1503 811 110 34 under

435 871 118 32 rubrik
577 870 233 42 Histologiska
833 869 237 32 institutionen
1094 867 51 32 till
1169 866 125 33 arvode
1315 868 34 30 åt
1365 877 41 21 en
1423 876 189 22 amanuens

436 925 149 41 uppföra
609 927 46 29 ett
678 923 119 41 anslag
812 934 42 21 av
870 923 97 38 1,800
983 922 135 38 kronor,
1136 926 43 27 än
1196 926 87 27 även
1299 919 108 33 under
1422 919 43 32 II.
1485 919 128 41 Anslag

436 978 51 32 till
511 977 151 33 materiel
686 988 44 21 m.
756 988 44 21 m.
826 976 137 32 minska
986 975 57 32 det
1066 974 173 33 därstädes
1264 977 175 38 upptagna
1460 972 153 42 anslaget

436 1031 51 32 till
520 1031 214 32 anatomiska
765 1029 237 33 institutionen
1035 1029 77 31 från
1148 1029 120 35 11,100
1291 1027 125 32 kronor
1439 1026 51 32 till
1513 1026 100 39 5,550

437 1085 125 32 kronor
592 1090 161 27 ävensom
778 1087 151 38 upptaga
953 1086 47 29 ett
1023 1082 119 42 anslag
1165 1081 50 32 till
1238 1080 223 42 histologiska
1483 1080 130 31 institu-

436 1140 117 31 tionen
577 1141 19 30 å
620 1139 98 38 5,550
743 1138 133 38 kronor,

481 1199 34 42 b)
539 1201 141 38 besluta,
705 1203 48 29 att
776 1200 11 32 i
810 1199 267 42 personalstaten
1102 1199 53 31 för
1178 1197 231 33 universitetet
1438 1196 1 32 i
1461 1195 153 42 Uppsala

437 1255 110 32 under
563 1253 254 42 vetenskapliga
832 1252 230 33 institutioner
1078 1251 63 33 och
1156 1251 236 41 inrättningar,
1410 1249 204 32 tillhörande

438 1309 211 33 medicinska
681 1308 64 32 och
777 1307 183 32 filosofiska
991 1305 229 33 fakulteterna
1253 1304 95 33 skola
1374 1303 156 42 vidtagas
1554 1303 61 32 föl-

436 1362 105 42 jande
574 1361 196 42 ändringar:
805 1363 197 39 preparator
1038 1359 59 32 vid
1133 1358 215 33 anatomiska
1376 1356 237 33 institutionen

437 1416 124 32 ändras
585 1415 50 32 till
657 1418 196 38 preparator
875 1413 58 33 vid
957 1412 222 42 histologiska
1201 1411 247 38 institutionen,
1465 1410 150 32 tekniskt

437 1469 132 33 biträde
596 1468 58 33 vid
678 1468 214 32 anatomiska
914 1466 236 32 institutionen
1176 1465 122 32 ändras
1322 1464 50 32 till
1395 1463 151 33 tekniskt
1570 1463 45 32 bi-

438 1523 95 33 träde
571 1522 57 33 vid
668 1521 221 42 histologiska
923 1519 237 33 institutionen
1195 1519 63 31 och
1293 1518 229 32 vaktmästare
1556 1516 60 33 vid

439 1576 214 34 anatomiska
682 1575 236 32 institutionen
947 1573 124 32 ändras
1094 1572 50 32 till
1168 1572 229 32 vaktmästare
1420 1570 58 33 vid
1503 1573 112 29 anato-

439 1630 112 33 miska
574 1630 63 32 och
661 1628 222 41 histologiska
905 1626 285 33 institutionerna.

163 1744 87 44 91:0)
274 1745 128 42 Kungl.
427 1746 101 40 Maj:t
550 1745 63 32 har
636 1741 122 45 (punkt
781 1740 53 44 91)
858 1742 176 41 föreslagit
1058 1741 181 41 riksdagen
1264 1743 49 30 att

163 1800 71 33 dels
259 1801 20 31 å
301 1799 268 42 personalstaten
593 1799 53 31 för
669 1797 232 32 universitetet
932 1796 2 31 i
961 1795 152 42 Uppsala
1130 1795 108 32 under
1254 1793 256 42 vetenskapliga
1526 1793 92 32 insti-

119 1855 147 32 tutioner
290 1853 63 33 och
376 1853 237 40 inrättningar,
638 1850 203 33 tillhörande
865 1849 212 33 medicinska
1101 1849 63 32 och
1181 1848 184 32 filosofiska
1383 1847 235 39 fakulteterna,

119 1909 149 41 uppföra

163 1962 86 31 efter
273 1962 19 30 2
317 1960 229 32 vaktmästare
571 1958 57 33 vid
652 1957 192 41 zoologiska
867 1956 240 32 institutionen
1130 1957 14 30 1
1163 1955 231 32 vaktmästare
1410 1954 59 32 vid
1486 1954 132 41 paleon-

119 2014 168 42 tologiska
308 2013 236 32 institutionen
569 2011 78 33 med
671 2010 173 42 placering
866 2010 11 31 i
902 2009 205 41 lönegraden
1133 2008 69 38 BT,

164 2067 71 33 dels
268 2067 83 41 höja
384 2066 64 33 den
482 2066 11 31 i
527 2065 284 41 avlöningsstater
842 2064 54 31 för
928 2063 92 32 vissa
1053 2062 208 41 tjänstemän
1294 2061 63 32 och
1386 2060 151 41 betjänte
1560 2060 58 33 vid

120 2121 248 33 universitetets
403 2120 11 31 i
449 2119 154 42 Uppsala
638 2118 185 40 samlingar
858 2117 63 32 och
956 2116 228 40 inrättningar
1219 2115 108 32 under
1361 2114 256 42 vetenskapliga

120 2174 229 33 institutioner
382 2173 63 32 och
478 2172 237 41 inrättningar,
749 2170 203 32 tillhörande
981 2169 212 32 medicinska
1216 2168 63 32 och
1303 2168 183 32 filosofiska
1509 2167 109 32 fakul-

120 2231 139 34 teterna,
292 2226 172 42 uppförda
494 2225 256 42 anslagsposten
775 2224 50 31 till
849 2223 203 40 avlöningar
1075 2222 50 31 till
1150 2221 168 33 ordinarie
1342 2221 157 32 tekniska
1520 2220 98 32 biträ-

121 2283 65 32 den
219 2281 64 32 och
316 2280 50 32 till
399 2279 169 32 ordinarie
600 2278 229 32 vaktmästare
862 2277 63 31 och
959 2275 76 32 med
1070 2275 77 32 dem
1176 2274 197 41 jämförliga
1397 2274 221 41 befattnings-

120 2337 136 36 bavare,
281 2344 47 21 nu
352 2333 121 37 95,140
498 2332 134 37 kronor,
657 2330 78 32 med
760 2331 98 37 3,000
882 2329 126 31 kronor
1032 2328 50 31 till
1106 2329 121 37 98,140
1252 2328 133 37 kronor,

166 2388 70 33 dels
270 2387 63 32 ock
365 2385 78 32 med
476 2384 187 40 anledning
695 2384 104 31 härav
832 2382 82 40 höja
947 2382 56 31 det
1036 2381 168 31 ordinarie
1238 2380 298 40 förslagsanslaget
1567 2379 51 32 till

127 2441 148 43 Uppsala
307 2438 207 38 universitet,
550 2436 200 42 avlöningar
780 2435 50 32 till
858 2435 90 32 vissa
972 2434 206 41 tjänstemän
1204 2433 64 32 och
1293 2433 148 41 betjänte
1465 2432 58 33 vid
1548 2433 68 32 uni

1646 1750 202 26 Vaktmästare

1636 1785 48 26 vid
1705 1786 142 32 paleonto-

1637 1821 110 32 logiska
1770 1821 78 26 insti-

1677 1857 131 26 tutionen

1654 1892 48 26 vid
1722 1893 110 25 univer-

1693 1928 99 26 sitetet

1659 1963 9 25 i
1687 1963 137 32 Uppsala.

1706 2005 73 43 [91.]
