1906 2842
301 175 62 30 144
756 174 280 31 Statsutskottets
1056 177 176 29 utlåtande
1250 177 51 31 Nr
1320 181 24 27 8.

341 254 16 31 I
380 254 167 32 samband
572 254 140 32 härmed
737 255 62 32 har
822 256 164 33 utskottet
1010 257 49 32 till
1083 257 211 43 behandling
1317 260 149 32 förehaft
1494 263 58 30 två
1576 262 218 42 likalydande

296 307 175 39 motioner,
498 308 128 38 väckta,
652 308 65 32 den
742 319 63 22 ena
828 309 94 32 inom
946 311 107 31 första
1076 311 199 33 kammaren
1299 323 42 22 av
1364 314 116 31 herrar
1495 315 33 31 J.
1550 315 165 41 Bergman
1732 318 62 31 och

300 361 36 31 BR.
372 361 179 40 Wagnsson
575 359 35 42 (I:
638 360 53 42 86)
715 362 64 32 och
803 362 65 33 den
893 363 108 33 andra
1024 364 92 32 inom
1135 365 107 32 andra
1259 366 200 33 kammaren
1476 379 43 21 av
1535 368 77 32 herr
1632 369 34 33 O.
1685 370 108 33 Holm-

296 415 77 31 dahl
407 426 45 20 m.
489 415 31 31 ff.
558 412 52 42 (II:
650 413 84 42 125),
771 416 11 31 i
815 416 91 33 vilka
931 418 167 32 motioner
1120 419 199 40 hemställts,
1344 423 49 29 att
1416 421 181 42 riksdagen
1620 423 79 32 ville
1723 424 70 32 dels

294 468 82 40 höja
414 468 66 32 den
516 468 11 32 i
560 468 55 32 det
644 469 169 32 ordinarie
845 471 377 42 reservationsanslaget
1255 473 49 32 till
1333 473 41 33 de
1398 474 174 33 allmänna
1595 476 197 33 läroverken

294 521 169 41 ingående
496 524 133 38 posten:
666 522 149 32 arvoden
851 523 49 32 till
929 523 155 34 biträden
1109 527 19 30 å
1151 526 418 42 rektorsexpeditionerna,
1595 532 119 30 utöver
1736 530 57 33 det

294 574 10 31 i
330 574 126 41 Kungl.
495 574 114 42 Maj:ts
642 576 208 41 proposition
884 588 40 20 nr
950 579 16 30 1
993 578 107 32 under
1122 582 112 38 punkt
1260 581 63 31 164
1346 591 43 22 av
1412 581 139 32 åttonde
1576 582 215 34 huvudtiteln

294 627 193 42 föreslagna
510 628 157 41 beloppet
690 630 123 38 46,200
836 630 126 32 kronor
985 631 79 32 med
1089 632 121 38 23,000
1234 633 124 32 kronor
1375 634 63 32 och
1455 634 130 33 således
1601 636 54 32 för
1669 636 122 42 ifråga-

295 681 147 32 varande
477 681 160 32 ändamål
671 683 55 31 för
761 682 199 42 budgetåret
998 683 188 42 1931/1932
1220 686 118 33 anvisa
1374 690 46 29 ett
1456 687 122 43 belopp
1603 700 42 22 av
1669 691 122 37 69,200

294 734 133 39 kronor,
462 734 71 33 dels
567 735 61 32 ock
660 735 10 32 i
700 735 186 43 anledning
909 737 105 32 därav
1038 738 80 40 höja
1143 739 55 32 det
1222 739 168 34 ordinarie
1414 742 377 43 reservationsanslaget

293 787 49 31 till
366 787 40 32 de
431 787 174 33 allmänna
628 788 198 33 läroverken
850 790 77 32 med
952 792 239 32 motsvarande
1216 792 132 42 belopp.

335 841 216 33 Beträffande
575 842 40 32 de
639 853 43 21 av
707 843 249 33 motionärerna
980 844 50 32 till
1054 845 74 32 stöd
1153 846 53 31 för
1230 846 96 33 deras
1343 848 255 42 framställning
1614 849 175 42 andragna

291 894 116 33 skälen
430 895 55 31 får
509 895 162 32 utskottet
696 896 142 32 hänvisa
861 896 52 32 till
936 898 173 32 motionen
1133 899 81 32 I:86.

336 948 111 32 Sedan
480 950 126 40 många
638 951 36 29 år
702 949 140 32 tillbaka
880 950 91 32 hava
1003 951 58 32 vid
1091 952 88 32 vissa
1203 952 173 34 allmänna
1399 954 154 33 läroverk
1577 956 133 32 funnits
1734 968 55 21 an-

291 1001 120 32 ställda
432 1012 25 22 s.
478 1002 29 31 k.
534 1002 257 40 skrivbiträden,
816 1004 148 32 avsedda
988 1008 48 28 att
1059 1005 131 33 biträda
1214 1007 193 32 rektorerna
1430 1008 58 32 vid
1513 1008 169 43 åtskilliga
1705 1011 84 31 före-

291 1054 147 33 fallande
471 1055 163 42 göromål.
681 1056 129 42 Anslag
842 1058 53 31 för
927 1058 194 33 ändamålet
1154 1059 185 41 beviljades
1372 1062 53 31 för
1458 1062 107 32 första
1587 1064 134 40 gången
1745 1074 43 22 av

293 1109 84 31 1874
393 1110 53 30 års
464 1108 138 42 riksdag
618 1109 78 32 med
720 1113 47 28 ett
790 1110 121 42 belopp
936 1122 43 21 av
1006 1112 118 37 10,000
1148 1113 126 32 kronor
1290 1114 63 32 och
1369 1125 61 21 var
1445 1115 78 32 från
1543 1115 120 41 början
1680 1119 108 30 avsett

289 1161 51 31 till
370 1161 149 33 arvoden
548 1164 33 30 åt
608 1162 248 33 skrivbiträden
889 1164 54 32 för
976 1165 194 32 rektorerna
1198 1166 58 32 vid
1285 1167 157 42 samtliga
1465 1168 105 42 högre
1594 1169 193 33 elementar-

289 1214 153 32 läroverk
467 1220 162 27 ävensom
654 1215 56 32 vid
736 1216 214 33 Stockholms
975 1218 219 42 femklassiga
1217 1219 162 34 läroverk.
1417 1221 164 42 Anslaget
1600 1222 120 41 höjdes
1737 1223 50 32 till

291 1269 118 37 12,000
441 1268 126 32 kronor
599 1279 42 22 av
679 1270 85 31 1890
799 1271 53 30 års
891 1270 148 42 riksdag,
1075 1282 73 21 som
1182 1272 108 32 tillika
1315 1273 154 42 medgav,
1495 1278 48 28 att
1567 1275 119 43 bidrag
1710 1278 76 31 från

288 1321 190 32 detsamma
501 1322 90 41 finge
614 1323 82 40 utgå
720 1327 87 27 även
834 1324 34 30 åt
897 1324 150 32 rektorer
1069 1325 58 32 vid
1150 1326 222 41 femklassiga
1395 1327 154 34 läroverk
1565 1329 12 31 i
1591 1329 194 33 landsorten

287 1374 77 32 med
395 1377 47 29 ett
465 1375 216 41 synnerligen
705 1378 83 29 stort
820 1375 240 43 lärjungantal.
1109 1378 202 42 Ytterligare
1344 1380 184 42 höjningar
1560 1392 42 22 av
1634 1383 152 42 anslaget

287 1428 88 32 hava
412 1428 190 32 sedermera
637 1431 56 39 ägt
729 1440 85 21 rum.
850 1429 133 33 Genom
1008 1430 109 33 beslut
1140 1442 42 22 av
1213 1433 85 32 1920
1325 1435 53 30 års
1406 1434 139 42 riksdag
1570 1435 120 41 höjdes
1718 1436 67 33 det-

288 1492 130 21 samma
435 1482 77 31 från
530 1482 120 38 23,000
667 1482 125 32 kronor
814 1482 50 32 till
897 1484 121 37 35,000
1049 1484 132 40 kronor,
1207 1486 119 32 varvid
1347 1487 176 42 samtidigt
1538 1488 245 43 beteckningen

286 1536 20 30 å
329 1534 257 42 anslagsposten
610 1535 166 32 ändrades
800 1537 76 31 från
913 1537 168 32 »arvoden
1104 1538 49 32 till
1178 1539 249 33 skrivbiträden
1451 1542 34 31 åt
1508 1542 194 32 rektorerna
1726 1543 58 32 vid

286 1588 41 32 de
363 1588 103 42 högre
502 1588 172 32 allmänna
709 1589 197 33 läroverken
942 1591 63 32 och
1037 1591 88 33 vissa
1148 1592 92 42 lägre
1263 1592 172 34 läroverk>
1463 1594 52 32 till
1542 1596 167 32 »arvoden
1732 1597 51 32 till

287 1641 153 32 biträden
469 1643 20 30 å
515 1642 437 41 rektorsexpeditionerna».
987 1644 76 32 Den
1086 1646 204 32 förändrade
1313 1646 247 44 beteckningen
1584 1651 105 40 avsåg
1711 1650 71 33 dels

286 1698 48 28 att
357 1695 121 32 bereda
504 1695 127 32 sådana
650 1695 160 40 arvoden,
843 1707 118 22 varom
985 1698 62 31 här
1070 1704 37 26 är
1130 1700 106 40 fråga,
1261 1700 58 32 vid
1344 1700 40 32 de
1408 1701 164 40 läroverk,
1591 1702 60 33 där
1667 1703 115 41 dylika

284 1748 73 32 icke
381 1749 138 38 funnos,
545 1748 69 33 dels
636 1749 62 31 ock
722 1752 49 29 att
803 1750 203 42 möjliggöra
1030 1752 224 33 anställandet
1277 1764 43 21 av
1344 1757 46 29 ett
1413 1754 216 34 ekonomiskt
1651 1756 130 33 biträde

284 1801 57 32 vid
376 1802 98 31 sidan
510 1813 56 21 om
601 1802 247 33 skrivbiträdet.
897 1804 134 32 Genom
1064 1805 108 32 beslut
1204 1817 44 22 av
1283 1808 84 31 1929
1400 1809 54 31 års
1485 1809 137 42 riksdag
1660 1810 120 41 höjdes

284 1855 114 32 vidare
421 1855 261 41 ifrågavarande
706 1856 211 42 anslagspost
941 1857 51 32 till
1016 1859 120 38 38,700
1160 1859 134 40 kronor,
1318 1861 114 32 vilken
1454 1862 146 42 höjning
1615 1863 165 33 föranled-

284 1908 58 31 des
366 1919 42 21 av
428 1908 273 32 önskvärdheten
725 1912 50 29 att
797 1910 143 32 anställa
963 1910 154 33 biträden
1143 1914 19 30 å
1185 1913 408 42 rektorsexpeditionerna
1616 1921 86 28 även
1719 1917 60 35 vid

284 1962 89 31 vissa
404 1962 252 41 nyupprättade
688 1962 163 33 läroverk.
900 1963 167 43 Slutligen
1099 1966 120 40 höjdes
1252 1967 62 32 här
1341 1968 259 41 ifrågavarande
1632 1970 147 42 anslags-

283 2018 75 38 post
393 2025 125 31 genom
542 2015 109 32 beslut
675 2026 42 22 av
744 2017 85 31 1930
852 2018 53 31 års
929 2018 139 42 riksdag
1090 2019 51 31 till
1163 2021 123 37 41,700
1311 2021 131 32 kronor.
1489 2022 121 32 Denna
1634 2023 145 42 höjning

282 2068 215 32 föranleddes
521 2069 272 41 huvudsakligen
819 2081 42 21 av
885 2081 133 22 samma
1042 2072 81 39 skäl,
1148 2084 74 21 som
1246 2073 89 42 legat
1358 2074 50 32 till
1432 2076 112 40 grund
1569 2077 52 31 för
1645 2077 41 32 de
1705 2077 73 32 tidi-

281 2132 79 30 gare
390 2121 237 41 höjningarna,
661 2134 79 21 men
773 2125 104 40 avsåg
909 2124 167 41 därjämte
1109 2129 48 29 att
1190 2127 203 42 möjliggöra
1425 2129 131 42 ökning
1599 2140 42 22 av
1674 2131 103 32 skriv-

281 2174 318 34 biträdesarvodena
622 2176 57 32 vid
705 2176 89 32 vissa
816 2177 164 40 läroverk,
1006 2178 61 32 där
1089 2179 263 42 lärjungantalet
1375 2186 156 29 avsevärt
1555 2183 105 32 ökats.

326 2228 77 32 Med
428 2229 213 32 sistnämnda
664 2229 133 42 belopp,
822 2232 121 37 41,700
969 2232 132 40 kronor,
1127 2233 97 42 ingår
1247 2234 152 42 anslaget
1423 2247 48 20 nu
1494 2237 10 31 i
1530 2237 55 32 det
1608 2237 168 32 ordinarie

282 2282 375 42 reservationsanslaget
681 2283 50 32 till
756 2284 40 32 de
820 2284 174 33 allmänna
1017 2286 206 33 läroverken.

324 2335 16 31 I
364 2336 161 32 skrivelse
550 2337 65 31 den
640 2338 19 30 3
685 2337 183 33 november
894 2340 86 31 1930
1003 2339 61 32 har
1080 2340 319 43 skolöverstyrelsen
1416 2343 91 41 gjort
1522 2343 254 41 framställning

280 2399 56 20 om
363 2389 193 41 ytterligare
587 2390 145 41 höjning
762 2401 42 21 av
827 2391 260 42 ifrågavarande
1111 2394 221 42 anslagspost,
1359 2396 63 32 och
1446 2397 62 31 har
1531 2396 243 42 överstyrelsen

279 2440 119 33 härvid
423 2443 123 38 anfört,
572 2446 57 36 att,
654 2443 111 33 därest
788 2444 118 33 hittills
930 2446 159 32 använda
1109 2447 355 43 beräkningsgrunder
1480 2450 108 32 skulle
1604 2450 170 41 tillämpas

278 2498 86 27 även
388 2496 109 32 under
530 2496 199 42 budgetåret
762 2497 198 41 1931/1932,
993 2499 152 42 anslaget
1167 2500 51 32 till
1243 2501 152 33 biträden
1420 2504 19 30 å
1463 2503 310 42 rektorsexpeditio-
