1862 2766
420 132 406 41 Bevillningsutskottets
847 131 220 31 betänkande
1087 139 44 22 nr
1149 131 44 31 23
1213 130 39 30 år
1274 130 85 30 1964
1611 130 20 31 5

307 211 226 35 (Nuvarande
552 211 147 40 lydelse)

149 274 454 41 gistreringsmyndigheten
624 273 88 31 efter
733 273 67 30 den
823 272 36 31 31

149 319 181 31 december
348 319 83 31 1960
446 320 101 33 samt,
562 327 56 21 om
635 318 160 30 aktierna
810 319 53 28 ut-

150 364 101 40 givits
277 364 4 30 i
302 364 170 30 samband
492 363 78 30 med
590 363 132 39 ökning
742 371 42 21 av
804 362 60 29 ak-

148 408 229 40 tiekapitalet,
400 409 50 29 att
472 407 113 31 beslut
607 416 57 21 om
687 407 176 39 ökningen

150 453 151 30 anmälts
321 453 55 30 för
393 452 224 40 registrering
635 451 88 31 efter
742 452 123 29 nämn-

1094 209 226 39 (Föreslagen
1339 208 147 40 lydelse)

921 271 454 41 gistreringsmyndigheten
1397 271 88 30 efter
1506 270 67 30 den
1594 269 38 31 31

922 317 182 30 december
1121 316 83 31 1960
1219 318 101 32 samt,
1335 325 56 20 om
1406 315 160 31 aktierna
1579 316 53 29 ut-

921 361 102 40 givits
1048 362 5 29 i
1073 361 171 29 samband
1264 360 80 30 med
1364 359 130 39 ökning
1514 368 42 21 av
1576 359 60 30 ak-

920 406 229 39 tiekapitalet,
1173 407 49 28 att
1244 404 114 31 beslut
1380 413 57 21 om
1459 403 175 40 ökningen

922 450 151 30 anmälts
1092 450 54 30 för
1164 449 225 40 registrering
1406 449 88 30 efter
1513 448 123 30 nämn-

921 495 45 30 da
984 496 76 38 dag.

883 539 231 31 ekonomiska
1130 538 212 40 föreningar.

860 612 20 30 9
901 611 28 37 8.

195 667 91 30 Utan
309 666 126 30 hinder
458 675 41 21 av
521 665 311 30 bestämmelserna
854 664 10 30 i

151 710 42 31 54
214 711 15 37 8
251 710 424 40 kommunalskattelagen
696 711 92 28 samt
808 709 16 30 7
848 709 15 37 8

151 755 252 39 förordningen
441 764 58 21 om
538 755 117 39 statlig
694 754 171 30 inkomst-

152 800 94 30 skatt
274 799 90 31 skall
391 799 79 30 med
498 799 169 30 avseende
695 798 20 30 å
742 799 41 30 de
810 798 54 30 be-

152 843 250 41 skattningsår,
440 844 55 30 för
531 843 95 31 vilka
662 843 158 39 taxering
854 843 10 29 i

152 888 111 30 första
280 889 138 30 instans
437 888 80 40 äger
535 897 79 21 rum
633 887 84 31 åren
739 887 127 31 1963—

154 933 94 36 1973,
273 933 174 39 iakttagas
471 933 66 30 vad
560 933 115 30 nedan
698 932 12 31 i
735 932 40 31 10
798 932 65 30 och

154 977 37 30 11
213 977 37 37 88
270 977 152 40 stadgas.

966 665 91 30 Utan
1080 664 125 30 hinder
1229 673 42 20 av
1293 662 309 31 bestämmelserna
1624 661 12 30 i

923 708 41 30 54
986 708 15 38 8
1022 707 425 40 kommunalskattelagen
1468 709 90 28 samt
1579 707 16 30 7
1619 706 16 37 $

926 752 252 40 förordningen
1215 761 58 21 om
1311 752 118 39 statlig
1464 751 173 30 inkomst-

924 798 94 29 skatt
1046 797 88 30 skall
1163 797 79 30 med
1269 797 170 30 avseende
1466 796 19 30 å
1512 796 42 30 de
1581 796 57 30 be-

920 842 254 39 skattningsår,
1210 841 56 31 för
1300 841 95 30 vilka
1431 841 158 39 taxering
1625 839 12 31 i

923 886 111 30 första
1052 886 138 33 instans
1209 886 80 40 äger
1307 894 79 22 rum
1406 885 82 31 åren
1510 885 128 30 1963—

926 931 95 37 1977,
1044 930 175 41 iakttagas
1243 930 66 30 vad
1334 929 114 32 nedan
1472 930 11 30 i
1510 929 38 31 10
1573 928 66 32 och

925 976 37 29 11
985 975 38 38 $$
1042 975 151 40 stadgas.

195 1084 121 32 Denna
338 1082 205 40 förordning
563 1084 116 30 träder
700 1084 12 29 i
734 1082 96 31 kraft
853 1082 110 38 dagen
987 1082 85 30 efter
1095 1081 77 36 den,
1195 1081 44 31 då
1261 1081 248 38 förordningen
1531 1080 106 38 enligt

151 1126 86 32 därå
261 1127 184 31 meddelad
470 1127 138 40 uppgift
633 1126 191 31 utkommit
849 1126 79 30 från
956 1125 134 40 trycket
1114 1126 13 30 i
1157 1125 133 30 Svensk
1316 1125 322 39 författningssam-

151 1171 83 41 ling.

821 1378 147 43 Förslag

868 1455 53 30 till

860 1530 75 42 Lag

196 1624 61 21 om
280 1611 149 43 ändring
451 1621 46 24 av
519 1611 278 42 anvisningarna
819 1610 54 34 till
896 1610 44 34 29
965 1610 22 43 8
1012 1608 433 43 kommunalskattelagen
1467 1608 68 33 den
1557 1608 46 34 28

641 1681 197 45 september
862 1681 90 34 1928
977 1681 63 46 (nr
1062 1680 87 45 370)

199 1784 211 40 Härigenom
432 1784 195 36 förordnas,
650 1786 50 28 att
721 1784 52 30 till
795 1783 273 39 anvisningarna
1090 1783 51 30 till
1164 1783 41 30 29
1229 1782 15 38 $
1268 1781 370 31 kommunalskattela-

156 1836 64 32 gen
242 1829 67 30 den
333 1830 41 30 28
397 1828 194 40 september
616 1828 83 30 1928
723 1828 89 29 skall
836 1828 98 39 fogas
958 1837 42 20 en
1024 1836 47 31 ny
1093 1826 330 40 anvisningspunkt,
1448 1826 191 30 betecknad

155 1873 114 40 punkt
289 1874 50 36 15,
356 1882 41 21 av
413 1873 115 30 nedan
545 1872 147 40 angiven
710 1872 141 40 lydelse.

782 1950 233 36 Anvisningar

815 2013 52 30 till
888 2013 41 30 29
952 2013 28 38 8.

203 2113 49 29 15.
271 2113 71 29 Har
361 2112 100 39 bolag
480 2111 82 31 eller
582 2111 161 39 förening
763 2110 66 30 sålt
849 2110 281 40 lagertillgångar
1152 2110 51 30 till
1226 2110 181 29 utländskt
1428 2110 215 39 dotterbolag

157 2157 55 29 för
230 2157 116 29 vidare
364 2155 207 37 försäljning
589 2155 11 30 i
620 2155 198 30 obearbetat
837 2155 82 29 eller
938 2154 175 30 bearbetat
1133 2154 96 30 skick
1252 2155 19 29 å
1292 2154 162 29 utländsk
1473 2154 169 30 marknad

159 2199 65 29 och
247 2199 177 38 kvarligga
448 2198 131 30 sådana
603 2197 185 39 tillgångar
813 2197 120 30 osålda
956 2197 63 30 hos
1044 2197 252 38 dotterbolaget
1323 2197 55 29 vid
1404 2197 172 38 utgången
1603 2205 39 21 av

160 2243 319 38 beskattningsåret
496 2242 54 30 för
568 2242 303 37 moderföretaget,
888 2241 58 29 må
965 2242 128 39 avdrag
1112 2241 158 39 åtnjutas
1290 2241 54 29 för
1361 2241 10 29 i
1390 2242 252 38 räkenskaper-

163 2298 45 20 na
226 2288 100 38 gjord
347 2286 198 39 avsättning
564 2286 50 29 till
637 2285 331 30 internvinstkonto.
991 2285 172 38 Avdraget
1183 2285 57 29 må
1260 2285 75 29 icke
1355 2285 170 38 överstiga
1547 2285 95 29 skill-

164 2333 113 29 naden
301 2331 137 33 mellan,
462 2330 19 30 å
504 2339 64 20 ena
592 2330 110 33 sidan,
726 2330 56 29 det
805 2329 56 30 vid
886 2329 256 39 försäljningen
1167 2329 50 29 till
1243 2328 250 39 dotterbolaget
1517 2329 125 29 tilläm-

163 2377 88 38 pade
273 2376 106 38 priset
403 2374 53 29 för
477 2374 247 39 kvarliggande
747 2372 291 40 lagertillgångar,
1060 2372 10 30 i
1093 2372 287 30 förekommande
1404 2372 58 30 fall
1488 2373 155 29 minskat

159 2421 77 29 med
263 2420 134 39 belopp,
422 2418 141 31 varmed
589 2418 120 29 värdet
735 2427 42 20 av
803 2418 100 29 dessa
931 2417 156 29 nedsatts
1116 2417 62 29 hos
1207 2416 260 40 dotterbolaget,
1496 2419 100 32 samt,
1625 2417 19 29 å

159 2464 108 30 andra
283 2465 108 32 sidan,
407 2463 305 36 moderföretagets
730 2461 395 37 anskaffningskostnad
1143 2461 55 29 för
1216 2470 130 20 samma
1364 2461 190 37 tillgångar.
1574 2461 70 29 Har

195 2536 33 30 1t
269 2533 110 30 Bihang
397 2533 46 24 till
459 2532 167 31 riksdagens
643 2532 155 31 protokoll.
816 2532 75 24 1964.
909 2532 14 23 7
940 2532 83 24 saml.
1040 2531 39 24 Nr
1097 2536 31 21 23
