1892 2814
567 134 273 31 Statsutskottets
865 132 177 32 utlåtande
1067 142 40 21 nr
1133 133 69 30 107.
1619 126 19 31 5

127 221 219 30 bedömande
363 230 41 20 av
423 220 253 30 nämndemans
692 220 69 29 rätt
781 218 49 30 till
846 218 307 36 dagtraktamente.
1176 216 128 30 Medan
1320 214 100 31 alltså
1439 214 194 37 dagtrakta-

127 275 115 27 mente
263 271 10 30 i
289 270 151 37 enlighet
459 270 82 30 med
558 270 90 31 detta
670 269 128 36 förslag
817 269 63 29 bör
899 268 195 30 tillkomma
1111 266 131 37 jämväl
1260 265 21 31 å
1301 265 203 37 tingsstället
1523 266 112 29 bosatt

127 322 247 35 nämndeman,
391 321 202 30 förutsätter
606 319 175 37 utskottet,
800 321 47 28 att
863 318 238 37 reglementets
1117 317 259 30 bestämmelser
1394 316 99 30 skola
1508 315 126 31 beträf-

129 373 105 30 fande
258 374 112 29 rätten
390 372 51 30 till
464 371 292 30 nattraktamente
779 369 89 37 gälla
891 372 85 28 utan
1000 367 244 31 motsvarande
1266 366 191 40 jämkning.

172 419 97 35 Även
289 423 11 30 i
323 421 98 38 fråga
441 431 58 21 om
523 420 399 36 traktamentsbeloppen
943 420 66 29 och
1033 417 526 38 tingsgästningspenningarnas
1580 426 54 21 av-

130 474 186 31 skaffande
338 472 187 37 tillstyrker
542 472 166 30 utskottet
728 471 122 36 Kungl.
873 469 118 37 Maj:ts
1012 469 137 37 förslag.

174 526 14 30 I
208 525 173 30 avvaktan
402 522 44 38 på
465 523 197 31 erfarenhet
683 532 57 21 om
759 519 301 38 medelsåtgången
1080 520 98 30 torde
1199 520 123 36 Kungl.
1346 518 118 37 Maj:ts
1485 519 149 36 anslags-

128 576 194 35 beräkning
344 576 120 29 kunna
485 575 117 35 läggas
625 573 48 30 till
695 572 115 37 grund
829 572 55 30 för
902 570 368 37 medelsanvisningen.

174 627 117 30 Under
314 625 220 36 åberopande
560 634 43 21 av
624 624 68 30 vad
716 622 146 31 sålunda
885 622 133 30 anförts
1045 620 54 31 får
1121 621 167 30 utskottet
1312 621 192 35 hemställa,

485 728 49 27 att
550 724 184 36 riksdagen
748 722 61 32 må
823 723 11 29 i
853 722 186 36 anledning
1054 731 42 21 av
1113 722 123 36 Kungl.
1255 720 119 38 Maj:ts
1390 720 130 37 förslag
1536 721 99 29 även-

441 785 75 21 som
537 775 217 30 motionerna
776 774 28 30 1:
820 775 62 29 278
905 773 66 30 och
995 773 45 30 II:
1055 773 63 29 442
1139 772 51 30 till
1212 771 305 31 Häradsrätterna:
1538 771 98 30 Rese-

440 827 230 34 ersättningar
699 824 52 31 till
776 823 235 31 nämndemän
1042 823 56 30 för
1123 821 204 38 budgetåret
1358 816 141 37 1944/45
1527 822 110 30 under

441 877 110 30 andra
566 875 218 31 huvudtiteln
799 874 119 31 anvisa
934 877 47 27 ett
996 874 269 36 förslagsanslag
1279 883 44 20 av
1340 873 63 30 635
1417 873 64 30 000
1499 872 136 30 kronor.

176 979 201 31 Stockholm
397 979 65 30 den
483 978 41 30 25
544 977 87 36 april
654 977 94 30 1944.

635 1077 48 30 På
704 1078 266 29 stalsutskottets
991 1076 143 36 vägnar:

688 1178 29 31 J.
743 1178 36 31 B.
809 1175 270 32 JOHANSSON.

170 1456 53 24 Vid
246 1454 182 26 förestående
451 1455 120 24 ärendes
596 1453 230 31 slutbehandling
850 1454 77 23 inom
951 1453 138 24 utskottet
1111 1452 74 24 hava
1210 1452 127 24 närvarit

170 1514 65 25 från
269 1514 135 25 första
438 1514 178 24 kammaren:
642 1513 99 24 herrar
765 1512 95 25 Johan
884 1512 149 24 Bernhard
1057 1511 174 30 Johansson,
1256 1511 65 24 Joh.
1349 1510 115 25 Nilsson
1492 1510 7 24 i
1525 1509 113 28 Malmö,

135 1557 87 24 Oscar
241 1557 112 29 Olsson,
372 1557 72 24 Sven
463 1556 134 30 Larsson,
616 1555 147 25 Bernhard
782 1554 123 30 Nilsson,
925 1554 178 29 Bäckström,
1125 1552 157 31 Bäcklund,
1302 1551 185 31 Holmström,
1508 1551 130 31 Heiding,

135 1600 100 30 Gustaf
255 1599 146 30 Karlsson,
423 1599 105 25 Gustav
548 1598 73 24 Emil
643 1597 164 25 Andersson
826 1597 54 25 och
901 1596 174 31 Rosenberg:
1097 1597 73 23 samt

170 1658 65 25 från
268 1658 126 25 andra
426 1657 178 25 kammaren:
628 1657 98 24 herrar
752 1656 158 30 Törnkvist,
934 1654 147 32 Skoglund
1105 1655 8 24 i
1136 1653 184 33 Doverstorp,
1347 1653 138 24 Eriksson
1508 1653 10 24 i
1543 1652 95 25 Stock-

134 1701 87 29 holm,
242 1701 143 24 Svensson
408 1701 7 23 i
438 1699 133 30 Grönvik,
593 1699 170 31 Bergström,
786 1698 162 24 Andersson
970 1698 8 24 i
1004 1696 138 30 Prästbol,
1168 1696 95 30 Ward,
1287 1696 102 24 Olsson
1411 1696 8 24 i
1441 1695 197 32 Kullenbergs-

135 1746 72 29 torp,
229 1743 116 25 Nilsson
367 1743 7 24 i
395 1743 160 31 Steneberg,
576 1742 46 24 fru
644 1741 96 30 Alvén,
762 1742 97 23 herrar
879 1737 164 28 Åkerström
1066 1740 53 24 och
1140 1739 139 24 Eriksson
1301 1739 8 24 i
1333 1738 125 32 Frägsta.
