2188 2673
704 195 249 33 Stutsulskottets
982 192 168 34 Utlåtande
1173 190 62 34 N:o
1260 194 50 31 10.
1704 189 60 32 115

215 295 79 24 som
315 293 135 36 genom
474 278 215 37 ordnandet
705 277 41 36 af
756 275 445 38 försöksverksamheten
1217 275 49 46 på
1278 271 386 48 jordbruksområdet
1680 273 48 45 på
1748 270 67 35 här

218 335 203 46 föreslaget
449 335 78 34 sätt
541 332 154 36 komme
714 333 58 33 att
788 329 229 47 tillskyndas
1032 327 245 44 statsverket,
1294 325 212 36 inskränka
1525 324 57 47 sig
1597 324 57 35 till
1676 326 135 38 69,300

214 389 157 43 kronor,
401 389 59 32 ett
487 386 153 45 belopp,
671 396 80 24 som
779 385 121 33 måste
930 394 106 23 anses
1065 381 123 46 ringa,
1210 380 49 35 då
1277 379 143 46 hänsyn
1444 380 108 43 tages
1572 377 60 35 till
1653 377 46 35 de
1720 376 94 35 afse-

215 441 119 35 värda
362 438 178 45 fördelar,
571 450 80 23 som
674 448 140 34 genom
833 436 83 34 dess
935 433 217 46 beviljande
1172 432 123 36 skulle
1314 431 160 35 beredas
1493 429 152 36 landets
1666 428 148 36 moder-

216 492 148 46 näring.
420 491 80 46 Nya
530 489 181 36 områden
730 488 60 36 för
809 486 202 48 gagnande
1031 483 396 38 försöksverksamhet
1446 481 122 36 skulle
1588 481 228 45 härigenom

217 550 157 42 öppnas,
396 544 73 35 den
489 541 310 37 hittillsvarande
819 540 65 35 vid
903 537 405 48 Experimentalfältet
1332 535 172 35 bedrifna
1522 533 293 36 verksamheten

217 598 121 35 skulle
367 597 116 35 vinna
511 596 12 34 i
553 594 235 46 omfattning
817 593 68 35 och
917 591 158 36 därmed
1099 590 115 36 också
1241 589 118 36 blifva
1380 587 40 36 af
1436 586 209 47 väsentligt
1660 585 156 47 mycket

216 654 122 32 större
366 649 206 46 betydelse,
603 647 72 36 och
704 647 73 35 den
805 643 407 44 försöksverksamhet,
1242 653 79 24 som
1349 643 50 44 på
1424 639 168 36 enskildt
1611 637 205 37 initiativ
1799 633 22 55 i

216 703 124 35 skilda
377 701 218 36 landsdelar
630 702 39 32 så
707 698 239 46 småningom
983 696 165 35 kommit
1184 695 61 35 till
1274 693 123 43 stånd,
1433 692 123 35 skulle
1585 691 145 35 erhålla
1760 692 57 33 ett

215 755 166 46 kraftigt
408 753 155 36 histånd
606 752 68 36 och
719 751 97 45 stöd,
858 749 151 36 hvilket
1049 748 59 36 för
1149 748 220 35 densanmuna
1411 744 122 35 skulle
1562 744 13 35 i
1601 743 79 46 hög
1720 742 97 47 grad

220 808 219 35 underlätta
472 805 248 48 uppnåendet
754 803 41 36 af
819 803 46 35 de
893 802 59 35 för
980 802 73 34 den
1081 799 204 48 praktiska
1309 796 355 49 jordbruksdriften
1692 795 126 35 frukt-

218 860 213 46 bringande
460 858 173 44 resultat,
677 857 73 35 den
790 855 119 35 redan
952 854 100 35 visat
1089 853 56 47 sig
1174 858 71 38 äga
1275 851 100 47 goda
1404 848 326 46 förutsättningar
1758 849 61 33 att

216 913 133 35 kunna
378 911 174 46 aftvinga
580 910 68 35 sitt
677 910 143 34 arbete.

350 966 48 33 De
439 962 372 47 byggnadsarbeten,
850 972 79 22 som
964 959 71 34 den
1064 970 74 34 nya
1167 955 361 37 centralanstaltens
1557 952 261 48 upprättande

217 1017 209 45 föranleda,
470 1021 65 30 äro
578 1017 40 33 så
660 1013 250 43 omfattande,
955 1013 59 33 att
1055 1011 44 34 de
1133 1009 85 35 icke
1247 1008 110 36 torde
1385 1008 133 34 kunna
1545 1007 13 34 i
1588 1009 40 32 så
1656 1005 76 46 god
1760 1004 59 35 tid

220 1070 234 44 medhinnas,
495 1070 59 33 att
582 1066 291 37 verksamheten
907 1064 63 35 vid
998 1062 189 36 anstalten
1217 1061 79 35 kan
1322 1059 111 47 börja
1461 1059 165 46 tidigare
1656 1063 48 30 än
1733 1056 87 35 med

219 1124 193 44 ingången
451 1121 40 35 af
526 1123 42 32 år
598 1122 110 32 1907.
764 1118 51 35 På
843 1117 126 46 grund
994 1114 116 39 häraf
1136 1114 71 35 och
1237 1114 47 34 då
1313 1113 107 34 detta
1448 1110 170 48 uppskof
1642 1110 111 35 torde
1782 1108 38 36 få

219 1188 107 22 anses
366 1173 255 45 fördelaktigt
663 1170 111 37 äfven
814 1170 86 35 från
938 1169 73 35 den
1039 1166 257 48 synpunkten,
1328 1168 58 32 att
1414 1164 151 36 tillfälle
1595 1162 225 46 därigenom

217 1228 157 35 beredes
415 1237 193 36 personer,
652 1237 80 22 som
772 1222 183 47 möjligen
989 1227 112 29 ämna
1130 1219 93 36 söka
1252 1219 44 34 de
1325 1218 88 35 med
1443 1216 207 46 anledning
1681 1214 39 36 af
1744 1214 76 35 för-

220 1278 402 38 söksverksamhetens
663 1276 232 46 utvidgning
936 1272 286 48 nyupprättade
1263 1271 210 46 platserna,
1508 1271 59 33 att
1594 1267 227 48 ytterligare

221 1332 180 36 meritera
442 1331 57 45 sig
539 1330 61 35 för
641 1330 108 34 deras
791 1326 232 45 erhållande,
1065 1325 123 44 torde,
1223 1324 127 35 därest
1387 1322 118 35 Eders
1542 1320 139 47 Kungl.
1711 1318 111 46 Maj:t

220 1385 114 46 gillar
374 1384 76 35 min
482 1383 13 35 i
524 1383 65 35 det
629 1380 230 47 föregående
900 1378 174 36 uttalade
1115 1376 252 47 uppfattning
1409 1387 62 23 om
1509 1372 262 48 upprättande
1801 1373 21 32 å

227 1435 398 49 Experimentalfältet
667 1434 40 35 af
744 1446 47 22 en
833 1430 293 37 centralanstalt
1166 1429 60 35 för
1270 1427 335 36 försöksväsendet
1642 1427 50 44 på
1716 1424 105 45 jord-

222 1489 306 44 bruksområdet,
560 1487 39 36 af
623 1486 259 36 innevarande
912 1487 59 32 års
998 1482 170 46 Riksdag
1195 1482 95 34 böra
1319 1480 109 35 äskas
1451 1479 136 35 endast
1607 1478 65 35 det
1692 1476 40 35 af
1743 1476 79 45 mig

224 1543 110 35 ofvan
367 1540 156 47 angifna
551 1540 60 35 till
639 1537 360 48 byggnadsarbeten
1031 1547 48 23 m.
1101 1547 48 23 m.
1172 1532 249 46 erforderliga
1441 1532 194 46 beloppet,
1659 1530 163 44 222,500

222 1595 157 34 kronor.
435 1593 72 35 Till
534 1592 138 46 frågan
701 1603 62 23 om
791 1590 109 35 detta
921 1588 132 46 anslag
1072 1587 110 35 torde
1199 1585 68 47 jag
1286 1585 37 35 få
1344 1584 240 35 återkomma
1608 1583 71 35 här
1699 1581 126 35 nedan

222 1647 65 35 vid
322 1645 179 37 anmälan
538 1644 41 35 af
607 1644 45 35 de
688 1643 143 45 anslag,
866 1653 80 23 som
973 1641 95 34 böra
1096 1641 49 45 på
1174 1641 109 32 extra
1312 1639 77 33 stat
1416 1636 60 36 för
1503 1632 320 39 nästkommande

225 1703 41 31 är
294 1698 170 46 boviljas.

355 1750 171 36 Oaktadt
568 1748 160 36 sålunda
769 1747 45 34 de
856 1746 60 35 för
958 1743 341 37 årskostnadernas
1340 1740 191 36 täckande
1574 1736 250 47 erforderliga

226 1804 150 35 medlen
416 1803 86 35 icke
544 1801 110 36 torde
695 1798 165 37 behöfva
887 1798 124 35 finnas
1038 1796 60 35 för
1126 1795 118 35 Eders
1271 1793 138 46 Kungl.
1440 1791 110 46 Maj:t
1578 1789 247 48 tillgängliga

229 1856 118 35 under
376 1859 42 32 år
449 1857 109 42 1906,
589 1865 108 34 synes
726 1852 65 35 det
818 1851 79 46 mig
926 1849 120 36 likväl
1066 1847 251 45 nödvändigt,
1340 1848 58 32 att
1418 1845 118 35 Eders
1556 1843 137 46 Kungl.
1715 1841 111 46 Maj:t

227 1909 118 35 redan
373 1920 51 22 nu
453 1907 195 35 inhämtar
676 1904 240 46 Riksdagens
944 1900 268 47 medgifvande
1240 1899 62 35 till
1321 1898 74 35 den
1414 1896 226 36 tillämnade
1661 1893 164 37 central-

227 1961 211 35 anstaltens
480 1957 261 48 upprättande
784 1956 13 35 i
836 1953 274 47 hufvudsaklig
1147 1949 390 39 öfverensstämmelse
1566 1947 87 36 med
1682 1946 41 36 af
1746 1945 79 47 mig

227 2014 71 35 här
327 2012 114 36 ofvan
470 2010 179 47 angifven
679 2007 375 48 organisationsplan
1084 2005 71 36 och
1184 2005 13 35 i
1217 2003 277 45 sammanhang
1514 2000 158 36 därmed
1688 1998 138 36 under-

228 2066 132 35 ställer
387 2064 239 46 Riksdagens
654 2062 182 47 pröfning
865 2063 57 33 ett
937 2058 245 46 fullständigt
1202 2056 143 46 förslag
1364 2055 61 35 till
1445 2056 77 34 stat
1542 2053 59 35 för
1622 2051 203 37 anstalten.

229 2120 73 45 Jag
331 2130 109 23 anser
460 2116 108 35 detta
588 2118 39 33 så
647 2114 155 47 mycket
818 2112 300 46 nödvändigare,
1135 2122 91 33 som,
1244 2109 168 35 förutom
1427 2105 399 48 byggnadsarbetena,

230 2183 47 24 en
305 2170 61 36 del
394 2168 276 37 förberedande
692 2167 182 47 åtgärder
894 2165 118 36 redan
1031 2164 122 35 under
1172 2161 258 37 innevarande
1452 2162 42 33 år
1513 2160 122 34 måste
1651 2157 178 45 vidtagas

229 2224 60 35 för
309 2225 59 33 att
387 2221 296 36 verksamheten
702 2220 64 35 vid
784 2218 193 37 anstalten
993 2217 98 35 skall
1106 2216 133 35 kunna
1255 2235 50 4 —
1320 2216 124 33 såsom
1459 2212 68 46 jag
1547 2223 111 23 anser
1673 2221 155 34 synner-

229 2276 104 47 ligen
362 2274 212 36 önskvärdt
602 2294 50 3 —
679 2275 92 45 taga
801 2271 57 35 sin
885 2269 137 47 början
1050 2269 86 35 med
1164 2268 195 47 ingången
1388 2265 41 36 af
1445 2268 42 33 år
1509 2266 108 34 1907.
1662 2261 166 37 Sålunda
