2179 2672
712 202 246 31 Statsutskottets
990 199 165 32 Utlåtunde
1183 199 56 31 N:o
1266 200 48 30 10.
1728 200 40 31 25

214 297 179 36 personer
435 284 121 35 skulle
597 283 190 36 beräknas
828 282 91 46 vilja
961 284 114 43 ataga
1109 280 56 46 sig
1194 281 202 39 desamma,
1425 279 119 36 blifva
1572 281 240 46 nödvändigt

215 341 58 32 att
315 337 111 35 äfven
453 336 139 36 föreslå
619 336 230 45 Riksdagen,
880 337 59 32 att
968 334 45 35 de
1027 309 102 59 med
1155 332 316 47 befattningarna
1499 332 180 36 förenade
1707 311 104 58 löne-

212 390 194 36 förmåner
445 388 143 47 höjdes.
645 364 141 70 Enligt
816 371 293 51 arfvodestaxan
1138 385 143 35 erhölle
1309 360 312 60 instruktörerna
1649 385 78 35 dels
1755 398 55 22 er-

213 442 175 45 sättning
428 441 59 35 för
526 452 84 23 resa
652 415 122 70 enligt
808 439 177 46 gällande
1013 437 327 46 resereglemente,
1370 437 158 34 hvilken
1558 437 215 46 ersättning
1801 439 12 33 1

215 493 211 36 allmänhet
453 493 161 46 utginge
644 491 40 35 af
708 491 231 45 statsmedel,
970 490 79 35 dels
1078 489 73 35 ock
1180 488 40 36 af
1243 488 209 45 rekvirent,
1481 488 172 36 förutom
1675 490 138 35 bostad

215 546 72 35 och
315 545 235 47 uppassning
574 544 122 46 jämte
723 549 129 30 värme
882 543 72 35 och
981 542 78 46 lyse
1088 542 122 34 under
1238 542 73 34 den
1338 541 60 35 tid
1425 540 40 36 af
1491 543 92 43 året,
1610 541 48 35 då
1678 542 136 35 sådant

215 598 249 45 erfordrades,
509 596 155 36 arfvode
705 596 87 35 med
820 599 22 31 4
870 596 145 34 kronor
1059 596 44 33 50
1148 598 63 30 öre
1244 593 59 35 för
1329 592 133 47 hvarje
1492 570 91 69 dag,
1607 605 81 23 som
1715 594 13 34 i
1756 594 58 35 sin

212 651 132 35 helhet
372 650 92 35 eller
491 649 61 35 till
579 652 129 43 någon
737 648 60 35 del
826 648 156 45 åtginge
1009 646 60 35 för
1095 645 297 46 förrättningen.
1435 646 133 34 Denna
1597 646 215 46 ersättning

213 705 127 43 syntes
358 703 95 34 böra
473 704 95 43 utgå
588 700 110 35 äfven
718 700 61 35 till
799 699 407 44 statskonsulenterna,
1225 698 48 34 då
1286 673 238 70 förrättning
1538 697 273 36 rekvirerades.

213 754 306 36 Vidkommande
549 755 82 33 åter
656 753 142 45 arbete,
821 764 81 23 som
921 750 304 36 statskonsulent
1244 752 50 44 på
1313 750 177 46 uppdrag
1511 749 40 35 af
1566 749 247 36 landtbruks-

212 807 186 46 styrelsen
441 805 122 36 skulle
604 805 129 35 utföra
775 804 72 35 och
888 816 81 23 som
1009 803 85 34 icke
1136 801 134 36 kräfde
1298 813 94 33 resa,
1423 802 123 34 skulle
1576 802 146 45 sådant,
1754 814 61 23 om

215 858 232 47 dagarfvode
475 857 249 45 beräknades,
754 857 132 34 kunna
916 855 168 45 oskäligt
1111 855 194 45 utdragas,
1334 853 252 46 hvarigenom
1614 856 139 43 nyttan
1778 854 41 34 af

213 912 213 34 detsamma
454 910 13 34 i
494 910 78 45 hög
601 909 96 46 grad
723 908 279 35 motverkades.
1046 906 119 35 Däraf
1189 905 116 47 följde
1324 905 121 35 likväl
1465 905 121 45 äfven,
1610 908 58 32 att
1687 908 128 44 någon

215 963 164 36 särskild
421 961 214 46 ersättning
668 960 60 36 för
754 960 133 46 hvarje
916 960 136 35 sådant
1081 959 131 35 arbete
1240 958 85 35 icke
1353 957 130 36 kunde
1512 957 304 36 statskonsulent

213 1011 169 54 beredas.
438 987 244 77 Beträffande
724 1013 136 34 sådant
900 1012 87 34 med
1027 1023 83 23 resa
1151 1010 176 35 förenadt
1364 1010 187 46 uppdrag,
1582 1021 81 23 som
1692 1009 121 47 enligt

213 1067 185 46 förslaget
425 1066 225 35 förutsattes
679 1065 108 35 skola
814 1065 132 34 kunna
976 1063 40 35 af
1038 1062 417 46 landtbruksstyrelsen
1482 1062 192 35 meddelas
1699 1045 112 52 stats-

214 1120 218 44 konsulent,
463 1121 38 32 så
531 1118 122 35 skulle
683 1117 263 45 ersättningen
973 1115 131 36 härför
1131 1115 85 35 icke
1246 1114 173 46 skäligen
1446 1114 133 35 kunna
1606 1116 95 44 utgå
1728 1115 87 34 med

214 1172 119 46 högre
360 1171 142 46 belopp
532 1176 48 29 än
609 1169 96 35 efter
731 1168 122 47 fjärde
872 1145 184 58 klassen
1038 1141 25 78 i
1080 1138 345 80 resereglementet.
1470 1160 109 42 Ökad
1599 1142 215 69 ersättning

215 1200 122 59 skulle
367 1223 111 35 alltså
506 1222 86 35 icke
620 1222 133 35 kunna
780 1220 292 47 ifrågavarande
1101 1195 232 70 tjänstemän
1352 1221 50 43 på
1422 1221 119 32 annat
1560 1220 78 33 sätt
1655 1195 159 58 beredas

215 1282 44 29 än
304 1288 136 34 genom
483 1274 166 46 höjande
692 1273 40 35 af
769 1251 108 57 deras
920 1272 178 46 aflöning,
1143 1271 71 35 och
1243 1274 127 42 syntes
1398 1270 416 35 statskonsulenternas

216 1328 168 45 aflöning
425 1327 86 35 icke
551 1327 96 34 böra
686 1326 231 34 bestämmas
958 1324 106 45 lägre
1107 1328 48 30 än
1195 1323 61 34 till
1300 1325 108 43 3,000
1438 1322 146 35 kronor
1607 1322 121 46 jämte
1756 1325 59 32 tre

216 1380 274 45 ålderstillägg,
520 1379 14 34 i
561 1378 126 35 likhet
727 1377 87 35 med
854 1376 102 35 hvad
987 1375 310 35 instruktörerna
1326 1376 48 33 då
1403 1373 158 46 åtnjöte,
1592 1377 98 32 samt
1717 1386 97 23 rese-

214 1432 203 35 kostnads-
446 1430 72 36 och
546 1428 478 46 traktamentsersättning
1044 1426 193 36 äfvensom
1258 1426 214 46 ersättning
1491 1425 59 36 för
1569 1426 245 35 rekvirerade

215 1484 284 45 förrättningar
527 1483 13 34 1
566 1482 126 35 likhet
719 1482 88 34 med
834 1480 321 35 instruktörerna.

345 1537 130 33 Denna
504 1533 435 46 landtbruksstyrelsens
966 1531 284 46 framställning
1276 1530 198 46 föredrogs
1503 1531 72 34 den
1602 1533 18 32 5
1646 1529 170 36 februari

220 1590 94 33 1897
358 1587 102 35 inför
501 1587 119 34 Eders
660 1586 138 45 Kungl.
833 1584 120 46 Maj:t,
984 1596 81 23 som
1094 1583 100 36 dock
1221 1583 86 35 icke
1334 1582 92 34 fann
1455 1582 83 35 skäl
1567 1584 59 33 att
1652 1582 165 34 rörande

216 1640 330 35 instruktörernas
586 1637 246 36 verksamhet
859 1636 172 35 meddela
1062 1636 141 34 sådana
1230 1634 230 36 förändrade
1487 1634 288 35 bestämmelser
1803 1634 12 33 i

215 1695 142 42 ämnet,
393 1694 59 32 att
479 1690 243 47 proposition
748 1688 165 36 behöfde
941 1688 61 35 till
1031 1688 217 45 Riksdagen
1277 1686 142 35 aflåtas.
1476 1686 66 35 Uti
1570 1698 144 22 samma
1742 1686 74 45 dag

220 1743 196 36 utfärdadt
456 1742 182 46 förnyadt
678 1741 137 47 nådigt
842 1740 235 44 reglemente
1105 1739 59 35 för
1193 1739 45 35 de
1265 1739 14 34 1
1307 1740 144 33 statens
1479 1737 121 47 tjänst
1628 1737 188 35 anställde

217 1796 260 35 instruktörer
517 1795 14 34 i
569 1793 310 47 boskapsskötsel
925 1792 71 35 och
1037 1790 380 47 mejerihushållning
1453 1790 120 35 finnes
1610 1796 123 29 såsom
1760 1789 57 35 in-

218 1848 287 35 ytruktörernas
545 1845 299 46 hufvudsakliga
887 1844 202 46 åliggande
1130 1842 236 36 fortfarande
1408 1845 199 44 upptagen
1648 1841 169 46 skyldig-

218 1900 115 34 heten
375 1902 59 32 att
474 1904 51 41 på
560 1898 229 35 rekvisition
821 1896 242 46 tillhandagå
1090 1896 87 34 med
1203 1895 163 45 biträde,
1395 1895 71 34 råd
1494 1894 72 35 och
1593 1894 223 46 upplysnin-

218 1964 79 34 gar,
340 1963 87 23 men
468 1950 130 35 tillika
632 1948 256 46 föreskrifvet,
924 1950 58 33 att
1010 1948 218 35 instruktör
1254 1968 52 3 —
1332 1946 158 36 hvilken
1518 1946 98 35 hade
1645 1948 58 33 att
1731 1946 87 34 med

218 2003 344 47 uppmärksamhet
603 2002 93 46 följa
738 2001 79 45 allt,
862 2013 80 22 som
981 2000 120 35 hörde
1143 2000 61 34 till
1245 1999 91 35 eller
1376 1999 130 34 kunde
1546 1998 179 35 befordra
1756 2000 62 32 ut-

222 2055 225 46 vecklingen
492 2055 106 34 inom
644 2055 72 33 den
761 2065 94 34 gren
902 2052 39 35 af
982 2051 418 46 landthushållningen,
1443 2050 59 35 för
1542 2050 159 34 hvilken
1740 2049 79 35 han

218 2107 128 35 blifvit
388 2106 167 36 anställd
581 2126 51 4 —
655 2105 145 46 jämväl
841 2105 124 45 ålåge:
1010 2106 58 32 att
1110 2106 100 32 sätta
1252 2103 57 46 sig
1349 2103 13 34 i
1398 2102 230 35 förbimdelse
1657 2102 87 34 med
1772 2101 45 34 de

218 2159 70 35 hos
328 2158 486 46 hushållningssällskapen
855 2156 187 35 anställde
1083 2155 260 35 instruktörer
1383 2154 60 35 för
1479 2155 136 44 utbyte
1649 2152 39 36 af
1716 2153 103 35 med-

219 2211 188 35 delanden
436 2210 72 35 och
535 2210 293 46 upplysningar;
860 2211 58 32 att
944 2207 195 46 själfmant
1158 2207 68 35 hos
1245 2206 416 45 landtbruksstyrelsen
1680 2204 137 35 föreslå

221 2264 45 34 de
308 2263 190 46 åtgärder,
542 2274 80 23 som
663 2261 76 35 han
775 2260 117 36 funne
919 2261 96 34 böra
1042 2259 176 46 vidtagas
1245 2259 59 35 för
1332 2258 285 36 vederbörande
1645 2257 173 45 närings-

220 2327 113 34 grens
359 2314 202 36 förkofran
590 2314 72 35 och
690 2314 138 45 skydd;
860 2314 58 33 att
946 2312 180 35 utarbeta
1153 2311 144 46 förslag
1326 2310 71 35 och
1421 2310 239 44 utlåtanden,
1683 2321 80 22 som
1785 2308 40 34 af

313 2374 69 31 Bih.
407 2374 50 31 till
481 2373 110 31 Riksd.
616 2373 86 31 Prot.
730 2374 92 31 1905.
870 2373 19 30 4
913 2372 98 31 Saml.
1037 2374 17 27 1
1082 2370 76 40 Afd.
1208 2371 41 30 10
1272 2369 93 40 Häft.
1757 2368 19 29 4
