2177 2691
421 186 39 32 42
857 191 251 33 Statsutskottets
1137 192 169 33 Utlåtande
1330 194 60 32 N:o
1415 196 50 32 10.

373 270 59 34 att
472 268 182 37 behofvet
695 270 41 36 af
772 273 213 35 samarbete
1020 273 110 36 äfven
1162 274 104 37 inom
1295 276 73 35 den
1396 277 194 48 egentliga
1618 277 344 38 försöksverksam-

371 321 116 36 heten
516 322 127 36 starkt
671 328 71 42 gör
770 324 57 47 sig
854 325 189 47 gällande.

500 375 57 35 En
585 375 74 36 viss
687 378 228 35 samverkan
933 379 141 36 mellan
1094 380 65 36 det
1178 381 202 47 praktiska
1395 381 233 48 jordbruket
1649 384 71 36 och
1735 384 71 36 här
1820 385 141 48 ifråga-

370 428 167 35 varande
566 428 313 38 försöksväsende
907 431 71 36 har
1005 445 89 23 man
1122 434 182 36 särskildt
1331 435 104 36 inom
1465 436 283 37 ofvannämnda
1772 439 189 35 Deutsche

370 480 638 40 Landwirthschafts-Gesellschaft
1045 486 88 35 sökt
1165 486 37 36 få
1230 487 61 36 till
1319 489 112 35 stånd
1459 501 138 35 genom
1627 493 59 32 att
1714 491 45 35 de
1789 491 41 35 af
1854 492 107 35 detta

371 533 167 48 sällskap
566 534 166 37 tillsatta
757 536 290 49 afdelningarna
1071 538 59 37 för
1148 539 252 47 jordbrukets
1421 542 103 36 olika
1543 543 417 48 verksamhetsgrenar,

369 589 51 44 på
460 588 126 46 grund
628 588 41 36 af
705 589 65 36 det
806 589 277 47 jämförelsevis
1119 592 101 48 höga
1248 594 140 48 belopp
1417 595 196 47 hvarmed,
1644 599 123 33 såsom
1794 600 166 45 nämnts,

370 640 209 47 sällskapet
607 642 267 47 understödjer
902 643 454 50 försöksverksamheten,
1387 654 72 41 äga
1488 651 59 33 att
1575 649 68 36 hos
1672 649 97 36 vissa
1795 649 165 37 försöks-

371 693 187 36 anstalter
597 695 144 46 begära
782 697 258 37 anställandet
1081 698 41 36 af
1158 699 130 36 försök
1316 700 58 35 för
1401 702 236 35 utrönandet
1666 703 41 34 af
1731 706 127 43 någon
1886 704 75 35 viss

369 750 178 30 närmare
576 747 180 46 angifven
783 748 120 47 fråga.

498 797 459 40 Försöksverksamheten
985 805 49 44 på
1058 802 389 48 jordbruksområdet
1474 806 13 35 i
1515 809 87 33 vårt
1621 807 216 47 grannland
1857 807 103 37 Dan-

368 851 103 34 mark
512 851 132 47 skiljer
684 853 57 46 sig
781 854 14 34 i
835 853 91 37 flera
966 856 213 47 väsentliga
1213 857 202 36 afseenden
1446 858 86 36 från
1559 860 66 35 det
1653 860 112 46 tyska
1793 860 166 36 försöks-

368 904 193 36 väsendet.
617 904 164 37 Sålunda
823 906 70 36 har
934 910 126 34 staten
1101 909 71 35 här
1207 911 102 46 tagit
1338 911 212 36 detsamma
1579 915 40 33 så
1647 913 95 46 godt
1770 925 81 23 som
1879 914 81 35 helt

369 956 71 35 och
473 956 120 37 hållet
620 957 13 35 i
661 958 57 35 sin
746 958 114 47 hand,
890 960 149 37 hvilket
1066 961 84 36 haft
1178 962 61 36 till
1267 963 105 47 följd,
1406 964 79 36 dels
1514 967 59 33 att
1601 965 65 36 det
1693 966 87 35 hela
1809 966 151 36 kunnat

369 1009 138 35 ordnas
534 1012 50 44 på
613 1013 57 33 ett
697 1023 82 23 mer
807 1013 262 45 systematiskt
1098 1014 71 36 och
1196 1015 254 49 planmässigt
1478 1020 89 43 sätt,
1597 1018 79 35 dels
1705 1021 60 33 att
1794 1021 40 33 åt
1855 1019 104 36 olika

366 1073 140 34 grenar
535 1062 42 35 af
599 1062 445 40 försöksverksamheten
1071 1067 150 36 kunnat
1249 1069 122 46 gifvas
1399 1082 47 23 en
1474 1082 81 23 mer
1583 1070 241 49 själfständig
1853 1072 106 35 ställ-

366 1114 105 47 ning,
514 1115 80 36 dels
636 1116 83 46 ock,
763 1120 60 33 att
864 1118 106 36 dessa
1006 1119 103 36 olika
1136 1132 141 35 grenar
1304 1121 141 37 lättare
1474 1122 151 37 kunnat
1652 1124 157 46 bringas
1837 1125 123 35 under

367 1167 173 46 speciellt
582 1168 218 48 sakkunnig
841 1170 167 48 ledning.
1064 1172 140 36 Vidare
1238 1179 66 31 äro
1339 1195 50 4 —
1425 1175 13 35 i
1474 1178 162 33 motsats
1664 1176 61 35 till
1752 1176 101 36 hvad
1881 1177 76 35 för-

366 1218 199 36 hållandet
593 1226 43 29 är
663 1220 13 35 i
704 1222 190 45 Tyskland
922 1243 51 4 —
1000 1224 75 35 alla
1104 1225 291 46 analysarbeten
1414 1227 60 35 för
1493 1227 278 36 allmänhetens
1791 1229 165 47 räkning

366 1270 245 48 fullständigt
652 1273 124 36 skilda
817 1274 84 36 från
942 1276 445 38 försöksverksamheten
1417 1280 71 35 och
1517 1280 283 36 öfverlämnade
1830 1283 41 33 åt
1898 1281 59 35 för

366 1323 110 36 deras
503 1324 204 37 utförande
736 1327 182 36 särskildt
946 1330 246 45 upprättade,
1223 1334 104 32 stora
1356 1332 71 35 och
1455 1332 276 36 välutrustade
1757 1334 197 45 anstalter,

366 1388 40 22 en
446 1376 60 35 för
546 1376 233 37 frökontroll
813 1380 71 34 och
913 1392 40 23 en
980 1381 60 35 för
1066 1381 175 37 kemiska
1268 1384 344 48 undersökningar.
1670 1385 187 47 Slutligen
1885 1386 71 35 har

365 1428 72 35 den
466 1429 146 36 danska
639 1429 445 40 försöksverksamheten
1113 1437 78 33 satt
1210 1438 122 33 såsom
1353 1436 57 35 sin
1429 1437 302 48 hufvuduppgift
1752 1441 59 32 att
1827 1438 129 36 direkt

364 1481 93 35 söka
498 1482 80 35 lösa
618 1483 99 35 vissa
757 1483 60 36 för
857 1485 65 36 det
963 1487 203 45 praktiska
1202 1488 233 46 jordbruket
1476 1490 92 35 eller
1608 1491 82 35 dess
1732 1491 225 47 binäringar

363 1533 150 48 viktiga
552 1535 70 35 och
661 1536 290 46 betydelsefulla
980 1539 177 46 speciella
1185 1542 196 45 spörsmål,
1411 1542 59 35 för
1497 1542 149 36 hvilket
1674 1543 179 36 ändamål
1880 1544 76 35 för-

364 1586 118 35 söken
509 1607 51 4 —
587 1588 70 35 där
684 1588 66 36 det
773 1589 99 35 låter
900 1590 57 47 sig
984 1595 95 43 göra
1106 1612 51 5 —
1184 1592 147 37 utföras
1359 1594 85 36 icke
1472 1594 13 36 i
1505 1594 324 37 försöksledarnes
1849 1596 105 35 labo-

363 1639 167 36 ratorier
572 1640 92 36 eller
699 1644 50 44 på
777 1645 80 32 små
880 1642 292 48 försöksgårdar
1199 1648 96 33 utan
1323 1646 13 36 i
1360 1646 277 46 jämförelsevis
1661 1651 81 33 stor
1770 1649 107 35 skala
1904 1652 50 43 på

364 1691 173 36 enskilda
564 1693 142 46 gårdar
733 1693 13 35 i
776 1694 103 36 olika
907 1695 227 47 landsdelar,
1156 1698 136 36 därvid
1311 1699 132 46 hvarje
1463 1699 131 36 försök
1613 1701 200 46 samtidigt
1832 1704 123 44 pågår

362 1745 49 44 på
451 1743 93 36 flera
587 1744 103 36 olika
728 1746 148 37 ställen.
932 1748 233 47 Härigenom
1192 1750 72 36 har
1292 1751 294 37 åstadkommits
1615 1755 57 33 ett
1699 1753 13 35 i
1740 1753 91 36 flera
1859 1754 94 36 hän-

362 1797 163 35 seenden
565 1798 201 47 gagneligt
807 1801 213 36 samarbete
1062 1802 142 35 mellan
1245 1804 45 34 de
1321 1804 103 35 olika
1452 1804 306 37 försöksledarne
1788 1806 72 35 och
1887 1807 66 35 det

361 1849 203 45 praktiska
600 1849 252 47 jordbrukets
893 1852 145 47 idkare,
1067 1854 150 36 hvilket
1246 1857 213 35 samarbete
1487 1857 117 35 bland
1634 1861 118 32 annat
1780 1858 84 36 haft
1891 1859 62 35 till

361 1899 106 47 följd,
506 1904 59 33 att
593 1902 107 36 dessa
729 1915 131 24 senare
888 1905 86 35 med
1002 1906 115 47 lifligt
1145 1907 159 36 intresse
1335 1908 163 36 omfatta
1526 1909 179 36 försöken
1734 1910 72 36 och
1833 1911 120 35 redan

360 1952 85 36 från
486 1953 137 47 början
662 1955 93 46 hysa
791 1955 221 38 förtroende
1040 1958 61 36 till
1130 1959 45 35 de
1204 1972 128 23 vunna
1360 1961 224 47 resultaten,
1613 1962 133 36 hvilka
1770 1962 44 47 ju
1841 1963 111 36 vuxit

360 2005 97 35 fram
486 2010 39 33 så
555 2009 59 33 att
643 2013 90 41 säga
761 2008 122 36 under
910 2009 109 37 deras
1049 2023 96 35 egna
1175 2016 111 43 ögon.
1343 2012 129 37 Såsom
1501 2026 46 24 en
1574 2015 227 47 ytterligare
1829 2015 124 36 fördel

360 2057 64 36 vid
452 2071 47 23 en
526 2061 50 45 på
604 2060 108 36 detta
732 2063 79 33 sätt
831 2062 146 35 ordnad
996 2063 396 38 försöksverksamhet
1406 2066 79 35 kan
1499 2067 233 46 framhållas,
1749 2070 60 33 att
1823 2071 128 44 någon

359 2109 82 36 fara
469 2110 60 36 för
557 2114 59 33 att
644 2112 58 36 tid
731 2113 72 35 och
830 2113 210 38 kostnader
1068 2116 107 36 skola
1197 2117 112 36 offras
1328 2120 51 44 på
1397 2118 142 46 försök,
1561 2119 153 36 afsedda
1735 2123 60 32 att
1813 2121 137 35 utreda

358 2174 83 24 mer
481 2164 212 37 teoretiska
725 2165 131 47 frågor
884 2166 41 36 af
949 2167 278 49 öfvervägande
1256 2171 288 47 vetenskapligt
1571 2172 159 36 intresse
1760 2172 71 36 och
1856 2176 95 33 utan

358 2218 128 44 någon
514 2217 130 35 direkt
670 2218 195 46 betydelse
893 2219 59 35 för
979 2221 221 46 praktiken,
1230 2222 194 48 knappast
1452 2223 213 37 förefinnes.
1709 2225 143 36 Genom
1876 2226 74 35 den

357 2267 138 37 intima
523 2269 241 47 förbindelse,
794 2270 110 36 hvari
932 2272 304 38 försöksledarne
1264 2275 157 36 komma
1447 2276 61 35 till
1527 2276 150 36 landets
1696 2280 97 33 mest
1812 2278 137 36 intres-

358 2321 129 36 serade
530 2322 72 36 och
642 2323 127 36 vakna
805 2323 269 50 jordbrukare,
1116 2327 118 35 blifva
1268 2329 46 34 de
1343 2329 195 47 nämligen
1565 2330 75 35 lätt
1667 2330 13 35 i
1708 2330 153 36 tillfälle
1890 2333 59 33 att
