2188 2677
433 187 60 32 128
870 189 252 33 Statsutskottets
1151 190 168 34 Utlåtande
1342 192 62 32 N:o
1429 195 50 31 10.

385 269 65 35 det
486 271 121 45 något
634 268 177 49 förhöjda
839 269 174 38 arfvodet
1042 274 39 34 åt
1110 285 299 26 amanuenserna
1436 275 97 36 hade
1563 276 65 36 det
1655 277 195 47 nämligen
1878 278 99 37 visat

384 322 57 47 sig
470 322 178 48 omöjligt
668 325 58 33 att
745 324 121 35 under
885 327 127 45 någon
1031 325 132 47 längre
1183 327 59 36 tid
1259 327 100 37 fästa
1378 328 63 36 vid
1461 329 518 50 amanuenstjänstgöringen

383 375 13 35 i
424 376 435 36 centralämbetsverket
890 376 60 37 för
978 378 64 36 det
1070 379 203 47 praktiska
1301 381 229 47 skogsyrket
1558 383 199 36 utbildade
1785 396 191 35 personer.

383 428 109 36 Efter
520 441 46 23 en
593 429 157 36 kortare
778 430 59 36 tid
864 430 162 48 plägade
1056 431 114 47 desse,
1202 435 122 36 såsom
1350 435 189 46 naturligt
1558 448 101 34 vore,
1682 437 93 35 söka
1795 439 58 34 att
1873 438 12 35 i
1906 438 71 35 den

382 481 203 47 praktiska
625 482 229 48 utöfningen
896 483 40 36 af
973 484 68 36 sitt
1081 485 94 46 yrke
1209 486 116 36 vinna
1354 499 46 24 en
1427 489 129 35 bättre
1583 489 186 47 utkomst,
1801 496 49 30 än
1877 491 101 36 hvad

383 535 428 48 amanuensbefattning
852 536 13 35 i
906 538 434 38 centralämbetsverket
1380 541 129 36 kunde
1551 541 170 48 erbjuda.
1787 543 190 47 Styrelsen

383 591 139 45 ansåge
552 588 140 47 därför,
723 591 59 34 att
810 601 46 24 en
885 590 146 47 ökning
1060 590 41 36 af
1126 592 72 35 den
1219 593 191 36 ordinarie
1430 595 226 46 personalen
1675 608 90 24 vore
1786 597 72 35 den
1879 598 98 35 enda

381 644 180 45 utvägen,
591 642 251 47 hvarigenom
870 643 379 49 skogsafdelningens
1276 646 201 37 kännbara
1504 648 119 36 behof
1647 648 41 36 af
1710 648 267 49 förstärkning

381 694 13 35 i
422 695 82 34 dess
546 695 277 35 arbetskrafter
850 696 129 35 kunde
1007 700 50 42 på
1085 699 58 33 ett
1171 698 353 37 tillfredsställande
1553 703 77 33 sätt
1659 701 203 46 afhjälpas.
1918 704 58 33 En

381 746 118 34 sådan
530 745 266 49 förstärkning
823 747 13 35 i
865 748 327 36 arbetskrafterna
1219 749 60 36 för
1306 751 282 47 uppehållande
1616 755 49 45 på
1694 755 57 34 ett
1779 754 197 48 nöjaktigt

381 801 78 33 sätt
501 799 40 35 af
577 800 222 46 göromålen
837 803 21 33 å
894 801 124 35 denna
1060 801 195 49 afdelning
1290 804 237 36 erfordrades
1560 805 12 35 i
1606 806 81 35 lika
1715 809 88 33 mån
1832 810 21 33 å
1881 808 96 35 hvar

381 851 72 36 och
482 864 46 23 en
557 852 41 35 af
622 852 45 35 de
695 855 59 33 tre
782 853 188 46 byråerna
999 854 72 35 och
1098 855 118 36 borde
1246 856 130 35 därför
1402 858 226 47 ytterligare
1650 870 47 24 en
1716 859 74 35 fast
1810 860 166 36 anställd

378 903 235 47 tjänsteman
649 905 13 35 i
697 905 120 36 första
857 906 146 46 graden
1043 907 163 36 tillföras
1247 908 131 48 hvarje
1411 910 106 46 byrå.
1573 911 145 36 Endast
1752 912 224 47 därigenom

379 959 127 44 syntes
535 958 190 35 ärendena
753 958 132 36 kunna
912 959 13 35 i
953 959 77 47 god
1057 960 59 35 tid
1144 961 72 35 och
1243 962 87 35 med
1358 963 270 46 noggrannhet
1656 964 248 48 handläggas.

508 1010 187 47 Slutligen
736 1011 71 35 har
848 1011 185 47 styrelsen
1073 1012 222 48 framhållit,
1340 1017 70 44 att,
1444 1016 87 35 med
1559 1016 247 49 tillämpning
1842 1018 40 35 af
1906 1031 69 23 nu-

378 1063 166 35 varande
581 1063 391 47 aflöningsförmåner,
1002 1064 59 36 för
1089 1069 58 32 tre
1176 1067 189 35 notariers
1395 1068 237 36 anställande
1661 1070 239 37 erfordrades
1929 1084 47 23 en

378 1115 147 48 ökning
559 1116 13 35 i
607 1117 65 35 det
711 1118 199 35 bestämda
952 1117 172 48 anslaget
1165 1119 61 35 till
1255 1120 326 47 domänstyrelsen
1610 1122 41 35 af
1677 1125 109 44 9,000
1816 1124 156 37 kronor.

377 1168 128 36 Under
531 1168 281 48 förutsättning
841 1170 40 35 af
904 1170 109 36 bifall
1040 1171 133 35 härtill
1202 1172 122 36 skulle
1353 1174 213 35 emellertid
1586 1175 65 35 det
1671 1178 109 32 extra
1800 1177 173 46 anslaget

378 1220 40 35 af
457 1223 71 33 750
570 1221 145 37 kronor
755 1222 61 35 till
844 1223 73 35 den
946 1222 40 35 af
1014 1223 183 47 styrelsen
1225 1224 13 35 i
1265 1225 66 35 det
1358 1225 229 48 föregående
1621 1226 261 48 omförmälda,
1913 1229 60 36 för

376 1273 74 35 viss
492 1274 60 35 del
585 1274 41 35 af
650 1277 83 33 året
761 1274 153 36 afsedda
943 1278 109 32 extra
1079 1277 474 49 revisorstjänstgöringen
1580 1279 86 36 icke
1694 1280 130 36 vidare
1852 1281 119 36 blifva

375 1325 198 48 behöfligt.

503 1432 52 36 På
583 1436 78 33 sätt
689 1433 326 47 domänstyrelsen
1043 1433 13 36 1
1084 1434 56 36 sin
1169 1447 52 23 nu
1250 1434 250 38 omförmälda
1529 1436 196 38 skrifvelse
1744 1438 223 47 framhållit,

374 1485 124 46 hafva,
529 1487 121 34 under
678 1487 73 34 den
770 1486 59 36 tid
849 1487 183 45 styrelsen
1051 1487 101 36 varit
1172 1488 12 34 i
1204 1488 255 47 verksamhet,
1480 1491 223 45 göromålen
1724 1494 21 33 å
1766 1492 203 46 styrelsens

374 1538 313 47 skogsafdelning
715 1542 40 32 så
783 1539 167 46 tillväxt,
981 1541 58 33 att
1068 1539 255 48 afdelningen,
1353 1541 60 36 för
1441 1543 208 35 ärendenas
1677 1544 292 47 handläggning

373 1590 105 36 inom
519 1591 126 46 skälig
685 1591 69 46 tid,
798 1597 42 30 är
867 1591 12 35 i
909 1594 98 33 stort
1047 1592 119 35 behof
1204 1592 41 36 af
1280 1593 266 48 förstärkning
1582 1595 13 35 i
1624 1595 81 36 dess
1747 1598 222 35 nuvarande

374 1643 289 36 arbetskrafter.

501 1696 17 34 I
546 1696 108 35 detta
692 1696 274 47 sammanhang
1000 1698 109 34 torde
1139 1698 66 35 det
1232 1698 147 36 tillåtas
1406 1700 80 46 mig
1516 1700 126 35 erinra
1671 1701 133 36 därom
1833 1705 58 32 att
1919 1723 50 4 —

373 1748 115 35 sedan
529 1748 338 47 domänstyrelsen,
909 1749 87 35 med
1037 1750 178 35 anmälan
1257 1753 59 33 att
1348 1754 50 44 på
1426 1752 125 46 grund
1580 1753 42 35 af
1646 1753 64 35 det
1738 1754 12 35 i
1779 1755 190 47 väsentlig
1992 1776 3 3 -:

372 1800 96 46 grad
509 1801 122 35 ökade
674 1802 150 34 arbetet
862 1804 21 32 å
920 1802 202 45 styrelsens
1164 1803 312 48 skogsafdelning
1509 1805 260 36 kostnaderna
1796 1806 60 36 för
1882 1819 86 23 ren-

372 1852 190 48 skrifning
604 1856 21 33 å
666 1866 144 23 samma
838 1853 195 47 afdelning
1062 1857 42 33 år
1132 1855 84 35 från
1246 1858 41 32 år
1316 1857 109 46 stigit
1454 1857 72 35 och
1555 1858 120 35 under
1703 1859 194 35 nästlidna
1927 1863 41 32 år

370 1904 209 37 beräknats
606 1906 157 36 komma
792 1908 59 33 att
878 1910 130 43 uppgå
1036 1907 61 35 till
1125 1910 40 32 så
1192 1908 96 45 högt
1316 1909 151 47 belopp,
1498 1912 59 33 att
1585 1910 60 35 till
1673 1910 95 47 följd
1796 1911 115 36 häraf
1931 1914 36 33 at

371 1958 65 34 det
456 1960 21 33 å
497 1959 202 45 styrelsens
724 1961 77 33 stat
820 1958 191 47 uppförda
1029 1959 200 36 bestämda
1249 1961 172 46 anslaget
1441 1961 61 35 till
1526 1962 438 49 »vikariatsersättning,

371 2009 182 37 arfvoden
594 2011 59 36 för
693 2011 352 47 byggnadsplaners
1086 2012 249 48 granskning,
1379 2016 39 33 åt
1460 2027 249 23 amanuenser
1747 2016 72 35 och
1857 2019 108 33 extra

368 2062 190 47 biträden,
588 2063 295 47 renskrifnings-
913 2064 71 35 och
1011 2064 473 48 tryckningskostnader»,
1512 2070 135 43 22,300
1669 2068 156 46 kronor,
1842 2069 122 46 jämte

370 2114 65 36 det
476 2118 49 44 på
567 2120 109 32 extra
717 2118 76 34 stat
832 2116 186 35 alltsedan
1052 2119 41 33 år
1125 2120 93 33 1901
1251 2118 177 36 anvisade
1455 2119 183 48 beloppet
1670 2121 82 35 »till
1781 2121 183 36 arfvoden

370 2170 40 32 åt
452 2180 249 25 amanuenser
743 2169 71 35 och
848 2171 109 33 extra
984 2169 179 36 biträden
1192 2173 21 32 å
1241 2171 201 45 styrelsens
1471 2172 347 48 skogsafdelning»,
1852 2177 110 43 6,100

367 2219 157 47 kronor,
555 2224 56 33 ett
640 2221 130 36 alltför
797 2221 111 46 ringa
934 2221 141 47 belopp
1100 2222 123 36 blefve
1244 2223 117 47 öfrigt
1381 2224 60 35 till
1460 2225 203 46 utdelning
1683 2228 123 33 såsom
1826 2229 137 33 ersätt-

367 2272 93 47 ning
480 2273 59 36 för
559 2276 142 44 arbete,
719 2286 80 24 som
816 2273 40 35 af
867 2274 202 46 styrelsens
1086 2277 109 33 extra
1210 2275 232 46 tjänstemän
1458 2276 151 47 utförts,
1634 2278 6 34 i
1655 2279 309 47 underdånighet
