2180 2667
710 190 246 33 Statsutskottets
987 188 166 34 Utlåtande
1176 187 61 33 N:o
1262 188 51 34 10,
1722 184 40 33 39

342 273 178 36 Härefter
567 273 174 36 anhåller
776 272 69 48 jag
886 274 60 34 att
985 272 38 35 få
1063 270 236 37 underställa
1340 268 119 36 Eders
1499 266 138 48 Kungl.
1679 264 129 48 Maj:ts

214 326 182 47 pröfning
437 339 46 23 en
524 326 121 47 fråga,
684 339 91 33 som,
806 326 121 35 ehuru
954 325 85 35 icke
1068 324 60 36 för
1155 322 238 38 närvarande
1421 319 232 49 påkallande
1681 321 129 45 någon

216 379 163 47 ändring
421 379 42 36 af
500 379 65 36 det
605 379 122 35 under
766 378 250 36 förevarande
1058 376 240 48 anslagstitel
1330 375 13 35 i
1369 375 210 35 riksstaten
1620 371 190 48 uppförda

213 432 154 47 belopp,
409 432 121 35 likväl
557 433 114 35 berör
699 435 39 32 så
746 434 161 43 många
935 431 84 35 från
1048 428 267 47 anslagstiteln
1343 440 51 22 nu
1422 425 193 48 utgående
1644 425 167 46 anslags-

213 487 143 44 poster,
387 487 59 32 att
474 484 73 35 den
575 496 107 34 synes
709 484 210 46 lämpligen
945 482 246 36 böra
1046 473 20 62 i
1084 482 107 36 detta
1211 479 276 46 sammanhang
1502 478 61 35 till
1576 477 236 47 behandling

214 540 204 44 upptagas.
474 537 72 47 Jag
575 536 99 36 afser
700 537 72 35 här
800 537 73 34 den
900 535 59 35 för
986 538 69 33 vår
1082 533 272 46 modernäring
1382 531 242 47 synnerligen
1647 530 163 46 viktiga,

215 590 117 36 sedan
351 592 140 45 många
511 593 43 32 år
568 589 165 36 tillbaka
752 591 49 45 på
818 588 292 47 dagordningen
1124 586 156 36 stående
1296 585 137 47 frågan
1449 597 62 23 om
1526 586 58 33 ett
1599 582 212 37 ändamåls-

217 643 122 46 enligt
368 642 194 35 ordnande
591 642 42 35 af
656 641 333 36 försöksväsendet
1016 642 50 45 på
1089 638 399 47 jordbruksområdet.

345 695 85 45 Det,
459 707 80 23 som
567 695 123 35 under
717 695 106 34 dessa
853 693 91 35 sista
973 692 203 36 årtionden
1204 703 81 23 mer
1304 696 49 30 än
1372 693 121 43 något
1509 691 119 33 annat
1641 687 172 47 bidragit

216 748 62 35 till
305 749 61 34 att
401 747 83 36 föra
518 747 45 35 de
604 747 203 47 praktiska
844 746 234 46 näringarna
1106 744 142 36 framåt
1278 743 70 36 och
1376 743 65 36 vid
1468 742 110 36 deras
1605 740 208 36 utöfvande

217 800 223 35 underlätta
467 800 249 46 uppnåendet
745 799 41 35 af
809 798 354 36 tillfredsställande
1191 796 175 44 resultat,
1395 795 71 35 har
1493 794 102 35 varit
1623 794 65 35 det
1702 793 112 35 verk-

217 865 146 23 samma
390 852 156 35 bistånd
576 852 72 35 och
676 852 97 44 stöd,
803 863 81 23 som
912 851 13 34 i
952 850 82 35 rikt
1060 852 101 32 mått
1188 848 166 36 kommit
1383 848 86 34 dem
1497 847 62 35 till
1587 846 61 35 del
1675 857 140 35 genom

218 908 61 33 att
306 906 74 35 den
406 904 294 47 vetenskapliga
727 903 252 47 forskningen
1006 915 82 23 mer
1117 901 71 36 och
1216 914 81 22 mer
1323 900 129 36 blifvit
1479 899 89 36 ledd
1595 898 14 35 i
1635 898 180 46 praktisk

218 957 188 47 riktning.
461 957 331 46 Vetenskapsmän
819 956 14 35 i
861 955 124 36 skilda
1026 955 134 35 länder
1187 953 115 36 hafva
1330 953 13 35 i
1372 952 70 35 allt
1470 954 122 33 större
1620 950 194 36 utsträck-

220 1011 92 46 ning
341 1013 119 44 ägnat
487 1009 345 47 uppmärksamhet
861 1011 40 32 åt
929 1008 141 46 frågor,
1101 1019 81 23 som
1209 1006 130 35 direkt
1366 1005 138 35 beröra
1532 1003 204 47 praktiska
1756 1015 59 23 ar-

218 1064 134 35 betens
388 1062 205 36 utförande
622 1065 49 44 på
700 1060 387 47 ändamålsenligaste
1117 1060 72 35 och
1215 1061 99 33 mest
1341 1056 284 48 vinstgifvande
1654 1058 89 43 sätt,
1770 1056 46 34 de

220 1116 114 35 hafva
363 1116 88 35 sökt
478 1116 138 35 utreda
646 1114 207 36 orsakerna
881 1114 62 35 till
970 1116 61 32 att
1060 1115 57 33 ett
1135 1112 95 36 visst
1249 1117 177 30 närmare
1447 1109 171 47 angifvet
1636 1108 180 47 tillväga-

219 1171 203 45 gångssätt
449 1169 72 34 har
549 1167 144 47 tydligt
721 1167 193 35 företräde
943 1165 158 36 framför
1130 1167 57 33 ett
1216 1167 129 42 annat,
1377 1163 71 36 och
1467 1162 102 35 hvad
1589 1161 47 36 de
1656 1161 160 36 sålunda

220 1221 128 35 funnit
388 1220 115 36 hafva
545 1221 46 34 de
629 1221 213 34 sedermera
878 1218 199 48 praktiskt
1117 1217 155 47 pröfvat
1308 1216 60 36 för
1396 1217 59 34 att
1482 1214 102 36 inför
1611 1214 74 35 den
1713 1216 104 33 stora

221 1274 262 35 allmänheten
510 1273 132 47 påvisa
670 1272 270 36 hållbarheten
967 1271 13 35 i
1001 1271 45 35 de
1066 1270 42 36 af
1123 1271 87 34 dem
1229 1270 147 46 dragna
1397 1268 261 35 slutsatserna.
1700 1267 117 34 Detta

221 1327 74 35 den
335 1326 138 35 nutida
513 1325 280 46 vetenskapens
833 1324 229 47 ingripande
1090 1323 14 34 i
1131 1323 74 34 den
1246 1321 203 48 praktiska
1477 1318 340 48 näringsidkarens

222 1378 155 48 dagliga
405 1378 247 36 verksamhet
679 1378 71 34 har
778 1376 183 36 särskildt
988 1379 50 43 på
1061 1374 428 46 landthushållningens
1510 1372 104 35 olika
1636 1371 182 36 områden

221 1432 149 35 lämnat
397 1431 207 35 märkbara
634 1432 88 45 spår
750 1430 97 34 efter
875 1429 57 46 sig
961 1428 72 35 och
1061 1428 139 46 skapat
1229 1439 47 23 en
1303 1426 121 35 under
1451 1424 269 46 vetenskaplig
1739 1423 79 35 led-

222 1484 95 45 ning
358 1483 115 35 ställd
513 1481 407 45 försöksverksamhet,
964 1493 61 23 om
1065 1480 114 35 hvars
1211 1477 291 48 betydelsefulla
1530 1476 210 47 inflytande
1768 1479 51 43 på

223 1535 276 47 utvecklingen
527 1538 140 44 många
695 1535 156 35 talande
879 1533 243 36 vittnesbörd
1149 1532 199 46 föreligga.

353 1589 133 34 Denna
514 1586 397 37 försöksverksamhet
937 1586 72 35 har
1036 1586 13 34 i
1078 1585 104 35 olika
1210 1584 134 36 länder
1371 1583 127 35 iklädt
1527 1582 57 47 sig
1603 1581 14 36 i
1635 1581 75 35 viss
1729 1583 90 33 mån

226 1640 104 35 olika
371 1640 142 35 former
555 1640 72 35 och
668 1639 147 36 tillåter
838 1639 68 46 jag
934 1638 80 47 mig
1041 1638 72 34 här
1141 1639 60 33 att
1228 1637 14 34 i
1270 1639 142 33 största
1439 1634 162 36 korthet
1628 1633 191 47 redogöra

225 1693 59 35 för
323 1692 295 47 hufvuddragen
659 1692 42 35 af
737 1692 65 34 det
844 1693 89 43 sätt,
975 1691 147 45 hvarpå
1157 1690 73 35 den
1256 1689 130 35 blifvit
1414 1687 146 35 ordnad
1588 1687 13 34 i
1629 1686 191 46 Tyskland

227 1745 71 36 och
326 1744 209 46 Danmark,
564 1745 46 35 de
638 1747 67 32 två
734 1743 41 36 af
797 1746 92 33 våra
917 1742 271 48 grannländer,
1218 1742 69 35 där
1315 1742 73 35 den
1414 1743 87 33 nått
1521 1739 58 36 sin
1598 1741 142 33 största
1758 1741 62 33 ut-

225 1798 180 46 veckling
435 1798 72 36 och
536 1797 69 36 där
633 1797 82 35 dess
743 1796 236 46 verkningar
1005 1795 101 36 visat
1133 1795 57 46 sig
1218 1796 98 34 mest
1343 1792 292 37 fruktbärande.

356 1849 461 37 Försöksverksamheten
848 1849 13 34 i
898 1848 181 48 Tyskland
1118 1847 190 36 bedrifves
1348 1846 66 35 vid
1454 1848 57 33 ett
1554 1844 123 36 70-tal
1704 1844 118 34 rundt

227 1903 132 35 landet
401 1903 167 46 spridda,
606 1902 13 35 i
654 1901 211 36 allmänhet
906 1901 87 35 med
1034 1900 222 36 statsmedel
1295 1898 274 45 understödda,
1598 1898 14 34 i
1639 1897 46 34 de
1713 1895 110 36 flesta

228 1956 67 34 fall
335 1955 89 35 fullt
464 1955 208 36 fristående
713 1954 350 45 försöksstationer,
1106 1953 41 35 af
1179 1952 133 36 hvilka
1341 1964 47 23 en
1416 1951 62 34 del
1504 1949 223 47 visserligen
1755 1954 67 29 äro

228 2008 177 47 förlagda
446 2007 62 36 till
540 2019 144 24 samma
713 2007 129 35 städer
870 2018 81 24 som
978 2009 128 42 någon
1133 2005 120 47 högre
1281 2001 542 46 landtbruksundervisnings-

230 2060 154 46 anstalt,
414 2073 87 23 men
529 2060 121 35 likväl
677 2059 85 36 icke
790 2059 13 35 i
831 2059 105 46 regel
963 2061 59 33 stå
1041 2058 13 35 i
1075 2061 119 33 annat
1213 2057 184 36 samband
1416 2056 87 35 med
1522 2056 232 43 densamma,
1776 2058 49 30 än

231 2116 59 32 att
319 2113 211 35 anstaltens
557 2113 125 34 lärare
710 2115 94 43 taga
831 2112 177 34 verksam
1036 2111 62 34 del
1126 2111 13 34 i
1166 2109 363 36 försöksstationens
1558 2109 169 34 arbeten.
1770 2106 53 35 De

232 2166 123 35 äldsta
392 2164 401 46 försöksstationerna,
823 2176 81 23 som
932 2162 216 47 grundades
1176 2162 120 36 redan
1322 2162 14 34 i
1362 2160 139 47 början
1528 2160 42 35 af
1597 2158 226 45 1840-talet,

235 2230 89 23 voro
352 2217 63 36 till
440 2217 239 36 karaktären
706 2216 364 36 kontrollstationer
1098 2215 71 36 och
1196 2215 99 35 hade
1323 2214 62 35 till
1412 2212 156 47 uppgift
1596 2215 60 32 att
1683 2213 49 45 gå
1756 2210 68 35 all-

232 2269 207 36 mänheten
465 2269 63 35 till
555 2269 127 36 handa
710 2269 88 35 med
825 2268 333 46 undersökningar
1186 2267 42 35 af
1247 2265 182 48 jordprof
1451 2268 99 32 samt
1576 2264 103 36 olika
1698 2263 127 35 landt-

233 2334 268 34 mannavaror,
543 2322 14 34 i
597 2321 160 37 främsta
794 2324 167 33 rummet
989 2321 13 34 i
1029 2320 168 36 handeln
1233 2318 314 37 förekommande
1575 2315 149 48 gödsel-
1754 2315 72 35 och

1854 259 155 32 Inledning.

1838 1574 204 25 Försöksverk-

1854 1610 145 25 samheten
2017 1610 10 23 i

1838 1645 143 32 Tyskland
1990 1645 54 24 och

1867 1681 149 24 Danmark.
