2194 2674
710 185 251 32 Stutsutskottets
991 181 170 33 Utlåtande
1184 181 61 33 N:o
1270 182 51 31 10.
1714 178 60 31 181

220 262 59 35 för
308 264 57 33 att
395 260 37 36 få
461 261 142 35 kartan
631 259 13 35 i
672 258 124 35 denna
823 257 150 35 mindre
1002 255 106 35 skala
1132 254 89 35 fullt
1240 253 139 45 läsbar,
1399 252 216 46 hvarjämte
1634 251 94 35 kärr
1748 251 72 35 och

220 313 305 48 terrängformer
546 312 79 35 ofta
646 313 40 33 så
706 309 231 37 skematiskt
957 307 229 48 återgifvits,
1209 308 59 34 att
1289 304 237 47 orientering
1540 307 66 32 ute
1635 307 9 32 å
1658 303 162 36 marken

221 368 13 33 i
270 367 78 46 hög
385 366 97 48 grad
519 365 220 35 försvårats.
795 363 88 35 Men
921 361 121 47 enligt
1092 363 55 33 vår
1175 359 118 36 tanke
1322 358 76 35 blir
1424 358 144 35 kartan
1594 356 224 47 härigenom

222 419 132 36 alltför
389 416 394 44 otillfredsställande;
818 416 124 34 denna
975 417 121 43 utväg
1129 412 132 35 kunna
1289 411 39 35 vi
1357 410 113 36 alltså
1498 409 86 35 icke
1613 409 207 46 tillstyrka.

353 472 73 34 Det
455 472 166 33 återstår
649 469 48 34 då
725 468 103 35 blott
858 469 59 33 att
944 466 102 46 välja
1066 466 74 34 den
1159 467 123 32 större
1303 463 145 35 skalan.
1490 462 120 45 Ingen
1629 461 192 43 förnekar,

224 527 58 32 att
325 524 124 34 denna
491 522 13 35 i
546 521 72 36 och
650 521 60 35 för
737 520 58 46 sig
824 525 43 30 är
892 520 130 34 bättre
1052 523 48 30 än
1128 517 74 35 den
1229 516 161 44 mindre,
1418 513 216 47 hvarjämte
1663 513 74 35 den
1765 512 60 36 för

223 576 98 35 vissa
363 574 256 36 norrländska
661 572 153 36 trakter
857 577 42 30 är
935 571 80 34 lika
1047 569 167 47 befogad
1243 580 81 24 som
1352 568 59 34 för
1439 567 112 35 södra
1580 565 164 47 Sverige,
1775 565 48 35 då

224 629 107 34 dessa
359 627 154 36 trakter
550 631 67 30 äro
646 625 82 35 lika
761 627 80 33 tätt
868 623 204 36 befolkade
1103 622 71 35 och
1202 621 81 35 lika
1311 619 156 47 mycket
1495 618 219 47 uppodlade
1743 630 82 23 som

225 681 45 34 de
311 680 109 35 flesta
463 679 191 46 sydligare
695 676 230 36 landsdelar.
982 675 146 34 Endast
1170 686 46 22 en
1247 673 114 35 karta
1391 672 14 34 i
1433 671 135 35 skalan
1599 672 224 43 1:100,000

224 733 79 35 kan
330 733 130 35 lämna
490 743 47 23 en
564 731 13 34 i
605 729 118 46 detalj
754 728 243 47 någorlunda
1026 730 139 42 trogen
1191 725 83 36 bild
1302 724 42 35 af
1366 727 210 43 terrängen
1601 722 71 36 och
1692 722 136 35 endast

226 785 124 35 denna
391 784 116 35 karta
542 788 43 30 är
613 782 130 36 därför
771 779 357 37 tillfredsställande
1157 778 60 35 för
1245 777 119 36 andra
1392 775 205 47 praktiska
1626 774 124 46 syften
1779 780 61 29 än”

226 838 45 34 de
309 839 88 33 rent
433 836 183 34 militära.
673 835 80 34 Den
788 833 77 35 blir
894 832 115 35 också
1037 831 60 35 för
1124 831 75 34 den
1226 830 63 35 del
1317 829 41 35 af
1382 827 272 44 allmänheten,
1684 838 80 24 som
1794 826 32 46 ej

226 889 80 35 kan
340 888 90 46 nöja
468 888 57 46 sig
566 887 87 35 med
692 898 46 23 en
766 885 114 36 karta
910 884 13 35 i
952 883 135 36 skalan
1120 883 238 44 1:200,000,
1388 880 155 46 mycket
1570 879 180 46 billigare
1780 883 49 30 än

228 942 46 34 de
302 953 53 23 nu
383 940 59 36 för
471 939 262 36 allmänheten
761 937 246 47 tillgängliga
1035 935 140 36 bladen
1203 934 14 36 i
1245 934 136 35 skalan
1412 934 212 43 1:50,000,
1655 931 48 35 då
1722 936 106 30 näm-

228 994 105 46 ligen
361 995 57 33 ett
446 993 82 34 helt
557 991 164 35 zonblad
750 991 12 33 i
791 988 235 37 sistnämnda
1048 987 108 35 skala
1175 987 136 34 kostar
1333 988 18 32 6
1373 985 145 34 kronor
1538 984 93 35 eller
1651 983 178 46 omkring

231 1048 20 32 8
294 1048 146 44 gånger
482 1056 80 23 mer
604 1048 49 30 än
694 1045 58 32 ett
792 1041 92 36 blad
912 1041 12 34 i
953 1039 136 36 skalan
1120 1040 238 43 1:100,000.
1414 1030 121 41 Äfven
1563 1035 13 35 i
1603 1034 228 36 militäriskt

231 1098 174 35 afseende
446 1098 71 34 bör
559 1096 74 35 den
661 1097 124 33 större
813 1093 132 36 skalan
976 1113 51 3 —
1053 1091 120 35 redan
1201 1090 106 35 förut
1336 1089 152 35 använd
1515 1088 60 35 för
1602 1087 87 35 hela
1718 1087 113 35 södra

231 1150 153 47 Sverige
412 1171 51 3 —
491 1161 93 23 vara
612 1148 10 34 i
655 1147 70 36 och
755 1146 59 35 för
843 1146 56 46 sig
923 1146 129 35 bättre
1074 1149 48 30 än
1142 1144 74 34 den
1234 1142 161 36 mindre.
1438 1142 88 34 Men
1547 1152 46 23 en
1613 1139 217 47 olägenhet,

231 1215 81 23 som
353 1203 87 35 icke
481 1202 79 34 kan
601 1200 191 44 förnekas,
834 1198 125 46 ligger
1000 1197 95 45 däri,
1140 1198 59 33 att
1234 1195 142 35 bladen
1402 1194 13 34 i
1444 1194 74 34 den
1546 1195 122 33 större
1697 1191 135 36 skalan

232 1255 123 35 skulle
382 1255 159 34 komma
571 1255 60 33 att
661 1252 186 46 omgifvas
876 1250 41 35 af
940 1249 184 36 kartblad
1152 1248 13 35 i
1185 1248 70 35 den
1277 1247 150 35 mindre
1447 1245 145 36 skalan.
1635 1245 70 34 Att
1724 1244 108 35 detta

231 1310 122 33 måste
398 1306 98 36 vålla
539 1305 240 46 svårigheter
821 1309 42 29 är
903 1302 156 46 tydligt,
1094 1313 88 22 men
1209 1300 39 34 vi
1275 1299 133 35 kunna
1437 1298 31 46 ej
1500 1309 88 24 anse
1617 1297 107 35 dessa
1752 1296 77 35 lika

233 1362 115 42 stora,
393 1371 81 23 som
515 1358 47 35 de
592 1356 244 47 olägenheter
865 1361 79 39 äro,
973 1353 134 35 hvilka
1135 1352 166 46 härflyta
1330 1362 139 35 genom
1498 1348 271 37 användandet
1798 1348 38 35 af

233 1424 47 23 en
309 1412 70 35 allt
406 1411 61 35 för
493 1410 98 35 liten
619 1408 202 36 kartskala
849 1408 13 33 i
891 1419 43 23 en
962 1408 80 33 tätt
1060 1405 183 36 befolkad
1262 1403 120 36 trakt.
1430 1402 146 35 Endast
1596 1401 48 35 då
1663 1400 171 35 militära

236 1463 245 47 operationer
524 1467 72 41 äga
632 1473 86 23 rum
745 1463 51 44 på
824 1457 293 49 gränsområdet
1145 1457 143 35 mellan
1316 1456 45 34 de
1388 1455 102 35 båda
1518 1454 192 44 skalorna,
1739 1456 96 43 göra

236 1516 58 46 sig
322 1516 46 34 de
397 1514 167 36 nämnda
594 1513 300 46 olägenheterna
923 1510 189 47 gällande.
1157 1507 226 36 Emellertid
1411 1506 120 47 gifves
1551 1506 65 34 det
1636 1517 46 23 en
1701 1507 132 43 utväg,

237 1580 80 23 som
346 1567 122 35 skulle
497 1565 151 36 minska
677 1565 84 34 dem
794 1564 71 35 och
894 1575 81 23 som
1002 1562 13 34 i
1043 1561 93 46 följd
1166 1560 114 36 däraf
1301 1561 72 34 bör
1399 1559 208 45 begagnas,
1636 1558 74 34 den
1730 1562 106 29 näm-

236 1620 105 46 ligen
383 1621 59 33 att
482 1619 99 34 förse
620 1616 233 36 kartbladen
881 1616 13 33 i
922 1614 136 35 skalan
1088 1614 226 43 1:200,000
1344 1611 88 34 med
1461 1623 47 22 en
1535 1615 189 41 gränszon
1752 1608 86 35 från

236 1672 45 35 de
324 1670 266 47 angränsande
630 1669 143 35 bladen
804 1668 14 35 i
846 1667 135 36 skalan
1014 1667 224 42 1:100,000
1269 1666 99 33 samt
1396 1662 226 46 härigenom
1651 1659 186 36 förmedla

238 1724 262 47 öfvergången
528 1722 143 35 mellan
700 1721 44 35 de
772 1720 102 35 båda
903 1719 191 35 skalorna.

366 1776 56 34 Då
462 1775 39 35 vi
543 1774 113 35 alltså
685 1785 100 33 anse,
815 1775 59 33 att
902 1772 74 35 den
1003 1770 148 35 mindre
1181 1768 134 36 skalan
1345 1773 41 30 är
1414 1779 45 22 ur
1488 1766 119 35 andra
1635 1763 204 48 praktiska

239 1828 239 48 synpunkter
520 1833 47 29 än
612 1826 72 35 den
712 1828 87 33 rent
827 1824 171 35 militära
1025 1821 246 47 fullständigt
1300 1819 185 46 olämplig
1513 1820 99 33 samt
1641 1819 59 33 att
1730 1816 111 36 äfven

240 1883 72 34 den
339 1880 172 35 militära
539 1879 198 45 hänsynen
764 1877 77 36 blir
868 1876 63 35 väl
959 1874 258 47 tillgodosedd
1237 1884 140 36 genom
1396 1883 86 34 nyss
1501 1870 168 36 nämnda
1689 1869 151 47 åtgärd,

240 1936 32 33 så
320 1933 132 35 kunna
488 1931 35 35 vi
552 1930 31 47 ej
614 1930 130 47 undgå
774 1932 58 33 att
860 1926 207 48 tillstyrka,
1098 1928 59 33 att
1184 1926 59 35 för
1272 1925 45 35 de
1344 1924 72 35 här
1445 1923 154 35 afsedda
1627 1924 122 33 tätast
1777 1921 64 34 be-

239 1985 155 36 folkade
434 1984 204 35 trakterna
679 1982 138 35 kartor
857 1981 13 35 i
912 1980 134 35 skalan
1090 1980 225 43 1:100,000
1345 1978 122 34 måtte
1496 1976 210 34 utarbetas.
1760 1974 83 33 Den

242 2038 123 35 ökade
392 2036 181 44 kostnad,
597 2047 80 23 som
697 2034 115 36 häraf
828 2032 122 37 skulle
970 2031 218 36 föranledas
1207 2030 60 35 för
1286 2028 244 40 statsverket,
1551 2027 78 34 kan
1650 2025 193 36 afsevärdt

241 2089 232 46 nedbringas
514 2099 141 35 genom
697 2085 253 45 öfvergående
992 2083 62 35 till
1095 2095 47 23 en
1183 2080 305 48 mätningsskala
1526 2078 40 36 af
1602 2079 239 44 1:100,000,

241 2142 161 43 hvilket,
442 2139 160 47 jämlikt
644 2138 153 47 uppgift
826 2138 13 35 i
867 2136 225 36 förberörda
1128 2135 134 46 kungl.
1300 2133 95 45 bref,
1429 2132 60 35 för
1516 2130 132 46 hvarje
1679 2136 101 29 ännu
1811 2128 30 46 ej

242 2196 101 33 mätt
370 2193 91 35 blad
491 2191 41 36 af
556 2192 73 34 den
657 2189 264 48 topografiska
949 2189 143 34 kartan
1120 2186 149 36 medför
1298 2198 46 22 en
1363 2181 478 48 minskning
1594 2177 20 64 i
1638 2181 203 48 kostnaden

244 2246 42 35 af
321 2247 134 43 16,000
494 2244 157 44 kronor,
681 2243 141 35 hvaraf
846 2241 101 36 dock
974 2242 122 45 något
1123 2240 72 34 bör
1224 2238 188 46 afdragas,
1444 2237 48 34 då
1519 2236 189 34 kartorna
1736 2233 110 34 skola

245 2298 299 46 rekognosceras
574 2295 71 36 och
674 2294 148 36 utföras
850 2295 9 34 i
892 2304 140 24 samma
1065 2291 118 36 skala.
