<?xml version="1.0" encoding="UTF-8"?>
<alto xmlns="http://www.loc.gov/standards/alto/ns-v3#" xmlns:xlink="http://www.w3.org/1999/xlink" xmlns:xsi="http://www.w3.org/2001/XMLSchema-instance" xsi:schemaLocation="http://www.loc.gov/standards/alto/ns-v3# http://www.loc.gov/alto/v3/alto-3-0.xsd">
	<Description>
		<MeasurementUnit>pixel</MeasurementUnit>
		<sourceImageInformation>
			<fileName>/tmp/tess_e1ymszhc_input.PNG</fileName>
		</sourceImageInformation>
		<OCRProcessing ID="OCR_0">
			<ocrProcessingStep>
				<processingSoftware>
					<softwareName>tesseract 5.3.0</softwareName>
				</processingSoftware>
			</ocrProcessingStep>
		</OCRProcessing>
	</Description>
	<Layout>
		<Page WIDTH="2185" HEIGHT="2691" PHYSICAL_IMG_NR="0" ID="page_0">
			<PrintSpace HPOS="0" VPOS="0" WIDTH="2185" HEIGHT="2691">
				<ComposedBlock ID="cblock_0" HPOS="142" VPOS="523" WIDTH="205" HEIGHT="102">
					<TextBlock ID="block_0" HPOS="142" VPOS="523" WIDTH="205" HEIGHT="102">
						<TextLine ID="line_0" HPOS="142" VPOS="523" WIDTH="205" HEIGHT="26">
							<String ID="string_0" HPOS="142" VPOS="523" WIDTH="205" HEIGHT="26" WC="0.76" CONTENT="Detillkallade"/>
						</TextLine>
						<TextLine ID="line_1" HPOS="153" VPOS="567" WIDTH="185" HEIGHT="23">
							<String ID="string_1" HPOS="153" VPOS="567" WIDTH="185" HEIGHT="23" WC="0.94" CONTENT="personernas"/>
						</TextLine>
						<TextLine ID="line_2" HPOS="176" VPOS="596" WIDTH="138" HEIGHT="29">
							<String ID="string_2" HPOS="176" VPOS="596" WIDTH="138" HEIGHT="29" WC="0.94" CONTENT="yttrande."/>
						</TextLine>
					</TextBlock>
				</ComposedBlock>
				<ComposedBlock ID="cblock_1" HPOS="401" VPOS="183" WIDTH="1057" HEIGHT="39">
					<TextBlock ID="block_1" HPOS="401" VPOS="183" WIDTH="1057" HEIGHT="39">
						<TextLine ID="line_3" HPOS="401" VPOS="183" WIDTH="1057" HEIGHT="39">
							<String ID="string_3" HPOS="401" VPOS="183" WIDTH="59" HEIGHT="31" WC="0.96" CONTENT="178"/><SP WIDTH="391" VPOS="183" HPOS="460"/>
							<String ID="string_4" HPOS="851" VPOS="185" WIDTH="248" HEIGHT="34" WC="0.85" CONTENT="Statsutskottets"/><SP WIDTH="30" VPOS="185" HPOS="1099"/>
							<String ID="string_5" HPOS="1129" VPOS="188" WIDTH="168" HEIGHT="32" WC="0.83" CONTENT="UHåtande"/><SP WIDTH="25" VPOS="188" HPOS="1297"/>
							<String ID="string_6" HPOS="1322" VPOS="191" WIDTH="61" HEIGHT="31" WC="0.94" CONTENT="N:o"/><SP WIDTH="26" VPOS="191" HPOS="1383"/>
							<String ID="string_7" HPOS="1409" VPOS="192" WIDTH="49" HEIGHT="30" WC="0.96" CONTENT="10."/>
						</TextLine>
					</TextBlock>
				</ComposedBlock>
				<ComposedBlock ID="cblock_2" HPOS="369" VPOS="264" WIDTH="1595" HEIGHT="211">
					<TextBlock ID="block_2" HPOS="369" VPOS="264" WIDTH="1595" HEIGHT="142">
						<TextLine ID="line_4" HPOS="369" VPOS="264" WIDTH="1593" HEIGHT="55">
							<String ID="string_8" HPOS="369" VPOS="264" WIDTH="195" HEIGHT="37" WC="0.93" CONTENT="hvarefter"/><SP WIDTH="26" VPOS="264" HPOS="564"/>
							<String ID="string_9" HPOS="590" VPOS="265" WIDTH="179" HEIGHT="36" WC="0.93" CONTENT="bemälda"/><SP WIDTH="28" VPOS="265" HPOS="769"/>
							<String ID="string_10" HPOS="797" VPOS="278" WIDTH="191" HEIGHT="36" WC="0.96" CONTENT="personer,"/><SP WIDTH="31" VPOS="278" HPOS="988"/>
							<String ID="string_11" HPOS="1019" VPOS="270" WIDTH="97" HEIGHT="36" WC="0.96" CONTENT="efter"/><SP WIDTH="27" VPOS="270" HPOS="1116"/>
							<String ID="string_12" HPOS="1143" VPOS="270" WIDTH="169" HEIGHT="47" WC="0.96" CONTENT="kallelse,"/><SP WIDTH="31" VPOS="270" HPOS="1312"/>
							<String ID="string_13" HPOS="1343" VPOS="275" WIDTH="98" HEIGHT="44" WC="0.96" CONTENT="ånyo"/><SP WIDTH="27" VPOS="275" HPOS="1441"/>
							<String ID="string_14" HPOS="1468" VPOS="276" WIDTH="310" HEIGHT="36" WC="0.96" CONTENT="sammanträdde"/><SP WIDTH="23" VPOS="276" HPOS="1778"/>
							<String ID="string_15" HPOS="1801" VPOS="278" WIDTH="71" HEIGHT="35" WC="0.96" CONTENT="och"/><SP WIDTH="20" VPOS="278" HPOS="1872"/>
							<String ID="string_16" HPOS="1892" VPOS="279" WIDTH="70" HEIGHT="35" WC="0.96" CONTENT="den"/>
						</TextLine>
						<TextLine ID="line_5" HPOS="371" VPOS="318" WIDTH="1593" HEIGHT="55">
							<String ID="string_17" HPOS="371" VPOS="320" WIDTH="44" HEIGHT="33" WC="0.96" CONTENT="16"/><SP WIDTH="30" VPOS="320" HPOS="415"/>
							<String ID="string_18" HPOS="445" VPOS="318" WIDTH="208" HEIGHT="36" WC="0.96" CONTENT="november"/><SP WIDTH="28" VPOS="318" HPOS="653"/>
							<String ID="string_19" HPOS="681" VPOS="331" WIDTH="143" HEIGHT="24" WC="0.96" CONTENT="samma"/><SP WIDTH="30" VPOS="331" HPOS="824"/>
							<String ID="string_20" HPOS="854" VPOS="322" WIDTH="43" HEIGHT="33" WC="0.93" CONTENT="år"/><SP WIDTH="28" VPOS="322" HPOS="897"/>
							<String ID="string_21" HPOS="925" VPOS="320" WIDTH="153" HEIGHT="49" WC="0.91" CONTENT="afgåfvo"/><SP WIDTH="30" VPOS="320" HPOS="1078"/>
							<String ID="string_22" HPOS="1108" VPOS="324" WIDTH="61" HEIGHT="35" WC="0.96" CONTENT="till"/><SP WIDTH="27" VPOS="324" HPOS="1169"/>
							<String ID="string_23" HPOS="1196" VPOS="324" WIDTH="81" HEIGHT="47" WC="0.92" CONTENT="mig"/><SP WIDTH="28" VPOS="324" HPOS="1277"/>
							<String ID="string_24" HPOS="1305" VPOS="325" WIDTH="133" HEIGHT="37" WC="0.90" CONTENT="ställdt"/><SP WIDTH="28" VPOS="325" HPOS="1438"/>
							<String ID="string_25" HPOS="1466" VPOS="328" WIDTH="181" HEIGHT="45" WC="0.95" CONTENT="yttrande"/><SP WIDTH="29" VPOS="328" HPOS="1647"/>
							<String ID="string_26" HPOS="1676" VPOS="328" WIDTH="13" HEIGHT="35" WC="0.95" CONTENT="i"/><SP WIDTH="24" VPOS="328" HPOS="1689"/>
							<String ID="string_27" HPOS="1713" VPOS="328" WIDTH="251" HEIGHT="39" WC="0.96" CONTENT="förevarande"/>
						</TextLine>
						<TextLine ID="line_6" HPOS="369" VPOS="376" WIDTH="121" HEIGHT="30">
							<String ID="string_28" HPOS="369" VPOS="376" WIDTH="121" HEIGHT="30" WC="0.94" CONTENT="ämne."/>
						</TextLine>
					</TextBlock>
					<TextBlock ID="block_3" HPOS="497" VPOS="424" WIDTH="840" HEIGHT="51">
						<TextLine ID="line_7" HPOS="497" VPOS="424" WIDTH="840" HEIGHT="51">
							<String ID="string_29" HPOS="497" VPOS="424" WIDTH="116" HEIGHT="36" WC="0.96" CONTENT="Detta"/><SP WIDTH="27" VPOS="424" HPOS="613"/>
							<String ID="string_30" HPOS="640" VPOS="425" WIDTH="183" HEIGHT="45" WC="0.95" CONTENT="yttrande"/><SP WIDTH="29" VPOS="425" HPOS="823"/>
							<String ID="string_31" HPOS="852" VPOS="431" WIDTH="42" HEIGHT="30" WC="0.95" CONTENT="är"/><SP WIDTH="28" VPOS="431" HPOS="894"/>
							<String ID="string_32" HPOS="922" VPOS="426" WIDTH="43" HEIGHT="35" WC="0.95" CONTENT="af"/><SP WIDTH="23" VPOS="426" HPOS="965"/>
							<String ID="string_33" HPOS="988" VPOS="427" WIDTH="167" HEIGHT="47" WC="0.96" CONTENT="följande"/><SP WIDTH="29" VPOS="427" HPOS="1155"/>
							<String ID="string_34" HPOS="1184" VPOS="429" WIDTH="153" HEIGHT="46" WC="0.95" CONTENT="lydelse."/>
						</TextLine>
					</TextBlock>
				</ComposedBlock>
				<ComposedBlock ID="cblock_3" HPOS="356" VPOS="529" WIDTH="1609" HEIGHT="1676">
					<TextBlock ID="block_4" HPOS="365" VPOS="529" WIDTH="1600" HEIGHT="246">
						<TextLine ID="line_8" HPOS="501" VPOS="529" WIDTH="1464" HEIGHT="49">
							<String ID="string_35" HPOS="501" VPOS="529" WIDTH="166" HEIGHT="36" WC="0.88" CONTENT="»Genom"/><SP WIDTH="41" VPOS="529" HPOS="667"/>
							<String ID="string_36" HPOS="708" VPOS="531" WIDTH="118" HEIGHT="47" WC="0.92" CONTENT="nådig"/><SP WIDTH="36" VPOS="531" HPOS="826"/>
							<String ID="string_37" HPOS="862" VPOS="532" WIDTH="271" HEIGHT="46" WC="0.92" CONTENT="generalorder"/><SP WIDTH="29" VPOS="532" HPOS="1133"/>
							<String ID="string_38" HPOS="1162" VPOS="534" WIDTH="73" HEIGHT="36" WC="0.96" CONTENT="den"/><SP WIDTH="30" VPOS="534" HPOS="1235"/>
							<String ID="string_39" HPOS="1265" VPOS="537" WIDTH="44" HEIGHT="33" WC="0.93" CONTENT="30"/><SP WIDTH="30" VPOS="537" HPOS="1309"/>
							<String ID="string_40" HPOS="1339" VPOS="536" WIDTH="191" HEIGHT="36" WC="0.92" CONTENT="nästlidne"/><SP WIDTH="27" VPOS="536" HPOS="1530"/>
							<String ID="string_41" HPOS="1557" VPOS="538" WIDTH="165" HEIGHT="36" WC="0.96" CONTENT="oktober"/><SP WIDTH="27" VPOS="538" HPOS="1722"/>
							<String ID="string_42" HPOS="1749" VPOS="543" WIDTH="98" HEIGHT="33" WC="0.96" CONTENT="samt"/><SP WIDTH="28" VPOS="543" HPOS="1847"/>
							<String ID="string_43" HPOS="1875" VPOS="541" WIDTH="90" HEIGHT="36" WC="0.95" CONTENT="herr"/>
						</TextLine>
						<TextLine ID="line_9" HPOS="367" VPOS="582" WIDTH="1596" HEIGHT="48">
							<String ID="string_44" HPOS="367" VPOS="582" WIDTH="228" HEIGHT="36" WC="0.96" CONTENT="statsrådets"/><SP WIDTH="41" VPOS="582" HPOS="595"/>
							<String ID="string_45" HPOS="636" VPOS="582" WIDTH="197" HEIGHT="37" WC="0.95" CONTENT="skrifvelse"/><SP WIDTH="41" VPOS="582" HPOS="833"/>
							<String ID="string_46" HPOS="874" VPOS="584" WIDTH="74" HEIGHT="36" WC="0.96" CONTENT="den"/><SP WIDTH="42" VPOS="584" HPOS="948"/>
							<String ID="string_47" HPOS="990" VPOS="587" WIDTH="47" HEIGHT="34" WC="0.96" CONTENT="28"/><SP WIDTH="41" VPOS="587" HPOS="1037"/>
							<String ID="string_48" HPOS="1078" VPOS="586" WIDTH="13" HEIGHT="34" WC="0.96" CONTENT="i"/><SP WIDTH="42" VPOS="586" HPOS="1091"/>
							<String ID="string_49" HPOS="1133" VPOS="598" WIDTH="144" HEIGHT="25" WC="0.96" CONTENT="samma"/><SP WIDTH="40" VPOS="598" HPOS="1277"/>
							<String ID="string_50" HPOS="1317" VPOS="589" WIDTH="142" HEIGHT="35" WC="0.95" CONTENT="månad"/><SP WIDTH="40" VPOS="589" HPOS="1459"/>
							<String ID="string_51" HPOS="1499" VPOS="589" WIDTH="115" HEIGHT="37" WC="0.96" CONTENT="hafva"/><SP WIDTH="37" VPOS="589" HPOS="1614"/>
							<String ID="string_52" HPOS="1651" VPOS="592" WIDTH="312" HEIGHT="38" WC="0.96" CONTENT="undertecknade"/>
						</TextLine>
						<TextLine ID="line_10" HPOS="365" VPOS="634" WIDTH="1598" HEIGHT="60">
							<String ID="string_53" HPOS="365" VPOS="634" WIDTH="144" HEIGHT="36" WC="0.93" CONTENT="kallats"/><SP WIDTH="41" VPOS="634" HPOS="509"/>
							<String ID="string_54" HPOS="550" VPOS="635" WIDTH="62" HEIGHT="35" WC="0.94" CONTENT="till"/><SP WIDTH="41" VPOS="635" HPOS="612"/>
							<String ID="string_55" HPOS="653" VPOS="637" WIDTH="282" HEIGHT="35" WC="0.96" CONTENT="sammanträde"/><SP WIDTH="34" VPOS="637" HPOS="935"/>
							<String ID="string_56" HPOS="969" VPOS="637" WIDTH="60" HEIGHT="36" WC="0.96" CONTENT="för"/><SP WIDTH="31" VPOS="637" HPOS="1029"/>
							<String ID="string_57" HPOS="1060" VPOS="638" WIDTH="159" HEIGHT="38" WC="0.93" CONTENT="fortsatt"/><SP WIDTH="34" VPOS="638" HPOS="1219"/>
							<String ID="string_58" HPOS="1253" VPOS="640" WIDTH="293" HEIGHT="50" WC="0.92" CONTENT="öfverläggning"/><SP WIDTH="27" VPOS="640" HPOS="1546"/>
							<String ID="string_59" HPOS="1573" VPOS="643" WIDTH="13" HEIGHT="35" WC="0.96" CONTENT="i"/><SP WIDTH="28" VPOS="643" HPOS="1586"/>
							<String ID="string_60" HPOS="1614" VPOS="643" WIDTH="109" HEIGHT="49" WC="0.96" CONTENT="fråga"/><SP WIDTH="30" VPOS="643" HPOS="1723"/>
							<String ID="string_61" HPOS="1753" VPOS="658" WIDTH="61" HEIGHT="23" WC="0.93" CONTENT="om"/><SP WIDTH="27" VPOS="658" HPOS="1814"/>
							<String ID="string_62" HPOS="1841" VPOS="646" WIDTH="122" HEIGHT="48" WC="0.92" CONTENT="lämp-"/>
						</TextLine>
						<TextLine ID="line_11" HPOS="365" VPOS="687" WIDTH="1597" HEIGHT="58">
							<String ID="string_63" HPOS="365" VPOS="687" WIDTH="174" HEIGHT="47" WC="0.96" CONTENT="ligheten"/><SP WIDTH="28" VPOS="687" HPOS="539"/>
							<String ID="string_64" HPOS="567" VPOS="687" WIDTH="42" HEIGHT="35" WC="0.96" CONTENT="af"/><SP WIDTH="23" VPOS="687" HPOS="609"/>
							<String ID="string_65" HPOS="632" VPOS="690" WIDTH="57" HEIGHT="33" WC="0.93" CONTENT="ett"/><SP WIDTH="28" VPOS="690" HPOS="689"/>
							<String ID="string_66" HPOS="717" VPOS="688" WIDTH="227" HEIGHT="37" WC="0.92" CONTENT="förändradt"/><SP WIDTH="28" VPOS="688" HPOS="944"/>
							<String ID="string_67" HPOS="972" VPOS="691" WIDTH="295" HEIGHT="47" WC="0.89" CONTENT="utgifningssätt"/><SP WIDTH="23" VPOS="691" HPOS="1267"/>
							<String ID="string_68" HPOS="1290" VPOS="693" WIDTH="60" HEIGHT="36" WC="0.93" CONTENT="för"/><SP WIDTH="18" VPOS="693" HPOS="1350"/>
							<String ID="string_69" HPOS="1368" VPOS="695" WIDTH="312" HEIGHT="46" WC="0.92" CONTENT="generalstabens"/><SP WIDTH="19" VPOS="695" HPOS="1680"/>
							<String ID="string_70" HPOS="1699" VPOS="699" WIDTH="263" HEIGHT="46" WC="0.96" CONTENT="topografiska"/>
						</TextLine>
						<TextLine ID="line_12" HPOS="365" VPOS="739" WIDTH="481" HEIGHT="36">
							<String ID="string_71" HPOS="365" VPOS="739" WIDTH="116" HEIGHT="35" WC="0.96" CONTENT="karta"/><SP WIDTH="29" VPOS="739" HPOS="481"/>
							<String ID="string_72" HPOS="510" VPOS="739" WIDTH="106" HEIGHT="35" WC="0.96" CONTENT="öfver"/><SP WIDTH="26" VPOS="739" HPOS="616"/>
							<String ID="string_73" HPOS="642" VPOS="740" WIDTH="204" HEIGHT="35" WC="0.96" CONTENT="Norrland."/>
						</TextLine>
					</TextBlock>
					<TextBlock ID="block_5" HPOS="359" VPOS="791" WIDTH="1606" HEIGHT="993">
						<TextLine ID="line_13" HPOS="495" VPOS="791" WIDTH="1467" HEIGHT="57">
							<String ID="string_74" HPOS="495" VPOS="791" WIDTH="144" HEIGHT="36" WC="0.96" CONTENT="Härvid"/><SP WIDTH="28" VPOS="791" HPOS="639"/>
							<String ID="string_75" HPOS="667" VPOS="791" WIDTH="71" HEIGHT="37" WC="0.96" CONTENT="har"/><SP WIDTH="27" VPOS="791" HPOS="738"/>
							<String ID="string_76" HPOS="765" VPOS="792" WIDTH="60" HEIGHT="36" WC="0.96" CONTENT="för"/><SP WIDTH="29" VPOS="792" HPOS="825"/>
							<String ID="string_77" HPOS="854" VPOS="805" WIDTH="57" HEIGHT="24" WC="0.95" CONTENT="oss"/><SP WIDTH="28" VPOS="805" HPOS="911"/>
							<String ID="string_78" HPOS="939" VPOS="793" WIDTH="202" HEIGHT="49" WC="0.96" CONTENT="framlagts"/><SP WIDTH="27" VPOS="793" HPOS="1141"/>
							<String ID="string_79" HPOS="1168" VPOS="796" WIDTH="213" HEIGHT="37" WC="0.96" CONTENT="resultaten"/><SP WIDTH="28" VPOS="796" HPOS="1381"/>
							<String ID="string_80" HPOS="1409" VPOS="798" WIDTH="42" HEIGHT="36" WC="0.96" CONTENT="af"/><SP WIDTH="23" VPOS="798" HPOS="1451"/>
							<String ID="string_81" HPOS="1474" VPOS="799" WIDTH="46" HEIGHT="35" WC="0.96" CONTENT="de"/><SP WIDTH="24" VPOS="799" HPOS="1520"/>
							<String ID="string_82" HPOS="1544" VPOS="799" WIDTH="142" HEIGHT="47" WC="0.96" CONTENT="försök,"/><SP WIDTH="22" VPOS="799" HPOS="1686"/>
							<String ID="string_83" HPOS="1708" VPOS="813" WIDTH="80" HEIGHT="23" WC="0.96" CONTENT="som"/><SP WIDTH="15" VPOS="813" HPOS="1788"/>
							<String ID="string_84" HPOS="1803" VPOS="802" WIDTH="159" HEIGHT="46" WC="0.96" CONTENT="jämlikt"/>
						</TextLine>
						<TextLine ID="line_14" HPOS="365" VPOS="844" WIDTH="1597" HEIGHT="53">
							<String ID="string_85" HPOS="365" VPOS="848" WIDTH="68" HEIGHT="31" WC="0.92" CONTENT="vår"/><SP WIDTH="41" VPOS="848" HPOS="433"/>
							<String ID="string_86" HPOS="474" VPOS="844" WIDTH="197" HEIGHT="36" WC="0.92" CONTENT="skrifvelse"/><SP WIDTH="41" VPOS="844" HPOS="671"/>
							<String ID="string_87" HPOS="712" VPOS="845" WIDTH="62" HEIGHT="35" WC="0.95" CONTENT="till"/><SP WIDTH="40" VPOS="845" HPOS="774"/>
							<String ID="string_88" HPOS="814" VPOS="846" WIDTH="90" HEIGHT="35" WC="0.96" CONTENT="herr"/><SP WIDTH="40" VPOS="846" HPOS="904"/>
							<String ID="string_89" HPOS="944" VPOS="848" WIDTH="209" HEIGHT="35" WC="0.96" CONTENT="statsrådet"/><SP WIDTH="33" VPOS="848" HPOS="1153"/>
							<String ID="string_90" HPOS="1186" VPOS="849" WIDTH="73" HEIGHT="35" WC="0.95" CONTENT="den"/><SP WIDTH="37" VPOS="849" HPOS="1259"/>
							<String ID="string_91" HPOS="1296" VPOS="853" WIDTH="45" HEIGHT="32" WC="0.96" CONTENT="26"/><SP WIDTH="30" VPOS="853" HPOS="1341"/>
							<String ID="string_92" HPOS="1371" VPOS="850" WIDTH="75" HEIGHT="47" WC="0.96" CONTENT="maj"/><SP WIDTH="30" VPOS="850" HPOS="1446"/>
							<String ID="string_93" HPOS="1476" VPOS="852" WIDTH="259" HEIGHT="36" WC="0.96" CONTENT="innevarande"/><SP WIDTH="30" VPOS="852" HPOS="1735"/>
							<String ID="string_94" HPOS="1765" VPOS="857" WIDTH="42" HEIGHT="32" WC="0.93" CONTENT="år"/><SP WIDTH="29" VPOS="857" HPOS="1807"/>
							<String ID="string_95" HPOS="1836" VPOS="855" WIDTH="126" HEIGHT="36" WC="0.92" CONTENT="anför-"/>
						</TextLine>
						<TextLine ID="line_15" HPOS="364" VPOS="897" WIDTH="1599" HEIGHT="55">
							<String ID="string_96" HPOS="364" VPOS="899" WIDTH="119" HEIGHT="33" WC="0.96" CONTENT="trotts"/><SP WIDTH="27" VPOS="899" HPOS="483"/>
							<String ID="string_97" HPOS="510" VPOS="897" WIDTH="292" HEIGHT="36" WC="0.95" CONTENT="undertecknad"/><SP WIDTH="29" VPOS="897" HPOS="802"/>
							<String ID="string_98" HPOS="831" VPOS="898" WIDTH="181" HEIGHT="37" WC="0.96" CONTENT="Selander"/><SP WIDTH="28" VPOS="898" HPOS="1012"/>
							<String ID="string_99" HPOS="1040" VPOS="902" WIDTH="59" HEIGHT="34" WC="0.96" CONTENT="att"/><SP WIDTH="27" VPOS="902" HPOS="1099"/>
							<String ID="string_100" HPOS="1126" VPOS="901" WIDTH="129" HEIGHT="36" WC="0.96" CONTENT="utföra"/><SP WIDTH="25" VPOS="901" HPOS="1255"/>
							<String ID="string_101" HPOS="1280" VPOS="903" WIDTH="162" HEIGHT="36" WC="0.93" CONTENT="medelst"/><SP WIDTH="20" VPOS="903" HPOS="1442"/>
							<String ID="string_102" HPOS="1462" VPOS="903" WIDTH="287" HEIGHT="49" WC="0.91" CONTENT="förfärdigande"/><SP WIDTH="21" VPOS="903" HPOS="1749"/>
							<String ID="string_103" HPOS="1770" VPOS="906" WIDTH="42" HEIGHT="35" WC="0.96" CONTENT="af"/><SP WIDTH="14" VPOS="906" HPOS="1812"/>
							<String ID="string_104" HPOS="1826" VPOS="907" WIDTH="137" HEIGHT="36" WC="0.95" CONTENT="kartor"/>
						</TextLine>
						<TextLine ID="line_16" HPOS="365" VPOS="948" WIDTH="1597" HEIGHT="53">
							<String ID="string_105" HPOS="365" VPOS="948" WIDTH="42" HEIGHT="36" WC="0.95" CONTENT="af"/><SP WIDTH="24" VPOS="948" HPOS="407"/>
							<String ID="string_106" HPOS="431" VPOS="948" WIDTH="104" HEIGHT="36" WC="0.95" CONTENT="olika"/><SP WIDTH="28" VPOS="948" HPOS="535"/>
							<String ID="string_107" HPOS="563" VPOS="949" WIDTH="265" HEIGHT="37" WC="0.96" CONTENT="beskaffenhet"/><SP WIDTH="29" VPOS="949" HPOS="828"/>
							<String ID="string_108" HPOS="857" VPOS="951" WIDTH="105" HEIGHT="36" WC="0.93" CONTENT="öfver"/><SP WIDTH="28" VPOS="951" HPOS="962"/>
							<String ID="string_109" HPOS="990" VPOS="952" WIDTH="390" HEIGHT="49" WC="0.91" CONTENT="Sundsvallstrakten,"/><SP WIDTH="32" VPOS="952" HPOS="1380"/>
							<String ID="string_110" HPOS="1412" VPOS="956" WIDTH="72" HEIGHT="36" WC="0.96" CONTENT="och"/><SP WIDTH="23" VPOS="956" HPOS="1484"/>
							<String ID="string_111" HPOS="1507" VPOS="956" WIDTH="71" HEIGHT="36" WC="0.95" CONTENT="har"/><SP WIDTH="19" VPOS="956" HPOS="1578"/>
							<String ID="string_112" HPOS="1597" VPOS="957" WIDTH="13" HEIGHT="36" WC="0.95" CONTENT="i"/><SP WIDTH="20" VPOS="957" HPOS="1610"/>
							<String ID="string_113" HPOS="1630" VPOS="958" WIDTH="137" HEIGHT="36" WC="0.96" CONTENT="sådant"/><SP WIDTH="20" VPOS="958" HPOS="1767"/>
							<String ID="string_114" HPOS="1787" VPOS="959" WIDTH="175" HEIGHT="37" WC="0.95" CONTENT="afseende"/>
						</TextLine>
						<TextLine ID="line_17" HPOS="365" VPOS="1001" WIDTH="1597" HEIGHT="54">
							<String ID="string_115" HPOS="365" VPOS="1001" WIDTH="178" HEIGHT="36" WC="0.92" CONTENT="företetts"/><SP WIDTH="42" VPOS="1001" HPOS="543"/>
							<String ID="string_116" HPOS="585" VPOS="1002" WIDTH="78" HEIGHT="35" WC="0.96" CONTENT="dels"/><SP WIDTH="41" VPOS="1002" HPOS="663"/>
							<String ID="string_117" HPOS="704" VPOS="1015" WIDTH="51" HEIGHT="33" WC="0.88" CONTENT="ny"/><SP WIDTH="40" VPOS="1015" HPOS="755"/>
							<String ID="string_118" HPOS="795" VPOS="1003" WIDTH="246" HEIGHT="48" WC="0.88" CONTENT="heliogravyr"/><SP WIDTH="27" VPOS="1003" HPOS="1041"/>
							<String ID="string_119" HPOS="1068" VPOS="1005" WIDTH="12" HEIGHT="35" WC="0.96" CONTENT="i"/><SP WIDTH="29" VPOS="1005" HPOS="1080"/>
							<String ID="string_120" HPOS="1109" VPOS="1006" WIDTH="135" HEIGHT="36" WC="0.93" CONTENT="skalan"/><SP WIDTH="30" VPOS="1006" HPOS="1244"/>
							<String ID="string_121" HPOS="1274" VPOS="1010" WIDTH="225" HEIGHT="44" WC="0.89" CONTENT="1:200,000"/><SP WIDTH="22" VPOS="1010" HPOS="1499"/>
							<String ID="string_122" HPOS="1521" VPOS="1008" WIDTH="35" HEIGHT="47" WC="0.6" CONTENT="7&quot;),"/><SP WIDTH="31" VPOS="1008" HPOS="1556"/>
							<String ID="string_123" HPOS="1587" VPOS="1010" WIDTH="69" HEIGHT="35" WC="0.96" CONTENT="där"/><SP WIDTH="27" VPOS="1010" HPOS="1656"/>
							<String ID="string_124" HPOS="1683" VPOS="1010" WIDTH="60" HEIGHT="36" WC="0.96" CONTENT="för"/><SP WIDTH="27" VPOS="1010" HPOS="1743"/>
							<String ID="string_125" HPOS="1770" VPOS="1012" WIDTH="192" HEIGHT="36" WC="0.96" CONTENT="vinnande"/>
						</TextLine>
						<TextLine ID="line_18" HPOS="365" VPOS="1053" WIDTH="1598" HEIGHT="56">
							<String ID="string_126" HPOS="365" VPOS="1053" WIDTH="41" HEIGHT="36" WC="0.95" CONTENT="af"/><SP WIDTH="36" VPOS="1053" HPOS="406"/>
							<String ID="string_127" HPOS="442" VPOS="1057" WIDTH="123" HEIGHT="33" WC="0.95" CONTENT="större"/><SP WIDTH="40" VPOS="1057" HPOS="565"/>
							<String ID="string_128" HPOS="605" VPOS="1055" WIDTH="195" HEIGHT="47" WC="0.95" CONTENT="tydlighet"/><SP WIDTH="42" VPOS="1055" HPOS="800"/>
							<String ID="string_129" HPOS="842" VPOS="1056" WIDTH="198" HEIGHT="48" WC="0.95" CONTENT="åtskilliga"/><SP WIDTH="41" VPOS="1056" HPOS="1040"/>
							<String ID="string_130" HPOS="1081" VPOS="1058" WIDTH="266" HEIGHT="49" WC="0.95" CONTENT="förenklingar"/><SP WIDTH="40" VPOS="1058" HPOS="1347"/>
							<String ID="string_131" HPOS="1387" VPOS="1060" WIDTH="214" HEIGHT="49" WC="0.96" CONTENT="företagits,"/><SP WIDTH="43" VPOS="1060" HPOS="1601"/>
							<String ID="string_132" HPOS="1644" VPOS="1063" WIDTH="13" HEIGHT="35" WC="0.95" CONTENT="i"/><SP WIDTH="43" VPOS="1063" HPOS="1657"/>
							<String ID="string_133" HPOS="1700" VPOS="1064" WIDTH="65" HEIGHT="35" WC="0.95" CONTENT="det"/><SP WIDTH="42" VPOS="1064" HPOS="1765"/>
							<String ID="string_134" HPOS="1807" VPOS="1068" WIDTH="59" HEIGHT="33" WC="0.96" CONTENT="att"/><SP WIDTH="35" VPOS="1068" HPOS="1866"/>
							<String ID="string_135" HPOS="1901" VPOS="1066" WIDTH="62" HEIGHT="35" WC="0.96" CONTENT="till"/>
						</TextLine>
						<TextLine ID="line_19" HPOS="363" VPOS="1107" WIDTH="1597" HEIGHT="57">
							<String ID="string_136" HPOS="363" VPOS="1107" WIDTH="174" HEIGHT="47" WC="0.95" CONTENT="exempel"/><SP WIDTH="43" VPOS="1107" HPOS="537"/>
							<String ID="string_137" HPOS="580" VPOS="1107" WIDTH="45" HEIGHT="35" WC="0.95" CONTENT="de"/><SP WIDTH="36" VPOS="1107" HPOS="625"/>
							<String ID="string_138" HPOS="661" VPOS="1111" WIDTH="127" HEIGHT="43" WC="0.91" CONTENT="öppna"/><SP WIDTH="29" VPOS="1111" HPOS="788"/>
							<String ID="string_139" HPOS="817" VPOS="1108" WIDTH="326" HEIGHT="48" WC="0.90" CONTENT="habitationerna,"/><SP WIDTH="29" VPOS="1108" HPOS="1143"/>
							<String ID="string_140" HPOS="1172" VPOS="1113" WIDTH="258" HEIGHT="36" WC="0.96" CONTENT="utmärkande"/><SP WIDTH="28" VPOS="1113" HPOS="1430"/>
							<String ID="string_141" HPOS="1458" VPOS="1114" WIDTH="14" HEIGHT="35" WC="0.96" CONTENT="i"/><SP WIDTH="27" VPOS="1114" HPOS="1472"/>
							<String ID="string_142" HPOS="1499" VPOS="1115" WIDTH="149" HEIGHT="36" WC="0.96" CONTENT="mantal"/><SP WIDTH="28" VPOS="1115" HPOS="1648"/>
							<String ID="string_143" HPOS="1676" VPOS="1118" WIDTH="102" HEIGHT="34" WC="0.96" CONTENT="satta"/><SP WIDTH="27" VPOS="1118" HPOS="1778"/>
							<String ID="string_144" HPOS="1805" VPOS="1119" WIDTH="155" HEIGHT="45" WC="0.96" CONTENT="gårdar,"/>
						</TextLine>
						<TextLine ID="line_20" HPOS="362" VPOS="1160" WIDTH="1598" HEIGHT="56">
							<String ID="string_145" HPOS="362" VPOS="1160" WIDTH="152" HEIGHT="45" WC="0.91" CONTENT="utbytts"/><SP WIDTH="28" VPOS="1160" HPOS="514"/>
							<String ID="string_146" HPOS="542" VPOS="1162" WIDTH="83" HEIGHT="33" WC="0.96" CONTENT="mot"/><SP WIDTH="29" VPOS="1162" HPOS="625"/>
							<String ID="string_147" HPOS="654" VPOS="1164" WIDTH="128" HEIGHT="32" WC="0.96" CONTENT="svarta"/><SP WIDTH="28" VPOS="1164" HPOS="782"/>
							<String ID="string_148" HPOS="810" VPOS="1160" WIDTH="211" HEIGHT="48" WC="0.93" CONTENT="fyrkanter,"/><SP WIDTH="30" VPOS="1160" HPOS="1021"/>
							<String ID="string_149" HPOS="1051" VPOS="1163" WIDTH="314" HEIGHT="38" WC="0.90" CONTENT="habitationerna"/><SP WIDTH="29" VPOS="1163" HPOS="1365"/>
							<String ID="string_150" HPOS="1394" VPOS="1165" WIDTH="59" HEIGHT="36" WC="0.96" CONTENT="för"/><SP WIDTH="27" VPOS="1165" HPOS="1453"/>
							<String ID="string_151" HPOS="1480" VPOS="1167" WIDTH="238" HEIGHT="47" WC="0.96" CONTENT="backstugor"/><SP WIDTH="20" VPOS="1167" HPOS="1718"/>
							<String ID="string_152" HPOS="1738" VPOS="1169" WIDTH="72" HEIGHT="35" WC="0.96" CONTENT="och"/><SP WIDTH="20" VPOS="1169" HPOS="1810"/>
							<String ID="string_153" HPOS="1830" VPOS="1170" WIDTH="130" HEIGHT="46" WC="0.95" CONTENT="dylika"/>
						</TextLine>
						<TextLine ID="line_21" HPOS="362" VPOS="1212" WIDTH="1599" HEIGHT="56">
							<String ID="string_154" HPOS="362" VPOS="1212" WIDTH="149" HEIGHT="34" WC="0.95" CONTENT="mindre"/><SP WIDTH="42" VPOS="1212" HPOS="511"/>
							<String ID="string_155" HPOS="553" VPOS="1212" WIDTH="225" HEIGHT="46" WC="0.93" CONTENT="lägenheter"/><SP WIDTH="40" VPOS="1212" HPOS="778"/>
							<String ID="string_156" HPOS="818" VPOS="1214" WIDTH="212" HEIGHT="46" WC="0.90" CONTENT="borttagits"/><SP WIDTH="34" VPOS="1214" HPOS="1030"/>
							<String ID="string_157" HPOS="1064" VPOS="1219" WIDTH="98" HEIGHT="31" WC="0.94" CONTENT="samt"/><SP WIDTH="38" VPOS="1219" HPOS="1162"/>
							<String ID="string_158" HPOS="1200" VPOS="1228" WIDTH="46" HEIGHT="23" WC="0.95" CONTENT="en"/><SP WIDTH="29" VPOS="1228" HPOS="1246"/>
							<String ID="string_159" HPOS="1275" VPOS="1217" WIDTH="61" HEIGHT="35" WC="0.96" CONTENT="del"/><SP WIDTH="27" VPOS="1217" HPOS="1336"/>
							<String ID="string_160" HPOS="1363" VPOS="1230" WIDTH="117" HEIGHT="23" WC="0.95" CONTENT="namn"/><SP WIDTH="27" VPOS="1230" HPOS="1480"/>
							<String ID="string_161" HPOS="1507" VPOS="1220" WIDTH="208" HEIGHT="45" WC="0.95" CONTENT="uteslutits,"/><SP WIDTH="30" VPOS="1220" HPOS="1715"/>
							<String ID="string_162" HPOS="1745" VPOS="1220" WIDTH="216" HEIGHT="48" WC="0.96" CONTENT="hvarjämte"/>
						</TextLine>
						<TextLine ID="line_22" HPOS="362" VPOS="1263" WIDTH="1600" HEIGHT="55">
							<String ID="string_163" HPOS="362" VPOS="1268" WIDTH="171" HEIGHT="42" WC="0.96" CONTENT="vägarna"/><SP WIDTH="36" VPOS="1268" HPOS="533"/>
							<String ID="string_164" HPOS="569" VPOS="1263" WIDTH="215" HEIGHT="48" WC="0.96" CONTENT="kraftigare"/><SP WIDTH="28" VPOS="1263" HPOS="784"/>
							<String ID="string_165" HPOS="812" VPOS="1266" WIDTH="226" HEIGHT="46" WC="0.96" CONTENT="markerats,"/><SP WIDTH="31" VPOS="1266" HPOS="1038"/>
							<String ID="string_166" HPOS="1069" VPOS="1268" WIDTH="79" HEIGHT="35" WC="0.96" CONTENT="dels"/><SP WIDTH="29" VPOS="1268" HPOS="1148"/>
							<String ID="string_167" HPOS="1177" VPOS="1269" WIDTH="73" HEIGHT="35" WC="0.93" CONTENT="ock"/><SP WIDTH="28" VPOS="1269" HPOS="1250"/>
							<String ID="string_168" HPOS="1278" VPOS="1269" WIDTH="320" HEIGHT="48" WC="0.91" CONTENT="fotolitografiskt"/><SP WIDTH="29" VPOS="1269" HPOS="1598"/>
							<String ID="string_169" HPOS="1627" VPOS="1272" WIDTH="153" HEIGHT="46" WC="0.91" CONTENT="aftryck"/><SP WIDTH="29" VPOS="1272" HPOS="1780"/>
							<String ID="string_170" HPOS="1809" VPOS="1274" WIDTH="41" HEIGHT="35" WC="0.96" CONTENT="af"/><SP WIDTH="24" VPOS="1274" HPOS="1850"/>
							<String ID="string_171" HPOS="1874" VPOS="1287" WIDTH="46" HEIGHT="23" WC="0.96" CONTENT="en"/><SP WIDTH="29" VPOS="1287" HPOS="1920"/>
							<String ID="string_172" HPOS="1949" VPOS="1276" WIDTH="13" HEIGHT="34" WC="0.96" CONTENT="i"/>
						</TextLine>
						<TextLine ID="line_23" HPOS="362" VPOS="1315" WIDTH="1599" HEIGHT="58">
							<String ID="string_173" HPOS="362" VPOS="1315" WIDTH="135" HEIGHT="36" WC="0.92" CONTENT="skalan"/><SP WIDTH="32" VPOS="1315" HPOS="497"/>
							<String ID="string_174" HPOS="529" VPOS="1318" WIDTH="224" HEIGHT="44" WC="0.0" CONTENT="1:2100,000"/><SP WIDTH="30" VPOS="1318" HPOS="753"/>
							<String ID="string_175" HPOS="783" VPOS="1318" WIDTH="104" HEIGHT="35" WC="0.96" CONTENT="ritad"/><SP WIDTH="28" VPOS="1318" HPOS="887"/>
							<String ID="string_176" HPOS="915" VPOS="1319" WIDTH="84" HEIGHT="46" WC="0.96" CONTENT="plåt"/><SP WIDTH="30" VPOS="1319" HPOS="999"/>
							<String ID="string_177" HPOS="1029" VPOS="1319" WIDTH="105" HEIGHT="36" WC="0.96" CONTENT="öfver"/><SP WIDTH="26" VPOS="1319" HPOS="1134"/>
							<String ID="string_178" HPOS="1160" VPOS="1332" WIDTH="144" HEIGHT="25" WC="0.95" CONTENT="samma"/><SP WIDTH="21" VPOS="1332" HPOS="1304"/>
							<String ID="string_179" HPOS="1325" VPOS="1323" WIDTH="167" HEIGHT="46" WC="0.90" CONTENT="område,"/><SP WIDTH="15" VPOS="1323" HPOS="1492"/>
							<String ID="string_180" HPOS="1507" VPOS="1321" WIDTH="24" HEIGHT="41" WC="0.75" CONTENT="”)"/><SP WIDTH="17" VPOS="1321" HPOS="1531"/>
							<String ID="string_181" HPOS="1548" VPOS="1324" WIDTH="217" HEIGHT="47" WC="0.96" CONTENT="hvarjämte"/><SP WIDTH="20" VPOS="1324" HPOS="1765"/>
							<String ID="string_182" HPOS="1785" VPOS="1326" WIDTH="62" HEIGHT="35" WC="0.92" CONTENT="till"/><SP WIDTH="15" VPOS="1326" HPOS="1847"/>
							<String ID="string_183" HPOS="1862" VPOS="1326" WIDTH="99" HEIGHT="47" WC="0.92" CONTENT="jäm-"/>
						</TextLine>
						<TextLine ID="line_24" HPOS="361" VPOS="1367" WIDTH="1599" HEIGHT="57">
							<String ID="string_184" HPOS="361" VPOS="1367" WIDTH="137" HEIGHT="36" WC="0.92" CONTENT="förelse"/><SP WIDTH="41" VPOS="1367" HPOS="498"/>
							<String ID="string_185" HPOS="539" VPOS="1368" WIDTH="201" HEIGHT="47" WC="0.93" CONTENT="framlagts"/><SP WIDTH="41" VPOS="1368" HPOS="740"/>
							<String ID="string_186" HPOS="781" VPOS="1370" WIDTH="246" HEIGHT="36" WC="0.91" CONTENT="kartverkets"/><SP WIDTH="42" VPOS="1370" HPOS="1027"/>
							<String ID="string_187" HPOS="1069" VPOS="1372" WIDTH="105" HEIGHT="36" WC="0.93" CONTENT="äldre"/><SP WIDTH="42" VPOS="1372" HPOS="1174"/>
							<String ID="string_188" HPOS="1216" VPOS="1373" WIDTH="245" HEIGHT="48" WC="0.87" CONTENT="heliogravyr"/><SP WIDTH="40" VPOS="1373" HPOS="1461"/>
							<String ID="string_189" HPOS="1501" VPOS="1376" WIDTH="12" HEIGHT="34" WC="0.96" CONTENT="i"/><SP WIDTH="43" VPOS="1376" HPOS="1513"/>
							<String ID="string_190" HPOS="1556" VPOS="1376" WIDTH="134" HEIGHT="36" WC="0.93" CONTENT="skalan"/><SP WIDTH="45" VPOS="1376" HPOS="1690"/>
							<String ID="string_191" HPOS="1735" VPOS="1380" WIDTH="225" HEIGHT="44" WC="0.90" CONTENT="1:200,000"/>
						</TextLine>
						<TextLine ID="line_25" HPOS="362" VPOS="1419" WIDTH="1600" HEIGHT="58">
							<String ID="string_192" HPOS="362" VPOS="1419" WIDTH="105" HEIGHT="36" WC="0.96" CONTENT="öfver"/><SP WIDTH="27" VPOS="1419" HPOS="467"/>
							<String ID="string_193" HPOS="494" VPOS="1420" WIDTH="294" HEIGHT="46" WC="0.96" CONTENT="ifrågavarande"/><SP WIDTH="30" VPOS="1420" HPOS="788"/>
							<String ID="string_194" HPOS="818" VPOS="1421" WIDTH="196" HEIGHT="41" WC="0.25" CONTENT="område”)"/><SP WIDTH="30" VPOS="1421" HPOS="1014"/>
							<String ID="string_195" HPOS="1044" VPOS="1423" WIDTH="192" HEIGHT="37" WC="0.93" CONTENT="äfvensom"/><SP WIDTH="30" VPOS="1423" HPOS="1236"/>
							<String ID="string_196" HPOS="1266" VPOS="1426" WIDTH="221" HEIGHT="47" WC="0.92" CONTENT="öfvertryck"/><SP WIDTH="29" VPOS="1426" HPOS="1487"/>
							<String ID="string_197" HPOS="1516" VPOS="1428" WIDTH="41" HEIGHT="35" WC="0.96" CONTENT="af"/><SP WIDTH="23" VPOS="1428" HPOS="1557"/>
							<String ID="string_198" HPOS="1580" VPOS="1429" WIDTH="100" HEIGHT="35" WC="0.92" CONTENT="båda"/><SP WIDTH="20" VPOS="1429" HPOS="1680"/>
							<String ID="string_199" HPOS="1700" VPOS="1429" WIDTH="262" HEIGHT="48" WC="0.91" CONTENT="heliogravyr-"/>
						</TextLine>
						<TextLine ID="line_26" HPOS="359" VPOS="1471" WIDTH="1604" HEIGHT="56">
							<String ID="string_200" HPOS="359" VPOS="1472" WIDTH="191" HEIGHT="46" WC="0.92" CONTENT="plåtarna."/><SP WIDTH="20" VPOS="1472" HPOS="550"/>
							<String ID="string_201" HPOS="570" VPOS="1471" WIDTH="25" HEIGHT="39" WC="0.77" CONTENT="&#39;)"/><SP WIDTH="49" VPOS="1471" HPOS="595"/>
							<String ID="string_202" HPOS="644" VPOS="1473" WIDTH="184" HEIGHT="36" WC="0.95" CONTENT="Däremot"/><SP WIDTH="28" VPOS="1473" HPOS="828"/>
							<String ID="string_203" HPOS="856" VPOS="1474" WIDTH="72" HEIGHT="36" WC="0.96" CONTENT="har"/><SP WIDTH="22" VPOS="1474" HPOS="928"/>
							<String ID="string_204" HPOS="950" VPOS="1475" WIDTH="85" HEIGHT="36" WC="0.96" CONTENT="icke"/><SP WIDTH="20" VPOS="1475" HPOS="1035"/>
							<String ID="string_205" HPOS="1055" VPOS="1476" WIDTH="151" HEIGHT="36" WC="0.93" CONTENT="kunnat"/><SP WIDTH="19" VPOS="1476" HPOS="1206"/>
							<String ID="string_206" HPOS="1225" VPOS="1477" WIDTH="140" HEIGHT="37" WC="0.92" CONTENT="företes"/><SP WIDTH="18" VPOS="1477" HPOS="1365"/>
							<String ID="string_207" HPOS="1383" VPOS="1482" WIDTH="129" HEIGHT="44" WC="0.93" CONTENT="någon"/><SP WIDTH="18" VPOS="1482" HPOS="1512"/>
							<String ID="string_208" HPOS="1530" VPOS="1481" WIDTH="246" HEIGHT="46" WC="0.91" CONTENT="heliogravyr"/><SP WIDTH="19" VPOS="1481" HPOS="1776"/>
							<String ID="string_209" HPOS="1795" VPOS="1483" WIDTH="13" HEIGHT="34" WC="0.96" CONTENT="i"/><SP WIDTH="20" VPOS="1483" HPOS="1808"/>
							<String ID="string_210" HPOS="1828" VPOS="1483" WIDTH="135" HEIGHT="36" WC="0.95" CONTENT="skalan"/>
						</TextLine>
						<TextLine ID="line_27" HPOS="365" VPOS="1525" WIDTH="1595" HEIGHT="54">
							<String ID="string_211" HPOS="365" VPOS="1527" WIDTH="222" HEIGHT="43" WC="0.91" CONTENT="1:100,000"/><SP WIDTH="45" VPOS="1527" HPOS="587"/>
							<String ID="string_212" HPOS="632" VPOS="1525" WIDTH="106" HEIGHT="36" WC="0.96" CONTENT="öfver"/><SP WIDTH="38" VPOS="1525" HPOS="738"/>
							<String ID="string_213" HPOS="776" VPOS="1527" WIDTH="190" HEIGHT="45" WC="0.96" CONTENT="området;"/><SP WIDTH="39" VPOS="1527" HPOS="966"/>
							<String ID="string_214" HPOS="1005" VPOS="1528" WIDTH="71" HEIGHT="36" WC="0.96" CONTENT="och"/><SP WIDTH="28" VPOS="1528" HPOS="1076"/>
							<String ID="string_215" HPOS="1104" VPOS="1529" WIDTH="114" HEIGHT="36" WC="0.96" CONTENT="hafva"/><SP WIDTH="27" VPOS="1529" HPOS="1218"/>
							<String ID="string_216" HPOS="1245" VPOS="1531" WIDTH="50" HEIGHT="44" WC="0.96" CONTENT="vi,"/><SP WIDTH="29" VPOS="1531" HPOS="1295"/>
							<String ID="string_217" HPOS="1324" VPOS="1531" WIDTH="65" HEIGHT="36" WC="0.96" CONTENT="vid"/><SP WIDTH="29" VPOS="1531" HPOS="1389"/>
							<String ID="string_218" HPOS="1418" VPOS="1532" WIDTH="65" HEIGHT="36" WC="0.96" CONTENT="det"/><SP WIDTH="27" VPOS="1532" HPOS="1483"/>
							<String ID="string_219" HPOS="1510" VPOS="1533" WIDTH="181" HEIGHT="46" WC="0.96" CONTENT="upplysta"/><SP WIDTH="28" VPOS="1533" HPOS="1691"/>
							<String ID="string_220" HPOS="1719" VPOS="1534" WIDTH="241" HEIGHT="37" WC="0.95" CONTENT="förhållande"/>
						</TextLine>
						<TextLine ID="line_28" HPOS="361" VPOS="1577" WIDTH="1604" HEIGHT="56">
							<String ID="string_221" HPOS="361" VPOS="1579" WIDTH="59" HEIGHT="32" WC="0.96" CONTENT="att"/><SP WIDTH="41" VPOS="1579" HPOS="420"/>
							<String ID="string_222" HPOS="461" VPOS="1577" WIDTH="137" HEIGHT="35" WC="0.96" CONTENT="sådant"/><SP WIDTH="40" VPOS="1577" HPOS="598"/>
							<String ID="string_223" HPOS="638" VPOS="1578" WIDTH="115" HEIGHT="45" WC="0.95" CONTENT="tryck"/><SP WIDTH="34" VPOS="1578" HPOS="753"/>
							<String ID="string_224" HPOS="787" VPOS="1579" WIDTH="85" HEIGHT="35" WC="0.96" CONTENT="icke"/><SP WIDTH="30" VPOS="1579" HPOS="872"/>
							<String ID="string_225" HPOS="902" VPOS="1579" WIDTH="122" HEIGHT="36" WC="0.96" CONTENT="skulle"/><SP WIDTH="29" VPOS="1579" HPOS="1024"/>
							<String ID="string_226" HPOS="1053" VPOS="1581" WIDTH="132" HEIGHT="36" WC="0.96" CONTENT="kunna"/><SP WIDTH="28" VPOS="1581" HPOS="1185"/>
							<String ID="string_227" HPOS="1213" VPOS="1582" WIDTH="118" HEIGHT="36" WC="0.95" CONTENT="blifva"/><SP WIDTH="29" VPOS="1582" HPOS="1331"/>
							<String ID="string_228" HPOS="1360" VPOS="1583" WIDTH="146" HEIGHT="48" WC="0.96" CONTENT="färdigt"/><SP WIDTH="27" VPOS="1583" HPOS="1506"/>
							<String ID="string_229" HPOS="1533" VPOS="1585" WIDTH="80" HEIGHT="35" WC="0.96" CONTENT="förr"/><SP WIDTH="29" VPOS="1585" HPOS="1613"/>
							<String ID="string_230" HPOS="1642" VPOS="1591" WIDTH="49" HEIGHT="29" WC="0.96" CONTENT="än"/><SP WIDTH="27" VPOS="1591" HPOS="1691"/>
							<String ID="string_231" HPOS="1718" VPOS="1586" WIDTH="14" HEIGHT="35" WC="0.96" CONTENT="i"/><SP WIDTH="26" VPOS="1586" HPOS="1732"/>
							<String ID="string_232" HPOS="1758" VPOS="1587" WIDTH="138" HEIGHT="46" WC="0.96" CONTENT="början"/><SP WIDTH="28" VPOS="1587" HPOS="1896"/>
							<String ID="string_233" HPOS="1924" VPOS="1588" WIDTH="41" HEIGHT="35" WC="0.96" CONTENT="af"/>
						</TextLine>
						<TextLine ID="line_29" HPOS="359" VPOS="1628" WIDTH="1600" HEIGHT="59">
							<String ID="string_234" HPOS="359" VPOS="1628" WIDTH="320" HEIGHT="36" WC="0.96" CONTENT="nästkommande"/><SP WIDTH="42" VPOS="1628" HPOS="679"/>
							<String ID="string_235" HPOS="721" VPOS="1633" WIDTH="43" HEIGHT="32" WC="0.96" CONTENT="år"/><SP WIDTH="42" VPOS="1633" HPOS="764"/>
							<String ID="string_236" HPOS="806" VPOS="1631" WIDTH="72" HEIGHT="35" WC="0.96" CONTENT="och"/><SP WIDTH="38" VPOS="1631" HPOS="878"/>
							<String ID="string_237" HPOS="916" VPOS="1632" WIDTH="193" HEIGHT="36" WC="0.96" CONTENT="dessutom"/><SP WIDTH="32" VPOS="1632" HPOS="1109"/>
							<String ID="string_238" HPOS="1141" VPOS="1633" WIDTH="200" HEIGHT="37" WC="0.96" CONTENT="förorsaka"/><SP WIDTH="27" VPOS="1633" HPOS="1341"/>
							<String ID="string_239" HPOS="1368" VPOS="1637" WIDTH="239" HEIGHT="47" WC="0.96" CONTENT="ytterligare,"/><SP WIDTH="32" VPOS="1637" HPOS="1607"/>
							<String ID="string_240" HPOS="1639" VPOS="1638" WIDTH="31" HEIGHT="46" WC="0.96" CONTENT="ej"/><SP WIDTH="31" VPOS="1638" HPOS="1670"/>
							<String ID="string_241" HPOS="1701" VPOS="1638" WIDTH="88" HEIGHT="36" WC="0.96" CONTENT="fullt"/><SP WIDTH="28" VPOS="1638" HPOS="1789"/>
							<String ID="string_242" HPOS="1817" VPOS="1640" WIDTH="142" HEIGHT="47" WC="0.96" CONTENT="nödiga"/>
						</TextLine>
						<TextLine ID="line_30" HPOS="359" VPOS="1680" WIDTH="1600" HEIGHT="59">
							<String ID="string_243" HPOS="359" VPOS="1680" WIDTH="222" HEIGHT="46" WC="0.96" CONTENT="kostnader,"/><SP WIDTH="44" VPOS="1680" HPOS="581"/>
							<String ID="string_244" HPOS="625" VPOS="1685" WIDTH="126" HEIGHT="32" WC="0.96" CONTENT="ansett"/><SP WIDTH="43" VPOS="1685" HPOS="751"/>
							<String ID="string_245" HPOS="794" VPOS="1695" WIDTH="57" HEIGHT="23" WC="0.96" CONTENT="oss"/><SP WIDTH="41" VPOS="1695" HPOS="851"/>
							<String ID="string_246" HPOS="892" VPOS="1684" WIDTH="86" HEIGHT="36" WC="0.96" CONTENT="icke"/><SP WIDTH="41" VPOS="1684" HPOS="978"/>
							<String ID="string_247" HPOS="1019" VPOS="1686" WIDTH="94" HEIGHT="34" WC="0.96" CONTENT="böra"/><SP WIDTH="42" VPOS="1686" HPOS="1113"/>
							<String ID="string_248" HPOS="1155" VPOS="1686" WIDTH="41" HEIGHT="35" WC="0.96" CONTENT="af"/><SP WIDTH="24" VPOS="1686" HPOS="1196"/>
							<String ID="string_249" HPOS="1220" VPOS="1687" WIDTH="124" HEIGHT="36" WC="0.96" CONTENT="denna"/><SP WIDTH="30" VPOS="1687" HPOS="1344"/>
							<String ID="string_250" HPOS="1374" VPOS="1689" WIDTH="207" HEIGHT="47" WC="0.93" CONTENT="anledning"/><SP WIDTH="28" VPOS="1689" HPOS="1581"/>
							<String ID="string_251" HPOS="1609" VPOS="1691" WIDTH="211" HEIGHT="46" WC="0.92" CONTENT="uppskjuta"/><SP WIDTH="29" VPOS="1691" HPOS="1820"/>
							<String ID="string_252" HPOS="1849" VPOS="1692" WIDTH="110" HEIGHT="47" WC="0.88" CONTENT="afgif-"/>
						</TextLine>
						<TextLine ID="line_31" HPOS="360" VPOS="1733" WIDTH="769" HEIGHT="51">
							<String ID="string_253" HPOS="360" VPOS="1733" WIDTH="142" HEIGHT="35" WC="0.91" CONTENT="vandet"/><SP WIDTH="28" VPOS="1733" HPOS="502"/>
							<String ID="string_254" HPOS="530" VPOS="1733" WIDTH="42" HEIGHT="35" WC="0.95" CONTENT="af"/><SP WIDTH="23" VPOS="1733" HPOS="572"/>
							<String ID="string_255" HPOS="595" VPOS="1736" WIDTH="88" HEIGHT="33" WC="0.96" CONTENT="vårt"/><SP WIDTH="28" VPOS="1736" HPOS="683"/>
							<String ID="string_256" HPOS="711" VPOS="1735" WIDTH="201" HEIGHT="36" WC="0.96" CONTENT="utlåtande"/><SP WIDTH="29" VPOS="1735" HPOS="912"/>
							<String ID="string_257" HPOS="941" VPOS="1737" WIDTH="14" HEIGHT="34" WC="0.96" CONTENT="i"/><SP WIDTH="27" VPOS="1737" HPOS="955"/>
							<String ID="string_258" HPOS="982" VPOS="1736" WIDTH="147" HEIGHT="48" WC="0.96" CONTENT="frågan."/>
						</TextLine>
					</TextBlock>
					<TextBlock ID="block_6" HPOS="356" VPOS="1785" WIDTH="1603" HEIGHT="420">
						<TextLine ID="line_32" HPOS="489" VPOS="1785" WIDTH="1469" HEIGHT="59">
							<String ID="string_259" HPOS="489" VPOS="1785" WIDTH="55" HEIGHT="35" WC="0.93" CONTENT="Då"/><SP WIDTH="29" VPOS="1785" HPOS="544"/>
							<String ID="string_260" HPOS="573" VPOS="1786" WIDTH="246" HEIGHT="47" WC="0.89" CONTENT="utgifningen"/><SP WIDTH="28" VPOS="1786" HPOS="819"/>
							<String ID="string_261" HPOS="847" VPOS="1788" WIDTH="41" HEIGHT="35" WC="0.93" CONTENT="af"/><SP WIDTH="23" VPOS="1788" HPOS="888"/>
							<String ID="string_262" HPOS="911" VPOS="1790" WIDTH="312" HEIGHT="45" WC="0.90" CONTENT="generalstabens"/><SP WIDTH="28" VPOS="1790" HPOS="1223"/>
							<String ID="string_263" HPOS="1251" VPOS="1792" WIDTH="115" HEIGHT="36" WC="0.96" CONTENT="karta"/><SP WIDTH="29" VPOS="1792" HPOS="1366"/>
							<String ID="string_264" HPOS="1395" VPOS="1792" WIDTH="106" HEIGHT="36" WC="0.96" CONTENT="öfver"/><SP WIDTH="27" VPOS="1792" HPOS="1501"/>
							<String ID="string_265" HPOS="1528" VPOS="1794" WIDTH="192" HEIGHT="37" WC="0.96" CONTENT="Norrland"/><SP WIDTH="28" VPOS="1794" HPOS="1720"/>
							<String ID="string_266" HPOS="1748" VPOS="1796" WIDTH="13" HEIGHT="35" WC="0.96" CONTENT="i"/><SP WIDTH="25" VPOS="1796" HPOS="1761"/>
							<String ID="string_267" HPOS="1786" VPOS="1796" WIDTH="172" HEIGHT="48" WC="0.96" CONTENT="enlighet"/>
						</TextLine>
						<TextLine ID="line_33" HPOS="359" VPOS="1838" WIDTH="1597" HEIGHT="58">
							<String ID="string_268" HPOS="359" VPOS="1838" WIDTH="87" HEIGHT="34" WC="0.96" CONTENT="med"/><SP WIDTH="41" VPOS="1838" HPOS="446"/>
							<String ID="string_269" HPOS="487" VPOS="1838" WIDTH="74" HEIGHT="35" WC="0.96" CONTENT="den"/><SP WIDTH="41" VPOS="1838" HPOS="561"/>
							<String ID="string_270" HPOS="602" VPOS="1840" WIDTH="97" HEIGHT="34" WC="0.96" CONTENT="1894"/><SP WIDTH="30" VPOS="1840" HPOS="699"/>
							<String ID="string_271" HPOS="729" VPOS="1839" WIDTH="72" HEIGHT="36" WC="0.96" CONTENT="och"/><SP WIDTH="32" VPOS="1839" HPOS="801"/>
							<String ID="string_272" HPOS="833" VPOS="1843" WIDTH="94" HEIGHT="33" WC="0.96" CONTENT="1897"/><SP WIDTH="31" VPOS="1843" HPOS="927"/>
							<String ID="string_273" HPOS="958" VPOS="1841" WIDTH="215" HEIGHT="37" WC="0.96" CONTENT="fastställda"/><SP WIDTH="28" VPOS="1841" HPOS="1173"/>
							<String ID="string_274" HPOS="1201" VPOS="1844" WIDTH="142" HEIGHT="46" WC="0.96" CONTENT="planen"/><SP WIDTH="28" VPOS="1844" HPOS="1343"/>
							<String ID="string_275" HPOS="1371" VPOS="1846" WIDTH="118" HEIGHT="35" WC="0.93" CONTENT="redan"/><SP WIDTH="28" VPOS="1846" HPOS="1489"/>
							<String ID="string_276" HPOS="1517" VPOS="1846" WIDTH="220" HEIGHT="37" WC="0.91" CONTENT="fortskridit"/><SP WIDTH="29" VPOS="1846" HPOS="1737"/>
							<String ID="string_277" HPOS="1766" VPOS="1850" WIDTH="40" HEIGHT="33" WC="0.96" CONTENT="så"/><SP WIDTH="28" VPOS="1850" HPOS="1806"/>
							<String ID="string_278" HPOS="1834" VPOS="1849" WIDTH="122" HEIGHT="47" WC="0.65" CONTENT="långt."/>
						</TextLine>
						<TextLine ID="line_34" HPOS="360" VPOS="1889" WIDTH="1599" HEIGHT="55">
							<String ID="string_279" HPOS="360" VPOS="1892" WIDTH="59" HEIGHT="32" WC="0.95" CONTENT="att"/><SP WIDTH="29" VPOS="1892" HPOS="419"/>
							<String ID="string_280" HPOS="448" VPOS="1889" WIDTH="75" HEIGHT="35" WC="0.95" CONTENT="alla"/><SP WIDTH="27" VPOS="1889" HPOS="523"/>
							<String ID="string_281" HPOS="550" VPOS="1890" WIDTH="183" HEIGHT="36" WC="0.95" CONTENT="kartblad"/><SP WIDTH="30" VPOS="1890" HPOS="733"/>
							<String ID="string_282" HPOS="763" VPOS="1891" WIDTH="107" HEIGHT="36" WC="0.95" CONTENT="öfver"/><SP WIDTH="26" VPOS="1891" HPOS="870"/>
							<String ID="string_283" HPOS="896" VPOS="1893" WIDTH="256" HEIGHT="37" WC="0.96" CONTENT="Norrbottens"/><SP WIDTH="28" VPOS="1893" HPOS="1152"/>
							<String ID="string_284" HPOS="1180" VPOS="1896" WIDTH="65" HEIGHT="35" WC="0.96" CONTENT="län"/><SP WIDTH="29" VPOS="1896" HPOS="1245"/>
							<String ID="string_285" HPOS="1274" VPOS="1902" WIDTH="66" HEIGHT="30" WC="0.96" CONTENT="äro"/><SP WIDTH="29" VPOS="1902" HPOS="1340"/>
							<String ID="string_286" HPOS="1369" VPOS="1897" WIDTH="152" HEIGHT="47" WC="0.96" CONTENT="utgifna"/><SP WIDTH="29" VPOS="1897" HPOS="1521"/>
							<String ID="string_287" HPOS="1550" VPOS="1902" WIDTH="98" HEIGHT="32" WC="0.96" CONTENT="samt"/><SP WIDTH="27" VPOS="1902" HPOS="1648"/>
							<String ID="string_288" HPOS="1675" VPOS="1899" WIDTH="168" HEIGHT="37" WC="0.96" CONTENT="flertalet"/><SP WIDTH="23" VPOS="1899" HPOS="1843"/>
							<String ID="string_289" HPOS="1866" VPOS="1902" WIDTH="93" HEIGHT="35" WC="0.95" CONTENT="blad"/>
						</TextLine>
						<TextLine ID="line_35" HPOS="360" VPOS="1940" WIDTH="1597" HEIGHT="61">
							<String ID="string_290" HPOS="360" VPOS="1940" WIDTH="105" HEIGHT="36" WC="0.96" CONTENT="öfver"/><SP WIDTH="41" VPOS="1940" HPOS="465"/>
							<String ID="string_291" HPOS="506" VPOS="1942" WIDTH="293" HEIGHT="37" WC="0.96" CONTENT="Västerbottens"/><SP WIDTH="33" VPOS="1942" HPOS="799"/>
							<String ID="string_292" HPOS="832" VPOS="1944" WIDTH="73" HEIGHT="36" WC="0.96" CONTENT="och"/><SP WIDTH="34" VPOS="1944" HPOS="905"/>
							<String ID="string_293" HPOS="939" VPOS="1946" WIDTH="216" HEIGHT="37" WC="0.96" CONTENT="Jämtlands"/><SP WIDTH="28" VPOS="1946" HPOS="1155"/>
							<String ID="string_294" HPOS="1183" VPOS="1948" WIDTH="64" HEIGHT="35" WC="0.96" CONTENT="län"/><SP WIDTH="29" VPOS="1948" HPOS="1247"/>
							<String ID="string_295" HPOS="1276" VPOS="1955" WIDTH="67" HEIGHT="30" WC="0.96" CONTENT="äro"/><SP WIDTH="28" VPOS="1955" HPOS="1343"/>
							<String ID="string_296" HPOS="1371" VPOS="1949" WIDTH="151" HEIGHT="48" WC="0.95" CONTENT="färdiga"/><SP WIDTH="30" VPOS="1949" HPOS="1522"/>
							<String ID="string_297" HPOS="1552" VPOS="1951" WIDTH="92" HEIGHT="36" WC="0.95" CONTENT="eller"/><SP WIDTH="27" VPOS="1951" HPOS="1644"/>
							<String ID="string_298" HPOS="1671" VPOS="1952" WIDTH="62" HEIGHT="35" WC="0.96" CONTENT="till"/><SP WIDTH="27" VPOS="1952" HPOS="1733"/>
							<String ID="string_299" HPOS="1760" VPOS="1953" WIDTH="197" HEIGHT="48" WC="0.91" CONTENT="utgifning"/>
						</TextLine>
						<TextLine ID="line_36" HPOS="357" VPOS="1994" WIDTH="1599" HEIGHT="54">
							<String ID="string_300" HPOS="357" VPOS="1994" WIDTH="179" HEIGHT="45" WC="0.95" CONTENT="beredda,"/><SP WIDTH="44" VPOS="1994" HPOS="536"/>
							<String ID="string_301" HPOS="580" VPOS="2000" WIDTH="43" HEIGHT="29" WC="0.96" CONTENT="är"/><SP WIDTH="40" VPOS="2000" HPOS="623"/>
							<String ID="string_302" HPOS="663" VPOS="1997" WIDTH="220" HEIGHT="45" WC="0.95" CONTENT="uppenbart"/><SP WIDTH="42" VPOS="1997" HPOS="883"/>
							<String ID="string_303" HPOS="925" VPOS="2001" WIDTH="59" HEIGHT="32" WC="0.93" CONTENT="att"/><SP WIDTH="28" VPOS="2001" HPOS="984"/>
							<String ID="string_304" HPOS="1012" VPOS="2020" WIDTH="50" HEIGHT="3" WC="0.92" CONTENT="—"/><SP WIDTH="28" VPOS="2020" HPOS="1062"/>
							<String ID="string_305" HPOS="1090" VPOS="1999" WIDTH="60" HEIGHT="35" WC="0.96" CONTENT="för"/><SP WIDTH="28" VPOS="1999" HPOS="1150"/>
							<String ID="string_306" HPOS="1178" VPOS="2003" WIDTH="40" HEIGHT="32" WC="0.96" CONTENT="så"/><SP WIDTH="28" VPOS="2003" HPOS="1218"/>
							<String ID="string_307" HPOS="1246" VPOS="2001" WIDTH="84" HEIGHT="36" WC="0.96" CONTENT="vidt"/><SP WIDTH="28" VPOS="2001" HPOS="1330"/>
							<String ID="string_308" HPOS="1358" VPOS="2002" WIDTH="32" HEIGHT="46" WC="0.96" CONTENT="ej"/><SP WIDTH="31" VPOS="2002" HPOS="1390"/>
							<String ID="string_309" HPOS="1421" VPOS="2002" WIDTH="86" HEIGHT="36" WC="0.96" CONTENT="hela"/><SP WIDTH="28" VPOS="2002" HPOS="1507"/>
							<String ID="string_310" HPOS="1535" VPOS="2003" WIDTH="141" HEIGHT="36" WC="0.95" CONTENT="kartan"/><SP WIDTH="30" VPOS="2003" HPOS="1676"/>
							<String ID="string_311" HPOS="1706" VPOS="2005" WIDTH="106" HEIGHT="35" WC="0.93" CONTENT="öfver"/><SP WIDTH="27" VPOS="2005" HPOS="1812"/>
							<String ID="string_312" HPOS="1839" VPOS="2006" WIDTH="117" HEIGHT="35" WC="0.92" CONTENT="Norr-"/>
						</TextLine>
						<TextLine ID="line_37" HPOS="357" VPOS="2045" WIDTH="1602" HEIGHT="58">
							<String ID="string_313" HPOS="357" VPOS="2045" WIDTH="91" HEIGHT="35" WC="0.94" CONTENT="land"/><SP WIDTH="41" VPOS="2045" HPOS="448"/>
							<String ID="string_314" HPOS="489" VPOS="2046" WIDTH="98" HEIGHT="35" WC="0.96" CONTENT="skall"/><SP WIDTH="36" VPOS="2046" HPOS="587"/>
							<String ID="string_315" HPOS="623" VPOS="2051" WIDTH="113" HEIGHT="42" WC="0.96" CONTENT="göras"/><SP WIDTH="30" VPOS="2051" HPOS="736"/>
							<String ID="string_316" HPOS="766" VPOS="2060" WIDTH="62" HEIGHT="23" WC="0.93" CONTENT="om"/><SP WIDTH="27" VPOS="2060" HPOS="828"/>
							<String ID="string_317" HPOS="855" VPOS="2070" WIDTH="51" HEIGHT="3" WC="0.92" CONTENT="—"/><SP WIDTH="27" VPOS="2070" HPOS="906"/>
							<String ID="string_318" HPOS="933" VPOS="2053" WIDTH="69" HEIGHT="32" WC="0.96" CONTENT="vår"/><SP WIDTH="27" VPOS="2053" HPOS="1002"/>
							<String ID="string_319" HPOS="1029" VPOS="2052" WIDTH="155" HEIGHT="46" WC="0.96" CONTENT="uppgift"/><SP WIDTH="28" VPOS="2052" HPOS="1184"/>
							<String ID="string_320" HPOS="1212" VPOS="2056" WIDTH="59" HEIGHT="32" WC="0.96" CONTENT="att"/><SP WIDTH="27" VPOS="2056" HPOS="1271"/>
							<String ID="string_321" HPOS="1298" VPOS="2056" WIDTH="107" HEIGHT="43" WC="0.96" CONTENT="yttra"/><SP WIDTH="30" VPOS="2056" HPOS="1405"/>
							<String ID="string_322" HPOS="1435" VPOS="2067" WIDTH="57" HEIGHT="23" WC="0.96" CONTENT="oss"/><SP WIDTH="30" VPOS="2067" HPOS="1492"/>
							<String ID="string_323" HPOS="1522" VPOS="2068" WIDTH="61" HEIGHT="22" WC="0.97" CONTENT="om"/><SP WIDTH="28" VPOS="2068" HPOS="1583"/>
							<String ID="string_324" HPOS="1611" VPOS="2056" WIDTH="278" HEIGHT="47" WC="0.95" CONTENT="lämpligheten"/><SP WIDTH="30" VPOS="2056" HPOS="1889"/>
							<String ID="string_325" HPOS="1919" VPOS="2059" WIDTH="40" HEIGHT="34" WC="0.92" CONTENT="at"/>
						</TextLine>
						<TextLine ID="line_38" HPOS="358" VPOS="2097" WIDTH="1598" HEIGHT="60">
							<String ID="string_326" HPOS="358" VPOS="2100" WIDTH="57" HEIGHT="32" WC="0.93" CONTENT="ett"/><SP WIDTH="28" VPOS="2100" HPOS="415"/>
							<String ID="string_327" HPOS="443" VPOS="2097" WIDTH="228" HEIGHT="37" WC="0.90" CONTENT="förändradt"/><SP WIDTH="40" VPOS="2097" HPOS="671"/>
							<String ID="string_328" HPOS="711" VPOS="2100" WIDTH="296" HEIGHT="48" WC="0.89" CONTENT="utgifningssätt"/><SP WIDTH="42" VPOS="2100" HPOS="1007"/>
							<String ID="string_329" HPOS="1049" VPOS="2103" WIDTH="41" HEIGHT="35" WC="0.96" CONTENT="af"/><SP WIDTH="36" VPOS="2103" HPOS="1090"/>
							<String ID="string_330" HPOS="1126" VPOS="2105" WIDTH="167" HEIGHT="35" WC="0.96" CONTENT="nämnda"/><SP WIDTH="41" VPOS="2105" HPOS="1293"/>
							<String ID="string_331" HPOS="1334" VPOS="2106" WIDTH="115" HEIGHT="36" WC="0.96" CONTENT="karta"/><SP WIDTH="34" VPOS="2106" HPOS="1449"/>
							<String ID="string_332" HPOS="1483" VPOS="2110" WIDTH="122" HEIGHT="33" WC="0.96" CONTENT="måste"/><SP WIDTH="28" VPOS="2110" HPOS="1605"/>
							<String ID="string_333" HPOS="1633" VPOS="2109" WIDTH="55" HEIGHT="35" WC="0.96" CONTENT="bli"/><SP WIDTH="27" VPOS="2109" HPOS="1688"/>
							<String ID="string_334" HPOS="1715" VPOS="2110" WIDTH="241" HEIGHT="47" WC="0.95" CONTENT="väsentligen"/>
						</TextLine>
						<TextLine ID="line_39" HPOS="356" VPOS="2150" WIDTH="1599" HEIGHT="55">
							<String ID="string_335" HPOS="356" VPOS="2150" WIDTH="226" HEIGHT="45" WC="0.95" CONTENT="begränsad."/><SP WIDTH="57" VPOS="2150" HPOS="582"/>
							<String ID="string_336" HPOS="639" VPOS="2151" WIDTH="86" HEIGHT="36" WC="0.79" CONTENT="Som"/><SP WIDTH="33" VPOS="2151" HPOS="725"/>
							<String ID="string_337" HPOS="758" VPOS="2153" WIDTH="38" HEIGHT="34" WC="0.95" CONTENT="vi"/><SP WIDTH="29" VPOS="2153" HPOS="796"/>
							<String ID="string_338" HPOS="825" VPOS="2154" WIDTH="188" HEIGHT="47" WC="0.95" CONTENT="enhälligt"/><SP WIDTH="29" VPOS="2154" HPOS="1013"/>
							<String ID="string_339" HPOS="1042" VPOS="2161" WIDTH="67" HEIGHT="29" WC="0.96" CONTENT="äro"/><SP WIDTH="30" VPOS="2161" HPOS="1109"/>
							<String ID="string_340" HPOS="1139" VPOS="2156" WIDTH="42" HEIGHT="35" WC="0.96" CONTENT="af"/><SP WIDTH="23" VPOS="2156" HPOS="1181"/>
							<String ID="string_341" HPOS="1204" VPOS="2157" WIDTH="73" HEIGHT="35" WC="0.96" CONTENT="den"/><SP WIDTH="28" VPOS="2157" HPOS="1277"/>
							<String ID="string_342" HPOS="1305" VPOS="2159" WIDTH="216" HEIGHT="46" WC="0.96" CONTENT="meningen,"/><SP WIDTH="32" VPOS="2159" HPOS="1521"/>
							<String ID="string_343" HPOS="1553" VPOS="2163" WIDTH="60" HEIGHT="32" WC="0.96" CONTENT="att"/><SP WIDTH="27" VPOS="2163" HPOS="1613"/>
							<String ID="string_344" HPOS="1640" VPOS="2173" WIDTH="90" HEIGHT="23" WC="0.96" CONTENT="man"/><SP WIDTH="27" VPOS="2173" HPOS="1730"/>
							<String ID="string_345" HPOS="1757" VPOS="2161" WIDTH="97" HEIGHT="36" WC="0.96" CONTENT="först"/><SP WIDTH="29" VPOS="2161" HPOS="1854"/>
							<String ID="string_346" HPOS="1883" VPOS="2163" WIDTH="72" HEIGHT="35" WC="0.96" CONTENT="och"/>
						</TextLine>
					</TextBlock>
				</ComposedBlock>
				<ComposedBlock ID="cblock_4" HPOS="494" VPOS="2285" WIDTH="1460" HEIGHT="40">
					<TextBlock ID="block_7" HPOS="494" VPOS="2285" WIDTH="1460" HEIGHT="40">
						<TextLine ID="line_40" HPOS="494" VPOS="2285" WIDTH="1460" HEIGHT="40">
							<String ID="string_347" HPOS="494" VPOS="2285" WIDTH="84" HEIGHT="33" WC="0.42" CONTENT="Bill"/><SP WIDTH="24" VPOS="2285" HPOS="578"/>
							<String ID="string_348" HPOS="602" VPOS="2287" WIDTH="58" HEIGHT="26" WC="0.1" CONTENT="AT."/><SP WIDTH="27" VPOS="2287" HPOS="660"/>
							<String ID="string_349" HPOS="687" VPOS="2302" WIDTH="33" HEIGHT="4" WC="0.91" CONTENT="—"/><SP WIDTH="19" VPOS="2302" HPOS="720"/>
							<String ID="string_350" HPOS="739" VPOS="2289" WIDTH="19" HEIGHT="32" WC="0.69" CONTENT="?)"/><SP WIDTH="11" VPOS="2289" HPOS="758"/>
							<String ID="string_351" HPOS="769" VPOS="2288" WIDTH="51" HEIGHT="26" WC="0.88" CONTENT="Bil."/><SP WIDTH="21" VPOS="2288" HPOS="820"/>
							<String ID="string_352" HPOS="841" VPOS="2289" WIDTH="60" HEIGHT="27" WC="0.84" CONTENT="A2."/><SP WIDTH="22" VPOS="2289" HPOS="901"/>
							<String ID="string_353" HPOS="923" VPOS="2306" WIDTH="30" HEIGHT="3" WC="0.72" CONTENT="—"/><SP WIDTH="19" VPOS="2306" HPOS="953"/>
							<String ID="string_354" HPOS="972" VPOS="2291" WIDTH="20" HEIGHT="31" WC="0.76" CONTENT="3"/><SP WIDTH="11" VPOS="2291" HPOS="992"/>
							<String ID="string_355" HPOS="1003" VPOS="2290" WIDTH="52" HEIGHT="27" WC="0.77" CONTENT="Bil"/><SP WIDTH="20" VPOS="2290" HPOS="1055"/>
							<String ID="string_356" HPOS="1075" VPOS="2291" WIDTH="60" HEIGHT="27" WC="0.88" CONTENT="A3."/><SP WIDTH="26" VPOS="2291" HPOS="1135"/>
							<String ID="string_357" HPOS="1161" VPOS="2308" WIDTH="22" HEIGHT="3" WC="0.90" CONTENT="—"/><SP WIDTH="24" VPOS="2308" HPOS="1183"/>
							<String ID="string_358" HPOS="1207" VPOS="2292" WIDTH="20" HEIGHT="33" WC="0.81" CONTENT="4"/><SP WIDTH="12" VPOS="2292" HPOS="1227"/>
							<String ID="string_359" HPOS="1239" VPOS="2292" WIDTH="51" HEIGHT="27" WC="0.90" CONTENT="Bil"/><SP WIDTH="20" VPOS="2292" HPOS="1290"/>
							<String ID="string_360" HPOS="1310" VPOS="2293" WIDTH="26" HEIGHT="27" WC="0.92" CONTENT="A"/><SP WIDTH="19" VPOS="2293" HPOS="1336"/>
							<String ID="string_361" HPOS="1355" VPOS="2294" WIDTH="17" HEIGHT="27" WC="0.77" CONTENT="4"/><SP WIDTH="13" VPOS="2294" HPOS="1372"/>
							<String ID="string_362" HPOS="1385" VPOS="2294" WIDTH="52" HEIGHT="27" WC="0.77" CONTENT="och"/><SP WIDTH="19" VPOS="2294" HPOS="1437"/>
							<String ID="string_363" HPOS="1456" VPOS="2294" WIDTH="25" HEIGHT="27" WC="0.92" CONTENT="A"/><SP WIDTH="19" VPOS="2294" HPOS="1481"/>
							<String ID="string_364" HPOS="1500" VPOS="2295" WIDTH="24" HEIGHT="27" WC="0.89" CONTENT="5."/><SP WIDTH="39" VPOS="2295" HPOS="1524"/>
							<String ID="string_365" HPOS="1563" VPOS="2295" WIDTH="41" HEIGHT="27" WC="0.95" CONTENT="Af"/><SP WIDTH="14" VPOS="2295" HPOS="1604"/>
							<String ID="string_366" HPOS="1618" VPOS="2295" WIDTH="203" HEIGHT="29" WC="0.95" CONTENT="kostnadsskäl"/><SP WIDTH="20" VPOS="2295" HPOS="1821"/>
							<String ID="string_367" HPOS="1841" VPOS="2303" WIDTH="48" HEIGHT="21" WC="0.96" CONTENT="äro"/><SP WIDTH="20" VPOS="2303" HPOS="1889"/>
							<String ID="string_368" HPOS="1909" VPOS="2298" WIDTH="45" HEIGHT="26" WC="0.96" CONTENT="vid"/>
						</TextLine>
					</TextBlock>
				</ComposedBlock>
				<ComposedBlock ID="cblock_5" HPOS="355" VPOS="2319" WIDTH="1513" HEIGHT="48">
					<TextBlock ID="block_8" HPOS="355" VPOS="2319" WIDTH="1513" HEIGHT="48">
						<TextLine ID="line_41" HPOS="355" VPOS="2319" WIDTH="1513" HEIGHT="48">
							<String ID="string_369" HPOS="355" VPOS="2319" WIDTH="184" HEIGHT="35" WC="0.94" CONTENT="tryckningen"/><SP WIDTH="20" VPOS="2319" HPOS="539"/>
							<String ID="string_370" HPOS="559" VPOS="2321" WIDTH="55" HEIGHT="26" WC="0.96" CONTENT="alla"/><SP WIDTH="20" VPOS="2321" HPOS="614"/>
							<String ID="string_371" HPOS="634" VPOS="2322" WIDTH="52" HEIGHT="26" WC="0.96" CONTENT="här"/><SP WIDTH="18" VPOS="2322" HPOS="686"/>
							<String ID="string_372" HPOS="704" VPOS="2324" WIDTH="123" HEIGHT="26" WC="0.96" CONTENT="nämnda"/><SP WIDTH="19" VPOS="2324" HPOS="827"/>
							<String ID="string_373" HPOS="846" VPOS="2325" WIDTH="96" HEIGHT="26" WC="0.96" CONTENT="kartor"/><SP WIDTH="18" VPOS="2325" HPOS="942"/>
							<String ID="string_374" HPOS="960" VPOS="2326" WIDTH="111" HEIGHT="26" WC="0.96" CONTENT="utförda"/><SP WIDTH="19" VPOS="2326" HPOS="1071"/>
							<String ID="string_375" HPOS="1090" VPOS="2326" WIDTH="8" HEIGHT="26" WC="0.96" CONTENT="i"/><SP WIDTH="20" VPOS="2326" HPOS="1098"/>
							<String ID="string_376" HPOS="1118" VPOS="2326" WIDTH="156" HEIGHT="36" WC="0.88" CONTENT="öfvertryck"/><SP WIDTH="20" VPOS="2326" HPOS="1274"/>
							<String ID="string_377" HPOS="1294" VPOS="2329" WIDTH="68" HEIGHT="26" WC="0.96" CONTENT="efter"/><SP WIDTH="18" VPOS="2329" HPOS="1362"/>
							<String ID="string_378" HPOS="1380" VPOS="2339" WIDTH="85" HEIGHT="26" WC="0.96" CONTENT="nyare"/><SP WIDTH="20" VPOS="2339" HPOS="1465"/>
							<String ID="string_379" HPOS="1485" VPOS="2330" WIDTH="51" HEIGHT="26" WC="0.96" CONTENT="och"/><SP WIDTH="21" VPOS="2330" HPOS="1536"/>
							<String ID="string_380" HPOS="1557" VPOS="2331" WIDTH="76" HEIGHT="26" WC="0.93" CONTENT="äldre"/><SP WIDTH="20" VPOS="2331" HPOS="1633"/>
							<String ID="string_381" HPOS="1653" VPOS="2331" WIDTH="215" HEIGHT="36" WC="0.90" CONTENT="heliogravyrer."/>
						</TextLine>
					</TextBlock>
				</ComposedBlock>
			</PrintSpace>
		</Page>
	</Layout>
</alto>
