<?xml version="1.0" encoding="UTF-8"?>
<alto xmlns="http://www.loc.gov/standards/alto/ns-v3#" xmlns:xlink="http://www.w3.org/1999/xlink" xmlns:xsi="http://www.w3.org/2001/XMLSchema-instance" xsi:schemaLocation="http://www.loc.gov/standards/alto/ns-v3# http://www.loc.gov/alto/v3/alto-3-0.xsd">
	<Description>
		<MeasurementUnit>pixel</MeasurementUnit>
		<sourceImageInformation>
			<fileName>/tmp/tess_mk7o2e7p_input.PNG</fileName>
		</sourceImageInformation>
		<OCRProcessing ID="OCR_0">
			<ocrProcessingStep>
				<processingSoftware>
					<softwareName>tesseract 5.3.0</softwareName>
				</processingSoftware>
			</ocrProcessingStep>
		</OCRProcessing>
	</Description>
	<Layout>
		<Page WIDTH="1904" HEIGHT="2812" PHYSICAL_IMG_NR="0" ID="page_0">
			<PrintSpace HPOS="0" VPOS="0" WIDTH="1904" HEIGHT="2812">
				<ComposedBlock ID="cblock_0" HPOS="329" VPOS="158" WIDTH="1076" HEIGHT="37">
					<TextBlock ID="block_0" HPOS="329" VPOS="158" WIDTH="1076" HEIGHT="37">
						<TextLine ID="line_0" HPOS="329" VPOS="158" WIDTH="1076" HEIGHT="37">
							<String ID="string_0" HPOS="329" VPOS="158" WIDTH="41" HEIGHT="32" WC="0.96" CONTENT="32"/><SP WIDTH="342" VPOS="158" HPOS="370"/>
							<String ID="string_1" HPOS="712" VPOS="159" WIDTH="293" HEIGHT="34" WC="0.90" CONTENT="Statsutskottets"/><SP WIDTH="31" VPOS="159" HPOS="1005"/>
							<String ID="string_2" HPOS="1036" VPOS="161" WIDTH="189" HEIGHT="33" WC="0.96" CONTENT="utlåtande"/><SP WIDTH="30" VPOS="161" HPOS="1225"/>
							<String ID="string_3" HPOS="1255" VPOS="162" WIDTH="53" HEIGHT="33" WC="0.96" CONTENT="Nr"/><SP WIDTH="25" VPOS="162" HPOS="1308"/>
							<String ID="string_4" HPOS="1333" VPOS="164" WIDTH="72" HEIGHT="30" WC="0.95" CONTENT="111."/>
						</TextLine>
					</TextBlock>
				</ComposedBlock>
				<ComposedBlock ID="cblock_1" HPOS="283" VPOS="238" WIDTH="1510" HEIGHT="1646">
					<TextBlock ID="block_1" HPOS="286" VPOS="238" WIDTH="1507" HEIGHT="258">
						<TextLine ID="line_1" HPOS="286" VPOS="238" WIDTH="1505" HEIGHT="40">
							<String ID="string_5" HPOS="286" VPOS="238" WIDTH="99" HEIGHT="32" WC="0.95" CONTENT="dessa"/><SP WIDTH="33" VPOS="238" HPOS="385"/>
							<String ID="string_6" HPOS="418" VPOS="238" WIDTH="59" HEIGHT="31" WC="0.96" CONTENT="lån"/><SP WIDTH="33" VPOS="238" HPOS="477"/>
							<String ID="string_7" HPOS="510" VPOS="239" WIDTH="43" HEIGHT="35" WC="0.96" CONTENT="på"/><SP WIDTH="34" VPOS="239" HPOS="553"/>
							<String ID="string_8" HPOS="587" VPOS="238" WIDTH="112" HEIGHT="37" WC="0.96" CONTENT="grund"/><SP WIDTH="33" VPOS="238" HPOS="699"/>
							<String ID="string_9" HPOS="732" VPOS="250" WIDTH="46" HEIGHT="19" WC="0.96" CONTENT="av"/><SP WIDTH="32" VPOS="250" HPOS="778"/>
							<String ID="string_10" HPOS="810" VPOS="239" WIDTH="65" HEIGHT="31" WC="0.96" CONTENT="den"/><SP WIDTH="22" VPOS="239" HPOS="875"/>
							<String ID="string_11" HPOS="897" VPOS="240" WIDTH="134" HEIGHT="31" WC="0.96" CONTENT="mindre"/><SP WIDTH="23" VPOS="240" HPOS="1031"/>
							<String ID="string_12" HPOS="1054" VPOS="242" WIDTH="141" HEIGHT="35" WC="0.96" CONTENT="stränga"/><SP WIDTH="22" VPOS="242" HPOS="1195"/>
							<String ID="string_13" HPOS="1217" VPOS="241" WIDTH="142" HEIGHT="31" WC="0.96" CONTENT="fordran"/><SP WIDTH="24" VPOS="241" HPOS="1359"/>
							<String ID="string_14" HPOS="1383" VPOS="244" WIDTH="42" HEIGHT="34" WC="0.93" CONTENT="på"/><SP WIDTH="25" VPOS="244" HPOS="1425"/>
							<String ID="string_15" HPOS="1450" VPOS="243" WIDTH="275" HEIGHT="32" WC="0.92" CONTENT="beskaffenheten"/><SP WIDTH="22" VPOS="243" HPOS="1725"/>
							<String ID="string_16" HPOS="1747" VPOS="255" WIDTH="44" HEIGHT="20" WC="0.96" CONTENT="av"/>
						</TextLine>
						<TextLine ID="line_2" HPOS="286" VPOS="282" WIDTH="1506" HEIGHT="40">
							<String ID="string_17" HPOS="286" VPOS="282" WIDTH="201" HEIGHT="30" WC="0.96" CONTENT="säkerheten"/><SP WIDTH="35" VPOS="282" HPOS="487"/>
							<String ID="string_18" HPOS="522" VPOS="282" WIDTH="52" HEIGHT="30" WC="0.96" CONTENT="för"/><SP WIDTH="28" VPOS="282" HPOS="574"/>
							<String ID="string_19" HPOS="602" VPOS="282" WIDTH="172" HEIGHT="31" WC="0.96" CONTENT="desamma"/><SP WIDTH="23" VPOS="282" HPOS="774"/>
							<String ID="string_20" HPOS="797" VPOS="283" WIDTH="117" HEIGHT="30" WC="0.96" CONTENT="kunna"/><SP WIDTH="23" VPOS="283" HPOS="914"/>
							<String ID="string_21" HPOS="937" VPOS="284" WIDTH="139" HEIGHT="30" WC="0.96" CONTENT="komma"/><SP WIDTH="22" VPOS="284" HPOS="1076"/>
							<String ID="string_22" HPOS="1098" VPOS="285" WIDTH="52" HEIGHT="30" WC="0.96" CONTENT="att"/><SP WIDTH="22" VPOS="285" HPOS="1150"/>
							<String ID="string_23" HPOS="1172" VPOS="285" WIDTH="165" HEIGHT="30" WC="0.96" CONTENT="innebära"/><SP WIDTH="22" VPOS="285" HPOS="1337"/>
							<String ID="string_24" HPOS="1359" VPOS="286" WIDTH="190" HEIGHT="36" WC="0.96" CONTENT="betydande"/><SP WIDTH="23" VPOS="286" HPOS="1549"/>
							<String ID="string_25" HPOS="1572" VPOS="287" WIDTH="220" HEIGHT="31" WC="0.96" CONTENT="ekonomiska"/>
						</TextLine>
						<TextLine ID="line_3" HPOS="287" VPOS="324" WIDTH="1505" HEIGHT="41">
							<String ID="string_26" HPOS="287" VPOS="325" WIDTH="119" HEIGHT="30" WC="0.95" CONTENT="risker."/><SP WIDTH="49" VPOS="325" HPOS="406"/>
							<String ID="string_27" HPOS="455" VPOS="324" WIDTH="123" HEIGHT="36" WC="0.95" CONTENT="Enligt"/><SP WIDTH="33" VPOS="324" HPOS="578"/>
							<String ID="string_28" HPOS="611" VPOS="326" WIDTH="67" HEIGHT="30" WC="0.96" CONTENT="vad"/><SP WIDTH="34" VPOS="326" HPOS="678"/>
							<String ID="string_29" HPOS="712" VPOS="326" WIDTH="215" HEIGHT="30" WC="0.96" CONTENT="revisorerna"/><SP WIDTH="33" VPOS="326" HPOS="927"/>
							<String ID="string_30" HPOS="960" VPOS="327" WIDTH="174" HEIGHT="30" WC="0.96" CONTENT="inhämtat"/><SP WIDTH="33" VPOS="327" HPOS="1134"/>
							<String ID="string_31" HPOS="1167" VPOS="328" WIDTH="90" HEIGHT="30" WC="0.96" CONTENT="hava"/><SP WIDTH="33" VPOS="328" HPOS="1257"/>
							<String ID="string_32" HPOS="1290" VPOS="329" WIDTH="189" HEIGHT="30" WC="0.95" CONTENT="emellertid"/><SP WIDTH="34" VPOS="329" HPOS="1479"/>
							<String ID="string_33" HPOS="1513" VPOS="330" WIDTH="214" HEIGHT="35" WC="0.96" CONTENT="placeringar"/><SP WIDTH="22" VPOS="330" HPOS="1727"/>
							<String ID="string_34" HPOS="1749" VPOS="341" WIDTH="43" HEIGHT="19" WC="0.93" CONTENT="av"/>
						</TextLine>
						<TextLine ID="line_4" HPOS="287" VPOS="368" WIDTH="1506" HEIGHT="41">
							<String ID="string_35" HPOS="287" VPOS="368" WIDTH="207" HEIGHT="31" WC="0.92" CONTENT="sistberörda"/><SP WIDTH="33" VPOS="368" HPOS="494"/>
							<String ID="string_36" HPOS="527" VPOS="369" WIDTH="56" HEIGHT="29" WC="0.95" CONTENT="art"/><SP WIDTH="33" VPOS="369" HPOS="583"/>
							<String ID="string_37" HPOS="616" VPOS="368" WIDTH="128" HEIGHT="31" WC="0.95" CONTENT="hittills"/><SP WIDTH="37" VPOS="368" HPOS="744"/>
							<String ID="string_38" HPOS="781" VPOS="370" WIDTH="91" HEIGHT="30" WC="0.96" CONTENT="skett"/><SP WIDTH="32" VPOS="370" HPOS="872"/>
							<String ID="string_39" HPOS="904" VPOS="370" WIDTH="118" HEIGHT="30" WC="0.96" CONTENT="endast"/><SP WIDTH="23" VPOS="370" HPOS="1022"/>
							<String ID="string_40" HPOS="1045" VPOS="371" WIDTH="12" HEIGHT="29" WC="0.96" CONTENT="i"/><SP WIDTH="24" VPOS="371" HPOS="1057"/>
							<String ID="string_41" HPOS="1081" VPOS="370" WIDTH="257" HEIGHT="37" WC="0.96" CONTENT="undantagsfall"/><SP WIDTH="35" VPOS="370" HPOS="1338"/>
							<String ID="string_42" HPOS="1373" VPOS="372" WIDTH="62" HEIGHT="31" WC="0.95" CONTENT="och"/><SP WIDTH="28" VPOS="372" HPOS="1435"/>
							<String ID="string_43" HPOS="1463" VPOS="373" WIDTH="56" HEIGHT="30" WC="0.95" CONTENT="till"/><SP WIDTH="24" VPOS="373" HPOS="1519"/>
							<String ID="string_44" HPOS="1543" VPOS="373" WIDTH="250" HEIGHT="36" WC="0.94" CONTENT="jämförelsevis"/>
						</TextLine>
						<TextLine ID="line_5" HPOS="287" VPOS="412" WIDTH="1502" HEIGHT="41">
							<String ID="string_45" HPOS="287" VPOS="413" WIDTH="101" HEIGHT="35" WC="0.96" CONTENT="ringa"/><SP WIDTH="18" VPOS="413" HPOS="388"/>
							<String ID="string_46" HPOS="406" VPOS="412" WIDTH="126" HEIGHT="36" WC="0.92" CONTENT="belopp."/><SP WIDTH="40" VPOS="412" HPOS="532"/>
							<String ID="string_47" HPOS="572" VPOS="412" WIDTH="68" HEIGHT="31" WC="0.96" CONTENT="Vid"/><SP WIDTH="16" VPOS="412" HPOS="640"/>
							<String ID="string_48" HPOS="656" VPOS="414" WIDTH="176" HEIGHT="35" WC="0.96" CONTENT="utgången"/><SP WIDTH="15" VPOS="414" HPOS="832"/>
							<String ID="string_49" HPOS="847" VPOS="423" WIDTH="45" HEIGHT="21" WC="0.96" CONTENT="av"/><SP WIDTH="16" VPOS="423" HPOS="892"/>
							<String ID="string_50" HPOS="908" VPOS="416" WIDTH="132" HEIGHT="29" WC="0.96" CONTENT="senaste"/><SP WIDTH="15" VPOS="416" HPOS="1040"/>
							<String ID="string_51" HPOS="1055" VPOS="414" WIDTH="168" HEIGHT="36" WC="0.96" CONTENT="budgetår"/><SP WIDTH="16" VPOS="414" HPOS="1223"/>
							<String ID="string_52" HPOS="1239" VPOS="425" WIDTH="82" HEIGHT="21" WC="0.96" CONTENT="voro"/><SP WIDTH="15" VPOS="425" HPOS="1321"/>
							<String ID="string_53" HPOS="1336" VPOS="416" WIDTH="145" HEIGHT="31" WC="0.93" CONTENT="sålunda"/><SP WIDTH="16" VPOS="416" HPOS="1481"/>
							<String ID="string_54" HPOS="1497" VPOS="417" WIDTH="139" HEIGHT="35" WC="0.91" CONTENT="866,000"/><SP WIDTH="18" VPOS="417" HPOS="1636"/>
							<String ID="string_55" HPOS="1654" VPOS="417" WIDTH="135" HEIGHT="36" WC="0.96" CONTENT="kronor,"/>
						</TextLine>
						<TextLine ID="line_6" HPOS="286" VPOS="456" WIDTH="1452" HEIGHT="40">
							<String ID="string_56" HPOS="286" VPOS="456" WIDTH="240" HEIGHT="31" WC="0.96" CONTENT="motsvarande"/><SP WIDTH="24" VPOS="456" HPOS="526"/>
							<String ID="string_57" HPOS="550" VPOS="457" WIDTH="71" HEIGHT="29" WC="0.95" CONTENT="0.27"/><SP WIDTH="27" VPOS="457" HPOS="621"/>
							<String ID="string_58" HPOS="648" VPOS="458" WIDTH="139" HEIGHT="34" WC="0.96" CONTENT="procent"/><SP WIDTH="22" VPOS="458" HPOS="787"/>
							<String ID="string_59" HPOS="809" VPOS="467" WIDTH="45" HEIGHT="20" WC="0.96" CONTENT="av"/><SP WIDTH="23" VPOS="467" HPOS="854"/>
							<String ID="string_60" HPOS="877" VPOS="457" WIDTH="144" HEIGHT="31" WC="0.93" CONTENT="fondens"/><SP WIDTH="23" VPOS="457" HPOS="1021"/>
							<String ID="string_61" HPOS="1044" VPOS="458" WIDTH="213" HEIGHT="37" WC="0.90" CONTENT="totalbelopp,"/><SP WIDTH="24" VPOS="458" HPOS="1257"/>
							<String ID="string_62" HPOS="1281" VPOS="459" WIDTH="176" HEIGHT="36" WC="0.96" CONTENT="placerade"/><SP WIDTH="23" VPOS="459" HPOS="1457"/>
							<String ID="string_63" HPOS="1480" VPOS="462" WIDTH="43" HEIGHT="34" WC="0.96" CONTENT="på"/><SP WIDTH="23" VPOS="462" HPOS="1523"/>
							<String ID="string_64" HPOS="1546" VPOS="461" WIDTH="92" HEIGHT="31" WC="0.96" CONTENT="detta"/><SP WIDTH="23" VPOS="461" HPOS="1638"/>
							<String ID="string_65" HPOS="1661" VPOS="463" WIDTH="77" HEIGHT="29" WC="0.96" CONTENT="sätt."/>
						</TextLine>
					</TextBlock>
					<TextBlock ID="block_2" HPOS="283" VPOS="500" WIDTH="1510" HEIGHT="1075">
						<TextLine ID="line_7" HPOS="331" VPOS="500" WIDTH="1462" HEIGHT="38">
							<String ID="string_66" HPOS="331" VPOS="500" WIDTH="73" HEIGHT="30" WC="0.96" CONTENT="Den"/><SP WIDTH="24" VPOS="500" HPOS="404"/>
							<String ID="string_67" HPOS="428" VPOS="510" WIDTH="90" HEIGHT="20" WC="0.96" CONTENT="ovan"/><SP WIDTH="24" VPOS="510" HPOS="518"/>
							<String ID="string_68" HPOS="542" VPOS="500" WIDTH="143" HEIGHT="31" WC="0.93" CONTENT="anförda"/><SP WIDTH="22" VPOS="500" HPOS="685"/>
							<String ID="string_69" HPOS="707" VPOS="501" WIDTH="384" HEIGHT="35" WC="0.80" CONTENT="speeialbestämmelsen"/><SP WIDTH="21" VPOS="501" HPOS="1091"/>
							<String ID="string_70" HPOS="1112" VPOS="502" WIDTH="54" HEIGHT="31" WC="0.96" CONTENT="för"/><SP WIDTH="15" VPOS="502" HPOS="1166"/>
							<String ID="string_71" HPOS="1181" VPOS="505" WIDTH="129" HEIGHT="28" WC="0.96" CONTENT="statens"/><SP WIDTH="17" VPOS="505" HPOS="1310"/>
							<String ID="string_72" HPOS="1327" VPOS="505" WIDTH="286" HEIGHT="33" WC="0.95" CONTENT="pensionsanstalt"/><SP WIDTH="15" VPOS="505" HPOS="1613"/>
							<String ID="string_73" HPOS="1628" VPOS="515" WIDTH="55" HEIGHT="20" WC="0.93" CONTENT="om"/><SP WIDTH="16" VPOS="515" HPOS="1683"/>
							<String ID="string_74" HPOS="1699" VPOS="507" WIDTH="94" HEIGHT="28" WC="0.92" CONTENT="över-"/>
						</TextLine>
						<TextLine ID="line_8" HPOS="288" VPOS="543" WIDTH="1504" HEIGHT="40">
							<String ID="string_75" HPOS="288" VPOS="543" WIDTH="180" HEIGHT="30" WC="0.96" CONTENT="lämnande"/><SP WIDTH="34" VPOS="543" HPOS="468"/>
							<String ID="string_76" HPOS="502" VPOS="544" WIDTH="111" HEIGHT="29" WC="0.95" CONTENT="såsom"/><SP WIDTH="25" VPOS="544" HPOS="613"/>
							<String ID="string_77" HPOS="638" VPOS="544" WIDTH="58" HEIGHT="30" WC="0.95" CONTENT="lån"/><SP WIDTH="23" VPOS="544" HPOS="696"/>
							<String ID="string_78" HPOS="719" VPOS="544" WIDTH="56" HEIGHT="30" WC="0.93" CONTENT="till"/><SP WIDTH="23" VPOS="544" HPOS="775"/>
							<String ID="string_79" HPOS="798" VPOS="545" WIDTH="328" HEIGHT="35" WC="0.92" CONTENT="riksgäldskontoret"/><SP WIDTH="22" VPOS="545" HPOS="1126"/>
							<String ID="string_80" HPOS="1148" VPOS="556" WIDTH="44" HEIGHT="19" WC="0.96" CONTENT="av"/><SP WIDTH="23" VPOS="556" HPOS="1192"/>
							<String ID="string_81" HPOS="1215" VPOS="546" WIDTH="71" HEIGHT="30" WC="0.96" CONTENT="viss"/><SP WIDTH="22" VPOS="546" HPOS="1286"/>
							<String ID="string_82" HPOS="1308" VPOS="546" WIDTH="53" HEIGHT="31" WC="0.96" CONTENT="del"/><SP WIDTH="24" VPOS="546" HPOS="1361"/>
							<String ID="string_83" HPOS="1385" VPOS="557" WIDTH="45" HEIGHT="20" WC="0.96" CONTENT="av"/><SP WIDTH="24" VPOS="557" HPOS="1430"/>
							<String ID="string_84" HPOS="1454" VPOS="547" WIDTH="74" HEIGHT="31" WC="0.91" CONTENT="dess"/><SP WIDTH="23" VPOS="547" HPOS="1528"/>
							<String ID="string_85" HPOS="1551" VPOS="548" WIDTH="241" HEIGHT="35" WC="0.91" CONTENT="kapitalmedel"/>
						</TextLine>
						<TextLine ID="line_9" HPOS="287" VPOS="587" WIDTH="1504" HEIGHT="40">
							<String ID="string_86" HPOS="287" VPOS="595" WIDTH="60" HEIGHT="27" WC="0.96" CONTENT="ger"/><SP WIDTH="23" VPOS="595" HPOS="347"/>
							<String ID="string_87" HPOS="370" VPOS="587" WIDTH="212" HEIGHT="30" WC="0.96" CONTENT="revisorerna"/><SP WIDTH="23" VPOS="587" HPOS="582"/>
							<String ID="string_88" HPOS="605" VPOS="587" WIDTH="188" HEIGHT="36" WC="0.96" CONTENT="anledning"/><SP WIDTH="25" VPOS="587" HPOS="793"/>
							<String ID="string_89" HPOS="818" VPOS="588" WIDTH="89" HEIGHT="30" WC="0.96" CONTENT="fästa"/><SP WIDTH="23" VPOS="588" HPOS="907"/>
							<String ID="string_90" HPOS="930" VPOS="589" WIDTH="347" HEIGHT="34" WC="0.96" CONTENT="uppmärksamheten"/><SP WIDTH="22" VPOS="589" HPOS="1277"/>
							<String ID="string_91" HPOS="1299" VPOS="591" WIDTH="45" HEIGHT="34" WC="0.96" CONTENT="på"/><SP WIDTH="23" VPOS="591" HPOS="1344"/>
							<String ID="string_92" HPOS="1367" VPOS="590" WIDTH="40" HEIGHT="30" WC="0.96" CONTENT="de"/><SP WIDTH="16" VPOS="590" HPOS="1407"/>
							<String ID="string_93" HPOS="1423" VPOS="590" WIDTH="189" HEIGHT="36" WC="0.96" CONTENT="betydande"/><SP WIDTH="16" VPOS="590" HPOS="1612"/>
							<String ID="string_94" HPOS="1628" VPOS="601" WIDTH="163" HEIGHT="26" WC="0.96" CONTENT="summor,"/>
						</TextLine>
						<TextLine ID="line_10" HPOS="286" VPOS="630" WIDTH="1506" HEIGHT="41">
							<String ID="string_95" HPOS="286" VPOS="639" WIDTH="73" HEIGHT="21" WC="0.96" CONTENT="som"/><SP WIDTH="27" VPOS="639" HPOS="359"/>
							<String ID="string_96" HPOS="386" VPOS="640" WIDTH="45" HEIGHT="20" WC="0.92" CONTENT="av"/><SP WIDTH="23" VPOS="640" HPOS="431"/>
							<String ID="string_97" HPOS="454" VPOS="630" WIDTH="195" HEIGHT="31" WC="0.91" CONTENT="statsmedel"/><SP WIDTH="23" VPOS="630" HPOS="649"/>
							<String ID="string_98" HPOS="672" VPOS="631" WIDTH="136" HEIGHT="30" WC="0.91" CONTENT="innestå"/><SP WIDTH="23" VPOS="631" HPOS="808"/>
							<String ID="string_99" HPOS="831" VPOS="631" WIDTH="12" HEIGHT="30" WC="0.96" CONTENT="i"/><SP WIDTH="24" VPOS="631" HPOS="843"/>
							<String ID="string_100" HPOS="867" VPOS="632" WIDTH="136" HEIGHT="35" WC="0.93" CONTENT="privata"/><SP WIDTH="23" VPOS="632" HPOS="1003"/>
							<String ID="string_101" HPOS="1026" VPOS="632" WIDTH="232" HEIGHT="37" WC="0.91" CONTENT="bankföretag."/><SP WIDTH="48" VPOS="632" HPOS="1258"/>
							<String ID="string_102" HPOS="1306" VPOS="634" WIDTH="227" HEIGHT="31" WC="0.96" CONTENT="Revisorerna"/><SP WIDTH="23" VPOS="634" HPOS="1533"/>
							<String ID="string_103" HPOS="1556" VPOS="635" WIDTH="88" HEIGHT="36" WC="0.91" CONTENT="vilja"/><SP WIDTH="23" VPOS="635" HPOS="1644"/>
							<String ID="string_104" HPOS="1667" VPOS="635" WIDTH="125" HEIGHT="36" WC="0.91" CONTENT="ifråga-"/>
						</TextLine>
						<TextLine ID="line_11" HPOS="286" VPOS="674" WIDTH="1505" HEIGHT="41">
							<String ID="string_105" HPOS="286" VPOS="675" WIDTH="100" HEIGHT="33" WC="0.96" CONTENT="sätta,"/><SP WIDTH="35" VPOS="675" HPOS="386"/>
							<String ID="string_106" HPOS="421" VPOS="674" WIDTH="175" HEIGHT="31" WC="0.96" CONTENT="huruvida"/><SP WIDTH="22" VPOS="674" HPOS="596"/>
							<String ID="string_107" HPOS="618" VPOS="675" WIDTH="75" HEIGHT="30" WC="0.96" CONTENT="icke"/><SP WIDTH="23" VPOS="675" HPOS="693"/>
							<String ID="string_108" HPOS="716" VPOS="684" WIDTH="42" HEIGHT="21" WC="0.96" CONTENT="en"/><SP WIDTH="23" VPOS="684" HPOS="758"/>
							<String ID="string_109" HPOS="781" VPOS="675" WIDTH="164" HEIGHT="31" WC="0.96" CONTENT="liknande"/><SP WIDTH="23" VPOS="675" HPOS="945"/>
							<String ID="string_110" HPOS="968" VPOS="676" WIDTH="188" HEIGHT="36" WC="0.96" CONTENT="föreskrift,"/><SP WIDTH="23" VPOS="676" HPOS="1156"/>
							<String ID="string_111" HPOS="1179" VPOS="687" WIDTH="74" HEIGHT="20" WC="0.96" CONTENT="som"/><SP WIDTH="22" VPOS="687" HPOS="1253"/>
							<String ID="string_112" HPOS="1275" VPOS="678" WIDTH="67" HEIGHT="31" WC="0.96" CONTENT="den"/><SP WIDTH="22" VPOS="678" HPOS="1342"/>
							<String ID="string_113" HPOS="1364" VPOS="688" WIDTH="81" HEIGHT="26" WC="0.96" CONTENT="nyss"/><SP WIDTH="23" VPOS="688" HPOS="1445"/>
							<String ID="string_114" HPOS="1468" VPOS="678" WIDTH="197" HEIGHT="37" WC="0.95" CONTENT="åberopade,"/><SP WIDTH="25" VPOS="678" HPOS="1665"/>
							<String ID="string_115" HPOS="1690" VPOS="679" WIDTH="101" HEIGHT="31" WC="0.96" CONTENT="borde"/>
						</TextLine>
						<TextLine ID="line_12" HPOS="286" VPOS="718" WIDTH="1505" HEIGHT="41">
							<String ID="string_116" HPOS="286" VPOS="718" WIDTH="171" HEIGHT="30" WC="0.96" CONTENT="meddelas"/><SP WIDTH="33" VPOS="718" HPOS="457"/>
							<String ID="string_117" HPOS="490" VPOS="718" WIDTH="132" HEIGHT="36" WC="0.96" CONTENT="jämväl"/><SP WIDTH="24" VPOS="718" HPOS="622"/>
							<String ID="string_118" HPOS="646" VPOS="719" WIDTH="214" HEIGHT="31" WC="0.96" CONTENT="beträffande"/><SP WIDTH="23" VPOS="719" HPOS="860"/>
							<String ID="string_119" HPOS="883" VPOS="720" WIDTH="121" HEIGHT="35" WC="0.96" CONTENT="övriga"/><SP WIDTH="23" VPOS="720" HPOS="1004"/>
							<String ID="string_120" HPOS="1027" VPOS="721" WIDTH="64" HEIGHT="29" WC="0.96" CONTENT="här"/><SP WIDTH="22" VPOS="721" HPOS="1091"/>
							<String ID="string_121" HPOS="1113" VPOS="721" WIDTH="148" HEIGHT="31" WC="0.96" CONTENT="avsedda"/><SP WIDTH="23" VPOS="721" HPOS="1261"/>
							<String ID="string_122" HPOS="1284" VPOS="722" WIDTH="249" HEIGHT="36" WC="0.96" CONTENT="myndigheter."/><SP WIDTH="46" VPOS="722" HPOS="1533"/>
							<String ID="string_123" HPOS="1579" VPOS="723" WIDTH="212" HEIGHT="36" WC="0.96" CONTENT="Visserligen"/>
						</TextLine>
						<TextLine ID="line_13" HPOS="288" VPOS="761" WIDTH="1504" HEIGHT="37">
							<String ID="string_124" HPOS="288" VPOS="761" WIDTH="87" HEIGHT="36" WC="0.96" CONTENT="vilja"/><SP WIDTH="29" VPOS="761" HPOS="375"/>
							<String ID="string_125" HPOS="404" VPOS="762" WIDTH="211" HEIGHT="30" WC="0.96" CONTENT="revisorerna"/><SP WIDTH="27" VPOS="762" HPOS="615"/>
							<String ID="string_126" HPOS="642" VPOS="762" WIDTH="73" HEIGHT="30" WC="0.96" CONTENT="icke"/><SP WIDTH="24" VPOS="762" HPOS="715"/>
							<String ID="string_127" HPOS="739" VPOS="765" WIDTH="82" HEIGHT="32" WC="0.96" CONTENT="göra"/><SP WIDTH="24" VPOS="765" HPOS="821"/>
							<String ID="string_128" HPOS="845" VPOS="763" WIDTH="169" HEIGHT="35" WC="0.96" CONTENT="gällande,"/><SP WIDTH="24" VPOS="763" HPOS="1014"/>
							<String ID="string_129" HPOS="1038" VPOS="765" WIDTH="51" HEIGHT="29" WC="0.96" CONTENT="att"/><SP WIDTH="22" VPOS="765" HPOS="1089"/>
							<String ID="string_130" HPOS="1111" VPOS="774" WIDTH="83" HEIGHT="20" WC="0.95" CONTENT="man"/><SP WIDTH="23" VPOS="774" HPOS="1194"/>
							<String ID="string_131" HPOS="1217" VPOS="765" WIDTH="122" HEIGHT="31" WC="0.95" CONTENT="härvid"/><SP WIDTH="25" VPOS="765" HPOS="1339"/>
							<String ID="string_132" HPOS="1364" VPOS="766" WIDTH="99" HEIGHT="30" WC="0.96" CONTENT="borde"/><SP WIDTH="23" VPOS="766" HPOS="1463"/>
							<String ID="string_133" HPOS="1486" VPOS="766" WIDTH="72" HEIGHT="30" WC="0.93" CONTENT="låta"/><SP WIDTH="22" VPOS="766" HPOS="1558"/>
							<String ID="string_134" HPOS="1580" VPOS="767" WIDTH="212" HEIGHT="30" WC="0.91" CONTENT="bestämmel-"/>
						</TextLine>
						<TextLine ID="line_14" HPOS="285" VPOS="804" WIDTH="1507" HEIGHT="41">
							<String ID="string_135" HPOS="285" VPOS="814" WIDTH="60" HEIGHT="21" WC="0.96" CONTENT="sen"/><SP WIDTH="32" VPOS="814" HPOS="345"/>
							<String ID="string_136" HPOS="377" VPOS="804" WIDTH="132" HEIGHT="31" WC="0.96" CONTENT="erhålla"/><SP WIDTH="34" VPOS="804" HPOS="509"/>
							<String ID="string_137" HPOS="543" VPOS="815" WIDTH="132" HEIGHT="20" WC="0.95" CONTENT="samma"/><SP WIDTH="35" VPOS="815" HPOS="675"/>
							<String ID="string_138" HPOS="710" VPOS="806" WIDTH="165" HEIGHT="30" WC="0.96" CONTENT="räckvidd"/><SP WIDTH="22" VPOS="806" HPOS="875"/>
							<String ID="string_139" HPOS="897" VPOS="816" WIDTH="74" HEIGHT="20" WC="0.95" CONTENT="som"/><SP WIDTH="24" VPOS="816" HPOS="971"/>
							<String ID="string_140" HPOS="995" VPOS="806" WIDTH="54" HEIGHT="31" WC="0.95" CONTENT="för"/><SP WIDTH="22" VPOS="806" HPOS="1049"/>
							<String ID="string_141" HPOS="1071" VPOS="808" WIDTH="129" HEIGHT="29" WC="0.96" CONTENT="statens"/><SP WIDTH="23" VPOS="808" HPOS="1200"/>
							<String ID="string_142" HPOS="1223" VPOS="809" WIDTH="296" HEIGHT="35" WC="0.96" CONTENT="pensionsanstalt,"/><SP WIDTH="25" VPOS="809" HPOS="1519"/>
							<String ID="string_143" HPOS="1544" VPOS="819" WIDTH="81" HEIGHT="20" WC="0.93" CONTENT="vars"/><SP WIDTH="23" VPOS="819" HPOS="1625"/>
							<String ID="string_144" HPOS="1648" VPOS="810" WIDTH="144" HEIGHT="35" WC="0.92" CONTENT="kapital-"/>
						</TextLine>
						<TextLine ID="line_15" HPOS="285" VPOS="848" WIDTH="1506" HEIGHT="40">
							<String ID="string_145" HPOS="285" VPOS="848" WIDTH="190" HEIGHT="35" WC="0.96" CONTENT="tillgångar"/><SP WIDTH="33" VPOS="848" HPOS="475"/>
							<String ID="string_146" HPOS="508" VPOS="848" WIDTH="56" HEIGHT="30" WC="0.96" CONTENT="till"/><SP WIDTH="35" VPOS="848" HPOS="564"/>
							<String ID="string_147" HPOS="599" VPOS="848" WIDTH="233" HEIGHT="36" WC="0.96" CONTENT="huvudsaklig"/><SP WIDTH="29" VPOS="848" HPOS="832"/>
							<String ID="string_148" HPOS="861" VPOS="849" WIDTH="54" HEIGHT="30" WC="0.95" CONTENT="del"/><SP WIDTH="23" VPOS="849" HPOS="915"/>
							<String ID="string_149" HPOS="938" VPOS="850" WIDTH="97" HEIGHT="30" WC="0.96" CONTENT="skola"/><SP WIDTH="22" VPOS="850" HPOS="1035"/>
							<String ID="string_150" HPOS="1057" VPOS="850" WIDTH="151" HEIGHT="35" WC="0.96" CONTENT="placeras"/><SP WIDTH="24" VPOS="850" HPOS="1208"/>
							<String ID="string_151" HPOS="1232" VPOS="853" WIDTH="43" HEIGHT="34" WC="0.96" CONTENT="på"/><SP WIDTH="22" VPOS="853" HPOS="1275"/>
							<String ID="string_152" HPOS="1297" VPOS="862" WIDTH="90" HEIGHT="20" WC="0.96" CONTENT="ovan"/><SP WIDTH="22" VPOS="862" HPOS="1387"/>
							<String ID="string_153" HPOS="1409" VPOS="853" WIDTH="154" HEIGHT="35" WC="0.96" CONTENT="angivna"/><SP WIDTH="24" VPOS="853" HPOS="1563"/>
							<String ID="string_154" HPOS="1587" VPOS="854" WIDTH="76" HEIGHT="29" WC="0.95" CONTENT="sätt."/><SP WIDTH="46" VPOS="854" HPOS="1663"/>
							<String ID="string_155" HPOS="1709" VPOS="853" WIDTH="82" HEIGHT="30" WC="0.95" CONTENT="Men"/>
						</TextLine>
						<TextLine ID="line_16" HPOS="286" VPOS="891" WIDTH="1505" HEIGHT="40">
							<String ID="string_156" HPOS="286" VPOS="891" WIDTH="75" HEIGHT="31" WC="0.95" CONTENT="med"/><SP WIDTH="35" VPOS="891" HPOS="361"/>
							<String ID="string_157" HPOS="396" VPOS="901" WIDTH="42" HEIGHT="20" WC="0.94" CONTENT="en"/><SP WIDTH="22" VPOS="901" HPOS="438"/>
							<String ID="string_158" HPOS="460" VPOS="892" WIDTH="154" HEIGHT="30" WC="0.96" CONTENT="starkare"/><SP WIDTH="22" VPOS="892" HPOS="614"/>
							<String ID="string_159" HPOS="636" VPOS="892" WIDTH="234" HEIGHT="36" WC="0.96" CONTENT="begränsning"/><SP WIDTH="23" VPOS="892" HPOS="870"/>
							<String ID="string_160" HPOS="893" VPOS="893" WIDTH="61" HEIGHT="30" WC="0.96" CONTENT="och"/><SP WIDTH="25" VPOS="893" HPOS="954"/>
							<String ID="string_161" HPOS="979" VPOS="893" WIDTH="109" HEIGHT="31" WC="0.96" CONTENT="under"/><SP WIDTH="22" VPOS="893" HPOS="1088"/>
							<String ID="string_162" HPOS="1110" VPOS="894" WIDTH="222" HEIGHT="37" WC="0.96" CONTENT="iakttagande"/><SP WIDTH="22" VPOS="894" HPOS="1332"/>
							<String ID="string_163" HPOS="1354" VPOS="896" WIDTH="51" HEIGHT="30" WC="0.96" CONTENT="att"/><SP WIDTH="23" VPOS="896" HPOS="1405"/>
							<String ID="string_164" HPOS="1428" VPOS="897" WIDTH="218" HEIGHT="34" WC="0.95" CONTENT="övergången"/><SP WIDTH="23" VPOS="897" HPOS="1646"/>
							<String ID="string_165" HPOS="1669" VPOS="896" WIDTH="56" HEIGHT="31" WC="0.96" CONTENT="till"/><SP WIDTH="23" VPOS="896" HPOS="1725"/>
							<String ID="string_166" HPOS="1748" VPOS="906" WIDTH="43" HEIGHT="21" WC="0.97" CONTENT="en"/>
						</TextLine>
						<TextLine ID="line_17" HPOS="286" VPOS="935" WIDTH="1505" HEIGHT="40">
							<String ID="string_167" HPOS="286" VPOS="935" WIDTH="97" HEIGHT="36" WC="0.96" CONTENT="dylik"/><SP WIDTH="34" VPOS="935" HPOS="383"/>
							<String ID="string_168" HPOS="417" VPOS="935" WIDTH="146" HEIGHT="36" WC="0.96" CONTENT="ordning"/><SP WIDTH="33" VPOS="935" HPOS="563"/>
							<String ID="string_169" HPOS="596" VPOS="936" WIDTH="75" HEIGHT="30" WC="0.93" CONTENT="icke"/><SP WIDTH="32" VPOS="936" HPOS="671"/>
							<String ID="string_170" HPOS="703" VPOS="938" WIDTH="97" HEIGHT="33" WC="0.96" CONTENT="göres"/><SP WIDTH="24" VPOS="938" HPOS="800"/>
							<String ID="string_171" HPOS="824" VPOS="937" WIDTH="42" HEIGHT="34" WC="0.96" CONTENT="på"/><SP WIDTH="23" VPOS="937" HPOS="866"/>
							<String ID="string_172" HPOS="889" VPOS="936" WIDTH="122" HEIGHT="31" WC="0.96" CONTENT="sådant"/><SP WIDTH="23" VPOS="936" HPOS="1011"/>
							<String ID="string_173" HPOS="1034" VPOS="939" WIDTH="75" HEIGHT="33" WC="0.96" CONTENT="sätt,"/><SP WIDTH="23" VPOS="939" HPOS="1109"/>
							<String ID="string_174" HPOS="1132" VPOS="939" WIDTH="51" HEIGHT="29" WC="0.96" CONTENT="att"/><SP WIDTH="23" VPOS="939" HPOS="1183"/>
							<String ID="string_175" HPOS="1206" VPOS="938" WIDTH="65" HEIGHT="31" WC="0.96" CONTENT="den"/><SP WIDTH="22" VPOS="938" HPOS="1271"/>
							<String ID="string_176" HPOS="1293" VPOS="939" WIDTH="164" HEIGHT="30" WC="0.96" CONTENT="inverkar"/><SP WIDTH="22" VPOS="939" HPOS="1457"/>
							<String ID="string_177" HPOS="1479" VPOS="939" WIDTH="158" HEIGHT="31" WC="0.96" CONTENT="störande"/><SP WIDTH="23" VPOS="939" HPOS="1637"/>
							<String ID="string_178" HPOS="1660" VPOS="941" WIDTH="42" HEIGHT="34" WC="0.91" CONTENT="på"/><SP WIDTH="24" VPOS="941" HPOS="1702"/>
							<String ID="string_179" HPOS="1726" VPOS="940" WIDTH="65" HEIGHT="30" WC="0.91" CONTENT="för-"/>
						</TextLine>
						<TextLine ID="line_18" HPOS="284" VPOS="978" WIDTH="1507" HEIGHT="39">
							<String ID="string_180" HPOS="284" VPOS="978" WIDTH="207" HEIGHT="30" WC="0.90" CONTENT="hållandena"/><SP WIDTH="34" VPOS="978" HPOS="491"/>
							<String ID="string_181" HPOS="525" VPOS="980" WIDTH="20" HEIGHT="28" WC="0.91" CONTENT="å"/><SP WIDTH="34" VPOS="980" HPOS="545"/>
							<String ID="string_182" HPOS="579" VPOS="978" WIDTH="65" HEIGHT="31" WC="0.96" CONTENT="den"/><SP WIDTH="28" VPOS="978" HPOS="644"/>
							<String ID="string_183" HPOS="672" VPOS="979" WIDTH="177" HEIGHT="30" WC="0.96" CONTENT="allmänna"/><SP WIDTH="23" VPOS="979" HPOS="849"/>
							<String ID="string_184" HPOS="872" VPOS="980" WIDTH="378" HEIGHT="37" WC="0.96" CONTENT="penningmarknaden,"/><SP WIDTH="24" VPOS="980" HPOS="1250"/>
							<String ID="string_185" HPOS="1274" VPOS="991" WIDTH="99" HEIGHT="26" WC="0.96" CONTENT="synes"/><SP WIDTH="23" VPOS="991" HPOS="1373"/>
							<String ID="string_186" HPOS="1396" VPOS="992" WIDTH="43" HEIGHT="20" WC="0.96" CONTENT="en"/><SP WIDTH="23" VPOS="992" HPOS="1439"/>
							<String ID="string_187" HPOS="1462" VPOS="983" WIDTH="176" HEIGHT="30" WC="0.96" CONTENT="föreskrift"/><SP WIDTH="23" VPOS="983" HPOS="1638"/>
							<String ID="string_188" HPOS="1661" VPOS="993" WIDTH="43" HEIGHT="20" WC="0.96" CONTENT="av"/><SP WIDTH="24" VPOS="993" HPOS="1704"/>
							<String ID="string_189" HPOS="1728" VPOS="984" WIDTH="63" HEIGHT="29" WC="0.96" CONTENT="här"/>
						</TextLine>
						<TextLine ID="line_19" HPOS="284" VPOS="1021" WIDTH="1506" HEIGHT="40">
							<String ID="string_190" HPOS="284" VPOS="1021" WIDTH="130" HEIGHT="36" WC="0.91" CONTENT="antydd"/><SP WIDTH="22" VPOS="1021" HPOS="414"/>
							<String ID="string_191" HPOS="436" VPOS="1022" WIDTH="56" HEIGHT="29" WC="0.96" CONTENT="art"/><SP WIDTH="23" VPOS="1022" HPOS="492"/>
							<String ID="string_192" HPOS="515" VPOS="1022" WIDTH="53" HEIGHT="29" WC="0.96" CONTENT="för"/><SP WIDTH="23" VPOS="1022" HPOS="568"/>
							<String ID="string_193" HPOS="591" VPOS="1023" WIDTH="111" HEIGHT="29" WC="0.96" CONTENT="staten"/><SP WIDTH="23" VPOS="1023" HPOS="702"/>
							<String ID="string_194" HPOS="725" VPOS="1023" WIDTH="120" HEIGHT="29" WC="0.96" CONTENT="kunna"/><SP WIDTH="22" VPOS="1023" HPOS="845"/>
							<String ID="string_195" HPOS="867" VPOS="1023" WIDTH="167" HEIGHT="30" WC="0.96" CONTENT="innebära"/><SP WIDTH="23" VPOS="1023" HPOS="1034"/>
							<String ID="string_196" HPOS="1057" VPOS="1025" WIDTH="189" HEIGHT="30" WC="0.96" CONTENT="avsevärda"/><SP WIDTH="16" VPOS="1025" HPOS="1246"/>
							<String ID="string_197" HPOS="1262" VPOS="1025" WIDTH="159" HEIGHT="35" WC="0.96" CONTENT="fördelar,"/><SP WIDTH="17" VPOS="1025" HPOS="1421"/>
							<String ID="string_198" HPOS="1438" VPOS="1025" WIDTH="43" HEIGHT="31" WC="0.96" CONTENT="då"/><SP WIDTH="16" VPOS="1025" HPOS="1481"/>
							<String ID="string_199" HPOS="1497" VPOS="1026" WIDTH="202" HEIGHT="35" WC="0.96" CONTENT="härigenom"/><SP WIDTH="17" VPOS="1026" HPOS="1699"/>
							<String ID="string_200" HPOS="1716" VPOS="1026" WIDTH="74" HEIGHT="31" WC="0.95" CONTENT="dess"/>
						</TextLine>
						<TextLine ID="line_20" HPOS="284" VPOS="1064" WIDTH="1506" HEIGHT="41">
							<String ID="string_201" HPOS="284" VPOS="1066" WIDTH="75" HEIGHT="34" WC="0.93" CONTENT="eget"/><SP WIDTH="23" VPOS="1066" HPOS="359"/>
							<String ID="string_202" HPOS="382" VPOS="1064" WIDTH="189" HEIGHT="31" WC="0.92" CONTENT="lånebehov"/><SP WIDTH="21" VPOS="1064" HPOS="571"/>
							<String ID="string_203" HPOS="592" VPOS="1065" WIDTH="112" HEIGHT="31" WC="0.96" CONTENT="skulle"/><SP WIDTH="22" VPOS="1065" HPOS="704"/>
							<String ID="string_204" HPOS="726" VPOS="1066" WIDTH="118" HEIGHT="30" WC="0.96" CONTENT="kunna"/><SP WIDTH="24" VPOS="1066" HPOS="844"/>
							<String ID="string_205" HPOS="868" VPOS="1066" WIDTH="55" HEIGHT="30" WC="0.96" CONTENT="till"/><SP WIDTH="23" VPOS="1066" HPOS="923"/>
							<String ID="string_206" HPOS="946" VPOS="1076" WIDTH="43" HEIGHT="21" WC="0.96" CONTENT="en"/><SP WIDTH="24" VPOS="1076" HPOS="989"/>
							<String ID="string_207" HPOS="1013" VPOS="1066" WIDTH="53" HEIGHT="31" WC="0.96" CONTENT="del"/><SP WIDTH="22" VPOS="1066" HPOS="1066"/>
							<String ID="string_208" HPOS="1088" VPOS="1068" WIDTH="206" HEIGHT="35" WC="0.96" CONTENT="tillgodoses."/><SP WIDTH="39" VPOS="1068" HPOS="1294"/>
							<String ID="string_209" HPOS="1333" VPOS="1068" WIDTH="159" HEIGHT="31" WC="0.96" CONTENT="Frånsett"/><SP WIDTH="19" VPOS="1068" HPOS="1492"/>
							<String ID="string_210" HPOS="1511" VPOS="1069" WIDTH="92" HEIGHT="30" WC="0.96" CONTENT="detta"/><SP WIDTH="20" VPOS="1069" HPOS="1603"/>
							<String ID="string_211" HPOS="1623" VPOS="1070" WIDTH="167" HEIGHT="35" WC="0.96" CONTENT="spörsmål"/>
						</TextLine>
						<TextLine ID="line_21" HPOS="285" VPOS="1108" WIDTH="1505" HEIGHT="41">
							<String ID="string_212" HPOS="285" VPOS="1108" WIDTH="94" HEIGHT="31" WC="0.96" CONTENT="torde"/><SP WIDTH="23" VPOS="1108" HPOS="379"/>
							<String ID="string_213" HPOS="402" VPOS="1108" WIDTH="56" HEIGHT="31" WC="0.96" CONTENT="det"/><SP WIDTH="24" VPOS="1108" HPOS="458"/>
							<String ID="string_214" HPOS="482" VPOS="1118" WIDTH="84" HEIGHT="21" WC="0.96" CONTENT="vara"/><SP WIDTH="22" VPOS="1118" HPOS="566"/>
							<String ID="string_215" HPOS="588" VPOS="1110" WIDTH="49" HEIGHT="30" WC="0.95" CONTENT="ett"/><SP WIDTH="23" VPOS="1110" HPOS="637"/>
							<String ID="string_216" HPOS="660" VPOS="1109" WIDTH="135" HEIGHT="36" WC="0.96" CONTENT="befogat"/><SP WIDTH="22" VPOS="1109" HPOS="795"/>
							<String ID="string_217" HPOS="817" VPOS="1110" WIDTH="159" HEIGHT="36" WC="0.96" CONTENT="anspråk,"/><SP WIDTH="24" VPOS="1110" HPOS="976"/>
							<String ID="string_218" HPOS="1000" VPOS="1111" WIDTH="52" HEIGHT="30" WC="0.96" CONTENT="att"/><SP WIDTH="22" VPOS="1111" HPOS="1052"/>
							<String ID="string_219" HPOS="1074" VPOS="1112" WIDTH="121" HEIGHT="36" WC="0.96" CONTENT="staten,"/><SP WIDTH="24" VPOS="1112" HPOS="1195"/>
							<String ID="string_220" HPOS="1219" VPOS="1112" WIDTH="76" HEIGHT="30" WC="0.96" CONTENT="med"/><SP WIDTH="23" VPOS="1112" HPOS="1295"/>
							<String ID="string_221" HPOS="1318" VPOS="1112" WIDTH="137" HEIGHT="37" WC="0.96" CONTENT="hänsyn"/><SP WIDTH="23" VPOS="1112" HPOS="1455"/>
							<String ID="string_222" HPOS="1478" VPOS="1113" WIDTH="55" HEIGHT="30" WC="0.96" CONTENT="till"/><SP WIDTH="24" VPOS="1113" HPOS="1533"/>
							<String ID="string_223" HPOS="1557" VPOS="1114" WIDTH="51" HEIGHT="29" WC="0.96" CONTENT="att"/><SP WIDTH="24" VPOS="1114" HPOS="1608"/>
							<String ID="string_224" HPOS="1632" VPOS="1113" WIDTH="64" HEIGHT="31" WC="0.96" CONTENT="den"/><SP WIDTH="23" VPOS="1113" HPOS="1696"/>
							<String ID="string_225" HPOS="1719" VPOS="1114" WIDTH="12" HEIGHT="30" WC="0.95" CONTENT="i"/><SP WIDTH="21" VPOS="1114" HPOS="1731"/>
							<String ID="string_226" HPOS="1752" VPOS="1115" WIDTH="38" HEIGHT="29" WC="0.95" CONTENT="så"/>
						</TextLine>
						<TextLine ID="line_22" HPOS="283" VPOS="1152" WIDTH="1507" HEIGHT="41">
							<String ID="string_227" HPOS="283" VPOS="1154" WIDTH="73" HEIGHT="29" WC="0.96" CONTENT="stor"/><SP WIDTH="21" VPOS="1154" HPOS="356"/>
							<String ID="string_228" HPOS="377" VPOS="1152" WIDTH="212" HEIGHT="37" WC="0.96" CONTENT="omfattning"/><SP WIDTH="24" VPOS="1152" HPOS="589"/>
							<String ID="string_229" HPOS="613" VPOS="1155" WIDTH="199" HEIGHT="34" WC="0.96" CONTENT="permanent"/><SP WIDTH="23" VPOS="1155" HPOS="812"/>
							<String ID="string_230" HPOS="835" VPOS="1154" WIDTH="117" HEIGHT="30" WC="0.96" CONTENT="ställer"/><SP WIDTH="23" VPOS="1154" HPOS="952"/>
							<String ID="string_231" HPOS="975" VPOS="1154" WIDTH="110" HEIGHT="31" WC="0.96" CONTENT="medel"/><SP WIDTH="23" VPOS="1154" HPOS="1085"/>
							<String ID="string_232" HPOS="1108" VPOS="1155" WIDTH="55" HEIGHT="31" WC="0.96" CONTENT="till"/><SP WIDTH="25" VPOS="1155" HPOS="1163"/>
							<String ID="string_233" HPOS="1188" VPOS="1155" WIDTH="40" HEIGHT="31" WC="0.97" CONTENT="de"/><SP WIDTH="15" VPOS="1155" HPOS="1228"/>
							<String ID="string_234" HPOS="1243" VPOS="1157" WIDTH="139" HEIGHT="35" WC="0.93" CONTENT="privata"/><SP WIDTH="15" VPOS="1157" HPOS="1382"/>
							<String ID="string_235" HPOS="1397" VPOS="1156" WIDTH="393" HEIGHT="37" WC="0.90" CONTENT="bankinrättningarnas"/>
						</TextLine>
						<TextLine ID="line_23" HPOS="285" VPOS="1196" WIDTH="1505" HEIGHT="41">
							<String ID="string_236" HPOS="285" VPOS="1196" WIDTH="210" HEIGHT="36" WC="0.96" CONTENT="förfogande,"/><SP WIDTH="35" VPOS="1196" HPOS="495"/>
							<String ID="string_237" HPOS="530" VPOS="1196" WIDTH="116" HEIGHT="31" WC="0.96" CONTENT="härför"/><SP WIDTH="34" VPOS="1196" HPOS="646"/>
							<String ID="string_238" HPOS="680" VPOS="1197" WIDTH="147" HEIGHT="31" WC="0.96" CONTENT="erhåller"/><SP WIDTH="34" VPOS="1197" HPOS="827"/>
							<String ID="string_239" HPOS="861" VPOS="1207" WIDTH="42" HEIGHT="21" WC="0.96" CONTENT="en"/><SP WIDTH="27" VPOS="1207" HPOS="903"/>
							<String ID="string_240" HPOS="930" VPOS="1199" WIDTH="105" HEIGHT="35" WC="0.93" CONTENT="något"/><SP WIDTH="23" VPOS="1199" HPOS="1035"/>
							<String ID="string_241" HPOS="1058" VPOS="1199" WIDTH="249" HEIGHT="36" WC="0.91" CONTENT="förmånligare"/><SP WIDTH="22" VPOS="1199" HPOS="1307"/>
							<String ID="string_242" HPOS="1329" VPOS="1201" WIDTH="302" HEIGHT="36" WC="0.91" CONTENT="räntegottgörelse"/><SP WIDTH="24" VPOS="1201" HPOS="1631"/>
							<String ID="string_243" HPOS="1655" VPOS="1203" WIDTH="45" HEIGHT="29" WC="0.96" CONTENT="än"/><SP WIDTH="23" VPOS="1203" HPOS="1700"/>
							<String ID="string_244" HPOS="1723" VPOS="1201" WIDTH="67" HEIGHT="31" WC="0.96" CONTENT="vad"/>
						</TextLine>
						<TextLine ID="line_24" HPOS="285" VPOS="1240" WIDTH="1504" HEIGHT="39">
							<String ID="string_245" HPOS="285" VPOS="1240" WIDTH="127" HEIGHT="30" WC="0.96" CONTENT="hittills"/><SP WIDTH="23" VPOS="1240" HPOS="412"/>
							<String ID="string_246" HPOS="435" VPOS="1250" WIDTH="98" HEIGHT="26" WC="0.96" CONTENT="synes"/><SP WIDTH="23" VPOS="1250" HPOS="533"/>
							<String ID="string_247" HPOS="556" VPOS="1250" WIDTH="85" HEIGHT="20" WC="0.96" CONTENT="vara"/><SP WIDTH="24" VPOS="1250" HPOS="641"/>
							<String ID="string_248" HPOS="665" VPOS="1241" WIDTH="145" HEIGHT="35" WC="0.96" CONTENT="vanligt."/><SP WIDTH="39" VPOS="1241" HPOS="810"/>
							<String ID="string_249" HPOS="849" VPOS="1241" WIDTH="18" HEIGHT="30" WC="0.96" CONTENT="I"/><SP WIDTH="23" VPOS="1241" HPOS="867"/>
							<String ID="string_250" HPOS="890" VPOS="1241" WIDTH="120" HEIGHT="31" WC="0.96" CONTENT="sådant"/><SP WIDTH="16" VPOS="1241" HPOS="1010"/>
							<String ID="string_251" HPOS="1026" VPOS="1243" WIDTH="89" HEIGHT="34" WC="0.96" CONTENT="syfte"/><SP WIDTH="17" VPOS="1243" HPOS="1115"/>
							<String ID="string_252" HPOS="1132" VPOS="1253" WIDTH="101" HEIGHT="26" WC="0.96" CONTENT="synas"/><SP WIDTH="16" VPOS="1253" HPOS="1233"/>
							<String ID="string_253" HPOS="1249" VPOS="1244" WIDTH="160" HEIGHT="35" WC="0.96" CONTENT="åtgärder"/><SP WIDTH="15" VPOS="1244" HPOS="1409"/>
							<String ID="string_254" HPOS="1424" VPOS="1244" WIDTH="77" HEIGHT="30" WC="0.96" CONTENT="från"/><SP WIDTH="17" VPOS="1244" HPOS="1501"/>
							<String ID="string_255" HPOS="1518" VPOS="1244" WIDTH="39" HEIGHT="30" WC="0.96" CONTENT="de"/><SP WIDTH="16" VPOS="1244" HPOS="1557"/>
							<String ID="string_256" HPOS="1573" VPOS="1244" WIDTH="216" HEIGHT="31" WC="0.95" CONTENT="förvaltande"/>
						</TextLine>
						<TextLine ID="line_25" HPOS="284" VPOS="1284" WIDTH="1506" HEIGHT="39">
							<String ID="string_257" HPOS="284" VPOS="1284" WIDTH="384" HEIGHT="30" WC="0.89" CONTENT="statsinstitutionernas"/><SP WIDTH="24" VPOS="1284" HPOS="668"/>
							<String ID="string_258" HPOS="692" VPOS="1284" WIDTH="74" HEIGHT="30" WC="0.96" CONTENT="sida"/><SP WIDTH="22" VPOS="1284" HPOS="766"/>
							<String ID="string_259" HPOS="788" VPOS="1285" WIDTH="190" HEIGHT="35" WC="0.96" CONTENT="påkallade,"/><SP WIDTH="23" VPOS="1285" HPOS="978"/>
							<String ID="string_260" HPOS="1001" VPOS="1285" WIDTH="64" HEIGHT="31" WC="0.96" CONTENT="allt"/><SP WIDTH="23" VPOS="1285" HPOS="1065"/>
							<String ID="string_261" HPOS="1088" VPOS="1286" WIDTH="84" HEIGHT="30" WC="0.96" CONTENT="dock"/><SP WIDTH="23" VPOS="1286" HPOS="1172"/>
							<String ID="string_262" HPOS="1195" VPOS="1286" WIDTH="108" HEIGHT="31" WC="0.96" CONTENT="under"/><SP WIDTH="25" VPOS="1286" HPOS="1303"/>
							<String ID="string_263" HPOS="1328" VPOS="1287" WIDTH="156" HEIGHT="35" WC="0.93" CONTENT="behörigt"/><SP WIDTH="22" VPOS="1287" HPOS="1484"/>
							<String ID="string_264" HPOS="1506" VPOS="1287" WIDTH="284" HEIGHT="36" WC="0.91" CONTENT="hänsyntagande"/>
						</TextLine>
						<TextLine ID="line_26" HPOS="284" VPOS="1326" WIDTH="1506" HEIGHT="40">
							<String ID="string_265" HPOS="284" VPOS="1326" WIDTH="56" HEIGHT="31" WC="0.96" CONTENT="till"/><SP WIDTH="23" VPOS="1326" HPOS="340"/>
							<String ID="string_266" HPOS="363" VPOS="1328" WIDTH="52" HEIGHT="29" WC="0.96" CONTENT="att"/><SP WIDTH="22" VPOS="1328" HPOS="415"/>
							<String ID="string_267" HPOS="437" VPOS="1327" WIDTH="88" HEIGHT="30" WC="0.92" CONTENT="intet"/><SP WIDTH="22" VPOS="1327" HPOS="525"/>
							<String ID="string_268" HPOS="547" VPOS="1327" WIDTH="182" HEIGHT="36" WC="0.91" CONTENT="eftergives"/><SP WIDTH="23" VPOS="1327" HPOS="729"/>
							<String ID="string_269" HPOS="752" VPOS="1328" WIDTH="12" HEIGHT="29" WC="0.96" CONTENT="i"/><SP WIDTH="23" VPOS="1328" HPOS="764"/>
							<String ID="string_270" HPOS="787" VPOS="1328" WIDTH="99" HEIGHT="35" WC="0.96" CONTENT="fråga"/><SP WIDTH="19" VPOS="1328" HPOS="886"/>
							<String ID="string_271" HPOS="905" VPOS="1338" WIDTH="54" HEIGHT="20" WC="0.93" CONTENT="om"/><SP WIDTH="17" VPOS="1338" HPOS="959"/>
							<String ID="string_272" HPOS="976" VPOS="1328" WIDTH="277" HEIGHT="37" WC="0.92" CONTENT="placeringarnas"/><SP WIDTH="15" VPOS="1328" HPOS="1253"/>
							<String ID="string_273" HPOS="1268" VPOS="1330" WIDTH="171" HEIGHT="36" WC="0.96" CONTENT="trygghet."/><SP WIDTH="39" VPOS="1330" HPOS="1439"/>
							<String ID="string_274" HPOS="1478" VPOS="1330" WIDTH="17" HEIGHT="31" WC="0.93" CONTENT="I"/><SP WIDTH="17" VPOS="1330" HPOS="1495"/>
							<String ID="string_275" HPOS="1512" VPOS="1330" WIDTH="92" HEIGHT="31" WC="0.92" CONTENT="detta"/><SP WIDTH="16" VPOS="1330" HPOS="1604"/>
							<String ID="string_276" HPOS="1620" VPOS="1340" WIDTH="170" HEIGHT="21" WC="0.92" CONTENT="samman-"/>
						</TextLine>
						<TextLine ID="line_27" HPOS="285" VPOS="1370" WIDTH="1505" HEIGHT="36">
							<String ID="string_277" HPOS="285" VPOS="1370" WIDTH="90" HEIGHT="36" WC="0.96" CONTENT="hang"/><SP WIDTH="35" VPOS="1370" HPOS="375"/>
							<String ID="string_278" HPOS="410" VPOS="1370" WIDTH="119" HEIGHT="31" WC="0.94" CONTENT="kunna"/><SP WIDTH="35" VPOS="1370" HPOS="529"/>
							<String ID="string_279" HPOS="564" VPOS="1371" WIDTH="213" HEIGHT="30" WC="0.96" CONTENT="revisorerna"/><SP WIDTH="34" VPOS="1371" HPOS="777"/>
							<String ID="string_280" HPOS="811" VPOS="1371" WIDTH="72" HEIGHT="31" WC="0.96" CONTENT="icke"/><SP WIDTH="34" VPOS="1371" HPOS="883"/>
							<String ID="string_281" HPOS="917" VPOS="1372" WIDTH="180" HEIGHT="31" WC="0.93" CONTENT="underlåta"/><SP WIDTH="23" VPOS="1372" HPOS="1097"/>
							<String ID="string_282" HPOS="1120" VPOS="1375" WIDTH="51" HEIGHT="29" WC="0.96" CONTENT="att"/><SP WIDTH="23" VPOS="1375" HPOS="1171"/>
							<String ID="string_283" HPOS="1194" VPOS="1374" WIDTH="122" HEIGHT="30" WC="0.96" CONTENT="betona"/><SP WIDTH="23" VPOS="1374" HPOS="1316"/>
							<String ID="string_284" HPOS="1339" VPOS="1375" WIDTH="119" HEIGHT="30" WC="0.96" CONTENT="vikten"/><SP WIDTH="23" VPOS="1375" HPOS="1458"/>
							<String ID="string_285" HPOS="1481" VPOS="1384" WIDTH="44" HEIGHT="20" WC="0.96" CONTENT="av"/><SP WIDTH="23" VPOS="1384" HPOS="1525"/>
							<String ID="string_286" HPOS="1548" VPOS="1376" WIDTH="50" HEIGHT="29" WC="0.96" CONTENT="att"/><SP WIDTH="23" VPOS="1376" HPOS="1598"/>
							<String ID="string_287" HPOS="1621" VPOS="1376" WIDTH="71" HEIGHT="29" WC="0.93" CONTENT="stor"/><SP WIDTH="22" VPOS="1376" HPOS="1692"/>
							<String ID="string_288" HPOS="1714" VPOS="1385" WIDTH="76" HEIGHT="20" WC="0.91" CONTENT="var-"/>
						</TextLine>
						<TextLine ID="line_28" HPOS="285" VPOS="1414" WIDTH="1504" HEIGHT="41">
							<String ID="string_289" HPOS="285" VPOS="1414" WIDTH="133" HEIGHT="31" WC="0.93" CONTENT="samhet"/><SP WIDTH="33" VPOS="1414" HPOS="418"/>
							<String ID="string_290" HPOS="451" VPOS="1415" WIDTH="168" HEIGHT="36" WC="0.92" CONTENT="iakttages"/><SP WIDTH="35" VPOS="1415" HPOS="619"/>
							<String ID="string_291" HPOS="654" VPOS="1415" WIDTH="58" HEIGHT="31" WC="0.96" CONTENT="vid"/><SP WIDTH="35" VPOS="1415" HPOS="712"/>
							<String ID="string_292" HPOS="747" VPOS="1415" WIDTH="213" HEIGHT="37" WC="0.96" CONTENT="placeringar"/><SP WIDTH="34" VPOS="1415" HPOS="960"/>
							<String ID="string_293" HPOS="994" VPOS="1426" WIDTH="45" HEIGHT="20" WC="0.96" CONTENT="av"/><SP WIDTH="35" VPOS="1426" HPOS="1039"/>
							<String ID="string_294" HPOS="1074" VPOS="1417" WIDTH="91" HEIGHT="31" WC="0.96" CONTENT="detta"/><SP WIDTH="27" VPOS="1417" HPOS="1165"/>
							<String ID="string_295" HPOS="1192" VPOS="1418" WIDTH="85" HEIGHT="35" WC="0.96" CONTENT="slag,"/><SP WIDTH="28" VPOS="1418" HPOS="1277"/>
							<String ID="string_296" HPOS="1305" VPOS="1418" WIDTH="63" HEIGHT="30" WC="0.96" CONTENT="och"/><SP WIDTH="22" VPOS="1418" HPOS="1368"/>
							<String ID="string_297" HPOS="1390" VPOS="1419" WIDTH="52" HEIGHT="29" WC="0.96" CONTENT="att"/><SP WIDTH="23" VPOS="1419" HPOS="1442"/>
							<String ID="string_298" HPOS="1465" VPOS="1418" WIDTH="217" HEIGHT="37" WC="0.96" CONTENT="följaktligen"/><SP WIDTH="22" VPOS="1418" HPOS="1682"/>
							<String ID="string_299" HPOS="1704" VPOS="1419" WIDTH="85" HEIGHT="35" WC="0.96" CONTENT="icke,"/>
						</TextLine>
						<TextLine ID="line_29" HPOS="285" VPOS="1458" WIDTH="1505" HEIGHT="38">
							<String ID="string_300" HPOS="285" VPOS="1459" WIDTH="109" HEIGHT="29" WC="0.96" CONTENT="såsom"/><SP WIDTH="24" VPOS="1459" HPOS="394"/>
							<String ID="string_301" HPOS="418" VPOS="1459" WIDTH="13" HEIGHT="29" WC="0.96" CONTENT="i"/><SP WIDTH="23" VPOS="1459" HPOS="431"/>
							<String ID="string_302" HPOS="454" VPOS="1459" WIDTH="48" HEIGHT="29" WC="0.96" CONTENT="ett"/><SP WIDTH="33" VPOS="1459" HPOS="502"/>
							<String ID="string_303" HPOS="535" VPOS="1469" WIDTH="45" HEIGHT="19" WC="0.96" CONTENT="av"/><SP WIDTH="33" VPOS="1469" HPOS="580"/>
							<String ID="string_304" HPOS="613" VPOS="1458" WIDTH="41" HEIGHT="31" WC="0.96" CONTENT="de"/><SP WIDTH="33" VPOS="1458" HPOS="654"/>
							<String ID="string_305" HPOS="687" VPOS="1459" WIDTH="235" HEIGHT="36" WC="0.95" CONTENT="föreliggande"/><SP WIDTH="23" VPOS="1459" HPOS="922"/>
							<String ID="string_306" HPOS="945" VPOS="1459" WIDTH="108" HEIGHT="31" WC="0.96" CONTENT="fallen"/><SP WIDTH="23" VPOS="1459" HPOS="1053"/>
							<String ID="string_307" HPOS="1076" VPOS="1461" WIDTH="98" HEIGHT="35" WC="0.96" CONTENT="skett,"/><SP WIDTH="24" VPOS="1461" HPOS="1174"/>
							<String ID="string_308" HPOS="1198" VPOS="1461" WIDTH="77" HEIGHT="31" WC="0.95" CONTENT="hela"/><SP WIDTH="24" VPOS="1461" HPOS="1275"/>
							<String ID="string_309" HPOS="1299" VPOS="1462" WIDTH="83" HEIGHT="30" WC="0.95" CONTENT="eller"/><SP WIDTH="23" VPOS="1462" HPOS="1382"/>
							<String ID="string_310" HPOS="1405" VPOS="1462" WIDTH="12" HEIGHT="30" WC="0.96" CONTENT="i"/><SP WIDTH="24" VPOS="1462" HPOS="1417"/>
							<String ID="string_311" HPOS="1441" VPOS="1461" WIDTH="54" HEIGHT="31" WC="0.96" CONTENT="det"/><SP WIDTH="23" VPOS="1461" HPOS="1495"/>
							<String ID="string_312" HPOS="1518" VPOS="1464" WIDTH="171" HEIGHT="29" WC="0.95" CONTENT="närmaste"/><SP WIDTH="23" VPOS="1464" HPOS="1689"/>
							<String ID="string_313" HPOS="1712" VPOS="1462" WIDTH="78" HEIGHT="31" WC="0.95" CONTENT="hela"/>
						</TextLine>
						<TextLine ID="line_30" HPOS="285" VPOS="1501" WIDTH="1505" HEIGHT="37">
							<String ID="string_314" HPOS="285" VPOS="1502" WIDTH="56" HEIGHT="30" WC="0.96" CONTENT="det"/><SP WIDTH="33" VPOS="1502" HPOS="341"/>
							<String ID="string_315" HPOS="374" VPOS="1501" WIDTH="168" HEIGHT="31" WC="0.96" CONTENT="kontanta"/><SP WIDTH="34" VPOS="1501" HPOS="542"/>
							<String ID="string_316" HPOS="576" VPOS="1502" WIDTH="316" HEIGHT="36" WC="0.95" CONTENT="tillgodohavandet"/><SP WIDTH="34" VPOS="1502" HPOS="892"/>
							<String ID="string_317" HPOS="926" VPOS="1503" WIDTH="54" HEIGHT="30" WC="0.96" CONTENT="för"/><SP WIDTH="32" VPOS="1503" HPOS="980"/>
							<String ID="string_318" HPOS="1012" VPOS="1505" WIDTH="47" HEIGHT="29" WC="0.96" CONTENT="ett"/><SP WIDTH="34" VPOS="1505" HPOS="1059"/>
							<String ID="string_319" HPOS="1093" VPOS="1505" WIDTH="84" HEIGHT="30" WC="0.96" CONTENT="verk"/><SP WIDTH="35" VPOS="1505" HPOS="1177"/>
							<String ID="string_320" HPOS="1212" VPOS="1505" WIDTH="107" HEIGHT="30" WC="0.96" CONTENT="hålles"/><SP WIDTH="34" VPOS="1505" HPOS="1319"/>
							<String ID="string_321" HPOS="1353" VPOS="1506" WIDTH="221" HEIGHT="30" WC="0.96" CONTENT="innestående"/><SP WIDTH="23" VPOS="1506" HPOS="1574"/>
							<String ID="string_322" HPOS="1597" VPOS="1506" WIDTH="12" HEIGHT="30" WC="0.96" CONTENT="i"/><SP WIDTH="24" VPOS="1506" HPOS="1609"/>
							<String ID="string_323" HPOS="1633" VPOS="1507" WIDTH="47" HEIGHT="29" WC="0.96" CONTENT="ett"/><SP WIDTH="23" VPOS="1507" HPOS="1680"/>
							<String ID="string_324" HPOS="1703" VPOS="1506" WIDTH="87" HEIGHT="31" WC="0.96" CONTENT="enda"/>
						</TextLine>
						<TextLine ID="line_31" HPOS="285" VPOS="1545" WIDTH="243" HEIGHT="30">
							<String ID="string_325" HPOS="285" VPOS="1545" WIDTH="243" HEIGHT="30" WC="0.91" CONTENT="bankinstitut."/>
						</TextLine>
					</TextBlock>
					<TextBlock ID="block_3" HPOS="284" VPOS="1588" WIDTH="1505" HEIGHT="296">
						<TextLine ID="line_32" HPOS="329" VPOS="1588" WIDTH="1460" HEIGHT="40">
							<String ID="string_326" HPOS="329" VPOS="1588" WIDTH="173" HEIGHT="36" WC="0.96" CONTENT="Slutligen"/><SP WIDTH="31" VPOS="1588" HPOS="502"/>
							<String ID="string_327" HPOS="533" VPOS="1589" WIDTH="57" HEIGHT="29" WC="0.96" CONTENT="må"/><SP WIDTH="24" VPOS="1589" HPOS="590"/>
							<String ID="string_328" HPOS="614" VPOS="1589" WIDTH="48" HEIGHT="30" WC="0.95" CONTENT="ett"/><SP WIDTH="24" VPOS="1589" HPOS="662"/>
							<String ID="string_329" HPOS="686" VPOS="1588" WIDTH="213" HEIGHT="31" WC="0.95" CONTENT="förhållande"/><SP WIDTH="24" VPOS="1588" HPOS="899"/>
							<String ID="string_330" HPOS="923" VPOS="1589" WIDTH="145" HEIGHT="37" WC="0.96" CONTENT="beröras,"/><SP WIDTH="23" VPOS="1589" HPOS="1068"/>
							<String ID="string_331" HPOS="1091" VPOS="1600" WIDTH="72" HEIGHT="21" WC="0.95" CONTENT="som"/><SP WIDTH="23" VPOS="1600" HPOS="1163"/>
							<String ID="string_332" HPOS="1186" VPOS="1591" WIDTH="64" HEIGHT="30" WC="0.96" CONTENT="har"/><SP WIDTH="22" VPOS="1591" HPOS="1250"/>
							<String ID="string_333" HPOS="1272" VPOS="1591" WIDTH="165" HEIGHT="31" WC="0.96" CONTENT="avseende"/><SP WIDTH="22" VPOS="1591" HPOS="1437"/>
							<String ID="string_334" HPOS="1459" VPOS="1593" WIDTH="44" HEIGHT="34" WC="0.96" CONTENT="på"/><SP WIDTH="22" VPOS="1593" HPOS="1503"/>
							<String ID="string_335" HPOS="1525" VPOS="1592" WIDTH="264" HEIGHT="36" WC="0.96" CONTENT="redovisningen"/>
						</TextLine>
						<TextLine ID="line_33" HPOS="285" VPOS="1631" WIDTH="1504" HEIGHT="40">
							<String ID="string_336" HPOS="285" VPOS="1631" WIDTH="13" HEIGHT="31" WC="0.92" CONTENT="1"/><SP WIDTH="23" VPOS="1631" HPOS="298"/>
							<String ID="string_337" HPOS="321" VPOS="1632" WIDTH="259" HEIGHT="30" WC="0.91" CONTENT="statskontorets"/><SP WIDTH="35" VPOS="1632" HPOS="580"/>
							<String ID="string_338" HPOS="615" VPOS="1632" WIDTH="227" HEIGHT="36" WC="0.96" CONTENT="räkenskaper"/><SP WIDTH="32" VPOS="1632" HPOS="842"/>
							<String ID="string_339" HPOS="874" VPOS="1643" WIDTH="44" HEIGHT="20" WC="0.96" CONTENT="av"/><SP WIDTH="36" VPOS="1643" HPOS="918"/>
							<String ID="string_340" HPOS="954" VPOS="1633" WIDTH="91" HEIGHT="31" WC="0.93" CONTENT="vissa"/><SP WIDTH="33" VPOS="1633" HPOS="1045"/>
							<String ID="string_341" HPOS="1078" VPOS="1634" WIDTH="214" HEIGHT="37" WC="0.91" CONTENT="aktieposter,"/><SP WIDTH="36" VPOS="1634" HPOS="1292"/>
							<String ID="string_342" HPOS="1328" VPOS="1635" WIDTH="97" HEIGHT="30" WC="0.96" CONTENT="vilka"/><SP WIDTH="33" VPOS="1635" HPOS="1425"/>
							<String ID="string_343" HPOS="1458" VPOS="1645" WIDTH="103" HEIGHT="26" WC="0.96" CONTENT="synas"/><SP WIDTH="27" VPOS="1645" HPOS="1561"/>
							<String ID="string_344" HPOS="1588" VPOS="1636" WIDTH="201" HEIGHT="30" WC="0.96" CONTENT="bokförda"/><SP WIDTH="-20" VPOS="1636" HPOS="1789"/>
							<String ID="string_345" HPOS="1769" VPOS="1627" WIDTH="24" HEIGHT="48" WC="0.96" CONTENT="i"/>
						</TextLine>
						<TextLine ID="line_34" HPOS="284" VPOS="1676" WIDTH="1505" HEIGHT="39">
							<String ID="string_346" HPOS="284" VPOS="1677" WIDTH="110" HEIGHT="34" WC="0.95" CONTENT="några"/><SP WIDTH="23" VPOS="1677" HPOS="394"/>
							<String ID="string_347" HPOS="417" VPOS="1676" WIDTH="63" HEIGHT="30" WC="0.96" CONTENT="fall"/><SP WIDTH="23" VPOS="1676" HPOS="480"/>
							<String ID="string_348" HPOS="503" VPOS="1676" WIDTH="56" HEIGHT="30" WC="0.96" CONTENT="till"/><SP WIDTH="24" VPOS="1676" HPOS="559"/>
							<String ID="string_349" HPOS="583" VPOS="1676" WIDTH="139" HEIGHT="35" WC="0.96" CONTENT="värden,"/><SP WIDTH="26" VPOS="1676" HPOS="722"/>
							<String ID="string_350" HPOS="748" VPOS="1676" WIDTH="267" HEIGHT="37" WC="0.96" CONTENT="understigande"/><SP WIDTH="24" VPOS="1676" HPOS="1015"/>
							<String ID="string_351" HPOS="1039" VPOS="1678" WIDTH="61" HEIGHT="30" WC="0.96" CONTENT="och"/><SP WIDTH="24" VPOS="1678" HPOS="1100"/>
							<String ID="string_352" HPOS="1124" VPOS="1679" WIDTH="12" HEIGHT="29" WC="0.96" CONTENT="i"/><SP WIDTH="23" VPOS="1679" HPOS="1136"/>
							<String ID="string_353" HPOS="1159" VPOS="1680" WIDTH="108" HEIGHT="34" WC="0.95" CONTENT="några"/><SP WIDTH="23" VPOS="1680" HPOS="1267"/>
							<String ID="string_354" HPOS="1290" VPOS="1679" WIDTH="63" HEIGHT="30" WC="0.96" CONTENT="fall"/><SP WIDTH="23" VPOS="1679" HPOS="1353"/>
							<String ID="string_355" HPOS="1376" VPOS="1679" WIDTH="238" HEIGHT="36" WC="0.96" CONTENT="överstigande"/><SP WIDTH="23" VPOS="1679" HPOS="1614"/>
							<String ID="string_356" HPOS="1637" VPOS="1679" WIDTH="41" HEIGHT="31" WC="0.93" CONTENT="de"/><SP WIDTH="15" VPOS="1679" HPOS="1678"/>
							<String ID="string_357" HPOS="1693" VPOS="1680" WIDTH="96" HEIGHT="30" WC="0.92" CONTENT="verk-"/>
						</TextLine>
						<TextLine ID="line_35" HPOS="286" VPOS="1719" WIDTH="1503" HEIGHT="40">
							<String ID="string_358" HPOS="286" VPOS="1719" WIDTH="79" HEIGHT="36" WC="0.95" CONTENT="liga."/><SP WIDTH="46" VPOS="1719" HPOS="365"/>
							<String ID="string_359" HPOS="411" VPOS="1719" WIDTH="53" HEIGHT="31" WC="0.92" CONTENT="Då"/><SP WIDTH="23" VPOS="1719" HPOS="464"/>
							<String ID="string_360" HPOS="487" VPOS="1719" WIDTH="268" HEIGHT="31" WC="0.90" CONTENT="det-emellertid"/><SP WIDTH="23" VPOS="1719" HPOS="755"/>
							<String ID="string_361" HPOS="778" VPOS="1730" WIDTH="42" HEIGHT="20" WC="0.93" CONTENT="ur"/><SP WIDTH="22" VPOS="1730" HPOS="820"/>
							<String ID="string_362" HPOS="842" VPOS="1721" WIDTH="258" HEIGHT="31" WC="0.90" CONTENT="statsfinansiell"/><SP WIDTH="23" VPOS="1721" HPOS="1100"/>
							<String ID="string_363" HPOS="1123" VPOS="1723" WIDTH="176" HEIGHT="35" WC="0.96" CONTENT="synpunkt"/><SP WIDTH="23" VPOS="1723" HPOS="1299"/>
							<String ID="string_364" HPOS="1322" VPOS="1723" WIDTH="95" HEIGHT="30" WC="0.96" CONTENT="torde"/><SP WIDTH="24" VPOS="1723" HPOS="1417"/>
							<String ID="string_365" HPOS="1441" VPOS="1733" WIDTH="83" HEIGHT="20" WC="0.96" CONTENT="vara"/><SP WIDTH="23" VPOS="1733" HPOS="1524"/>
							<String ID="string_366" HPOS="1547" VPOS="1723" WIDTH="175" HEIGHT="36" WC="0.96" CONTENT="önskvärt,"/><SP WIDTH="16" VPOS="1723" HPOS="1722"/>
							<String ID="string_367" HPOS="1738" VPOS="1725" WIDTH="51" HEIGHT="29" WC="0.96" CONTENT="att"/>
						</TextLine>
						<TextLine ID="line_36" HPOS="284" VPOS="1763" WIDTH="1505" HEIGHT="39">
							<String ID="string_368" HPOS="284" VPOS="1765" WIDTH="130" HEIGHT="28" WC="0.93" CONTENT="statens"/><SP WIDTH="33" VPOS="1765" HPOS="414"/>
							<String ID="string_369" HPOS="447" VPOS="1763" WIDTH="323" HEIGHT="36" WC="0.92" CONTENT="kapitaltillgångar"/><SP WIDTH="27" VPOS="1763" HPOS="770"/>
							<String ID="string_370" HPOS="797" VPOS="1765" WIDTH="84" HEIGHT="29" WC="0.95" CONTENT="utan"/><SP WIDTH="23" VPOS="1765" HPOS="881"/>
							<String ID="string_371" HPOS="904" VPOS="1765" WIDTH="177" HEIGHT="36" WC="0.96" CONTENT="undantag"/><SP WIDTH="23" VPOS="1765" HPOS="1081"/>
							<String ID="string_372" HPOS="1104" VPOS="1765" WIDTH="159" HEIGHT="31" WC="0.96" CONTENT="bokföras"/><SP WIDTH="24" VPOS="1765" HPOS="1263"/>
							<String ID="string_373" HPOS="1287" VPOS="1767" WIDTH="56" HEIGHT="30" WC="0.96" CONTENT="till"/><SP WIDTH="22" VPOS="1767" HPOS="1343"/>
							<String ID="string_374" HPOS="1365" VPOS="1767" WIDTH="130" HEIGHT="35" WC="0.96" CONTENT="belopp,"/><SP WIDTH="24" VPOS="1767" HPOS="1495"/>
							<String ID="string_375" HPOS="1519" VPOS="1777" WIDTH="73" HEIGHT="20" WC="0.96" CONTENT="som"/><SP WIDTH="22" VPOS="1777" HPOS="1592"/>
							<String ID="string_376" HPOS="1614" VPOS="1769" WIDTH="175" HEIGHT="29" WC="0.96" CONTENT="motsvara"/>
						</TextLine>
						<TextLine ID="line_37" HPOS="284" VPOS="1806" WIDTH="1505" HEIGHT="37">
							<String ID="string_377" HPOS="284" VPOS="1806" WIDTH="39" HEIGHT="30" WC="0.96" CONTENT="de"/><SP WIDTH="24" VPOS="1806" HPOS="323"/>
							<String ID="string_378" HPOS="347" VPOS="1806" WIDTH="156" HEIGHT="35" WC="0.96" CONTENT="verkliga"/><SP WIDTH="23" VPOS="1806" HPOS="503"/>
							<String ID="string_379" HPOS="526" VPOS="1806" WIDTH="162" HEIGHT="36" WC="0.96" CONTENT="värdena,"/><SP WIDTH="23" VPOS="1806" HPOS="688"/>
							<String ID="string_380" HPOS="711" VPOS="1816" WIDTH="101" HEIGHT="27" WC="0.96" CONTENT="synes"/><SP WIDTH="23" VPOS="1816" HPOS="812"/>
							<String ID="string_381" HPOS="835" VPOS="1808" WIDTH="212" HEIGHT="30" WC="0.96" CONTENT="revisorerna"/><SP WIDTH="24" VPOS="1808" HPOS="1047"/>
							<String ID="string_382" HPOS="1071" VPOS="1819" WIDTH="41" HEIGHT="20" WC="0.96" CONTENT="en"/><SP WIDTH="24" VPOS="1819" HPOS="1112"/>
							<String ID="string_383" HPOS="1136" VPOS="1810" WIDTH="136" HEIGHT="29" WC="0.96" CONTENT="rättelse"/><SP WIDTH="24" VPOS="1810" HPOS="1272"/>
							<String ID="string_384" HPOS="1296" VPOS="1810" WIDTH="12" HEIGHT="29" WC="0.96" CONTENT="i"/><SP WIDTH="23" VPOS="1810" HPOS="1308"/>
							<String ID="string_385" HPOS="1331" VPOS="1810" WIDTH="143" HEIGHT="30" WC="0.96" CONTENT="berörda"/><SP WIDTH="23" VPOS="1810" HPOS="1474"/>
							<String ID="string_386" HPOS="1497" VPOS="1810" WIDTH="190" HEIGHT="31" WC="0.94" CONTENT="hänseende"/><SP WIDTH="19" VPOS="1810" HPOS="1687"/>
							<String ID="string_387" HPOS="1706" VPOS="1811" WIDTH="83" HEIGHT="30" WC="0.96" CONTENT="böra"/>
						</TextLine>
						<TextLine ID="line_38" HPOS="285" VPOS="1849" WIDTH="186" HEIGHT="35">
							<String ID="string_388" HPOS="285" VPOS="1849" WIDTH="186" HEIGHT="35" WC="0.95" CONTENT="vidtagas.»"/>
						</TextLine>
					</TextBlock>
				</ComposedBlock>
				<ComposedBlock ID="cblock_2" HPOS="284" VPOS="1935" WIDTH="1505" HEIGHT="92">
					<TextBlock ID="block_4" HPOS="284" VPOS="1935" WIDTH="1505" HEIGHT="92">
						<TextLine ID="line_39" HPOS="328" VPOS="1935" WIDTH="1461" HEIGHT="41">
							<String ID="string_389" HPOS="328" VPOS="1935" WIDTH="208" HEIGHT="37" WC="0.96" CONTENT="Förklaring"/><SP WIDTH="27" VPOS="1935" HPOS="536"/>
							<String ID="string_390" HPOS="563" VPOS="1937" WIDTH="13" HEIGHT="29" WC="0.95" CONTENT="i"/><SP WIDTH="23" VPOS="1937" HPOS="576"/>
							<String ID="string_391" HPOS="599" VPOS="1936" WIDTH="142" HEIGHT="31" WC="0.96" CONTENT="ärendet"/><SP WIDTH="29" VPOS="1936" HPOS="741"/>
							<String ID="string_392" HPOS="770" VPOS="1937" WIDTH="62" HEIGHT="30" WC="0.93" CONTENT="har"/><SP WIDTH="22" VPOS="1937" HPOS="832"/>
							<String ID="string_393" HPOS="854" VPOS="1938" WIDTH="153" HEIGHT="35" WC="0.92" CONTENT="avgivits"/><SP WIDTH="23" VPOS="1938" HPOS="1007"/>
							<String ID="string_394" HPOS="1030" VPOS="1948" WIDTH="44" HEIGHT="20" WC="0.96" CONTENT="av"/><SP WIDTH="23" VPOS="1948" HPOS="1074"/>
							<String ID="string_395" HPOS="1097" VPOS="1939" WIDTH="251" HEIGHT="36" WC="0.96" CONTENT="statskontoret,"/><SP WIDTH="25" VPOS="1939" HPOS="1348"/>
							<String ID="string_396" HPOS="1373" VPOS="1949" WIDTH="71" HEIGHT="21" WC="0.96" CONTENT="som"/><SP WIDTH="23" VPOS="1949" HPOS="1444"/>
							<String ID="string_397" HPOS="1467" VPOS="1941" WIDTH="12" HEIGHT="29" WC="0.96" CONTENT="i"/><SP WIDTH="25" VPOS="1941" HPOS="1479"/>
							<String ID="string_398" HPOS="1504" VPOS="1940" WIDTH="97" HEIGHT="36" WC="0.96" CONTENT="fråga"/><SP WIDTH="24" VPOS="1940" HPOS="1601"/>
							<String ID="string_399" HPOS="1625" VPOS="1950" WIDTH="54" HEIGHT="21" WC="0.93" CONTENT="om"/><SP WIDTH="24" VPOS="1950" HPOS="1679"/>
							<String ID="string_400" HPOS="1703" VPOS="1941" WIDTH="86" HEIGHT="30" WC="0.91" CONTENT="revi-"/>
						</TextLine>
						<TextLine ID="line_40" HPOS="284" VPOS="1988" WIDTH="1065" HEIGHT="39">
							<String ID="string_401" HPOS="284" VPOS="1998" WIDTH="155" HEIGHT="20" WC="0.92" CONTENT="sorernas"/><SP WIDTH="22" VPOS="1998" HPOS="439"/>
							<String ID="string_402" HPOS="461" VPOS="1988" WIDTH="108" HEIGHT="31" WC="0.93" CONTENT="under"/><SP WIDTH="23" VPOS="1988" HPOS="569"/>
							<String ID="string_403" HPOS="592" VPOS="1989" WIDTH="17" HEIGHT="37" WC="0.92" CONTENT="$"/><SP WIDTH="25" VPOS="1989" HPOS="609"/>
							<String ID="string_404" HPOS="634" VPOS="1989" WIDTH="39" HEIGHT="30" WC="0.96" CONTENT="51"/><SP WIDTH="25" VPOS="1989" HPOS="673"/>
							<String ID="string_405" HPOS="698" VPOS="1989" WIDTH="121" HEIGHT="36" WC="0.96" CONTENT="gjorda"/><SP WIDTH="22" VPOS="1989" HPOS="819"/>
							<String ID="string_406" HPOS="841" VPOS="1990" WIDTH="178" HEIGHT="31" WC="0.95" CONTENT="uttalande"/><SP WIDTH="23" VPOS="1990" HPOS="1019"/>
							<String ID="string_407" HPOS="1042" VPOS="1991" WIDTH="116" HEIGHT="30" WC="0.96" CONTENT="anfört"/><SP WIDTH="23" VPOS="1991" HPOS="1158"/>
							<String ID="string_408" HPOS="1181" VPOS="1991" WIDTH="168" HEIGHT="36" WC="0.96" CONTENT="följande:"/>
						</TextLine>
					</TextBlock>
				</ComposedBlock>
				<ComposedBlock ID="cblock_3" HPOS="281" VPOS="2065" WIDTH="1507" HEIGHT="433">
					<TextBlock ID="block_5" HPOS="281" VPOS="2065" WIDTH="1507" HEIGHT="433">
						<TextLine ID="line_41" HPOS="332" VPOS="2065" WIDTH="1456" HEIGHT="39">
							<String ID="string_409" HPOS="332" VPOS="2066" WIDTH="36" HEIGHT="30" WC="0.82" CONTENT="»I"/><SP WIDTH="34" VPOS="2066" HPOS="368"/>
							<String ID="string_410" HPOS="402" VPOS="2065" WIDTH="22" HEIGHT="39" WC="0.88" CONTENT="$"/><SP WIDTH="35" VPOS="2065" HPOS="424"/>
							<String ID="string_411" HPOS="459" VPOS="2068" WIDTH="39" HEIGHT="28" WC="0.96" CONTENT="51"/><SP WIDTH="36" VPOS="2068" HPOS="498"/>
							<String ID="string_412" HPOS="534" VPOS="2066" WIDTH="90" HEIGHT="30" WC="0.96" CONTENT="hava"/><SP WIDTH="34" VPOS="2066" HPOS="624"/>
							<String ID="string_413" HPOS="658" VPOS="2067" WIDTH="223" HEIGHT="36" WC="0.95" CONTENT="revisorerna,"/><SP WIDTH="33" VPOS="2067" HPOS="881"/>
							<String ID="string_414" HPOS="914" VPOS="2068" WIDTH="12" HEIGHT="30" WC="0.96" CONTENT="i"/><SP WIDTH="24" VPOS="2068" HPOS="926"/>
							<String ID="string_415" HPOS="950" VPOS="2068" WIDTH="249" HEIGHT="36" WC="0.95" CONTENT="sammanhang"/><SP WIDTH="23" VPOS="2068" HPOS="1199"/>
							<String ID="string_416" HPOS="1222" VPOS="2069" WIDTH="76" HEIGHT="30" WC="0.96" CONTENT="med"/><SP WIDTH="24" VPOS="2069" HPOS="1298"/>
							<String ID="string_417" HPOS="1322" VPOS="2079" WIDTH="42" HEIGHT="20" WC="0.96" CONTENT="en"/><SP WIDTH="23" VPOS="2079" HPOS="1364"/>
							<String ID="string_418" HPOS="1387" VPOS="2079" WIDTH="94" HEIGHT="20" WC="0.96" CONTENT="mera"/><SP WIDTH="23" VPOS="2079" HPOS="1481"/>
							<String ID="string_419" HPOS="1504" VPOS="2070" WIDTH="146" HEIGHT="30" WC="0.95" CONTENT="allmänt"/><SP WIDTH="23" VPOS="2070" HPOS="1650"/>
							<String ID="string_420" HPOS="1673" VPOS="2070" WIDTH="115" HEIGHT="30" WC="0.96" CONTENT="hållen"/>
						</TextLine>
						<TextLine ID="line_42" HPOS="285" VPOS="2109" WIDTH="1503" HEIGHT="41">
							<String ID="string_421" HPOS="285" VPOS="2109" WIDTH="208" HEIGHT="35" WC="0.95" CONTENT="redogörelse"/><SP WIDTH="36" VPOS="2109" HPOS="493"/>
							<String ID="string_422" HPOS="529" VPOS="2110" WIDTH="53" HEIGHT="30" WC="0.95" CONTENT="för"/><SP WIDTH="34" VPOS="2110" HPOS="582"/>
							<String ID="string_423" HPOS="616" VPOS="2110" WIDTH="96" HEIGHT="30" WC="0.93" CONTENT="såväl"/><SP WIDTH="35" VPOS="2110" HPOS="712"/>
							<String ID="string_424" HPOS="747" VPOS="2111" WIDTH="256" HEIGHT="31" WC="0.92" CONTENT="statskontorets"/><SP WIDTH="35" VPOS="2111" HPOS="1003"/>
							<String ID="string_425" HPOS="1038" VPOS="2122" WIDTH="71" HEIGHT="20" WC="0.96" CONTENT="som"/><SP WIDTH="35" VPOS="2122" HPOS="1109"/>
							<String ID="string_426" HPOS="1144" VPOS="2122" WIDTH="42" HEIGHT="20" WC="0.95" CONTENT="en"/><SP WIDTH="34" VPOS="2122" HPOS="1186"/>
							<String ID="string_427" HPOS="1220" VPOS="2112" WIDTH="53" HEIGHT="31" WC="0.96" CONTENT="del"/><SP WIDTH="35" VPOS="2112" HPOS="1273"/>
							<String ID="string_428" HPOS="1308" VPOS="2113" WIDTH="108" HEIGHT="30" WC="0.96" CONTENT="andra"/><SP WIDTH="24" VPOS="2113" HPOS="1416"/>
							<String ID="string_429" HPOS="1440" VPOS="2115" WIDTH="105" HEIGHT="29" WC="0.93" CONTENT="större"/><SP WIDTH="25" VPOS="2115" HPOS="1545"/>
							<String ID="string_430" HPOS="1570" VPOS="2114" WIDTH="218" HEIGHT="36" WC="0.91" CONTENT="penningför-"/>
						</TextLine>
						<TextLine ID="line_43" HPOS="284" VPOS="2153" WIDTH="1504" HEIGHT="40">
							<String ID="string_431" HPOS="284" VPOS="2153" WIDTH="163" HEIGHT="31" WC="0.90" CONTENT="valtande"/><SP WIDTH="34" VPOS="2153" HPOS="447"/>
							<String ID="string_432" HPOS="481" VPOS="2154" WIDTH="101" HEIGHT="30" WC="0.92" CONTENT="verks"/><SP WIDTH="33" VPOS="2154" HPOS="582"/>
							<String ID="string_433" HPOS="615" VPOS="2154" WIDTH="306" HEIGHT="37" WC="0.90" CONTENT="kapitalplacering"/><SP WIDTH="34" VPOS="2154" HPOS="921"/>
							<String ID="string_434" HPOS="955" VPOS="2156" WIDTH="62" HEIGHT="30" WC="0.96" CONTENT="och"/><SP WIDTH="34" VPOS="2156" HPOS="1017"/>
							<String ID="string_435" HPOS="1051" VPOS="2156" WIDTH="39" HEIGHT="30" WC="0.96" CONTENT="de"/><SP WIDTH="34" VPOS="2156" HPOS="1090"/>
							<String ID="string_436" HPOS="1124" VPOS="2156" WIDTH="119" HEIGHT="31" WC="0.96" CONTENT="härför"/><SP WIDTH="22" VPOS="2156" HPOS="1243"/>
							<String ID="string_437" HPOS="1265" VPOS="2157" WIDTH="158" HEIGHT="34" WC="0.95" CONTENT="gällande"/><SP WIDTH="22" VPOS="2157" HPOS="1423"/>
							<String ID="string_438" HPOS="1445" VPOS="2157" WIDTH="267" HEIGHT="36" WC="0.93" CONTENT="föreskrifterna,"/><SP WIDTH="24" VPOS="2157" HPOS="1712"/>
							<String ID="string_439" HPOS="1736" VPOS="2158" WIDTH="52" HEIGHT="30" WC="0.92" CONTENT="be-"/>
						</TextLine>
						<TextLine ID="line_44" HPOS="284" VPOS="2197" WIDTH="1504" HEIGHT="38">
							<String ID="string_440" HPOS="284" VPOS="2197" WIDTH="168" HEIGHT="30" WC="0.96" CONTENT="träffande"/><SP WIDTH="35" VPOS="2197" HPOS="452"/>
							<String ID="string_441" HPOS="487" VPOS="2197" WIDTH="140" HEIGHT="30" WC="0.96" CONTENT="särskilt"/><SP WIDTH="34" VPOS="2197" HPOS="627"/>
							<String ID="string_442" HPOS="661" VPOS="2198" WIDTH="241" HEIGHT="31" WC="0.96" CONTENT="statskontoret"/><SP WIDTH="34" VPOS="2198" HPOS="902"/>
							<String ID="string_443" HPOS="936" VPOS="2199" WIDTH="203" HEIGHT="36" WC="0.96" CONTENT="framhållit,"/><SP WIDTH="24" VPOS="2199" HPOS="1139"/>
							<String ID="string_444" HPOS="1163" VPOS="2201" WIDTH="51" HEIGHT="29" WC="0.96" CONTENT="att"/><SP WIDTH="23" VPOS="2201" HPOS="1214"/>
							<String ID="string_445" HPOS="1237" VPOS="2200" WIDTH="150" HEIGHT="31" WC="0.96" CONTENT="nämnda"/><SP WIDTH="23" VPOS="2200" HPOS="1387"/>
							<String ID="string_446" HPOS="1410" VPOS="2201" WIDTH="212" HEIGHT="31" WC="0.96" CONTENT="föreskrifter"/><SP WIDTH="24" VPOS="2201" HPOS="1622"/>
							<String ID="string_447" HPOS="1646" VPOS="2211" WIDTH="142" HEIGHT="21" WC="0.96" CONTENT="numera"/>
						</TextLine>
						<TextLine ID="line_45" HPOS="284" VPOS="2241" WIDTH="1503" HEIGHT="40">
							<String ID="string_448" HPOS="284" VPOS="2241" WIDTH="32" HEIGHT="29" WC="0.96" CONTENT="te"/><SP WIDTH="35" VPOS="2241" HPOS="316"/>
							<String ID="string_449" HPOS="351" VPOS="2241" WIDTH="50" HEIGHT="35" WC="0.95" CONTENT="sig"/><SP WIDTH="24" VPOS="2241" HPOS="401"/>
							<String ID="string_450" HPOS="425" VPOS="2241" WIDTH="12" HEIGHT="30" WC="0.96" CONTENT="i"/><SP WIDTH="25" VPOS="2241" HPOS="437"/>
							<String ID="string_451" HPOS="462" VPOS="2241" WIDTH="66" HEIGHT="35" WC="0.96" CONTENT="hög"/><SP WIDTH="35" VPOS="2241" HPOS="528"/>
							<String ID="string_452" HPOS="563" VPOS="2241" WIDTH="84" HEIGHT="36" WC="0.96" CONTENT="grad"/><SP WIDTH="24" VPOS="2241" HPOS="647"/>
							<String ID="string_453" HPOS="671" VPOS="2241" WIDTH="191" HEIGHT="32" WC="0.96" CONTENT="föråldrade"/><SP WIDTH="23" VPOS="2241" HPOS="862"/>
							<String ID="string_454" HPOS="885" VPOS="2243" WIDTH="62" HEIGHT="30" WC="0.96" CONTENT="och"/><SP WIDTH="23" VPOS="2243" HPOS="947"/>
							<String ID="string_455" HPOS="970" VPOS="2253" WIDTH="103" HEIGHT="26" WC="0.91" CONTENT="synas"/><SP WIDTH="23" VPOS="2253" HPOS="1073"/>
							<String ID="string_456" HPOS="1096" VPOS="2245" WIDTH="100" HEIGHT="28" WC="0.91" CONTENT="tarva"/><SP WIDTH="23" VPOS="2245" HPOS="1196"/>
							<String ID="string_457" HPOS="1219" VPOS="2254" WIDTH="42" HEIGHT="20" WC="0.96" CONTENT="en"/><SP WIDTH="24" VPOS="2254" HPOS="1261"/>
							<String ID="string_458" HPOS="1285" VPOS="2254" WIDTH="79" HEIGHT="20" WC="0.96" CONTENT="snar"/><SP WIDTH="23" VPOS="2254" HPOS="1364"/>
							<String ID="string_459" HPOS="1387" VPOS="2245" WIDTH="249" HEIGHT="36" WC="0.93" CONTENT="omarbetning."/><SP WIDTH="47" VPOS="2245" HPOS="1636"/>
							<String ID="string_460" HPOS="1683" VPOS="2245" WIDTH="104" HEIGHT="30" WC="0.85" CONTENT="Stats-"/>
						</TextLine>
						<TextLine ID="line_46" HPOS="284" VPOS="2284" WIDTH="1503" HEIGHT="39">
							<String ID="string_461" HPOS="284" VPOS="2284" WIDTH="158" HEIGHT="30" WC="0.96" CONTENT="kontoret"/><SP WIDTH="23" VPOS="2284" HPOS="442"/>
							<String ID="string_462" HPOS="465" VPOS="2285" WIDTH="65" HEIGHT="29" WC="0.95" CONTENT="vill"/><SP WIDTH="23" VPOS="2285" HPOS="530"/>
							<String ID="string_463" HPOS="553" VPOS="2284" WIDTH="76" HEIGHT="31" WC="0.95" CONTENT="med"/><SP WIDTH="23" VPOS="2284" HPOS="629"/>
							<String ID="string_464" HPOS="652" VPOS="2285" WIDTH="188" HEIGHT="36" WC="0.96" CONTENT="anledning"/><SP WIDTH="23" VPOS="2285" HPOS="840"/>
							<String ID="string_465" HPOS="863" VPOS="2286" WIDTH="107" HEIGHT="30" WC="0.96" CONTENT="härav"/><SP WIDTH="25" VPOS="2286" HPOS="970"/>
							<String ID="string_466" HPOS="995" VPOS="2287" WIDTH="54" HEIGHT="30" WC="0.95" CONTENT="till"/><SP WIDTH="24" VPOS="2287" HPOS="1049"/>
							<String ID="string_467" HPOS="1073" VPOS="2296" WIDTH="41" HEIGHT="21" WC="0.95" CONTENT="en"/><SP WIDTH="24" VPOS="2296" HPOS="1114"/>
							<String ID="string_468" HPOS="1138" VPOS="2287" WIDTH="122" HEIGHT="35" WC="0.96" CONTENT="början"/><SP WIDTH="23" VPOS="2287" HPOS="1260"/>
							<String ID="string_469" HPOS="1283" VPOS="2288" WIDTH="125" HEIGHT="35" WC="0.96" CONTENT="erinra,"/><SP WIDTH="24" VPOS="2288" HPOS="1408"/>
							<String ID="string_470" HPOS="1432" VPOS="2290" WIDTH="50" HEIGHT="28" WC="0.96" CONTENT="att"/><SP WIDTH="23" VPOS="2290" HPOS="1482"/>
							<String ID="string_471" HPOS="1505" VPOS="2288" WIDTH="95" HEIGHT="30" WC="0.92" CONTENT="dessa"/><SP WIDTH="16" VPOS="2288" HPOS="1600"/>
							<String ID="string_472" HPOS="1616" VPOS="2289" WIDTH="171" HEIGHT="30" WC="0.92" CONTENT="föreskrif-"/>
						</TextLine>
						<TextLine ID="line_47" HPOS="283" VPOS="2328" WIDTH="1503" HEIGHT="40">
							<String ID="string_473" HPOS="283" VPOS="2328" WIDTH="61" HEIGHT="36" WC="0.96" CONTENT="ter,"/><SP WIDTH="25" VPOS="2328" HPOS="344"/>
							<String ID="string_474" HPOS="369" VPOS="2328" WIDTH="43" HEIGHT="35" WC="0.96" CONTENT="på"/><SP WIDTH="23" VPOS="2328" HPOS="412"/>
							<String ID="string_475" HPOS="435" VPOS="2329" WIDTH="66" HEIGHT="29" WC="0.96" CONTENT="sätt"/><SP WIDTH="21" VPOS="2329" HPOS="501"/>
							<String ID="string_476" HPOS="522" VPOS="2338" WIDTH="45" HEIGHT="20" WC="0.96" CONTENT="av"/><SP WIDTH="23" VPOS="2338" HPOS="567"/>
							<String ID="string_477" HPOS="590" VPOS="2329" WIDTH="213" HEIGHT="29" WC="0.96" CONTENT="revisorerna"/><SP WIDTH="18" VPOS="2329" HPOS="803"/>
							<String ID="string_478" HPOS="821" VPOS="2330" WIDTH="61" HEIGHT="30" WC="0.93" CONTENT="ock"/><SP WIDTH="16" VPOS="2330" HPOS="882"/>
							<String ID="string_479" HPOS="898" VPOS="2330" WIDTH="222" HEIGHT="36" WC="0.91" CONTENT="omförmälts,"/><SP WIDTH="16" VPOS="2330" HPOS="1120"/>
							<String ID="string_480" HPOS="1136" VPOS="2330" WIDTH="276" HEIGHT="37" WC="0.93" CONTENT="huvudsakligen"/><SP WIDTH="16" VPOS="2330" HPOS="1412"/>
							<String ID="string_481" HPOS="1428" VPOS="2332" WIDTH="193" HEIGHT="30" WC="0.90" CONTENT="innehållas"/><SP WIDTH="17" VPOS="2332" HPOS="1621"/>
							<String ID="string_482" HPOS="1638" VPOS="2333" WIDTH="12" HEIGHT="29" WC="0.96" CONTENT="i"/><SP WIDTH="16" VPOS="2333" HPOS="1650"/>
							<String ID="string_483" HPOS="1666" VPOS="2332" WIDTH="120" HEIGHT="36" WC="0.96" CONTENT="kungl."/>
						</TextLine>
						<TextLine ID="line_48" HPOS="283" VPOS="2370" WIDTH="1504" HEIGHT="39">
							<String ID="string_484" HPOS="283" VPOS="2370" WIDTH="115" HEIGHT="31" WC="0.96" CONTENT="brevet"/><SP WIDTH="27" VPOS="2370" HPOS="398"/>
							<String ID="string_485" HPOS="425" VPOS="2370" WIDTH="63" HEIGHT="31" WC="0.96" CONTENT="den"/><SP WIDTH="25" VPOS="2370" HPOS="488"/>
							<String ID="string_486" HPOS="513" VPOS="2371" WIDTH="39" HEIGHT="31" WC="0.96" CONTENT="31"/><SP WIDTH="25" VPOS="2371" HPOS="552"/>
							<String ID="string_487" HPOS="577" VPOS="2372" WIDTH="139" HEIGHT="34" WC="0.96" CONTENT="augusti"/><SP WIDTH="25" VPOS="2372" HPOS="716"/>
							<String ID="string_488" HPOS="741" VPOS="2373" WIDTH="93" HEIGHT="30" WC="0.95" CONTENT="1877."/><SP WIDTH="46" VPOS="2373" HPOS="834"/>
							<String ID="string_489" HPOS="880" VPOS="2373" WIDTH="121" HEIGHT="36" WC="0.92" CONTENT="Enligt"/><SP WIDTH="23" VPOS="2373" HPOS="1001"/>
							<String ID="string_490" HPOS="1024" VPOS="2374" WIDTH="143" HEIGHT="30" WC="0.96" CONTENT="berörda"/><SP WIDTH="25" VPOS="2374" HPOS="1167"/>
							<String ID="string_491" HPOS="1192" VPOS="2374" WIDTH="81" HEIGHT="30" WC="0.96" CONTENT="brev"/><SP WIDTH="24" VPOS="2374" HPOS="1273"/>
							<String ID="string_492" HPOS="1297" VPOS="2375" WIDTH="95" HEIGHT="29" WC="0.96" CONTENT="skola"/><SP WIDTH="24" VPOS="2375" HPOS="1392"/>
							<String ID="string_493" HPOS="1416" VPOS="2375" WIDTH="38" HEIGHT="30" WC="0.96" CONTENT="de"/><SP WIDTH="23" VPOS="2375" HPOS="1454"/>
							<String ID="string_494" HPOS="1477" VPOS="2386" WIDTH="44" HEIGHT="20" WC="0.96" CONTENT="av"/><SP WIDTH="24" VPOS="2386" HPOS="1521"/>
							<String ID="string_495" HPOS="1545" VPOS="2376" WIDTH="242" HEIGHT="30" WC="0.96" CONTENT="statskontoret"/>
						</TextLine>
						<TextLine ID="line_49" HPOS="283" VPOS="2414" WIDTH="1503" HEIGHT="41">
							<String ID="string_496" HPOS="283" VPOS="2414" WIDTH="191" HEIGHT="31" WC="0.93" CONTENT="förvaltade"/><SP WIDTH="23" VPOS="2414" HPOS="474"/>
							<String ID="string_497" HPOS="497" VPOS="2415" WIDTH="215" HEIGHT="31" WC="0.90" CONTENT="fondmedlen"/><SP WIDTH="23" VPOS="2415" HPOS="712"/>
							<String ID="string_498" HPOS="735" VPOS="2418" WIDTH="100" HEIGHT="33" WC="0.92" CONTENT="göras"/><SP WIDTH="24" VPOS="2418" HPOS="835"/>
							<String ID="string_499" HPOS="859" VPOS="2416" WIDTH="247" HEIGHT="32" WC="0.91" CONTENT="fruktbärande"/><SP WIDTH="24" VPOS="2416" HPOS="1106"/>
							<String ID="string_500" HPOS="1130" VPOS="2418" WIDTH="12" HEIGHT="30" WC="0.96" CONTENT="i"/><SP WIDTH="16" VPOS="2418" HPOS="1142"/>
							<String ID="string_501" HPOS="1158" VPOS="2418" WIDTH="144" HEIGHT="30" WC="0.96" CONTENT="främsta"/><SP WIDTH="16" VPOS="2418" HPOS="1302"/>
							<String ID="string_502" HPOS="1318" VPOS="2420" WIDTH="148" HEIGHT="29" WC="0.96" CONTENT="rummet"/><SP WIDTH="16" VPOS="2420" HPOS="1466"/>
							<String ID="string_503" HPOS="1482" VPOS="2427" WIDTH="122" HEIGHT="27" WC="0.96" CONTENT="genom"/><SP WIDTH="17" VPOS="2427" HPOS="1604"/>
							<String ID="string_504" HPOS="1621" VPOS="2420" WIDTH="105" HEIGHT="35" WC="0.96" CONTENT="inköp"/><SP WIDTH="15" VPOS="2420" HPOS="1726"/>
							<String ID="string_505" HPOS="1741" VPOS="2429" WIDTH="45" HEIGHT="20" WC="0.96" CONTENT="av"/>
						</TextLine>
						<TextLine ID="line_50" HPOS="281" VPOS="2458" WIDTH="1504" HEIGHT="40">
							<String ID="string_506" HPOS="281" VPOS="2458" WIDTH="238" HEIGHT="36" WC="0.96" CONTENT="obligationer,"/><SP WIDTH="36" VPOS="2458" HPOS="519"/>
							<String ID="string_507" HPOS="555" VPOS="2459" WIDTH="165" HEIGHT="31" WC="0.96" CONTENT="utställda"/><SP WIDTH="23" VPOS="2459" HPOS="720"/>
							<String ID="string_508" HPOS="743" VPOS="2469" WIDTH="44" HEIGHT="20" WC="0.88" CONTENT="av"/><SP WIDTH="36" VPOS="2469" HPOS="787"/>
							<String ID="string_509" HPOS="823" VPOS="2460" WIDTH="337" HEIGHT="36" WC="0.88" CONTENT="riksgäldskontoret,"/><SP WIDTH="35" VPOS="2460" HPOS="1160"/>
							<String ID="string_510" HPOS="1195" VPOS="2472" WIDTH="44" HEIGHT="20" WC="0.96" CONTENT="av"/><SP WIDTH="23" VPOS="2472" HPOS="1239"/>
							<String ID="string_511" HPOS="1262" VPOS="2462" WIDTH="190" HEIGHT="30" WC="0.93" CONTENT="Allmänna"/><SP WIDTH="23" VPOS="2462" HPOS="1452"/>
							<String ID="string_512" HPOS="1475" VPOS="2462" WIDTH="310" HEIGHT="36" WC="0.90" CONTENT="hypoteksbanken,"/>
						</TextLine>
					</TextBlock>
				</ComposedBlock>
			</PrintSpace>
		</Page>
	</Layout>
</alto>
