1910 2820
289 189 19 30 6
761 191 229 28 Statsutskottets
1011 191 148 27 utlåtande
1182 191 48 27 Nr
1253 192 67 28 209.

292 265 51 30 för
370 265 170 31 marinens
567 264 147 42 löpande
743 265 147 41 utgifter.
918 284 43 3 —
986 265 411 41 Riksräkenskapsverket
1424 264 59 32 har
1512 264 113 32 vidare
1653 264 135 38 erinrat,

292 317 48 29 att
359 315 161 31 arbetena
541 315 75 31 med
637 317 49 29 ett
707 315 123 42 belopp
850 318 19 28 å
889 315 135 38 200,000
1043 315 125 31 kronor
1189 316 134 41 inginge
1345 316 11 30 i
1377 316 65 31 den
1463 315 11 31 1
1495 315 293 41 framställningen

292 365 202 32 omnämnda
520 377 39 20 av
586 365 127 42 Kungl.
742 365 99 41 Maj:t
868 366 194 31 fastställda
1088 366 239 41 arbetsplanen
1355 369 87 28 samt
1470 368 49 29 att
1545 365 244 32 marinförvalt-

292 416 124 41 ningen
443 416 190 31 sedermera
658 416 163 31 anbefallt
849 416 178 31 arbetenas
1054 417 180 31 utförande
1260 416 52 31 till
1337 427 42 21 en
1406 416 169 31 beräknad
1600 416 146 31 kostnad
1771 418 18 29 å

295 465 147 40 (264,000
461 472 28 28 +
507 466 112 37 85,500
637 472 29 29 +
686 466 111 38 26,000
811 467 50 40 =)
898 466 136 38 375,500
1064 466 134 31 kronor.
1242 466 289 32 Överskridandet
1562 466 225 31 motiverades

292 516 103 31 bland
420 521 103 28 annat
548 517 76 31 med
650 519 50 29 att
726 518 358 40 marinförvaltningen
1110 518 77 30 med
1214 517 129 41 hänsyn
1369 517 54 31 till
1449 517 172 31 anbefalld
1647 517 142 31 använd-

292 567 81 41 ning
390 578 41 20 av
448 568 233 41 krigstitlarna
699 568 72 31 icke
788 570 123 39 ansåge
930 568 53 41 sig
999 568 136 31 bunden
1154 579 41 20 av
1213 569 40 31 de
1271 568 52 31 för
1340 568 240 41 arbetsplanen
1599 568 190 41 uppgjorda

291 617 276 42 beräkningarna.
607 618 412 42 Riksräkenskapsverket
1055 619 113 31 kunde
1209 619 70 31 icke
1307 619 76 31 dela
1411 618 378 41 marinförvaltningens

292 668 228 42 uppfattning.

343 718 82 32 Med
452 719 183 42 anledning
663 731 39 20 av
731 720 62 30 vad
820 720 398 41 riksräkenskapsverket
1245 720 140 31 sålunda
1414 720 62 31 och
1503 720 10 30 i
1540 719 111 42 övrigt
1678 719 112 31 anfört

292 769 59 31 har
371 769 363 42 marinförvaltningen
755 770 63 31 den
841 771 38 30 10
899 781 89 20 mars
1011 771 78 30 1942
1110 773 87 38 ånyo
1220 770 111 32 utlåtit
1352 770 53 41 sig
1428 771 10 30 i
1459 770 147 37 ärendet,
1627 770 162 41 varjämte

293 818 397 42 riksräkenskapsverket
711 820 64 31 den
796 821 39 30 24
856 831 88 20 mars
967 821 79 30 1942
1066 822 87 39 ånyo
1175 823 103 38 yttrat
1299 821 61 40 sig.

344 870 386 40 Departementschefen
757 871 59 30 har
842 871 113 31 anfört
984 871 159 41 följande.

343 928 52 33 De
425 929 240 42 statsutgifter,
696 940 73 21 som
797 930 193 31 föranledas
1019 941 40 20 av
1087 930 67 31 den
1184 929 181 32 förstärkta
1395 929 395 41 försvarsberedskapen,

292 970 170 32 bestridas
482 973 79 29 över
580 972 66 31 den
667 982 41 21 av
728 972 179 41 riksdagen
927 974 112 29 såsom
1058 972 279 41 beredskapsstat
1358 973 145 40 antagna
1523 971 62 32 och
1605 982 40 20 av
1664 971 126 41 Kungl.

292 1012 99 42 Maj:t
408 1015 113 30 såsom
539 1014 236 32 förskottsstat
792 1014 194 32 fastställda
1004 1014 279 32 förskottsstaten
1301 1015 53 30 för
1371 1013 324 32 försvarsväsendet.
1715 1013 77 31 För-

292 1055 224 32 skottsstaten
537 1058 167 39 upptager
724 1056 106 31 under
850 1056 110 41 fjärde
981 1056 217 31 huvudtiteln
1219 1057 66 31 fem
1308 1056 168 32 särskilda
1497 1055 293 41 förskottsanslag,

292 1097 170 41 nämligen
497 1098 107 31 under
639 1098 161 32 rubriken
836 1098 34 31 OC.
908 1098 339 32 Försvarskrafterna
1281 1098 73 41 fyra
1379 1098 119 41 anslag
1523 1098 53 31 för
1600 1097 191 42 respektive

292 1141 141 36 arméns,
459 1140 168 31 marinens
653 1141 63 30 och
740 1141 215 40 flygvapnets
979 1140 145 41 löpande
1149 1140 141 42 utgifter
1313 1143 86 28 samt
1424 1140 53 31 för
1499 1139 294 42 engångsutgifter

292 1184 160 29 ävensom
472 1183 107 31 under
598 1182 162 32 rubriken
780 1183 37 31 E.
838 1183 145 31 Diverse
1003 1185 48 29 ett
1070 1183 119 41 anslag
1209 1183 52 31 för
1280 1183 115 41 övriga
1417 1183 148 41 utgifter.
1596 1182 52 31 De
1669 1184 50 30 tre
1740 1193 52 20 an-

293 1224 115 41 slagen
429 1224 53 31 till
500 1225 146 41 löpande
666 1225 141 41 utgifter
824 1227 57 29 äro
902 1225 124 31 ställda
1044 1225 53 31 till
1116 1225 253 31 vederbörande
1388 1225 148 31 centrala
1555 1224 237 41 förvaltnings-

293 1266 254 41 myndigheters
565 1267 203 41 förfogande
786 1267 62 31 och
864 1277 99 21 avses
981 1267 53 30 för
1052 1267 171 41 egentliga
1240 1266 145 42 löpande
1404 1266 141 42 utgifter
1562 1267 54 31 för
1632 1266 161 31 försvars-

292 1308 244 42 beredskapen,
561 1311 114 29 såsom
701 1309 102 37 löner,
829 1308 233 41 mathållning,
1088 1308 188 32 drivmedel
1301 1319 28 20 o.
1356 1320 24 20 s.
1408 1320 28 19 v.
1473 1308 165 42 Anslaget
1662 1309 54 31 till
1741 1319 52 21 en-

293 1351 250 41 gångsutgifter
570 1361 98 21 avses
698 1351 54 30 för
779 1350 220 32 bestridande
1028 1362 39 19 av
1096 1350 547 41 försvarsberedskapskostnader
1671 1362 41 20 av
1740 1361 51 21 en-

293 1394 216 40 gångsnatur,
532 1395 112 29 såsom
667 1393 231 37 ammunition,
922 1392 285 32 fortifikatoriska
1229 1392 243 41 anläggningar
1492 1404 28 20 o.
1545 1404 25 20 s.
1594 1404 39 26 v.,
1656 1393 63 31 och
1741 1395 50 28 må

293 1435 201 41 disponeras
513 1435 119 32 endast
652 1435 87 31 efter
756 1435 123 41 Kungl.
899 1435 119 41 Maj:ts
1037 1435 53 31 för
1106 1435 94 41 varje
1218 1435 137 31 särskilt
1373 1435 61 31 fall
1452 1435 198 32 meddelade
1669 1435 121 32 beslut.

294 1477 131 32 Sådant
461 1478 113 31 beslut
612 1478 172 31 erfordras
822 1477 61 31 ock
911 1478 53 30 för
990 1477 305 41 ianspråktagande
1323 1488 41 20 av
1392 1477 320 42 förskottsanslaget
1740 1477 52 31 till

293 1519 116 42 övriga
427 1520 149 40 utgifter.

344 1562 68 31 För
432 1562 264 41 redovisningen
717 1572 39 21 av
776 1561 331 32 försvarsväsendets
1127 1561 184 32 kostnader
1330 1561 109 31 under
1458 1561 193 32 nuvarande
1672 1562 120 31 förhål-

294 1604 123 32 landen
436 1604 88 42 gälla
541 1615 40 20 av
597 1604 129 41 Kungl.
745 1603 99 41 Maj:t
862 1604 66 31 den
948 1604 38 31 13
1003 1603 73 41 juni
1096 1604 79 30 1941
1195 1604 76 31 med
1288 1604 77 31 stöd
1383 1615 41 20 av
1443 1604 197 41 riksdagens
1658 1603 135 42 bemyn-

294 1646 145 42 digande
464 1646 272 42 (propositionen
757 1646 78 31 1939
848 1646 44 31 U:
908 1647 49 37 73,
977 1646 199 41 riksdagens
1197 1646 162 32 skrivelse
1379 1657 40 20 nr
1436 1647 52 40 88)
1512 1646 179 32 utfärdade
1710 1646 83 31 före-

294 1689 147 32 skrifter.
469 1689 109 31 Dessa
596 1688 164 32 innebära
776 1689 10 30 i
803 1691 86 29 stort
907 1690 76 36 sett,
1001 1689 49 30 att
1066 1688 66 31 den
1149 1689 150 30 normala
1316 1688 242 41 specificerade
1576 1688 217 42 utgiftsredo-

293 1731 180 41 visningen
493 1731 11 31 i
525 1731 200 41 anslutning
744 1731 53 31 till
817 1730 322 42 riksstatsanslagen
1161 1732 143 30 ersättes
1325 1741 40 20 av
1385 1742 42 20 en
1449 1730 176 32 förenklad
1647 1730 146 32 redovis-

293 1773 81 42 ning
399 1775 81 29 över
505 1773 198 42 krigstitlar,
730 1772 88 32 vilka
843 1773 11 30 i
880 1772 178 32 huvudsak
1083 1775 170 29 motsvara
1278 1772 109 41 fjärde
1413 1772 236 32 huvudtitelns
1677 1772 115 32 under-

293 1815 163 32 rubriker.
484 1816 67 30 För
564 1815 172 31 vinnande
751 1826 40 20 av
805 1815 211 41 enhetlighet
1031 1815 10 30 i
1057 1815 408 41 redovisningsavseende
1480 1815 60 31 har
1554 1814 120 32 härvid
1689 1815 103 31 bland

294 1860 101 29 annat
420 1857 224 38 föreskrivits,
670 1860 51 28 att
745 1857 56 31 vid
824 1857 263 41 redovisningen
1115 1868 40 20 av
1181 1857 139 41 utgifter
1343 1859 19 29 å
1387 1857 232 40 krigstitlarna
1644 1858 54 30 må
1722 1857 70 31 tills

294 1900 114 31 vidare
433 1901 37 30 så
493 1910 98 21 anses
615 1910 73 21 som
713 1910 53 20 om
789 1899 248 41 anslagsmedel
1060 1899 53 31 för
1136 1899 157 41 samtliga
1316 1899 142 41 utgifter
1480 1899 111 31 ställts
1615 1899 55 31 till
1693 1899 100 30 förfo-

294 1942 108 41 gande
423 1942 75 31 från
518 1941 286 42 förskottsanslag
822 1943 84 29 även
925 1941 12 31 i
957 1941 60 31 fall
1036 1941 60 31 där
1115 1941 312 41 medelsanvisning
1446 1943 55 39 ägt
1521 1952 73 20 rum
1613 1942 81 30 över
1713 1941 79 31 riks-

294 1986 95 30 stats-
410 1984 84 31 eller
513 1983 354 42 tilläggsstatsanslag,
889 1983 147 31 varefter
1055 1983 120 41 slutlig
1196 1983 167 42 reglering
1382 1983 124 31 mellan
1526 1983 184 32 riksstaten
1731 1983 62 31 och

294 2026 279 32 förskottsstaten
590 2026 78 31 sker
684 2026 11 30 i
711 2025 181 32 bokslutet.
921 2025 125 32 Vidare
1062 2025 61 31 har
1139 2025 223 37 föreskrivits,
1379 2026 51 30 att
1445 2025 141 41 utgifter
1600 2025 193 41 hänförliga

294 2069 51 31 till
366 2069 94 31 vissa
480 2068 116 41 anslag
617 2068 55 31 till
694 2067 410 41 materielanskaffningar
1127 2067 63 31 och
1212 2067 296 31 förskottsstatens
1529 2067 118 42 anslag
1667 2067 53 32 till
1741 2078 52 20 en-

294 2111 250 41 gångsutgifter
561 2110 97 31 skola
676 2121 120 30 genom
814 2109 168 32 särskilda
1000 2110 204 31 undertitlar
1222 2109 174 41 särskiljas
1415 2109 74 31 från
1508 2109 117 42 övriga
1642 2109 150 42 utgifter.

294 2153 149 31 Nämnas
470 2155 53 29 må
547 2155 93 34 även,
668 2153 49 30 att
743 2151 283 42 sjökarteverkets
1052 2152 221 41 redovisning
1297 2151 72 31 icke
1396 2151 125 32 rubbas
1547 2162 122 31 genom
1695 2151 98 32 dessa

295 2195 221 31 föreskrifter.

346 2237 18 30 I
383 2237 234 41 föreliggande
638 2236 61 32 fall
718 2236 61 31 har
797 2236 362 41 marinförvaltningen
1179 2236 76 32 med
1274 2235 173 32 anlitande
1466 2247 40 20 av
1525 2236 57 32 det
1602 2236 54 31 för
1675 2236 118 41 sjöför-

296 2281 129 30 svarets
456 2279 145 41 löpande
632 2278 143 42 utgifter
803 2278 148 32 avsedda
982 2278 320 41 förskottsanslaget
1331 2278 77 31 låtit
1438 2278 200 31 föranstalta
1669 2289 54 20 om
1752 2289 41 20 en

294 2321 286 42 genomgripande
596 2320 193 42 reparation
805 2320 62 32 och
883 2320 198 41 förändring
1095 2331 40 20 av
1151 2320 66 31 den
1232 2320 173 41 överåriga
1420 2319 215 32 kanonbåten
1651 2319 142 32 Svensk-

295 2363 97 32 sund.
459 2362 192 32 Kanonbåten
670 2382 43 3 —
730 2362 112 32 vilken
861 2364 113 30 såsom
994 2373 39 20 av
1050 2362 247 41 handlingarna
1316 2361 148 42 framgår
1480 2381 42 4 —
1540 2362 53 31 till
1612 2373 42 21 en
1674 2362 119 41 början

295 2416 40 21 av
350 2405 365 41 marinförvaltningen
731 2404 194 42 ifrågasatts
943 2404 52 31 till
1012 2403 227 42 utrangering,
1256 2403 60 32 har
1332 2404 10 30 i
1358 2404 150 41 enlighet
1525 2404 75 31 med
1617 2415 41 20 av
1674 2404 119 31 chefen

295 2448 53 31 för
369 2447 153 32 marinen
545 2446 200 32 meddelade
768 2446 145 32 direktiv
935 2446 201 31 iståndsatts
1161 2446 62 31 och
1246 2446 262 31 moderniserats
1533 2446 11 31 i
1567 2446 156 31 ändamål
1746 2449 47 28 att

294 2489 113 32 kunna
428 2488 170 33 användas
620 2489 55 31 för
695 2488 383 42 sjömätningsändamål
1099 2488 109 31 under
1228 2488 348 31 sommarmånaderna
1597 2488 63 31 och
1682 2490 109 29 såsom

294 2531 177 42 basfartyg
491 2531 11 31 i
523 2530 171 42 sjöstyrka
717 2530 104 32 under
842 2530 116 41 övriga
979 2530 92 31 delar
1091 2541 40 20 av
1153 2532 80 29 året.
