2213 2660
701 166 264 34 Statsutskottets
995 166 175 34 Utlåtande
1193 167 64 33 N:o
1282 170 27 29 6.
1742 166 17 33 i

208 256 295 50 upphjelpande,
545 256 99 37 lärer
674 256 73 37 den
777 256 42 37 af
843 256 139 49 Kongl.
1013 255 107 50 Maj:t
1147 255 157 50 nyligen
1332 255 160 37 tillsatta
1520 255 171 37 komitén
1718 255 83 37 före

210 309 222 49 afgifvande
474 309 42 37 af
553 309 148 49 förslag
740 309 57 37 till
838 309 176 48 åtgärder
1048 309 60 36 för
1135 307 261 50 befrämjande
1426 308 43 37 af
1494 308 124 37 denna
1645 307 157 49 närings

210 362 224 49 utveckling
472 367 92 44 tåga
606 362 134 37 sådant
779 363 12 35 i
809 361 320 49 öfvervägande,
1171 361 156 37 hvarför
1366 361 191 37 utskottet
1590 374 123 35 anser,
1749 365 55 32 att

211 415 196 37 motionen
449 415 60 37 för
550 414 235 38 närvarande
826 415 84 36 icke
951 415 70 36 bör
1052 413 58 38 till
1138 417 126 45 någon
1293 413 241 49 Riksdagens
1564 413 135 49 åtgärd
1727 413 76 37 för-

211 466 145 38 anleda.

313 519 201 38 Utskottet
541 519 220 38 hemställer
790 519 120 49 alltså,

712 629 65 44 att,
825 624 87 36 med
958 623 125 49 afslag
1134 626 19 34 å
1198 623 134 49 grefve
1380 622 219 38 Strömfelts
1646 621 157 49 motion,

611 677 139 48 Kongl.
793 676 126 49 Maj:ts
949 676 250 37 förevarande
1228 675 283 49 framställning
1539 678 60 34 må
1627 674 43 37 af
1694 674 110 37 Riks-

610 729 125 49 dagen
763 728 161 38 bifallas.

616 937 535 50 Undervisningsanstalter
1180 936 63 41 för
1271 936 157 50 sjöfart.

321 1045 71 35 9:o.
448 1042 130 38 Under
607 1042 124 37 denna
760 1042 240 48 anslagstitel
1029 1043 68 36 har
1126 1042 139 48 Kongl.
1296 1042 108 49 Maj:t
1432 1041 196 37 hemstält:
1853 1050 151 40 Angående

319 1103 52 51 att
409 1095 379 65 navigationsskolan
817 1095 12 36 i
859 1095 214 37 Strömstad
1102 1097 114 34 måtte
1244 1094 180 49 indragas
1453 1093 63 37 vid
1544 1096 195 46 utgången
1769 1092 41 37 af
1835 1086 185 69 ningsanstal-

215 1153 150 44 augusti
394 1148 135 37 månad
558 1162 39 22 år
628 1150 113 44 1890;
1859 1159 78 23 terna
1955 1156 45 32 för

319 1208 51 29 att
409 1200 117 37 femte
554 1200 277 36 hufvudtitelns
860 1199 134 49 anslag
1022 1202 20 34 å
1072 1200 137 47 94,650
1238 1199 141 36 kronor
1407 1198 56 36 till
1491 1197 315 49 undervisnings-
1845 1190 152 74 FT

216 1253 183 36 anstalter
440 1253 59 36 för
541 1252 136 49 sjöfart
718 1255 115 33 måtte
876 1252 168 36 minskas
1087 1252 85 36 med
1202 1251 64 37 det
1293 1250 58 37 till
1378 1250 297 48 undervisnings
1703 1228 137 59 med-
1827 1224 65 79 [11
1900 1228 127 46 —13-]

215 1305 161 37 delande
418 1308 37 33 åt
483 1304 470 37 lokomotivförareelever
981 1304 63 36 vid
1072 1303 427 49 navigationsskolorna
1527 1303 11 36 i
1569 1302 236 48 Stockholm,

217 1356 201 50 Göteborg
447 1357 71 37 och
547 1357 139 36 Malmö
717 1362 96 31 samt
842 1356 214 49 ersättning
1080 1356 209 36 tillsvidare
1305 1355 87 37 med
1411 1357 70 35 100
1497 1355 143 39 kronor
1661 1355 145 48 årligen

216 1409 56 37 till
314 1410 185 36 hvardera
541 1409 42 37 af
621 1409 288 37 föreståndarne
951 1409 63 36 vid
1055 1408 165 37 nämnda
1263 1408 129 36 skolor
1426 1408 60 36 för
1513 1408 179 36 besväret
1720 1407 86 36 med

215 1462 505 36 lokomotivförare-elevers
762 1461 243 49 inskrifning,
1034 1461 184 49 pröfning
1246 1474 47 22 m.
1328 1474 47 22 m.
1420 1460 179 36 anvisade
1635 1460 172 48 anslags-

215 1514 140 50 belopp
385 1514 42 36 af
454 1516 111 45 1,800
594 1514 158 46 kronor;

319 1574 51 29 att
396 1566 220 49 Riksdagen
645 1569 116 33 måtte
791 1566 204 48 godkänna
1024 1564 64 37 det
1117 1563 422 50 statsrådsprotokollet
1557 1563 155 49 bilagda
1731 1563 77 37 för-

217 1619 85 47 slag
342 1618 58 36 till
442 1623 75 32 stat
557 1618 59 36 för
653 1618 119 36 rikets
801 1617 375 50 navigationsskolor
1204 1622 55 31 att
1286 1616 191 49 tillämpas
1508 1616 83 36 från
1621 1616 71 36 och
1721 1616 87 36 med

216 1674 40 33 år
287 1672 110 47 1891,
429 1671 84 36 med
542 1670 259 37 förklarande:

321 1728 55 31 att
421 1723 200 36 skolornas
669 1721 260 38 föreståndare
976 1722 70 35 och
1092 1721 120 36 lärare
1258 1720 12 37 i
1315 1719 494 50 navigationsafdelningen

217 1774 134 49 skulle,
380 1775 47 36 då
455 1775 46 36 de
528 1778 162 46 uppnått
720 1776 45 35 65
796 1773 167 37 lefnads-
992 1773 72 36 och
1093 1775 46 35 35
1170 1774 195 48 tjensteår,
1395 1785 90 24 vara
1504 1772 232 49 förpligtade
1755 1777 56 31 att

215 1828 87 36 med
345 1827 204 36 oafkortad
592 1827 63 36 lön
698 1829 126 34 såsom
861 1826 161 49 pension
1052 1828 19 33 å
1100 1825 188 37 allmänna
1315 1825 382 49 indragningsstaten
1726 1825 82 35 från

215 1880 168 49 tjensten
412 1879 100 49 afgå,
541 1879 140 49 Kongl.
712 1879 107 49 Maj:t
847 1878 97 36 dock
974 1878 181 48 obetaget
1184 1883 54 31 att
1266 1878 74 36 låta
1368 1878 86 36 med
1483 1877 177 36 afskedet
1688 1879 119 46 anstå,

217 1933 129 35 derest
375 1932 72 36 och
476 1935 41 33 så
544 1932 112 48 länge
686 1932 72 35 den
787 1930 426 50 pensionsberättigade
1243 1930 207 50 pröfvades
1472 1929 337 48 kunnaitjensten

216 1987 48 46 på
305 1989 55 32 ett
400 1984 353 36 tillfredsställande
797 1988 76 31 sätt
914 1996 126 34 gagna
1082 1983 64 36 det
1187 1982 188 37 allmänna
1418 1982 70 36 och
1529 1981 126 37 kunde
1683 1982 122 36 finnas

215 2036 107 49 villig
350 2041 55 32 att
432 2036 12 36 i
472 2036 220 37 densamma
722 2038 164 46 qvarstå,
917 2040 97 31 samt

321 2094 54 31 att
403 2088 262 37 föreståndare
687 2088 91 36 eller
806 2088 120 36 lärare
941 2088 11 35 i
968 2086 505 50 navigationsafdelningen,
1491 2100 83 23 som
1589 2086 13 36 i
1618 2086 114 37 minst
1750 2091 59 31 tre

216 2143 40 34 år
295 2140 84 37 lidit
420 2141 41 36 af
491 2140 154 49 lamhet,
675 2140 183 48 blindhet,
889 2139 134 37 döfhet
1052 2139 91 36 eller
1171 2139 197 48 vansinne,
1399 2144 90 31 utan
1520 2144 54 30 att
1603 2138 207 48 anledning

217 2193 235 48 förefunnes,
497 2198 54 31 att
593 2193 74 36 han
707 2192 126 36 kunde
877 2191 195 37 återvinna
1099 2191 269 48 tjenstbarhet,
1398 2194 128 45 måtte,
1557 2191 119 36 sedan
1705 2190 106 36 detta

216 2245 236 36 förhållande
480 2244 127 37 blifvit
634 2258 139 35 genom
793 2244 232 49 föregående
1045 2243 289 48 undersökning
1353 2243 298 49 vederbörligen
1670 2242 139 49 utredt,

212 2297 128 37 kunna
367 2303 90 31 utan
486 2310 99 36 egen
613 2297 217 49 ansökning
859 2296 83 36 från
969 2297 169 48 tjensten
1168 2295 132 49 skiljas
1332 2301 79 31 mot
1439 2295 221 48 åtnjutande
1689 2295 122 36 under
