2270 2592
431 189 18 30 6
968 194 214 37 Lagutskottets
1210 193 154 29 Utlåtande
1387 194 56 29 N:o
1469 196 52 28 50.

431 282 62 23 om
521 269 196 51 villkorlig
746 270 88 37 dom
863 273 68 36 och
961 273 196 49 villkorlig
1186 271 197 51 frigifning
1411 272 83 37 blef
1515 273 151 37 tillfälle
1696 275 128 37 beredt
1843 279 55 32 att
1916 275 13 36 i
1949 273 105 51 långt

431 326 116 35 större
571 325 261 49 utsträckning
861 332 46 30 än
931 327 106 36 förut
1062 332 85 43 taga
1175 326 141 50 hänsyn
1345 327 60 35 till
1430 327 267 49 brottslingens
1717 330 211 49 personliga
1947 341 107 36 egen-

431 383 59 31 art
532 377 103 38 såväl
678 379 63 36 vid
779 379 242 37 meddelande
1051 380 42 36 af
1118 380 191 36 straffdom
1338 392 79 24 som
1447 380 64 37 vid
1540 382 270 37 verkställande
1838 382 42 36 af
1901 383 154 36 ådömdt

432 431 113 37 straff.
591 432 68 36 Ett
696 432 284 50 betydelsefullt
1013 439 80 43 steg
1128 433 80 37 blef
1233 434 213 49 därigenom
1475 437 103 44 taget
1605 435 61 36 till
1695 436 294 48 möjliggörande
2017 435 40 37 af

431 498 45 23 en
500 486 195 36 rättvisare
724 486 71 36 och
822 487 93 35 efter
944 487 102 35 olika
1075 486 68 37 fall
1167 487 119 36 bättre
1320 488 172 60 afpassad
1518 487 365 50 straffrättskipning:
1909 490 144 36 klarare

431 543 45 32 än
505 538 81 37 förr
614 538 80 38 blef
720 539 62 37 det
805 538 211 47 framhäfdt,
1044 543 57 34 att
1129 543 118 34 staten
1277 541 13 35 i
1319 542 56 34 sin
1404 541 202 37 straffande
1634 543 234 36 verksamhet
1895 547 86 45 äger
1999 546 56 33 att

430 598 87 44 taga
534 593 145 50 hänsyn
694 595 34 46 ej
748 593 98 36 blott
864 593 61 36 till
943 568 73 61 den
1028 607 136 36 genom
1182 595 138 36 brottet
1336 594 237 37 förorsakade
1590 596 186 65 objektiva
1797 597 257 60 kränkningen

432 646 39 35 af
511 646 301 50 rättsordningen
857 651 90 32 utan
990 624 108 60 äfven
1141 648 60 36 till
1244 649 264 49 brottslingens
1545 662 144 36 person,
1721 649 38 37 så
1787 655 54 31 att
1869 650 143 37 straffet
2041 651 12 34 i

432 700 128 49 hvarje
589 700 177 36 särskildt
795 699 69 37 fall
892 713 98 37 noga
1019 701 221 37 bestämmes
1268 701 96 38 efter
1387 681 99 59 hvad
1506 715 78 24 som
1606 703 143 36 kräfves
1769 702 58 38 för
1846 709 55 31 att
1918 704 134 37 brotts-

431 754 128 48 lingen
587 752 110 37 däraf
722 754 98 36 skall
847 753 77 37 låta
954 756 54 47 sig
1035 760 110 31 rätta.

540 808 84 35 Den
663 808 240 49 omfattning,
932 808 12 35 i
973 808 152 37 hvilken
1167 814 53 31 ett
1262 809 90 48 godt
1389 811 157 35 resultat
1588 811 96 35 skall
1719 810 142 49 uppnås
1889 811 64 37 vid
1982 811 70 36 den

432 861 196 47 praktiska
671 861 287 49 tillämpningen
1001 863 39 35 af
1081 862 45 37 de
1155 876 74 36 nya
1257 863 156 48 lagarna
1442 877 62 22 om
1533 864 192 49 villkorlig
1755 865 87 36 dom
1871 865 68 36 och
1969 866 85 35 vill-

432 914 125 49 korlig
584 913 210 51 frigifning,
821 915 106 36 torde
951 916 13 34 i
992 916 81 36 icke
1101 916 104 48 ringa
1233 917 93 48 grad
1355 930 87 23 vara
1462 918 181 36 beroende
1663 917 117 45 däraf,
1801 923 54 31 att
1874 917 59 37 för
1952 918 102 36 dom-

433 968 118 35 stolen
595 966 204 51 föreligger
833 971 52 34 ett
912 969 221 48 tillräckligt
1162 971 172 35 material
1363 972 57 35 för
1448 971 232 36 bedömande
1704 970 42 37 af
1771 973 142 47 frågan,
1942 972 111 36 huru-

432 1021 87 36 vida
547 1022 365 48 omständigheterna
941 1027 62 32 äro
1032 1022 146 46 sådana,
1207 1028 53 32 att
1288 1036 45 23 en
1361 1025 197 48 brottsling
1586 1025 203 49 lämpligen
1821 1026 66 35 bör
1915 1025 140 37 erhålla

433 1074 158 36 anstånd
633 1075 86 36 med
762 1077 158 35 straffets
961 1077 287 45 verkställande,
1292 1077 187 37 äfvensom
1513 1078 115 45 däraf,
1661 1084 54 30 att
1744 1080 71 35 den
1845 1079 211 48 villkorligt

433 1127 153 50 frigifne
631 1129 81 45 och,
757 1136 67 29 när
866 1129 38 36 så
946 1131 118 35 finnes
1091 1131 140 49 nödigt,
1255 1132 146 48 jämväl
1429 1132 71 35 den
1530 1132 211 48 villkorligt
1769 1132 133 37 dömde
1931 1134 39 34 af
1998 1132 57 36 för

433 1181 213 37 ändamålet
685 1183 169 36 särskildt
896 1184 173 48 lämpade
1102 1197 172 63 persober
1302 1184 159 37 erhåller
1490 1185 81 37 stöd
1600 1187 68 34 och
1698 1186 102 48 hjälp
1829 1187 12 34 i
1869 1187 54 35 sin
1953 1184 102 38 sträf-

435 1248 71 24 van
538 1240 55 31 att
620 1234 79 38 åter
728 1235 119 38 blifva
876 1250 45 23 en
951 1237 170 49 laglydig
1151 1251 83 23 med
1223 1233 184 71 iborgare.
1463 1238 17 36 I
1509 1239 55 36 sin
1593 1252 52 23 nu
1674 1238 250 50 föreliggande
1945 1239 109 36 fram-

434 1289 179 47 ställning
641 1289 67 36 har
737 1290 229 36 motionären
990 1292 102 46 gjort
1116 1292 179 47 gällande,
1316 1297 56 31 att
1391 1293 13 35 i
1423 1292 162 36 nämnda
1605 1292 231 37 hänseenden
1856 1292 200 38 förefinnas

435 1348 99 30 stora
563 1343 145 42 brister,
738 1343 132 37 hvilka
898 1343 110 47 vålla,
1040 1349 55 31 att
1124 1344 281 49 ifrågavarande
1432 1347 106 46 lagar
1566 1342 79 40 icke
1670 1345 174 51 uppfylla
1864 1347 63 35 sitt
1945 1347 110 36 ända-

435 1395 74 36 mål
552 1398 37 33 så
630 1395 250 50 fullständigt,
907 1410 80 23 som
1024 1398 63 35 vid
1118 1399 104 35 deras
1250 1399 175 36 stiftande
1454 1372 130 80 afsågs.
1643 1400 76 35 Till
1747 1399 241 50 afhjälpande
2017 1399 42 37 af

436 1449 102 36 dessa
568 1449 138 38 brister
734 1450 68 36 har
830 1452 231 46 motionären
1081 1452 205 47 ifrågasatt,
1312 1457 56 31 att
1387 1451 56 37 för
1462 1452 273 38 öfvervakande
1753 1455 37 34 af
1810 1454 246 36 omförmälda

436 1503 78 48 slag
543 1502 43 36 af
610 1504 244 49 brottslingar
883 1504 114 37 måtte
1026 1505 175 36 tillsättas
1230 1506 125 36 därför
1384 1506 171 36 särskildt
1583 1507 260 36 kvalificerade
1873 1520 182 36 personer,

435 1557 132 36 hvilka
601 1557 136 48 jämväl
776 1559 116 35 skulle
927 1563 67 44 äga
1022 1561 54 34 att
1103 1559 231 49 tillhandagå
1363 1560 207 36 domstolen
1599 1561 85 36 med
1715 1573 44 24 en
1788 1560 269 37 förberedande

436 1610 279 49 undersökning
753 1610 41 37 af
834 1612 44 35 de
920 1612 204 36 tilltalades
1166 1614 212 48 personliga
1411 1612 265 48 förhållanden,
1706 1615 64 35 där
1799 1614 103 37 dessa
1930 1618 60 32 äro
2019 1613 41 37 af

435 1667 113 33 natur
577 1669 56 30 att
662 1665 91 35 böra
782 1665 154 36 inverka
965 1665 46 49 på
1040 1665 330 50 straffmätningen.

544 1718 235 36 Beträffande
821 1717 90 38 först
953 1719 67 36 den
1050 1718 214 50 ifrågasatta
1292 1719 312 51 öfvervakningen
1633 1723 36 34 af
1697 1722 202 48 villkorligt
1926 1722 131 36 dömde

436 1771 135 36 tillåter
613 1772 56 47 sig
697 1772 181 36 utskottet
906 1773 129 45 erinra,
1066 1776 54 33 att
1148 1774 115 48 enligt
1296 1776 14 35 1
1345 1774 18 48 $
1392 1775 13 34 i
1433 1776 105 48 lagen
1568 1788 59 23 om
1656 1776 184 48 villkorlig
1868 1775 188 37 straffdom

437 1825 70 35 den
552 1827 48 34 22
641 1826 84 46 juni
756 1827 100 36 1906
903 1827 61 35 vid
1007 1827 185 48 pröfning,
1237 1840 61 23 om
1332 1829 77 35 skäl
1436 1832 62 33 äro
1527 1829 57 35 till
1611 1829 153 36 anstånd
1792 1830 81 35 med
1901 1830 156 35 straffets

438 1878 281 45 verkställande,
751 1880 128 35 främst
919 1880 92 35 skall
1052 1880 148 36 komma
1243 1882 116 35 under
1386 1882 282 48 öfvervägande,
1699 1883 181 36 huruvida
1908 1885 150 45 antagas

439 1933 86 44 kan,
570 1934 54 34 att
667 1933 70 35 den
779 1933 178 36 tilltalade
997 1934 93 35 skall
1119 1933 209 37 därförutan
1356 1936 75 35 låta
1459 1937 55 48 sig
1542 1939 126 43 rättas;
1713 1938 66 34 och
1807 1936 94 35 skall
1929 1936 128 36 därvid

439 1985 124 46 tillses,
608 1999 60 23 om
706 1987 144 36 tillfälle
893 1987 114 36 finnes
1048 1988 58 34 till
1150 1989 215 47 uppfostran
1408 1989 66 36 och
1509 1989 249 49 handledning
1786 1990 56 34 för
1870 1989 80 44 den,
1980 2002 78 23 som

440 2039 101 35 däraf
569 2046 39 29 är
637 2040 12 35 i
678 2040 123 45 behof,
832 2040 68 36 och
924 2041 12 34 i
965 2039 112 49 öfrigt
1105 2045 103 42 göras
1237 2043 166 35 afseende
1432 2045 20 34 å
1482 2044 69 35 den
1580 2044 191 35 tilltalades
1800 2043 150 48 tidigare
1971 2055 85 23 van-

439 2092 70 44 del,
547 2093 44 35 de
620 2095 320 47 omständigheter,
969 2107 78 23 som
1076 2095 124 35 drifvit
1228 2096 137 36 honom
1394 2097 59 35 till
1482 2098 146 43 brottet,
1658 2098 91 33 hans
1779 2097 281 48 beredvillighet

439 2147 55 34 att
536 2146 159 37 erkänna
732 2149 197 35 detsamma
960 2149 66 35 och
1055 2148 179 49 godtgöra
1262 2149 123 45 skada,
1414 2151 90 35 hans
1533 2150 225 48 uppförande
1786 2150 13 34 i
1827 2150 112 47 öfrigt
1967 2153 92 34 samt

438 2199 91 36 hans
570 2200 413 38 lefnadsförhållanden.
1041 2203 124 35 Såsom
1208 2202 160 49 framgår
1396 2204 37 35 af
1461 2205 237 46 lagrummets
1726 2204 231 47 ordalydelse,
1988 2204 71 36 kan

440 2253 216 46 domstolen,
701 2255 106 35 äfven
825 2255 57 42 då
909 2257 120 47 öfriga
1058 2257 76 35 skäl
1162 2257 56 35 för
1246 2257 237 35 meddelande
1508 2258 37 34 af
1572 2257 187 48 villkorlig
1787 2256 186 38 straffdom
1998 2265 61 30 äro
