1862 2776
600 143 253 29 Statsutskottets
877 142 162 28 utlåtande
1061 150 40 19 nr
1123 142 27 27 5.
1586 139 43 32 29

139 228 131 40 ningen
293 227 55 30 får
372 226 83 40 utgå
477 224 194 32 halvårsvis
695 224 11 30 i
730 223 152 30 förskott
905 223 65 29 och
993 223 51 29 att
1067 221 158 39 anslaget
1249 220 53 30 för
1327 220 102 30 nästa
1451 217 170 40 budgetår

140 282 140 29 anvisas
299 281 80 29 med
400 280 39 30 37
455 279 61 30 500
537 279 131 29 kronor
689 278 120 29 utöver
829 276 127 39 Kungl.
977 275 123 39 Maj:ts
1122 274 141 39 förslag.

195 344 176 30 Utskottet
389 342 201 30 hemställer
609 339 112 35 alltså,

452 406 50 27 att
519 403 188 39 riksdagen
725 401 58 30 må
800 401 11 29 i
831 399 188 39 anledning
1037 408 42 21 av
1098 398 126 39 Kungl.
1244 397 124 40 Maj:ts
1387 396 129 39 förslag
1535 396 93 29 samt

406 458 79 30 med
515 456 100 31 bifall
647 455 52 30 till
730 454 180 30 motionen
931 454 45 29 II:
992 452 40 30 20
1053 452 53 30 till
1126 451 206 39 Ersättning
1354 451 52 29 till
1426 449 202 31 inackorde-

406 510 177 40 ringshem
606 510 57 39 för
687 507 255 41 driftförluster
965 506 54 30 för
1040 505 207 40 budgetåret
1272 503 140 32 1954/55
1438 503 119 30 anvisa
1581 503 48 28 ett

407 562 357 39 reservationsanslag
787 571 41 20 av
851 560 139 30 112500
1012 560 141 29 kronor.

199 672 98 34 41:0)
329 672 133 40 Bidrag
496 671 53 31 till
585 669 337 40 frälsningsarméns
959 667 183 31 flickhem.
1181 665 13 29 I
1221 664 152 39 enlighet
1400 664 78 29 med
1504 662 126 39 Kungl.

143 726 125 40 Maj:ts
300 725 132 39 förslag
458 723 129 41 (punkt
607 722 52 35 43,
682 731 25 21 s.
728 721 73 35 86),
821 721 110 30 vilket
960 719 146 30 innebär
1138 718 214 30 oförändrad
1384 715 248 31 medelsanvis-

143 780 95 39 ning,
256 779 202 30 hemställer
476 777 181 33 utskottet,

454 842 49 28 att
524 839 188 39 riksdagen
733 837 58 30 må
811 837 53 29 till
885 836 127 39 Bidrag
1034 835 52 30 till
1105 832 335 42 frälsningsarméns
1461 831 168 41 flickhem

410 894 55 29 för
482 891 205 41 budgetåret
706 890 140 31 1954/55
867 889 121 30 anvisa
1006 889 48 29 ett
1072 888 122 38 anslag
1212 896 42 20 av
1271 886 18 30 3
1304 885 63 30 000
1386 886 139 29 kronor.

264 1082 552 55 Arbetsmarknadsstyrelsen
847 1080 95 40 med
976 1078 240 41 dithörande
1248 1076 265 42 verksamhet.

203 1180 98 34 492:0)
333 1177 508 40 Arbetsmarknadsstyrelsen:
873 1175 228 39 Avlöningar.
1133 1173 126 38 Kungl.
1291 1171 106 39 Maj:t
1417 1171 63 28 har
1505 1169 132 40 (punkt

147 1234 54 35 44,
224 1243 26 21 s.
272 1232 147 34 87—93)
447 1231 180 39 föreslagit
658 1230 189 38 riksdagen
880 1229 51 29 att
953 1228 71 29 dels
1046 1227 148 33 besluta,
1217 1226 50 29 att
1288 1224 11 29 i
1320 1222 317 42 personalförteck-

147 1288 130 38 ningen
297 1286 55 31 för
372 1283 502 39 arbetsmarknadsstyrelsens
894 1281 229 40 permanenta
1143 1278 239 40 organisation
1402 1277 129 29 antalet
1549 1276 88 29 kon-

148 1339 382 39 torsbiträdestjänster
552 1338 10 29 i
586 1337 166 39 lönegrad
775 1336 45 30 Ca
834 1335 19 30 8
878 1335 89 29 skall
989 1334 86 29 ökas
1097 1333 81 29 med
1201 1332 66 34 två,
1289 1331 75 30 dels
1388 1330 185 40 godkänna
1594 1337 44 21 av

149 1391 387 42 departementschefen
567 1390 167 30 förordad
765 1388 254 38 avlöningsstat
1049 1386 55 30 för
1134 1383 504 39 arbetsmarknadsstyrelsens

150 1447 230 40 permanenta
416 1443 249 41 organisation,
693 1444 50 28 att
780 1442 177 38 tillämpas
993 1439 71 30 tills
1090 1438 120 30 vidare
1236 1438 43 29 fr.
1306 1446 29 21 o.
1361 1446 47 20 m.
1434 1435 205 40 budgetåret

153 1499 151 35 1954/55,
328 1499 73 30 dels
425 1498 64 29 ock
512 1497 52 30 till
587 1493 508 39 Arbetsmarknadsstyrelsen:
1122 1491 213 39 Avlöningar
1358 1490 54 29 för
1435 1488 205 40 budgetåret

154 1552 140 32 1954/55
316 1552 122 30 anvisa
458 1552 48 28 ett
525 1549 274 40 förslagsanslag
819 1557 42 20 av
881 1546 19 30 4
916 1546 61 30 173
992 1545 62 30 000
1074 1545 142 29 kronor.

208 1659 166 39 Anslaget
394 1659 38 29 är
452 1657 11 29 i
483 1656 159 40 gällande
663 1655 146 30 riksstat
828 1653 146 41 uppfört
993 1652 79 30 med
1092 1651 20 30 4
1126 1650 64 31 064
1204 1650 62 30 000
1286 1650 141 29 kronor.

209 1718 395 42 Departementschefen
621 1718 66 29 har
704 1717 133 29 anmält
856 1717 50 28 att
924 1714 125 39 Kungl.
1069 1713 106 39 Maj:t
1193 1712 87 30 efter
1299 1712 131 38 förslag
1449 1719 41 21 av
1508 1710 133 29 statens

153 1772 392 41 organisationsnämnd
567 1770 225 39 bemyndigat
816 1769 170 39 styrelsen
1009 1769 50 28 att
1080 1767 113 29 under
1215 1764 236 30 innevarande
1472 1761 170 41 budgetår

155 1827 166 30 anskaffa
339 1836 43 20 en
401 1823 365 41 tryckerianläggning
785 1822 55 30 för
859 1819 262 39 framställning
1140 1828 41 20 av
1199 1819 44 29 bl.
1264 1828 28 19 a.
1312 1818 67 29 den
1397 1817 95 28 inom
1511 1816 131 29 arbets-

154 1878 501 40 förmedlingsverksamheten
676 1876 160 29 använda
857 1873 329 30 riksvakanslistan.
1208 1871 244 29 Kostnaderna
1472 1869 53 29 för
1547 1868 96 30 såväl

155 1932 276 39 anskaffningen
455 1940 74 20 som
552 1931 67 29 den
642 1929 54 30 för
719 1927 257 40 anläggningen
999 1925 227 38 erforderliga
1249 1923 208 40 personalen
1479 1922 63 29 har
1565 1922 77 29 där-

154 1986 60 30 vid
239 1986 185 30 förutsatts
448 1984 48 29 bli
521 1982 277 41 kompenserade
824 1989 125 31 genom
973 1978 228 40 besparingar
1226 1976 281 39 huvudsakligen
1531 1975 113 29 under

157 2039 188 39 styrelsens
366 2036 363 38 omkostnadsanslag.
749 2033 280 41 Besparingarna
1048 2032 64 29 har
1132 2030 236 40 möjliggjorts
1389 2037 122 31 genom
1531 2029 50 28 att
1601 2036 42 20 en

157 2092 146 39 tidigare
322 2091 160 30 beslutad
502 2091 82 39 plan
605 2089 54 29 för
678 2085 380 41 vakansrapportering
1078 2093 125 31 genom
1224 2082 304 38 telexsändningar
1548 2082 97 28 över-

158 2145 111 39 givits.
305 2145 113 29 Innan
452 2145 161 28 närmare
646 2141 239 29 erfarenheter
919 2138 154 34 vunnits,
1109 2146 102 20 anses
1246 2135 309 41 personalbehovet
1591 2133 54 29 för

158 2197 410 40 tryckerianläggningen
588 2195 84 29 böra
693 2194 71 29 helt
785 2193 200 38 tillgodoses
1007 2199 124 30 genom
1152 2189 219 30 anställande
1393 2197 41 19 av
1454 2188 95 28 extra
1570 2194 77 31 per-

160 2251 107 29 sonal.
292 2250 110 29 Medel
426 2249 172 29 beräknas
622 2247 70 29 tills
715 2246 118 29 vidare
858 2245 54 29 för
936 2254 42 19 en
1001 2242 295 40 tryckeriförman
1318 2241 10 28 i
1354 2240 45 38 Cg
1415 2239 39 29 14
1478 2240 89 28 samt
1591 2239 55 28 för

159 2303 252 29 extraanställd
430 2299 317 40 biträdespersonal
767 2299 95 28 inom
882 2306 119 20 ramen
1023 2296 53 28 för
1096 2296 48 28 ett
1163 2295 124 38 belopp
1307 2302 41 21 av
1368 2293 40 28 23
1424 2292 61 29 000
1505 2292 141 28 kronor.

215 2365 65 29 Vid
304 2364 165 29 anmälan
493 2372 40 19 av
557 2360 246 30 motsvarande
827 2359 121 37 anslag
973 2358 53 28 för
1050 2356 235 29 innevarande
1308 2353 169 39 budgetår
1501 2352 146 30 anförde

161 2416 385 41 departementschefen
564 2415 44 28 bl.
628 2424 39 23 a.,
687 2414 49 28 att
755 2413 56 29 det
830 2410 210 31 förändrade
1059 2410 90 37 läget
1168 2408 43 39 på
1229 2406 334 31 arbetsmarknaden
1582 2405 65 29 och

161 2472 107 28 därav
286 2469 183 39 betingade
490 2467 215 41 planerings-
724 2466 64 29 och
807 2462 446 39 verkställighetsåtgärder
1274 2460 51 30 till
1345 2459 241 39 bekämpande
1607 2467 42 19 av
