1868 2776
586 157 253 29 Statsutskottets
863 155 162 29 utlåtande
1047 164 40 19 nr
1109 155 26 27 5.
1573 154 41 30 15

176 240 360 39 Kommittéförslaget
555 239 64 30 har
638 239 90 29 varit
747 237 149 30 föremål
916 237 54 29 för
989 235 351 38 remissbehandling.
1372 234 13 29 I
1406 232 204 41 sjukvårds-

120 294 123 40 frågan
266 294 185 39 föreligger
472 292 183 30 bestämda
677 289 447 41 meningsskiljaktigheter
1146 289 130 29 mellan
1298 287 224 39 landstingen
1545 286 65 29 och

122 348 41 29 de
188 347 267 39 landstingsfria
480 346 175 30 städerna.
692 344 156 30 Svenska
872 341 389 41 landstingsförbundet
1286 342 38 29 är
1350 340 44 40 på
1417 340 194 38 väsentliga

120 401 152 39 punkter
293 400 78 30 icke
393 400 110 29 berett
525 401 51 27 att
597 398 186 39 tillstyrka,
805 399 51 28 att
878 406 43 20 en
942 394 364 41 författningsmässig
1327 393 283 40 detaljreglering

120 455 107 29 redan
246 463 48 20 nu
315 453 183 39 företages.
529 453 68 29 För
618 459 84 32 egen
721 452 55 29 del
796 460 103 20 anser
919 448 398 41 departementschefen,
1337 449 52 28 att
1408 446 126 40 frågan
1554 455 56 20 om

122 516 43 21 en
187 507 173 40 reglering
384 516 42 20 av
450 507 41 29 de
515 506 167 40 problem,
708 513 57 21 om
789 504 97 30 vilka
909 504 58 29 det
990 503 64 29 här
1079 503 58 29 rör
1162 503 61 38 sig,
1247 502 64 29 bör
1335 501 126 40 prövas
1486 500 90 29 först
1599 499 12 29 i

122 561 169 29 samband
317 561 81 29 med
422 559 258 39 behandlingen
705 567 42 21 av
772 558 58 29 det
854 557 132 40 förslag
1011 557 53 29 till
1090 565 46 30 ny
1160 553 451 40 barnavårdslagstiftning,

122 623 74 21 som
215 614 212 29 kommittén
446 613 160 29 kommer
627 613 50 28 att
697 612 131 39 avgiva.

176 668 53 29 En
247 667 101 39 fråga
366 666 149 30 rörande
534 664 236 40 vårdavgifter
790 664 66 29 och
875 663 212 39 statsbidrag
1106 671 102 21 anses
1228 661 91 30 dock
1336 661 85 29 böra
1439 661 173 39 upptagas

122 721 52 29 till
198 720 214 39 behandling
435 720 110 29 redan
569 727 59 21 nu.
664 719 75 29 Den
765 718 14 29 1
807 717 143 39 januari
977 715 84 31 1955
1087 715 159 29 kommer
1271 715 103 38 lagen
1398 722 57 21 om
1479 713 133 29 allmän

122 773 287 40 sjukförsäkring
427 774 51 28 att
496 773 101 29 träda
614 772 11 29 i
644 770 234 40 tillämpning.
908 769 131 30 Därvid
1056 769 159 29 kommer
1235 768 41 30 de
1295 767 46 41 på
1357 766 255 31 barnhemmen

122 828 143 39 intagna
289 826 242 39 regelmässigt
555 827 51 28 att
630 824 167 30 omfattas
823 833 43 21 av
890 824 67 29 den
980 823 11 29 i
1016 821 476 41 sjukförsäkringssystemet
1516 818 97 40 ingå-

123 881 85 29 ende
228 878 450 41 sjukvårdsförsäkringen,
697 877 240 29 innebärande
955 876 46 30 bl.
1021 885 30 20 a.
1072 876 51 29 att
1140 874 260 30 vederbörande
1421 873 191 39 sjukkassa

122 935 99 38 utger
252 933 195 38 ersättning
478 932 55 29 för
566 930 240 40 sjukhusvård
838 929 108 39 enligt
975 929 12 29 i
1021 927 409 41 sjukförsäkringslagen
1461 925 151 40 angivna

123 987 162 39 grunder.
318 985 79 30 Med
417 985 139 38 hänsyn
577 984 53 30 till
650 984 57 30 det
727 983 213 30 förändrade
961 983 86 38 läge,
1070 990 76 21 som
1167 980 150 30 sålunda
1336 980 125 29 inträtt
1481 979 11 29 i
1513 987 100 31 nyss-

123 1040 154 29 nämnda
298 1038 210 34 hänseende,
530 1038 63 29 bör
614 1037 43 29 fr.
679 1045 29 21 o.
730 1046 46 20 m.
799 1036 68 29 den
889 1035 16 29 1
929 1035 143 39 januari
1095 1033 83 30 1955
1200 1033 256 30 barnhemmen
1476 1032 77 29 icke
1575 1031 38 29 få

124 1094 119 37 uttaga
264 1091 199 39 vårdavgift
485 1091 56 29 för
565 1090 61 34 tid,
648 1089 176 30 varunder
848 1087 195 40 ersättning
1066 1087 55 30 för
1145 1085 241 41 sjukhusvård
1408 1076 102 48 utgår
1533 1084 81 30 från

125 1146 131 29 allmän
283 1144 201 40 sjukkassa.
522 1143 54 30 Då
602 1143 90 40 plats
719 1142 121 30 ibland
866 1140 112 30 måste
1004 1148 197 22 reserveras
1228 1139 56 30 för
1311 1140 52 28 att
1388 1138 45 41 på
1460 1137 153 40 sjukhus

123 1198 132 40 intaget
274 1198 91 29 barn
386 1197 90 29 skall
496 1197 124 29 kunna
641 1195 191 30 återvända
853 1195 54 29 till
926 1193 255 34 barnhemmet,
1204 1201 104 31 synes
1331 1192 158 29 däremot
1511 1192 103 28 stats-

124 1252 121 38 bidrag
266 1251 87 30 böra
374 1251 37 29 få
432 1249 83 40 utgå
537 1249 112 30 under
671 1249 50 29 tid
743 1248 45 30 då
809 1247 124 30 barnet
955 1248 40 28 är
1015 1246 134 39 intaget
1170 1245 46 41 på
1237 1245 165 40 sjukhus,
1425 1244 90 30 dock
1536 1244 77 29 icke

124 1305 111 29 under
253 1305 121 38 längre
395 1301 347 40 sammanhängande
762 1301 51 30 tid
833 1302 44 29 än
897 1299 57 31 två
971 1300 138 29 veckor.
1141 1298 473 39 Statsbidragskungörelsen

124 1358 61 29 bör
209 1358 130 29 ändras
362 1358 12 28 i
397 1356 153 39 enlighet
572 1354 156 31 härmed.

180 1462 186 36 Utskottet,
390 1470 74 21 som
489 1462 90 38 ånyo
602 1461 60 29 vill
686 1459 237 39 understryka
946 1458 297 39 angelägenheten
1267 1466 43 20 av
1333 1458 52 28 att
1407 1456 126 39 frågan
1557 1464 56 20 om

124 1515 77 40 höjt
217 1515 213 39 statsbidrag
445 1515 52 29 till
514 1514 238 29 kostnaderna
769 1513 55 29 för
842 1511 131 31 driften
988 1521 43 20 av
1045 1511 257 30 barnhemmen
1316 1510 12 29 i
1344 1519 43 20 en
1404 1510 88 29 nära
1506 1509 108 29 fram-

123 1569 51 30 tid
192 1568 66 30 blir
277 1568 149 30 föremål
445 1568 56 29 för
519 1566 241 41 omprövning,
780 1565 194 40 tillstyrker
993 1564 126 40 Kungl.
1140 1563 124 40 Maj:ts
1284 1563 132 39 förslag
1434 1562 65 29 och
1518 1562 97 29 hem-

124 1622 116 30 ställer
265 1622 115 33 alltså,

432 1675 51 29 att
506 1674 190 39 riksdagen
719 1672 59 30 må

432 1728 36 33 a)
498 1727 187 39 godkänna
710 1735 42 20 av
778 1724 388 41 departementschefen
1190 1724 11 29 i
1228 1722 386 40 statsrådsprotokollet

389 1781 80 29 över
493 1779 262 30 socialärenden
779 1778 56 29 för
860 1779 67 29 den
951 1777 20 30 4
994 1777 143 39 januari
1163 1775 84 30 1954
1272 1776 167 29 förordad
1464 1775 150 38 ändring

389 1842 42 21 av
452 1833 172 29 villkoren
647 1832 54 30 för
724 1831 212 39 statsbidrag
959 1831 52 29 till
1034 1830 131 30 driften
1187 1839 42 20 av
1250 1829 187 34 barnhem;

433 1886 38 33 b)
501 1886 53 29 till
571 1885 128 38 Bidrag
715 1885 52 29 till
783 1884 131 39 driften
931 1893 42 20 av
991 1883 168 29 barnhem
1177 1882 55 29 för
1247 1881 207 40 budgetåret
1471 1880 141 31 1954/55

390 1940 120 28 anvisa
533 1940 49 27 ett
605 1937 274 39 förslagsanslag
902 1946 42 20 av
967 1935 97 30 2400
1079 1935 63 29 000
1165 1935 141 29 kronor.

180 2054 98 34 27:0)
307 2055 133 38 Bidrag
454 2054 53 31 till
523 2053 203 39 utbildning
741 2064 42 19 av
798 2052 247 31 föreståndare
1060 2051 59 31 vid
1133 2051 187 30 barnhem.
1337 2049 13 29 I
1367 2049 152 38 enlighet
1535 2048 80 29 med

124 2108 124 38 Kungl.
274 2107 125 39 Maj:ts
424 2107 131 38 förslag
586 2106 130 39 (punkt
741 2105 51 34 29,
819 2114 26 20 s.
870 2103 162 35 47—49),
1057 2104 109 29 vilket
1189 2103 147 29 innebär
1361 2112 43 19 en
1428 2102 91 29 ökad
1543 2110 71 20 me-

124 2160 262 38 delsanvisning
410 2160 79 29 med
515 2159 39 29 15
570 2159 62 29 500
657 2159 130 28 kronor
812 2158 11 28 i
849 2157 189 38 anledning
1063 2166 42 20 av
1129 2156 263 37 utbildningens
1417 2154 196 30 successiva

123 2213 277 39 igångsättande,
426 2212 202 29 hemställer
653 2211 181 33 utskottet,

434 2266 49 27 att
505 2265 187 36 riksdagen
713 2263 58 29 må
792 2263 51 29 till
866 2262 128 38 Bidrag
1017 2261 52 29 till
1090 2261 199 38 utbildning
1309 2270 42 20 av
1372 2259 241 39 föreståndare

391 2318 56 28 vid
479 2317 168 29 barnhem
682 2316 54 29 för
768 2315 206 39 budgetåret
1009 2314 140 30 1954/55
1183 2314 122 29 anvisa
1338 2315 48 27 ett
1419 2313 121 37 anslag
1573 2321 42 20 av

391 2370 39 29 37
445 2369 62 29 000
534 2369 140 29 kronor.

179 2476 97 33 28:0)
306 2477 133 38 Bidrag
456 2476 53 31 till
529 2476 133 30 driften
682 2487 41 19 av
743 2475 169 31 anstalter
930 2474 59 30 för
1007 2474 203 38 halvöppen
1229 2472 211 31 barnavård.
1474 2471 13 29 I
1508 2471 106 37 enlig-

124 2530 58 29 het
203 2530 77 29 med
304 2530 125 37 Kungl.
452 2528 123 39 Maj:ts
599 2528 129 38 förslag
756 2527 131 39 (punkt
908 2527 51 33 30,
982 2536 26 20 s.
1031 2525 40 30 49
1094 2526 64 29 och
1179 2525 74 34 50),
1275 2525 108 29 vilket
1404 2524 146 29 innebär
1571 2533 43 19 en
