2192 2648
344 192 22 37 8
611 193 228 34 Sammansatta
861 194 96 34 Stats-
985 193 51 34 och
1061 193 291 36 Banko-Utskottets
1379 196 162 33 Utlåtande
1562 194 65 36 N:o
1648 199 28 31 5.

342 280 128 47 någon
508 277 58 38 sin
608 278 184 50 rättighet
832 282 126 35 såsom
999 279 245 51 Riksdagens
1278 280 142 38 ombud
1448 284 48 46 på
1525 286 117 33 annat
1670 287 75 33 sätt
1773 296 92 26 vara
1893 284 58 38 för

342 334 93 32 nära
461 329 132 47 trädd;

477 379 32 49 b)
538 396 60 22 om
627 382 240 38 revisorerna
895 383 102 37 finna
1025 386 118 47 något
1171 384 42 36 af
1237 384 222 50 Riksdagen
1488 384 197 39 faststäldt
1708 387 135 49 anslag
1858 401 92 24 vara

342 432 257 38 öfverskridet
637 433 94 38 eller
772 434 136 50 draget
935 434 57 38 till
1018 440 116 32 annat
1162 435 176 38 ändamål
1367 441 47 32 än
1443 436 64 37 det
1536 437 42 37 af
1601 437 223 51 Riksdagen
1853 439 97 37 före-

341 484 164 48 skrifna;
530 485 72 37 och

475 535 30 49 ec)
533 537 100 37 hvad
662 536 9 37 i
701 537 119 50 öfrigt
848 543 41 32 är
917 542 55 33 att
999 538 126 38 erinra
1154 538 61 38 vid
1241 539 398 50 statsförvaltningen.

1092 690 21 49 8
1145 694 55 35 17.

475 793 71 38 Om
585 794 241 38 revisorerna
865 794 152 38 besluta
1058 794 120 38 besök
1219 795 70 37 hos
1326 795 93 38 eller
1453 809 87 25 resa
1579 797 57 37 till
1675 798 137 37 sådant
1842 804 105 32 utom

341 844 287 38 hufvudstaden
664 845 156 50 beläget
861 846 92 37 verk
995 845 93 38 eller
1126 846 223 49 inrättning,
1386 860 81 24 som
1509 848 69 38 hör
1618 849 56 36 till
1703 850 245 48 statsverket,

340 896 93 37 böra
475 896 251 49 revisorerna,
772 900 42 34 så
858 897 80 37 vidt
983 897 208 50 lämpligen
1227 898 76 37 kan
1331 898 80 48 ske,
1440 899 81 37 före
1550 913 132 25 resans
1712 901 237 38 anträdande

340 947 71 37 hos
454 947 307 37 Statsministern
802 948 105 49 eller,
943 962 60 23 om
1041 949 124 37 denne
1195 954 40 32 är
1263 949 235 51 tjenstledig,
1525 951 236 38 Statsrådets
1787 952 122 38 äldste
1938 953 9 36 i

340 998 118 49 tjenst
485 999 169 37 varande
682 999 168 38 ledamot
873 1000 133 37 härom
1034 1005 96 44 göra
1157 1001 189 37 anmälan.

1092 1152 21 48 $
1144 1155 56 36 18.

473 1254 242 37 Berättelsen
761 1255 108 36 öfver
910 1255 216 38 revisionen
1163 1256 42 36 af
1229 1256 233 37 statsverket
1490 1257 98 37 skall
1617 1264 201 44 upprättas
1846 1259 11 36 i
1885 1263 63 34 två

338 1305 208 49 exemplar,
592 1306 43 36 af
671 1305 130 38 hvilka
840 1306 65 37 det
937 1320 72 24 ena
1038 1307 97 37 skall
1164 1307 257 38 öfverlemnas
1451 1307 56 38 till
1536 1309 218 49 Konungen
1784 1311 70 35 och
1884 1311 64 36 det

337 1356 119 37 andra
484 1356 54 36 till
569 1356 244 50 fullmägtige
841 1357 11 36 1
880 1358 384 49 riksgäldskontoret.

748 1615 33 35 2.
836 1614 179 44 angående
1041 1614 191 35 revisionen
1259 1614 45 45 af
1321 1614 214 39 riksbanken.

1083 1765 21 49 $
1135 1769 56 35 19.

467 1866 256 38 Revisorerna
752 1880 73 36 ega
853 1872 55 33 att
936 1867 62 37 vid
1028 1868 65 36 sitt
1121 1868 119 37 första
1270 1869 283 37 sammanträde
1581 1874 173 44 mottaga
1776 1870 168 49 följande

337 1918 240 48 berättelser,
605 1918 212 49 nemligen:

469 1967 33 47 a)
527 1970 42 36 af
593 1969 376 50 bankofullmägtige
999 1970 81 37 dels
1109 1984 60 23 om
1198 1971 173 37 bankens
1400 1971 186 48 tillstånd,
1616 1972 144 37 rörelse
1781 1973 71 36 och
1872 1973 75 37 för-

334 2021 177 36 valtning
538 2021 11 36 i
577 2020 89 37 dess
696 2020 130 37 helhet
854 2022 71 36 och
953 2021 82 37 dels
1064 2022 199 48 angående
1291 2022 150 37 Tumba
1468 2023 284 49 pappersbruk;
1782 2029 100 32 samt

469 2050 39 69 v)
544 2072 42 37 af
625 2072 237 50 styrelserna
900 2073 107 37 öfver
1036 2072 411 50 afdelningskontoren
1476 2087 60 24 om
1562 2074 112 38 dessa
1705 2075 157 37 kontors
1890 2081 59 32 rö-

333 2123 99 36 relse
461 2123 72 49 och
560 2123 248 49 förvaltning.

506 2174 99 49 friga
638 2174 60 37 för
725 2175 214 37 revisionen
970 2175 253 49 erforderliga
1253 2175 229 52 handlingar
1509 2175 312 42 tillhandahållas
1850 2178 98 37 revi-

334 2238 157 24 sorerna
517 2225 8 36 i
555 2225 243 37 riksbanken.
