1926 2846
490 165 395 35 Jordbruksutskottets
907 164 187 32 utlåtande
1117 163 52 32 Nr
1195 164 49 29 17.
1556 161 19 31 7

159 246 221 32 Beträffande
414 246 102 31 sättet
549 245 53 30 för
625 243 151 31 medlens
798 242 226 31 anskaffande
1048 241 95 31 torde
1166 240 252 32 statsutskottet
1440 239 181 31 framdeles

116 300 108 31 under
247 299 183 36 riksdagen
452 298 129 36 avgiva
605 296 138 36 förslag.

160 413 63 37 6:0)
257 408 506 42 Kraftledningslånefonden.
808 408 120 32 Under
962 408 112 36 punkt
1102 408 18 30 6
1145 417 44 21 av
1213 406 198 32 förberörda
1435 405 186 35 avdelning

113 476 46 20 av
182 463 444 37 statsverkspropositionen
650 462 64 30 har
737 461 132 37 Kungl.
894 461 101 36 Maj:t
1018 460 178 36 föreslagit
1219 459 184 36 riksdagen
1426 459 50 30 att
1499 458 58 31 lån
1580 467 42 21 ur

115 515 462 38 kraftledningslånefonden
611 515 57 30 må
702 514 108 31 under
845 513 85 32 1930
965 512 148 36 beviljas
1148 511 56 32 till
1239 512 47 30 ett
1310 511 122 36 belopp
1454 520 44 21 av
1522 510 100 36 högst

117 570 173 36 1,500,000
313 569 137 31 kronor.

160 619 476 38 Kraftledningslånefonden
670 618 191 32 inrättades
896 617 109 36 enligt
1039 616 112 31 beslut
1185 616 59 31 vid
1279 616 84 31 1918
1391 616 57 30 års
1472 614 150 36 riksdag.

115 675 191 31 Allmänna
339 673 257 32 bestämmelser
630 672 54 31 för
706 671 113 31 denna
842 669 205 32 lånerörelse
1070 669 90 30 hava
1184 668 185 31 meddelats
1393 676 122 28 genom
1538 667 85 30 kun-

116 727 130 37 görelse
280 726 66 32 den
381 725 41 32 13
458 724 190 38 september
682 724 84 30 1918
802 724 55 36 (nr
884 722 87 37 718),
996 721 75 31 däri
1095 720 190 37 ändringar
1308 719 169 36 vidtagits
1500 727 123 28 genom

115 779 273 37 kungörelserna
410 788 43 20 nr
477 777 176 36 480/1919,
678 786 43 20 nr
744 773 165 42 194/1923
934 774 62 30 och
1020 783 42 21 nr
1085 771 176 43 366/1925.

160 831 151 32 Jämlikt
345 830 201 36 riksdagens
581 828 114 31 beslut
717 828 63 31 har
804 827 57 31 det
883 826 130 36 belopp,
1037 825 121 31 vartill
1183 825 58 31 lån
1264 834 42 21 ur
1330 823 127 32 fonden
1481 823 65 31 fått
1569 823 55 31 för

115 885 76 30 året
216 884 100 36 högst
339 882 157 36 beviljas,
520 881 110 31 under
653 889 119 22 senare
795 881 39 29 år
857 879 146 36 uppgått
1026 878 57 31 till
1106 878 54 31 för
1184 877 84 31 1927
1293 877 172 36 2,500,000
1489 876 135 35 kronor,

117 937 85 31 1928
228 935 174 37 2,000,000
426 935 127 30 kronor
577 933 61 31 och
663 933 83 30 1929
771 931 165 31 likaledes
960 930 173 36 2,000,000
1157 930 135 30 kronor.

161 988 78 31 Med
274 988 136 36 hänsyn
445 987 56 30 till
524 987 21 30 å
568 985 127 31 fonden
718 983 190 36 förefintlig
933 983 53 30 för
1010 983 162 36 utlåning
1195 981 107 32 under
1326 982 85 30 1929
1436 980 189 37 disponibel

117 1039 336 38 kapitalbehållning
477 1037 215 32 erfordrades
716 1037 52 30 för
791 1034 235 33 innevarande
1049 1034 169 37 budgetår
1240 1034 75 31 icke
1338 1035 114 35 någon
1475 1033 150 36 anslags-

115 1093 191 35 anvisning
330 1092 57 31 till
410 1091 136 31 fonden.

161 1145 57 31 Av
252 1143 240 32 motsvarande
525 1143 75 30 skäl
635 1143 64 30 har
730 1143 105 35 något
867 1143 78 35 nytt
967 1139 431 38 kapitalökningstillskott
1421 1138 75 31 icke
1519 1138 107 31 heller

116 1199 129 30 ansetts
268 1196 218 37 erforderligt
509 1196 54 30 för
586 1194 202 37 budgetåret
811 1191 198 43 1930/1931.

161 1301 184 36 Utskottet,
369 1310 73 21 som
465 1300 74 31 icke
562 1299 119 31 funnit
704 1298 74 31 skäl
802 1297 56 32 till
875 1297 142 31 erinran
1033 1298 71 29 mot
1120 1295 131 38 Kungl.
1268 1295 118 37 Maj:ts
1402 1294 225 32 förevarande

118 1353 271 37 framställning,
412 1351 209 36 hemställer,

563 1422 50 30 att
645 1420 184 36 riksdagen
861 1420 58 30 må
941 1419 171 37 medgiva,
1136 1420 51 30 att
1209 1419 58 30 lån
1291 1428 43 21 ur
1357 1418 270 36 kraftlednings-

523 1472 205 32 lånefonden
762 1473 57 29 må
855 1471 109 31 under
999 1471 85 31 1930
1120 1470 146 37 beviljas
1289 1470 56 31 till
1369 1472 48 29 ett
1440 1470 119 36 belopp
1583 1480 44 21 av

521 1525 99 36 högst
644 1523 171 37 1,500,000
840 1524 137 30 kronor.

161 1596 201 31 Stockholm
387 1595 66 31 den
477 1595 19 30 6
522 1604 92 21 mars
637 1593 95 32 1930.

569 1663 51 31 På
642 1662 371 37 jordbruksutskottets
1037 1664 146 35 vägnar:

673 1732 35 33 C.
732 1733 33 32 J.
790 1732 280 33 JOHANSSON.

165 1937 55 25 Vid
239 1937 76 24 detta
334 1936 118 24 ärendes
472 1935 229 31 slutbehandling
719 1935 70 24 hava
808 1935 137 24 närvarit:

166 1986 62 27 från
260 1990 107 23 första
399 1989 180 23 kammaren:
608 1988 98 23 herrar
738 1987 167 26 Sederholm,
939 1987 69 31 Elof
1035 1988 31 23 B.
1095 1987 165 29 Andersson,
1296 1986 185 31 Gabrielsson,
1510 1987 64 24 Carl
1597 1987 32 24 E.

120 2033 145 30 Eriksson,
284 2040 52 17 von
356 2032 211 29 Stockenström,
588 2031 135 30 Granath,
743 2031 93 31 Kropp
855 2030 52 24 och
927 2030 182 30 Henriksson,
1128 2032 73 22 samt

166 2081 61 28 från
259 2084 104 24 andra
400 2084 178 24 kammaren:
620 2084 96 24 herrar
752 2083 161 24 Johansson
947 2083 8 23 i
990 2082 169 32 Uppmälby,
1193 2082 92 29 Sköld,
1329 2083 132 24 Hedlund
1493 2084 8 23 i
1537 2084 93 29 Häste,

122 2129 163 29 Carlström,
313 2129 138 24 Svensson
479 2128 8 23 i
514 2127 132 29 Grönvik,
671 2127 146 26 Vahlstedt,
838 2124 135 27 Månsson
993 2126 7 24 i
1022 2126 154 24 Erlandsro
1198 2126 53 24 och
1271 2127 136 24 Pehrsson
1428 2127 8 23 i
1457 2128 173 29 Bramstorp.

742 2305 275 39 Reservation

166 2374 111 32 under
311 2373 114 38 punkt
461 2376 18 29 6
515 2372 477 39 (täckdikningslånefonden)
1016 2385 44 20 av
1085 2373 80 32 herr
1188 2373 173 33 Pehrsson
1386 2375 11 30 i
1422 2374 210 38 Bramstorp,

123 2437 72 21 som
230 2427 121 35 ansett,
387 2427 52 30 att
472 2426 166 31 utskottet
661 2425 76 31 bort
760 2426 125 31 föreslå
909 2436 41 21 en
975 2426 242 37 utsträckning
1241 2437 44 21 av
1308 2427 325 36 amorteringstiden

125 2479 52 30 för
201 2478 304 35 täckdikningslån
530 2477 54 31 till
611 2478 40 30 10
675 2479 47 30 år.

1716 393 59 39 16.1

1684 1292 137 23 Utskottet.
