2143 2672
736 189 251 31 Bankoutskottets
1015 191 150 30 Utlåtande
1186 192 46 29 Nr
1253 193 28 29 4.
1751 197 13 29 1

947 512 59 43 Nr
1027 515 36 41 4.

798 664 107 26 Ankom
924 664 41 26 till
984 665 173 34 Riksdagens
1175 667 87 26 kansli
1282 667 53 25 den
1357 667 29 26 18
1405 668 122 26 februari
1548 669 71 33 1910,
1638 668 35 26 kl.
1693 667 15 26 3
1728 676 21 19 e.
1769 679 34 17 m.

411 802 190 37 Utlåtande
639 816 56 23 om
736 805 190 36 verkställd
962 807 226 48 granskning
1226 807 48 49 af
1309 808 233 36 riksbankens
1576 810 142 47 styrelse
1745 806 87 40 och

598 870 245 50 förvaltning.

335 1020 337 49 Bankoutskottet,
713 1035 81 25 som
837 1022 120 50 enligt
996 1020 21 50 $
1052 1025 24 36 4
1102 1023 12 37 i
1141 1024 75 38 den
1243 1024 57 38 för
1325 1025 189 38 utskottet
1539 1026 178 49 gällande
1745 1027 57 37 in-

203 1070 188 38 struktion
420 1072 69 38 har
517 1078 55 32 att
593 1073 219 37 undersöka
836 1074 72 37 och
935 1075 168 47 granska
1129 1075 256 38 riksbankens
1413 1076 169 38 tillstånd
1606 1078 72 37 och
1705 1079 96 36 huru

201 1122 221 39 densamma
460 1123 108 49 styrd
609 1124 71 37 och
720 1124 187 38 förvaltad
945 1125 126 37 blifvit
1110 1131 98 32 samt
1235 1126 133 38 därvid
1395 1127 68 37 bör
1489 1128 87 37 med
1604 1129 200 49 synnerlig

201 1174 340 48 uppmärksamhet
584 1175 93 48 följa
720 1175 46 37 de
811 1175 260 50 fullmäktiges
1116 1178 188 47 åtgärder,
1344 1191 81 25 som
1466 1179 80 37 afse
1585 1180 217 37 metalliska

203 1225 160 37 kassans
403 1225 336 51 upprätthållande
779 1232 99 32 samt
914 1228 379 48 myntutväxlingens
1320 1230 181 49 fortgång
1529 1230 72 37 och
1627 1231 174 46 bestånd,

200 1275 70 38 har
296 1289 157 24 numera
479 1276 175 50 fullgjort
682 1277 106 37 detta
814 1278 178 50 uppdrag
1010 1279 72 37 och
1102 1280 57 36 får
1178 1280 108 37 öfver
1301 1280 74 37 den
1390 1281 234 38 verkställda
1641 1282 161 49 gransk-

199 1326 145 49 ningen
371 1327 146 50 afgifva
545 1328 218 37 berättelse.

332 1378 75 37 För
440 1379 314 49 granskningens
788 1379 285 38 verkställande
1112 1380 69 37 har
1216 1381 187 38 utskottet
1441 1383 98 48 tagit
1579 1383 61 37 del
1668 1385 41 36 af
1732 1386 71 36 dels

200 1427 262 51 fullmäktiges
496 1430 12 36 i
544 1429 235 38 riksbanken
821 1430 190 38 allmänna
1053 1432 73 37 och
1165 1432 187 37 särskilda
1391 1433 193 49 protokoll
1611 1434 58 37 för
1696 1435 105 37 tiden

199 1479 84 37 från
325 1480 73 37 och
435 1481 88 36 med
565 1481 75 37 den
679 1483 44 35 15
757 1482 152 49 januari
945 1483 108 46 1909,
1080 1482 101 37 intill
1220 1483 157 37 hvilken
1418 1484 76 49 dag
1527 1486 276 37 ansvarsfrihet

201 1530 127 38 blifvit
368 1532 58 37 för
449 1532 111 37 deras
587 1532 13 37 i
625 1532 243 50 protokollen
896 1533 240 37 antecknade
1166 1534 125 37 beslut
1318 1534 71 37 och
1418 1537 179 47 åtgärder
1626 1537 174 49 beviljad,

200 1582 73 36 och
310 1582 59 37 till
407 1582 136 49 början
583 1583 42 37 af
653 1583 258 38 innevarande
950 1587 59 34 års
1047 1584 170 49 riksdag,
1257 1586 73 36 dels
1371 1586 46 36 de
1454 1587 41 37 af
1514 1588 288 37 vederbörande

199 1633 192 37 revisorer
430 1633 147 49 afgifna
615 1634 229 37 berättelser
883 1647 60 24 om
983 1635 211 37 verkställd
1221 1636 240 50 granskning
1487 1638 42 36 af
1547 1638 255 38 riksbankens

200 1684 106 37 såväl
345 1684 307 38 hufvudkontors
688 1699 81 24 som
811 1686 178 48 samtliga
1029 1686 376 49 afdelningskontors
1432 1689 13 36 i
1473 1693 151 33 orterna
1647 1689 155 38 förvalt-

200 1736 95 47 ning
321 1735 123 38 under
472 1739 40 34 år
542 1738 108 47 1908,
678 1738 76 36 dels
781 1738 61 36 ock
869 1737 260 49 fullmäktiges
1156 1738 88 37 med
1267 1739 208 37 utskottets
1497 1741 197 37 memorial
1713 1756 46 22 nr
1781 1744 19 34 1

199 1786 59 37 till
298 1786 221 49 Riksdagen
560 1787 287 38 öfverlämnade
884 1788 206 37 berättelse
1115 1789 199 48 angående
1342 1790 253 38 riksbankens
1617 1792 184 48 tillstånd,

200 1837 142 37 rörelse
383 1839 71 36 och
491 1838 238 49 förvaltning
757 1842 40 33 år
828 1840 107 47 1909,
959 1839 199 37 äfvensom
1187 1841 45 36 de
1260 1841 85 36 utaf
1365 1842 232 48 styrelserna
1623 1842 57 38 för
1707 1843 95 38 riks-

201 1888 174 38 bankens
415 1889 140 37 kontor
591 1889 13 37 i
641 1889 180 38 afseende
852 1892 49 47 på
928 1889 112 39 dessa
1064 1891 158 37 kontors
1249 1891 234 51 förvaltning
1509 1893 121 37 under
1658 1908 144 24 samma

200 1942 41 34 år
267 1939 179 39 lämnade
475 1940 276 50 redogörelser.

333 2092 17 37 I
377 2091 108 50 fråga
513 2106 60 24 om
601 2093 215 39 met:clliska
843 2095 162 37 kassans
1033 2095 196 50 ställning,
1258 2096 362 50 sedelutgifningen,
1647 2098 53 37 in-
1730 2098 72 37 och

200 2142 367 51 utlåningsrörelsen
605 2144 197 39 äfveasom
843 2146 103 48 öfrig
979 2147 243 37 verksamhet
1259 2147 65 37 vid
1356 2147 252 38 riksbankens
1642 2147 161 39 hufvud-

201 2194 72 37 och
301 2194 364 49 afdelningskontor
692 2201 98 32 samt
817 2197 64 37 vid
908 2197 146 38 Tumba
1075 2197 97 38 bruk
1199 2198 141 38 tillåter
1368 2198 60 49 sig
1455 2199 189 37 utskottet
1671 2206 56 31 att
1745 2200 58 37 för

201 2259 49 24 en
287 2250 175 33 närmare
499 2246 217 38 kännedom
756 2261 61 23 om
854 2248 227 38 hithörande
1108 2249 264 37 förhållanden
1399 2250 160 37 hänvisa
1585 2250 57 37 till
1671 2251 47 37 de
1744 2257 58 30 ut-

284 2305 68 30 Bih.
376 2306 46 28 till
443 2306 103 28 Riksd.
570 2306 80 30 Prot.
675 2304 90 32 1910.
802 2308 18 28 6
842 2307 90 31 Saml.
955 2306 19 30 1
996 2308 73 38 Afd.
1092 2306 20 31 4
1134 2309 84 37 Häft.
1249 2309 64 34 (Nr
1334 2306 47 37 4)
1743 2309 15 29 1
