1890 2798
349 152 211 29 Sammansatt
580 156 87 25 stats-
689 154 58 26 och
768 153 98 27 andra
886 153 187 35 lagutskotts
1095 152 158 28 utlåtande
1274 161 36 18 nr
1330 153 26 26 5.
1559 150 39 30 19

112 231 98 31 Detta
233 232 112 31 skulle
366 232 143 32 inträffa
531 233 10 30 i
565 233 62 30 fall
646 233 46 31 då
715 232 368 40 inkomstprövningen
1107 233 79 30 med
1209 232 136 39 hänsyn
1368 231 49 32 till
1439 232 161 31 moderns

111 285 151 32 inkomst
281 286 113 31 skulle
414 286 77 31 leda
511 287 51 30 till
582 287 92 39 lägre
694 287 120 39 bidrag
836 287 44 29 än
901 287 56 30 det
977 286 126 40 belopp
1125 285 123 31 fadern
1270 286 197 39 förpliktats
1488 285 112 31 betala

109 338 11 30 i
143 338 333 42 underhållsbidrag.
499 340 64 40 Jag
585 341 70 30 kan
678 340 75 31 icke
776 340 97 31 finna
899 340 112 30 denna
1034 339 216 31 konsekvens
1274 339 326 31 tillfredsställande.

112 392 115 40 Enligt
252 394 74 30 min
352 393 139 40 mening
518 395 64 30 bör
609 394 118 30 därför
754 394 290 39 bidragsförskott
1072 395 87 29 även
1187 394 10 30 i
1226 392 266 40 fortsättningen
1519 391 81 40 utgå

111 446 10 30 i
137 446 62 31 fall
214 446 47 31 då
277 447 124 31 fadern
418 447 198 40 förpliktats
634 448 111 30 betala
764 446 334 40 underhållsbidrag.
1118 446 222 40 Möjligheten
1359 450 48 27 att
1426 447 57 30 vid
1503 446 98 31 sidan

111 508 42 23 av
172 499 292 41 bidragsförskott
484 500 130 32 erhålla
636 501 210 40 barnbidrag
868 502 10 30 i
900 501 63 31 fall
985 500 47 32 då
1054 501 140 30 faderns
1219 500 322 40 underhållsbidrag
1565 500 36 30 är

111 552 70 41 lågt
207 555 65 30 och
299 555 162 30 moderns
487 554 154 32 inkomst
668 555 97 39 ringa
792 555 64 30 bör
883 555 190 30 emellertid
1099 554 149 31 kvarstå.
1278 554 49 31 På
1355 554 111 40 grund
1493 554 107 30 härav

111 606 58 32 vill
191 607 58 41 jag
269 608 129 31 föreslå
421 608 121 31 endast
567 609 67 30 den
658 608 190 40 ändringen
871 618 44 21 av
940 609 226 30 kommitténs
1188 608 129 40 förslag
1341 611 49 28 att
1413 608 88 30 barn
1523 606 79 32 med

111 659 151 33 invalida
281 661 100 31 fäder
400 661 76 31 icke
496 662 218 39 undantagas
735 661 79 31 från
834 661 264 41 tillämpningen
1119 672 43 21 av
1181 661 420 40 bidragsförskottslagen.

155 714 14 31 I
187 714 99 40 fråga
302 725 58 22 om
375 714 226 32 kommitténs
616 714 128 41 förslag
761 718 49 28 att
824 716 89 30 barn
929 716 51 30 till
996 716 183 39 änklingar
1198 716 64 30 och
1281 715 49 31 till
1348 715 84 40 gifta
1450 714 151 31 invalida

110 768 147 31 kvinnor
281 770 98 30 skola
401 779 83 21 vara
505 769 175 31 uteslutna
701 769 80 31 från
806 770 67 29 rätt
896 770 50 30 till
971 769 210 40 barnbidrag
1204 773 92 27 samt
1320 772 48 27 att
1390 768 210 39 bidragsför-

111 823 91 31 skott
217 823 78 31 icke
311 823 90 30 skall
418 824 120 30 kunna
555 822 82 40 utgå
656 822 20 31 å
692 823 162 31 moderns
872 822 324 40 underhållsbidrag
1213 823 115 30 finner
1345 823 57 39 jag
1420 822 68 30 vad
1504 823 96 29 kom-

109 875 122 32 mittén
253 876 118 31 anfört
392 886 82 21 vara
496 876 242 39 övertygande.
763 876 64 40 Jag
849 877 70 30 kan
945 875 130 32 således
1098 876 31 39 ej
1155 876 139 30 förorda
1318 875 114 40 någon
1454 874 147 39 ändring

110 938 42 22 av
173 930 351 39 kommittéförslaget
546 930 11 30 i
580 930 99 30 dessa
702 930 104 30 delar.

156 984 175 39 Förslaget
358 993 59 21 om
446 983 231 31 avskaffande
706 993 42 21 av
776 983 115 39 regeln
918 986 51 28 att
996 983 210 39 barnbidrag
1238 982 88 31 skall
1353 982 173 39 indragas,
1557 980 44 32 då

109 1037 139 31 barnets
269 1037 121 31 moder
413 1037 101 39 gifter
534 1037 53 39 sig
609 1037 80 30 med
711 1036 171 31 arbetsför
904 1046 94 26 man,
1021 1036 115 30 finner
1158 1036 58 39 jag
1237 1036 229 30 välbetänkt.»

154 1091 14 29 I
194 1090 102 40 fråga
322 1101 56 20 om
418 1091 53 30 de
506 1090 261 31 särskilda
806 1089 408 39 barnbidragens
1254 1089 86 31 och
1381 1089 219 38 bidrags-

110 1143 322 32 förskottens
467 1143 392 40 maximibelopp
896 1144 64 29 har
988 1142 378 40 departementschefen
1393 1142 117 31 anfört
1538 1141 62 30 föl-

110 1197 116 39 jande:

158 1251 243 31 »Beträffande
422 1250 124 40 frågan
568 1261 57 21 om
648 1250 320 40 dyrortsgradering
988 1260 44 20 av
1056 1249 314 40 maximibeloppen
1391 1248 58 32 må
1469 1248 132 31 erinras

110 1314 56 21 om
184 1308 49 27 att
252 1305 11 29 i
281 1304 260 40 propositionen
560 1314 42 20 nr
620 1305 63 29 220
703 1303 203 39 föreslagits,
927 1307 49 27 att
997 1303 41 30 de
1058 1303 177 30 allmänna
1253 1302 255 38 barnbidragen
1527 1301 75 30 icke

109 1357 97 32 skola
231 1367 84 22 vara
338 1357 337 40 dyrortsgraderade.
710 1357 65 30 Till
798 1357 76 30 stöd
897 1357 55 30 för
976 1356 91 31 detta
1092 1356 130 39 förslag
1247 1356 64 30 har
1334 1355 133 30 anförts
1492 1355 44 30 bl.
1560 1364 41 26 a.,

109 1415 49 27 att
182 1411 210 31 verkställda
416 1411 225 38 utredningar
665 1414 113 35 syntes
802 1418 39 31 ge
865 1410 57 30 vid
945 1410 149 35 handen,
1120 1412 48 27 att
1193 1409 194 30 skillnaden
1410 1409 10 30 i
1446 1408 155 30 levnads-

108 1464 252 31 kostnadernas
380 1464 85 39 höjd
488 1464 93 30 olika
604 1467 90 27 orter
716 1464 145 29 emellan
883 1463 11 30 i
915 1465 70 28 stor
1008 1462 239 39 utsträckning
1270 1462 149 30 berodde
1442 1461 46 40 på
1511 1461 91 30 olika

109 1517 88 39 höga
218 1517 338 31 bostadskostnader.
590 1517 165 30 Bostäder
774 1526 75 21 som
869 1516 181 39 uppfyllde
1072 1516 41 30 de
1135 1525 42 21 av
1197 1516 272 30 bostadssociala
1489 1514 113 31 utred-

109 1571 126 39 ningen
259 1571 198 39 uppställda
480 1570 266 31 minimikraven
768 1570 10 30 i
802 1569 99 40 fråga
925 1579 57 21 om
1006 1569 166 30 standard
1197 1569 65 30 och
1287 1569 194 38 utrustning
1506 1568 97 30 torde

109 1624 87 31 även
216 1624 46 40 på
281 1624 156 39 billigare
458 1628 90 26 orter
568 1624 136 39 betinga
725 1623 135 32 relativt
880 1624 90 38 höga
990 1623 197 36 kostnader,
1211 1622 118 31 varför
1349 1622 253 31 variationerna

109 1678 93 31 olika
224 1681 92 27 orter
338 1678 156 36 emellan,
519 1687 58 21 om
599 1677 136 39 hänsyn
758 1677 120 31 endast
898 1679 94 37 toges
1015 1677 50 29 till
1088 1676 117 39 dylika
1229 1676 170 36 bostäder,
1423 1676 75 30 icke
1522 1684 80 22 vore

109 1731 117 30 alltför
250 1731 205 39 betydande.
493 1731 49 30 De
568 1731 93 38 lägre
684 1730 376 31 bostadskostnaderna
1087 1730 20 30 å
1132 1729 155 39 billigare
1312 1733 89 27 orter
1428 1729 97 31 torde
1550 1727 51 32 så-

109 1785 107 30 lunda
242 1785 10 30 i
279 1785 67 30 viss
371 1784 81 31 mån
478 1785 83 30 bero
586 1784 46 39 på
658 1788 47 27 att
731 1784 206 31 bostäderna
965 1784 9 30 i
1002 1785 109 28 större
1136 1783 239 39 utsträckning
1401 1784 45 29 än
1471 1782 20 32 å
1517 1783 86 39 dyra

109 1842 91 26 orter
219 1847 81 21 vore
321 1848 42 20 av
383 1839 94 37 lägre
497 1838 175 30 standard.
705 1837 53 31 Då
778 1837 169 39 därjämte
966 1841 45 26 ett
1032 1837 163 38 enhetligt
1216 1837 209 38 barnbidrag
1446 1837 157 30 avsevärt

109 1891 240 30 underlättade
368 1891 55 30 det
441 1891 274 30 administrativa
735 1890 271 31 handhavandet
1025 1900 44 20 av
1084 1890 402 39 barnbidragssystemet,
1507 1889 96 31 torde

110 1944 186 39 anledning
326 1945 127 30 saknas
483 1947 49 29 att
562 1944 281 39 dyrortsgradera
875 1944 41 29 de
947 1944 178 29 allmänna
1155 1943 264 38 barnbidragen.
1463 1943 139 30 Samma

109 1997 76 31 skäl
208 1997 84 31 böra
319 1997 103 39 enligt
448 1997 72 30 min
544 1997 137 39 mening
707 1997 180 30 föranleda
913 1996 232 30 avskaffande
1169 2006 42 20 av
1239 1996 363 39 dyrortsgraderingen

110 2050 55 31 för
184 2051 40 30 de
244 2051 169 30 särskilda
434 2050 255 39 barnbidragen
710 2051 65 29 och
796 2050 343 39 bidragsförskotten.

154 2103 425 32 Socialvårdskommittén
606 2104 63 30 har
697 2103 183 39 föreslagit,
909 2107 49 27 att
986 2103 304 39 maximibeloppet
1318 2104 110 29 skulle
1456 2103 145 30 bestäm-

110 2166 74 22 mas
204 2156 38 31 så
261 2161 48 27 att
330 2158 55 29 det
404 2157 229 30 tillsammans
654 2157 77 30 med
752 2157 54 29 det
825 2157 177 30 allmänna
1023 2157 246 38 barnbidraget
1289 2157 109 30 skulle
1417 2156 116 40 uppgå
1554 2157 48 30 till

110 2210 159 39 omkring
290 2211 64 29 680
374 2211 129 29 kronor
522 2220 56 20 om
598 2209 70 32 året
689 2210 54 29 för
765 2210 229 29 föräldralösa
1014 2210 87 29 barn
1123 2210 63 29 och
1208 2210 159 38 omkring
1389 2211 63 29 500
1474 2210 129 29 kronor

113 2273 57 20 om
187 2263 72 31 året
276 2263 55 30 för
347 2263 127 39 övriga.
504 2264 65 38 Jag
586 2263 113 30 finner
715 2263 98 30 dessa
830 2263 124 39 belopp
975 2264 54 28 väl
1048 2263 191 39 avpassade
1257 2264 64 29 och
1339 2263 57 30 vill
1415 2263 114 31 erinra
1546 2273 57 20 om

112 2320 50 27 att
185 2317 164 38 förslaget
373 2316 55 30 för
450 2317 55 30 det
528 2320 92 27 stora
642 2316 148 30 flertalet
812 2316 60 30 fall
896 2316 146 30 innebär
1063 2325 43 21 en
1129 2316 166 38 väsentlig
1318 2316 129 39 ökning
1469 2326 43 21 av
1534 2316 68 30 för-

112 2369 174 31 månerna.
328 2369 209 30 Kommittén
567 2369 64 29 har
657 2369 9 29 i
696 2369 146 38 enlighet
872 2369 77 29 med
976 2368 468 39 befolkningsutredningens
1474 2369 129 38 förslag

111 2422 168 31 beräknat
297 2422 56 30 det
369 2423 177 29 allmänna
563 2422 243 38 barnbidraget
825 2422 48 30 till
893 2423 64 28 200
975 2422 129 29 kronor
1124 2431 57 20 om
1198 2421 71 31 året
1288 2422 64 29 och
1371 2421 44 40 på
1435 2422 168 39 grundval

111 2476 108 31 härav
236 2479 111 27 ansett
364 2475 41 31 de
421 2475 170 31 särskilda
609 2475 254 39 barnbidragen
881 2475 64 30 och
964 2475 332 38 bidragsförskotten
1314 2475 83 30 böra
1416 2475 187 31 fastställas
