1884 2834
294 161 42 30 20
497 162 105 28 Andra
624 162 197 30 kammarens
843 161 104 31 andra
969 166 156 36 tillfälliga
1148 168 131 27 utskotts
1304 169 157 27 utlåtande
1485 169 43 28 Nr
1552 170 25 27 7.

296 242 167 38 löneläget
484 242 44 39 på
550 244 245 39 landsbygden.
819 246 144 31 Alldeles
985 247 138 32 särskilt
1144 248 208 32 framträder
1373 250 90 30 detta
1484 249 219 33 förhållande
1723 251 57 31 vid

296 286 126 36 arbete,
439 296 71 21 som
526 288 130 31 utföres
672 289 42 38 på
730 290 140 30 ackord.
887 290 39 31 Vi
941 292 88 30 hava
1047 293 186 30 emellertid
1250 294 91 30 ställt
1357 303 54 21 oss
1428 295 212 30 tveksamma
1656 295 9 30 i
1682 295 97 39 fråga

294 339 58 21 om
375 330 243 40 lämpligheten
640 336 47 28 att
707 333 95 30 inom
827 334 59 31 vår
907 335 233 39 organisation
1163 341 149 34 upptaga
1335 339 166 37 egentliga
1524 340 253 38 lantbyggmäs-

295 377 82 33 tare,
402 377 81 29 enär
506 375 32 31 vi
564 376 86 31 varit
672 378 182 31 medvetna
878 388 55 21 om
957 379 255 38 svårigheterna
1235 386 49 26 att
1307 382 56 31 vid
1389 383 324 39 sammankoppling
1737 393 41 21 av

295 419 375 33 avtalsförhållandena
700 422 9 29 i
740 424 160 29 städerna
931 425 64 29 och
1025 425 45 37 på
1100 425 237 39 landsbygden
1367 427 81 31 ernå
1479 427 55 31 för
1564 428 66 31 den
1661 438 118 21 senare

295 464 164 38 lämpliga
485 464 133 31 villkor.
649 466 121 30 Härtill
800 468 165 36 kommer,
993 472 48 27 att
1069 470 55 30 väl
1151 470 215 32 fortfarande
1395 482 40 20 en
1463 472 165 38 väsentlig
1656 473 53 29 del
1736 482 42 21 av

293 507 310 39 byggnadsarbetet
628 508 91 32 inom
743 510 202 38 jordbruket
970 513 129 30 utföres
1124 524 42 20 av
1189 514 255 38 jordbrukarna
1468 516 10 30 i
1502 525 84 29 egen
1611 516 78 38 regi.
1715 517 63 29 Det

293 561 101 29 synes
418 562 53 21 oss
493 552 91 40 ligga
607 555 84 30 nära
715 554 48 31 till
787 556 122 36 hands,
934 560 47 27 att
1004 556 215 33 sistnämnda
1243 560 218 30 verksamhet
1484 561 147 37 regleras
1655 569 121 30 genom

293 596 257 32 kollektivavtal
580 599 125 31 mellan
734 600 256 32 vederbörande
1020 602 223 38 arbetsgivar-
1274 604 67 29 och
1371 604 406 38 arbetarorganisationer

292 640 97 31 inom
410 641 212 39 jordbruket.
647 643 55 30 Ett
725 644 108 30 första
858 648 70 35 steg
951 645 9 30 i
984 646 112 30 denna
1120 647 151 38 riktning
1294 648 64 30 har
1381 648 103 30 också
1507 648 101 39 tagits
1631 650 56 29 vid
1710 650 66 30 den

292 688 133 28 senaste
447 686 337 39 avtalsuppgörelsen
807 689 127 30 mellan
958 689 523 41 Lantarbetsgivareföreningen
1504 694 65 29 och
1593 693 182 31 Lantarbe-

293 729 267 37 tareförbundet,
593 731 43 30 då
667 731 168 32 särskilda
867 732 157 33 timlöner
1055 735 56 30 för
1139 736 295 38 byggnadsarbete
1464 736 151 32 infördes
1647 737 9 30 i
1685 738 90 38 jord-

290 773 142 31 hrukets
453 775 99 29 avtal.

336 817 119 31 Ehuru
476 818 32 30 vi
528 819 147 31 bestämt
696 820 80 40 vilja
798 821 128 32 avråda
947 822 78 31 från
1047 824 94 38 varje
1162 825 103 30 tanke
1286 825 44 38 på
1351 828 47 27 att
1418 834 122 29 genom
1561 825 213 40 lagstiftning

290 863 130 37 reglera
444 864 317 40 löneutvecklingen
785 867 87 29 även
895 866 93 31 inom
1012 868 64 30 här
1099 868 265 37 ifrågavarande
1385 869 150 37 område,
1559 881 83 20 anse
1665 872 31 29 vi
1720 880 54 21 oss

290 907 90 30 dock
408 907 74 31 icke
509 908 85 31 böra
624 910 80 37 göra
733 909 115 38 någon
877 910 135 31 erinran
1041 915 73 27 mot
1142 912 161 38 förslaget
1332 923 56 21 om
1417 915 182 38 utredning
1628 916 145 30 rörande

289 951 412 38 hyggnadskostnaderna
723 954 45 38 på
790 955 246 38 landsbygden,
1062 956 226 38 synnerligast
1311 967 74 20 som
1409 958 226 39 utredningen
1658 961 37 29 är
1717 970 56 20 av-

290 996 85 29 sedd
402 999 46 27 att
475 997 89 37 gälla
590 997 76 30 icke
693 999 119 30 endast
840 999 321 32 löneförhållanden
1189 1004 82 27 utan
1299 1003 86 29 även
1413 1002 115 38 frågor
1555 1004 218 30 beträffande

289 1040 394 40 materialanskaffning,
705 1042 301 40 standardisering,
1029 1044 135 30 teknisk
1186 1045 244 39 planläggning
1451 1056 42 21 m.
1516 1057 44 21 m.

335 1084 199 32 Stockholm
556 1086 66 30 den
644 1087 41 29 28
706 1086 154 31 februari
886 1088 90 29 1939.

684 1166 152 31 Svenska
861 1167 518 39 Byggnadsindustriförbundet

897 1247 35 30 G.
959 1242 202 36 HOLMÉN.

1558 1491 119 39 Bilaga
1696 1492 28 30 9.

303 1582 102 31 Till
438 1583 314 40 Riksdagens
787 1586 156 30 andra
975 1587 274 31 kammares
1284 1589 152 30 andra
1471 1589 276 40 tillfälliga

878 1640 206 30 utskott.

325 1731 131 32 Genom
478 1733 122 31 remiss
623 1743 42 22 av
688 1735 65 30 den
778 1737 41 29 28
842 1735 137 39 januari
1006 1737 83 30 1939
1113 1738 63 29 har
1200 1739 165 30 utskottet
1389 1739 106 30 berett
1518 1741 249 30 undertecknat

280 1776 163 38 förbund,
467 1778 269 32 Riksförbundet
761 1780 271 40 Landsbygdens
1057 1782 96 36 Folk,
1178 1783 134 31 tillfälle
1336 1787 48 27 att
1408 1788 88 36 yttra
1521 1785 50 39 sig
1594 1787 80 29 över
1697 1796 70 21 mo-

279 1821 158 32 tionerna
460 1833 40 20 nr
524 1825 28 34 7,
581 1825 59 30 105
665 1825 63 30 och
755 1826 72 35 176,
852 1826 61 30 allt
934 1827 192 31 berörande
1148 1829 414 38 byggnadskostnaderna
1586 1830 44 40 på
1654 1832 112 30 lands-

274 1867 138 40 bygden
432 1870 63 29 och
517 1869 159 39 åtgärder
697 1870 53 31 för
773 1871 100 31 deras
895 1872 267 40 nedbringande.
1186 1874 199 31 Förbundet
1406 1874 53 31 får
1479 1876 80 30 med
1580 1876 185 39 anledning

278 1912 108 30 därav
405 1913 122 31 anföra
546 1913 163 39 följande.

323 1956 65 31 Det
408 1958 94 30 torde
521 1968 84 21 vara
625 1962 46 27 ett
690 1959 191 32 livsvillkor
901 1961 52 30 för
972 1961 213 39 jordbruket,
1206 1966 49 27 att
1274 1963 135 39 flykten
1429 1963 77 31 från
1527 1965 238 40 landsbygden

277 2002 67 30 och
364 2002 65 30 den
448 2002 143 31 därmed
611 2005 343 39 sammanhängande
972 2007 130 30 bristen
1121 2007 44 39 på
1184 2008 209 31 arbetskraft
1412 2009 49 30 till
1479 2009 203 39 jordbruket
1701 2011 64 30 blir

277 2046 139 39 hejdad.
437 2048 47 30 De
503 2048 56 30 två
578 2048 161 37 faktorer,
759 2060 75 20 som
854 2051 176 40 därvidlag
1050 2053 94 38 spela
1162 2063 42 20 en
1222 2054 78 29 hart
1319 2055 63 29 när
1399 2056 195 37 avgörande
1613 2057 72 34 roll,
1705 2057 59 29 äro

277 2091 73 31 dels
373 2092 219 39 jordbrukets
616 2093 156 40 förmåga
795 2098 51 28 att
868 2096 112 31 betala
1003 2097 133 39 skäliga
1160 2098 104 36 löner,
1289 2098 89 31 både
1402 2099 49 30 till
1475 2100 74 31 sina
1573 2101 191 39 företagare

276 2137 67 29 och
361 2137 75 31 sina
453 2139 165 36 arbetare,
638 2140 64 30 och
719 2140 72 30 dels
809 2150 43 21 en
870 2141 316 32 tillfredsställande
1203 2144 166 30 standard
1387 2143 19 31 å
1423 2145 220 38 jordbrukets
1660 2147 103 38 bygg-

278 2182 117 31 nader.
419 2183 62 30 Det
502 2183 93 39 gives
617 2185 120 30 endast
758 2195 43 20 en
823 2186 135 39 lösning
979 2186 45 40 på
1045 2188 100 30 dessa
1167 2187 56 31 två
1245 2189 180 39 spörsmål,
1447 2191 174 39 nämligen
1643 2194 46 28 ett
1711 2191 50 30 så-

276 2226 86 31 dant
380 2227 149 39 höjande
548 2238 43 21 av
609 2229 220 38 jordbrukets
848 2232 312 39 nettoavkastning,
1180 2236 48 27 att
1246 2233 203 39 jordbruket
1468 2236 69 29 kan
1555 2237 113 30 betala
1688 2237 75 30 skä-

276 2271 68 39 liga
363 2272 95 31 löner
476 2273 65 30 och
561 2274 70 30 kan
650 2276 100 29 täcka
768 2276 43 30 de
830 2277 271 36 merkostnader,
1122 2288 74 20 som
1215 2279 125 39 uppstå
1360 2279 56 30 vid
1436 2289 41 21 en
1496 2280 206 41 förbättring
1721 2291 42 21 av

271 2317 364 33 bostadsstandarden.

319 2361 55 30 En
391 2361 96 40 fråga
504 2372 42 21 av
566 2364 173 30 sekundär
755 2375 80 20 men
854 2365 88 31 dock
959 2366 74 31 icke
1052 2367 129 39 oviktig
1198 2368 174 38 betydelse
1390 2370 37 29 är
1445 2369 141 39 givetvis
1605 2371 157 30 storleks-

274 2406 131 37 graden
421 2416 42 21 av
479 2408 41 29 de
537 2408 195 37 kostnader,
751 2419 76 21 som
844 2411 124 39 uppstå
985 2412 56 30 vid
1059 2422 42 20 en
1118 2412 206 40 förbättring
1341 2424 42 20 av
1400 2415 361 31 bostadsstandarden.

275 2451 162 31 Intresset
463 2452 54 31 för
544 2452 212 33 förbättrade
783 2455 162 32 bostäder
972 2457 37 30 är
1037 2467 145 21 numera
1210 2457 37 31 så
1275 2461 95 33 stort,
1399 2463 48 27 att
1474 2460 56 30 det
1558 2457 204 47 näppeligen

272 2495 98 31 torde
395 2496 133 33 behöva
554 2498 195 40 ytterligare
775 2500 191 32 stimulans.
994 2502 137 39 Frågan
1157 2504 37 31 är
1220 2503 132 37 endast,
1378 2504 66 31 hur
1470 2505 41 31 de
1537 2506 226 30 ekonomiska
