1888 2840
301 175 103 28 Andra
425 175 199 27 kammarens
646 171 105 32 andra
773 175 155 35 tillfälliga
952 175 133 28 utskotts
1109 175 157 28 utlåtande
1290 175 43 29 Nr
1357 176 25 27 7.
1550 176 35 29 17

104 257 76 29 troll
204 266 43 21 av
271 257 310 38 byggnadsarbetet
605 267 45 20 m.
676 266 44 21 m.
748 257 63 30 Det
836 266 98 29 synes
959 257 85 30 böra
1069 258 195 36 övervägas,
1291 266 56 21 om
1371 256 75 31 icke
1470 255 119 40 dylika

103 300 215 39 föreningars
338 300 166 31 tillkomst
523 302 66 29 och
609 302 219 29 verksamhet
848 302 68 29 kan
936 301 152 38 förtjäna
1109 301 129 38 stödjas
1258 300 78 32 från
1357 303 127 28 statens
1504 300 83 31 sida.

148 344 199 31 Stockholm
371 345 65 30 den
464 346 38 29 16
527 354 92 21 mars
648 346 92 29 1939.

477 434 153 39 Sveriges
654 435 185 30 Allmänna
864 434 350 39 Lantbrukssällskap

680 523 96 31 JOH.
805 523 197 31 NILSSON.

1185 616 11 41 /
1220 621 36 31 A.
1282 621 42 31 H.
1349 620 194 40 Stensgård.

1370 905 119 41 Bilaga
1514 906 29 31 7.

120 1024 99 30 Till
252 1024 316 39 Riksdagens
602 1024 155 30 andra
791 1024 275 30 kammares
1100 1023 153 30 andra
1287 1022 278 38 tillfälliga

692 1077 208 31 utskott.

143 1175 170 31 Utskottet
339 1176 62 30 har
427 1176 109 30 berett
564 1175 152 31 Svenska
744 1173 524 40 Lantarbetsgivareföreningen
1296 1173 132 32 tillfälle
1454 1176 49 28 att
1528 1183 57 21 av-

100 1221 75 38 giva
195 1220 160 39 yttrande
374 1221 79 30 över
473 1219 216 31 motionerna
710 1221 28 35 7,
764 1220 59 30 105
844 1220 65 30 och
933 1220 60 29 176
1014 1219 10 31 i
1044 1219 115 31 Andra
1181 1219 208 30 Kammaren
1409 1217 178 40 angående

98 1264 157 40 åtgärder
277 1264 49 31 till
349 1264 258 39 nedbringande
629 1274 42 21 av
693 1265 255 38 landsbygdens
970 1264 376 39 byggnadskostnader.
1370 1262 215 39 Föreningen

99 1309 54 32 får
175 1309 11 31 i
208 1309 186 40 anledning
416 1310 109 30 härav
549 1309 123 31 anföra
696 1309 164 39 följande.

144 1355 73 30 Den
236 1354 110 40 fråga,
366 1364 73 21 som
459 1362 123 31 genom
603 1355 41 29 de
663 1353 150 40 angivna
832 1353 216 31 motionerna
1067 1353 97 31 blivit
1183 1356 173 36 upptagen
1376 1351 49 32 till
1444 1352 141 39 gransk-

100 1398 81 41 ning
212 1398 95 32 inom
339 1398 203 39 Riksdagen,
575 1398 104 40 ligger
709 1398 244 39 obestridligen
983 1398 95 31 inom
1110 1397 219 39 föreningens
1360 1396 225 31 intressesfär.

99 1444 134 39 Frågan
256 1453 60 21 om
340 1444 254 38 landsbygdens
619 1443 366 39 byggnadskostnader
1010 1444 38 29 är
1071 1441 175 39 nämligen
1270 1441 10 30 i
1304 1441 188 31 vidsträckt
1516 1450 68 21 me-

100 1490 81 38 ning
206 1499 40 20 en
271 1488 218 39 jordbrukets
515 1487 191 39 lönefråga;
731 1488 92 30 detta
848 1487 31 39 ej
903 1487 85 30 blott
1012 1487 79 30 med
1115 1487 135 37 hänsyn
1275 1486 49 30 till
1349 1486 171 30 storleken
1545 1494 41 21 av

99 1533 281 39 byggnadslönen
407 1532 113 31 såsom
549 1531 107 32 sådan
682 1533 67 29 och
776 1532 77 30 dess
880 1531 168 31 inverkan
1075 1530 44 38 på
1145 1531 219 38 jordbrukets
1391 1530 194 30 lönsamhet

100 1581 82 27 utan
204 1576 105 32 också
331 1576 43 40 på
397 1577 111 38 grund
531 1586 42 21 av
596 1577 75 30 dess
695 1586 73 21 mer
790 1577 81 30 eller
893 1575 135 31 mindre
1051 1575 131 30 direkta
1205 1575 169 30 samband
1397 1575 79 29 med
1498 1574 86 30 lant-

100 1622 199 30 arbetarnas
326 1621 174 30 allmänna
527 1621 255 30 lönestandard.

143 1666 13 30 I
180 1665 98 40 fråga
303 1675 56 21 om
382 1665 254 39 landsbygdens
660 1665 367 39 byggnadskostnader
1050 1665 45 30 ha
1118 1665 255 39 jordbrukarna
1397 1665 66 30 och
1487 1664 98 30 deras

100 1712 154 30 arbetare
279 1719 255 30 gemensamma
559 1710 176 30 intressen.
761 1710 68 30 För
852 1709 90 32 båda
966 1713 116 35 parter
1106 1711 38 29 är
1168 1711 55 29 det
1248 1719 41 21 av
1314 1709 71 31 vikt
1408 1712 49 28 att
1481 1709 104 38 bygg-

99 1756 318 30 nadskostnaderna
436 1755 30 38 ej
485 1758 129 35 stegras
633 1756 8 28 i
661 1754 108 31 sådan
787 1754 81 30 mån
886 1757 47 27 att
951 1754 220 38 jordbrukets
1190 1753 208 32 räntabilitet
1415 1754 65 30 och
1498 1754 86 29 lant-

95 1799 200 30 arbetarnas
322 1798 255 31 löneförmåner
618 1798 198 30 försämras.
846 1798 64 30 Det
937 1799 38 29 är
1003 1798 189 30 emellertid
1218 1797 70 40 just
1315 1798 113 30 denna
1455 1797 130 30 dubbla

100 1845 128 29 verkan
259 1853 73 21 som
362 1843 253 39 landsbygdens
645 1843 44 39 på
719 1852 119 22 senare
867 1843 49 30 tid
945 1845 157 29 avsevärt
1131 1844 154 37 stegrade
1314 1843 270 38 byggnadskost-

99 1889 106 30 nader
227 1888 166 30 medföra.

144 1933 209 30 Jordbruket
376 1932 159 31 befinner
560 1931 49 38 sig
634 1932 23 29 f.
682 1942 32 20 n.
742 1931 10 30 i
775 1935 48 27 ett
847 1931 122 31 sådant
994 1931 218 30 ekonomiskt
1236 1932 85 37 läge,
1346 1934 48 27 att
1418 1931 56 30 det
1499 1930 85 30 blott

99 1977 127 30 behövs
251 1987 42 20 en
318 1977 96 37 ringa
438 1976 130 38 ökning
593 1985 41 21 av
659 1975 335 31 driftskostnaderna
1018 1975 54 31 för
1098 1978 46 28 att
1168 1975 184 38 näringens
1376 1973 208 32 räntabilitet

99 2022 86 29 skall
206 2022 189 37 äventyras.
417 2020 315 30 Arbetskostnaden
753 2021 99 36 utgör
872 2019 9 30 i
902 2020 188 29 allmänhet
1110 2021 83 29 nära
1213 2019 132 31 hälften
1366 2029 41 21 av
1425 2018 159 39 jordbru-

100 2066 72 30 kets
196 2065 258 31 driftskostnad.
481 2064 13 30 I
519 2065 307 29 arbetskostnaden
850 2063 98 39 ingår
971 2073 74 21 som
1070 2074 40 20 en
1135 2064 74 30 icke
1231 2062 188 39 oväsentlig
1442 2063 55 30 del
1521 2061 63 32 till-

99 2109 279 31 handahållande
407 2118 41 21 av
478 2109 160 30 bostäder
669 2108 33 31 åt
733 2109 192 29 arbetarna.
958 2108 51 30 Då
1039 2107 314 38 vinstmarginalen,
1384 2108 62 30 där
1476 2107 108 31 sådan

99 2153 122 36 finnes,
245 2153 10 30 i
277 2154 187 30 allmänhet
487 2155 38 29 är
546 2153 183 38 obetydlig,
754 2154 69 29 kan
846 2163 41 20 en
910 2153 166 30 avsevärd
1098 2152 129 38 ökning
1249 2162 42 20 av
1313 2152 271 38 byggnadskost-

101 2199 110 29 naden
237 2198 31 38 ej
295 2198 177 30 föranleda
499 2201 106 26 annat
631 2199 43 28 än
701 2197 162 38 antingen
889 2200 46 27 att
961 2197 256 30 lantarbetarna
1244 2196 35 30 få
1304 2196 95 31 avstå
1424 2196 80 30 från
1529 2196 55 30 be-

99 2242 134 38 hövliga
255 2242 387 37 bostadsförbättringar
663 2242 80 29 eller
763 2260 44 3 —
826 2250 56 21 om
904 2241 130 31 sådana
1056 2244 82 27 trots
1160 2241 40 30 de
1221 2241 110 29 ökade
1353 2240 231 31 kostnaderna

99 2286 218 38 genomföras
339 2303 42 5 —
403 2289 47 26 att
471 2285 220 38 jordbrukets
714 2284 157 38 förmåga
894 2288 47 26 att
964 2285 83 29 bära
1070 2285 272 29 lantarbetarnas
1365 2284 105 37 höjda
1493 2284 91 29 löne-

100 2331 163 29 standard
285 2330 239 37 undergräves.
550 2329 61 30 Det
634 2331 38 28 är
694 2328 92 31 svårt
808 2332 49 27 att
879 2330 79 36 säga
982 2329 105 29 vilket
1109 2338 41 20 av
1172 2329 98 30 dessa
1292 2327 89 31 båda
1404 2327 180 31 alternativ

100 2383 72 20 som
192 2383 80 20 vore
290 2376 85 27 mest
393 2372 172 40 olyckligt.

144 2417 131 31 Sociala
297 2418 133 37 hänsyn
451 2418 65 29 och
537 2428 41 19 en
600 2417 154 30 alltmera
776 2417 124 37 vidgad
920 2415 92 31 blick
1034 2416 53 31 för
1109 2417 194 37 betydelsen
1325 2427 40 20 av
1386 2418 97 36 goda,
1506 2416 77 31 triv-

99 2471 141 26 samma,
264 2461 200 39 hygieniska
487 2461 160 30 bostäder
669 2461 44 29 ha
736 2461 161 30 föranlett
918 2461 255 37 jordbrukarna
1196 2464 48 27 att
1266 2462 140 36 planera
1428 2462 66 29 och
1517 2461 67 30 del-

100 2505 48 31 vis
171 2507 106 30 redan
301 2505 189 39 igångsätta
514 2505 215 30 omfattande
752 2505 322 38 byggnadsföretag.
1100 2504 111 39 Viljan
1235 2508 48 27 att
1307 2505 167 31 förbättra
1499 2507 85 29 lant-

135 2558 120 35 Bihang
274 2558 46 27 till
341 2558 179 34 riksdagens
540 2557 157 36 protokoll
720 2558 84 26 1939.
839 2558 34 26 13
894 2558 87 26 saml.
1015 2559 17 25 2
1052 2557 68 28 avd.
1153 2557 42 27 Nr
1218 2558 24 26 7.
1566 2559 18 27 2
