2218 2634
644 188 426 30 Konslilulionsulskottets
1098 188 175 30 utlålande
1290 189 57 29 Nr
1371 190 51 28 29.
1793 190 41 28 13

236 265 115 36 vinna
382 267 62 35 det
472 267 257 44 samförstånd,
761 280 75 23 som
868 268 150 48 åsyftas.
1076 268 19 35 TI
1115 267 231 37 sistnämnda
1365 269 213 35 hänseende
1595 270 95 34 hava
1707 270 124 35 motio-

237 324 159 31 närerna
426 322 82 33 med
538 320 49 35 all
615 324 75 32 rätt
718 321 182 43 anmärkt,
932 325 53 32 att
1015 322 44 34 de
1088 322 192 46 förtroliga
1306 323 293 34 meddelandena
1615 335 45 23 av
1676 323 155 35 utrikes-

235 372 154 46 politisk
432 378 55 31 art
528 373 133 36 hittills
704 374 111 45 skett,
860 375 82 34 icke
976 374 58 36 till
1063 374 101 48 varje
1194 375 188 35 kammare
1411 375 55 35 för
1495 375 56 47 sig
1579 376 98 35 inom
1709 377 124 34 slutna

235 426 138 44 dörrar,
404 430 90 31 utan
523 427 62 35 vid
614 439 276 34 gemensamma
918 423 333 40 sammankomster
1280 440 46 23 av
1355 431 53 32 ett
1436 429 99 45 slags
1555 429 147 35 enskild
1722 434 112 30 natur

236 491 46 23 av
325 479 95 35 båda
462 479 216 36 kamrarnas
721 481 214 35 ledamöter.
999 481 127 35 Skulle
1157 482 122 34 denna
1307 481 91 36 form
1429 481 225 36 fortfarande
1684 482 150 35 komma

234 532 58 35 till
335 533 252 45 användning,
633 545 111 35 synes
779 534 73 42 det,
889 536 45 44 på
964 537 73 32 sätt
1066 534 272 35 motionärerna
1367 534 173 47 påpekat,
1572 535 175 46 önskligt,
1779 539 53 31 att

235 586 46 34 de
325 597 273 34 gemensamma
642 586 382 36 sammankomsterna
1067 587 99 35 bliva
1199 590 47 43 på
1274 589 115 44 något
1418 590 72 32 sätt
1518 593 168 29 närmare
1716 589 114 45 regle-

232 638 91 35 rade
352 639 56 34 för
437 643 53 31 att
518 639 129 35 kunna
675 639 120 35 bättre
825 645 48 29 än
901 639 133 36 hittills
1063 643 184 32 motsvara
1276 640 66 35 sitt
1370 641 182 34 ändamål.

342 694 72 32 4:0.
478 692 90 35 >Det
595 692 148 45 hemliga
771 694 197 35 utskottets>
1002 694 192 44 utveckling
1223 695 53 34 till
1295 694 83 43 fast
1405 694 206 35 institution.

340 745 61 35 En
430 745 231 47 ombildning
690 758 45 24 av
766 747 44 34 de
847 746 205 36 >»särskilda
1072 747 265 46 deputerade»,
1365 759 122 24 varom
1510 747 23 46 $
1556 751 48 32 54
1624 748 207 47 regerings-

232 798 144 35 formen
405 800 104 43 talar,
544 800 68 34 har
639 800 13 34 i
685 800 173 46 samtliga
887 813 50 22 nu
971 800 242 36 förevarande
1249 801 181 35 motioner
1458 801 220 36 framhållits
1709 804 120 33 såsom

232 863 48 23 en
308 852 252 47 huvudpunkt
588 853 13 34 i
630 854 72 33 den
731 853 175 35 blivande
930 854 262 45 utredningen.

339 905 99 35 Herr
465 905 221 47 Lindhagen
715 906 215 35 hemställer
959 918 56 23 om
1052 907 180 35 skrivelse
1261 906 57 36 till
1347 907 139 46 Kungl.
1518 907 108 48 Maj:t
1655 909 84 34 med
1769 920 60 23 an-

231 957 127 36 hållan
401 971 57 22 om
502 959 138 35 sådana
682 958 139 47 förslag
863 959 57 35 till
961 960 421 46 grundlagsändringar,
1418 965 53 31 att
1504 960 202 47 riksdagen
1734 961 13 35 i
1776 967 53 29 ut-

231 1011 267 36 rikesärenden
540 1012 159 35 erhåller
740 1012 335 47 förhandlingsrätt
1118 1014 83 34 med
1240 1014 224 46 regeringen
1500 1026 131 34 genom
1666 1014 164 48 hemliga

229 1065 203 36 utskottets
464 1065 223 47 utvidgning
716 1066 57 35 till
803 1070 54 31 ett
883 1067 223 46 riksdagens
1140 1067 322 46 utrikespolitiska
1491 1067 145 36 utskott
1665 1069 68 35 och
1763 1069 68 34 har

229 1119 13 34 i
271 1118 163 49 följande
464 1120 152 46 ordalag
644 1122 124 44 antytt
797 1121 102 34 detta
937 1120 351 36 >»utrikesutskotts>
1321 1121 163 47 uppgift:
1549 1122 94 35 »Det
1671 1121 67 37 bör
1766 1122 62 35 all-

228 1171 56 36 tid
326 1172 157 47 fungera
524 1174 120 34 under
671 1173 246 47 riksdagarna
950 1174 70 35 och
1048 1174 206 36 eventuellt
1282 1179 94 31 även
1406 1175 136 35 mellan
1570 1175 257 47 riksdagarna,

229 1225 246 36 tillerkännas
497 1230 92 43 'eget
616 1227 174 44 initiativ,
829 1227 5 35 i
864 1227 207 49 möjligaste
1105 1230 86 33 mån
1219 1228 137 35 befrias
1385 1228 82 36 från
1496 1229 235 36 sekretessen
1760 1230 68 35 och

229 1280 196 35 samverka
454 1281 85 34 med
566 1279 239 47 riksdagen.»
1729 1298 7 7 :

334 1333 99 35 Herr
472 1333 247 44 Hildebrand,
763 1346 76 23 som
884 1335 11 34 i
936 1334 209 47 väsentliga
1188 1334 163 47 punkter
1392 1335 67 35 har
1501 1347 47 23 en
1585 1347 125 24 annan
1737 1348 91 35 upp-

226 1386 176 47 fattning,
440 1386 160 35 skildrar
627 1390 47 44 på
702 1386 164 49 följande
896 1391 74 32 sätt
997 1387 185 36 formerna
1211 1388 56 35 för
1302 1387 388 38 >»>utrikesutskottets>
1723 1389 106 37 verk-

225 1440 160 35 samhet:

338 1509 12 16 >
357 1493 76 36 Vid
461 1493 221 48 riksdagens
711 1493 130 49 början
872 1495 67 35 och
969 1494 74 36 slut
1072 1498 94 32 samt
1195 1494 237 45 däremellan,
1464 1501 67 30 när
1560 1498 39 34 så
1628 1495 196 45 erfordras,

225 1547 145 35 lämnar
398 1547 341 37 utrikesministern
764 1548 97 35 inför
880 1548 184 36 utskottet
1088 1560 47 23 en
1156 1551 138 45 exposé
1315 1554 87 31 över
1421 1550 64 35 det
1503 1549 324 48 utrikespolitiska

226 1601 112 46 läget,
382 1601 131 36 varvid
557 1601 214 36 diskussion
814 1601 77 36 kan
934 1602 239 36 förekomma.
1230 1603 215 46 Konungen
1473 1603 75 36 kan
1577 1609 158 31 närvara
1764 1604 63 36 vid

225 1654 203 36 utskottets
458 1655 312 47 överläggningar
799 1667 58 23 om
878 1655 322 47 utrikespolitiska
1220 1657 328 46 angelägenheter,
1569 1657 120 36 likaså
1710 1656 114 49 (utom

223 1707 354 49 utrikesministern)
589 1708 289 36 statsministern
893 1709 91 35 eller
999 1721 124 24 annan
1143 1710 355 44 statsrådsledamot,
1516 1723 75 23 som
1610 1711 216 47 Konungen

226 1762 126 35 därom
383 1763 178 35 anmodar
589 1761 38 48 (t.
659 1775 59 22 ex.
749 1763 332 44 finansministern,
1108 1763 66 35 där
1192 1764 105 46 fråga
1318 1769 40 30 är
1378 1776 57 23 om
1456 1765 368 46 handelspolitiken).

225 1815 196 36 Utskottet
460 1821 89 41 äger
589 1817 67 34 hos
698 1816 342 36 utrikesministern
1082 1816 195 36 hemställa
1320 1830 58 23 om
1408 1818 272 35 meddelanden
1708 1819 13 35 i
1749 1819 76 35 viss

224 1868 193 47 uppgiven
459 1869 116 47 fråga,
613 1870 69 35 och
712 1869 96 36 skall
844 1870 122 35 denna
994 1870 224 36 hemställan
1246 1871 201 48 uppfyllas,
1477 1872 56 35 för
1561 1872 112 36 såvitt
1702 1872 32 48 ej
1765 1872 59 35 be-

226 1923 145 35 stämda
414 1922 82 37 skäl
536 1922 59 37 till
637 1923 129 47 avslag
807 1923 214 45 förefinnas,
1064 1923 102 37 vilka
1200 1923 83 37 skäl
1311 1924 106 36 skola
1446 1925 166 47 delgivas
1641 1926 185 35 utskottet

225 1976 39 47 (t.
296 1988 59 24 ex.
386 1989 58 23 om
473 1976 271 48 undantagsvis
774 1988 125 24 annan
928 1977 104 36 makt
1059 1978 181 46 uppställt
1268 1978 93 37 krav
1379 1981 48 44 på
1446 1979 220 47 fullständig
1686 1979 139 36 diskre-

224 2029 80 36 tion
344 2031 120 34 under
505 2033 53 33 ett
601 2031 93 36 visst
722 2031 115 35 skede
871 2042 46 25 av
949 2030 269 37 förberedande
1251 2031 305 48 förhandlingar).
1613 2033 212 36 Utskottets

225 2084 241 35 medlemmar
494 2084 105 36 skola
627 2096 89 24 vara
744 2084 154 36 bundna
918 2096 46 24 av
983 2085 272 47 tystnadsplikt
1274 2085 229 37 beträffande
1525 2087 45 34 de
1589 2086 134 47 frågor,
1746 2099 78 24 som

223 2137 91 36 böra
343 2138 162 46 hemliga
533 2137 130 36 hållas.
723 2137 292 48 Granskningen
1045 2150 45 25 av
1119 2139 368 47 statsrådsprotokoll
1515 2140 12 35 i
1555 2140 271 47 utrikesfrågor

224 2191 217 48 överflyttas
468 2191 82 36 från
569 2191 456 37 konstitutionsutskottet
1044 2192 57 36 till
1120 2192 341 46 utrikesutskottet,
1482 2193 119 37 vilket
1620 2194 56 35 får
1696 2195 59 35 del
1779 2207 46 23 av

224 2246 73 34 alla
333 2246 138 35 sådana
502 2244 195 49 protokoll.
741 2245 199 37 Huruvida
969 2245 152 37 särskilt
1149 2246 163 47 hemliga
1341 2247 184 47 protokoll
1552 2248 272 48 undantagsvis
