2164 2636
598 217 427 34 Konstitutionsulskoltets
1049 223 176 31 utlåtande
1250 225 49 29 Nr
1324 228 53 27 29.
1755 230 42 29 25

198 292 69 34 och
292 293 60 35 väl
379 295 218 47 lättvindigt
626 309 217 25 annammar
872 301 44 34 de
946 302 160 46 slagord,
1138 315 76 24 som
1245 304 79 36 från
1353 318 69 23 ena
1444 308 89 34 eller
1552 309 116 35 andra
1689 309 106 36 sidan

196 344 98 37 föras
324 347 56 35 till
408 352 113 42 torgs.
570 350 134 35 Denna
733 351 205 47 företeelse,
973 367 82 23 vars
1084 357 162 47 sanning
1275 371 85 23 man
1390 361 186 46 svårligen
1592 362 55 34 lär
1667 363 128 35 kunna

196 398 168 45 förneka,
393 400 156 37 innebär
577 415 46 23 en
666 405 111 46 skarp
817 407 159 46 varning
1018 413 75 31 mot
1135 411 72 34 alla
1250 412 233 46 experiment
1525 416 83 33 med
1638 419 54 32 att
1720 416 76 36 låta

198 452 72 35 den
300 453 184 36 allmänna
514 456 220 45 opinionens
763 458 225 37 företrädare
1016 463 37 33 få
1082 465 114 43 något
1225 464 100 46 slags
1355 466 88 35 ökat
1471 467 206 47 inflytande
1708 474 88 31 över

197 507 65 32 vår
289 506 296 47 utrikespolitiks
614 509 166 47 ledning.
838 513 84 35 Den
950 514 100 35 visar
1078 516 193 47 samtidigt
1299 518 74 35 hän
1403 522 46 43 på
1479 520 73 34 den
1581 521 103 43 brist,
1715 535 77 22 som

194 558 131 35 främst
358 559 162 37 behöver
562 562 205 47 avhjälpas,
813 565 72 34 den
924 567 165 35 rådande
1134 568 266 48 ofullständiga
1444 572 260 37 kännedomen
1735 588 56 22 om

195 611 137 35 allmän
361 613 279 47 utrikespolitik
669 617 69 34 och
768 629 57 23 om
857 618 171 48 Sveriges
1058 622 179 47 ställning
1265 623 13 34 i
1306 624 233 36 förhållande
1569 626 57 35 till
1655 628 135 36 denna.

301 665 71 35 För
414 670 53 31 att
501 667 172 48 avhjälpa
708 670 122 35 denna
858 671 93 37 brist
977 673 121 36 finnas
1128 679 158 43 utvägar
1313 682 90 30 nära
1432 678 57 35 till
1517 679 132 36 hands.
1706 681 86 36 Den

192 721 187 32 närmaste
408 724 40 30 är
477 721 59 34 väl
566 722 71 34 den
666 722 12 35 i
707 723 88 35 flere
826 725 181 36 motioner
1034 727 207 46 förordade,
1272 732 55 34 att
1355 731 139 47 Kungl.
1516 733 109 47 Maj:t
1644 734 74 35 läte
1734 735 59 35 till

193 770 101 47 varje
333 774 57 33 års
418 773 154 48 riksdag
600 775 171 36 utarbeta
800 778 68 35 och
897 780 127 35 utdela
1054 793 45 23 en
1129 782 205 36 kortfattad
1363 785 298 47 utrikespolitisk
1692 793 99 31 över-

191 823 86 36 sikt.
337 825 117 36 Göres
499 839 45 23 en
581 829 103 46 dylik
714 831 164 35 översikt
907 845 46 23 av
982 834 73 35 den
1084 839 147 32 senaste
1260 837 123 36 tidens
1412 839 198 35 händelser
1629 840 163 37 tillräck-

190 876 70 47 ligt
288 879 176 47 grundlig
493 882 69 33 och
591 882 139 43 sakrik,
762 884 96 35 skall
888 886 69 34 den
989 889 47 43 på
1065 900 46 23 en
1140 891 100 44 gång
1269 890 99 35 bliva
1389 903 47 23 en
1464 893 187 35 värdefull
1672 895 117 35 hand-

189 929 76 36 bok
306 931 56 35 för
404 933 83 44 alla,
532 946 76 23 som
652 947 134 34 genom
816 937 57 35 sin
918 940 179 47 ställning
1130 942 97 35 hava
1262 943 123 35 direkt
1413 944 173 48 beröring
1616 948 83 34 med
1729 948 62 35 ak-

188 984 117 34 tuella
334 985 174 46 politiska
537 987 135 46 frågor,
703 990 70 34 och
801 1003 47 22 en
876 993 73 45 god
979 994 228 47 vägledning
1235 996 56 35 för
1320 997 269 37 allmänhetens
1618 1000 169 37 intresse.

188 1037 71 35 Att
286 1038 37 34 få
352 1039 214 36 densamma
595 1042 57 35 till
681 1044 109 34 stånd
819 1057 110 34 synes
958 1051 165 32 närmast
1152 1061 87 23 vara
1261 1061 45 23 en
1323 1051 282 48 pänningfråga.
1645 1054 141 47 Kungl.

188 1090 443 49 utrikesdepartementet
658 1097 106 34 torde
793 1098 56 35 för
876 1102 233 34 närvarande
1138 1101 130 36 kunna
1298 1103 196 48 disponera
1514 1107 166 36 utmärkt
1694 1108 93 36 skic-

187 1144 97 35 kade
327 1145 140 37 krafter
507 1147 56 36 för
598 1148 153 45 arbetet,
787 1152 69 34 och
885 1153 63 35 det
975 1153 67 36 bör
1070 1155 118 46 enligt
1217 1156 82 36 mitt
1326 1157 241 38 förmenande
1595 1160 194 38 betraktas

188 1200 118 33 såsom
351 1204 53 31 ett
444 1200 157 37 intresse
643 1215 45 24 av
730 1203 115 37 första
873 1218 143 35 rangen
1043 1208 57 35 för
1129 1209 296 46 departementet
1454 1216 53 32 att
1536 1214 124 35 städse
1689 1216 97 36 hava

186 1252 140 35 sådana
364 1253 57 35 till
463 1254 64 36 sitt
561 1255 229 47 förfogande.
848 1259 78 36 När
959 1262 367 47 omständigheterna
1355 1267 39 33 så
1422 1266 203 44 föranleda,
1658 1268 128 36 kunde

185 1305 123 35 denna
349 1307 164 36 översikt
545 1308 267 47 kompletteras
840 1324 131 34 genom
1004 1316 245 35 meddelande
1279 1329 45 24 av
1353 1319 177 47 lämpliga
1560 1321 245 47 aktstycken

180 1359 159 34 rörande
379 1359 164 37 aktuella
586 1362 135 47 frågor.
785 1364 128 37 Skulle
955 1368 199 36 därutöver
1194 1369 101 36 inom
1337 1371 203 48 riksdagen
1581 1373 202 38 förefinnas

183 1412 230 47 önskningar
441 1414 90 35 eller
558 1414 122 38 behov
709 1429 46 23 av
783 1418 285 48 fullständigare
1096 1423 273 47 upplysningar
1396 1428 48 43 på
1472 1429 125 44 någon
1622 1428 161 37 särskild

181 1465 134 45 punkt,
356 1467 105 35 torde
490 1468 146 36 tillfälle
665 1472 55 33 att
747 1470 124 37 lämna
900 1474 151 44 sådana,
1082 1475 13 35 i
1125 1476 73 35 den
1227 1479 85 33 mån
1342 1479 101 35 detta
1472 1479 94 36 låter
1594 1481 57 47 sig
1680 1488 101 40 göra,

180 1518 150 47 mycket
371 1521 60 35 väl
474 1521 153 48 erbjuda
670 1523 58 48 sig
755 1524 22 35 i
797 1526 179 36 samband
1006 1529 84 34 med
1120 1529 100 48 3:dje
1249 1531 258 37 huvudtitelns
1536 1534 243 49 behandling,

179 1571 129 36 såvida
336 1573 83 36 icke
447 1576 223 47 regeringen
699 1579 12 33 i
741 1580 156 35 enstaka
925 1580 65 36 fall
1019 1582 120 36 finner
1166 1584 172 47 lämpligt
1367 1589 54 32 att
1449 1588 171 35 använda
1635 1589 144 37 formen

178 1637 47 24 av
252 1626 156 48 hemligt
435 1628 458 48 riksdagssammanträde.

275 1680 75 35 Det
378 1686 40 30 är
441 1682 205 47 självklart,
678 1688 55 32 att
761 1698 86 24 man
875 1687 83 36 icke
987 1688 57 36 får
1071 1693 112 32 vänta
1212 1691 57 35 för
1297 1693 150 47 mycket
1475 1706 45 24 av
1551 1695 72 35 den
1657 1696 120 36 ökade

175 1733 241 48 upplysning,
461 1747 76 24 som
581 1739 46 44 på
663 1739 101 35 detta
793 1744 74 32 sätt
894 1741 76 35 kan
998 1742 144 37 vinnas.
1200 1745 129 35 Under
1357 1746 72 35 alla
1458 1749 319 47 omständigheter

174 1786 67 35 bör
283 1787 73 35 den
395 1788 115 36 likväl
552 1790 130 36 kunna
723 1792 86 47 giva
846 1806 46 23 en
921 1798 47 44 på
1000 1796 78 36 helt
1106 1802 116 31 annat
1250 1801 74 33 sätt
1353 1799 166 49 objektiv
1549 1803 68 34 och
1646 1803 129 36 sakrik

174 1839 277 50 framställning
480 1855 45 23 av
554 1844 201 37 händelser
784 1848 68 34 och
880 1848 273 47 förhållanden,
1185 1857 48 29 än
1262 1853 72 35 den
1364 1865 77 24 som
1470 1855 57 35 för
1541 1858 234 35 närvarande

174 1896 77 32 står
288 1894 250 38 allmänheten
579 1897 57 36 till
670 1898 95 37 buds
793 1900 14 35 i
834 1900 262 49 tidningarnas
1124 1905 403 49 utrikesavdelningar.
1584 1909 20 35 I
1632 1922 141 24 samma

173 1949 97 42 mån,
315 1960 76 24 som
425 1950 175 37 intresset
626 1951 57 37 för
713 1953 107 36 dessa
848 1955 125 47 frågor
1000 1962 127 39 växer,
1159 1958 96 36 skall
1286 1961 62 34 det
1377 1961 69 35 ock
1476 1962 51 35 bli
1554 1963 134 36 lättare
1716 1965 58 36 för

170 2001 225 48 regeringen
424 2006 54 33 att
506 2004 102 36 finna
637 2008 161 46 sympati
828 2009 68 35 och
925 2010 204 37 understöd
1157 2012 57 35 för
1242 2013 81 36 sina
1352 2017 239 35 strävanden.

277 2055 171 37 Behöves
490 2058 201 37 härutöver
731 2066 170 31 närmare
943 2063 327 39 kommunikation
1311 2070 158 34 rörande
1502 2070 271 48 utrikesfrågor

170 2108 138 36 mellan
348 2110 223 48 regeringen
614 2113 69 35 och
718 2114 215 48 riksdagen,
964 2120 41 32 så
1035 2118 174 48 erbjuder
1236 2123 66 33 vår
1329 2121 222 49 författning
1580 2124 190 48 åtskilliga

167 2161 138 36 former
347 2163 133 36 därför.
537 2165 247 49 Möjligheten
827 2181 46 23 av
901 2170 163 48 hemliga
1093 2175 301 35 sammanträden
1423 2176 67 35 har
1518 2177 156 37 berörts:
1707 2180 63 35 det

170 2215 65 36 bör
277 2217 95 35 dock
413 2217 166 47 betonas,
615 2224 55 32 att
698 2222 129 47 dylika
854 2223 14 35 i
897 2224 73 35 alla
998 2225 98 36 tider
1124 2227 70 35 och
1223 2228 73 35 alla
1325 2232 115 33 stater
1467 2230 97 36 visat
1593 2231 57 47 sig
1679 2245 88 24 vara

167 2270 146 45 ganska
355 2271 367 39 otillfredsställande
766 2275 82 36 från
889 2279 244 47 synpunkten
1176 2293 47 24 av
1252 2283 219 36 meddelade
1500 2285 267 47 hemligheters

212 2341 137 40 Bihang
374 2343 50 30 till
447 2344 202 39 riksdagens
668 2348 166 38 protokoll
858 2350 97 30 1917.
1005 2352 20 28 5
1049 2352 98 30 saml.
1196 2354 43 29 24
1263 2354 82 38 häft.
1388 2355 63 38 (Nr
1475 2357 68 38 29.)
1680 2359 19 28 4
