2204 2650
649 195 361 42 Bevillningsutskottets
1034 193 213 33 Betänkande
1270 195 59 29 N:o
1352 193 51 31 12.
1752 189 19 30 3

346 280 75 37 För
450 278 219 39 beredande
698 277 42 37 af
763 290 48 23 en
840 275 164 38 sundare
1033 271 382 53 spanmålsmarknad
1435 271 102 36 inom
1558 268 130 38 landet
1704 280 111 24 anser

220 332 237 38 motionären
486 332 63 37 det
568 331 58 37 för
647 336 39 43 ty
707 342 91 24 vara
819 342 46 23 en
887 327 190 50 bjudande
1093 324 303 49 nödvändighet,
1413 328 55 32 att
1484 321 330 48 nederlagsrätten

220 385 57 36 för
318 384 183 50 spanmål,
544 382 151 38 omalen
736 381 70 37 och
850 381 136 46 malen,
1013 380 42 48 ju
1085 379 77 37 förr
1190 378 108 36 desto
1327 376 118 37 hellre
1473 373 227 51 upphäfves.
1757 372 57 36 En

220 437 119 37 sådan
369 437 134 47 åtgärd
533 436 87 46 kan,
651 434 147 37 erinrar
827 433 238 36 motionären
1094 430 196 48 slutligen,
1311 428 83 37 icke
1414 439 113 25 anses
1543 429 126 33 såsom
1687 426 126 46 någon

221 488 174 50 egentlig
424 488 129 49 nyhet,
582 488 46 36 då
652 487 44 47 ju
725 484 118 38 redan
874 498 48 22 nu
952 483 260 48 tullstadgans
1242 484 45 34 76
1318 480 21 50 $
1364 479 158 49 stadgar
1542 491 47 23 en
1610 475 205 38 inskränk-

220 541 96 49 ning
343 541 11 35 i
383 540 348 49 nederlagsrätten;
761 537 70 36 och
860 536 159 37 föreslår
1048 535 237 36 motionären
1314 535 47 47 på
1389 530 125 51 grund
1544 529 41 37 af
1610 528 102 37 hvad
1740 527 74 36 han

221 593 158 37 sålunda
406 592 137 47 anfört,

350 651 54 30 att
424 644 220 48 Riksdagen
660 640 201 49 behagade
878 639 56 37 till
950 638 141 50 Kongl.
1109 638 106 48 Maj:t
1231 637 113 36 aflåta
1360 633 238 49 underdånig
1614 631 202 38 skrifvelse

222 697 84 36 med
349 696 169 50 begäran
552 709 61 23 om
644 694 117 37 sådan
790 691 164 49 ändring
982 691 42 36 af
1048 690 140 48 Kongl.
1218 689 127 48 Maj:ts
1376 686 139 49 nådiga
1544 683 209 50 tullstadga
1781 683 41 36 af

221 749 75 36 den
326 751 19 34 2
377 748 208 37 november
616 748 109 45 1877,
756 750 56 31 att
840 743 233 49 rättigheten
1103 747 55 32 att
1186 745 49 46 på
1264 739 183 49 nederlag
1476 737 197 50 upplägga
1702 748 114 37 span-

222 801 86 48 mål,
338 800 149 37 omalen
516 799 70 37 och
617 798 138 47 malen,
786 799 114 33 måtte
930 794 227 50 upphäfvas.

349 853 100 36 Herr
477 852 189 48 Hedgrens
695 848 143 38 motion
867 852 41 31 är
936 847 42 36 af
1002 846 166 49 följande
1196 844 163 50 lydelse:

349 904 169 37 Genom
561 904 73 36 den
677 901 64 36 vid
782 898 233 50 föregående
1057 898 161 47 riksdag
1260 895 198 38 beslutade
1501 891 232 39 skrifvelsen
1762 890 57 36 till

222 956 140 50 Kongl.
405 956 105 49 Maj:t
552 968 59 24 om
653 952 209 49 utredning
904 951 40 36 af
981 950 136 49 frågan
1147 963 60 23 om
1237 948 157 48 frilager
1422 946 71 37 och
1522 944 166 37 frihamn
1716 943 103 36 inom

224 1008 161 49 Sverige
426 1008 112 36 hafva
573 1006 96 37 båda
697 1005 203 36 kamrarne
929 1002 100 37 visat
1058 1002 67 36 sitt
1152 1001 163 36 intresse
1344 1000 57 35 för
1429 998 47 36 de
1505 995 203 47 lättnader,
1738 1007 79 24 som

222 1066 90 31 utan
342 1059 221 50 uppoffring
591 1059 83 36 från
705 1062 147 31 statens
881 1055 81 36 sida
983 1054 129 37 kunna
1131 1052 160 38 beredas
1308 1050 179 49 Sveriges
1505 1047 313 48 handelsnäring.

223 1113 174 48 Frågans
439 1114 147 45 utgång
628 1110 75 36 kan
733 1107 229 48 visserligen
992 1111 100 32 ännu
1123 1106 33 48 ej
1186 1105 177 46 förutses,
1394 1115 88 24 men
1511 1101 130 36 säkert
1670 1103 52 44 är,
1752 1104 67 41 att,

224 1178 58 23 om
313 1164 112 37 äfven
454 1162 173 39 tillstånd
656 1161 58 36 till
744 1160 97 37 båda
871 1159 111 36 dessa
1010 1157 284 37 institutioners
1323 1153 198 39 införande
1550 1151 176 49 beviljas,
1755 1151 65 36 det

225 1217 171 36 kommer
424 1221 56 32 att
508 1215 107 48 dröja
643 1214 90 36 flera
763 1215 51 45 år,
842 1212 117 36 innan
990 1209 166 37 handeln
1186 1208 109 37 deraf
1306 1208 74 36 kan
1397 1207 120 47 draga
1532 1210 123 43 nytta.
1691 1202 130 38 Under

224 1268 103 36 tiden
356 1268 69 46 har
452 1267 72 36 den
555 1272 55 31 att
638 1270 146 32 emotse
814 1276 46 23 en
894 1261 248 38 försvårande
1171 1260 241 36 konkurrens
1441 1258 82 36 från
1544 1255 276 50 Köpenhamns

224 1320 176 36 frihamn.
455 1319 17 36 I
513 1321 126 45 någon
684 1319 85 34 mån
813 1314 124 37 skulle
967 1327 45 23 en
1043 1313 147 36 lättnad
1220 1311 161 37 beredas
1410 1312 66 34 vår
1504 1306 315 48 handelsnäring,

224 1384 59 23 om
314 1369 368 50 nederlagsafgiften
711 1368 58 37 för
799 1370 81 34 åter
909 1365 56 37 till
986 1364 145 38 utrikes
1148 1369 58 31 ort
1222 1362 160 38 afsända
1397 1374 122 34 varor,
1536 1362 125 34 såsom
1680 1358 139 48 Kongl.

224 1423 106 49 Maj:t
358 1423 13 36 i
400 1421 238 51 proposition
666 1420 58 37 till
758 1421 95 35 1886
884 1421 59 34 års
972 1417 171 49 Riksdag
1171 1414 211 50 föreslagit,
1412 1414 210 47 borttoges.

353 1475 83 36 Den
477 1473 193 49 utgående
713 1469 370 50 nederlagsafgiften
1129 1469 57 35 för
1228 1470 80 33 åter
1349 1465 57 37 till
1439 1464 146 37 utrikes
1615 1468 59 32 ort
1702 1461 120 38 sända

225 1540 111 24 varor
378 1529 150 47 uppgår
569 1525 121 36 under
732 1521 323 51 femårsperioden
1094 1521 252 36 1889—1893
1375 1517 57 37 till
1461 1516 12 37 i
1502 1515 179 38 medeltal
1713 1516 107 44 1,379

227 1580 140 35 kronor
392 1579 161 47 årligen;
586 1577 73 36 den
688 1574 271 38 inkommande
989 1572 160 49 afgiften
1181 1572 56 36 till
1267 1583 145 24 samma
1442 1581 158 25 summa.
1656 1566 67 37 Ett
1748 1566 73 36 för-

227 1631 212 36 svinnande
468 1629 138 50 belopp
636 1627 152 38 således
817 1626 59 37 för
904 1624 257 38 statskassan!
1204 1624 75 36 För
1307 1621 165 37 handeln
1502 1625 41 32 är
1571 1619 65 37 det
1665 1622 20 33 å
1705 1618 117 36 andra

228 1682 107 37 sidan
367 1683 32 47 ej
430 1682 107 48 fråga
566 1695 60 22 om
657 1685 56 31 att
742 1678 146 48 årligen
918 1681 95 44 göra
1041 1689 47 23 en
1118 1675 207 49 besparing
1349 1674 41 36 af
1406 1673 124 37 denna
1551 1683 159 35 summa,
1730 1675 92 31 utan

228 1748 60 23 om
316 1732 308 50 möjliggörande
654 1732 41 36 af
719 1730 137 36 affärer
884 1728 87 37 med
1000 1727 238 37 främmande
1267 1738 111 24 varor
1406 1724 57 36 till
1484 1723 145 37 utrikes
1650 1728 71 41 ort,
1742 1734 80 23 som

229 1787 55 35 till
315 1785 94 49 följd
438 1786 40 35 af
502 1785 112 36 dessa
642 1782 156 49 afgifter
826 1780 138 37 hittills
994 1780 33 47 ej
1059 1779 147 36 kunnat
1235 1791 70 35 ega
1334 1790 93 23 rum.

356 1838 17 35 I
415 1837 63 36 det
506 1837 68 48 jag
602 1835 180 49 påpekar,
813 1837 55 32 att
896 1832 73 36 den
999 1830 116 50 hjelp,
1146 1843 80 24 som
1257 1827 222 50 härigenom
1510 1826 125 37 skulle
1664 1824 159 37 beredas

230 1889 177 47 handeln,
449 1893 139 42 genast
629 1887 76 36 kan
747 1885 153 36 komma
939 1884 244 48 köpmännen
1213 1881 10 36 i
1253 1881 72 37 alla
1354 1878 257 51 stapelstäder
1640 1876 56 38 till
1723 1876 101 49 godo

230 1942 70 35 och
329 1941 11 36 i
369 1940 118 49 öfrigt
515 1940 184 48 åberopar
728 1938 71 36 den
830 1935 220 48 utredning,
1080 1948 81 23 som
1191 1936 40 34 år
1255 1934 96 36 1886
1372 1931 168 49 egnades
1561 1930 126 37 denna
1703 1929 119 47 fråga,

230 1993 140 36 tillåter
393 1993 70 48 jag
491 1991 78 49 mig
597 1989 153 43 föreslå,

358 2050 55 30 att
454 2043 222 47 Riksdagen
718 2040 88 38 ville
842 2038 160 47 besluta,
1033 2042 56 31 att
1119 2037 74 36 den
1223 2033 328 50 nederlagsafgift,
1582 2032 157 37 hvilken
1768 2031 57 35 för

230 2096 110 47 gods,
369 2108 81 23 som
481 2098 19 32 å
529 2092 182 48 nederlag
741 2091 229 49 upplägges,
1000 2089 145 36 betalas
1177 2088 82 35 med
1291 2100 45 23 en
1366 2091 159 44 procent
1541 2086 41 36 af
1594 2086 64 35 det
1673 2083 150 48 belopp,

231 2146 154 37 hvartill
413 2146 234 47 tullafgiften
677 2145 56 34 för
761 2142 138 49 godset
928 2143 160 46 uppgår,
1119 2143 59 32 må
1208 2144 153 42 uttagas
1390 2138 96 35 först
1516 2137 7 35 i
1545 2134 280 47 sammanhang

232 2198 87 36 med
350 2196 255 49 tullafgiftens
636 2194 248 50 erläggande,
914 2192 198 36 äfvensom
1142 2196 55 31 att
1226 2191 73 35 den
1320 2188 329 49 nederlagsafgift,
1672 2199 80 23 som
1774 2199 50 22 nu

232 2250 190 48 erlägges,
466 2248 45 36 då
553 2245 305 51 nederlagsgods
903 2244 53 36 till
999 2243 145 36 utrikes
1183 2247 58 31 ort
1270 2245 80 32 åter
1378 2240 156 48 utföres,
1564 2242 60 34 må
1653 2237 172 50 upphöra

233 2307 55 31 att
316 2304 124 46 utgå.»
