2195 2695
385 231 41 33 20
621 232 102 31 Andra
747 232 192 30 Kammarens
964 230 166 39 Tillfälliga
1157 229 124 31 Utskotts
1304 229 65 36 (N:o
1396 227 30 40 1)
1454 228 151 32 Utlåtande
1627 228 58 31 N:o
1712 227 27 31 5.

382 322 43 29 är
453 315 13 35 i
495 312 113 39 behof
647 312 38 39 af
723 312 208 46 understöd,
973 319 87 44 äger
1101 316 66 41 att,
1200 310 94 38 efter
1321 310 196 50 styrelsens
1544 310 187 50 pröfning,
1759 308 139 39 erhålla
1927 314 53 32 ett

385 370 172 46 tillfälligt
598 368 198 38 understöd
837 367 40 38 af
916 367 197 38 etthundra
1154 367 137 37 kronor
1319 367 11 36 i
1360 365 177 38 månaden
1566 364 56 38 för
1650 378 45 24 en
1724 364 55 38 tid
1807 363 37 39 af
1871 364 108 50 högst

385 430 56 31 tre
470 426 43 48 på
543 424 207 36 hvarandra
779 422 162 50 följande
969 421 206 38 månader.»

492 478 127 38 Under
662 477 84 38 åren
785 479 257 38 1901—1907
1076 477 66 36 har
1171 477 118 36 denna
1317 475 77 38 sida
1423 474 40 37 af
1488 475 232 50 föreningens
1747 473 232 38 verksamhet

385 534 184 37 föranledt
608 533 240 37 utbetalande
891 531 41 38 af
971 532 198 37 understöd

626 588 41 37 år
700 590 95 37 1901
828 586 37 38 åt
921 590 21 36 8
972 599 170 38 personer
1170 586 83 37 med
1282 586 242 37 tillsammans
1557 586 109 41 1,750
1695 585 52 36 kr.

645 660 13 16 »
697 645 97 36 1902
844 659 10 16 >»
899 644 44 37 12
1062 659 10 15 >
1208 657 11 17 ,
1395 657 10 16 »
1550 641 116 43 3,050
1716 656 11 15 >

648 715 11 15 >»
702 699 94 36 1908
842 713 12 16 >»
922 700 22 35 8
1060 713 13 16 »
1208 712 10 16 »
1394 711 12 16 ,
1551 696 111 42 2,000
1713 711 10 15 >»

646 768 11 15 >
698 753 98 36 1904
845 767 11 16 >
924 754 19 34 7
1063 767 11 15 >
1209 766 11 15 ,
1396 765 11 15 >
1554 749 109 43 1,800
1713 764 11 15 >

647 823 11 15 >
698 807 98 37 1905
845 822 12 16 >
926 808 19 35 5
1064 821 11 16 >
1209 820 13 16 »
1397 820 11 16 »
1556 804 111 39 1,300
1712 819 12 15 >

645 877 11 15 >
696 862 98 36 1906
844 876 11 16 >
921 862 20 36 5
1060 876 12 15 >
1206 875 11 16 >
1393 873 13 18 »
1550 858 113 40 1,400
1713 873 10 15 >

647 930 14 18 >»
700 916 95 37 1907
844 936 12 12 >
922 916 19 36 Y7
1062 928 12 19 »
1207 928 13 19 >
1394 928 12 16 »
1553 912 110 42 1,700
1714 926 12 18 >

492 970 236 48 Föreningen,
759 982 78 24 som
866 971 37 35 år
937 970 94 37 1907
1065 968 92 36 hade
1187 970 71 36 787
1292 967 125 36 aktiva
1444 966 250 46 medlemmar,
1714 964 148 38 utöfvar
1878 966 101 36 inom

385 1026 76 36 sina
489 1025 184 49 egentliga
701 1023 172 37 områden
901 1036 44 24 en
974 1023 149 50 mycket
1150 1020 263 52 betydelsefull
1441 1020 243 37 verksamhet.

494 1079 80 37 Den
599 1078 260 38 ofvanstående
887 1077 330 50 framställningen,
1244 1089 79 24 som
1352 1074 39 38 af
1416 1076 185 49 naturliga
1624 1075 80 37 skäl
1732 1074 128 37 endast
1888 1074 92 37 kun-

386 1140 62 31 nat
485 1135 130 36 beröra
653 1134 94 36 vissa
783 1132 238 50 hufvuddrag
1054 1131 39 37 af
1119 1131 172 50 frågorna
1319 1144 61 23 om
1409 1130 285 37 arbetslösheten
1723 1131 68 35 och
1820 1142 61 23 om
1910 1128 68 38 för-

387 1189 195 49 säkringen
622 1193 79 31 mot
742 1187 79 37 dess
858 1187 238 37 ekonomiska
1137 1185 145 49 följder,
1316 1185 103 36 torde
1448 1185 94 36 dock
1571 1183 110 37 hafva
1708 1183 197 50 ådagalagt
1933 1184 45 36 de

386 1242 218 37 dithörande
643 1241 242 50 spörsmålens
927 1240 229 38 omfattande
1190 1239 196 51 betydelse.
1442 1237 302 40 Arbetslösheten
1773 1236 141 38 medför
1941 1236 38 38 så

386 1298 197 47 allvarliga
623 1295 98 38 faror
762 1295 57 38 för
846 1296 192 37 geamhället
1065 1296 67 36 och
1161 1294 240 45 individerna,
1428 1299 55 31 att
1512 1294 78 36 dess
1618 1293 250 48 bekämpande
1896 1292 83 36 med

387 1352 72 35 alla
498 1351 121 37 medel
661 1351 148 36 alltmer
851 1350 73 37 blir
964 1363 45 23 en
1051 1349 187 49 bjudande
1265 1347 280 51 nödvändighet.
1600 1347 126 38 Redan
1755 1347 69 36 den
1853 1345 125 38 ofvan-

386 1405 165 46 berörda,
578 1406 12 35 i
619 1404 214 38 Stockholm
861 1403 39 38 år
931 1406 100 37 1894
1059 1404 157 36 tillsatta
1244 1403 222 36 kommittén
1495 1401 58 38 för
1572 1401 201 37 utredande
1793 1400 41 37 af
1850 1400 130 50 frågan

386 1473 62 24 om
489 1459 171 50 åtgärder
692 1465 78 31 mot
799 1459 294 42 arbetslösheten,
1123 1458 150 37 hvilken
1297 1458 192 36 kommitté
1517 1460 64 47 tog
1609 1456 208 37 kännedom
1845 1469 62 23 om
1935 1455 45 37 de

385 1515 13 36 i
426 1514 95 37 Bern
560 1514 68 37 och
669 1512 52 39 &St
749 1512 133 39 Gallen
910 1512 191 51 samtidigt
1128 1512 127 50 gjorda
1283 1511 114 37 första
1425 1512 166 36 försöken
1619 1511 61 36 till
1708 1510 271 38 arbetslöshets-

385 1567 216 51 försäkring,
630 1568 164 37 uttalade
822 1567 117 38 såsom
967 1568 55 36 sin
1051 1568 161 48 mening,
1242 1571 54 32 att
1323 1566 196 45 desamma,
1550 1567 119 35 ehuru
1699 1565 45 37 då
1773 1571 99 30 ännu
1901 1565 78 36 icke

386 1630 166 29 närmare
592 1621 184 51 pröfvade,
820 1622 270 49 otvifvelaktigt
1126 1634 85 24 vore
1252 1621 174 49 förtjänta
1463 1619 41 37 af
1544 1620 207 50 »synnerlig
1784 1619 196 50 uppmärk-

385 1673 179 55 samhet».
1435 1718 8 6 .

483 1731 119 37 Sedan
630 1730 79 38 dess
738 1732 48 35 ha
813 1743 44 24 en
887 1731 58 36 rik
974 1729 208 38 erfarenhet
1200 1743 61 23 om
1285 1727 516 50 arbetslöshetsförsäkringen
1820 1727 159 46 vunnits,

386 1785 68 37 och
495 1798 87 23 man
619 1786 73 36 kan
733 1798 154 24 numera
915 1784 84 37 med
1029 1784 228 37 bestämdhet
1284 1790 90 43 göra
1402 1782 179 50 gällande,
1609 1787 55 32 att
1691 1784 45 47 på
1764 1782 69 37 den
1862 1789 117 43 vägen

386 1840 148 49 mycket
575 1840 72 35 kan
689 1844 164 31 uträttas.
908 1838 181 38 Särskildt
1130 1839 66 35 har
1236 1838 63 36 det
1340 1838 92 36 visat
1468 1838 63 48 sig,
1564 1839 55 34 att
1647 1842 118 31 staten
1793 1837 73 35 kan
1896 1836 83 36 med

385 1895 106 48 ringa
519 1893 239 50 själfkostnad
786 1899 226 44 uppmuntra
1041 1891 483 51 själfhjälpsverksamheten
1553 1894 48 46 på
1629 1891 101 36 detta
1758 1889 158 47 område,
1941 1889 38 38 så

386 1948 54 37 att
469 1948 68 37 den
567 1948 122 37 bildar
716 1961 45 23 en
789 1947 59 38 för
876 1953 96 31 stora
999 1960 163 37 grupper
1185 1948 37 35 af
1250 1947 247 49 arbetstagare
1517 1947 91 35 fullt
1631 1944 347 51 tillfyllestgörande

386 2001 323 50 försäkringsform
749 2007 79 31 mot
865 2003 43 36 de
937 2002 235 36 ekonomiska
1200 2000 183 50 följderna
1411 2001 37 36 af
1476 2000 251 37 arbetslöshet.
1785 1999 72 37 Det
1886 1999 93 36 lider

385 2057 92 35 intet
519 2056 130 37 tvifvel
686 2062 54 30 att
782 2055 109 38 äfven
928 2056 65 37 hos
1024 2069 58 23 oss
1109 2061 52 31 ett
1188 2056 218 50 ingripande
1434 2053 81 38 från
1543 2059 118 32 staten
1690 2054 13 36 i
1731 2052 128 38 sådant
1882 2054 95 50 syfte

386 2111 122 36 skulle
537 2109 119 38 blifva
685 2112 39 34 af
751 2113 131 34 största
911 2115 113 45 nytta.

438 2164 217 38 Emellertid
697 2165 96 36 lärer
835 2178 86 23 man
961 2165 80 36 icke
1070 2164 12 36 i
1111 2163 146 50 frågans
1298 2163 214 37 nuvarande
1545 2164 83 48 läge
1657 2163 205 49 lämpligen
1890 2164 87 35 böra

386 2218 223 50 ifrågasätta,
642 2224 54 31 att
724 2223 118 33 staten
869 2219 112 37 redan
1010 2232 50 24 nu
1089 2219 120 37 skulle
1235 2217 46 50 på
1309 2221 53 34 ett
1389 2218 92 37 eller
1509 2222 113 32 annat
1650 2221 69 33 sätt
1747 2217 230 38 ekonomiskt

386 2273 236 50 understödja
651 2273 520 49 arbetslöshetsförsäkringen.
1228 2272 133 37 Därtill
1391 2272 139 37 fordras
1553 2271 261 50 obestridligen
1834 2284 44 24 en
1897 2278 79 30 när-

385 2340 100 24 mare
513 2328 217 46 kännedom,
757 2331 45 33 än
831 2328 70 36 den
930 2328 36 37 vi
994 2341 49 24 nu
1073 2335 78 42 aga,
1180 2327 152 36 rörande
1361 2327 302 36 arbetslöshetens
1691 2331 65 40 art,
1778 2325 199 37 förekomst
