2186 2612
382 150 21 28 4
555 171 3 3 »
615 151 117 32 Andra
756 153 205 35 kammarens
984 136 114 54 femte
1122 159 166 42 tillfälliga
1312 164 132 31 utskotts
1467 166 162 32 utlåtarde
1652 168 53 31 Nr
1730 172 31 29 2.

486 238 199 28 Närvarande:
714 241 100 27 herrar
842 243 122 33 Laurén,
993 246 156 27 Andersson
1176 249 9 25 i
1213 250 116 34 Rasjön,
1350 251 159 34 Blomqvist,
1528 254 129 35 Norling,
1677 256 145 35 Fjellman,
1839 261 141 27 Johanson

380 271 8 25 i
408 272 157 34 Hörninge,
585 274 164 34 Lindmark,
769 278 119 33 Norsell,
909 280 129 27 Hansson
1057 283 7 24 i
1085 284 77 26 Bäck
1182 285 53 26 och
1249 285 176 30 Andersson
1414 281 18 46 i
1438 289 163 34 Tungelsta.

1027 590 292 44 Reservation

373 690 64 35 har
465 694 153 35 anmälts

482 746 67 47 1:o)
580 760 46 23 av
654 749 84 35 herr
764 749 199 40 Johanson
992 753 12 35 i
1032 756 200 48 Hörninge.

479 799 69 47 2:0)
580 813 44 23 av
653 802 123 36 herrar
804 805 223 38 Andersson
1056 808 12 35 i
1097 810 135 48 Rasjön
1261 813 65 34 och
1353 813 184 38 Hansson
1557 816 13 35 i
1589 816 112 47 Bäck,
1722 819 99 37 vilka
1840 827 131 42 ansett,

368 854 53 32 att
463 852 115 48 fjärde
620 856 142 46 stycket
799 857 12 35 i
848 860 195 36 utskottets
1084 864 217 48 motivering
1343 867 80 36 bort
1464 870 136 35 erhålla
1628 871 159 49 följande
1815 875 150 46 lydelse:

480 920 13 17 >
502 906 229 39 Beträffande
760 914 76 32 åter
864 914 289 49 anmärkningen
1182 920 151 34 rörande
1361 921 44 35 de
1424 921 197 38 insamlade
1641 922 329 57 prisuppgifternas

368 957 273 51 tillförlitlighet
682 963 73 35 kan
797 966 177 37 utskottet
1014 968 82 36 icke
1138 972 188 36 underlåta
1368 978 52 32 att
1453 975 191 38 framhålla
1673 979 209 48 betydelsen
1910 996 58 33 av,

366 1014 53 32 att
460 1013 103 36 dessa
606 1016 186 48 verkligen
833 1032 45 35 ge
921 1033 44 23 en
1007 1022 242 38 oförvanskad
1291 1027 76 36 bild
1409 1041 44 23 av
1495 1031 351 46 prisförhållandena
1875 1039 19 33 å
1923 1038 43 35 de

366 1066 204 46 respektive
612 1073 154 34 orterna.
824 1074 68 35 Att
933 1076 205 46 uppenbart
1167 1079 167 48 oriktiga
1376 1083 186 47 uppgifter
1600 1087 285 37 understundom
1914 1091 50 35 in-

365 1117 153 47 komma,
563 1122 159 48 framgår
762 1121 45 40 av
839 1129 306 47 socialstyrelsens
1174 1136 250 34 ovannämnda
1452 1136 213 50 förklaring,
1696 1142 64 34 och
1790 1148 90 30 även
1909 1157 55 23 om

365 1171 60 36 vid
467 1173 317 41 siffermaterialets
828 1180 237 50 bearbetning
1107 1185 183 49 åtskilliga
1332 1200 45 24 av
1414 1190 101 35 dessa
1545 1192 248 48 bortjusteras,
1824 1199 38 33 så
1891 1198 72 35 kan

362 1237 84 23 man
488 1228 90 47 hysa
607 1230 70 35 den
705 1231 188 49 farhågan;
923 1239 53 32 att
1003 1238 114 34 andra
1145 1238 80 37 icke
1254 1243 362 45 uppmärksammade
1645 1247 49 35 fel
1722 1248 147 37 kvarstå
1897 1253 65 34 och

363 1278 186 50 obehörigt
576 1282 153 37 inverka
756 1289 46 44 på
830 1287 175 47 indexen;
1031 1291 45 34 då
1105 1292 71 35 den
1204 1296 157 34 centrala
1379 1297 506 52 granskningsmyndigheten
1905 1306 58 35 väl

361 1333 127 36 endast
524 1335 13 35 i
574 1336 103 48 fråga
719 1351 55 23 om
818 1341 94 36 vissa
955 1345 167 47 varuslag
1164 1346 73 36 kan
1272 1351 44 44 på
1345 1352 150 34 avstånd
1525 1352 150 36 bedöma
1704 1355 44 35 de
1775 1358 185 46 uppgivna

361 1386 179 46 prisernas
584 1390 192 49 rimlighet.
835 1395 82 36 Den
959 1397 168 46 kontroll,
1171 1412 74 23 som
1288 1403 43 34 de
1361 1403 230 38 kommunala
1621 1408 296 48 myndigheterna
1948 1412 12 35 i

359 1440 309 47 uppgiftsorterna
696 1446 56 35 för
779 1451 224 35 närvarande
1031 1452 47 34 ha
1106 1452 143 37 tillfälle
1277 1459 53 32 att
1359 1462 76 40 öva,
1465 1459 84 35 sker
1573 1461 217 37 åtminstone
1810 1466 45 45 på
1876 1466 84 35 flera

359 1493 73 35 håll
473 1497 140 44 ganska
655 1501 234 36 summariskt
927 1505 65 34 och
1020 1505 122 36 består
1169 1507 12 34 i
1210 1508 196 38 allmänhet
1433 1524 45 24 av
1506 1515 196 45 yttranden
1730 1516 13 34 i
1771 1517 190 38 efterhand

358 1549 175 35 avseende
575 1551 124 47 längre
741 1553 248 48 tidsperioder.
1047 1559 72 34 Det
1161 1572 106 35 synes
1309 1564 187 45 utskottet,
1531 1579 75 22 som
1637 1580 56 22 om
1722 1570 60 35 det
1810 1584 51 22 nu
1890 1572 70 36 till-

358 1600 162 48 lämpade
553 1608 172 43 systemet
753 1606 55 36 för
836 1610 407 50 uppgiftsinsamlingen
1271 1614 153 38 innebär
1452 1630 44 23 en
1524 1622 111 45 något
1664 1621 54 35 för
1746 1626 74 32 stor
1847 1624 112 38 tilltro

357 1653 56 36 till
455 1668 43 22 en
541 1659 92 34 enda
676 1672 146 34 persons
857 1664 161 35 omdöme
1047 1666 65 34 och
1142 1667 240 48 objektivitet,
1413 1675 91 32 samt
1532 1677 53 32 att
1614 1675 121 35 därför
1763 1689 45 22 en
1836 1678 123 49 skärp-

356 1708 89 47 ning
486 1722 45 24 av
573 1712 71 34 den
681 1713 119 36 lokala
829 1715 204 38 kontrollen
1063 1724 84 31 över
1175 1721 277 46 prismaterialet
1480 1738 83 24 vore
1593 1728 192 37 önskvärd.
1843 1733 115 35 Even-

354 1762 105 35 tuellt
500 1763 125 37 kunde
669 1767 232 47 uppgifterna
942 1772 177 45 granskas
1162 1775 65 34 och
1270 1776 199 37 verificeras
1512 1792 44 24 av
1585 1781 134 36 ombud
1748 1783 56 35 för
1832 1785 124 37 länens

354 1815 415 52 hushållningssällskap
798 1822 87 35 eller
907 1825 204 46 respektive
1132 1830 111 33 orters
1264 1829 584 55 köpmannasammanslutningar,
1870 1840 87 35 eller

354 1868 66 35 ock
461 1871 113 35 andra
617 1873 170 48 lämpliga
815 1878 167 45 åtgärder
1011 1879 164 48 vidtagas
1204 1881 12 35 i
1244 1883 95 46 syfte
1367 1888 53 32 att
1448 1890 84 32 ernå
1561 1891 115 32 större
1704 1890 168 37 säkerhet
1901 1893 56 35 för

353 1921 43 35 de
438 1923 256 39 inkommande
736 1928 389 50 primäruppgifternas
1168 1935 204 48 pålitlighet
1413 1940 64 34 och
1520 1941 56 34 för
1617 1944 53 33 att
1708 1943 148 49 skingra
1885 1947 69 35 den

351 1976 155 45 misstro,
537 1991 77 23 som
642 1992 50 23 nu
722 1982 104 35 råder
855 1988 73 31 mot
957 1982 699 64 levnadskostnadsindexberäkningen.

764 2345 173 34 Stockholm,
958 2348 31 25 O.
1008 2338 31 36 L.
1060 2349 167 28 Svanbäcks
1246 2352 186 33 Boktryckeri
1454 2356 76 26 1922.
