2230 2642
671 155 364 41 Bevillningsutskottets
1058 154 196 32 betänkande
1277 153 54 31 Nr
1353 154 52 30 28.
1752 153 42 30 45

362 236 74 35 Vid
472 235 286 46 utminutering
789 236 64 33 må
883 234 31 46 ej
944 234 159 44 tillåtas,
1133 235 60 33 att
1220 236 122 43 något
1371 245 47 22 av
1446 233 66 34 det
1541 232 106 35 sålda
1673 231 164 36 förtäres

233 291 51 44 på
311 286 449 48 utminuteringsstället.
815 286 75 35 Vid
917 285 269 47 utskänkning
1214 288 63 33 må
1306 284 32 47 ej
1368 284 160 45 tillåtas,
1559 286 60 33 att
1646 286 120 45 något
1790 296 47 23 av

232 341 68 35 det
327 340 107 36 sålda
461 339 86 36 från
574 338 422 47 utskänkningsstället
1023 337 199 36 medföres.

362 392 89 35 Med
491 391 193 46 rättighet
727 390 62 35 till
830 389 286 46 utminutering
1154 401 47 23 av
1235 388 265 47 spritdrycker
1528 387 112 46 följer
1666 390 81 33 rätt
1774 387 62 36 till

233 443 285 46 utminutering
557 454 48 23 av
642 442 66 35 vin
742 441 73 36 och
844 441 38 35 öl
910 443 100 33 samt
1037 441 88 34 med
1152 442 83 33 rätt
1261 440 63 35 till
1351 439 269 46 utskänkning
1648 451 47 23 av
1723 439 113 46 sprit-

234 494 167 46 drycker
427 493 194 47 rättighet
648 493 63 36 till
739 492 268 47 utskänkning
1036 491 139 36 avevin
1206 491 71 35 och
1306 491 48 35 öl.

1002 615 19 33 3
1043 590 38 73 8.

368 705 31 32 1.
456 701 273 47 Spritdrycker
770 700 73 35 och
884 699 65 35 vin
990 702 64 32 må
1088 702 22 32 å
1138 699 146 46 apotek
1310 698 61 35 för
1397 698 235 35 medicinskt
1659 698 179 35 ändamål

234 754 115 47 säljas
383 756 51 44 på
468 753 164 46 behörig
659 752 165 44 läkares,
855 751 212 35 veterinärs
1096 751 93 35 eller
1215 750 249 36 tandläkares
1492 753 133 42 recept
1653 749 72 35 och
1752 750 86 34 med

234 805 257 47 iakttagande
534 816 47 23 av
622 804 46 35 de
710 803 190 36 särskilda
938 802 253 45 föreskrifter,
1221 814 80 23 som
1329 802 134 35 därom
1492 801 133 35 kunna
1652 801 184 35 utfärdas.

236 857 146 36 Sådant
409 859 134 44 recept
570 855 100 35 skall
698 854 247 36 kvarlämnas
974 854 72 35 och
1074 854 173 35 förvaras
1276 856 21 32 å
1326 852 196 47 apoteket.

365 909 17 34 I
410 908 186 35 avseende
626 909 21 33 å
675 906 230 47 försäljning
934 918 46 22 av
1005 906 144 35 sådana
1167 904 225 45 läkemedel,
1413 916 81 23 som
1513 904 196 35 innehålla
1728 904 110 46 sprit,

235 960 124 47 gäller
385 960 75 35 vad
489 960 136 35 därom
654 964 43 30 är
725 957 158 36 särskilt
911 957 167 46 stadgat.

367 1014 33 33 2.
456 1011 209 46 Angående
706 1009 230 47 försäljning
970 1021 48 23 av
1045 1008 233 46 rusdrycker
1304 1007 61 36 för
1392 1007 299 47 vetenskapligt,
1720 1007 118 35 medi-

235 1063 140 46 cinskt,
404 1061 311 46 farmaceutiskt,
743 1061 189 44 tekniskt,
961 1060 240 36 industriellt
1229 1060 93 36 eller
1349 1060 165 35 likartat
1542 1059 179 36 ändamål
1740 1062 99 32 samt

236 1128 47 23 av
310 1116 66 35 vin
396 1115 61 36 för
474 1114 178 47 kyrkligt
672 1113 129 36 behov
819 1113 193 36 meddelas
1032 1112 190 36 särskilda
1240 1112 289 35 bestämmelser
1547 1124 48 22 av
1613 1112 225 45 Konungen.

997 1235 22 32 4
1049 1232 30 45 8.

370 1323 32 33 1.
458 1319 189 36 Tillstånd
688 1319 63 35 till
791 1318 230 47 försäljning
1055 1330 48 23 av
1130 1318 231 46 rusdrycker
1389 1317 123 46 enligt
1540 1317 126 35 denna
1692 1316 148 36 förord-

235 1372 98 46 ning
360 1374 65 33 må
453 1372 33 46 ej
516 1370 195 36 meddelas
741 1383 128 23 annan
896 1382 140 35 person
1065 1376 49 29 än
1142 1370 85 45 den,
1258 1381 80 24 som
1366 1375 93 40 äger
1486 1369 76 47 god
1591 1368 109 47 frejd,
1729 1369 113 35 råder

237 1428 92 31 över
369 1423 58 47 sig
470 1423 73 35 och
571 1422 69 36 sitt
667 1423 107 45 gods,
804 1422 106 47 gjort
938 1422 57 46 sig
1022 1421 107 36 känd
1156 1421 61 35 för
1246 1421 263 45 ordentlighet
1537 1423 100 33 samt
1663 1424 138 42 prövas
1828 1420 13 34 i

237 1475 130 47 övrigt
394 1487 95 23 vara
517 1473 163 48 lämplig
707 1474 63 35 till
798 1474 188 36 rörelsens
1014 1473 208 35 utövande.

368 1529 34 33 2.
458 1526 146 36 Sådant
644 1526 178 35 tillstånd
862 1528 63 33 må
966 1524 32 47 ej
1041 1525 195 36 meddelas
1278 1525 162 35 ämbets-
1475 1523 94 36 eller
1595 1523 245 47 tjänsteman,

236 1591 81 24 som
359 1578 63 36 till
462 1578 96 46 följd
599 1590 48 23 av
688 1578 58 35 sin
788 1577 222 47 befattning
1051 1577 79 35 kan
1171 1577 157 35 komma
1369 1578 62 33 att
1471 1576 157 46 deltaga
1668 1576 13 35 i
1716 1575 127 36 beslut

237 1631 199 47 angående
465 1630 256 46 tillverkning
749 1630 94 35 eller
866 1629 229 47 försäljning
1116 1641 47 23 av
1181 1628 232 46 rusdrycker
1432 1628 93 35 eller
1544 1628 162 35 däröver
1724 1630 119 33 utöva

237 1683 143 46 tillsyn,
425 1681 248 36 ecklesiastik
708 1682 165 35 ämbets-
902 1681 94 35 eller
1023 1680 248 46 tjänsteman,
1306 1679 281 47 kyrkobetjänt
1615 1679 92 35 eller
1733 1679 13 35 i
1775 1679 67 35 all-

237 1739 91 31 män
356 1733 123 46 tjänst
507 1733 167 35 anställd
701 1733 138 35 lärare.

370 1787 32 34 3.
459 1785 94 45 Den,
582 1797 82 23 som
692 1785 124 46 enligt
846 1786 44 33 12
921 1783 18 46 $
970 1786 17 32 1
1019 1795 115 24 mom.
1165 1789 93 41 äger
1284 1785 82 33 rätt
1393 1782 62 36 till
1482 1781 246 47 partihandel
1756 1782 86 35 med

237 1836 244 47 rusdrycker,
501 1838 64 33 må
585 1836 32 45 ej
639 1836 169 36 tilldelas
826 1835 193 47 rättighet
1038 1835 62 35 till
1119 1834 264 47 detaljhandel
1401 1834 88 35 med
1509 1834 144 35 sådana
1668 1833 173 47 drycker.

369 1891 34 33 4,
459 1888 44 46 Ej
533 1888 123 35 heller
682 1890 64 33 må
773 1887 178 36 tillstånd
978 1887 62 36 till
1067 1886 230 47 försäljning
1325 1899 47 22 av
1396 1885 232 47 rusdrycker
1651 1885 193 36 meddelas

238 1941 87 45 den,
355 1952 83 23 som
465 1943 141 32 utövar
633 1939 255 47 tillverkning
915 1939 14 35 i
956 1938 220 36 skattefritt
1203 1938 192 46 bryggeri.

372 1994 33 33 5.
461 1992 93 45 Den,
585 2003 80 24 som
694 1991 33 46 ej
759 1996 92 41 äger
878 1990 120 35 undfå
1025 1990 178 36 tillstånd
1231 1990 62 35 till
1321 1989 228 46 försäljning
1577 1989 123 46 enligt
1718 1989 126 35 denna

238 2043 32 46 8,
290 2046 64 33 må
383 2042 33 47 ej
436 2043 124 35 heller
577 2055 95 23 vara
691 2042 334 47 styrelseledamot
1044 2042 93 35 eller
1156 2041 180 47 delägare
1354 2041 14 35 i
1386 2041 128 46 bolag,
1536 2052 133 24 varom
1687 2040 13 35 i
1720 2040 125 36 denna

238 2095 231 46 förordning
497 2100 98 41 sägs,
624 2095 103 35 dock
755 2097 61 33 att
844 2093 248 37 ecklesiastik
1121 2093 166 36 ämbets-
1315 2093 92 35 eller
1433 2092 248 47 tjänsteman,
1701 2092 143 45 kyrko-

237 2146 155 47 betjänt
425 2146 94 35 eller
546 2147 13 34 i
588 2146 143 36 allmän
763 2145 122 47 tjänst
914 2145 169 36 anställd
1110 2145 126 36 lärare
1264 2148 63 32 må
1354 2156 93 23 vara
1475 2144 330 46 styrelseledamot
1832 2143 13 34 i

239 2198 139 36 sådant
406 2198 127 46 bolag.
