2200 2640
442 159 59 30 128
824 159 361 41 Bevillningsutskottets
1209 158 194 32 betänkande
1427 159 53 31 Nr
1502 159 51 31 28.

524 240 60 34 att
625 249 139 36 genom
805 238 282 47 upplysningar
1127 238 73 36 och
1236 238 71 35 råd
1333 237 63 36 till
1422 237 199 48 försäljare
1649 238 95 36 söka
1784 238 214 48 förebygga

393 289 194 36 missbruk
616 301 47 23 av
692 289 310 47 alkoholhaltiga
1031 289 178 46 drycker;

525 344 60 32 att
624 341 144 35 bereda
808 341 46 35 de
895 342 180 44 ärenden,
1116 341 213 35 berörande
1362 339 459 48 nykterhetstillståndet,
1850 341 147 35 vilka
1977 335 25 56 i

394 393 87 35 stad
501 404 47 24 av
567 391 351 49 stadsfullmäktige
938 393 72 36 och
1029 395 50 44 på
1099 392 133 36 landet
1252 404 47 23 av
1317 392 392 36 kommunalstämma
1727 392 62 36 till
1803 393 194 35 nämnden

392 444 237 46 remitteras;
659 448 100 33 samt

523 499 60 33 att
623 496 63 36 till
718 496 352 48 stadsfullmäktige
1100 497 92 35 eller
1219 496 419 37 kommunalstämman
1666 500 95 43 göra
1788 496 208 36 framställ-

392 548 96 46 ning
516 560 63 23 om
606 548 237 47 vidtagande
872 561 47 24 av
946 547 443 48 nykterhetsfrämjande
1419 549 183 45 åtgärder
1630 548 72 35 och
1731 548 138 46 avgiva
1897 548 100 46 årlig

392 599 209 36 berättelse
630 599 198 47 angående
857 600 58 35 sin
943 599 248 37 verksamhet
1220 598 73 36 och
1312 603 92 31 över
1423 599 448 46 nykterhetstillståndet
1889 599 107 36 inom

392 650 247 36 kommunen.

1137 773 48 33 45
1215 771 30 45 8.

522 856 73 36 Det
641 856 150 48 åligger
830 857 234 46 Konungens
1104 856 410 47 befallningshavande
1557 858 60 34 att
1658 855 194 36 övervaka
1892 855 103 36 iakt-

390 908 191 47 tagandet
610 920 47 24 av
685 909 74 36 vad
787 909 13 36 1
828 909 124 35 denna
980 908 228 47 förordning
1236 913 43 31 är
1306 908 168 47 stadgat.

521 961 331 47 Polismyndighet
879 961 14 36 i
921 962 86 35 stad
1038 963 101 34 samt
1166 960 280 47 kronobetjänt
1475 960 72 36 och
1574 959 371 37 kommunalnämnd
1974 961 22 33 å

390 1012 135 36 landet
566 1013 109 35 skola
716 1013 113 45 tillse,
873 1016 60 32 att
970 1016 22 32 å
1029 1013 122 45 ställe,
1181 1013 71 35 där
1279 1012 264 46 detaljhandel
1570 1012 88 35 med
1686 1011 310 46 alkoholhaltiga

390 1063 168 46 drycker
584 1064 123 44 idkas,
737 1064 166 46 ordning
930 1064 200 46 iakttages
1158 1066 99 32 samt
1282 1064 46 34 de
1347 1063 14 35 i
1380 1064 125 34 denna
1524 1063 228 46 förordning
1771 1062 224 35 meddelade

391 1113 243 37 föreskrifter
661 1126 102 35 noga
792 1114 221 47 efterföljas.

521 1166 76 36 För
636 1166 149 47 köping
826 1166 93 36 eller
961 1169 121 33 annat
1123 1166 156 36 område
1318 1168 22 33 å
1375 1166 144 45 landet,
1554 1164 62 37 för
1642 1165 124 35 vilket
1794 1164 201 47 ordnings-

392 1218 165 46 stadgan
584 1218 60 36 för
670 1219 123 35 rikets
820 1219 130 35 städer
979 1224 43 30 är
1049 1219 14 35 i
1086 1218 234 47 tillämpliga
1341 1218 106 35 delar
1465 1217 191 47 gällande,
1677 1219 63 33 må
1761 1217 234 45 Konungens

391 1269 408 47 befallningshavande
839 1270 184 36 förordna
1063 1270 162 46 lämplig
1265 1269 191 46 polisman
1489 1271 59 33 att
1575 1268 168 47 fullgöra
1769 1268 76 35 vad
1872 1268 123 46 enligt

390 1320 128 35 denna
540 1321 228 46 förordning
797 1321 149 47 åligger
974 1320 288 46 kronobetjänt.

1136 1444 48 33 46
1214 1441 30 46 8.

521 1528 237 35 Innehavare
803 1540 48 23 av
890 1528 193 47 rättighet
1123 1528 62 36 till
1226 1527 263 47 detaljhandel
1530 1526 92 36 eller
1649 1526 13 35 i
1689 1526 97 35 hans
1812 1525 181 35 frånvaro

391 1580 85 44 den,
520 1591 81 23 som
642 1579 279 47 försäljningen
962 1579 244 46 ombesörjer,
1249 1591 91 23 vare
1369 1579 176 45 skyldiga
1574 1580 60 33 att
1661 1577 98 35 efter
1786 1576 208 36 anfordran

391 1631 129 35 lämna
557 1631 98 45 dem,
686 1643 80 24 som
794 1631 100 35 hava
923 1633 60 33 att
1010 1634 94 43 taga
1130 1630 223 47 befattning
1380 1630 87 36 med
1495 1630 133 45 tillsyn
1656 1631 22 33 å
1706 1627 287 37 efterlevnaden

392 1694 46 23 av
480 1683 124 35 denna
645 1683 238 46 förordning,
926 1683 174 36 tillträde
1142 1682 62 36 till
1241 1682 46 35 de
1321 1680 399 49 försäljningsställen,
1749 1679 106 36 vilka
1883 1680 110 35 deras

389 1734 382 46 tjänsteåligganden
800 1747 98 23 avse.

1141 1857 46 32 47
1218 1853 30 46 8.

520 1940 187 36 Tredskas
734 1941 117 47 bolag
879 1944 60 33 att
966 1940 169 48 fullgöra
1163 1941 46 34 de
1237 1940 13 35 i
1279 1940 124 36 denna
1427 1938 229 50 förordning
1675 1937 60 36 för
1752 1938 117 46 bolag
1887 1936 104 36 med-

390 1992 136 36 delade
553 1991 243 37 föreskrifter
824 1993 93 35 eller
944 1993 46 35 de
1018 1992 253 45 föreskrifter,
1301 2004 81 24 som
1409 1985 362 51 kontrollstyrelsen
1794 1989 79 36 kan
1891 1988 101 36 hava

390 2043 61 36 för
491 2044 159 47 bolaget
690 2043 186 46 utfärdat,
920 2049 92 42 äger
1052 2044 236 46 Konungens
1327 2042 409 47 befallningshavande
1778 2041 98 36 efter
1913 2051 78 24 om-

391 2095 319 47 ständigheterna
746 2073 198 69 förelägga
980 2096 176 46 bolagets
1184 2095 375 46 styrelseledamöter
1585 2093 79 35 vite
1694 2093 93 35 eller
1812 2090 180 59 förbjuda

390 2147 159 46 bolaget
577 2149 60 34 att
665 2147 98 36 efter
790 2150 126 33 utsatt
944 2147 126 47 skälig
1097 2147 58 35 tid
1183 2146 184 36 fortsätta
1386 2146 88 36 med
1493 2144 287 47 försäljningen,
1802 2156 63 24 om
1889 2143 32 46 ej
1945 2142 46 35 de

392 2199 210 35 åsidosatta
621 2198 293 37 föreskrifterna
942 2199 210 46 iakttagas,
1184 2199 93 35 eller
1306 2198 190 36 återkalla
1525 2196 174 47 bolagets
1717 2196 192 46 rättighet
1929 2194 62 36 till

389 2250 266 46 detaljhandel
683 2253 60 33 att
771 2251 178 46 upphöra
976 2251 88 35 med
1090 2250 169 47 löpande
1287 2250 249 36 kalenderårs
1564 2251 160 45 utgång.
