2206 2644
440 159 60 31 120
820 160 365 43 Bevillningsutskottete
1208 162 195 32 betänkande
1426 161 53 35 Nr
1501 165 52 31 28.

1141 366 46 33 29
1212 337 36 72 8.

520 481 74 36 Vid
634 481 249 48 hälsobrunn,
929 483 138 36 badort
1109 484 93 36 eller
1235 496 127 24 annan
1389 485 152 46 kurort,
1571 485 71 36 där
1669 485 165 37 särskild
1861 487 136 36 läkare

389 532 121 36 finnes
551 533 178 46 anställd,
767 537 64 33 må
857 537 51 44 på
935 535 135 36 därom
1097 535 114 47 gjord
1239 536 218 47 ansökning
1484 537 235 47 Konungens
1745 537 250 49 befallnings-

389 583 188 47 havande,
619 585 117 35 sedan
776 586 353 48 stadsfullmäktige
1170 587 92 36 eller
1298 587 393 37 kommunalstämma
1722 589 168 36 lämnats
1917 590 79 35 till-

389 634 90 36 fälle
524 638 62 33 att
631 639 108 43 yttra
784 637 69 46 sig,
903 637 133 36 kunna
1082 639 175 35 meddela
1301 639 193 47 rättighet
1534 639 63 36 till
1637 639 269 50 utskänkning
1946 654 49 23 av

390 686 311 49 alkoholhaltiga
741 688 166 47 drycker
947 688 61 37 för
1047 689 160 37 kortare
1248 690 60 36 tid
1348 696 49 30 än
1438 693 54 44 år,
1535 691 101 36 dock
1677 694 62 34 att
1773 692 67 37 vid
1872 693 120 36 sådan

388 739 269 48 utskänkning
685 741 189 46 egentligt
901 742 193 36 brännvin
1121 745 64 33 må
1212 742 318 37 tillhandahållas
1558 744 137 36 endast
1722 745 65 35 vid
1809 745 184 36 måltider

389 793 42 34 åt
458 791 177 46 spisande
663 795 140 44 gäster.

1137 967 46 34 23
1214 965 30 46 8.

516 1082 204 47 Rättighet
739 1082 63 36 till
820 1083 268 48 utskänkning
1108 1097 47 23 av
1175 1085 310 47 alkoholhaltiga
1505 1085 165 47 drycker
1689 1088 22 33 å
1726 1098 265 35 passagerare-

387 1132 131 48 fartyg
544 1136 64 33 må
635 1137 51 44 på
713 1134 218 49 ansökning
950 1135 134 37 kunna
1104 1136 214 37 tillsvidare
1336 1137 62 36 för
1416 1137 116 47 högst
1551 1140 58 34 ett
1629 1140 42 34 år
1691 1150 47 24 av
1756 1138 236 47 Konungens

386 1185 407 48 befallningshavande
820 1187 14 36 i
862 1187 67 36 det
963 1188 76 45 län,
1068 1192 128 33 varest
1222 1188 190 48 fartygets
1439 1190 126 36 rederi
1592 1189 73 37 har
1692 1190 70 36 sitt
1789 1193 92 43 säte,
1912 1191 78 36 till-

387 1238 104 35 delas
531 1250 152 34 person,
726 1251 81 23 som
849 1244 43 31 är
932 1240 162 47 behörig
1135 1243 60 33 att
1236 1241 93 35 idka
1368 1241 441 48 utskänkningsrörelse.
1865 1242 125 37 Sådan

386 1289 268 47 utskänkning
686 1293 63 32 må
777 1291 136 35 endast
942 1297 72 40 äga
1041 1304 87 22 rum
1155 1292 61 35 till
1244 1292 192 47 förtäring
1464 1294 163 35 ombord
1654 1296 22 33 å
1703 1293 183 47 fartyget,
1917 1294 73 36 och

387 1343 73 42 må,
503 1341 122 35 under
665 1341 67 35 det
759 1341 172 47 fartyget
958 1342 124 47 ligger
1109 1343 13 35 i
1149 1343 119 35 hamn
1296 1344 93 35 eller
1416 1344 66 35 vid
1508 1344 103 45 land,
1642 1344 164 36 allenast
1832 1345 68 35 ske
1927 1345 63 36 till

386 1392 273 47 besättningen
701 1392 72 37 och
809 1393 63 36 till
912 1393 99 47 dem,
1054 1406 81 24 som
1162 1395 13 35 i
1202 1394 191 48 fartygets
1434 1396 388 36 restaurationslokal
1853 1396 137 48 intaga

386 1443 149 37 måltid.

1130 1621 48 32 24
1207 1618 30 46 8.

515 1737 187 36 Tillstånd
730 1740 61 34 att
818 1738 80 36 tills
927 1738 132 37 vidare
1094 1738 59 36 för
1181 1739 75 36 viss
1283 1739 71 46 tid,
1382 1739 117 48 högst
1526 1742 59 33 ett
1613 1742 53 43 år,
1696 1740 106 36 inom
1830 1741 157 35 område

383 1788 61 36 för
472 1789 144 36 station
643 1789 66 35 vid
737 1792 147 33 statens
907 1790 211 47 järnvägar
1146 1796 180 30 ävensom
1353 1791 66 36 vid
1447 1791 162 46 enskild,
1639 1792 62 35 till
1726 1792 260 46 persontrafik

383 1840 187 47 upplåten
608 1840 165 47 järnväg
813 1841 197 36 utskänka
1050 1842 65 35 vin
1155 1845 64 32 må
1259 1846 50 42 på
1350 1842 287 47 framställning
1673 1855 48 23 av
1751 1843 235 46 järnvägens

384 1892 158 46 styrelse
586 1891 133 36 kunna
765 1904 47 23 av
852 1893 235 46 Konungens
1127 1893 409 47 befallningshavande
1576 1894 14 35 i
1632 1895 67 35 det
1739 1894 76 45 län,
1858 1897 129 33 varest

383 1943 185 46 styrelsen
608 1943 73 36 har
721 1944 69 35 sitt
825 1947 93 43 säte,
947 1945 117 35 sedan
1092 1945 351 48 stadsfullmäktige
1472 1945 94 36 eller
1592 1946 393 36 kommunalstämma

382 1995 114 36 blivit
535 1995 134 46 hörda,
699 1996 193 35 meddelas
920 2008 151 34 person,
1100 2008 82 24 som
1210 2003 44 29 är
1280 1997 163 46 behörig
1471 1999 61 34 att
1559 1997 93 36 idka
1680 1997 304 48 utskänknings-

381 2047 153 36 rörelse.

510 2092 212 42 Ävenledes
762 2100 63 33 må
851 2101 51 45 på
931 2111 47 24 av
1001 2099 234 48 järnvägens
1262 2100 158 47 styrelse
1450 2099 113 48 gjord
1591 2099 287 48 framställning
1905 2100 79 36 till-

382 2150 113 36 stånd
540 2150 61 36 till
646 2150 269 47 utskänkning
960 2163 48 24 av
1052 2152 67 35 vin
1156 2154 22 33 å
1212 2152 119 35 sådan
1366 2151 186 48 järnvägs
1593 2154 69 45 tåg
1701 2152 194 36 meddelas
1937 2164 48 24 av

381 2202 233 46 Konungens
645 2202 409 47 befallningshavande
1081 2204 14 35 i
1122 2204 65 36 det
1220 2204 76 46 län,
1324 2206 129 34 varest
1481 2204 186 47 styrelsen
1694 2204 71 36 har
1792 2204 70 36 sitt
1889 2207 93 34 säte.
