2216 2638
449 156 40 31 64
846 156 360 42 Bevillningsutskottets
1229 156 196 32 betänkande
1447 156 54 32 Nr
1522 158 53 31 28.

402 247 81 23 som
524 235 70 35 hos
635 235 452 47 omröstningsnämnden
1128 236 93 35 eller
1262 236 254 46 magistraten
1548 236 102 35 varit
1678 237 13 34 i
1718 236 88 47 laga
1835 237 165 47 ordning

402 286 212 36 företedda.
670 287 80 35 Har
789 289 50 44 på
880 287 155 47 klagan,
1074 299 81 23 som
1182 287 13 35 i
1224 288 184 34 samband
1440 287 87 35 med
1554 288 137 35 besvär
1719 292 91 31 över
1837 291 162 33 omröst-

403 337 94 48 ning
524 338 114 36 blivit
666 337 97 47 förd,
792 338 250 48 röstlängden
1069 338 14 35 i
1111 341 128 45 någon
1267 338 61 36 del
1354 338 210 36 förklarats
1591 338 174 48 felaktig,
1795 339 109 46 skall,
1931 340 70 35 där

403 402 52 35 ny
496 390 242 48 omröstning
778 389 221 38 förordnats
1038 390 108 37 skola
1180 396 73 43 äga
1281 403 97 34 rum,
1408 391 472 47 omröstningsnämndens
1907 392 94 36 eller

401 442 277 47 magistratens
720 442 230 37 ordförande
978 443 13 35 i
1018 443 166 47 längden
1224 443 127 36 införa
1392 444 45 34 de
1479 455 48 23 av
1566 443 168 36 beslutet
1774 443 226 37 föranledda

400 494 192 35 rättelser.

1150 616 47 34 49
1227 613 30 47 8.

533 699 298 47 Omröstningen
874 706 91 40 äger
1005 713 86 23 rum
1127 700 103 36 inför
1257 705 129 42 öppna
1414 701 146 35 dörrar.
1616 700 44 47 Ej
1690 703 63 33 må
1781 701 134 35 därvid
1943 701 57 35 tal

402 751 122 35 hållas
554 751 92 35 eller
673 752 158 44 tryckta
859 752 93 34 eller
979 752 157 35 skrivna
1163 764 153 34 upprop
1345 752 62 35 till
1434 752 46 35 de
1508 752 183 35 röstande
1718 752 149 35 tillåtas
1894 752 106 35 inom

403 802 428 46 omröstningslokalen.

532 854 73 35 Det
633 854 150 47 åligger
809 854 46 36 de
883 855 240 35 närvarande
1151 856 60 34 att
1238 854 114 36 ställa
1379 854 58 47 sig
1464 854 62 36 till
1555 853 257 37 efterrättelse
1840 855 46 35 de
1901 854 98 36 före-

401 905 170 46 skrifter,
600 918 81 24 som
710 906 496 47 omröstningsförrättaren
1233 906 60 36 för
1312 906 234 48 ordningens
1563 907 344 47 upprätthållande
1928 907 72 36 och

403 958 309 47 omröstningens
752 958 187 47 behöriga
979 959 183 46 fortgång
1189 959 123 35 finner
1339 958 83 35 skäl
1449 958 186 36 meddela.
1691 959 170 46 Uppstår
1889 959 111 35 oord-

402 1009 106 46 ning,
537 1021 82 24 som
647 1009 32 46 ej
709 1010 79 34 kan
816 1012 184 44 avstyras,
1029 1016 71 40 äge
1128 1009 498 47 omröstningsförrättaren
1655 1012 60 33 att
1742 1011 163 44 avbryta
1924 1010 76 35 för-

403 1060 238 47 rättningen.

532 1113 16 34 I
590 1112 368 48 omröstningslokal
999 1113 99 35 skall
1139 1112 292 48 propositionen
1471 1112 61 36 för
1560 1112 291 48 omröstningen
1878 1113 123 36 finnas

402 1164 194 47 anslagen.

1147 1287 45 32 50
1222 1282 31 49 8.

534 1370 247 36 Omedelbart
821 1370 82 36 före
945 1370 309 47 omröstningens
1294 1370 138 47 början
1460 1370 98 36 skall
1587 1369 230 37 ordförande
1846 1370 80 36 visa
1954 1370 46 36 de

403 1422 251 46 närvarande,
685 1424 60 34 att
773 1425 207 33 rösturnan
1009 1428 42 30 är
1079 1426 92 33 tom.

533 1474 299 46 Omröstningen
860 1475 99 34 skall
986 1475 67 35 ske
1081 1475 87 35 med
1197 1475 190 44 omärkta,
1418 1474 115 36 enkla
1561 1474 72 35 och
1661 1474 129 36 slutna
1809 1474 126 36 sedlar
1954 1486 47 23 av

404 1525 76 36 vitt
508 1537 159 34 papper.
724 1525 102 47 OÖOgill
852 1538 91 23 vare
971 1525 105 46 varje
1104 1538 128 22 annan
1259 1526 196 35 röstsedel.

533 1577 220 35 Röstsedlar
780 1577 110 35 skola
916 1589 138 34 genom
1084 1576 517 47 omröstningsförrättarens
1628 1576 150 47 försorg
1792 1576 209 36 tillhanda-

403 1627 123 36 hållas
554 1628 105 35 inom
688 1629 427 46 omröstningslokalen.

533 1680 93 45 Den,
656 1692 81 23 som
764 1680 69 35 vill
859 1682 118 43 rösta,
1006 1680 99 35 skall
1132 1680 256 46 personligen,
1409 1680 116 35 sedan
1545 1679 258 36 ordföranden
1822 1679 180 36 förvissat

403 1730 59 47 sig
495 1743 62 23 om
586 1733 60 33 att
673 1731 288 35 vederbörande
981 1737 43 29 är
1038 1732 13 34 i
1065 1732 250 46 röstlängden
1330 1734 199 44 upptagen
1546 1733 123 34 såsom
1683 1731 316 46 röstberättigad,

404 1782 122 35 under
568 1783 457 46 omröstningnämndens
1065 1783 132 46 tillsyn
1226 1783 177 35 avlämna
1429 1782 225 46 röstsedeln,
1683 1782 13 35 i
1724 1782 278 46 sammanhang

403 1834 159 35 varmed
602 1834 13 35 i
656 1834 251 47 röstlängden
943 1835 65 35 vid
1050 1835 74 35 den
1151 1835 200 35 röstandes
1379 1846 118 24 namn
1523 1838 112 42 göres
1663 1833 248 48 anteckning,
1941 1836 61 34 att

403 1888 215 34 rösträtten
645 1889 167 33 utövats.

1149 1975 43 33 51
1224 1971 32 49 $.

534 2042 57 34 Då
632 2041 185 47 uppehåll
857 2042 14 34 i
910 2041 290 47 förrättningen
1239 2042 99 45 sker,
1377 2041 100 36 skall
1503 2043 208 33 rösturnan
1740 2040 263 47 omsorgsfullt

404 2092 185 47 förseglas
617 2094 124 35 under
767 2093 119 36 minst
912 2096 68 33 två
998 2094 258 35 närvarandes
1275 2093 103 46 sigill
1397 2096 100 32 samt
1516 2092 169 36 därefter
1700 2094 120 34 sättas
1839 2092 13 35 i
1871 2092 131 36 säkert

404 2144 146 46 förvar;
581 2145 72 35 och
682 2146 81 44 bör,
793 2145 119 35 innan
931 2145 260 47 förseglingen
1209 2145 65 35 vid
1293 2144 307 47 förrättningens
1617 2144 259 36 fortsättande
1895 2145 107 35 bort-

405 2199 120 44 tages,
568 2197 501 46 omröstningsförrättaren
1109 2197 101 35 inför
1247 2201 129 43 öppna
1403 2197 136 35 dörrar
1566 2196 159 36 förvissa
1754 2196 57 46 sig
1839 2208 74 33 om,
1944 2198 59 33 att

404 2248 155 46 sigillen
588 2254 67 30 äro
685 2249 178 36 obrutna.
