2194 2642
441 166 62 32 144
831 167 360 43 Bevillningsutskottets
1214 168 196 33 betänkande
1433 170 52 31 Nr
1507 171 52 31 28.

395 249 165 44 gränsen
603 247 57 34 3.6
705 245 287 49 volymprocent
1023 247 120 36 skulle
1171 247 235 49 godkännas,
1436 261 85 24 men
1550 255 53 30 att
1631 249 253 50 maltdrycker
1912 250 84 37 med

395 309 47 23 en
483 296 233 36 alkoholhalt
756 297 137 35 mellan
922 299 85 35 2.25
1038 298 70 36 och
1138 301 58 34 3.6
1227 300 287 48 volymprocent
1542 301 120 35 skulle
1691 301 11 35 i
1731 301 265 49 försäljnings-

396 347 185 36 avseende
614 347 132 48 intaga
775 361 46 23 en
850 349 255 49 särställning,
1134 350 12 35 i
1175 350 62 35 det
1265 356 55 30 att
1347 352 58 34 för
1433 351 108 36 dessa
1569 351 160 49 drycker
1757 357 96 31 även
1883 353 112 35 fram-

394 398 102 37 deles
533 398 123 37 skullo
694 398 189 50 tillämpas
910 400 163 49 ungefär
1101 414 144 23 samma
1274 401 263 38 bestämmelse
1565 415 81 24 som
1675 403 59 37 för
1761 404 235 37 närvarande

394 450 101 50 gälla
524 451 58 36 för
609 450 47 48 öl,
678 451 183 49 möjligen
881 452 85 37 med
986 455 127 47 någon
1132 454 219 49 ytterligare
1370 454 155 37 lättnad.
1566 455 220 37 Emellertid
1807 456 107 38 torde
1933 457 63 36 det

394 503 86 36 med
520 503 68 49 fog
628 503 127 37 kunna
797 503 242 50 ifrågasättas
1072 518 61 23 om
1161 506 95 47 icke,
1286 506 47 36 då
1362 506 136 49 frågan
1527 506 96 37 skall
1651 508 138 36 erhålla
1817 509 59 36 sin
1904 509 91 36 slut-

394 555 139 48 giltiga
556 555 168 47 lösning,
752 555 64 36 det
844 568 90 24 vore
962 557 80 35 skäl
1071 562 56 30 att
1154 557 202 48 tillgodose
1385 558 45 35 de
1445 558 103 47 krav,
1570 572 80 23 som
1670 560 221 36 framställts
1911 561 84 35 från

394 605 356 49 bryggeritekniskt
791 606 86 47 håll,
922 606 66 36 där
1023 607 46 48 ju
1097 608 202 48 onekligen
1329 609 202 36 förefinnag
1560 609 46 36 de
1634 615 136 31 största
1798 611 196 35 förutsätt-

394 657 186 49 ningarne
626 662 55 31 att
725 657 160 37 bedöma
928 671 136 24 varans
1110 659 149 37 kvalité.
1337 660 82 36 Den
1465 660 114 49 högst
1621 661 215 49 obetydligt
1876 667 119 32 större

394 708 293 47 alkoholhalten,
730 722 80 24 som
852 715 52 31 ett
944 710 328 50 tillmötesgående
1313 725 47 23 av
1401 711 103 38 detta
1539 713 94 36 krav
1661 713 120 37 skulle
1810 713 184 46 medföra,

394 761 108 36 torde
531 761 103 48 spela
659 761 114 49 ringa
801 761 91 37 eller
918 762 116 48 ingen
1062 763 70 36 roll
1155 763 166 49 jämförd
1350 764 85 36 med
1465 764 217 50 betydelsen
1711 778 46 23 av
1782 770 54 31 att
1855 765 139 37 erhålla

394 825 48 23 en
479 812 129 49 dryck,
642 825 81 23 som
751 815 48 46 på
827 813 125 47 grund
981 827 48 22 av
1057 815 81 35 sina
1166 815 164 48 verkligt
1358 815 99 48 goda
1485 816 236 48 egenskaper
1748 817 126 36 kunde
1902 830 93 37 upp-

394 872 90 40 taga
512 876 46 23 en
586 863 288 49 framgångsrik
900 865 129 35 tävlan
1057 865 85 36 med
1172 865 45 36 de
1245 866 321 37 alkokolstarkare
1595 867 216 36 ölsorterna.

522 967 375 47 Ersättningsfrågan
939 972 40 32 är
1020 968 202 50 onekligen
1263 983 47 22 av
1338 969 72 37 den
1438 969 272 49 beskaffenhet,
1740 976 55 31 att
1823 970 85 48 den,
1938 974 57 34 så-

393 1032 82 23 som
516 1019 185 36 utskottet
742 1019 226 47 framhåller,
1010 1020 136 36 kräver
1183 1033 47 24 en
1258 1021 215 49 utredniog,
1503 1035 81 23 som
1612 1022 133 45 endast
1773 1025 49 46 på
1850 1023 143 49 Kungl.

392 1070 128 49 Maj:ts
563 1070 299 36 föranstaltande
904 1071 106 36 torde
1052 1072 129 35 kunna
1221 1072 291 37 åstadkommas.
1566 1073 79 48 Jag
1671 1073 65 36 vill
1764 1074 69 35 här
1860 1074 135 36 endast

393 1121 129 46 uttala,
565 1126 54 31 att
653 1121 73 49 jag
768 1121 233 37 fortfarande
1042 1122 183 37 vidhåller
1265 1123 74 36 den
1366 1124 260 49 uppfattning,
1657 1137 80 24 som
1761 1125 72 48 jag
1861 1125 134 49 gjorde

392 1172 175 49 gällande
595 1172 12 37 i
636 1173 78 36 min
741 1173 56 36 till
825 1173 467 50 nykterhetskommitténs
1320 1175 240 37 betänkande
1588 1176 139 47 fogade
1750 1177 243 46 reservation,

392 1224 195 49 nämligen
625 1230 53 30 att
706 1225 62 36 det
795 1227 49 46 på
872 1225 101 48 goda
1000 1226 168 49 grunder
1197 1226 75 36 kan
1300 1226 254 50 ifrågasättas,
1584 1241 61 23 om
1673 1227 81 37 icke
1783 1228 212 49 ersättning

392 1276 69 36 bör
488 1289 47 22 av
563 1281 123 31 staten
713 1276 145 36 lämnas
886 1277 12 35 1
926 1277 141 36 sådana
1086 1277 77 48 fall,
1184 1277 67 37 där
1268 1278 293 49 lagstiftningen
1581 1279 153 48 tvingar
1752 1292 47 23 en
1818 1280 175 48 närings-

392 1326 128 37 idkare
555 1333 55 30 att
636 1327 79 36 helt
743 1328 70 36 och
841 1328 115 36 hållet
983 1328 189 49 nedlägga
1200 1342 46 23 en
1274 1328 134 38 hittills
1436 1342 82 24 som
1546 1330 122 48 laglig
1696 1330 139 37 ansedd
1863 1331 131 36 hante-

391 1378 101 49 ring,
534 1391 47 23 av
613 1378 126 36 vilken
767 1378 75 37 han
870 1379 82 36 haft
980 1379 58 37 sin
1066 1379 280 51 huvudsakliga
1373 1380 180 49 inkomst,
1583 1381 70 37 och
1681 1394 81 24 som
1791 1382 74 36 han
1894 1383 100 36 skött

393 1429 13 37 i
433 1430 169 49 enlighet
631 1430 86 38 med
744 1431 133 48 lagens
905 1431 244 38 föreskrifter.

522 1586 13 34 i
557 1586 117 44 fråga
703 1598 55 23 om
785 1588 53 34 36
863 1586 43 46 $:

523 1702 46 22 av
597 1688 87 37 herr
710 1690 154 35 Jonsson
891 1689 13 36 i
932 1689 183 48 Hökhult,
1145 1703 82 24 som
1257 1691 140 36 anfört:
1684 1721 8 8 .

522 1739 239 37 Beträffande
802 1740 331 38 bestämmelserna
1161 1742 12 36 i
1202 1744 47 34 36
1280 1742 32 49 $,
1355 1748 55 30 att
1438 1743 242 48 omröstning
1707 1743 96 36 skall
1830 1749 162 31 utsättas

393 1790 53 37 till
489 1796 85 31 sön-
615 1792 89 35 eller
745 1792 179 48 helgdag,
957 1793 68 35 har
1048 1794 72 48 jag
1146 1794 122 48 yrkat,
1298 1799 54 31 att
1379 1794 220 36 densamma
1627 1794 119 37 skulle
1763 1796 55 35 ur
1845 1796 147 36 författ-

393 1842 298 48 ningsförslaget
730 1846 105 45 utgå,
878 1849 90 30 enär
1009 1844 61 36 det
1113 1844 95 37 efter
1241 1845 79 36 min
1348 1845 249 49 uppfattning
1625 1850 42 32 är
1694 1846 201 49 olämpligt
1923 1847 69 36 och

391 1894 152 36 särskilt
583 1894 84 36 från
707 1894 154 49 religiös
902 1896 194 49 synpunkt
1135 1896 212 49 beklagligt
1388 1902 54 31 att
1482 1897 196 49 offentliga
1707 1897 284 50 förrättningar,

391 1948 124 34 såsom
544 1946 62 36 val
634 1946 70 37 och
733 1947 280 49 omröstningar
1039 1953 161 31 utsättas
1229 1948 57 36 till
1313 1953 86 32 sön-
1429 1948 90 38 eller
1546 1949 176 49 helgdag.

522 2052 13 34 i
558 2051 117 45 fråga
704 2063 54 23 om
786 2053 50 33 80
863 2051 65 46 $:.

522 2165 45 23 av
594 2151 132 38 herrar
758 2154 99 35 Ollas
883 2154 45 35 A.
958 2155 181 43 Ericsson,
1170 2155 162 43 Eklund,
1362 2155 222 44 Bäckström,
1616 2156 165 43 Sandler,
1804 2157 186 43 Källman,

397 2204 171 36 Karlsson
596 2204 12 36 i
636 2203 95 49 Fjäl,
759 2206 154 35 Jonsson
940 2205 12 35 i
980 2205 183 47 Hökhult,
1191 2207 99 43 Elof
1312 2207 213 45 Ljunggren
1551 2207 70 36 och
1640 2208 230 44 Holmström,
1890 2208 103 36 vilka

391 2254 111 49 yrkat
530 2260 54 31 att
612 2256 49 35 80
689 2255 21 50 $&
739 2255 121 37 skulle
887 2256 141 37 erhålla
1057 2256 167 49 följande
1252 2256 157 50 lydelse:
