2206 2628
443 204 41 30 42
904 205 254 32 Statsutskottets
1187 205 173 33 Utlåtande
1383 206 65 32 N:o
1472 210 29 28 7.

402 288 118 36 sådan
562 287 162 47 förmån,
766 289 71 36 och
878 289 48 37 då
966 289 225 49 Riksdagen
1230 290 88 37 icke
1359 304 142 36 genom
1531 296 56 32 ett
1613 291 126 37 flertal
1767 291 125 38 beslut
1919 292 13 36 i
1960 306 52 23 nu

400 340 257 37 förevarande
702 340 221 38 hänseende
966 342 67 36 bör
1073 341 167 50 ingripa,
1282 342 119 37 innan
1441 343 143 49 Kungl.
1629 343 110 50 Maj:t
1778 343 60 36 till
1878 343 135 49 slutlig

400 391 185 49 pröfning
629 392 168 37 förehaft
839 393 72 36 den
954 406 30 24 s.
1028 393 37 37 k.
1096 394 590 49 provinsialläkarekommitténs
1719 395 148 49 förslag
1893 399 119 45 angå-

402 443 97 36 ende
531 443 150 37 hvilket
716 444 243 50 proposition
999 445 60 37 till
1100 445 222 50 Riksdagen
1366 447 112 36 torde
1519 460 94 24 vara
1654 452 57 31 att
1739 452 158 32 emotse.
1953 447 59 37 Då

402 494 213 38 emellertid
641 495 185 38 behofvet
855 497 41 36 af
920 496 175 49 förhöjdt
1124 497 237 50 statsbidrag
1389 498 12 36 i
1429 499 254 37 förevarande
1702 499 66 37 fall
1789 512 116 36 synes
1920 513 93 23 vara

401 546 42 37 af
466 547 215 49 trängande
709 553 125 42 natur,
864 562 113 23 anser
1004 549 203 46 utskottet,
1236 555 56 31 att
1307 550 224 49 Riksdagen
1550 550 71 37 bör
1639 551 71 36 hos
1738 551 144 49 Kungl.
1902 551 110 49 Maj:t

400 598 151 37 anhålla
588 612 62 24 om
677 600 210 49 utredning
915 601 72 36 och
1014 600 149 49 förslag
1189 601 13 36 i
1229 606 129 33 ämnet
1385 607 93 31 utan
1505 602 158 37 afbidan
1692 606 48 46 på
1767 603 76 36 den
1870 616 140 36 propo-

400 650 124 47 sition,
568 664 81 23 som
687 652 13 36 i
728 652 227 49 anledning
978 653 42 36 af
1059 653 286 38 ofvanberörda
1373 654 350 49 kommittéförslag
1749 657 61 34 må
1837 668 91 23 vara
1957 659 55 32 att

399 702 189 37 förvänta.

502 754 201 38 Utskottet
731 755 58 37 får
817 755 111 37 alltså
956 756 217 49 hemställa,

905 864 55 32 att
1001 859 225 49 Riksdagen
1262 861 89 36 med
1380 860 211 49 anledning
1619 860 44 37 af
1687 861 88 36 herr
1802 860 207 49 Hellbergs

802 910 252 38 förevarande
1097 912 145 36 motion
1281 915 61 33 må
1370 912 12 36 i
1411 912 204 37 skrifvelse
1644 912 58 37 till
1730 913 142 48 Kungl.
1901 913 110 49 Maj:t

800 963 162 47 anhålla,
1005 968 56 32 att
1102 965 145 48 Kungl.
1290 964 108 49 Maj:t
1426 965 150 36 täcktes
1608 965 77 36 låta
1713 965 209 36 verkställa
1949 970 60 30 ut-

800 1014 167 49 redning
981 1016 200 48 angående
1196 1016 184 36 behofvet
1394 1016 42 36 af
1447 1016 170 48 förhöjdt
1633 1017 237 47 statsbidrag
1883 1016 58 36 till
1953 1017 57 36 af-

798 1066 166 36 lönande
993 1067 42 36 af
1060 1072 108 32 extra
1195 1067 342 49 provinsialläkare
1556 1068 13 36 i
1592 1068 127 36 Tärna
1739 1068 73 36 och
1833 1067 176 38 Stensele

800 1117 154 37 distrikt
995 1123 99 31 samt
1136 1118 170 37 därefter
1346 1119 59 36 till
1445 1119 226 49 Riksdagen
1698 1120 196 36 inkomma
1921 1120 89 37 med

799 1169 66 36 det
892 1169 148 50 förslag
1066 1170 13 36 i
1108 1175 128 32 ämnet
1264 1171 157 36 hvartill
1450 1171 382 49 omständigheterna
1859 1175 61 33 må
1945 1185 66 23 an-

802 1233 63 24 ses
894 1221 209 37 föranleda.

976 1442 218 49 Diverse
1226 1444 203 60 anslag.

184 1592 64 28 Ang.
269 1592 91 22 anord-
501 1580 100 48 50:o0)
631 1580 90 37 Med
749 1581 209 49 anledning
986 1582 42 36 af
1052 1582 145 48 Kungl.
1227 1582 128 50 Maj:ts
1384 1583 131 37 därom
1542 1584 141 49 gjorda
1711 1584 296 49 framställning,

180 1627 84 21 nande
283 1627 27 21 af
328 1626 37 22 in-
527 1637 15 5 sg

181 1661 118 29 spektion
319 1661 40 22 för
395 1631 224 38 hemställer
647 1633 199 48 utskottet,

169 1695 141 23 elektriska
333 1703 42 14 an-

168 1730 175 63 "Sysning
901 1740 55 32 att
997 1736 220 48 Riksdagen
1260 1740 71 45 må,
1374 1737 13 36 1
1429 1738 122 36 likhet
1579 1738 88 36 med
1695 1738 101 37 hvad
1825 1739 62 36 för
1915 1742 92 34 åren

180 1798 63 22 eller
267 1799 98 21 arbets-
800 1789 253 35 1906—1909
1097 1793 68 44 ägt
1206 1802 94 34 rum,
1344 1789 59 36 för
1444 1791 240 35 anordnande
1724 1792 48 48 af
1808 1792 199 48 inspektion

185 1833 167 28 öfverföring.
797 1841 100 48 öfver
933 1840 186 36 elektriska
1157 1841 270 49 anläggningar
1457 1843 66 48 för
1551 1843 184 48 belysning
1763 1843 84 37 eller
1874 1845 132 35 arbets-

226 1874 94 46 [55]
797 1892 224 49 öfverföring
1049 1894 49 46 på
1128 1897 106 31 extra
1263 1897 77 32 stat
1368 1893 60 36 för
1456 1896 41 33 år
1527 1895 99 34 1910
1657 1894 146 36 anvisa:
1939 1938 2 2 |

900 1943 34 48 a)
979 1945 140 45 20,000
1162 1944 142 36 kronor
1344 1944 59 36 till
1431 1945 185 37 arfvoden
1644 1946 121 36 under
1793 1959 141 24 samma
1966 1949 41 34 år

796 1997 39 33 åt
876 1995 84 49 fyra
1000 1995 244 49 inspektörer
1276 1997 87 36 med
1393 1998 113 46 5,000
1535 1997 146 37 kronor
1708 1997 59 36 till
1795 1998 144 36 enhvar
1967 1999 44 36 af

796 2046 88 36 dem
911 2047 61 36 för
1000 2049 41 34 år
1069 2048 179 45 räknadt;
1280 2053 100 31 samt

899 2097 37 49 b)
983 2101 111 46 1,200
1124 2100 140 36 kronor
1292 2100 58 36 till
1379 2100 216 49 ersättning
1622 2100 55 37 till
1710 2105 54 32 ett
1792 2101 113 36 skrif-
1934 2102 72 36 och

795 2149 201 38 ritbiträde
1026 2153 39 34 åt
1093 2151 175 37 bemälda
1295 2152 255 49 inspektörer.

183 2261 64 40 Ang.
267 2262 91 39 förlik-
497 2250 101 50 51:0)
628 2252 18 36 I
675 2252 172 49 enlighet
875 2253 85 37 med
989 2254 143 49 Kungl.
1162 2255 127 47 Maj:is
1318 2255 131 36 därom
1478 2255 137 49 gjorda
1638 2255 289 50 framställning
1945 2257 60 36 får

166 2303 150 55 "ämne
332 2297 41 55 i
392 2302 189 37 utskottet
609 2304 212 48 hemställa,

175 2364 189 23 arbetstvister.

224 2406 95 47 [56.]
