2186 2638
694 216 251 33 Statsutskottets
975 213 171 34 Utlåtande
1169 213 64 32 N:o
1258 215 29 29 7.
1706 208 39 31 13

190 305 67 37 ber
287 305 96 36 1901
414 308 41 32 är
482 302 259 48 föreskrifvet,
771 306 55 32 att
852 301 103 37 inom
979 300 134 49 hvarje
1131 295 377 51 landstingsområde
1528 294 109 46 skall,
1659 293 130 37 såvida

188 357 83 37 icke
311 356 236 48 landstinget
574 354 87 38 med
688 353 142 49 Kungl.
863 353 129 48 Maj:ts
1019 351 170 37 tillstånd
1216 350 190 37 anordnat
1434 347 164 38 särskild
1624 350 165 45 upptag-

188 409 260 49 ningsanstalt
492 409 60 35 för
597 406 254 49 sinnessjuka,
896 405 65 37 vid
1001 407 118 46 något
1159 403 43 36 af
1239 400 190 39 områdets
1470 400 157 36 lasarett
1666 398 122 36 finnas

190 475 47 24 en
277 464 48 47 på
365 460 176 50 lämpligt
583 463 76 32 sätt
699 457 194 38 anordnad
935 456 197 48 afdelning
1171 455 60 37 för
1267 453 119 37 sådan
1422 450 171 50 tillfällig
1630 450 92 36 vård
1750 449 42 37 af

190 512 250 49 sinnessjuka,
469 512 159 36 hvarom
655 524 93 36 nyss
775 513 164 32 nämnts.

291 565 76 36 För
408 563 274 50 Kopparbergs
722 563 62 35 län
825 561 120 37 finnes
989 559 58 37 för
1087 557 237 38 närvarande
1365 555 65 37 vid
1467 552 324 39 länslasarettet
1770 548 23 69 i

189 617 120 38 Falun
351 630 49 23 en
427 616 106 50 dylik
561 614 199 49 afdelning
788 613 87 37 med
906 614 44 34 12
981 611 154 49 platser.
1191 609 135 37 Denna
1354 606 199 49 afdelning
1581 606 68 36 har
1676 603 114 38 emel-

190 670 112 37 lertid
342 669 101 37 visat
484 668 61 48 sig
586 665 229 49 otillräcklig
850 665 61 36 för
939 662 169 51 fyllande
1137 662 40 36 af
1200 661 196 45 behofvet,
1426 659 71 36 och
1526 656 265 39 öfverläkaren

191 722 64 37 vid
290 721 217 37 lasarettets
544 718 232 38 medicinska
813 716 200 48 afdelning
1040 715 80 47 har,
1149 713 87 37 med
1263 712 161 48 ledning
1452 711 41 36 af
1516 709 274 48 inneliggande

191 772 433 48 inträdesansökningar
665 771 70 36 och
778 769 118 37 under
938 766 274 48 förutsättning
1252 770 56 32 att
1349 763 101 50 plats
1479 762 123 37 skulle
1629 760 163 37 beredas

192 826 133 38 endast
366 828 38 33 åt
445 824 46 37 de
528 824 60 36 för
616 822 58 37 sin
702 821 218 50 omgifning
948 820 70 36 och
1047 818 198 38 samhället
1272 821 100 32 mest
1399 815 166 48 vådliga,
1595 814 105 48 gjort
1728 812 65 36 det

191 877 208 42 uttalande,
428 881 56 32 att
512 874 281 49 sammanlagdt
821 875 47 34 25
898 874 22 34 3
949 874 48 34 30
1025 872 144 48 platser
1188 868 121 38 skulle
1329 866 237 50 någorlunda
1586 864 206 49 tillgodose

193 931 65 36 det
297 928 233 49 förefintliga
571 927 192 46 behofvet,
806 929 98 33 samt
945 928 57 32 att
1042 922 134 37 därvid
1208 920 144 38 antalet
1384 919 144 49 platser
1556 917 117 37 borde
1701 929 93 24 vara

193 981 156 38 dubbelt
377 984 43 33 så
448 984 98 33 stort
573 979 60 37 för
660 983 87 32 män
776 990 81 24 som
885 977 61 36 för
973 975 175 36 kvinnor.

298 1033 126 37 Sedan
465 1032 137 48 frågan
642 1030 198 50 upptagits
872 1029 12 36 i
911 1027 245 48 landstinget,
1184 1025 70 36 har
1282 1024 107 36 detta
1416 1021 207 50 uppdragit
1651 1023 37 34 åt
1716 1024 78 32 sär-

194 1086 122 37 skilda
343 1083 292 39 kommitterade
665 1087 53 31 att
746 1082 193 36 inkomma
966 1079 87 37 med
1081 1077 207 48 utredning
1314 1076 14 36 i
1355 1074 169 37 ärendet.

296 1136 304 38 Kommitterade
641 1134 153 49 afgåfvo
833 1132 57 37 till
922 1133 96 35 1907
1049 1134 60 34 års
1137 1129 195 47 landsting
1360 1127 66 37 sitt
1453 1123 242 40 betänkande
1724 1123 71 37 och

193 1189 201 38 framhöllo
436 1187 144 48 därvid,
610 1191 55 31 att
693 1185 200 37 afsevärda
921 1182 167 38 fördelar
1116 1181 122 37 skulle
1267 1180 148 46 vinnas,
1445 1178 127 36 därest
1600 1176 195 36 öfverens-

194 1241 208 38 kommelse
443 1239 126 37 kunde
611 1238 86 36 med
739 1242 125 32 staten
905 1235 131 37 träffas
1077 1247 60 23 om
1174 1237 76 32 rätt
1286 1232 63 36 för
1379 1230 239 47 landstinget
1647 1232 55 32 att
1730 1226 66 37 vid

193 1293 210 49 hospitalet
434 1292 22 49 i
497 1290 110 38 Säter
647 1290 37 36 få
710 1289 132 48 intaga
869 1287 98 36 visst
994 1285 102 38 antal
1124 1285 40 36 af
1189 1285 46 36 de
1262 1284 70 35 här
1360 1281 156 37 afsedda
1543 1280 251 49 patienterna,

196 1354 78 28 mot
315 1343 223 49 skyldighet
578 1343 60 36 för
678 1341 238 46 landstinget
952 1343 55 32 att
1034 1336 163 50 uppföra
1226 1349 48 23 en
1301 1330 406 54 upptagningsanstalt
1736 1330 60 37 för

196 1396 269 38 motsvarande
494 1394 103 37 antal
625 1392 118 49 sjuka.
799 1392 82 36 Den
911 1391 94 35 vård
1033 1390 42 36 af
1101 1389 70 36 och
1198 1386 161 50 uppsikt
1377 1385 108 37 öfver
1504 1385 46 35 de
1571 1383 122 49 sjuka,
1713 1395 83 23 som

195 1450 226 48 därigenom
450 1446 121 38 skulle
601 1447 122 44 ernås,
753 1444 122 36 skulle
903 1442 208 48 nämligen,
1141 1440 123 48 enligt
1293 1435 313 39 kommitterades
1627 1434 168 49 mening,

196 1501 118 37 blifva
350 1499 192 49 betydligt
577 1498 124 37 bättre
734 1501 48 31 än
810 1495 101 36 hvad
941 1507 82 23 som
1051 1492 125 37 kunde
1205 1497 192 44 presteras
1425 1488 65 37 vid
1518 1501 48 23 en
1593 1487 61 37 för
1682 1486 114 36 ända-

197 1553 114 37 målet
339 1551 135 38 afsedd
502 1550 147 37 mindre
677 1546 387 48 lasarettsafdelning.

300 1603 161 38 Jämlikt
496 1600 314 39 kommitterades
850 1598 229 37 hemställan
1119 1596 125 36 beslöt
1285 1593 167 38 därefter
1479 1591 236 47 landstinget
1742 1594 56 31 att

196 1656 201 50 uppdraga
443 1658 36 33 åt
524 1653 239 37 direktionen
810 1651 59 36 för
913 1650 283 36 länslasarettet
1240 1646 13 36 i
1297 1646 120 36 Falun
1460 1648 55 32 att
1555 1643 58 36 till
1653 1640 143 49 Kungl.

197 1709 110 48 Maj:t
348 1708 91 47 ingå
479 1706 86 36 med
606 1703 238 48 underdånig
884 1700 287 47 framställning
1212 1698 131 36 därom
1380 1701 54 32 att
1462 1696 64 36 det
1553 1697 116 33 måtte
1697 1692 101 37 med-

197 1761 128 49 gifvas
367 1758 236 48 landstinget
644 1760 55 32 att
730 1758 49 45 på
806 1754 149 45 villkor,
985 1765 80 23 som
1096 1749 238 37 motsvarade
1361 1747 102 37 hvad
1490 1758 142 37 genom
1659 1744 140 48 nådiga

198 1812 150 38 brefvet
377 1811 74 35 den
480 1812 20 34 6
525 1808 85 50 juni
640 1808 97 36 1902
766 1806 13 36 i
806 1804 181 38 likartadt
1014 1803 66 37 fall
1109 1802 174 48 stadgats
1303 1800 61 37 för
1382 1797 168 51 Uppsala
1569 1797 84 36 läns
1672 1796 127 36 lands-

198 1865 97 47 ting,
324 1864 39 35 få
392 1865 21 33 å
441 1860 226 50 hospitalets
695 1859 12 36 i
737 1857 108 37 Säter
873 1856 154 37 område
1055 1855 77 36 låta
1154 1853 163 49 uppföra
1338 1865 46 23 en
1405 1850 122 37 starkt
1544 1847 148 51 byggd,
1712 1847 88 36 med

200 1916 115 37 celler
356 1914 71 36 och
467 1912 285 48 isoleringsrum
788 1909 155 37 försedd
972 1912 97 32 samt
1096 1906 12 36 i
1136 1908 23 34 4
1188 1905 93 36 eller
1310 1905 21 35 5
1362 1902 239 47 afdelningar
1629 1899 171 37 fördelad

200 1966 196 51 paviljong
423 1966 59 35 för
512 1966 46 35 30
589 1964 122 48 sjuka,
740 1962 87 35 med
855 1965 76 32 rätt
958 1960 60 36 för
1045 1957 236 47 landstinget
1310 1960 54 32 att
1390 1955 13 36 i
1431 1954 46 36 de
1506 1953 80 47 fall,
1616 1965 80 23 som
1721 1964 78 23 om-

200 2017 179 40 förmälas
421 2017 12 36 i
474 2015 21 50 &
532 2017 48 35 46
619 2015 43 36 af
684 2013 141 48 nådiga
853 2012 159 47 stadgan
1043 2009 197 48 angående
1270 2006 244 49 sinnessjuka
1542 2004 73 36 den
1646 2005 46 34 14
1715 2002 86 48 juni

204 2072 110 42 1901,
344 2068 142 37 erhålla
514 2067 92 36 vård
634 2069 20 33 å
682 2064 206 48 hospitalet
915 2064 42 35 af
982 2064 48 34 30
1059 2059 251 49 sinnessjuka.

304 2120 64 38 Uti
410 2133 47 23 en
498 2119 59 35 till
585 2118 121 36 Eders
735 2115 142 48 Kungl.
908 2114 109 47 Maj:t
1052 2112 174 48 ingifven
1255 2109 116 37 skrift
1398 2107 172 37 anhåller
1597 2119 51 22 nu
1677 2104 124 36 direk-

202 2175 130 37 tionen
374 2172 58 36 för
464 2170 280 36 länslasarettet
770 2166 12 36 i
811 2166 118 36 Falun
958 2177 140 36 genom
1132 2163 57 36 sin
1218 2159 230 39 ordförande
1476 2156 327 48 landshöfdingen

202 2228 42 36 F.
286 2222 227 49 Holmquist,
555 2224 49 46 på
644 2218 124 50 grund
809 2217 41 37 af
882 2216 165 37 nämnda
1074 2214 188 49 uppdrag,
1291 2217 57 31 att
1375 2211 122 36 Eders
1525 2208 140 48 Kungl.
1695 2207 108 48 Maj:t

203 2279 148 36 täcktes
388 2273 196 49 medgifva
620 2271 276 49 Kopparbergs
932 2268 84 36 läns
1045 2266 196 47 landsting
1270 2269 56 31 att
1353 2266 21 33 å
1401 2261 223 50 hospitalets
1652 2260 12 35 i
1694 2258 110 37 Säter

204 2329 152 38 område
384 2328 76 35 låta
487 2324 162 50 uppföra
677 2324 75 36 den
779 2322 224 48 ifrågasatta
1031 2318 258 50 paviljongen.
