1872 2784
437 176 124 30 Första
576 172 247 38 lagutskottets
839 168 180 32 utlåtande
1033 171 44 26 nr
1090 167 40 30 25
1145 164 40 31 år
1200 164 81 30 1961
1585 157 21 31 1

786 426 66 41 Nr
881 425 56 41 25

300 541 186 34 Utlåtande
508 541 12 30 i
540 538 188 36 anledning
749 546 43 21 av
813 535 102 31 väckt
937 533 133 31 motion
1091 538 56 23 om
1168 528 163 38 åtgärder
1349 527 57 37 för
1426 526 49 30 att
1496 522 118 32 säker-

476 594 103 31 ställa
594 594 113 29 rätten
724 590 53 31 till
790 586 227 34 skadestånd.

169 707 124 30 Första
320 703 230 38 lagutskottet
575 700 65 30 har
665 697 192 32 behandlat
882 705 42 21 en
952 694 96 30 inom
1075 691 186 37 riksdagen
1287 687 114 35 väckt,
1426 686 52 30 till
1506 684 110 37 lagut-

127 761 95 30 skott
238 757 172 32 hänvisad
429 755 144 34 motion,
591 762 42 21 nr
652 752 62 31 164
730 752 12 30 i
760 751 112 30 första
889 749 206 30 kammaren
1113 754 42 21 av
1171 744 81 30 herr
1267 742 124 30 Åman.
1407 739 14 31 I
1438 739 178 30 motionen

129 812 213 34 hemställes,
363 812 52 29 att
436 809 186 36 riksdagen
643 806 108 31 måtte
771 805 10 30 i
803 802 168 32 skrivelse
990 801 53 30 till
1065 799 125 37 Kungl.
1211 796 107 37 Maj:t
1338 793 141 32 anhålla
1497 800 59 22 om
1575 799 43 22 en

130 864 327 38 förutsättningslös
477 861 188 37 utredning
686 868 42 21 av
749 858 125 37 frågan
894 865 57 21 om
973 851 277 34 säkerställande
1270 859 44 21 av
1334 849 113 29 rätten
1467 846 53 30 till
1541 845 79 30 ska-

129 917 148 34 destånd
296 918 79 31 med
393 917 91 30 sikte
501 915 45 38 på
564 914 165 37 antingen
747 921 43 21 en
808 908 230 39 obligatorisk
1056 905 200 36 försäkring
1273 902 84 31 eller
1375 902 132 29 statens
1524 899 96 30 över-

130 972 150 40 tågande
304 981 42 21 av
372 976 126 24 ansvar
523 968 55 30 för
602 964 252 42 personskada,
878 963 44 30 då
946 958 265 34 skadevållaren
1235 955 77 32 icke
1336 955 70 30 kan
1429 955 81 36 utge
1533 953 88 36 gott-

131 1027 143 38 görelse.

745 1124 264 35 Motionsskälen

179 1231 13 30 I
214 1230 180 31 motionen
416 1225 204 32 framhålles
641 1225 62 33 att,
724 1222 44 30 då
789 1221 114 37 någon
924 1219 109 30 vållat
1052 1225 118 23 annan
1191 1215 111 30 skada
1322 1213 52 30 till
1395 1218 126 31 person
1541 1209 84 30 eller

135 1284 169 39 egendom
325 1281 66 32 och
412 1282 11 29 i
447 1279 88 38 följd
558 1279 107 30 därav
686 1278 39 29 är
747 1275 139 38 skyldig
907 1274 51 30 att
979 1272 131 30 ersätta
1131 1270 66 30 den
1219 1267 97 31 lidna
1337 1265 146 35 skadan,
1503 1260 123 34 skade-

136 1334 369 40 ståndsskyldigheten
526 1332 106 31 likväl
653 1329 120 32 alltför
793 1328 75 30 ofta
888 1327 147 30 stannar
1054 1324 44 38 på
1118 1322 178 39 papperet,
1316 1320 84 31 enär
1419 1318 66 30 den
1505 1317 122 30 skade-

136 1391 162 30 vållande
315 1389 131 31 saknar
464 1385 228 32 ekonomiska
710 1382 223 37 möjligheter
950 1381 53 28 att
1018 1380 81 35 utge
1116 1375 219 39 gottgörelse.
1353 1373 116 30 Under
1486 1371 141 31 erinran

138 1446 51 29 att
204 1442 204 38 visserligen
424 1442 11 29 i
452 1440 127 37 många
595 1438 61 30 fall
672 1438 67 29 den
756 1433 252 33 skadelidande
1023 1432 83 30 eller
1121 1428 266 32 skadevållaren
1402 1425 142 31 tecknat
1559 1423 70 30 för-

138 1498 144 36 säkring
304 1497 74 29 mot
399 1494 110 30 skada
531 1502 41 20 av
593 1492 70 29 viss
685 1492 54 28 art
761 1487 205 32 framhåller
988 1484 230 33 motionären,
1240 1482 51 29 att
1311 1478 228 39 obligatorisk
1560 1476 69 31 för-

139 1550 143 38 säkring
298 1549 90 31 dock
406 1547 234 31 förekommer
657 1544 124 31 endast
799 1543 10 30 i
826 1539 194 40 begränsad
1039 1536 254 36 utsträckning.
1313 1535 80 30 Som
1412 1528 153 40 exempel
1583 1530 45 38 på

142 1607 50 29 att
209 1614 43 21 en
269 1601 251 33 skadelidande
537 1599 44 38 på
598 1600 48 28 ett
663 1597 54 30 för
735 1594 241 32 rättskänslan
993 1590 162 32 stötande
1170 1590 71 29 sätt
1257 1588 69 30 kan
1342 1586 49 31 bli
1407 1587 85 29 utan
1508 1584 123 30 ersätt-

143 1659 83 37 ning
245 1658 147 29 nämnes
410 1655 11 30 i
440 1654 179 30 motionen
637 1651 133 30 sådana
788 1649 63 30 fall
870 1656 75 21 som
964 1648 52 28 att
1034 1643 234 37 minderåriga
1286 1641 84 31 eller
1388 1638 151 31 asociala
1557 1645 75 29 per-

143 1720 102 22 soner
261 1710 111 31 vållar
389 1708 129 31 skador
535 1706 19 30 å
571 1713 125 30 person
712 1704 85 30 eller
812 1701 180 38 egendom.
1008 1701 67 29 Det
1090 1697 184 37 föreligger
1290 1695 108 36 enligt
1414 1692 218 30 motionären

145 1765 43 38 på
209 1766 96 29 detta
325 1762 142 31 område
488 1769 43 22 en
552 1759 103 30 lucka
674 1758 12 30 i
707 1758 58 29 det
785 1754 313 39 trygghetssystem
1119 1759 75 21 som
1213 1748 113 31 under
1346 1747 42 30 de
1407 1747 86 29 sista
1513 1745 121 30 decen-

144 1819 122 30 nierna
279 1817 124 37 byggts
417 1823 72 29 upp
502 1814 10 30 i
527 1813 77 30 vårt
617 1811 93 31 land.

188 1870 82 32 Som
293 1879 43 21 en
361 1866 225 37 framkomlig
609 1866 64 36 väg
696 1865 51 29 att
771 1863 142 29 komma
935 1859 53 31 till
1013 1859 91 29 rätta
1127 1856 78 31 med
1228 1852 326 33 missförhållandet
1577 1859 59 22 an-

147 1926 93 29 visar
260 1922 219 31 motionären
500 1917 290 40 genomförandet
809 1924 43 21 av
870 1911 228 39 obligatorisk
1118 1909 201 36 försäkring
1337 1906 66 31 och
1422 1915 74 21 som
1515 1914 44 21 en
1578 1912 59 22 an-

147 1987 70 21 nan
235 1978 76 36 väg,
330 1977 52 28 att
399 1975 114 29 staten
532 1973 138 29 övertar
686 1968 285 32 skadevållarens
989 1961 307 39 ersättningsplikt
1318 1960 95 35 (med
1432 1957 206 39 regressrätt

150 2032 71 30 mot
237 2027 298 35 skadevållaren).
553 2025 51 30 Av
620 2021 292 33 statsfinansiella
927 2019 66 30 och
1009 2018 110 30 andra
1135 2016 76 31 skäl
1229 2013 168 31 framstår
1412 2013 57 31 det
1484 2012 155 30 emeller-

150 2085 49 30 tid
220 2083 108 37 enligt
348 2081 219 31 motionären
587 2086 74 22 som
681 2075 226 36 nödvändigt,
927 2074 52 29 att
997 2072 93 29 vissa
1109 2068 277 39 begränsningar
1404 2067 99 36 göres
1523 2065 117 30 därest

150 2139 115 29 staten
282 2134 90 32 skall
389 2135 162 35 övertaga
567 2127 409 35 skadeståndsansvaret.
991 2124 131 31 Härvid
1139 2121 204 31 framhålles
1359 2121 10 29 i
1386 2119 188 34 motionen,
1591 2118 50 29 att

153 2192 57 29 det
228 2190 31 37 ej
282 2187 168 32 framstår
469 2195 75 21 som
564 2185 70 29 lika
653 2183 187 30 motiverat
857 2182 51 28 att
926 2180 115 29 staten
1060 2177 179 36 övertager
1258 2175 163 29 ansvaret
1438 2173 10 30 i
1467 2171 99 38 fråga
1584 2179 56 21 om

153 2243 195 30 sakskador
372 2248 75 22 som
470 2239 44 30 då
537 2239 57 28 det
617 2236 106 38 gäller
746 2232 260 40 personskador
1027 2231 66 29 och
1115 2231 51 28 att
1187 2229 58 29 det
1267 2227 103 30 alltså
1393 2225 126 30 främst
1540 2225 39 29 är
1601 2224 41 29 de

154 2300 122 26 senare
300 2302 76 22 som
400 2293 157 29 kommer
579 2290 11 29 i
614 2288 138 31 åtanke.
775 2286 137 31 Jämväl
935 2285 11 29 i
970 2283 99 37 fråga
1091 2290 57 21 om
1171 2279 259 39 personskador
1452 2278 98 36 säges
1573 2277 70 29 viss

154 2347 236 40 begränsning
408 2345 84 30 böra
511 2345 112 37 göras,
642 2339 204 38 förslagsvis
866 2338 38 30 så
922 2338 51 29 att
991 2334 195 38 ersättning
1204 2333 80 30 från
1304 2333 113 29 staten
1435 2329 102 39 utgår
1555 2329 89 31 först

155 2412 57 21 om
227 2396 136 35 skadan
377 2398 189 37 överstiger
579 2397 49 29 ett
642 2394 125 37 belopp
782 2402 42 21 av
838 2392 18 30 2
871 2390 62 32 000
949 2389 141 31 kronor.

157 2474 111 28 Bihang
286 2471 47 25 till
351 2469 168 29 riksdagens
537 2465 147 32 protokoll
702 2464 75 25 1961.
795 2464 15 24 9
827 2463 83 25 saml.
928 2463 12 23 1
959 2458 64 27 avd.
1040 2459 40 25 Nr
1095 2459 32 25 25
