2251 2668
440 214 19 29 4
594 214 121 32 Andra
739 215 206 33 kammarens
961 218 140 38 första
1123 219 177 42 tillfälliga
1322 222 137 32 utskotts
1481 223 171 33 utlåtande
1674 225 53 33 Nr
1750 229 48 30 10.

530 293 18 37 I
587 293 208 52 anledning
828 296 117 37 härav
972 297 68 37 vill
1068 298 117 38 andra
1212 300 244 40 kammarens
1484 303 121 38 första
1633 304 193 52 tillfälliga
1853 309 148 39 utskott

395 344 131 49 uttala,
562 352 54 30 att
654 346 134 50 frågan
829 362 61 23 om
930 349 218 38 beredande
1188 365 47 24 av
1275 353 154 38 enklare
1454 355 141 38 former
1622 356 57 38 för
1706 360 218 48 antagande
1954 376 46 23 av

396 396 215 38 släktnamn
643 403 40 31 är
711 412 47 24 av
786 402 42 34 så
856 407 80 30 stor
963 401 202 49 betydelse
1194 403 98 38 både
1319 405 59 38 för
1405 406 74 37 den
1499 407 174 39 enskilde
1693 410 73 37 och
1785 416 98 32 även
1900 425 99 26 sam-

394 448 187 50 hälleligt,
621 455 56 31 att
713 451 210 48 riksdagen
959 453 85 37 icke
1081 453 116 38 borde
1224 455 129 38 lämna
1381 457 76 38 den
1484 459 189 38 obeaktad
1700 461 12 37 i
1737 475 49 24 en
1813 463 185 40 skrivelse

393 499 58 38 till
479 500 142 49 Kungl.
651 501 107 50 Maj:t
785 504 199 47 angående
1012 505 125 37 bättre
1164 508 255 50 namnskydd.
1474 510 202 39 Utskottet
1702 513 69 37 har
1797 514 12 37 i
1837 521 160 33 motsats

393 551 58 37 till
490 551 121 38 första
651 554 222 38 kammaren
914 560 97 33 även
1053 562 136 44 ansett,
1214 565 55 31 att
1295 562 256 48 namnfrågan
1578 567 42 33 är
1647 577 47 23 av
1722 565 74 38 den
1821 567 93 49 vikt,
1944 574 55 32 att

392 604 215 37 eventuella
643 604 292 40 bestämmelser
972 608 12 36 i
1021 613 128 33 ämnet
1190 610 117 38 borde
1349 613 143 37 erhålla
1519 614 96 38 form
1645 629 47 23 av
1718 616 65 49 lag
1810 619 73 37 och
1909 619 87 38 icke

391 654 167 38 utfärdas
586 659 50 46 på
663 657 279 39 administrativ
969 665 86 44 väg.

523 707 57 35 Då
609 707 64 36 det
702 709 213 36 emellertid
942 711 76 35 kan
1047 711 202 47 förmodas,
1278 719 55 31 att
1362 715 141 46 Kungl.
1532 716 108 49 Maj:t
1666 718 63 36 vid
1750 732 46 23 en
1816 720 178 38 blivande

391 755 205 50 utredning
623 757 174 39 kommer
824 765 55 32 att
906 766 90 43 taga
1025 761 149 50 hänsyn
1202 763 56 38 till
1287 765 47 36 de
1364 766 160 37 sålunda
1552 780 47 24 av
1627 768 117 39 andra
1772 770 221 38 kammaren

390 807 170 39 uttalade
600 810 260 45 önskemålen,
902 812 66 37 vill
1009 814 187 37 utskottet
1222 816 84 36 icke
1335 820 49 45 på
1409 818 125 48 grund
1563 833 48 22 av
1634 820 115 38 dessa
1780 822 214 50 skiljaktig-

390 859 108 36 heter
524 859 12 37 i
565 860 221 38 kamrarnas
827 863 249 50 uppfattning
1115 867 180 47 avstyrka
1335 874 54 31 ett
1416 869 224 39 biträdande
1667 884 47 24 av
1741 871 119 39 första
1887 874 105 37 kam-

389 923 151 25 marens
583 911 138 50 beslut,
764 913 241 39 alldenstund
1043 916 88 37 hela
1165 918 254 50 namnfrågan
1448 920 47 38 då
1518 934 92 24 vore
1638 921 116 39 fallen
1781 925 59 36 för
1868 925 124 38 denna

388 961 168 50 riksdag.

523 1014 130 37 Andra
691 1016 241 37 kammarens
972 1018 126 37 beslut
1136 1021 198 48 angående
1375 1022 230 38 utfärdande
1631 1038 47 23 av
1702 1025 291 39 bestämmelser

388 1079 63 23 om
491 1065 144 38 sådana
663 1066 187 49 tillnamn,
879 1082 82 23 som
989 1070 85 37 icke
1104 1075 64 33 äro
1197 1071 227 51 släktnamn,
1453 1074 69 37 har
1550 1088 47 24 av
1625 1076 117 38 första
1770 1078 222 38 kammaren

388 1116 167 48 biträtts,
583 1118 126 37 varför
735 1120 188 37 utskottet
951 1121 139 37 saknar
1117 1122 209 51 anledning
1353 1129 54 32 att
1432 1126 227 48 ytterligare
1687 1127 91 50 ingå
1801 1133 49 46 på
1866 1129 125 39 denna

385 1167 117 37 fråga.
1522 1186 4 4 |

443 1181 26 34 ”
521 1218 52 38 På
600 1219 126 49 grund
754 1233 47 24 av
828 1221 74 37 vad
927 1222 159 38 sålunda
1114 1223 109 38 blivit
1251 1225 135 50 anfört,
1415 1226 56 37 får
1498 1227 188 39 utskottet
1713 1229 212 50 hemställa,

888 1329 54 31 att
985 1325 119 37 andra
1143 1327 222 37 kammaren
1407 1333 117 34 måtte
1556 1330 149 38 biträda
1736 1331 119 38 första
1883 1334 105 37 kam-

788 1388 149 24 marens
965 1376 12 36 i
1006 1376 266 50 föreliggande
1297 1379 140 37 ärende
1466 1381 144 38 fattade
1636 1382 137 37 beslut.

521 1473 225 38 Stockholm
776 1475 74 37 den
881 1478 43 35 17
956 1477 73 48 maj
1061 1480 106 35 1915.

950 1578 51 36 På
1029 1580 207 38 utskottets
1263 1586 161 45 vägnar:

999 1681 115 38 NILS
1142 1682 217 39 HELGER.

515 1862 63 31 Vid
611 1863 208 32 förevarande
852 1866 132 31 ärendes
1012 1867 260 41 slutbehandling
1293 1869 82 32 hava
1397 1872 152 30 närvarit:
1574 1873 107 30 herrar
1703 1872 133 41 Helger,
1866 1873 116 40 Welin,

381 1910 193 33 Andersson
607 1914 10 30 i
651 1914 171 38 Skrädene,
856 1915 194 32 Andersson
1083 1919 10 29 i
1127 1918 201 39 Milsmaden,
1367 1919 157 40 Stenudd,
1563 1921 196 42 Lingström,
1796 1923 187 41 Hedström,

386 1961 184 41 Wikström,
594 1964 164 41 Rydholm
781 1967 59 30 och
863 1967 167 31 Hedlund.

853 2348 163 23 STOCKHOLM,
1036 2349 62 18 A.-B.
1117 2350 21 18 P.
1158 2351 24 17 A.
1201 2351 105 17 NYMANS
1325 2352 74 18 EFTB,
1421 2350 72 21 1915.
