2137 2650
611 192 402 41 Bevillnings-Utskottels
1036 192 213 32 Betänkande
1273 192 63 31 N:o
1360 193 26 30 I.
1758 192 17 29 5

209 281 59 35 vid
295 281 262 35 fastställandet
584 280 38 34 af
647 280 97 34 detta
771 280 119 34 värde.
944 278 71 36 Att
1041 280 66 34 den
1135 279 268 44 omständighet,
1432 281 54 32 att
1514 289 42 24 en
1584 279 166 45 egendom
1774 282 41 32 är

207 333 139 34 försedd
374 333 76 34 med
477 332 194 44 dyrbarare
698 329 198 47 åbyggnad,
926 330 30 46 ej
977 332 12 33 i
1007 329 116 47 någon
1142 328 80 37 mån
1241 330 165 45 bidrager
1426 333 53 32 att
1498 331 67 33 öka
1586 331 230 44 egendomens

207 384 218 43 afkastning,
454 383 115 45 ligger
609 383 54 34 för
703 386 110 40 öppen
841 383 79 44 dag.
977 382 167 35 Tvärtom
1172 383 71 33 kan
1271 382 73 34 ofta
1372 381 237 35 förhållandet
1633 393 99 33 vara,
1762 384 54 32 att

209 446 43 23 en
293 434 30 44 ej
366 435 179 43 obetydlig
584 435 56 33 del
667 433 39 35 af
731 434 252 43 afkastningen
1010 431 103 46 åtgår
1139 434 54 33 till
1219 430 251 47 äbyggnadens
1496 431 194 36 underhåll.
1745 432 70 48 Att

209 483 44 37 då
280 483 150 47 pålägga
458 495 43 25 en
529 485 98 44 dylik
654 485 167 44 egendom
847 485 109 44 högre
983 484 192 44 bevillning
1202 487 45 31 än
1275 494 71 24 som
1373 481 139 46 påföres
1539 494 43 24 en
1609 494 117 24 annan
1740 484 75 34 lika

207 537 68 43 god
314 547 77 24 men
431 536 134 35 mindre
606 537 147 43 dyrbart
792 536 162 44 bebyggd
994 536 71 34 kan
1106 535 30 45 ej
1166 545 87 25 vara
1281 535 77 34 med
1384 535 152 36 rättvisa
1564 535 64 34 och
1656 535 159 44 billighet

208 588 388 35 öfverensstämmande.

342 638 200 44 Utskottet,
583 649 71 24 som
695 637 30 45 ej
767 638 72 34 kan
877 639 96 33 finna
1005 640 109 32 annat
1140 641 45 31 än
1213 640 54 32 att
1293 637 277 35 instruktionens
1598 638 218 43 ordalydelse

210 690 116 45 gifver
354 693 52 32 ett
432 690 146 35 korrekt
604 688 146 45 uttryck
777 686 38 38 åt
841 689 274 44 författningens
1142 689 150 44 mening,
1321 689 201 35 hemställer
1549 686 115 46 alltså,

977 777 66 32 3:0.

664 845 54 32 att
744 841 97 36 Herr
867 842 70 35 Per
962 842 204 35 Pettersons
1193 840 273 47 ifrågavarande
1492 842 129 36 motion
1648 840 110 37 mätte
1781 843 39 34 af

611 894 203 45 Riksdagen
841 895 133 34 lemnas
1000 897 88 32 utan
1115 894 173 35 afseende.

348 995 174 45 Slutligen
562 996 66 34 har
662 995 97 35 Herr
803 996 36 34 J.
869 996 184 35 Anderson
1080 996 11 34 i
1119 995 163 44 Tenhult,
1310 997 87 33 utan
1424 997 54 33 att
1504 995 148 35 hänföra
1680 996 54 44 sig
1761 996 55 34 till

210 1044 117 47 någon
353 1047 72 36 viss
452 1047 172 44 paragraf
647 1046 12 34 i
685 1047 470 45 bevillningsförordningen,
1184 1046 11 35 i
1222 1046 130 35 motion
1377 1045 70 36 N:o
1479 1048 68 33 116
1575 1047 92 34 inom
1690 1045 126 36 Andra

211 1095 229 47 Kammaren,
468 1098 176 44 hemstält,

356 1152 74 32 »att
476 1149 205 45 Riksdagen
722 1149 91 35 efter
864 1150 41 34 de
955 1149 463 44 redaktionsförändringar,
1460 1160 72 24 som
1576 1149 236 45 Bevillnings-

212 1200 199 45 Utskottet,
434 1210 72 25 som
533 1200 92 35 inom
653 1200 54 45 sig
732 1201 66 34 har
824 1201 233 44 motionsrätt,
1085 1201 72 34 kan
1184 1200 94 34 finna
1304 1200 161 44 lämpligt
1491 1198 139 46 föreslå,
1659 1201 156 34 beslutar

213 1254 55 33 att
306 1252 364 45 bevillningsstadgan
703 1249 38 37 så
767 1251 195 45 förändras,
996 1254 54 33 att
1077 1253 69 34 alla
1174 1254 116 32 staten
1316 1251 181 44 tillhöriga
1521 1251 122 45 jordar
1670 1252 64 34 och
1760 1253 56 33 bo-

213 1304 126 34 ställen
378 1303 112 36 blifva
521 1303 12 34 1
565 1303 376 45 taxeringslängderna
969 1303 11 34 i
1006 1303 112 34 likhet
1144 1303 78 34 med
1249 1303 110 34 andra
1386 1302 210 45 fastigheter
1623 1305 192 42 upptagna,

214 1355 84 34 eller
326 1354 65 35 ock
418 1352 38 37 så
483 1354 154 44 affattas,
666 1356 54 33 att
747 1354 59 35 det
833 1364 65 25 ena
924 1354 199 35 hemmanet
1149 1353 146 35 framför
1323 1356 51 32 ett
1400 1356 109 33 annat
1536 1353 30 45 ej
1588 1354 130 35 befrias
1737 1351 80 38 från

214 1406 215 44 erläggande
457 1405 39 35 af
519 1405 296 44 landstingsskatt
843 1405 63 35 och
934 1404 525 46 skjutsentreprenadafgifter.»

347 1455 70 36 Till
443 1457 77 34 stöd
549 1456 54 35 för
629 1455 149 36 berörda
805 1456 158 44 yrkande
991 1456 101 35 anför
1119 1456 227 44 motionären,
1375 1458 54 32 att
1457 1455 58 35 det
1533 1456 78 35 icke
1629 1456 71 35 kan
1716 1466 101 25 anses

213 1517 89 26 vara
334 1508 147 35 rättvist
512 1510 66 41 att,
607 1505 113 38 såsom
746 1517 48 25 nu
821 1508 92 43 sker,
941 1508 276 34 utarrenderade
1244 1507 294 43 kronoboställen,
1566 1507 12 34 i
1605 1507 86 45 följd
1719 1507 102 35 deraf

215 1561 53 32 att
304 1559 41 34 de
381 1559 60 35 vid
472 1559 209 44 taxeringen
720 1558 165 44 uppföras
912 1559 12 33 i
951 1559 150 34 särskild
1126 1559 107 44 längd
1259 1559 106 34 bland
1391 1558 281 44 bevillningsfria
1699 1558 118 44 fastig-

215 1610 111 43 heter,
354 1607 119 47 undgå
500 1612 55 32 att
581 1610 73 34 lika
681 1610 77 34 med
786 1609 110 35 andra
923 1609 209 45 fastigheter
1159 1610 142 43 deltaga
1320 1609 11 35 i
1350 1607 38 37 så
1403 1610 58 35 väl
1479 1609 339 45 tilläggsbevillning

216 1670 71 25 som
314 1661 296 44 landstingsskatt
638 1661 63 35 och
729 1659 505 46 skjutsentreprenadafgifter.

348 1711 85 35 Med
461 1711 189 45 anledning
677 1711 39 35 af
739 1711 192 35 motionens
957 1708 156 38 innehåll
1139 1709 133 37 tillåter
1299 1711 53 45 sig
1379 1710 188 37 Utskottet
1594 1711 128 45 erinra,
1751 1714 65 42 att,

214 1762 140 45 jemlikt
386 1762 23 45 $
437 1765 23 32 4
486 1763 13 34 i
525 1763 374 44 bevillningsstadgan,
928 1765 116 32 staten
1072 1762 30 45 ej
1131 1759 140 47 påföres
1298 1763 192 43 bevillning
1516 1763 54 34 för
1597 1763 76 34 sina
1697 1762 121 45 fastig-

215 1814 112 43 heter,
367 1814 124 35 hvilka
523 1813 89 35 dock
643 1816 215 42 upptaxeras
885 1813 11 34 i
922 1814 113 34 likhet
1061 1812 78 36 med
1166 1814 48 33 all
1240 1823 116 25 annan
1380 1813 81 45 jord
1487 1814 55 34 till
1569 1813 62 36 sitt
1656 1814 162 44 verkliga

216 1865 109 34 värde
353 1865 64 34 och
443 1864 95 35 föras
565 1865 12 34 i
604 1865 172 34 särskilda
803 1864 156 45 längder,
987 1875 79 24 men
1093 1865 154 34 deremot
1273 1861 138 47 påföres
1430 1865 208 34 arrendator
1656 1864 40 35 af
1711 1862 108 37 sådan

217 1915 181 44 fastighet,
430 1916 12 34 i
476 1916 133 34 olikhet
648 1916 77 34 med
764 1915 111 35 andra
912 1915 325 45 jordinnehafvare,
1277 1916 192 44 bevillning
1508 1916 55 34 för
1602 1916 152 34 inkomst
1782 1916 40 34 af

217 1967 175 34 arrendet.
447 1965 124 45 Enligt
602 1965 22 46 8
655 1968 44 33 58
726 1967 13 33 i
765 1966 254 45 författningen
1048 1964 180 46 angående
1255 1966 348 44 kommunalstyrelse
1629 1964 45 47 på
1700 1967 121 34 landet

216 2015 140 46 påföres
394 2017 280 44 kronoegendom
714 2018 135 43 fyrktal
880 2017 12 34 i
923 2015 218 37 förhållande
1181 2016 54 35 till
1268 2018 228 43 egendomens
1527 2018 293 44 taxeringsvärde

219 2068 90 34 efter
336 2078 130 24 samma
493 2069 114 43 grund
634 2079 72 24 som
732 2068 61 36 vid
819 2068 312 44 fyrktalssättning
1158 2065 20 37 å
1206 2078 117 24 annan
1337 2068 250 45 jordegendom
1604 2072 40 31 är
1658 2069 160 45 stadgad,

217 2129 79 24 men
335 2119 154 34 deremot
527 2116 139 46 påföres
706 2119 232 35 arrendatorn
970 2119 30 45 ej
1034 2120 135 43 fyrktal
1208 2118 54 35 för
1294 2119 65 34 den
1390 2119 153 35 inkomst
1574 2120 40 34 af
1644 2120 175 44 arrendet,

219 2169 146 35 hvarför
403 2170 70 34 han
512 2169 118 36 blifvit
662 2170 197 35 beskattad.
912 2169 19 35 I
958 2168 101 47 fråga
1088 2181 53 24 om
1167 2170 385 45 kommunalutskylder
1579 2181 82 34 eger
1687 2169 134 37 således

219 2221 65 34 full
310 2221 232 44 likställighet
568 2231 77 24 rum
672 2223 127 34 mellan
826 2221 255 36 innehafvaren
1109 2221 39 35 af
1171 2221 122 35 krono-
1322 2222 62 35 och
1401 2232 116 25 annan
1529 2221 90 46 jord.
1650 2222 169 45 Tilläggs-

220 2272 192 45 bevillning
437 2275 143 41 utgöres
607 2273 154 36 deremot
788 2272 72 35 lika
887 2272 78 34 litet
992 2284 69 24 som
1090 2272 192 46 bevillning
1299 2272 54 36 för
1367 2273 245 46 kronojorden,
1628 2275 64 34 och
1706 2274 114 37 deruti
