1926 2814
301 187 116 30 Andra
435 187 201 30 kammarens
660 186 130 39 tredje
814 186 163 39 tillfälliga
995 185 130 31 utskotts
1144 185 161 30 utlåtande
1323 184 51 31 Nr
1392 184 28 30 3.
1597 185 13 28 1

814 393 59 40 Nr
901 393 38 40 3.

676 503 110 24 Ankom
806 503 41 23 till
866 502 160 31 riksdagens
1044 502 89 24 kansli
1154 502 53 24 den
1227 501 34 24 23
1282 502 55 31 maj
1360 501 64 24 1927
1444 501 36 24 kl.
1499 501 17 24 2
1535 508 22 17 e.
1578 507 35 17 m.

209 593 116 32 Andra
349 592 202 34 kammarens
574 596 155 38 tredje
751 591 165 43 tillfälliga
939 592 131 33 utskotts
1093 595 173 38 utlåtande,
1290 604 40 20 nr
1354 594 29 38 3,
1406 594 13 30 i
1442 591 173 41 anledning

381 658 39 20 av
441 649 90 29 väckt
552 649 130 38 motion,
705 649 57 29 II:
786 649 72 37 257,
880 648 163 38 angående
1063 644 115 42 förbud
1198 644 50 42 för
1268 647 162 39 polismän
1450 647 55 29 och
1526 645 87 31 åkla-

380 711 74 29 gare
469 705 44 26 att
528 698 91 34 driva
633 699 107 41 privat
755 698 339 33 advokatverksamhet.

167 805 18 33 I
200 817 41 22 en
256 807 92 31 inom
365 809 106 30 andra
485 806 196 33 kammaren
698 805 103 34 väckt
817 804 140 42 motion,
974 816 40 21 nr
1029 808 72 38 257,
1118 816 71 22 som
1205 808 52 29 för
1271 807 181 38 beredning
1466 807 147 30 remitte-

125 864 69 28 rats
213 862 52 29 till
281 862 182 38 utskottet,
482 862 61 30 har
560 862 75 30 herr
652 861 127 31 Dahlén
796 870 45 21 m.
860 862 36 29 fl.
915 861 182 38 hemställt,
1117 862 53 28 att
1187 861 177 38 riksdagen
1381 859 107 31 måtte
1504 860 11 29 i
1534 857 79 33 skri-

126 914 88 31 velse
238 914 52 30 till
314 913 126 40 Kungl.
465 911 101 43 Maj:t
590 915 133 30 anhålla
748 923 55 21 om
827 910 220 34 meddelande
1071 922 43 21 av
1137 911 260 41 bestämmelser,
1423 913 190 38 varigenom

126 965 164 41 polismän
310 969 62 29 och
393 968 155 39 åklagare
566 964 175 43 förbjudas
761 969 54 29 att
835 968 58 29 vid
912 964 96 34 sidan
1027 976 43 21 av
1090 967 50 30 sin
1159 968 109 38 tjänst
1287 966 96 31 driva
1402 966 213 30 verksamhet

126 1019 109 33 såsom
254 1021 313 38 privatadvokater.

168 1071 221 34 Beträffande
406 1075 243 38 motiveringen
667 1071 113 33 härför
797 1070 52 34 får
866 1074 171 30 utskottet
1054 1074 141 30 hänvisa
1213 1074 51 29 till
1282 1074 180 29 motionen.

168 1178 193 33 Yttranden
379 1181 79 30 över
474 1177 171 35 motionen
663 1181 88 30 hava
767 1177 45 42 på
829 1177 113 34 därtill
958 1181 98 38 given
1073 1177 179 42 anledning
1269 1179 144 39 avgivits
1431 1189 43 21 av
1491 1178 123 40 Styrel-

125 1244 57 20 sen
211 1235 52 30 för
291 1234 150 39 Sveriges
469 1234 331 38 Advokatsamfund,
830 1234 169 38 Styrelsen
1026 1234 52 30 för
1105 1234 194 38 föreningen
1328 1230 148 42 Sveriges
1504 1231 109 32 lands-

124 1284 145 43 fiskaler,
285 1286 169 40 Styrelsen
467 1285 52 34 för
530 1288 194 39 föreningen
738 1288 150 39 Sveriges
902 1283 229 35 stadsfiskaler
1144 1288 62 30 och
1221 1283 168 43 Styrelsen
1401 1288 51 29 för
1465 1287 149 30 Svenska

124 1340 281 39 polisförbundet.

168 1390 170 43 Styrelsen
361 1396 52 29 för
436 1391 356 34 Advokatsamfundet
815 1390 109 34 finner
948 1395 58 29 det
1029 1403 82 21 vara
1134 1403 44 21 av
1201 1391 205 41 principiella
1430 1394 62 30 och
1515 1393 98 38 prak-

125 1445 90 32 tiska
236 1444 73 34 skäl
330 1457 44 21 av
396 1447 85 39 vikt,
504 1450 53 28 att
577 1444 74 34 icke
672 1447 110 39 någon
803 1448 165 37 polisman
990 1446 77 31 eller
1088 1443 156 42 åklagare
1264 1464 43 4 —
1327 1447 62 30 och
1410 1447 81 29 allra
1512 1447 102 30 minst

126 1500 41 30 de
191 1497 101 42 högre
316 1518 43 5 —
381 1500 127 31 tillåtas
532 1501 139 30 bedriva
694 1501 225 38 yrkesmässig
942 1500 376 38 advokatverksamhet,
1343 1509 75 20 men
1443 1509 95 20 anser
1561 1502 53 27 att

125 1550 122 33 förbud
268 1553 154 31 häremot
441 1550 74 34 icke
534 1551 85 33 lärer
639 1555 115 28 kunna
775 1554 136 37 stadgas
931 1549 12 34 i
963 1549 250 34 administrativ
1234 1556 74 35 väg.
1342 1553 112 38 Ifråga
1474 1562 54 21 om
1550 1553 64 29 den

126 1608 124 28 största
271 1616 151 29 gruppen
444 1616 44 20 av
510 1606 166 39 åklagare,
698 1602 289 43 landsfiskalerna,
1009 1602 128 34 uttalar
1159 1606 161 38 styrelsen
1342 1606 64 29 den
1427 1607 186 37 meningen,

125 1657 54 32 att
202 1660 117 38 frågan
343 1661 52 29 för
419 1660 110 30 denna
552 1669 124 30 grupps
700 1659 264 31 vidkommande
988 1665 43 24 av
1054 1661 75 28 rent
1153 1660 174 37 praktiska
1351 1659 71 31 skäl
1445 1659 169 38 knappast

126 1712 67 31 kan
216 1714 86 30 lösas
326 1716 106 28 annat
455 1716 44 28 än
521 1710 11 34 i
556 1710 164 34 samband
742 1709 78 35 med
843 1722 41 21 en
907 1709 212 43 djupgående
1141 1713 216 38 reformering
1379 1719 43 24 av
1444 1713 168 38 åklagare-

126 1767 162 30 väsendet
308 1768 62 29 och
389 1777 41 20 en
451 1764 173 42 samtidigt
642 1765 173 40 företagen
834 1764 246 41 lönereglering.
1112 1767 75 29 Vad
1207 1767 72 29 åter
1297 1765 103 40 angår
1419 1767 193 29 stadsfiska-

125 1821 92 29 lerna
241 1820 62 31 och
327 1820 41 31 de
391 1817 213 34 kommunalt
627 1817 168 34 anställda
818 1820 231 38 polismännen
1071 1819 110 31 finner
1204 1820 161 38 styrelsen
1389 1822 52 27 att
1464 1819 116 39 frågan
1603 1820 11 29 i

127 1874 66 29 vad
215 1874 196 30 densamma
432 1870 97 34 berör
549 1874 149 30 nämnda
718 1882 145 30 grupper
884 1873 96 30 torde
1001 1873 85 30 efter
1106 1873 92 30 hand
1219 1874 114 29 kunna
1355 1870 119 33 ordnas
1495 1874 12 28 i
1528 1882 84 21 sam-

126 1923 90 34 band
236 1927 77 30 med
332 1927 160 30 blivande
510 1923 286 43 löneregleringar.
828 1927 18 29 I
866 1926 164 31 samband
1050 1926 138 30 härmed
1207 1926 125 30 erinrar
1351 1926 160 38 styrelsen
1531 1929 53 27 att
1603 1927 11 28 i

125 1976 103 42 några
249 1989 43 21 av
313 1981 104 30 rikets
440 1980 112 31 städer
574 1976 57 35 det
652 1981 52 30 för
725 1976 237 35 stadsfiskalen
983 1977 155 41 gällande
1159 1980 455 39 tjänstgöringsreglementet

124 2031 182 33 innehåller
332 2043 70 21 mer
427 2031 78 33 eller
530 2031 129 33 mindre
684 2034 94 38 långt
803 2033 128 39 gående
955 2030 123 33 förbud
1102 2034 52 29 för
1179 2030 235 34 stadsfiskalen
1439 2035 53 28 att
1518 2033 94 30 driva

125 2083 378 43 advokatverksamhet,
530 2087 62 31 och
619 2088 60 29 har
704 2087 163 38 styrelsen
892 2085 11 31 i
928 2083 208 42 underdånig
1160 2083 246 41 framställning
1430 2087 182 37 hemställt,

123 2139 54 31 att
188 2137 111 41 dylikt
310 2139 123 32 förbud
444 2137 57 34 må
511 2140 131 39 inhtagas
654 2138 128 41 jämväl
793 2140 59 30 vid
862 2136 275 34 förekommande
1149 2136 179 42 ändringar
1338 2140 11 29 i
1360 2140 252 38 tjänstgörings-

124 2189 200 42 reglemente
348 2191 52 33 för
424 2190 203 34 stadsfiskal.
664 2191 164 40 Slutligen
852 2189 170 34 meddelar
1045 2193 163 38 styrelsen
1232 2195 53 28 att
1309 2189 109 33 denna
1442 2193 56 29 vid
1522 2196 90 26 utar-

123 2245 146 32 betande
296 2256 43 21 av
366 2243 372 34 Advokatsamfundets
764 2245 162 40 yttrande
953 2248 79 29 över
1058 2246 412 30 Processkommissionens
1496 2243 116 33 betän-

122 2300 111 30 kande
256 2301 153 30 kommer
433 2303 54 28 att
511 2303 151 36 upptaga
687 2300 58 31 det
768 2297 12 33 i
804 2300 173 30 motionen
999 2299 142 31 berörda
1166 2298 196 40 spörsmålet
1386 2300 51 30 till
1461 2302 152 28 närmare

123 2354 175 38 prövning.

166 2402 170 43 Styrelsen
364 2404 52 34 för
443 2407 195 38 föreningen
666 2407 151 38 Sveriges
845 2403 233 34 landsfiskaler
1106 2403 125 33 erinrar
1259 2408 53 28 att
1339 2402 274 34 landsfiskalerna

122 2460 63 38 äga
200 2458 11 31 i
225 2457 107 33 likhet
348 2461 76 30 med
441 2461 115 38 övriga
571 2457 145 34 ämbets-
732 2460 63 30 och
810 2458 208 41 tjänstemän
1033 2460 77 29 med
1125 2459 174 39 undantag
1313 2460 52 30 för
1379 2462 50 27 ett
1445 2468 60 29 par
1519 2460 93 29 kate-

123 2526 105 30 Bihang
247 2527 40 23 till
305 2527 154 30 riksdagens
479 2527 129 31 protokoll
630 2528 75 22 1927.
746 2527 32 22 13
796 2527 77 23 saml.
914 2527 14 21 3
947 2527 57 23 avd.
1045 2527 14 21 3
1077 2527 65 29 häft.
1183 2527 53 29 (Nr
1257 2526 22 30 3)
1598 2526 10 22 1

1658 814 146 23 Motionen.

1659 1190 149 23 Yllranden.
