1868 2848
439 159 128 33 Andra
591 160 254 37 lagutskottets
868 158 188 34 utlåtande
1079 159 54 33 Nr
1158 160 52 30 19.
1519 159 20 31 5

73 238 156 36 område,
251 247 77 22 som
353 237 113 32 därav
487 237 152 32 beröres.
683 237 84 32 Med
789 238 140 37 hänsyn
952 237 127 32 härtill
1101 248 105 21 anser
1229 238 176 31 utskottet
1427 238 79 31 skäl
1529 238 51 32 fö-

77 289 140 37 religga
238 290 56 31 för
318 289 193 37 riksdagen
532 291 54 30 att
607 290 63 31 hos
690 289 135 37 Kungl.
846 289 109 37 Maj:t
975 289 134 37 begära
1132 299 43 21 en
1196 289 146 37 allsidig
1363 290 65 31 och
1449 289 131 38 skynd-

75 352 78 21 sam
171 341 195 37 utredning
385 342 12 30 i
416 342 131 30 ämnet.

115 395 52 31 På
188 394 117 37 grund
326 404 45 21 av
390 394 71 31 vad
481 394 154 32 sålunda
656 395 142 31 anförts
818 395 57 30 får
895 395 173 31 utskottet
1088 394 200 36 hemställa,

515 447 54 31 att
592 446 203 37 riksdagen,
817 447 12 30 i
852 446 195 37 anledning
1070 456 46 21 av
1139 446 237 32 förevarande
1398 445 184 37 motioner,

476 498 31 31 I:
523 499 48 36 12,
586 499 32 31 I:
633 499 47 37 98,
696 498 53 32 II:
765 499 38 31 29
819 499 63 31 och
898 499 52 31 II:
965 499 48 37 78,
1027 499 112 31 måtte
1154 498 13 31 i
1183 498 174 32 skrivelse
1371 498 58 35 till
1446 497 141 38 Kungl.

475 550 111 37 Maj:t
609 550 157 36 anhålla,
790 552 52 30 att
866 550 134 37 Kungl.
1024 550 109 37 Maj:t
1155 550 87 32 ville
1268 550 58 32 till
1349 550 146 37 allsidig
1519 549 63 32 och

477 602 194 37 skyndsam
691 602 195 37 utredning
906 603 160 37 upptaga
1087 603 131 36 frågan
1239 612 56 22 om
1316 602 234 37 lagstiftning
1571 601 12 32 i

475 655 97 35 syfte
594 656 53 30 att
671 655 39 32 få
735 654 58 32 till
815 654 105 32 stånd
942 654 244 37 betryggande
1210 654 134 31 former
1368 655 56 30 för
1446 653 137 37 pensio-

475 707 128 36 neriug
624 717 45 21 av
688 706 183 32 anställda
891 707 63 31 hos
975 706 162 32 enskilda
1159 707 141 36 företag
1324 706 63 31 och
1408 716 175 28 samman-

477 758 214 37 slutningar.

116 861 207 33 Stockholm
338 862 71 32 den
426 862 39 31 28
482 872 98 22 mars
597 862 88 32 19385.
1422 840 35 45 je
1540 860 44 42 om

515 965 52 32 På
586 965 113 32 andra
716 966 255 37 lagutskottets
990 968 151 34 vägnar:

642 1069 104 32 K.G.
768 1068 250 34 WESTMAN.

120 1434 54 25 Vid
193 1434 131 25 ärendets
343 1434 173 31 behandling
535 1435 74 24 hava
626 1435 138 24 närvarit:

111 1483 62 28 från
202 1487 112 24 första
342 1486 210 24 kammaren:
579 1487 97 24 herrar
704 1487 30 24 K.
765 1487 31 24 G.
829 1487 148 29 Westman,
1011 1487 101 29 Bagge,
1140 1485 107 31 Sigfrid
1275 1486 144 30 Hansson,
1446 1484 142 33 Frändén,

79 1531 104 29 Gustaf
207 1531 108 29 Tamm,
335 1531 136 30 Norman,
490 1531 140 24 Forslund
649 1531 52 24 och
720 1530 71 31 Elof
804 1531 173 29 Andersson;

119 1580 63 28 från
201 1582 107 25 andra
328 1583 209 24 kammaren:
556 1583 99 24 herrar
675 1578 188 35 Österström",
880 1582 88 30 Hage,
985 1583 147 24 Johanson
1152 1583 9 22 i
1181 1581 191 30 Stockholm+,
1388 1581 200 31 Holmström",

74 1628 136 24 Hansson
229 1628 9 23 i
252 1627 187 29 Trollhättan,
460 1627 112 25 Gardell
595 1627 4 24 i
618 1627 103 31 Gahns,
739 1627 165 24 Sandström
924 1626 8 24 i
952 1622 130 29 Sollefteå
1101 1626 53 24 och
1174 1626 202 24 Hermansson.

113 1706 14 13 +
146 1707 32 30 Ej
197 1704 176 26 närvarande
391 1704 48 25 vid
458 1702 175 28 utlåtandets
649 1706 147 31 justering.
