1884 2778
295 158 18 30 4
599 161 118 31 Andra
738 163 246 36 lagutskottets
1006 166 179 31 utlåtande
1207 177 41 21 nr
1268 170 37 28 31
1329 170 39 29 år
1392 171 81 29 1963

336 247 182 32 Nämnden
538 249 116 31 består
673 260 41 21 av
732 252 221 36 ordförande,
972 255 71 30 vice
1062 256 212 31 ordförande
1292 258 64 30 och
1374 268 56 21 sex
1451 261 108 29 andra
1579 261 199 31 ledamöter.

293 301 245 31 Ordföranden
558 304 64 29 och
642 304 74 30 vice
735 305 234 32 ordföranden
990 308 87 30 skall
1098 318 83 21 vara
1202 310 226 32 rättsbildade
1448 314 76 29 med
1544 314 147 30 insikter
1711 316 8 29 i
1738 316 41 29 de

294 353 125 38 frågor,
443 364 74 21 som
541 356 99 30 faller
662 357 95 30 inom
778 359 194 31 nämndens
994 361 232 31 verksamhet.
1248 362 124 39 Övriga
1394 365 189 31 ledamöter
1604 367 89 30 skall
1715 369 62 36 äga

292 407 168 37 ingående
483 409 199 32 erfarenhet
707 420 41 20 av
772 413 408 39 personskadereglering
1205 416 93 30 inom
1323 415 454 48 ansvarighetsförsäkring.

295 460 9 28 I
325 461 171 38 prövning
514 471 41 21 av
574 463 109 38 fråga,
702 473 75 21 som
795 465 101 38 bolag
914 466 198 37 hänskjutit
1131 469 50 29 till
1202 470 186 35 nämnden,
1408 471 54 30 må
1481 472 31 36 ej
1532 473 136 37 deltaga
1687 475 90 29 leda-

294 515 79 34 mot,
392 523 76 21 som
487 516 38 29 är
544 517 150 30 anställd
713 517 64 30 hos
795 517 146 39 bolaget.

334 567 129 31 Finner
481 569 186 35 nämnden,
686 572 51 29 att
755 572 322 32 tillfredsställande
1097 575 186 38 utredning
1299 585 41 21 av
1358 577 108 38 fråga,
1484 588 74 20 som
1575 579 101 38 bolag
1692 580 85 30 hän-

290 620 127 36 skjutit
444 621 52 30 till
523 623 187 35 nämnden,
738 624 31 36 ej
798 624 69 30 kan
894 625 124 32 vinnas
1045 630 108 28 annat
1179 629 44 29 än
1249 636 122 29 genom
1399 631 169 30 domstols
1594 629 182 46 prövning,

291 674 175 30 meddelar
487 676 175 31 nämnden
685 676 136 39 bolaget
843 678 94 31 detta
960 681 75 29 med
1058 681 194 36 angivande
1273 691 40 21 av
1335 683 120 31 skälen
1477 684 129 30 härför.

944 777 173 29 Utskottet

336 832 130 38 Frågor
489 843 52 20 om
568 834 285 38 förtidspension,
876 837 336 39 invaliditetstillägg
1235 841 64 29 och
1324 841 452 42 invaliditetsersättningar

292 886 106 37 enligt
418 887 98 36 lagen
536 897 55 20 om
611 888 131 30 allmän
762 889 200 39 försäkring
981 893 142 35 avgöres
1144 893 9 28 i
1173 893 130 31 allmän
1325 894 325 39 försäkringskassa
1672 908 42 20 av
1733 908 41 21 en

291 939 150 30 särskild
457 940 362 39 pensionsdelegation
834 952 56 20 om
907 943 70 31 fem
993 954 175 27 personer,
1186 947 182 30 däribland
1385 949 57 29 två
1459 959 42 20 av
1517 950 258 39 medicinalsty-

291 993 111 29 relsen
420 994 146 29 utsedda
585 995 128 30 läkare.
732 995 87 30 Över
837 996 370 38 försäkringskassans
1225 1000 113 30 beslut
1356 1001 55 31 får
1429 1002 96 30 talan
1544 1003 95 30 föras
1658 1005 9 29 i
1687 1005 87 29 riks-

291 1045 350 38 försäkringsverket,
669 1058 73 20 som
770 1049 85 30 även
882 1060 39 20 ex
948 1051 121 30 officio
1096 1052 69 30 kan
1193 1053 64 30 och
1284 1054 9 29 i
1319 1054 93 31 vissa
1439 1055 62 30 fall
1529 1057 244 37 obligatoriskt

290 1099 87 29 skall
404 1101 190 34 överpröva
621 1101 147 30 kassans
794 1102 123 31 beslut.
944 1104 169 37 Fullföljd
1142 1106 79 30 från
1249 1107 416 38 riksförsäkringsverket
1694 1112 79 29 sker

291 1152 48 29 till
359 1152 429 38 försäkringsdomstolen,
809 1165 73 21 som
903 1158 38 28 är
961 1158 83 30 sista
1064 1158 147 31 instans.

332 1205 204 39 Ersättning
551 1208 108 37 enligt
674 1208 99 37 lagen
789 1219 55 20 om
860 1210 418 40 yrkesskadeförsäkring
1294 1214 211 31 bestämmes
1523 1217 8 29 i
1550 1217 110 30 första
1678 1218 93 30 hand

288 1268 41 19 av
354 1258 515 40 försäkringsinrättningarna,
894 1264 72 30 dvs.
993 1264 417 39 riksförsäkringsverket
1435 1269 64 30 och
1526 1270 41 30 de
1592 1271 180 31 socialför-

288 1312 264 39 säkringsbolag
576 1323 73 21 som
674 1316 177 30 meddelar
874 1317 428 40 yrkesskadeförsäkring.
1327 1321 445 41 Försäkringsinrättning-

286 1374 103 21 arnas
405 1366 115 30 beslut
536 1367 68 30 kan
620 1368 205 37 överklagas
841 1370 63 30 hos
921 1370 331 39 försäkringsrådet,
1269 1383 73 21 som
1359 1375 106 30 också
1483 1375 191 37 självmant
1691 1379 80 36 äger

287 1420 152 36 upptaga
460 1420 114 30 beslut
594 1422 51 28 till
668 1422 264 37 överprövning.
955 1424 90 30 Sista
1067 1425 137 30 instans
1227 1427 37 29 är
1286 1428 85 29 även
1394 1428 9 30 i
1426 1429 101 30 dessa
1549 1430 61 30 fall
1635 1430 135 31 försäk-

287 1471 302 38 ringsdomstolen.

329 1525 130 37 Frågor
481 1536 56 20 om
559 1528 194 37 ersättning
776 1529 77 30 från
877 1531 158 30 enskilda
1058 1531 323 39 försäkringsbolag
1404 1537 143 34 avgöres
1570 1537 8 28 i
1603 1536 167 32 händelse

285 1588 41 20 av
346 1578 83 30 tvist
447 1579 93 31 inför
561 1581 130 30 allmän
712 1582 160 31 domstol.
893 1584 66 29 Till
980 1584 201 37 främjande
1200 1596 42 20 av
1262 1596 40 21 en
1323 1588 152 37 enhetlig
1495 1589 212 38 bedömning
1727 1601 42 20 av

284 1632 217 30 skadefallen
520 1633 64 30 har
602 1643 42 21 av
664 1634 365 41 försäkringsbolagen
1050 1639 165 30 inrättats
1235 1636 534 48 Trafikförsäkringsanstalter-

284 1694 62 21 nas
380 1686 131 30 nämnd
546 1687 64 30 och
646 1687 517 41 Ansvarighetsförsäkringens
1199 1694 382 37 personskadenämnd,
1607 1706 74 21 som
1707 1707 61 20 var

283 1738 92 30 inom
397 1739 61 30 sitt
476 1740 143 31 område
637 1741 65 29 har
722 1743 50 29 att
792 1750 82 28 avge
894 1744 185 35 yttranden
1102 1746 52 30 till
1175 1745 506 41 försäkringsinrättningarna
1702 1751 66 30 och

279 1810 41 3 —
340 1793 117 29 därest
477 1793 36 30 så
533 1793 142 38 begäres
693 1813 44 3 —
756 1796 40 29 de
816 1797 178 31 allmänna
1014 1799 249 32 domstolarna.
1291 1801 5 28 I
1318 1802 218 31 nämnderna
1557 1803 115 31 finnes
1694 1805 72 30 dels

284 1844 158 37 lagfarna
464 1845 189 32 ledamöter
672 1865 44 4 —
737 1848 181 31 däribland
941 1850 259 31 ordförandena
1221 1871 43 2 —
1285 1854 73 29 dels
1380 1854 192 32 ledamöter
1593 1857 78 30 med
1696 1858 69 29 sär-

282 1897 88 30 skild
391 1898 200 31 erfarenhet
611 1909 42 21 av
673 1901 300 39 skaderegelering
993 1904 94 30 inom
1108 1906 195 36 respektive
1323 1906 313 38 försäkringsfack.
1660 1911 106 30 Leda-

281 1952 71 28 mot
370 1960 74 21 som
463 1952 38 29 är
519 1953 149 30 anställd
688 1954 64 30 hos
770 1954 352 38 försäkringsanstalt
1140 1958 55 30 får
1214 1959 30 36 ej
1265 1960 136 36 deltaga
1419 1961 9 30 i
1447 1961 257 38 behandlingen
1723 1973 42 21 av

280 2004 194 30 anstaltens
493 2005 162 31 ärenden.

321 2057 12 29 I
357 2057 230 32 förevarande
611 2060 132 30 motion
768 2062 99 34 göres
890 2063 161 35 gällande
1075 2066 50 29 att
1150 2065 66 30 den
1242 2067 202 30 nuvarande
1468 2068 194 37 ordningen
1689 2070 75 30 icke

280 2110 134 30 lämnar
433 2111 326 32 tillfredsställande
779 2116 175 34 garantier
973 2116 54 31 för
1046 2119 51 29 att
1116 2127 40 21 en
1179 2119 249 32 skadelidande
1448 2121 228 32 tillerkännes
1696 2124 67 30 den

278 2164 196 37 ersättning
498 2174 74 20 som
596 2166 182 37 rätteligen
803 2168 214 32 tillkommer
1040 2171 140 30 honom.
1205 2171 76 31 Med
1306 2172 212 39 hänvisning
1542 2175 52 30 till
1620 2176 58 30 två
1703 2186 60 21 an-

278 2216 100 30 förda
398 2216 62 31 fall
479 2236 44 3 —
541 2218 56 30 det
616 2228 65 21 ena
701 2222 170 30 avseende
890 2222 99 37 fråga
1009 2233 55 20 om
1085 2224 196 31 invaliditet
1300 2227 162 30 orsakats
1484 2237 41 20 av
1544 2229 218 36 yrkesskada

277 2269 61 30 och
358 2270 57 30 det
433 2271 109 30 andra
560 2273 170 30 avseende
747 2273 193 40 beräkning
959 2285 42 21 av
1018 2277 411 40 invaliditetsersättning
1447 2280 78 30 från
1545 2282 129 30 enskilt
1693 2282 69 31 för-

277 2323 265 39 säkringsbolag
566 2325 43 37 på
635 2327 112 35 grund
776 2336 40 20 av
842 2329 446 40 ansvarighetsförsäkring
1311 2349 45 5 —
1382 2333 182 31 kritiserar
1591 2336 170 30 motionä-

276 2385 101 21 rerna
402 2376 436 39 riksförsäkringsverkets
864 2381 63 30 och
954 2383 236 31 nämndernas
1215 2384 262 38 bedömningar.
1504 2387 177 32 Motionen
1708 2391 52 28 ut-

276 2438 150 28 mynnar
448 2430 10 29 i
481 2431 49 30 ett
553 2430 131 38 förslag
707 2442 56 20 om
788 2433 191 37 skyndsam
1003 2437 187 36 utredning
1214 2438 177 35 angående
1415 2439 270 37 möjligheterna
1709 2444 52 29 att

274 2482 66 30 öka
359 2483 149 35 skyddet
525 2483 55 31 för
598 2485 66 30 den
683 2486 158 31 enskilde
858 2488 55 29 vid
934 2488 199 38 försäkring
1152 2490 55 30 för
1226 2491 185 36 olycksfall
1430 2493 83 30 eller
1531 2490 227 46 yrkesskada.
