1888 2854
589 177 228 30 Statsutskottets
839 172 149 32 utlåtande
1010 175 48 28 Nr
1081 172 49 32 82.
1205 164 4 3 |
1589 170 38 30 15

173 247 94 38 Även
292 254 56 31 vid
372 253 41 32 de
438 253 136 41 statliga
598 251 397 33 alkoholistanstalterna
1013 250 205 41 (Venngarn,
1244 247 154 42 Svartsjö
1415 247 64 31 och
1497 245 129 33 Lands-

121 305 116 42 krona)
260 304 98 32 torde
381 304 211 32 beträffande
609 302 227 41 vårdavgifter
851 301 64 32 och
931 298 446 42 beklädnadsersättningar
1392 298 84 30 böra
1491 308 135 30 genom-

121 356 91 31 föras
237 354 238 33 motsvarande
498 353 246 42 förändringar.
773 353 129 31 Härom
927 352 61 30 har
1008 351 58 41 jag
1088 349 105 33 redan
1216 351 107 41 yttrat
1346 348 69 42 mig
1433 348 11 31 i
1461 347 165 32 samband

123 407 76 31 med
220 407 158 41 frågorna
401 417 54 20 om
479 405 119 41 anslag
620 405 52 30 för
694 405 99 30 nästa
816 402 167 42 budgetår
1006 401 52 32 till
1082 400 147 32 berörda
1251 400 175 31 anstalter.

174 457 82 32 Med
288 457 134 42 hänsyn
457 456 52 31 till
531 455 65 32 vad
635 454 277 42 socialstyrelsen
946 453 114 31 anfört
1083 453 88 30 lärer
1194 451 10 31 i
1228 452 92 40 fråga
1344 461 54 20 om
1423 449 204 41 driftbidrag

122 509 52 32 till
208 508 149 32 erkända
391 506 358 33 alkoholistanstalten
778 505 163 31 Hemmet
963 503 240 41 Gunnarskog,
1228 502 113 31 vilken
1365 502 36 30 är
1424 499 128 33 avsedd
1575 500 53 31 för

122 559 173 42 kvinnliga
318 558 232 38 alkoholister,
574 556 124 43 jämväl
721 556 109 31 under
852 557 98 30 nästa
973 554 169 42 budgetår
1164 553 83 32 böra
1270 553 33 31 få
1325 552 97 42 gälla,
1446 554 50 29 att
1519 550 110 43 dylikt

121 610 121 42 bidrag
264 612 55 30 må
341 611 81 40 utgå
444 609 75 32 dels
542 608 79 32 med
645 619 41 20 en
710 607 106 31 krona
831 617 62 31 per
909 606 65 41 dag
989 605 64 32 och
1069 603 185 42 vårdplats,
1272 604 133 31 oavsett
1420 613 55 21 om
1491 601 136 42 platsen

121 662 87 31 varit
240 661 124 42 belagd
398 660 82 32 eller
514 659 28 42 ej
572 656 276 45 (garantibidrag)
872 657 64 31 och
959 656 75 31 dels
1059 655 78 32 med
1161 657 49 29 ett
1231 654 130 41 belopp
1384 664 61 31 per
1467 651 160 42 vårddag,

123 723 74 21 som
231 712 78 31 med
343 723 41 20 en
418 711 107 31 krona
558 708 216 42 understiger
796 707 241 41 vårdbidraget
1064 706 54 31 till
1141 705 115 41 övriga
1280 704 149 32 erkända
1452 703 175 32 anstalter.

124 763 285 41 Socialstyrelsen
443 762 61 31 har
537 760 185 37 hemstiällt,
746 761 50 29 att
830 758 115 42 dylika
978 756 262 33 bestämmelser
1274 755 110 32 skulle
1408 754 33 31 få
1463 754 89 42 gälla
1574 753 56 32 be-

123 813 165 32 träffande
323 812 149 33 erkända
505 809 353 34 alkoholistanstalter
891 809 52 31 för
969 807 175 42 kvinnliga
1172 805 224 33 alkoholister
1419 803 208 33 överhuvud.

124 864 167 32 Häremot
314 864 61 31 har
397 863 55 41 jag
474 862 74 32 icke
572 863 105 30 annat
700 862 49 30 att
771 859 148 32 invända
942 860 41 30 än
1007 859 50 31 att
1080 857 212 32 beträffande
1316 867 110 20 annan
1443 854 128 32 anstalt
1587 856 43 29 än

125 915 162 32 Hemmet
311 913 231 42 Gunnarskog
565 913 58 31 det
647 922 102 31 synes
772 910 84 32 böra
879 909 180 32 ankomma
1082 910 44 40 på
1149 907 169 43 prövning
1330 918 40 20 av
1382 906 127 41 Kungl.
1522 905 109 41 Maj:t,

126 966 169 31 huruvida
318 965 171 31 anstalten
513 963 88 32 skall
624 973 101 21 anses
749 973 78 20 vara
850 961 11 31 i
884 960 112 32 behov
1019 971 41 20 av
1083 960 49 30 att
1156 958 128 32 erhålla
1306 956 203 42 driftbidrag
1526 955 106 41 enligt

124 1017 43 31 de
202 1028 92 20 mera
328 1015 201 41 förmånliga
562 1013 159 43 grunder,
746 1023 74 21 som
854 1010 110 32 under
998 1021 120 21 senare
1153 1011 36 30 år
1212 1009 187 40 tillämpats
1420 1006 212 33 beträffande

125 1067 162 32 Hemmet
310 1065 239 42 Gunnarskog.

178 1116 273 33 Vidkommande
485 1115 149 32 härefter
662 1115 117 41 frågan
803 1124 55 20 om
883 1111 288 43 anslagsbehovet
1194 1111 53 31 för
1269 1111 99 30 nästa
1391 1109 167 41 budgetår
1581 1108 52 31 för

126 1170 61 31 här
219 1167 255 43 ifrågavarande
509 1165 168 39 ändamål,
712 1166 54 30 må
798 1163 189 38 anmärkas,
1022 1164 50 30 att
1105 1161 277 42 socialstyrelsen
1405 1159 57 32 vid
1486 1159 146 41 anslags-

127 1220 231 40 beräkningen
394 1219 111 41 utgått
538 1218 73 30 från
647 1218 49 29 att
729 1214 120 42 bidrag
882 1214 108 41 enligt
1024 1213 42 32 de
1098 1224 66 31 nya
1197 1211 194 43 grunderna
1418 1210 111 32 skulle
1552 1211 81 40 utgå

128 1270 108 32 under
269 1270 78 31 hela
375 1271 98 29 nästa
500 1267 176 42 budgetår.
722 1265 82 32 Med
827 1264 185 42 anledning
1035 1264 103 31 därav
1161 1263 50 31 får
1231 1262 57 42 jag
1311 1261 119 38 erinra,
1455 1263 49 29 att
1527 1260 107 41 enligt

125 1321 157 42 gällande
306 1319 269 33 bestämmelser.
590 1317 207 41 driftbidrag
819 1316 172 31 utbetalas
1014 1313 203 33 kvartalsvis
1240 1313 11 31 i
1275 1312 181 32 efterskott
1479 1313 88 30 samt
1584 1313 50 29 att

125 1373 11 30 i
161 1372 112 31 denna
296 1371 55 31 del
378 1370 74 32 icke
479 1370 197 41 ifrågasatts
699 1369 112 40 någon
835 1366 153 41 ändring.
1020 1365 50 32 På
1092 1364 111 42 grund
1226 1364 102 31 därav
1351 1364 97 36 lärer,
1472 1363 162 31 förutsatt

126 1425 50 29 att
210 1422 41 32 de
285 1433 66 31 nya
384 1420 307 33 bestämmelserna
714 1418 96 32 träda
833 1418 11 30 i
868 1416 218 42 tillimpning
1109 1415 66 32 den
1202 1416 13 30 1
1240 1414 64 42 juli
1329 1414 89 37 1931,
1444 1413 108 32 under
1575 1412 58 31 det

126 1474 108 31 första
267 1472 166 32 kvartalet
466 1482 40 20 av
529 1470 205 41 budgetåret
758 1468 179 40 1931/1932
970 1467 137 31 komma
1140 1467 50 30 att
1224 1464 172 32 utbetalas
1424 1463 210 41 statsbidrag

126 1524 107 41 enligt
266 1523 125 32 hittills
425 1521 157 41 gällande
616 1520 150 41 grunder
799 1518 65 32 och
898 1517 210 41 statsbidrag
1142 1516 107 41 enligt
1276 1516 43 31 de
1347 1526 65 31 nya
1439 1514 194 42 grunderna

126 1575 100 31 alltså
259 1573 123 32 endast
415 1572 136 32 komma
584 1572 50 30 att
661 1571 82 40 utgå
765 1569 110 32 under
898 1569 41 31 de
963 1570 50 29 tre
1037 1566 217 33 återstående
1277 1565 185 32 kvartalen.
1506 1564 126 32 Vidare

126 1627 36 29 är
185 1627 50 29 att
258 1624 123 37 märka,
407 1625 49 29 att
479 1623 42 31 då
545 1622 61 31 här
629 1623 36 29 är
688 1621 92 41 fråga
803 1631 55 20 om
882 1621 49 30 ett
953 1617 277 42 förslagsanslag,
1254 1616 186 41 anledning
1461 1615 174 42 knappast

126 1675 183 41 föreligger
344 1676 59 34 att,
427 1675 44 40 på
499 1675 67 29 sätt
601 1670 277 43 socialstyrelsen
903 1668 185 42 föreslagit,
1112 1667 149 32 beräkna
1284 1667 153 41 anslaget
1461 1665 78 32 med
1563 1665 70 31 viss

128 1726 174 41 marginal.
348 1724 82 32 Med
463 1723 134 41 hänsyn
632 1721 116 32 härtill
781 1721 64 32 och
880 1719 77 32 med
990 1718 217 43 godtagande
1230 1717 10 32 i
1264 1717 111 41 övrigt
1397 1728 39 20 av
1460 1716 173 41 socialsty-

127 1777 132 32 relsens
292 1775 227 40 beräkningar
553 1772 211 33 beträffande
798 1770 220 33 förevarande
1052 1768 251 42 anslagsbehov
1338 1768 49 30 får
1408 1767 56 42 jag
1487 1767 145 37 förorda,

127 1830 49 29 att
199 1827 155 41 anslaget
376 1826 52 31 för
451 1827 98 29 nästa
572 1826 37 29 år
631 1824 208 31 bestämmes
864 1822 52 31 till
939 1820 136 39 250,000
1098 1820 154 31 kronor.»

179 1930 18 31 I
230 1930 93 40 fråga
356 1939 55 20 om
446 1927 155 41 anslaget
636 1926 52 31 till
720 1927 123 29 statens
876 1923 170 32 kostnader
1072 1922 60 41 för
1147 1922 132 40 farliga
1303 1920 202 32 alkoholister
1528 1931 38 20 m.
1590 1931 40 20 m.

127 1981 70 37 har,
222 1982 113 29 såsom
359 1990 40 20 av
422 1978 59 32 det
503 1975 218 34 förestående
744 1975 155 40 framgår,
923 1975 112 39 någon
1059 1972 145 41 ändring
1228 1972 29 40 ej
1282 1970 204 41 föreslagits.

180 2030 219 32 Beträffande
413 2028 154 32 däremot
583 2027 155 40 anslaget
750 2025 52 31 till
816 2024 114 40 bidrag
948 2024 50 31 till
1014 2022 210 33 anordnande
1240 2033 38 20 av
1294 2021 143 31 erkända
1454 2020 180 32 alkoholist-

127 2081 157 32 unstalter
306 2081 70 37 har,
402 2090 73 21 som
500 2080 146 35 nimnts,
671 2088 41 20 en
736 2075 194 42 betydande
953 2073 128 42 ökning
1104 2084 40 20 av
1168 2073 93 31 detta
1285 2072 118 41 anslag
1426 2071 205 42 ifrågasatts.

184 2132 205 31 Grunderna
427 2131 51 30 för
511 2127 197 34 erhållande
742 2138 39 20 av
816 2125 210 40 statsbidrag
1063 2124 52 31 till
1153 2122 222 33 anordnande
1408 2133 40 20 av
1482 2122 150 31 erkända

127 2181 354 33 alkoholistanstalter
513 2180 185 31 återfinnas
721 2178 10 30 i
755 2176 204 41 kungörelse
994 2175 66 31 den
1086 2175 36 30 17
1146 2174 73 41 juni
1249 2174 80 31 1916
1363 2174 50 40 (nr
1446 2173 72 40 311)
1553 2172 77 31 med

128 2233 73 31 däri
224 2243 122 30 genom
370 2230 206 41 kungörelse
599 2229 67 31 den
692 2230 34 29 11
750 2227 75 41 juni
853 2227 78 31 1926
954 2225 52 41 (nr
1021 2225 72 40 212)
1109 2224 98 41 gjord
1224 2223 153 41 ändring.
1414 2222 218 41 Statsbidrag

129 2286 63 34 må,
217 2285 60 29 när
300 2282 93 40 fråga
416 2283 36 29 är
476 2291 54 20 om
554 2277 216 43 nybyggnad,
794 2278 115 40 uppgå
933 2275 50 31 till
1007 2275 102 40 högst
1133 2275 93 37 2,000
1242 2274 125 31 kronor
1383 2272 51 32 för
1446 2272 184 41 vårdplats,

129 2344 77 20 men
230 2333 10 30 i
264 2333 105 30 annat
402 2331 58 30 fall
494 2330 52 31 till
581 2329 103 40 högst
710 2328 90 37 1,500
833 2327 126 30 kronor
981 2325 52 30 för
1056 2324 183 40 vårdplats.
1291 2322 253 40 Statsbidraget
1577 2323 54 29 må

128 2384 83 36 icke,
236 2382 60 31 där
319 2381 29 41 ej
380 2380 125 41 Kungl.
530 2379 98 41 Maj:t
662 2380 109 29 finner
805 2375 169 33 särskilda
1007 2374 73 32 skäl
1116 2373 174 31 föranleda
1314 2372 123 38 därtill,
1462 2372 167 40 överstiga

129 2433 63 32 vad
216 2434 72 30 från
312 2433 105 30 annat
439 2430 69 32 håll
532 2429 196 41 tillskjntes.

181 2484 17 31 I
223 2484 90 39 fråga
337 2493 53 20 om
415 2480 287 42 anslagsbehovet
726 2480 49 29 för
799 2477 144 32 berörda
966 2476 155 31 ändamål
1141 2476 75 36 hu,
1235 2475 105 40 enligt
1366 2474 61 32 vad
1453 2473 177 32 stutsråds-
