1892 2786
506 156 125 40 Tredje
655 156 250 40 lagutskottets
928 156 182 31 utlåtande
1130 166 47 21 nr
1204 156 30 31 6.
1589 156 35 30 11

102 237 227 42 framläggas.
353 241 14 30 I
392 240 222 32 motionerna
638 241 29 30 1:
686 241 62 30 108
772 242 66 29 och
862 241 67 30 den
954 241 145 31 därmed
1123 241 227 39 likalydande
1374 241 47 30 II:
1439 240 61 31 147
1525 240 97 30 hem-

102 288 120 32 ställes
244 290 189 40 nämligen,
456 292 52 29 att
529 291 515 40 hyresregleringskommittén
1065 291 110 30 måtte
1197 291 37 30 få
1255 290 12 30 i
1288 291 162 40 uppdrag
1471 292 52 29 att
1545 299 76 22 som

103 339 152 32 främsta
284 341 351 41 utredningsuppgift
663 343 169 39 upprätta
861 342 133 40 förslag
1022 341 54 31 till
1105 341 100 40 dylik
1233 342 94 39 plan.
1357 341 180 30 Utskottet
1566 340 56 31 får

103 390 118 32 erinra
240 400 59 22 om
319 392 58 31 det
398 391 192 36 uttalande,
613 401 77 21 som
710 392 115 40 tredje
846 392 230 40 lagutskottet
1096 392 59 30 vid
1179 392 82 30 1951
1285 391 56 31 års
1363 391 145 40 riksdag
1529 391 93 40 gjor-

102 441 43 31 de
172 442 12 30 i
210 442 194 41 anledning
432 452 43 21 av
502 443 249 30 motsvarande
780 442 340 40 motionsyrkanden
1148 442 60 31 vid
1236 443 107 39 sagda
1371 441 155 41 riksdag.
1556 442 66 30 Det

105 492 101 30 sades
231 493 86 34 däri,
342 495 49 28 att
416 493 123 38 frågan
563 503 58 20 om
645 493 236 38 regleringens
905 493 229 38 upphörande
1159 493 78 30 icke
1263 494 119 38 syntes
1408 492 134 30 aktuell
1566 492 57 30 vid

105 543 82 31 1951
219 544 58 31 års
307 544 380 41 riksdagsbehandling
717 554 43 21 av
788 545 337 39 hyresregleringen.
1156 543 317 40 Fortsättningsvis
1504 543 119 30 anför-

103 593 76 31 des:
207 594 138 31 »Härav
367 595 65 30 bör
452 594 78 31 icke
553 595 127 39 dragas
705 595 202 34 slutsatsen,
932 596 51 29 att
1007 595 67 29 den
1097 594 192 40 utredning
1311 603 58 21 om
1392 593 231 40 erforderliga

102 643 463 41 övergångsbestämmelser
589 644 59 31 vid
673 645 237 40 regleringens
936 645 170 30 framtida
1131 645 173 34 hävande,
1329 644 120 30 vilken
1473 652 149 21 numera

102 695 238 32 överlämnats
360 696 53 30 till
434 697 216 29 omnämnda
671 695 226 40 sakkunniga
922 694 563 41 (hyresregleringskommittén),
1508 694 114 30 skulle

102 753 85 23 vara
209 745 200 40 opåkallad.
432 747 168 30 Däremot
622 746 72 31 kan
717 746 58 31 det
797 746 180 34 betvivlas,
1002 747 51 29 att
1074 745 273 40 ifrågavarande
1369 744 191 40 utredning
1583 745 39 29 är

102 804 44 22 av
166 805 98 22 mera
286 796 193 40 angelägen
500 798 105 29 natur
628 798 46 29 än
696 796 121 40 övriga
838 795 373 41 utredningsuppdrag
1233 804 77 21 som
1332 795 41 30 de
1397 794 225 40 sakkunniga

102 845 47 32 ha
169 848 52 29 att
242 856 101 21 svara
365 847 87 31 för.>
474 847 178 30 Utskottet
674 856 114 25 anser,
810 848 51 29 att
882 847 57 31 det
960 846 181 40 återgivna
1163 846 199 30 uttalandet
1382 846 82 39 äger
1485 845 55 30 sin
1562 845 61 39 gil-

106 897 110 39 tighet
235 898 108 30 också
361 898 10 29 i
390 898 131 39 dagens
543 897 85 40 läge.
648 896 279 31 Motionärernas
944 896 183 38 yrkanden
1145 896 122 30 kunna
1285 895 121 31 därför
1426 895 76 30 icke
1521 895 105 30 biträ-

103 947 63 31 das
185 958 43 21 av
246 948 183 30 utskottet.
449 948 66 31 Det
533 948 58 30 må
610 948 56 31 för
684 948 114 40 övrigt
816 948 202 34 anmärkas,
1037 949 52 29 att
1107 946 515 40 hyresregleringskommittén

103 997 109 41 enligt
232 999 69 30 vad
324 1007 77 21 som
423 998 168 40 uppgives
613 998 12 30 i
648 998 93 31 årets
763 998 353 39 riksdagsberättelse
1137 998 111 29 redan
1271 998 38 29 är
1331 996 12 30 i
1365 996 81 31 färd
1468 997 80 29 med
1571 997 51 29 att

103 1049 140 31 avsluta
260 1050 134 30 arbetet
412 1050 21 30 å
450 1051 68 29 den
536 1048 361 41 utredningsuppgift,
917 1057 76 21 som
1011 1047 213 31 kommittén
1243 1047 128 30 främst
1389 1047 88 39 tagit
1495 1046 53 40 sig
1565 1056 56 25 an,

102 1099 180 40 nämligen
301 1100 127 40 frågan
448 1110 57 20 om
525 1110 43 20 en
587 1100 307 41 behovsprövning
914 1100 20 30 å
953 1099 379 31 bostadsmarknaden.

148 1150 49 30 På
217 1151 114 39 grund
350 1159 43 22 av
411 1151 67 30 vad
499 1150 149 31 sålunda
668 1151 138 30 anförts
826 1150 55 31 får
900 1151 173 29 utskottet
1092 1149 105 31 alltså
1216 1150 197 33 hemställa,

462 1201 39 31 A.
531 1203 51 29 att
610 1200 192 41 riksdagen
831 1200 109 31 måtte
969 1200 123 31 bifalla
1122 1200 234 30 förevarande
1384 1198 235 41 proposition;

461 1252 37 29 B.
525 1253 51 29 att
602 1251 224 31 motionerna
852 1251 29 29 I:
898 1250 63 32 355
989 1251 65 29 och
1081 1251 47 29 II:
1144 1250 64 31 466
1235 1250 109 30 måtte
1372 1259 103 21 anses
1502 1249 121 30 besva-

417 1302 83 30 rade
521 1310 125 31 genom
665 1302 68 30 vad
753 1302 172 30 utskottet
945 1301 129 30 uttalat
1092 1301 66 30 här
1178 1309 90 21 ovan
1287 1300 12 29 i
1319 1300 55 30 sin
1394 1299 225 40 motivering;

462 1352 34 30 C.
523 1354 51 28 att
599 1352 182 30 motionen
807 1352 30 29 I:
855 1352 62 30 109
943 1351 78 30 icke
1045 1351 109 30 måtte
1181 1351 184 30 föranleda
1391 1350 116 39 någon
1533 1350 90 30 riks-

415 1402 132 39 dagens
574 1401 139 40 åtgärd;

461 1453 40 29 D.
525 1454 51 28 att
599 1451 181 31 motionen
804 1452 46 29 II:
867 1452 62 30 295
952 1451 78 30 icke
1053 1451 110 30 måtte
1187 1451 184 30 föranleda
1393 1450 116 40 någon
1532 1450 90 30 riks-

417 1502 131 40 dagens
573 1502 140 40 åtgärd;
742 1504 93 28 samt

462 1553 37 29 E.
522 1554 50 29 att
594 1552 223 31 motionerna
838 1553 30 29 I:
886 1552 62 30 108
970 1552 66 30 och
1059 1552 46 29 II:
1123 1551 61 30 147
1207 1551 78 30 icke
1307 1550 109 31 måtte
1438 1550 184 31 föranleda

417 1602 116 40 någon
557 1603 210 39 riksdagens
792 1602 134 40 åtgärd.

149 1686 205 31 Stockholm
378 1687 68 30 den
473 1687 39 30 19
537 1686 157 30 februari
721 1686 95 30 1952.

551 1770 49 30 På
618 1769 115 40 tredje
753 1769 249 39 lagutskottets
1023 1770 147 38 vägnar:

677 1836 90 30 ÅKE
790 1835 255 31 HOLMBÄCK.

471 2080 65 30 Vid
552 2080 95 30 detta
664 2080 148 30 ärendes
832 2079 213 40 behandling
1062 2079 45 30 ha
1125 2078 159 31 närvarit

152 2140 81 31 från
262 2140 160 31 första
451 2140 224 30 kammaren:
697 2140 123 29 herrar
840 2139 206 34 Holmbäck,
1067 2138 80 31 Carl
1167 2138 182 34 Eriksson,
1368 2137 75 30 Nils
1464 2137 39 30 A.
1524 2137 101 29 Lars-

107 2190 75 26 son,
215 2182 120 31 Albert
368 2182 274 34 Hermansson",
674 2182 88 29 Lars
795 2180 236 34 Andersson”,
1064 2179 196 34 Eskilsson,
1294 2179 78 30 Ivar
1404 2178 122 31 Nilzon
1559 2178 66 30 och

107 2224 87 36 Boo;

152 2282 81 30 från
266 2283 148 30 andra
445 2282 224 30 kammaren:
693 2282 125 29 herrar
841 2281 202 29 Andersson
1065 2280 11 29 i
1099 2280 129 33 Löbbo,
1253 2279 150 39 Stjärne,
1427 2278 165 30 Ericsson
1615 2277 9 30 i

109 2324 157 40 Sörsjön,
285 2324 204 30 Andersson
505 2325 11 29 i
534 2323 156 34 Dunker,
709 2323 148 33 Ahman,
877 2322 202 30 Andersson
1097 2321 11 29 i
1127 2321 166 34 Mölndal,
1311 2321 154 29 Jansson
1482 2320 11 29 i
1511 2320 115 30 Hälle-

109 2367 73 31 fors
201 2368 66 29 och
286 2368 154 28 Larsson
459 2366 11 29 i
489 2366 175 29 Karlstad.

154 2445 8 9 "
185 2443 35 31 Ej
243 2442 186 26 närvarande
448 2441 49 25 vid
517 2441 183 25 utlåtandets
720 2440 156 31 justering.
