1886 2778
279 152 18 30 6
700 152 124 40 Tredje
846 152 248 40 lagutskottets
1116 153 182 30 utlåtande
1319 162 43 20 nr
1389 152 29 30 6.

281 234 64 31 har
362 236 127 39 Kungl.
508 236 106 39 Maj:t
632 236 109 31 frihet
757 239 51 28 att
824 237 206 35 bestämma,
1050 239 50 28 att
1118 238 102 39 lagen
1238 238 123 29 endast
1380 238 91 29 skall
1489 238 64 38 äga
1571 236 225 40 tillämpning

282 284 96 31 inom
397 286 70 30 viss
487 287 55 29 del
561 295 42 21 av
623 286 341 30 samhällsområdet.

325 336 66 30 Vid
413 336 219 30 tillkomsten
654 346 43 20 av
719 346 47 21 nu
788 337 199 30 refererade
1008 337 266 30 bestämmelser
1295 346 59 21 om
1375 336 422 40 hyresregleringslagens

282 384 390 41 tillämpningsområde
692 395 102 30 synes
815 396 82 20 man
916 387 78 30 icke
1014 387 81 29 fullt
1115 389 39 28 ut
1173 388 47 29 ha
1239 387 86 38 tagit
1345 387 11 28 i
1375 387 232 30 betraktande
1626 387 44 30 de
1690 386 107 30 situa-

281 434 122 36 tioner,
429 445 76 21 som
530 437 128 39 uppstå
683 445 76 21 som
784 437 90 39 följd
899 446 42 21 av
965 436 405 40 indelningsändringar.
1397 436 122 31 Såsom
1543 436 177 39 lagregeln
1744 438 53 27 ut-

282 485 159 35 formats,
468 486 67 30 blir
561 486 336 40 hyresregleringen,
925 495 57 21 om
1009 496 44 20 en
1079 487 79 30 stad
1185 486 83 30 eller
1295 486 141 40 köping,
1464 486 56 30 för
1544 486 120 30 vilken
1691 486 107 39 regle-

281 534 123 40 ringen
427 535 233 31 automatiskt
683 536 98 30 blivit
804 536 162 39 gällande
988 537 83 29 eller
1092 536 225 30 beträffande
1340 535 119 31 vilken
1482 536 126 40 Kungl.
1634 536 106 39 Maj:t
1763 535 31 39 ej

283 585 138 39 stadgat
439 586 191 40 undantag,
650 587 80 29 med
749 586 51 40 sig
818 586 186 30 införlivar
1022 586 268 39 kringliggande
1309 586 206 40 landsbygd,
1535 587 87 29 även
1642 586 55 29 för
1716 587 82 29 den-

281 644 45 22 na
343 636 214 40 landsbygds
574 636 274 30 vidkommande
864 637 233 30 automatiskt
1114 635 198 41 tillämplig.
1332 636 359 39 Omständigheterna
1709 636 88 29 kun-

281 694 45 22 na
346 685 194 31 emellertid
559 695 85 20 vara
665 686 142 34 sådana,
829 688 51 28 att
900 688 48 28 ett
968 686 188 30 införande
1176 695 42 21 av
1238 685 280 40 hyresreglering
1537 686 66 29 här
1623 694 82 21 vore
1725 685 72 30 lika

282 734 74 32 litet
375 736 195 35 motiverat,
591 745 77 21 som
687 736 44 30 då
750 736 125 39 Kungl.
896 736 106 39 Maj:t
1028 736 4 29 i
1051 736 173 30 samband
1244 737 78 30 med
1342 735 239 30 förordnande
1600 744 59 21 om
1678 735 119 39 lagens

281 784 225 41 tillämpning
528 794 43 21 av
594 786 176 31 särskilda
794 786 77 29 skäl
894 786 117 30 finner
1034 786 52 40 sig
1108 786 86 30 böra
1218 786 204 39 undantaga
1445 785 94 30 vissa
1562 785 171 31 områden
1756 794 42 21 av

282 835 260 31 vederbörande
570 836 172 30 samhälle
770 835 80 30 från
879 836 119 39 lagens
1026 835 235 40 tillämpning.
1291 836 59 29 Att
1379 835 127 40 Kungl.
1535 835 107 39 Maj:t
1670 835 128 30 saknat

282 886 69 30 rätt
381 888 51 28 att
461 887 122 39 medge
610 887 184 39 undantag
823 886 81 30 från
935 887 118 38 lagens
1083 885 227 40 tillämpning
1339 886 56 29 för
1424 885 372 39 landsbygsområden,

282 943 75 22 som
383 937 79 29 med
488 936 117 30 städer
630 936 84 30 eller
739 935 173 40 köpingar
937 936 157 29 förenats
1120 935 54 30 till
1200 946 26 20 s.
1252 935 33 31 k.
1311 934 147 40 vidgade
1484 935 223 33 kommuner,
1733 935 65 29 har

283 986 11 28 i
312 986 128 39 många
459 986 62 29 fall
543 986 126 40 skapat
688 986 254 39 olägenheter.>

327 1086 69 30 Till
413 1087 78 29 stöd
507 1087 55 29 för
581 1087 176 38 yrkandet
773 1086 11 29 i
800 1086 181 30 motionen
997 1087 31 29 1:
1046 1086 62 29 109
1125 1086 127 29 anföra
1269 1086 263 29 motionärerna
1548 1085 45 32 bl,
1612 1094 46 21 a.:

330 1137 87 29 »Vid
445 1137 272 29 konkurrensen
744 1146 56 20 om
827 1136 261 30 arbetskraften
1115 1137 131 29 mellan
1273 1136 42 30 de
1342 1136 94 30 olika
1464 1136 338 38 industriföretagen

284 1188 64 29 har
371 1188 273 38 bostadsfrågan
669 1187 74 30 ofta
767 1187 99 31 blivit
891 1197 44 20 en
959 1187 133 30 central
1116 1187 112 39 fråga,
1256 1195 75 21 som
1358 1186 147 39 avgjort,
1531 1195 58 20 om
1615 1186 187 30 arbetarna

283 1237 138 30 kunnat
440 1239 81 38 taga
541 1238 163 39 erbjudet
724 1238 117 29 arbete
861 1238 84 29 eller
965 1238 82 29 inte.
1067 1237 104 30 Detta
1192 1237 65 29 har
1279 1237 92 39 gjort
1395 1239 51 27 att
1465 1236 242 30 industrierna
1728 1236 74 30 dels

283 1288 113 39 själva
415 1288 104 39 byggt
536 1289 166 29 bostäder
721 1289 64 29 och
803 1288 74 30 dels
896 1288 125 39 inköpt
1039 1287 149 40 tidigare
1208 1287 178 40 uppförda
1405 1287 185 39 hyreshus.
1610 1287 127 30 Därtill
1757 1287 45 29 ha

283 1348 42 20 av
340 1339 352 39 bostadsföreningar
706 1339 45 39 på
765 1339 132 29 allmän
911 1338 84 31 kvot
1009 1338 136 39 byggda
1161 1338 201 39 lägenheter
1376 1338 143 39 inköpts
1535 1339 92 28 samt
1642 1338 45 29 ha
1706 1337 96 30 möb-

283 1388 116 30 lerade
422 1398 79 21 rum
525 1389 99 39 hyrts
648 1399 43 20 av
714 1388 302 40 industriföretag.
1039 1389 111 29 Dessa
1172 1388 165 30 bostäder
1360 1388 45 30 ha
1429 1388 108 30 sedan
1561 1388 175 39 erbjudits
1760 1388 41 29 de

283 1439 275 30 arbetssökande
579 1449 42 20 av
642 1439 302 39 industriföretag,
966 1448 75 21 som
1061 1439 80 30 sökt
1160 1438 227 34 arbetskraft,
1407 1440 74 28 mot
1500 1440 49 28 ett
1569 1439 234 29 bostadskon-

282 1490 96 29 trakt
406 1498 76 21 som
506 1490 311 40 sammankopplat
842 1489 374 40 lägenhetsinnehavet
1239 1490 80 29 med
1343 1489 262 39 anställningen
1629 1489 59 30 vid
1712 1489 91 30 före-

282 1541 103 37 taget.
409 1540 368 29 Bostadskontrakten
800 1541 61 29 äro
886 1540 106 39 något
1014 1539 208 31 varierande
1245 1540 64 29 hos
1333 1540 42 29 de
1399 1540 94 30 olika
1516 1539 287 31 industriföreta-

284 1598 64 31 gen
371 1600 81 20 men
475 1591 83 39 utgå
580 1590 12 29 i
615 1591 93 38 regel
732 1590 80 30 från
836 1590 59 30 det
918 1590 357 36 standardformulär,
1300 1599 76 21 som
1399 1590 221 30 Industriens
1644 1590 159 30 bostads-

284 1640 163 39 förening
467 1640 121 40 gjorde
611 1650 72 31 upp
705 1641 38 30 år
766 1640 94 30 1947.
882 1641 13 29 I
916 1640 166 41 paragraf
1102 1641 19 29 2
1143 1641 12 29 i
1175 1641 97 29 detta
1295 1641 174 30 formulär
1489 1641 167 30 hänvisas
1678 1641 53 29 till
1752 1642 50 28 att

284 1691 207 39 lägenheten
510 1692 39 29 är
566 1691 131 30 avsedd
718 1691 52 30 till
787 1691 125 30 bostad
931 1691 56 32 för
1004 1700 138 31 person,
1162 1700 77 22 som
1257 1692 39 29 är
1314 1691 153 30 anställd
1486 1691 65 30 hos
1569 1691 148 39 bolaget,
1738 1692 65 29 och

283 1741 145 39 uthyres
448 1742 149 30 sålunda
617 1742 54 29 till
692 1742 230 39 hyresgästen
942 1742 159 29 ”allenast
1121 1742 10 29 i
1152 1742 132 31 dennes
1304 1742 177 39 egenskap
1501 1751 43 21 av
1563 1742 154 29 anställd
1739 1742 63 29 hos

282 1791 158 39 bolaget.
464 1792 237 39 Hyresgästen
720 1794 38 28 är
778 1792 140 40 skyldig
936 1792 149 39 avflytta
1104 1802 58 20 om
1181 1792 262 39 anställningen
1463 1793 149 39 upphör,
1635 1793 65 29 och
1720 1793 83 29 den-

284 1851 44 20 na
346 1842 199 39 skyldighet
564 1842 159 30 inträder
740 1843 96 29 inom
854 1852 44 20 en
916 1843 129 30 månad
1064 1843 89 30 efter
1174 1843 398 39 uppsägningsdatum.»

327 1892 261 30 Motionärerna
609 1894 84 38 göra
712 1893 159 39 gällande
894 1895 52 28 att
965 1895 133 28 statens
1117 1893 172 40 hyresråd
1308 1893 205 40 tillämpade
1532 1903 43 20 en
1594 1894 130 39 praxis,
1745 1903 58 20 en-

283 1942 61 40 ligt
368 1943 118 30 vilken
509 1943 316 31 bostadskontrakt
847 1944 81 29 med
951 1943 338 40 sammanbindning
1313 1953 42 21 av
1378 1944 337 40 arbetsanställning
1737 1944 66 30 och

283 1993 125 30 bostad
434 1993 213 39 gedkändes.
674 1994 212 39 Härigenom
912 1994 90 30 hade
1027 2003 83 20 man
1136 1994 109 39 enligt
1272 1994 264 30 motionärerna
1560 1995 242 39 omöjliggjort

284 2043 55 30 för
357 2044 42 29 de
417 2044 175 30 anställda
610 2045 52 29 att
680 2045 87 29 söka
784 2044 52 39 sig
854 2044 53 30 till
925 2054 118 20 annan
1061 2044 155 30 industri
1234 2045 83 29 eller
1335 2045 45 40 på
1398 2054 118 21 annan
1538 2047 55 28 ort
1611 2045 120 30 skaffa
1751 2045 52 39 sig

284 2095 48 28 ett
350 2094 114 30 bättre
483 2094 108 30 betalt
611 2095 85 29 eller
714 2104 96 21 mera
829 2095 194 30 intressant
1041 2095 129 30 arbete.

329 2196 13 29 I
367 2195 179 30 motionen
573 2196 48 29 II:
636 2196 66 29 295
726 2196 207 30 framhålles
962 2195 144 31 särskilt
1131 2197 69 29 den
1225 2196 195 39 olägenhet,
1446 2205 77 21 som
1548 2205 81 21 vore
1655 2196 148 30 förenad

284 2246 80 29 med
381 2247 51 28 att
448 2246 294 39 fastighetsägare
759 2255 81 21 vore
856 2246 148 39 betagen
1021 2246 231 40 möjligheten
1270 2248 51 28 att
1339 2246 91 40 själv
1445 2246 87 30 bebo
1551 2246 55 30 sin
1624 2246 178 39 fastighet,

284 2296 118 30 därest
419 2296 126 34 denna,
565 2297 66 30 när
649 2297 72 29 han
740 2297 208 30 förvärvade
966 2297 78 36 den,
1063 2306 82 21 vore
1164 2297 169 40 upplåten
1350 2297 54 29 till
1422 2297 234 39 hyresgäster.
1675 2297 128 30 Vidare

285 2346 169 40 åberopas
471 2346 45 31 bl.
535 2356 30 21 a.
584 2349 52 28 att
655 2347 178 39 åtskilliga
855 2347 303 40 fastighetsägare,
1177 2347 109 39 enligt
1305 2348 66 29 vad
1389 2348 264 30 motionärerna
1671 2347 131 34 funnit,

284 2398 148 29 tvekade
449 2399 51 29 att
517 2398 145 40 upplåta
679 2398 189 30 eventuellt
885 2398 114 39 lediga
1015 2399 204 38 utrymmen
1235 2398 53 29 till
1304 2398 195 39 uthyrning
1514 2398 81 30 med
1612 2397 192 40 anledning

284 2457 43 20 av
346 2448 42 30 de
409 2448 143 40 obehag,
574 2448 240 40 uthyrningen
836 2448 120 30 kunde
976 2449 78 29 föra
1074 2449 81 29 med
1177 2448 53 39 sig
1251 2448 53 30 till
1325 2448 90 40 följd
1439 2458 43 21 av
1502 2448 161 40 gällande
1684 2448 119 40 hyres-

284 2498 418 40 regleringslagstiftning
720 2499 65 30 och
802 2499 58 29 det
882 2500 79 32 sätt,
980 2499 108 39 varpå
1105 2499 69 29 den
1191 2499 235 39 tillämpades.
