1874 2782
271 154 40 30 30
542 155 453 32 Konstitutionsutskottets
1015 157 184 30 memorial
1216 167 44 21 nr
1281 159 39 29 15
1340 159 39 29 år
1401 160 81 29 1961

272 236 49 27 ter
349 235 164 38 grunder,
542 244 74 20 som
645 235 117 30 finnas
790 236 163 30 närmare
983 237 150 38 angivna
1160 237 11 30 i
1200 237 137 31 avtalet.
1368 238 257 38 Maximihyran
1655 239 101 39 utgör

271 287 61 29 325
347 287 64 30 000
427 288 140 29 kronor.
584 288 136 30 Avtalet
736 289 88 29 skall
841 288 89 31 efter
947 289 70 30 fem
1034 290 38 29 år
1087 290 122 30 kunna
1226 290 111 30 under
1352 290 94 31 vissa
1463 291 293 40 förutsättningar

271 339 45 30 bli
339 339 148 31 föremål
511 340 54 30 för
587 341 161 30 revision.

311 445 75 30 Den
406 447 19 29 4
443 447 75 38 maj
537 447 83 29 1960
639 447 170 30 framlade
828 448 293 40 operaledningen
1141 450 64 29 och
1223 449 352 40 byggnadsstyrelsen
1593 450 58 30 vid
1669 459 87 31 upp-

271 499 167 39 vaktning
458 499 55 29 för
532 499 332 31 handelsministern
885 502 112 29 under
1017 502 94 30 hand
1132 502 131 39 förslag
1284 511 56 21 om
1360 503 320 40 medelsanvisning
1700 503 55 30 för

271 552 91 29 vissa
392 552 137 30 mindre
559 553 281 39 tilläggsarbeten
871 554 12 30 i
915 554 171 30 samband
1117 555 80 30 med
1228 555 274 40 ombyggnaden.
1536 556 218 30 Handelsmi-

270 604 132 30 nistern
419 605 147 39 begärde
582 606 45 29 då
644 606 148 40 uppgift,
809 607 177 30 huruvida
1002 608 106 29 redan
1125 608 181 30 beslutade
1322 609 144 30 arbeten
1482 609 112 30 skulle
1611 610 142 29 komma

269 660 48 27 att
335 658 114 30 hållas
467 659 94 29 inom
580 659 66 29 den
664 660 184 39 medgivna
866 669 123 21 ramen
1006 670 42 20 av
1067 662 16 29 7
1103 661 89 39 milj.
1211 662 140 30 kronor.
1372 662 201 30 Sedermera
1592 663 161 29 anmälde

267 710 351 41 byggnadsstyrelsen
638 712 11 29 i
670 722 42 20 en
733 713 65 29 den
819 713 41 30 27
882 714 76 39 maj
979 714 83 30 1960
1084 714 218 39 dagtecknad
1322 716 245 38 promemoria,
1589 718 50 28 att
1659 716 94 30 kost-

267 763 155 31 naderna
445 764 55 30 för
520 765 264 39 ombyggnaden
806 766 113 30 skulle
941 767 143 30 komma
1106 769 50 28 att
1177 767 186 40 väsentligt
1386 768 204 30 överskrida
1611 769 41 30 de
1675 769 78 30 tidi-

266 824 79 31 gare
369 816 210 33 beräknade.
604 818 109 31 Såvitt
738 819 170 38 styrelsen
932 819 56 30 för
1011 820 56 30 det
1091 819 199 31 dåvarande
1314 821 118 31 kunde
1457 821 156 35 bedöma,
1640 822 112 29 skulle

266 869 41 30 de
335 870 265 40 sammanlagda
627 871 238 31 kostnaderna
892 872 55 30 för
975 873 265 39 ombyggnaden
1267 874 144 30 komma
1439 877 50 28 att
1517 875 117 39 uppgå
1660 876 53 29 till
1741 876 10 29 i

266 925 81 27 runt
370 924 49 29 tal
446 923 70 34 14,5
539 924 89 39 milj.
652 924 139 35 kronor,
815 934 107 21 varav
945 925 55 30 för
1023 928 252 38 restaurangen
1299 927 50 34 9,7
1375 928 65 29 och
1463 928 55 30 för
1542 930 134 28 teatern
1698 928 53 34 4,8

267 975 86 40 milj.
371 976 142 30 kronor.
532 977 174 39 Styrelsen
724 978 117 30 tillade
860 981 50 28 att
928 988 43 20 en
988 979 181 39 uppenbar
1187 979 260 41 felbedömning
1465 991 41 20 av
1524 981 42 30 de
1583 982 80 29 med
1680 990 71 21 om-

266 1028 389 40 byggnadsåtgärderna
678 1030 233 40 förknippade
934 1032 238 30 kostnaderna
1194 1033 112 29 måste
1328 1034 47 30 ha
1398 1034 92 31 skett
1515 1037 90 28 samt
1628 1037 51 28 att
1702 1034 50 31 åt-

266 1082 138 38 skilliga
424 1082 76 30 icke
520 1082 219 31 förutsebara
759 1084 190 30 kostnader
969 1084 214 32 tillkommit.

308 1139 78 29 Med
417 1139 187 40 anledning
633 1149 43 21 av
704 1141 66 29 vad
801 1141 150 30 sålunda
979 1142 163 31 inträffat
1173 1143 211 32 förordnade
1414 1144 126 40 Kungl.
1571 1145 106 40 Maj:t
1706 1145 44 40 på

266 1191 247 41 föredragning
534 1202 41 21 av
595 1193 125 30 chefen
741 1194 55 30 för
815 1194 426 40 handelsdepartementet
1262 1197 66 30 den
1349 1198 20 29 3
1390 1198 81 39 juni
1492 1199 84 29 1960
1597 1199 153 39 general-

264 1244 201 31 direktören
489 1246 32 30 S.
545 1246 37 30 A.
607 1247 38 29 E.
670 1246 115 30 Ödeen
809 1250 51 28 att
883 1248 190 31 verkställa
1097 1249 188 40 utredning
1309 1251 150 30 rörande
1483 1251 191 31 orsakerna
1697 1251 53 30 till

262 1298 350 40 kostnadsökningen
627 1302 90 28 samt
732 1303 50 28 att
796 1301 183 31 inkomma
994 1303 78 29 med
1087 1304 217 39 redogörelse
1319 1305 134 30 härför.

307 1355 113 30 Sedan
442 1356 332 31 handelsministern
798 1367 41 21 av
862 1358 133 31 anlitad
1018 1360 150 39 expertis
1191 1360 133 36 erfarit,
1347 1363 52 29 att
1422 1361 57 31 det
1501 1371 43 21 ur
1566 1362 184 39 praktiska

262 1408 64 30 och
346 1409 230 30 ekonomiska
598 1411 219 39 synpunkter
836 1411 77 31 icke
935 1412 118 30 kunde
1074 1421 102 23 anses
1198 1413 201 41 försvarligt
1421 1417 51 29 att
1491 1415 141 31 inställa
1654 1416 96 29 arbe-

261 1463 89 32 tena,
375 1462 126 30 ställde
523 1463 125 39 Kungl.
672 1464 105 39 Maj:t
800 1473 125 31 genom
947 1466 176 30 särskilda
1144 1466 115 31 beslut
1282 1468 67 29 den
1373 1469 42 29 28
1437 1468 69 38 juli
1529 1469 64 30 och
1617 1469 66 30 den
1707 1469 42 30 26

260 1515 142 38 augusti
433 1515 84 30 1960
546 1525 42 20 av
615 1517 216 40 tillgängliga
859 1519 175 30 särskilda
1062 1519 231 30 lotterimedel
1322 1521 202 39 ytterligare
1552 1522 149 39 tillhopa
1729 1523 19 29 6

261 1567 87 39 milj.
370 1568 133 30 kronor
523 1570 121 29 utöver
664 1570 146 39 tidigare
832 1571 167 31 anvisade
1020 1573 18 29 3
1059 1572 90 40 milj.
1172 1573 52 30 till
1246 1573 371 41 byggnadsstyrelsens
1640 1575 109 29 förfo-

260 1621 111 38 gande
396 1621 57 30 för
477 1621 224 40 fullföljande
725 1632 42 21 av
791 1624 41 30 de
856 1624 325 40 byggnadsarbeten
1206 1626 96 30 inom
1327 1627 220 39 operahuset,
1572 1628 95 30 vilka
1692 1637 56 21 av-

261 1673 100 39 sågos
380 1674 11 29 i
411 1674 126 40 Kungl.
556 1675 125 39 Maj:ts
699 1676 113 31 beslut
832 1677 67 30 den
921 1678 37 30 11
979 1679 88 38 april
1090 1678 94 31 1958.
1204 1679 188 31 Dessutom
1411 1681 65 29 har
1496 1681 125 39 Kungl.
1642 1681 105 40 Maj:t

260 1726 65 30 den
348 1728 19 28 9
389 1727 182 31 december
594 1729 84 30 1960
698 1747 44 4 —
762 1730 10 30 i
795 1731 175 30 avvaktan
991 1731 45 40 på
1057 1732 207 40 riksdagens
1286 1734 172 39 prövning
1479 1744 43 20 av
1543 1734 125 40 frågan
1690 1744 57 21 om

258 1780 173 30 täckande
453 1790 42 20 av
517 1782 311 31 merkostnaderna
848 1801 46 4 —
915 1793 43 21 av
979 1785 41 29 de
1043 1785 174 30 särskilda
1239 1786 257 31 lotterimedlen
1519 1787 227 31 förskotterat

259 1832 55 30 för
332 1833 201 31 ändamålet
552 1835 19 29 2
591 1835 89 40 milj.
700 1836 139 31 kronor.

303 1885 117 31 Ödeen
447 1887 206 31 avlämnade
679 1889 65 29 den
772 1890 41 29 22
838 1891 190 29 november
1055 1892 85 29 1960
1168 1892 60 30 sitt
1254 1892 221 31 betänkande
1508 1894 233 34 (stencilerat)

259 1939 79 29 med
365 1940 164 38 yttrande
557 1941 80 29 över
665 1942 192 30 orsakerna
884 1943 53 30 till
967 1943 226 40 fördyringen
1223 1954 41 20 av
1292 1947 454 39 operahusombyggnaden.

258 1991 82 30 Däri
363 1993 178 30 redovisas
564 1994 106 30 också
692 2003 43 21 en
757 1995 71 31 helt
850 2005 48 30 ny
919 1996 367 41 kostnadsberäkning
1309 1998 56 31 för
1387 1999 43 30 de
1452 2000 294 39 ombyggnadsar-

258 2044 111 35 beten,
388 2046 96 29 vilka
502 2046 198 40 förutsågos
718 2048 11 29 i
749 2048 125 39 Kungl.
893 2049 124 39 Maj:ts
1035 2049 115 32 beslut
1169 2051 67 29 den
1257 2052 36 29 11
1316 2052 88 39 april
1427 2053 94 30 1958.
1540 2053 75 30 Den
1634 2053 112 30 slutar

257 2097 46 40 på
324 2107 43 20 en
391 2107 140 22 summa
553 2109 42 20 av
618 2109 41 21 ca
684 2100 69 35 18,1
779 2101 88 39 milj.
892 2102 141 35 kronor,
1057 2112 107 21 varav
1187 2104 102 39 drygt
1314 2106 39 29 12
1378 2105 89 40 milj.
1491 2106 131 30 kronor
1646 2116 100 21 avser

256 2153 263 38 restaurangen,
541 2162 39 20 ca
601 2154 18 29 5
641 2153 89 40 milj.
752 2154 130 30 kronor
903 2155 293 32 teaterlokalerna
1217 2157 65 30 och
1303 2158 52 35 0,9
1377 2158 90 40 milj.
1489 2159 131 30 kronor
1642 2160 103 30 efter-

257 2206 67 27 satt
345 2205 185 30 underhåll
551 2215 41 21 av
610 2206 216 40 byggnaden.

300 2257 136 30 Ödeens
464 2259 158 39 uppdrag
651 2260 105 39 avsåg
783 2261 30 39 ej
845 2260 125 40 frågan
998 2262 175 30 huruvida
1202 2263 64 29 och
1294 2264 10 29 i
1332 2265 68 29 vad
1427 2265 83 30 mån
1538 2267 205 39 myndighet

255 2309 84 30 eller
355 2311 139 30 enskild
511 2320 124 31 genom
653 2313 113 39 någon
785 2313 122 40 åtgärd
925 2315 11 29 i
955 2315 169 31 samband
1142 2317 80 29 med
1240 2316 306 42 handläggningen
1565 2329 42 20 av
1624 2328 120 31 opera-

255 2364 335 40 husombyggnaden
614 2366 93 39 gjort
733 2368 50 39 sig
808 2368 138 40 skyldig
970 2369 53 30 till
1048 2369 46 30 fel
1120 2370 83 30 eller
1227 2370 256 32 försummelse.
1510 2374 109 30 Såvitt
1644 2383 99 21 avser

255 2417 148 30 ämbets-
424 2419 64 29 och
509 2419 215 39 tjänstemän
744 2422 126 38 prövas
890 2422 116 30 denna
1027 2422 99 40 fråga
1146 2424 11 29 i
1179 2425 114 29 stället
1313 2425 96 29 inom
1429 2425 314 40 justitiekanslers-

253 2470 162 38 ämbetet,
434 2471 50 30 dit
501 2471 134 31 Ödeens
653 2472 220 32 betänkande
891 2474 245 33 överlämnats.
