1876 2782
276 149 43 29 36
548 150 453 32 Konstitutionsutskottets
1022 153 182 30 memorial
1222 163 43 20 nr
1287 155 40 29 15
1347 155 39 29 år
1408 156 80 28 1961

279 228 85 30 1958
389 229 88 30 hade
503 239 136 21 samma
664 231 65 39 dag
753 232 91 29 varit
871 232 145 30 föremål
1044 233 55 29 för
1125 234 287 39 överläggningar
1438 235 94 28 inom
1559 235 205 29 handelsde-

277 283 241 37 partementet,
544 284 120 29 varvid
689 284 79 30 från
794 285 294 39 departementets
1115 286 76 30 sida
1215 286 214 39 ifrågasatts,
1457 297 56 19 om
1539 287 75 29 icke
1641 297 41 20 en
1709 288 54 29 del

276 343 44 21 av
336 335 41 29 de
395 336 429 39 ombyggnadskostnader
843 348 74 20 som
934 339 11 29 i
962 339 259 38 promemorian
1238 340 150 30 belastat
1405 343 250 36 restaurangen
1674 350 89 20 sam-

275 388 222 39 manhängde
523 390 81 29 med
630 393 49 27 ett
704 390 207 40 höggradigt
938 392 161 30 eftersatt
1127 393 184 29 underhåll
1340 394 64 28 och
1432 393 102 30 alltså
1562 394 123 38 avsåge
1714 394 50 30 åt-

276 441 134 38 gärder,
441 451 74 20 som
543 443 111 30 måste
681 444 159 38 vidtagas
869 444 95 30 inom
993 445 390 40 restauranglokalerna
1412 448 133 28 oavsett
1573 446 55 30 för
1656 447 107 29 vilket

276 494 164 30 ändamål
461 495 103 30 dessa
583 496 55 29 för
658 496 191 31 framtiden
870 498 111 29 skulle
1003 498 185 39 utnyttjas,
1210 500 65 29 och
1295 508 58 21 om
1374 500 58 29 det
1453 499 120 30 därför
1593 509 80 21 vore
1694 500 68 29 rik-

276 547 65 39 tigt
370 550 50 27 att
449 549 263 39 ombyggnaden
742 551 65 29 och
837 551 350 39 iordningställandet
1217 561 43 21 av
1288 554 252 37 restaurangen
1569 553 194 30 belastades

275 601 82 30 med
379 601 131 31 sådana
530 602 201 31 kostnader.
755 603 76 31 Den
855 604 55 29 för
932 605 161 30 ärendets
1117 605 261 40 handläggning
1401 606 157 29 närmast
1582 606 180 39 ansvarige

274 653 373 40 befattningshavaren
672 656 97 30 inom
795 657 353 39 byggnadsstyrelsen
1173 658 89 30 hade
1288 659 80 30 med
1395 659 137 39 hänsyn
1558 659 51 30 till
1637 660 41 29 de
1704 669 60 19 an-

275 706 104 31 förda
399 709 267 38 synpunkterna
686 712 116 28 ansett
824 710 56 30 det
902 710 127 39 sakligt
1051 711 139 39 befogat
1212 714 50 29 att
1284 712 12 29 i
1318 712 68 31 den
1408 712 141 39 slutliga
1571 712 190 30 skrivelsen

275 759 54 31 till
353 770 44 21 en
422 761 151 31 särskild
598 765 77 36 post
699 763 163 30 överföra
888 764 51 33 0,9
965 763 89 40 milj.
1081 764 130 30 kronor
1236 774 42 20 av
1304 764 57 31 det
1385 765 136 39 belopp,
1548 774 75 20 som
1649 766 10 28 i
1686 774 77 30 pro-

274 813 195 30 memorian
496 815 178 39 upptagits
702 825 76 21 som
806 817 151 30 kostnad
984 817 56 30 för
1068 819 269 38 restaurangens
1366 819 229 38 ombyggnad.
1624 820 138 29 Samme

273 866 347 40 befattningshavare
645 869 90 30 hade
763 871 115 29 ansett
905 870 56 31 det
989 870 128 39 sakligt
1145 871 184 30 motiverat
1357 874 50 27 att
1435 871 10 30 i
1473 872 288 29 marsskrivelsen

274 919 161 31 redovisa
454 921 50 34 0,7
526 921 88 39 milj.
634 922 131 29 kronor
785 922 116 30 såsom
921 923 169 30 avseende
1111 924 141 30 arbeten
1273 924 96 30 inom
1391 926 133 29 teatern
1546 927 83 27 utan
1651 927 50 27 att
1720 943 40 4 —

275 981 78 23 som
371 973 11 30 i
400 975 259 37 promemorian
676 993 45 4 —
738 975 127 39 angiva
884 978 50 29 att
950 976 59 30 det
1029 976 101 31 rörde
1150 977 50 39 sig
1220 986 57 21 om
1297 977 254 40 följdåtgärder
1570 987 42 20 av
1631 980 131 28 restau-

277 1027 362 39 rangombyggnaden,
661 1028 96 31 detta
779 1029 84 29 enär
886 1029 209 38 åtgärderna
1117 1029 168 31 innebure
1308 1030 193 40 väsentliga
1524 1030 152 31 fördelar
1699 1031 64 30 och

275 1079 252 41 förbättringar
546 1081 54 31 för
617 1084 134 28 teatern
770 1092 41 20 ur
828 1083 280 39 driftsynpunkt.

318 1137 117 40 Enligt
460 1137 135 32 Ödeens
619 1139 188 40 utredning
832 1140 65 31 har
921 1140 56 30 det
1003 1141 76 30 icke
1105 1141 72 39 gått
1203 1144 49 28 att
1279 1142 79 30 med
1384 1142 162 30 säkerhet
1571 1142 189 39 klarlägga,

272 1190 70 31 hur
365 1191 41 30 de
428 1191 12 30 i
461 1192 290 30 marsskrivelsen
775 1193 202 31 redovisade
1002 1194 399 39 kostnadsuppgifterna
1423 1195 234 39 underbyggts
1682 1195 79 31 med

271 1243 418 41 kostnadsberäkningar.
709 1246 13 30 I
743 1249 76 27 vart
841 1246 60 30 fall
921 1246 46 31 ha
987 1247 108 38 några
1115 1247 416 40 kostnadsberäkningar,
1552 1248 209 39 upprättade

274 1297 47 39 på
341 1297 194 40 sedvanligt
558 1299 69 30 sätt
650 1299 64 30 och
735 1299 154 30 avsedda
911 1302 49 28 att
984 1301 125 37 utgöra
1132 1300 168 39 underlag
1323 1300 56 31 för
1399 1301 43 30 de
1465 1301 12 30 i
1499 1301 263 39 marsförslaget

271 1350 156 39 intagna,
462 1360 91 22 ovan
588 1351 217 33 behandlade
843 1352 407 40 kostnadsuppgifterna,
1286 1354 32 38 ej
1359 1354 137 31 kunnat
1533 1354 228 39 förebringas.

270 1403 122 31 Ödeen
409 1403 167 40 tillägger,
596 1407 50 28 att
663 1405 42 31 de
723 1405 95 32 olika
836 1405 346 40 befattningshavare
1200 1407 66 31 och
1285 1407 52 31 till
1356 1408 405 38 ombyggnadsarbetena

271 1456 141 32 knutna
437 1457 193 35 konsulter,
656 1467 76 22 som
757 1458 101 31 hörts
885 1459 111 31 under
1022 1460 90 30 hans
1140 1460 197 39 utredning,
1365 1460 182 35 förklarat,
1575 1463 51 28 att
1652 1470 109 21 mars-

274 1509 168 40 förslaget
466 1510 76 31 icke
566 1510 218 33 innefattade
808 1512 133 31 sådana
964 1512 195 31 avvikelser
1183 1512 80 31 från
1287 1513 84 31 eller
1395 1513 239 40 förenklingar
1659 1514 10 30 i
1695 1514 69 30 för-

271 1562 166 32 hållande
458 1564 52 30 till
533 1564 42 32 de
598 1564 140 39 förslag,
761 1574 76 22 som
860 1565 192 31 redovisats
1076 1566 10 29 i
1109 1566 392 34 novemberskrivelsen,
1525 1569 50 27 att
1598 1567 164 39 ändring-

271 1625 89 21 arna
380 1617 135 30 kunnat
536 1617 169 30 motivera
725 1618 42 29 de
788 1618 78 39 låga
886 1618 190 31 kostnader
1098 1618 55 31 för
1171 1628 44 22 en
1233 1619 223 39 ombyggnad
1477 1629 43 20 av
1539 1622 220 37 restaurang-

269 1668 184 32 lokalerna
473 1671 67 30 och
560 1670 200 32 inrättande
780 1681 44 20 av
845 1681 43 21 en
911 1671 191 31 reducerad
1124 1671 208 40 festvåning,
1354 1681 78 22 som
1454 1673 142 39 intagits
1619 1673 10 29 i
1652 1683 108 20 mars-

273 1722 178 40 förslaget.

315 1780 133 30 Chefen
464 1781 55 30 för
533 1782 353 39 byggnadsstyrelsen
901 1783 64 30 har
979 1783 151 30 rörande
1144 1784 307 39 handläggningen
1467 1794 42 20 av
1525 1784 94 31 detta
1634 1785 127 30 ärende

271 1834 66 29 och
356 1834 46 30 då
421 1834 144 31 särskilt
587 1835 192 30 skrivelsen
800 1845 43 20 av
862 1836 68 29 den
954 1836 38 30 18
1014 1846 95 20 mars
1134 1837 82 29 1958
1236 1836 208 34 framhållit,
1466 1840 50 28 att
1537 1837 70 31 han
1629 1838 9 29 i
1660 1838 98 38 fråga

272 1895 59 21 om
351 1887 118 39 dylika
489 1888 351 40 kostnadsuppgifter
860 1889 11 29 i
891 1889 187 39 praktiken
1099 1899 81 21 vore
1200 1890 172 30 hänvisad
1392 1890 52 29 till
1465 1893 51 28 att
1536 1890 62 31 lita
1619 1891 44 39 på
1684 1890 76 31 sina

272 1939 179 31 närmaste
469 1940 251 40 medhjälpare,
739 1942 11 29 i
769 1943 189 38 synnerhet
977 1942 10 30 i
1006 1951 49 21 nu
1074 1942 230 30 förevarande
1323 1943 73 34 fall,
1415 1943 45 30 då
1478 1943 70 31 han
1568 1943 77 30 kort
1666 1943 94 30 förut

270 1992 143 32 tillträtt
434 1994 213 39 utövningen
668 2005 42 20 av
730 1996 62 30 sitt
814 1996 137 30 ämbete
970 1997 66 29 och
1056 1997 144 30 ärendet
1223 1998 52 29 till
1299 1998 54 30 sin
1375 1999 176 30 huvuddel
1573 1999 186 39 handlagts

271 2046 77 30 före
370 2046 88 31 hans
482 2048 219 39 utnämning.

316 2099 78 30 Full
410 2100 138 30 klarhet
563 2101 65 29 har
644 2101 148 30 sålunda
808 2103 30 38 ej
858 2102 135 30 kunnat
1008 2104 125 29 vinnas
1150 2113 55 20 om
1221 2104 68 29 hur
1304 2104 237 30 kostnaderna
1558 2105 54 29 för
1627 2108 133 27 restau-

271 2160 132 31 rangen
423 2153 10 29 i
453 2154 262 39 marsförslaget
734 2155 150 30 kommit
904 2158 49 28 att
973 2164 106 31 anges
1099 2157 51 29 till
1171 2158 51 32 2,9
1241 2158 89 38 milj.
1351 2158 139 29 kronor.
1511 2157 115 31 Ödeen
1646 2168 112 24 anser,

270 2215 78 20 som
377 2206 131 34 nämnt,
538 2210 72 27 mot
639 2208 229 38 bakgrunden
899 2218 41 20 av
968 2209 454 40 kostnadsberäkningarna
1452 2211 77 29 från
1560 2213 200 29 november-

273 2259 176 38 förslaget,
471 2262 49 28 att
540 2260 128 30 siffran
689 2261 183 39 rätteligen
893 2262 105 30 borde
1019 2263 45 29 ha
1084 2263 89 30 varit
1193 2264 163 29 närmare
1378 2264 16 29 7
1416 2264 87 39 milj.
1525 2265 139 29 kronor.
1686 2266 72 29 Den

272 2312 231 30 missvisande
523 2313 356 40 kostnadsuppgiften
899 2315 10 29 i
928 2315 264 39 marsförslaget
1212 2316 113 30 skulle
1344 2317 149 30 sålunda
1513 2318 155 29 förklara
1688 2327 70 21 om-

271 2365 104 40 kring
395 2366 19 29 4
435 2366 87 39 milj.
543 2367 131 29 kronor
694 2377 42 19 av
755 2368 331 30 överskridandena.

315 2472 205 30 Återstoden
543 2483 42 20 av
608 2474 347 39 kostnadsökningen
979 2475 55 30 för
1056 2478 261 36 restaurangen,
1342 2477 162 39 omkring
1527 2478 17 29 5
1569 2478 86 38 milj.
1680 2478 78 29 kro-
