1882 2786
401 146 453 31 Konstitutionsutskottets
875 147 183 30 memorial
1076 156 43 20 nr
1141 147 39 30 15
1200 147 39 30 år
1261 147 81 30 1961
1579 146 39 30 13

130 226 106 30 våren
262 226 82 30 1959
367 226 11 29 i
402 235 43 20 en
468 226 348 34 överenskommelse,
839 226 118 29 vilken
981 235 43 21 av
1046 226 126 39 Kungl.
1197 226 105 39 Maj:t
1327 226 201 39 godkändes
1552 227 63 29 den

131 280 41 29 30
191 279 88 40 april
300 279 93 30 1959.

176 337 112 30 Sedan
312 336 353 40 byggnadsstyrelsen
690 336 11 30 i
728 336 105 30 slutet
858 346 42 20 av
926 336 70 40 maj
1028 336 82 30 1960
1137 336 142 34 anmält,
1306 338 50 28 att
1381 336 238 30 kostnaderna

132 390 54 29 för
211 390 265 39 ombyggnaden
502 390 112 29 skulle
639 390 143 29 komma
806 391 51 28 att
882 390 186 38 väsentligt
1093 389 204 30 överskrida
1322 389 41 30 de
1388 390 147 39 tidigare
1559 399 61 20 an-

132 444 113 38 givna,
261 443 64 29 har
341 443 126 39 Kungl.
483 443 104 39 Maj:t
603 443 45 40 på
663 443 248 40 föredragning
927 452 42 20 av
984 442 124 30 chefen
1125 442 55 30 för
1195 442 425 40 handelsdepartementet

133 497 182 29 förordnat
346 506 57 20 om
434 497 151 29 särskild
616 497 187 39 utredning
834 496 149 30 rörande
1014 496 191 29 orsakerna
1236 496 52 29 till
1320 496 227 39 fördyringen
1577 505 43 20 av

131 550 453 40 operahusombyggnaden.
608 550 369 39 Utredningsmannen
1001 550 64 29 har
1088 550 11 28 i
1125 550 59 29 sitt
1214 550 5 28 i
1244 549 187 29 november
1457 549 82 30 1960
1563 558 58 20 av-

133 604 104 38 givna
258 604 162 38 yttrande
444 603 173 30 redovisat
640 612 42 20 en
706 612 46 31 ny
774 603 377 38 kostnadsberäkning,
1176 611 74 20 som
1275 602 111 29 slutar
1409 602 45 39 på
1476 603 81 28 över
1583 602 38 29 18

132 657 89 39 milj.
244 657 140 34 kronor,
407 665 107 21 varav
536 657 101 39 drygt
662 657 38 29 12
724 656 87 39 milj.
836 657 131 28 kronor
990 656 54 29 för
1067 655 399 39 restauranglokalerna.
1490 655 52 30 Då
1564 655 57 29 det

133 710 108 40 enligt
257 719 42 21 av
314 709 386 41 departementschefen
717 709 133 30 anlitad
866 709 151 40 expertis
1034 709 76 29 icke
1126 708 117 30 kunde
1260 718 102 19 anses
1380 717 42 20 ur
1439 708 183 39 praktiska

133 764 66 29 och
225 764 230 29 ekonomiska
483 763 218 39 synpunkter
728 763 201 39 försvarligt
956 765 50 27 att
1033 762 142 29 inställa
1201 762 175 34 arbetena,
1404 762 64 29 har
1496 761 125 39 Kungl.

135 817 105 39 Maj:t
260 817 112 30 under
392 826 198 20 sommaren
610 817 66 29 och
695 817 123 29 hösten
842 816 83 30 1960
945 816 150 39 anslagit
1115 815 147 39 tillhopa
1282 815 19 29 8
1321 814 88 40 milj.
1430 815 130 29 kronor
1581 823 42 20 av

134 871 216 39 tillgängliga
366 870 175 30 särskilda
556 870 230 29 lotterimedel
804 870 54 28 för
876 869 225 38 fullföljande
1119 878 42 20 av
1178 868 40 30 de
1235 868 268 39 ifrågavarande
1519 868 104 38 bygg-

135 924 263 34 nadsarbetena,
424 924 108 29 därav
556 924 18 29 2
598 923 89 39 milj.
712 923 130 29 kronor
867 922 224 30 förskottsvis
1117 922 11 29 i
1153 921 149 30 avbidan
1327 921 45 39 på
1396 921 67 29 den
1488 921 134 29 riksda-

135 986 83 31 gens
234 977 170 39 prövning
421 986 42 20 av
479 976 122 39 frågan
618 985 57 21 om
690 976 172 30 täckande
878 985 42 20 av
935 975 314 30 merkostnaderna
1265 983 75 21 som
1356 983 147 20 numera
1519 974 102 29 skett.

178 1036 49 28 De
248 1035 195 39 betydande
465 1033 470 31 kostnadsöverskridanden
958 1042 74 20 som
1055 1032 222 40 uppkommit
1299 1041 105 30 synas
1426 1032 107 38 enligt
1555 1031 65 30 den

135 1088 213 30 verkställda
373 1087 174 30 särskilda
571 1087 232 39 utredningen
826 1087 11 29 i
862 1087 62 29 allt
946 1086 186 38 väsentligt
1156 1086 123 28 kunna
1303 1084 171 30 återföras
1499 1084 45 39 på
1566 1084 59 29 två

135 1141 166 30 faktorer.
320 1142 76 28 Den
414 1150 65 20 ena
498 1142 37 28 är
553 1143 50 28 att
621 1141 11 29 i
650 1140 195 30 december-
864 1141 65 28 och
947 1139 273 39 marsförslagen
1239 1138 181 29 lämnades
1439 1137 184 30 kostnads-

136 1195 188 39 uppgifter,
343 1204 75 20 som
436 1194 78 39 lågo
532 1195 158 29 avsevärt
708 1194 111 29 under
837 1192 374 39 novemberförslagets
1230 1191 214 39 detaljerade
1463 1191 64 29 och
1545 1190 79 30 med

135 1249 67 39 god
223 1248 242 40 noggrannhet
489 1248 141 29 utförda
652 1246 417 39 kostnadsberäkningar,
1092 1248 85 27 utan
1200 1247 50 27 att
1273 1244 158 30 däremot
1455 1244 169 29 svarande

136 1302 246 39 minskningar
411 1302 11 29 i
452 1301 418 39 byggnadsprogrammet
899 1300 175 39 vidtagits.
1106 1300 74 29 Den
1211 1300 110 29 andra
1351 1299 273 29 huvudorsaken

138 1355 294 39 sammanhänger
454 1355 105 39 enligt
581 1355 362 38 utredningsmannen
964 1354 79 29 med
1065 1355 50 28 att
1140 1353 80 30 1955
1244 1353 56 29 års
1322 1352 198 39 hyresavtal
1541 1351 83 29 mel-

137 1409 58 29 lan
210 1408 247 39 teaterbolaget
473 1408 64 29 och
552 1407 345 39 restaurangbolaget
911 1406 172 30 träffades
1099 1406 78 29 med
1194 1406 40 29 de
1249 1405 180 30 bristande
1444 1405 182 29 förutsätt-

137 1463 125 38 ningar
280 1462 54 29 för
352 1461 78 30 dess
449 1460 282 40 genomförande,
751 1470 74 20 som
845 1460 155 38 förelågo
1018 1459 79 30 från
1115 1459 266 38 teaterbolagets
1401 1458 85 29 sida.
1504 1457 122 30 Utred-

137 1516 258 38 ningsmannen
412 1514 117 29 finner
544 1514 127 33 vidare,
689 1516 50 27 att
756 1514 40 29 de
814 1513 104 29 flesta
934 1513 190 29 orsakerna
1141 1512 51 30 till
1210 1511 416 30 kostnadsöverskridan-

137 1569 89 29 dena
244 1569 10 29 i
272 1569 111 29 större
401 1568 84 29 eller
502 1567 136 30 mindre
656 1567 245 39 utsträckning
919 1567 46 29 ha
983 1566 53 29 sin
1055 1565 113 40 grund
1187 1566 9 28 i
1215 1565 93 29 vissa
1327 1564 298 39 organisatoriska

138 1622 256 34 förhållanden,
423 1621 176 39 nämligen
629 1620 72 30 dels
731 1620 66 29 den
826 1619 204 30 nuvarande
1059 1618 260 40 uppdelningen
1349 1617 129 29 mellan
1507 1625 119 31 opera-

137 1676 186 38 ledningen
350 1675 64 29 och
440 1674 352 40 byggnadsstyrelsen
819 1683 42 20 av
887 1676 162 27 ansvaret
1076 1673 54 29 för
1157 1673 228 39 operahusets
1413 1672 213 38 förvaltning

138 1729 65 29 och
224 1729 71 29 dels
315 1728 371 39 byggnadsstyrelsens
706 1727 203 29 nuvarande
928 1727 75 29 inre
1024 1726 237 40 organisation
1282 1727 64 28 och
1366 1725 259 30 arbetsformer.

183 1783 50 28 Av
259 1782 232 38 utredningen
518 1790 101 29 synes
646 1780 162 39 slutligen
835 1780 146 39 framgå,
1008 1782 50 27 att
1084 1779 111 30 medel
1222 1779 54 29 för
1301 1779 228 39 operahusets
1555 1787 72 21 om-

139 1835 158 39 byggnad
318 1835 11 29 i
350 1844 95 19 mars
469 1835 81 29 1960
572 1834 148 29 kommit
742 1836 49 27 att
813 1833 120 30 ställas
955 1833 50 29 till
1027 1832 371 39 byggnadsstyrelsens
1421 1831 205 39 förfogande

140 1891 85 27 utan
243 1890 49 27 att
311 1888 231 38 vederbörligt
560 1886 256 39 anslagsbeslut
835 1886 80 30 från
934 1886 125 39 Kungl.
1079 1885 105 39 Maj:t
1203 1885 177 39 förelegat.

185 1996 79 28 Som
286 1994 155 38 framgår
462 2003 41 19 av
523 1993 65 29 den
610 1993 206 39 föregående
838 1992 241 39 redogörelsen
1101 1992 44 29 ha
1166 1993 47 28 ett
1235 1991 114 29 flertal
1371 1990 257 30 otillfredsstäl-

141 2048 101 29 lande
264 2047 245 29 förhållanden
531 2046 224 30 förekommit
776 2047 9 28 i
808 2046 170 29 samband
1000 2045 77 29 med
1099 2045 66 29 den
1186 2045 94 28 ännu
1302 2044 30 38 ej
1357 2043 180 30 avslutade
1558 2051 71 21 om-

140 2101 205 39 byggnaden
373 2110 42 19 av
443 2100 208 38 operahuset
680 2100 9 28 i
719 2099 212 30 Stockholm.
960 2099 102 28 Detta
1090 2098 63 28 har
1181 2097 106 29 också
1315 2097 92 29 klart
1436 2097 123 29 insetts
1587 2105 42 19 av

142 2154 125 38 Kungl.
284 2153 115 39 Maj:t.
418 2153 117 29 Redan
552 2153 38 29 år
609 2153 82 29 1959
708 2152 63 29 har
787 2153 44 38 på
847 2152 151 29 initiativ
1014 2161 41 19 av
1071 2150 124 30 chefen
1213 2150 53 29 för
1282 2149 347 39 ecklesiastikdepar-

146 2208 164 28 tementet
331 2206 143 29 tillsatts
496 2215 40 20 en
559 2205 186 38 utredning
766 2205 149 29 rörande
935 2213 148 30 operans
1105 2204 162 29 ekonomi
1289 2204 64 29 och
1375 2204 145 29 därmed
1541 2212 89 21 sam-

142 2259 268 38 manhängande
440 2258 255 33 förhållanden,
723 2258 117 28 vilken
869 2257 107 38 enligt
1005 2257 77 29 sina
1110 2257 150 29 direktiv
1289 2257 64 28 har
1381 2259 50 27 att
1460 2257 169 38 överväga

143 2314 84 28 även
248 2312 122 38 frågan
390 2321 56 19 om
466 2311 65 29 den
551 2310 167 29 framtida
737 2310 257 38 förvaltningen
1014 2319 41 19 av
1074 2309 220 38 operahuset.
1315 2309 111 29 Sedan
1447 2309 182 29 kostnads-

142 2365 321 29 överskridandena
487 2364 10 29 i
522 2363 98 39 fråga
645 2372 55 20 om
726 2363 228 39 operahusets
980 2362 218 38 ombyggnad
1224 2362 9 28 i
1259 2362 70 38 maj
1361 2362 81 28 1960
1468 2361 161 32 anmälts,

144 2419 64 29 har
232 2417 122 30 chefen
382 2417 53 28 för
461 2416 422 39 handelsdepartementet
909 2415 213 29 omedelbart
1149 2414 223 29 föranstaltat
1398 2424 55 19 om
1481 2414 149 29 särskild

145 2471 185 38 utredning
352 2470 178 38 angående
553 2470 190 29 orsakerna
765 2469 51 29 till
840 2468 237 39 fördyringen.
1101 2468 42 29 Så
1166 2470 96 27 snart
1286 2468 177 38 yttrandet
1486 2468 145 28 häröver
