2208 2618
213 667 139 31 Angående

202 704 112 29 pension
331 701 25 24 åt

179 737 80 23 andre
289 737 92 23 mmaski-

446 147 41 31 32
881 144 278 39 Bankoutskottets
1184 144 161 31 utlåtande
1367 144 53 30 Nr
1444 145 41 29 17
1496 145 42 30 ÅA.

803 222 234 37 återstående
1072 222 129 35 livstid
1230 225 19 31 å
1278 222 189 35 allmänna
1495 222 382 48 indragningsstaten
1908 235 91 35 upp-

801 274 89 36 bära
930 287 45 22 en
1006 274 95 47 årlig
1128 273 159 48 pension
1316 286 44 22 av
1390 273 228 36 åttahundra
1646 272 148 47 kronor,
1824 278 56 31 att
1909 276 90 45 utgå

803 326 83 35 från
928 325 67 36 och
1036 325 86 36 med
1151 325 185 35 månaden
1364 329 84 31 näst
1477 325 93 35 efter
1598 324 85 48 den,
1711 324 188 36 varunder
1927 325 71 34 han

802 376 209 49 entledigas
1041 377 84 35 från
1156 377 55 34 sin
1243 375 231 48 anställning
1502 376 62 35 vid
1594 375 214 37 lotsverket.

906 555 55 32 III.
1010 555 87 41 Ang.
1124 556 378 41 eivildepartementet.

533 653 100 47 39:0)
662 652 16 35 I
707 652 122 49 punkt
860 654 46 33 36
937 652 118 36 under
1084 653 129 35 tionde
1242 652 239 36 huvudtiteln
1509 652 68 35 har
1608 652 141 49 Kungl.
1780 652 108 48 Maj:t
1907 653 93 35 före-

403 706 112 47 slagit
542 704 209 48 riksdagen
778 703 191 48 medgiva,
1000 709 54 30 att
1085 703 114 37 andre
1229 703 245 37 maskinisten
1502 703 62 36 vid
1590 694 229 45 Östersunds
1840 703 160 48 hospital

190 773 84 22 nisten
292 772 26 24 J.
339 773 30 22 4.
401 756 125 37 Johan
568 756 118 48 Algot
727 755 251 36 Lundströms
1010 755 99 36 änka
1137 757 160 35 Matilda
1325 756 231 42 Lundström,
1587 754 90 36 född
1706 754 207 48 Lindgren,
1943 757 55 33 må

198 807 164 23 Lundströms

178 841 70 23 änka
273 841 110 23 Matilda

206 876 158 23 Lundström.

239 911 91 45 [36.]

218 1683 140 29 Angående

194 1718 140 23 understöd
352 1717 27 23 åt

213 1753 83 23 änkor
313 1753 46 23 och

215 1789 65 22 barn
297 1788 65 30 efter

199 1822 70 24 vissa
288 1823 89 30 befatt-

198 1857 173 32 ningshavare

212 1891 44 24 vid
273 1892 86 30 yrkes-

194 1926 185 31 inspektionen.

243 1962 92 45 [37.]

403 808 81 36 från
523 808 70 35 och
636 807 86 36 med
751 807 72 35 den
855 809 17 33 1
899 806 85 49 juni
1019 809 96 34 1917
1154 806 118 36 under
1300 807 57 35 sin
1387 806 232 37 återstående
1647 806 140 46 livstid,
1817 808 42 33 så
1887 806 113 47 länge

403 859 75 37 hon
506 858 179 37 förbliver
712 858 110 46 änka,
853 861 20 32 å
901 858 190 36 allmänna
1119 858 377 47 indragningsstaten
1525 857 166 49 uppbära
1722 870 44 23 en
1793 858 97 47 årlig
1909 870 90 35 pen-

404 911 78 36 sion
513 924 48 23 av
590 912 74 34 350
693 909 149 37 kronor.

532 963 82 35 Den
644 962 11 35 i
684 962 105 36 detta
830 962 136 35 ärende
1009 962 213 47 förebragta
1256 962 250 47 utredningen
1534 962 203 35 återfinnes
1768 962 5 33 i
1806 961 195 35 statsråds-

404 1014 225 48 protokollet
672 1018 89 31 över
795 1013 249 36 civilärenden
1075 1013 71 36 den
1180 1015 40 33 21
1256 1013 197 36 december
1485 1015 94 33 1917
1614 1012 62 48 (10
1707 1012 32 35 h.
1773 1021 22 26 t.
1826 1012 69 35 sid.
1929 1014 69 37 75).

532 1118 86 36 Med
648 1116 221 37 biträdande
900 1130 45 21 av
967 1116 148 53 Kungl.
1148 1117 126 46 Maj:ts
1304 1116 259 48 föreliggande
1593 1116 282 46 framställning
1901 1115 99 35 hem-

405 1170 127 35 ställer
561 1169 194 39 utskottet,

911 1259 79 42 att
1018 1254 204 48 riksdagen
1254 1257 55 32 må
1336 1255 188 47 medgiva,
1546 1263 54 26 att
1619 1254 115 35 andre
1756 1254 244 35 maskinisten

807 1306 61 35 vid
898 1306 231 35 Östersunds
1158 1306 163 48 hospital
1348 1305 125 36 Johan
1497 1306 120 47 Algot
1636 1305 250 36 Lundströms
1906 1304 96 36 änka

806 1357 156 36 Matilda
993 1357 243 46 Lundström,
1266 1357 89 36 född
1384 1357 204 48 Lindgren,
1618 1360 61 32 må
1707 1358 83 34 från
1819 1357 69 35 och
1918 1357 84 35 med

806 1409 72 36 den
910 1411 17 33 1
959 1409 80 47 juni
1070 1411 96 33 1917
1198 1409 120 35 under
1337 1409 58 36 sin
1417 1408 236 36 återstående
1673 1408 139 47 livstid,
1834 1411 41 33 så
1893 1408 110 47 länge

808 1461 74 35 hon
912 1460 176 36 förbliver
1116 1460 110 46 änka,
1256 1463 20 32 å
1305 1460 188 36 allmänna
1511 1460 380 47 indragningsstaten
1911 1472 91 35 upp-

807 1511 87 35 bära
925 1524 44 22 en
999 1511 96 48 årlig
1124 1511 159 48 pension
1313 1525 45 21 av
1389 1513 72 33 350
1491 1513 149 33 kronor.

536 1667 99 49 40:0)
664 1667 13 35 I
709 1668 120 47 punkt
859 1670 44 33 37
936 1667 118 35 under
1083 1666 128 36 tionde
1240 1666 238 36 huvudtiteln
1509 1666 65 35 har
1605 1666 138 47 Kungl.
1775 1666 107 48 Maj:t
1907 1667 95 35 före-

407 1719 113 49 slagit
554 1718 206 48 riksdagen
790 1718 189 48 medgiva,
1009 1723 56 31 att
1094 1719 83 35 från
1206 1718 190 35 allmänna
1424 1717 382 48 indragningsstaten
1834 1721 60 32 må
1924 1718 79 35 från

408 1771 69 36 och
506 1770 85 36 med
621 1770 71 36 den
723 1772 18 34 1
769 1770 149 47 januari
951 1771 95 34 1918
1075 1773 93 45 utgå
1197 1769 118 48 årliga
1343 1769 202 36 understöd
1575 1769 57 35 till
1660 1769 344 48 yrkesinspektörs-

410 1822 224 37 assistenten
677 1821 162 36 Vilhelm
879 1821 207 36 Immanuel
1115 1822 169 46 Norings
1313 1821 98 35 änka
1439 1822 122 34 Karin
1589 1821 133 35 Lovisa
1751 1822 141 44 Noring
1920 1821 84 36 med

410 1875 73 35 620
524 1873 140 36 kronor
705 1872 71 36 och
817 1873 56 35 till
914 1873 200 35 makarnas
1157 1873 123 36 dotter
1320 1873 219 35 Anna-Lisa
1578 1873 210 45 Margareta
1817 1872 85 37 med
1932 1874 72 34 250

409 1926 138 35 kronor
576 1931 97 30 samt
701 1924 56 36 till
785 1924 364 48 underinspektören
1169 1924 101 36 Karl
1301 1924 128 36 Eimer
1455 1923 184 36 Karlsson
1668 1923 219 37 Lindbloms
1908 1924 96 36 änka

413 1978 177 45 Ingegerd
630 1978 126 34 Maria
796 1976 193 36 Lindblom
1025 1975 85 37 med
1138 1977 76 34 420
1242 1975 140 36 kronor
1410 1976 70 35 och
1508 1975 57 36 till
1594 1975 197 36 makarnas
1820 1989 69 23 son
1921 1978 84 34 Carl

413 2028 139 45 Gustaf
573 2029 127 35 Eimer
728 2027 86 36 med
845 2028 72 35 170
945 2027 152 47 kronor,
1127 2027 102 36 vilka
1258 2026 203 37 understöd
1490 2030 61 32 må
1571 2027 167 48 åtnjutas
1758 2041 46 22 av
1824 2028 180 45 änkorna,

410 2082 40 34 så
477 2080 114 48 länge
619 2079 46 36 de
692 2080 12 35 i
732 2079 65 36 sitt
825 2079 215 36 nuvarande
1068 2079 210 36 änkestånd
1307 2078 171 46 förbliva,
1508 2078 69 36 och
1608 2092 46 21 av
1683 2078 136 37 barnen
1850 2080 57 35 till
1937 2079 68 35 och

410 2131 84 36 med
524 2131 72 36 den
625 2130 148 47 månad,
803 2130 187 36 varunder
1018 2130 46 36 de
1094 2131 92 48 fylla
1217 2132 45 34 18
1291 2133 47 33 år.

538 2182 76 36 Till
654 2182 412 49 statsrådsprotokollet
1104 2187 89 32 över
1221 2182 249 36 civilärenden
1502 2182 70 36 den
1605 2184 44 33 21
1682 2182 195 36 december
1910 2185 92 33 1917

411 2235 67 35 har
506 2234 412 48 departementschefen
948 2234 11 35 i
984 2238 127 31 ämnet
1141 2234 124 36 anfört
1294 2234 179 49 följande:
