2265 2668
482 164 117 31 Andra
620 165 202 33 kammarens
845 170 107 31 femte
975 169 163 44 tillfälliga
1162 173 132 32 utskotts
1317 174 162 33 utlåtande
1502 178 49 29 Nr
1575 179 49 30 11.
1771 181 39 30 13

251 238 149 35 Orsaken
422 240 111 33 härtill
558 247 36 28 är
617 243 62 33 den
702 246 50 31 att
779 264 34 3 —
840 246 142 33 förutom
1005 248 55 33 det
1082 251 51 31 att
1156 250 55 33 det
1234 252 92 33 alltid
1348 254 105 33 måste
1477 266 81 22 vara
1573 257 92 32 svårt
1680 257 52 33 för
1744 261 109 31 staten

252 285 51 31 att
333 285 43 41 på
410 285 111 42 dylika
544 288 154 32 områden
719 289 203 34 konkurrera
943 292 74 33 med
1040 293 61 33 den
1124 294 147 34 enskilda
1293 296 298 43 företagsamheten
1615 321 40 3 —
1680 303 49 32 ett
1751 305 101 32 stats-

250 328 147 41 tryckeri
420 330 101 33 under
542 331 89 33 vissa
653 332 85 33 tider
761 345 42 21 av
826 335 71 32 året
912 336 104 33 skulle
1032 337 34 33 få
1081 339 134 41 mycket
1230 340 94 42 ringa
1340 342 110 33 arbete
1463 344 51 32 för
1526 345 62 32 den
1599 347 90 32 stora
1706 348 145 33 arbetar-

250 373 95 38 stam,
370 373 111 33 vilken
503 375 119 33 kräves
645 376 51 33 för
719 379 51 31 att
793 379 100 32 under
915 380 61 32 den
999 381 152 34 brådaste
1173 383 90 34 tiden
1285 386 109 33 kunna
1410 388 108 33 utföra
1532 389 64 32 alla
1607 386 243 52 beställningar.

251 417 129 32 Största
403 418 91 32 delen
518 430 42 21 av
583 422 125 31 statens
731 423 98 40 tryck
852 428 37 27 är
911 425 163 41 nämligen
1097 438 42 20 av
1162 428 101 32 sådan
1287 432 60 37 art,
1366 433 50 30 att
1428 432 55 32 det
1495 434 105 32 måste
1612 435 127 32 utföras
1751 437 101 32 under

249 470 125 23 samma
409 461 48 32 tid
491 474 69 21 som
594 464 293 43 riksdagstrycket,
923 468 104 33 vilket
1060 481 116 30 genom
1211 472 59 33 sitt
1302 474 133 42 omfång
1457 476 60 32 och
1541 477 83 32 krav
1646 479 42 41 på
1711 480 141 33 särskild

248 504 236 42 skyndsamhet
517 508 164 32 erfordrar
715 520 39 22 en
788 512 70 31 stor
891 513 305 42 tryckeripersonal.
1242 517 239 43 Blankettryck
1520 521 92 33 torde
1646 523 55 32 väl
1728 523 10 32 i
1762 526 88 40 regel

248 548 73 33 icke
352 560 81 22 vara
467 561 41 21 av
540 553 36 31 så
599 553 204 33 brådskande
827 557 60 38 art,
913 558 50 30 att
986 558 55 32 det
1064 559 28 41 ej
1116 560 105 32 skulle
1245 561 108 33 kunna
1377 564 125 32 utföras
1525 567 42 40 på
1590 566 62 32 den
1674 567 52 32 för
1748 570 103 31 stats-

247 593 181 40 tryckeriet
461 594 207 43 lämpligaste
699 597 89 33 tiden
823 610 41 21 av
899 600 79 40 året,
1012 613 74 21 men
1119 603 55 32 vid
1208 605 38 32 de
1277 617 117 29 genom
1416 608 245 35 konkurrensen
1684 612 100 32 redan
1806 624 42 21 nu

247 637 109 32 starkt
389 639 152 40 pressade
568 640 147 41 priserna
738 643 42 40 på
803 643 116 33 sådant
941 646 98 40 tryck
1061 646 85 33 lärer
1168 649 267 42 statstryckeriet
1457 652 73 33 icke
1553 653 110 34 kunna
1685 655 11 31 i
1718 656 129 42 prisbil-

245 680 105 41 lighet
381 684 143 40 upptaga
547 684 113 32 tävlan
683 686 73 32 med
779 687 38 32 de
841 687 146 34 enskilda
1009 691 233 39 tryckerierna.
1289 693 60 33 Att
1373 697 48 31 ett
1444 696 149 34 blivande
1617 700 231 41 statstryckeri

246 724 104 33 skulle
373 725 109 34 kunna
505 728 147 41 påräkna
675 729 234 43 beställningar
932 733 73 32 från
1028 734 190 34 kommuner
1241 738 60 31 och
1318 739 100 32 andra
1434 741 416 42 samhällsorganisationer

245 768 11 31 i
278 768 187 34 landsorten
489 771 51 32 för
564 774 50 30 att
637 773 132 33 därmed
792 775 195 41 sysselsätta
1009 779 337 43 tryckeripersonalen
1370 784 100 32 under
1493 785 38 33 de
1554 786 94 40 tider,
1665 787 41 33 då
1722 790 127 31 statens

244 813 99 40 tryck
365 813 73 33 icke
462 814 126 34 lämnar
610 816 194 43 tillräckligt
827 820 111 32 arbete
961 822 51 32 för
1035 823 196 40 densamma,
1256 827 91 31 torde
1371 828 34 31 få
1428 839 95 23 anses
1536 830 131 33 alldeles
1680 829 166 49 uteslutet,

244 861 87 35 enär,
355 858 109 32 såsom
487 860 89 32 förut
600 862 136 41 antytts,
761 864 266 41 statstryckeriet
1049 866 73 34 icke
1145 868 103 34 skulle
1271 870 109 33 kunna
1403 872 88 33 hålla
1514 875 37 31 så
1574 874 75 42 låga
1660 876 105 41 priser
1776 888 70 22 som

243 901 226 40 tryckerierna
503 904 10 30 i
547 904 196 40 landsorten,
767 908 203 33 varförutom
995 911 78 31 ökat
1096 912 117 33 besvär
1235 915 74 31 med
1331 916 149 40 tryckets
1504 918 170 33 utförande
1698 921 19 31 å
1741 932 106 21 annan

244 946 52 31 ort
330 945 61 32 och
419 950 82 29 även
525 948 100 33 andra
649 950 133 33 orsaker
804 951 142 41 givetvis
970 954 103 33 skulle
1097 956 130 33 avhålla
1251 958 71 33 dem
1346 959 72 33 från
1442 962 50 31 att
1515 963 106 32 vända
1644 963 51 41 sig
1717 964 52 32 till
1792 965 54 33 det

242 988 11 31 i
276 989 226 33 huvudstaden
525 992 138 41 belägna
687 996 274 40 statstryckeriet.

374 1034 258 35 Vidkommande
667 1039 221 33 ovanberörda
923 1042 129 41 uppgift
1086 1048 78 28 över
1198 1047 411 41 tryckningskostnaderna
1644 1052 123 33 tillåter
1794 1055 52 39 sig

242 1076 303 43 telegrafstyrelsen
578 1081 156 41 meddela,
771 1085 49 30 att
854 1084 78 40 däri,
968 1086 11 31 1
1014 1087 124 32 saknad
1161 1100 42 21 av
1225 1095 150 29 närmare
1398 1093 209 42 anvisningar
1630 1096 137 33 rörande
1790 1098 55 31 det

242 1121 228 34 överlämnade
504 1124 209 34 formulärets
747 1127 164 40 ifyllande,
947 1130 209 34 medräknats
1189 1133 73 33 icke
1298 1135 81 33 blott
1414 1137 176 33 kostnader
1612 1140 52 32 för
1687 1141 155 41 sättning,

241 1165 214 42 korrigering,
490 1168 151 42 häftning
675 1171 60 31 och
770 1171 154 43 bindning
947 1176 78 30 utan
1048 1180 83 28 även
1154 1178 137 40 utgifter
1314 1180 51 32 för
1387 1192 131 30 papper,
1543 1183 107 32 vadan
1673 1185 169 41 uppgiften

240 1208 73 33 icke
336 1220 97 31 synes
457 1222 80 22 vara
560 1212 10 32 i
593 1215 107 39 någon
723 1216 75 31 mån
820 1217 201 40 vägledande
1044 1219 53 32 vid
1121 1220 197 35 bedömande
1343 1235 41 20 av
1407 1225 61 32 den
1480 1225 221 43 föreliggande
1714 1229 124 42 frågan.

240 1252 39 42 Ej
303 1253 103 33 heller
428 1255 70 33 lära
522 1256 38 32 de
583 1257 11 31 i
617 1257 208 35 formulärets
848 1261 74 40 fyra
945 1262 82 32 sista
1048 1264 170 33 kolumner
1240 1267 148 33 lämnade
1405 1268 150 34 siffrorna
1571 1273 165 39 angående
1747 1273 93 32 kost-

239 1296 160 34 nadernas
422 1299 182 42 fördelning
627 1302 19 31 å
669 1302 38 33 de
731 1303 105 33 skilda
858 1305 327 36 kalenderkvartalen
1196 1310 109 33 lämna
1320 1313 107 39 någon
1438 1312 130 43 ledning
1578 1315 125 39 härvid,
1718 1317 120 32 allden-

240 1341 96 32 stund
368 1342 104 33 denna
503 1344 182 44 fördelning
719 1358 42 21 av
794 1348 219 34 kostnaderna
1035 1353 87 31 måst
1144 1358 97 36 göras
1263 1356 74 32 med
1359 1356 126 41 hänsyn
1507 1358 50 32 till
1581 1359 87 33 tiden
1691 1360 51 33 för
1764 1362 76 31 räk-

239 1384 176 42 ningarnas
438 1387 222 35 likviderande
684 1391 60 32 och
768 1392 125 33 således
916 1393 73 34 icke
1013 1395 134 41 angiver
1163 1398 88 32 tiden
1268 1411 42 20 av
1326 1401 69 31 året
1411 1401 51 32 för
1474 1403 171 32 arbetenas
1658 1405 181 33 utförande.

372 1430 187 34 Stockholm
585 1433 60 33 den
670 1436 39 30 19
733 1446 87 22 mars
846 1438 92 31 1915.

919 1517 240 44 Underdånigst

857 1577 190 35 HERMAN
1069 1581 147 33 RYDIN.

372 1631 30 26 A.
424 1631 205 30 HAMILTON.

1420 1718 101 32 Ernst
1548 1720 157 42 Carlberg.

1527 1923 123 36 Bilaga
1674 1925 31 26 4.

720 2005 118 41 Kungl.
861 2008 327 43 järnvägsstyrelsens
1208 2014 157 40 yttrande.

881 2103 61 31 Till
965 2104 221 43 Konungen.

364 2172 118 49 Genom
519 2176 98 41 nådig
650 2179 116 31 remiss
800 2180 59 32 den
896 2183 41 30 23
960 2183 143 33 februari
1129 2187 83 31 1915
1235 2188 60 31 har
1316 2189 320 44 järnvägsstyrelsen
1659 2195 174 34 anbefallts

232 2215 51 31 att
317 2226 119 30 avgiva
471 2219 60 31 och
566 2220 50 32 till
643 2222 103 33 Eders
768 2223 119 42 Kungl.
912 2226 95 43 Maj:t
1029 2229 166 33 inkomma
1218 2231 68 33 dels
1309 2234 74 31 med
1405 2236 153 38 yttrande
1582 2242 77 28 över
1682 2250 39 21 en
1744 2239 88 33 inom

231 2258 191 42 riksdagens
446 2262 100 33 andra
569 2264 167 33 kammare
760 2268 101 32 väckt
884 2272 123 31 motion
1030 2283 39 20 nr
1095 2274 59 31 162
1179 2276 165 40 angående
1368 2277 184 35 inrättande
1583 2292 41 21 av
1642 2283 48 31 ett
1706 2285 125 31 statens
