2305 2722
654 115 419 48 Konstitutions-Utskottets
1103 130 170 36 Utlåtende
1297 138 59 30 N:o
1379 142 29 28 2.

924 355 113 42 N:o
1068 359 55 40 2.

862 458 75 30 Ank.
964 462 44 27 til
1032 462 101 30 Riksd.
1157 465 104 32 Kansli
1283 469 27 29 d.
1336 472 36 27 25
1396 473 90 31 Febr.
1516 479 74 29 1867
1614 480 38 31 kl.
1680 484 30 29 11
1737 486 20 28 £.
1780 498 38 20 m.

429 515 207 49 Utlåtande,
679 524 189 47 ungående
904 530 100 36 väckt
1043 535 133 36 motion
1204 551 56 22 om
1287 542 163 48 rättighet
1469 546 68 48 för
1565 550 43 35 de
1635 554 182 38 särskilda

622 570 126 39 länens
775 575 209 53 Landsting
1011 589 51 29 att
1088 592 87 39 utse,
1194 588 108 47 jemte
1329 592 228 51 Ledamöter,
1572 600 137 48 jemväl
1723 602 93 53 Sup-

612 622 170 47 pleanter
809 627 54 36 till
890 629 230 52 Riksdagens
1146 636 133 40 Första
1307 637 210 61 Kammåäre.

357 700 96 37 Från
494 703 233 51 Riksdagens
756 710 129 38 Andra
912 714 198 41 Kammare
1141 720 78 46 har,
1248 726 159 38 medelst
1434 730 381 61 Protokolls-Utdrag

221 748 41 37 af
291 750 75 36 den
395 754 41 33 31
469 754 172 39 sistlidne
669 758 171 48 Januari,
868 764 126 38 blifvit
1022 769 58 35 till
1108 766 496 60 Konstitutions-Utskottet
1629 786 185 43 hänvisad

221 814 46 22 en
308 801 41 36 af
372 802 87 37 herr
486 804 41 36 P.
555 806 169 39 Peterson
751 813 111 36 väckt
891 818 145 35 motion
1064 818 85 47 (N:o
1180 823 98 47 246),
1307 828 149 40 hvaruti
1484 853 50 6 —
1562 838 120 37 under
1710 843 102 38 anfö-

224 852 129 45 rande,
394 860 55 30 att
490 856 11 35 i
543 857 72 36 den
656 873 74 36 nya
756 862 397 57 Riksdagsordningen
1180 874 217 43 förefunnes
1426 896 46 23 en
1499 881 315 64 ofullständighet

219 901 243 48 derutinnan,
504 913 55 30 att
600 908 73 37 den
715 912 80 37 icke
826 915 205 49 bestämde,
1061 920 75 47 det,
1164 925 63 36 vid
1255 930 60 35 val
1343 932 58 35 till
1428 934 209 41 ledamöter
1664 943 12 34 i
1703 943 106 38 Riks-

218 952 141 50 dagens
388 955 132 38 Första
547 958 211 49 Kammare,
788 966 141 46 jemväl
958 970 116 38 borde
1105 980 100 32 utses
1233 982 257 48 suppleanter,
1518 987 9 35 i
1557 988 92 50 följd
1677 993 137 40 hvaraf

217 1003 127 38 kunde
374 1006 124 37 hända
526 1010 68 35 och
624 1011 110 37 äfven
762 1015 180 49 inträffat,
972 1027 66 38 att,
1068 1023 124 39 derest
1222 1030 84 35 vald
1334 1033 166 40 ledamot
1528 1042 160 37 emellan
1706 1046 102 38 valet

218 1055 67 35 och
328 1056 202 49 riksdagen
572 1060 41 36 af
644 1063 85 48 laga
761 1066 79 36 skäl
869 1069 125 38 afsade
1023 1074 57 47 sig
1107 1075 236 43 förtroendet
1370 1085 92 37 eller
1490 1090 85 35 med
1603 1092 123 39 döden
1752 1097 54 36 af-

212 1105 126 48 ginge,
379 1108 234 51 landstinget
640 1114 98 48 finge
768 1120 97 46 ånyo
894 1126 278 37 sammanträda
1192 1148 35 5 —
1255 1134 250 49 motionären,
1533 1141 58 36 till
1618 1142 186 42 förekom-

215 1156 134 36 mande
392 1158 40 36 af
455 1160 45 36 de
530 1162 204 39 kostnader
760 1166 58 37 för
845 1170 102 37 länet
976 1174 67 35 och
1074 1176 63 36 det
1166 1180 84 35 med
1280 1184 157 47 utgifter
1464 1187 178 43 förenade
1671 1197 133 38 besvär

213 1204 57 37 för
310 1208 388 51 landstingsmännen,
727 1230 80 23 som
842 1220 218 50 härigenom
1089 1226 271 52 förorsakades,
1389 1238 57 35 till
1473 1239 241 44 föreskriften
1742 1262 60 23 om

214 1257 57 36 val
300 1257 41 36 af
363 1260 210 39 ledamöter
600 1265 10 34 i
639 1265 132 38 Första
798 1270 225 40 Kammaren
1050 1275 193 53 föreslagit
1271 1282 163 50 följande
1463 1291 148 51 tillägg:

346 1309 90 36 »Till
477 1315 245 46 suppleanter
748 1317 58 37 för
833 1321 209 40 ledamöter
1069 1329 55 34 uti
1152 1329 132 40 Första
1310 1334 225 43 Kammaren
1563 1357 88 36 eger
1677 1349 123 38 lands-

211 1358 82 48 ting
328 1360 98 47 välja
454 1368 137 32 tvänne
621 1367 92 36 eller
740 1369 88 37 flere
859 1386 191 35 personer,
1085 1392 59 22 om
1172 1386 40 32 så
1240 1386 132 49 nödigt
1400 1403 118 34 anses,
1547 1399 47 43 på
1622 1397 64 38 det
1711 1398 88 56 sätt,

209 1413 55 30 att
293 1409 71 36 den
394 1412 92 36 eller
513 1414 58 45 de,
599 1429 81 23 som
709 1420 150 37 erhållit
886 1424 64 37 det
978 1427 133 48 högsta
1137 1438 195 34 röst-antal
1363 1438 96 38 efter
1487 1442 44 38 de
1560 1447 108 38 valde
1697 1451 101 37 ledå-

208 1465 183 39 möterne,
433 1463 149 38 inträda
622 1481 80 22 som
731 1474 245 46 suppleanter
1004 1479 54 35 uti
1088 1481 262 55 tjenstgöring,
1379 1489 47 37 då
1453 1494 86 35 vald
1567 1497 167 41 ledamot
1762 1502 40 37 af

208 1509 138 49 lagliga
374 1513 77 36 skäl
482 1515 147 49 afsäger
656 1519 57 48 sig
739 1520 247 51 förtroendet,
1014 1530 116 36 sedan
1158 1533 74 37 han
1261 1536 207 43 detsamma
1495 1551 211 47 emottagit,
1727 1553 69 37 dör

206 1560 92 36 eller
337 1561 58 37 för
435 1569 121 44 någon
587 1568 55 35 tid
671 1569 67 37 har
765 1573 85 48 laga
876 1575 136 48 förfall,
1053 1581 155 39 hvarom
1236 1586 134 51 Kongl.
1399 1591 121 50 Maj:ts
1548 1593 246 63 Befallnings-

206 1609 186 40 hafvande
429 1629 90 34 eger
551 1621 250 46 suppleanten
832 1627 230 40 underrätta.
1116 1633 175 40 Inträffar
1318 1640 105 39 detta
1451 1647 121 36 under
1599 1655 193 45 pågående

204 1661 164 50 riksdag,
409 1670 117 33 måste
555 1671 262 48 suppleanten,
846 1676 110 50 högst
985 1683 45 33 14
1059 1683 115 50 dagar
1201 1687 95 38 efter
1324 1693 320 45 underrättelsens
1672 1704 120 38 bevis-

203 1711 76 48 liga
307 1715 230 47 erhållande,
565 1721 57 46 sig
649 1722 62 35 vid
738 1723 212 42 Riksmötet
977 1728 171 56 infinna.»

338 1764 74 37 Vid
454 1768 177 51 pröfning
671 1772 41 36 af
748 1775 105 38 detta
892 1778 140 52 förslag
1065 1785 67 36 har
1160 1787 67 37 hos
1254 1790 497 52 Konstitutions-Utskottet
1779 1809 8 34 i

201 1813 249 40 betraktande
480 1819 169 48 kommit,
678 1830 67 37 att,
774 1826 47 36 då
847 1828 416 59 Riksdagsordningens
1291 1840 18 48 $
1339 1846 18 33 7
1386 1848 164 49 stadgar,
1578 1853 65 37 det
1658 1857 59 35 val
1732 1859 58 35 till

200 1865 259 49 riksdagsman
502 1871 10 34 i
553 1871 131 38 Första
724 1876 223 40 Kammaren
989 1885 93 36 skall
1124 1888 40 36 af
1186 1891 283 44 vederbörande
1498 1901 192 52 landsting
1718 1909 66 34 och

199 1915 342 53 stadsfullmägtige
571 1926 176 36 anställas
775 1932 56 32 »så
860 1930 79 37 ofta
966 1934 169 50 ledighet
1163 1947 185 42 uppstår»,
1382 1947 155 39 härmed
1566 1955 221 39 otvifvelak-

199 1965 72 47 tigt
312 1969 96 35 varit
438 1969 121 39 afsedt
587 1980 55 29 att
670 1979 37 32 åt
735 1977 331 56 valförsamlingen
1094 1987 149 41 förvara
1270 1994 83 37 dess
1381 2005 76 30 rätt
1484 2008 55 30 att
1566 2005 63 35 vid
1658 2007 128 50 hvarje

199 2016 148 37 tillfalle
378 2026 82 29 utse
491 2023 57 34 till
577 2025 258 50 riksdagsman
864 2031 84 46 den,
977 2034 57 37 för
1061 2038 153 39 hvilken
1241 2043 46 37 de
1307 2048 173 47 väljande
1497 2052 46 36 då
1558 2054 94 49 hysa
1667 2066 118 31 mesta

197 2064 229 41 förtroende.
482 2071 129 39 Skulle
640 2079 80 34 åter
747 2080 63 35 vid
838 2083 368 50 riksdagsmannaval
1230 2094 141 47 jemväl
1400 2106 99 32 utses
1527 2103 257 57 suppleanter,

198 2129 83 23 men
311 2119 105 37 desse
445 2121 93 38 först
566 2124 95 37 efter
688 2141 44 23 en
761 2130 129 50 längre
919 2136 73 36 tids
1020 2137 149 53 förlopp
1197 2144 174 40 inträdde
1400 2151 9 34 i
1439 2153 175 51 utöfning
1641 2158 34 36 af
1691 2161 91 36 riks-

197 2165 359 54 dagsmannakallet,
586 2177 68 35 och
684 2178 63 37 det
774 2184 144 37 således
946 2187 81 37 icke
1055 2190 126 39 kunde
1209 2200 104 44 tagas
1341 2198 58 37 för
1423 2202 131 48 gifvet,
1582 2213 55 31 att
1664 2209 46 38 de
1726 2225 55 23 re-

279 2226 70 31 Bih.
372 2229 49 28 till
443 2230 107 30 Riksd.
576 2233 82 31 Prot.
681 2238 85 29 1867.
809 2241 20 27 3
853 2241 92 33 Saml.
968 2246 21 27 2
1014 2246 85 37 Häft.
