1882 2826
306 158 19 29 2
723 158 111 27 Första
854 158 215 35 lagutskottets
1090 159 157 28 utlåtande
1268 160 44 27 Nr
1335 160 44 27 15.

307 235 220 32 iståndsättes
547 238 69 30 viss
636 237 229 31 förnödenhet
885 239 79 30 eller
984 240 62 29 där
1067 239 54 31 för
1140 240 267 39 tillgodoseende
1426 250 43 21 av
1487 240 113 31 behov
1621 250 73 21 som
1713 250 82 30 nyss

307 291 40 29 är
370 293 72 36 sagt
465 291 82 30 eller
572 291 97 39 eljest
693 291 53 30 för
769 292 268 39 tillgodoseende
1061 303 43 20 av
1128 292 161 32 ändamål
1315 303 42 21 av
1380 294 175 38 betydelse
1578 294 55 30 för
1657 295 55 30 det
1735 295 60 30 all-

307 344 130 30 männa
457 343 114 32 finnes
592 344 225 40 erforderligt,
839 348 49 28 att
907 347 77 29 med
1005 346 155 39 järnväg,
1182 347 123 39 fartyg,
1328 347 241 31 motorfordon
1590 349 81 29 eller
1690 350 107 29 annat

307 398 289 38 transportmedel
621 399 199 30 verkställes
845 398 145 42 forsling
1014 400 55 30 för
1094 401 151 30 kronans
1269 401 157 39 räkning,
1452 402 61 30 allt
1536 404 85 28 utan
1645 405 48 28 att
1718 403 77 29 kro-

308 460 71 21 nan
397 451 10 30 i
426 451 110 39 Övrigt
555 451 155 40 förfogar
730 453 81 30 över
831 454 222 37 egendomen,
1075 463 79 21 vare
1173 454 101 39 ägare
1294 455 81 30 eller
1394 455 211 31 innehavare
1626 465 41 21 av
1687 455 109 31 sådan

308 505 167 38 egendom
502 505 126 39 pliktig
654 508 56 33 att,
747 506 1 29 i
777 507 68 29 den
872 505 82 32 mån
982 507 193 39 Konungen
1202 506 37 32 så
1266 508 217 36 föreskriver,
1513 509 205 39 ombesörja,
1747 511 49 29 att

308 557 275 32 förnödenheten
608 559 241 39 frambringas,
875 560 184 36 tillverkas,
1086 560 148 37 beredes,
1260 560 221 32 iståndsättes
1506 563 82 29 eller
1612 562 182 31 tillhanda-

307 610 109 32 hålles
442 612 80 30 eller
548 612 146 40 forsling
719 623 73 20 som
819 622 81 30 nyss
928 616 89 37 sagts
1045 615 209 35 verkställes,
1282 614 38 32 så
1345 616 64 29 ock
1438 616 137 39 vidtaga
1601 616 117 31 därför
1745 626 49 21 er-

308 665 186 40 forderliga
520 665 170 40 åtgärder.

352 714 133 44 Ägaren
509 720 83 30 eller
615 737 43 3 —
682 737 41 3 —
746 738 43 3 —
814 720 57 31 vid
896 721 262 40 anläggningen.

1011 810 19 30 6
1055 808 31 41 8.

353 879 125 32 Finnes
503 880 226 40 erforderligt,
755 881 55 31 för
834 884 49 28 att
906 881 125 32 bereda
1055 882 122 30 bostad
1202 881 35 32 åt
1259 882 150 32 husvilla
1434 883 81 31 eller
1540 883 55 31 för
1620 884 177 39 förvaring

307 943 44 21 av
373 934 184 30 arkivalier
580 935 81 30 eller
682 935 188 39 samlingar
894 935 80 31 eller
996 935 56 31 för
1074 939 106 27 annat
1202 936 166 31 liknande
1390 936 174 36 ändamål,
1589 940 49 28 att
1661 938 136 30 kronan

307 987 157 39 förfogar
489 988 82 30 över
597 988 169 40 byggnad,
795 998 81 21 vare
901 990 101 38 ägare
1030 990 81 30 eller
1137 989 211 31 innehavare
1373 1000 43 21 av
1441 990 208 40 byggnaden
1674 991 123 39 pliktig

307 1043 60 33 att,
391 1041 85 30 efter
497 1042 68 30 vad
588 1041 192 40 Konungen
802 1042 216 36 föreskriver,
1042 1041 143 40 upplåta
1207 1043 207 39 byggnaden
1436 1044 82 30 eller
1540 1045 53 30 del
1617 1045 106 30 därav
1745 1045 51 30 till

308 1095 144 35 kronan,
473 1095 9 29 i
505 1095 69 30 den
595 1094 83 32 mån
697 1095 30 39 ej
749 1096 206 39 byggnaden
977 1096 174 31 erfordras
1172 1097 50 30 till
1243 1097 124 30 bostad
1389 1097 80 31 eller
1491 1097 55 31 för
1568 1099 126 30 rörelse
1715 1099 82 30 eller

308 1157 118 22 annan
455 1149 221 30 verksamhet
706 1150 81 29 eller
819 1149 97 39 eljest
947 1157 124 32 genom
1101 1149 215 39 upplåtelsen
1347 1151 111 30 skulle
1489 1150 109 32 vållas
1630 1152 166 31 avsevärd

308 1201 109 31 skada
439 1202 81 30 eller
542 1202 190 39 olägenhet.
757 1202 75 31 Vad
855 1201 145 33 sålunda
1024 1204 138 38 stadgas
1184 1213 57 21 om
1264 1203 162 40 byggnad
1449 1204 88 31 skall
1561 1205 64 39 äga
1648 1208 147 28 motsva-

307 1256 109 30 rande
439 1255 221 40 tillämpning
684 1256 220 31 beträffande
929 1255 244 32 markområde
1197 1257 81 30 eller
1304 1260 107 28 annat
1435 1260 183 37 utrymme.

353 1416 223 30 Beträffande
598 1416 41 30 de
660 1417 73 29 skäl
754 1425 75 21 som
850 1416 90 39 ligga
962 1416 49 31 till
1033 1417 112 38 grund
1167 1416 52 31 för
1241 1417 165 39 förslaget
1426 1417 55 31 får
1502 1419 174 36 utskottet,
1700 1419 10 30 i
1731 1420 67 29 den

307 1468 83 31 mån
414 1469 215 39 redogörelse
653 1469 117 30 därför
794 1470 31 38 ej
849 1470 134 30 lämnas
1006 1470 64 30 här
1095 1470 122 36 nedan,
1241 1470 146 31 hänvisa
1412 1471 50 30 till
1485 1472 268 39 propositionen.

352 1575 136 30 Allmän
527 1575 263 40 förfogandelag
831 1576 199 31 utfärdades
1070 1577 66 30 den
1176 1578 39 29 22
1244 1577 75 39 juni
1351 1578 82 30 1939
1467 1577 53 39 (nr
1549 1578 91 39 293).
1681 1579 116 40 Lagen

307 1629 121 30 trädde
449 1629 10 30 i
480 1629 95 31 kraft
598 1629 66 31 den
687 1630 39 30 28
748 1630 75 38 juni
850 1630 82 30 1939
954 1631 64 30 och
1043 1631 104 39 gäller
1169 1630 50 31 till
1241 1631 66 31 och
1330 1632 78 30 med
1431 1632 66 30 den
1520 1633 39 29 31
1585 1642 91 21 mars
1703 1634 92 30 1940.

306 1681 68 31 För
394 1685 47 28 att
461 1683 118 39 lagens
600 1682 377 32 huvudbestämmelser
997 1684 98 30 skola
1115 1684 97 31 träda
1232 1684 10 30 i
1263 1684 218 40 tillämpning
1502 1685 173 32 erfordras
1695 1687 101 30 emel-

307 1735 100 31 lertid
434 1736 139 31 särskilt
600 1736 235 31 förordnande
863 1737 129 31 därom.
1033 1737 131 31 Sådant
1189 1738 235 31 förordnande
1451 1738 58 31 må
1537 1740 175 30 meddelas
1740 1740 58 31 vid

306 1789 76 40 krig
401 1790 79 30 eller
497 1790 184 39 krigsfara,
701 1791 71 30 vari
791 1791 88 31 riket
897 1791 157 31 befinner
1074 1791 60 40 sig,
1154 1791 78 31 eller
1252 1792 97 38 eljest
1367 1792 109 31 under
1495 1793 300 40 utomordentliga,

305 1851 44 22 av
371 1843 74 40 krig
467 1843 206 31 föranledda
695 1843 252 32 förhållanden.
971 1844 247 32 Förordnande
1240 1845 175 31 meddelas
1438 1855 42 21 av
1504 1846 192 40 Konungen
1718 1847 80 31 med

306 1896 201 40 riksdagens
528 1898 188 38 samtycke,
737 1898 87 30 dock
846 1901 58 33 att,
925 1899 62 29 när
1006 1898 184 40 riksdagen
1210 1899 31 39 ej
1261 1900 38 29 är
1319 1899 143 36 samlad,
1483 1899 226 40 provisoriskt
1728 1900 68 31 för-

307 1951 178 30 ordnande
504 1950 59 31 må
584 1951 174 31 meddelas
779 1961 42 21 av
844 1951 191 40 Konungen
1056 1961 129 21 ensam.
1218 1952 131 31 Genom
1370 1953 206 39 kungörelse
1597 1954 65 30 den
1683 1955 19 29 6
1723 1963 73 30 sep-

308 2005 130 30 tember
462 2005 83 30 1939
575 2004 53 39 (nr
650 2005 74 39 624)
752 2005 202 31 meddelade
977 2005 123 40 Kungl.
1124 2006 99 39 Maj:t
1245 2006 244 36 förordnande,
1513 2016 120 21 varom
1655 2017 81 28 nyss
1759 2008 38 29 är

308 2060 85 37 sagt,
420 2061 47 27 att
493 2058 91 39 gälla
610 2058 68 31 tills
704 2059 126 36 vidare,
857 2059 105 31 vilket
987 2059 236 31 förordnande
1248 2059 184 40 riksdagen
1458 2060 10 30 i
1495 2060 163 31 skrivelse
1684 2061 67 30 den
1778 2062 16 29 7

306 2111 144 31 oktober
472 2112 83 30 1939
582 2111 54 39 (nr
654 2111 30 40 9)
710 2112 198 31 förklarade
928 2112 49 40 sig
997 2113 91 39 gilla.
1121 2113 261 31 Förordnandet
1402 2115 37 29 är
1458 2113 150 39 alltjämt
1628 2114 167 39 gällande.

352 2164 225 32 Beträffande
601 2165 175 31 allmänna
801 2165 327 40 förfogandelagens
1152 2166 153 31 innehåll
1329 2166 57 31 må
1410 2167 64 30 här
1497 2167 146 31 allenast
1667 2168 130 30 erinras

306 2227 59 21 om
383 2221 48 28 att
450 2218 105 40 enligt
573 2219 100 39 lagen
691 2219 194 40 Konungen
903 2221 78 38 äger
997 2238 44 4 —
1060 2220 62 30 där
1141 2219 36 31 så
1196 2220 113 31 finnes
1328 2220 215 40 erforderligt
1562 2220 54 32 för
1635 2224 48 28 att
1701 2221 95 31 inom

306 2271 88 31 riket
412 2273 79 30 eller
508 2272 98 31 inom
622 2272 82 31 visst
722 2272 141 32 område
881 2283 42 21 av
939 2273 87 31 riket
1044 2273 178 40 tillgodose
1239 2274 146 31 behovet
1403 2284 41 20 av
1462 2274 240 36 förnödenhet,
1722 2284 74 21 som

307 2326 39 29 är
368 2335 42 21 av
431 2326 71 30 vikt
524 2326 56 31 för
601 2326 247 40 befolkningen
870 2327 79 30 eller
971 2327 263 39 produktionen,
1258 2328 81 30 eller
1361 2327 54 31 för
1436 2330 49 28 att
1506 2328 126 30 bereda
1654 2327 143 40 tillgång

307 2378 52 31 till
380 2378 240 38 förnödenhet,
644 2389 73 22 som
739 2381 37 29 är
797 2380 160 40 behövlig
979 2380 54 31 för
1055 2381 182 39 krigsbruk
1260 2381 81 30 eller
1363 2383 106 28 annat
1491 2380 164 32 ändamål
1677 2391 42 20 av
1740 2382 56 29 be-

306 2432 130 39 tydelse
456 2433 53 31 för
529 2433 58 31 det
607 2433 175 31 allmänna
801 2452 45 3 —
866 2433 191 32 föreskriva
1078 2434 193 39 skyldighet
1291 2434 55 31 för
1366 2435 101 39 ägare
1487 2435 81 30 eller
1588 2434 209 31 innehavare

306 2495 44 21 av
365 2486 107 31 sådan
488 2487 231 31 förnödenhet
734 2490 49 28 att
798 2486 98 32 avstå
911 2487 203 31 densamma
1130 2487 49 31 till
1194 2488 146 30 kronan.
1368 2488 123 31 Vidare
1508 2489 80 38 äger
1605 2488 191 39 Konungen
