2130 2609
373 178 42 32 50
729 176 211 41 Bevillnings-
950 173 162 35 Utskottets
1138 172 210 33 Betänkande
1372 168 66 36 N:o
1465 173 51 30 10.

454 267 38 35 af
528 264 97 37 Herr
665 263 258 43 Björnstjerna,
951 260 77 35 med
1054 258 145 37 hvilken
1225 257 140 36 Herrar
1391 257 104 45 Berg,
1524 256 165 44 Kockum,
1726 256 125 44 Wern,
1879 255 44 36 E.

323 322 41 36 G.
394 321 160 35 Boström
581 317 64 35 och
672 314 238 36 Reutersvärd
935 313 154 42 instämt,
1119 311 65 34 den
1212 310 189 35 sistnämde
1428 310 111 34 under
1567 308 197 45 förklaring
1788 311 52 32 att
1856 309 67 34 han

318 376 10 33 i
357 373 188 36 Utskottet
571 368 175 43 hemstält,
776 369 54 32 att
857 365 110 35 tullen
995 361 20 37 å
1043 363 52 35 thé
1127 363 111 34 skulle
1258 362 180 35 nedsättas
1454 362 53 34 till
1526 363 44 33 30
1587 364 58 31 öre
1659 371 62 34 per
1735 361 186 44 kilogram:

456 422 38 35 »I
520 422 113 35 likhet
659 420 77 34 med
762 417 130 45 Kongl.
922 415 108 45 Maj:t
1056 411 147 38 föreslår
1228 413 197 44 Utskottet,
1448 416 53 33 att
1516 414 64 33 den
1596 413 205 35 nuvarande
1817 413 109 34 tullen

318 480 21 33 å
369 476 80 43 Thé,
489 477 5 32 1
526 475 112 34 krona
666 473 47 34 40
742 473 57 32 öre
827 479 61 34 per
915 468 183 44 kilogram,
1127 466 90 34 skall
1244 463 192 37 bibehållas
1464 464 220 36 oförändrad.

450 526 175 34 Tnförseln
652 523 37 35 af
714 523 60 34 thé
802 520 162 45 utgjorde
992 518 110 44 enligt
1127 517 331 45 Kommerskollegii
1484 516 208 36 berättelser

520 592 40 38 år
590 593 93 35 187Å
772 624 15 4 oo
862 621 162 6 mn
1086 620 61 4 nn
1266 619 49 5 nen
1344 619 48 5 nn
1450 587 135 43 99,334
1613 582 110 50 skålp.

536 660 12 15 »
592 646 93 32 1875
862 670 216 6 FEET
1110 670 37 5 Sr
1311 670 72 4 oo.
1428 639 157 41 118,308
1656 650 12 15 >»

537 710 12 16 »
590 695 94 34 1880
749 721 274 8 ue
1075 721 16 4 se
1153 721 38 5 an
1312 720 70 5 sn
1427 688 158 43 132,850
1655 699 12 16 P

452 781 176 36 Jemföres
671 778 144 35 härmed
860 776 165 34 införseln
1067 774 39 35 af
1144 774 106 43 kaffe,
1295 773 206 44 utgörande,
1543 772 209 44 sjöskadade
1792 771 133 43 partier

319 834 232 43 oberäknade,

520 900 40 36 år
590 902 92 33 1871
765 930 26 5 om
878 929 3 4 om
955 928 72 4 osm
1146 927 49 4 nns
1248 928 2 2 on
1303 925 27 6 vv
1362 893 223 44 20,693,734
1613 888 109 47 skålp.

537 967 12 16 »
591 953 94 33 1875
834 981 26 5 a
1002 977 261 7 RR
1389 941 48 54 BIE:
1451 945 134 42 BL:

537 1019 12 15 >»
592 1005 93 33 1880
755 1031 172 7 sannmnnnvvemer
958 1031 3 4 a
1103 1029 127 6 anno
1271 1028 59 5 vn
1363 996 221 43 26,604,766
1655 1008 12 15 >

319 1093 98 34 visar
444 1091 53 43 sig
524 1091 171 41 nogsamt,
725 1089 65 41 att,
820 1097 52 23 om
900 1089 45 31 än
972 1084 276 44 förbrukningen
1276 1082 39 35 af
1338 1082 59 34 thé
1425 1078 45 47 på
1497 1090 123 25 senare
1646 1079 92 35 tider
1765 1079 158 44 tilltagit,

319 1144 199 33 densamma
559 1140 88 34 dock
679 1139 12 33 i
715 1137 198 46 jemförelse
940 1136 77 34 med
1044 1135 277 43 förbrukningen
1349 1133 39 34 af
1411 1132 94 34 kaffe
1532 1135 40 30 är
1599 1131 221 43 synnerligen
1850 1131 74 33 obe-

321 1194 123 44 tydlig.
500 1191 69 35 Att
610 1191 97 34 detta
747 1189 11 34 i
797 1188 71 35 viss
908 1185 80 36 mån
1028 1190 40 31 är
1107 1185 171 35 beroende
1310 1182 45 46 på
1382 1193 130 26 varans
1538 1182 153 34 relativa
1718 1181 138 44 dyrhet,
1885 1184 40 31 är

318 1248 96 32 utom
448 1244 63 34 allt
550 1242 136 35 tvifvel.
743 1239 76 35 Och
859 1239 91 34 huru
989 1238 190 43 väsentligt
1216 1237 64 33 den
1317 1235 206 35 nuvarande
1550 1234 184 34 tullsatsen
1760 1232 165 44 bidrager

318 1296 132 37 härtill,
483 1295 91 33 inses
600 1292 186 44 klarligen,
816 1301 51 23 om
895 1300 81 23 man
1002 1288 183 43 betänker,
1214 1290 54 32 att
1294 1287 203 34 tullsatsens
1524 1285 135 43 belopp,
1692 1285 16 33 1
1737 1284 112 33 krona
1878 1285 46 32 40

318 1351 70 40 öre,
421 1346 99 34 torde
547 1345 117 43 uppgå
691 1343 53 34 till
772 1341 160 44 omkring
960 1342 45 33 60
1034 1342 142 42 procent
1204 1338 39 35 af
1267 1338 109 44 priset
1401 1334 46 46 på
1474 1337 41 33 de
1542 1335 161 44 billigare
1729 1335 194 43 théslagen,

318 1399 110 33 under
455 1398 58 33 det
539 1396 112 33 tullen
678 1397 20 31 å
724 1393 94 34 kaffe
845 1395 105 41 utgör
977 1392 123 34 endast
1128 1393 45 32 20
1202 1389 20 35 å
1252 1391 45 33 25
1324 1390 145 43 procent
1495 1386 179 35 beräknad
1695 1385 90 35 efter
1799 1385 125 36 värdet

317 1449 39 35 af
380 1450 41 33 de
448 1447 176 44 billigaste
650 1445 266 34 kaffesorterna.

451 1498 80 35 Mot
567 1508 42 23 en
635 1495 227 43 nedsättning
890 1494 38 34 af
952 1493 171 34 thétullen
1151 1491 138 35 anföres
1316 1491 166 42 vanligen
1510 1491 54 32 att
1590 1489 59 33 thé
1677 1485 38 37 så
1741 1487 84 44 godt
1852 1497 71 24 som

318 1550 223 35 uteslutande
581 1549 179 43 begagnas
800 1545 39 35 af
875 1545 45 34 de
957 1544 220 43 förmögnare
1216 1543 194 41 klasserna,
1451 1550 78 24 men
1569 1550 54 23 om
1662 1542 45 31 än
1733 1538 126 34 hittills
1887 1535 38 36 så

318 1602 95 34 varit
451 1598 234 37 förhållandet
724 1599 12 32 i
776 1596 158 44 Sverige,
976 1599 40 30 är
1056 1595 97 33 detta
1192 1591 100 46 långt
1330 1590 93 36 ifrån
1448 1591 190 35 händelsen
1664 1590 12 34 i
1702 1589 84 35 flere
1814 1589 110 34 andra

318 1653 133 42 länder,
486 1652 61 34 der
573 1651 60 34 thé
660 1650 140 43 intager
827 1657 131 25 samma
984 1656 77 24 rum
1089 1655 71 24 som
1187 1644 94 34 kaffe
1308 1644 62 34 hos
1397 1653 54 24 oss
1478 1642 11 34 i
1516 1640 277 44 förbrukningen
1819 1640 106 34 bland

318 1704 66 33 den
424 1705 95 32 stora
558 1711 139 25 massan
734 1699 39 35 af
797 1699 121 42 folket,
946 1697 137 35 hvilket
1109 1692 157 47 framgår
1293 1694 39 35 af
1355 1694 155 44 följande
1537 1692 125 34 siffror.
1717 1690 18 35 I
1762 1690 163 45 England

320 1754 206 43 inbringade
552 1752 173 34 thétullen
752 1747 79 37 från
860 1750 43 34 31
934 1748 100 34 Mars
1065 1748 94 33 1878
1187 1747 54 33 till
1270 1748 44 32 31
1343 1745 100 34 Mars
1466 1745 93 33 1879
1575 1742 62 35 Pa.
1656 1741 51 36 St.
1725 1743 195 42 4,162,221

322 1806 85 33 eller
445 1803 151 44 ungefär
628 1812 131 25 samma
799 1801 123 42 belopp
963 1809 70 24 som
1063 1797 165 44 Sveriges
1254 1797 80 34 hela
1362 1795 251 36 statsinkomst.
1668 1793 125 35 Tullen
1819 1795 105 41 utgör

320 1858 19 32 6
381 1865 107 34 pence
528 1854 54 34 för
622 1853 160 44 engelskt
809 1849 183 45 skålpund,
1026 1849 64 35 och
1116 1848 153 44 uppgick
1296 1845 146 37 sålunda
1469 1846 167 34 införseln
1664 1844 40 35 af
1726 1844 59 34 thé
1812 1844 111 33 under

318 1904 77 37 året
434 1906 54 34 till
531 1905 246 42 166,488,840
818 1901 182 44 skålpund.
1055 1899 125 34 Tullen
1220 1896 21 37 å
1279 1898 94 35 kaffe
1412 1897 208 43 inbringade
1654 1895 110 34 under
1791 1904 131 24 samma

317 1957 52 34 tid
408 1958 12 33 i
459 1956 165 44 England
663 1954 61 35 På.
756 1953 51 35 St.
844 1954 159 41 208,555
1032 1951 74 42 och,
1135 1947 44 37 då
1205 1950 111 34 tullen
1342 1946 21 37 å
1390 1949 113 34 denna
1530 1957 87 25 vara
1645 1950 40 31 är
1712 1945 161 44 omkring
1902 1946 20 33 2

317 2018 108 33 pence
464 2018 63 32 per
567 2004 183 45 skålpund,
783 2005 72 34 kan
887 2003 167 34 införseln
1081 2000 39 36 af
1143 2000 94 35 kaffe
1265 2001 174 34 beräknas
1465 1998 109 35 hafva
1600 1994 150 47 uppgått
1777 1997 54 33 till
1859 2006 65 24 om-

317 2059 105 44 kring
450 2059 197 42 4,172,000
676 2054 171 45 skålpund
875 2054 84 35 eller
986 2054 123 33 endast
1138 2050 74 39 2'/;
1240 2053 145 42 procent
1412 2051 39 34 af
1473 2048 239 36 theinförseln.

452 2108 68 34 Till
559 2108 176 43 Ryssland
773 2106 154 34 infördes
966 2101 40 37 år
1048 2105 94 32 1880
1182 2103 59 34 thé
1286 2103 190 42 1,146,041
1518 2100 81 43 pud,
1640 2109 78 24 men
1758 2098 40 34 af
1829 2098 94 35 kaffe

316 2161 123 33 endast
468 2161 169 42 500,064.

452 2209 71 35 Till
562 2208 196 44 Danmark,
792 2207 11 35 i
830 2206 138 36 hvilket
994 2205 83 34 land
1103 2204 66 34 tull
1196 2203 63 35 och
1286 2203 197 44 krigsskatt
1508 2198 45 47 på
1580 2201 59 34 thé
1668 2200 255 43 sammanlagdt

317 2271 62 33 per
419 2261 128 33 danskt
588 2257 171 45 skålpund
799 2261 104 40 utgör
947 2257 42 32 16
1032 2255 141 43 skilling
1201 2255 83 32 eller
1313 2255 44 32 67
1387 2256 58 30 öre
1472 2262 63 33 per
1563 2252 182 42 kilogram,
1774 2251 152 33 infördes
