2133 2606
330 163 41 54 492
689 166 211 43 Bevillnings-
911 166 163 34 Utskottets
1100 162 208 36 Betänkande
1336 161 63 34 N:o
1426 162 51 32 10.

281 258 53 33 till
376 255 202 36 hvarandra
619 275 37 3 —
694 251 44 47 på
778 264 130 24 samma
949 255 70 33 sätt
1052 262 71 24 som
1156 251 41 34 de
1224 249 167 44 enskilde,
1421 245 43 37 då
1491 248 42 33 de
1561 246 30 45 ej
1620 246 120 34 kunna
1767 241 124 48 sjelfve

284 307 241 37 åstadkomma
565 307 69 34 alla
674 306 116 36 vilkor
831 305 55 35 för
925 305 41 35 de
998 304 77 36 med
1101 302 202 45 bildningen
1331 301 63 35 och
1423 296 200 40 välståndet
1649 297 161 37 växande
1835 296 55 34 hbe-

282 359 130 36 hofven
439 380 46 3 —
514 359 97 34 detta
638 358 171 34 beroende
836 358 91 34 skall
953 357 77 36 visa
1056 356 55 34 för
1138 365 42 24 en
1207 355 100 43 hvar,
1336 356 54 31 att
1417 362 86 35 egen
1518 350 139 36 välfärd
1672 350 78 35 icke
1766 348 126 35 strider

283 414 72 32 mot
382 411 139 43 andras,
548 412 87 32 utan
661 411 164 33 tvärtom.
881 406 47 37 Så
955 409 89 33 skall
1071 406 104 35 äfven
1204 407 65 33 den
1296 407 95 32 rätta
1418 401 475 46 uppfattningen
1697 397 20 61 i
1731 401 162 46 afseende

284 468 21 29 å
334 464 67 33 den
428 473 84 33 egnt
540 464 123 42 nyttan
690 461 110 35 varda
827 460 153 44 mäktigt
1006 458 260 35 medverkande
1292 457 55 34 till
1362 457 56 33 det
1435 459 94 31 stora
1545 453 80 36 mål:
1656 454 236 45 upprättande

285 515 39 34 af
362 517 51 31 ett
446 513 165 44 stadgadt
639 509 254 38 fredstillstånd
920 512 127 34 mellan
1075 510 129 42 folken,
1234 519 71 24 som
1331 509 104 43 länge
1462 508 129 43 hägrat
1618 506 54 35 för
1698 505 195 35 mennisko-

284 570 157 32 vännens
467 564 173 43 blickar,;»

425 667 39 34 af
500 665 96 35 Herr
635 665 45 35 E.
723 664 41 35 G.
806 664 169 42 Boström,
1004 664 76 33 med
1108 663 143 34 hvilken
1278 661 138 35 Herrar
1442 661 246 43 Reutersvärd,
1716 660 46 35 N.
1791 659 101 43 Fock,

286 719 36 36 J.
352 719 46 35 N.
428 718 159 35 Boström
614 717 64 34 och
705 716 170 35 Svensson
901 716 157 34 instämt:
1104 713 74 36 »Då
1202 714 64 44 jag
1293 713 29 45 ej
1352 714 137 34 kunnat
1515 713 11 34 i
1554 714 67 34 allo
1650 714 77 34 dela
1756 713 58 34 det
1829 712 65 35 för-

286 772 76 43 slag
388 771 54 34 till
469 770 163 42 tulltaxa,
661 779 69 23 som
759 768 39 34 af
822 767 187 35 Utskottet
1035 766 117 34 blifvit
1178 766 200 43 framlagdt,
1406 763 133 36 tillåter
1563 765 63 44 jag
1652 766 71 43 mig
1749 765 55 33 för
1829 765 66 34 här

290 823 113 34 nedan
431 820 229 45 uppräknade
689 820 150 33 artiklar
866 816 128 37 föreslå
1019 818 261 34 bestämmande
1308 816 39 34 af
1371 817 40 33 de
1438 818 191 41 tullsatser,
1658 829 71 24 som
1744 818 59 34 vid
1819 818 75 34 dem

292 874 113 34 finnas
431 872 155 35 utförda:

533 1027 127 42 Bönor,
689 1026 69 34 alla
786 1025 86 44 slag,
903 1024 30 44 ej
963 1024 244 44 specificerade
1242 1055 70 5 ....
1341 1055 128 6 ......
1503 1026 13 32 I
1549 1025 171 44 kilogram
1779 1028 15 32 1
1826 1029 57 31 öre

538 1130 118 35 Garn:

586 1198 158 44 bomulls,
766 1198 118 34 enkelt
899 1197 84 33 eller
998 1195 208 35 dubbleradt
1223 1192 246 49 (flertrådigt?)

672 1285 12 34 i
710 1284 146 35 härfvor
884 1284 84 33 eller
994 1280 21 36 å
1041 1282 157 35 bobiner:

626 1354 96 43 OfälZ
731 1353 41 34 AA
806 1381 664 8 ooonsessnarsensrrsrsrrsrasssrserer
1208 1349 24 53 er
1241 1349 90 53 erterarr
1344 1349 77 53 barerna
1440 1349 34 53 ee
1506 1350 11 32 1
1552 1349 172 45 kilogram
1756 1351 42 34 19
1828 1353 57 31 öre

623 1405 144 43 färgadt
794 1404 84 34 eller
904 1403 119 44 tryCkt
1044 1431 428 8 ooso.oos0msee
1298 1399 54 53 see
1364 1431 108 8 sees
1507 1402 12 31 1
1553 1401 171 44 kilogram
1754 1404 43 32 33
1828 1405 57 30 öre

540 1508 115 44 Gryn:

591 1575 39 35 af
654 1571 173 48 spanmål;
856 1585 36 23 se
920 1571 165 46 spanmal.

1831 1661 57 32 öre

1829 1712 58 32 öre

588 1661 60 34 ris-
677 1661 64 33 OCh
767 1659 133 44 FISMJÖL
943 1689 530 6 mass
1110 1655 66 52 ss
1188 1655 20 52 se
1221 1655 46 52 ser
1279 1655 53 52 ses
1344 1655 98 52 senses
1508 1658 12 32 1
1554 1658 171 43 kilogram

591 1712 110 34 andra
729 1712 76 43 SlA8
851 1740 621 7 masse
1052 1708 71 51 sense
1144 1708 71 51 ere
1246 1708 52 51 ierer
1307 1708 26 51 sr
1345 1708 20 51 er
1377 1708 100 51 eerennaa
1506 1710 15 31 1
1553 1709 169 43 kilogram

1781 1711 19 32 Nå
1784 1660 15 32 SE

539 1797 129 34 Hudar
695 1797 63 33 och
785 1796 117 34 skinn:

590 1865 30 44 ej
650 1864 200 44 hänförliga
877 1864 51 34 till
957 1864 176 43 pelsverk:

590 2017 166 34 beredda:

594 2085 152 35 sulläder
774 2086 63 34 och
864 2085 237 34 bindsulläder
1126 2088 84 31 samt
1224 2085 250 44 hvitgarfvade

683 2134 214 48 (alunerade)
939 2136 178 36 äfvensom
1152 2137 182 33 sämskade
1362 2137 113 33 hudar

682 2188 61 33 och
774 2188 100 33 skin
945 2220 149 4 ass
1113 2220 59 5 sans
1214 2220 104 4 uno
1348 2220 116 4 vn.
1510 2189 13 32 1
1556 2188 170 43 kilogram
1758 2190 47 33 24
1833 2191 58 31 öre
