1860 2812
70 702 141 23 Luftvärns-

35 737 109 23 materiel
162 745 31 15 m.
207 745 31 16 m,

60 772 39 23 för
116 772 98 23 flottans

96 807 89 30 fartyg.

80 851 119 45 [109.]

257 188 38 30 18
739 186 229 28 Statsutskottets
991 185 148 27 utlåtande
1162 185 48 27 Nr
1232 182 50 30 15.

255 264 123 36 ansett,
402 263 50 30 att
474 261 58 32 det
554 261 128 41 belopp
705 271 41 20 av
769 259 66 32 den
858 258 193 32 beräknade
1071 257 279 32 totalkostnaden
1366 257 53 31 för
1434 255 146 32 berörda
1596 255 163 38 materiel,

256 324 75 21 som
354 313 173 31 återstode
560 314 50 29 att
636 311 127 38 anvisa,
788 311 83 31 eller
892 310 137 38 480,000
1051 309 135 38 kronor,
1209 307 107 32 borde
1339 309 169 40 upptagas
1532 308 19 30 å
1572 307 187 31 riksstaten

255 366 53 32 för
330 364 203 40 budgetåret
557 362 216 32 1927—1928.

309 416 18 30 I
350 415 151 40 enlighet
523 413 78 31 med
624 412 126 41 Kungl.
774 412 117 40 Maj:ts
913 411 129 40 förslag
1064 410 199 31 hemställer
1285 409 169 31 utskottet

578 499 49 29 att
660 496 181 41 riksdagen
876 497 54 29 må
963 495 53 30 till
1039 493 216 41 anskaffning
1278 504 40 20 av
1340 491 345 41 eldledningsmateriel
1700 490 60 41 för

518 549 120 40 flottan
660 547 53 31 för
735 546 202 41 budgetåret
961 544 207 32 1927-1928
1192 543 117 32 anvisa
1332 545 49 29 ett
1404 545 93 29 extra
1519 541 241 32 reservations-

526 599 119 38 anslag
668 609 39 20 av
730 598 137 36 480,000
888 597 134 30 kronor.

310 694 85 39 21:0)
417 692 125 41 Kungl.
577 691 99 40 Maj:t
708 690 62 31 har
802 689 176 41 föreslagit
1010 688 182 40 riksdagen
1226 687 120 41 (punkt
1370 686 70 40 109)
1463 688 50 28 att
1536 685 73 30 dels
1632 685 53 30 för
1707 696 54 19 an-

259 743 169 41 skaffning
461 753 40 20 av
530 740 323 32 luftvärnsmateriel
877 751 41 19 m.
943 751 42 19 m.
1009 739 53 30 för
1084 738 139 31 flottans
1246 737 111 41 fartyg
1379 736 52 31 för
1452 735 204 42 budgetåret
1679 735 79 30 1927

259 794 123 31 -—1928
405 793 119 32 anvisa
546 794 49 30 ett
619 794 94 30 extra
734 790 352 40 reservationsanslag
1108 800 40 20 av
1170 788 137 38 470,000
1329 788 135 37 kronor,

311 845 74 31 dels
419 845 63 30 ock
515 843 164 41 medgiva,
715 845 49 28 att
790 842 52 31 för
866 853 128 19 samma
1017 840 156 31 ändamål
1197 840 54 30 må
1274 839 202 41 disponeras
1500 837 92 31 vissa
1615 847 146 21 reserve-

258 896 80 31 rade
361 895 121 37 medel,
506 894 146 40 tillhopa
675 893 114 38 75,614
811 893 125 30 kronor
959 892 40 30 99
1023 893 66 28 öre.

310 945 239 40 Utredningen
572 944 12 30 i
607 943 141 31 ärendet
770 943 183 30 återfinnes
975 941 11 30 i
1011 939 378 41 statsrådsprotokollet
1413 938 61 31 sid.
1499 937 176 31 238—240.

321 1021 18 32 I
383 1021 164 31 skrivelse
580 1019 145 32 rörande
763 1018 239 41 sjöförsvarets
1040 1015 244 33 medelsbehov
1316 1015 53 31 för
1400 1014 204 41 budgetåret
1638 1013 123 30 1926—

260 1073 79 32 1927
373 1071 205 33 hemställde
602 1069 361 40 marinförvaltningen
987 1079 55 20 om
1066 1066 186 32 anvisande
1275 1077 40 20 av
1338 1065 112 31 medel
1472 1065 52 31 för
1547 1063 216 40 anskaffning

259 1135 40 19 av
321 1121 312 33 luftvärnsartilleri
655 1121 53 31 för
729 1120 93 31 vissa
837 1131 40 19 av
892 1120 140 30 flottans
1048 1119 118 40 fartyg.
1205 1117 123 31 Denna
1342 1115 205 32 hemställan
1563 1113 199 32 föranledde

259 1173 191 31 emellertid
484 1172 73 31 icke
590 1173 113 38 någon
730 1170 251 39 framställning
1003 1169 53 30 till
1083 1168 182 40 riksdagen
1288 1167 73 30 från
1385 1166 125 40 Kungl.
1535 1164 116 40 Maj:ts
1676 1164 83 30 sida.

312 1238 364 40 Marinförvaltningen
710 1237 61 30 har
804 1247 46 20 nu
872 1236 12 30 i
908 1235 146 31 särskild
1078 1234 165 32 skrivelse
1265 1232 146 32 rörande
1434 1231 241 41 sjöförsvarets
1698 1240 64 20 me-

260 1290 188 32 delsbehov
470 1289 52 31 för
544 1288 204 41 budgetåret
772 1286 208 32 1927—1928
1003 1285 121 37 anfört,
1146 1284 104 32 bland
1273 1285 112 35 annat,
1402 1282 159 42 följande.

312 1341 128 31 Kravet
474 1342 19 29 å
524 1338 324 33 luftvärnsmateriel
881 1338 53 31 för
968 1336 157 41 samtliga
1157 1335 12 31 i
1203 1335 236 41 sjöstyrkorna
1461 1332 167 42 ingående
1652 1331 111 42 fartyg

260 1383 206 32 framträdde
489 1384 44 40 på
555 1381 111 42 grund
688 1392 40 20 av
750 1381 213 40 flygvapnets
987 1379 145 40 alltjämt
1147 1377 200 41 fortgående
1363 1376 196 39 utveckling
1574 1374 78 31 med
1670 1374 91 40 varje

260 1428 37 29 år
319 1426 61 30 allt
401 1425 191 40 kraftigare.
638 1424 93 30 Enär
753 1423 131 30 bristen
900 1424 45 39 på
960 1420 323 32 luftvärnsmateriel
1299 1420 52 30 för
1366 1419 140 30 flottans
1522 1418 111 39 fartyg
1648 1416 115 30 kunde

260 1467 153 31 medföra
446 1466 218 41 synnerligen
695 1464 182 41 ödesdigra
899 1463 210 40 verkningar,
1133 1462 108 31 borde
1267 1462 116 38 frågan
1407 1471 54 20 om
1486 1458 215 40 anskaffning
1723 1468 40 20 av

261 1509 106 31 sådan
391 1508 153 31 materiel
567 1508 29 40 ej
621 1508 116 40 längre
760 1506 251 39 undanskjutas
1034 1507 83 28 utan
1144 1515 47 19 nu
1214 1504 169 40 upptagas
1405 1502 12 30 i
1441 1502 54 30 sin
1517 1501 124 30 helhet.

317 1550 243 32 Kostnaderna
592 1550 52 30 för
677 1548 215 40 anskaffning
926 1547 63 31 och
1023 1545 237 42 uppställning
1293 1556 40 19 av
1366 1541 323 33 luftvärnsmateriel
1711 1541 53 30 för

260 1593 140 31 flottans
433 1593 111 40 fartyg
574 1591 105 41 jämte
713 1591 102 30 därav
848 1589 183 40 betingade
1065 1586 306 41 ändringsarbeten
1405 1596 42 20 m.
1472 1596 43 19 m.
1550 1582 213 33 beräknades

262 1637 113 39 uppgå
398 1634 53 31 till
474 1633 225 40 sammanlagt
714 1632 168 38 2,985,000
904 1631 134 30 kronor.
1084 1629 82 31 Med
1189 1629 133 40 hänsyn
1346 1627 52 31 till
1421 1626 107 32 andra
1542 1625 129 40 viktiga
1682 1624 80 31 krav

261 1679 126 38 ansåge
421 1676 52 41 sig
506 1675 191 31 emellertid
731 1672 361 41 marinförvaltningen
1126 1671 74 31 icke
1233 1671 84 30 böra
1349 1670 199 40 ifrågasätta
1582 1670 50 28 att
1655 1666 109 31 under

261 1717 283 33 nästkommande
567 1717 167 40 budgetår
755 1716 53 31 för
831 1715 193 31 ändamålet
1046 1714 33 30 få
1095 1713 185 41 disponera
1296 1713 109 30 större
1422 1711 129 41 belopp
1568 1712 43 28 än
1627 1708 138 38 545,000

261 1762 135 30 kronor.

314 1804 18 30 I
366 1814 41 20 en
429 1802 52 31 uti
505 1802 81 31 1925
609 1803 54 29 års
686 1798 370 43 försvarsproposition
1079 1797 172 41 åberopad
1274 1795 217 42 redogörelse
1514 1795 52 30 för
1588 1792 177 33 beräknin-

261 1857 104 30 garna
397 1844 146 32 rörande
575 1842 338 42 engångskostnader
946 1841 52 31 för
1027 1839 372 40 materielanskaffning
1426 1838 52 31 för
1501 1836 152 32 marinen
1677 1835 89 31 hade

262 1888 177 40 upptagits
472 1887 93 30 vissa
586 1885 257 37 reservationer,
868 1895 74 20 som
966 1885 141 38 avsåges
1130 1884 50 28 att
1202 1884 95 38 tagas
1324 1881 11 30 i
1359 1879 148 42 anspråk
1529 1879 53 30 för
1604 1879 162 39 engångs-

262 1929 187 32 kostnader
481 1929 52 30 för
566 1927 129 31 flottan.
741 1926 114 31 Härav
879 1925 173 32 återstode
1075 1923 252 41 odisponerade
1350 1922 114 38 75,614
1485 1921 127 30 kronor
1634 1920 40 31 99
1698 1921 67 29 öre.

315 1970 366 40 Marinförvaltningen
715 1968 178 41 föresloge,
921 1969 50 29 att
1003 1965 255 42 ifrågavarande
1285 1963 218 32 reserverade
1526 1962 112 31 medel
1661 1963 105 29 måtte

264 2014 32 30 få
318 2013 204 42 disponeras
545 2012 52 31 för
620 2010 216 41 anskaffning
858 2021 40 19 av
920 2007 331 33 luftvärnsmateriel.
1297 2006 134 32 Genom
1454 2007 50 29 att
1527 2005 101 30 dessa
1655 2003 112 31 medel

263 2058 98 39 toges
384 2056 11 30 i
419 2054 156 42 anspråk,
604 2054 110 31 skulle
737 2053 59 31 det
818 2052 138 41 belopp,
981 2062 74 20 som
1078 2050 156 32 behövde
1257 2049 52 31 för
1331 2048 204 41 budgetåret
1559 2046 207 31 1927—1928

264 2109 41 20 av
327 2097 181 41 riksdagen
532 2096 145 37 anvisas,
694 2096 115 40 uppgå
832 2094 52 31 till
900 2094 149 38 (545,000
1061 2112 40 3 —
1115 2093 121 37 75,614:
1251 2092 40 30 99
1303 2090 51 41 —)
1369 2091 136 37 469,385
1521 2090 126 30 kronor
1668 2090 15 28 1
1709 2089 58 29 öre

265 2140 91 37 eller,
380 2140 12 30 i
414 2138 167 32 avrundat
603 2138 57 37 tal,
683 2137 137 38 470,000
842 2137 136 30 kronor.

320 2235 89 38 Över
432 2238 379 41 marinförvaltningens
838 2236 221 32 förevarande
1082 2234 251 41 framställning
1355 2233 61 31 har
1438 2232 162 42 yttrande
1624 2230 145 42 avgivits

266 2304 40 19 av
329 2292 42 31 de
406 2289 211 42 sakkunniga
650 2289 53 31 för
724 2287 251 33 verkställande
999 2298 40 19 av
1061 2285 186 40 utredning
1269 2295 40 20 av
1332 2284 116 41 frågan
1472 2294 54 20 om
1551 2281 218 41 ersättnings-

266 2342 160 42 byggnad
447 2342 53 31 för
531 2341 131 31 flottan.
707 2340 53 30 De
788 2338 211 41 sakkunniga
1020 2337 87 31 hava
1129 2336 121 38 anfört,
1275 2337 50 29 att
1347 2335 52 31 för
1423 2334 41 31 de
1487 2334 119 40 fartyg,
1631 2343 74 20 som
1728 2343 41 19 av

268 2394 42 31 de
345 2391 210 41 sakkunniga
587 2390 189 41 föresloges
810 2389 52 31 till
894 2387 216 43 nybyggnad,
1144 2388 140 39 avsåges
1317 2385 106 32 bland
1456 2385 104 30 annat
1591 2383 179 31 luftvärns-

268 2442 142 33 artilleri
433 2442 64 31 och
521 2440 167 32 särskilda
711 2439 228 40 anordningar
961 2438 53 31 för
1035 2437 186 41 ledningen
1244 2447 39 20 av
1304 2435 100 31 elden
1419 2434 74 31 från
1510 2433 94 31 detta
1619 2432 150 31 artilleri.

269 2494 54 32 Då
345 2493 58 31 det
425 2503 80 20 vore
528 2503 40 19 av
591 2490 175 42 synnerlig
788 2489 72 32 vikt
881 2489 53 31 för
956 2489 173 40 fartygens
1155 2486 110 42 skydd
1288 2487 49 30 att
1359 2485 86 31 hava
1468 2484 142 41 tillgång
1632 2484 44 39 på
1695 2482 76 31 luft-
