1860 2782
275 168 19 30 4
545 168 404 40 Bevillningsutskottets
978 169 218 31 betänkande
1222 180 42 21 nr
1289 170 42 30 30
1357 170 39 31 år
1423 171 84 30 1959

447 253 226 34 (Nuvarande
694 253 148 39 lydelse)

276 337 104 21 mom.
405 329 81 38 äger
509 328 262 31 återbekomma
794 329 55 30 för
872 330 139 39 mycket

277 370 118 40 erlagd
418 371 95 29 skatt
537 371 88 29 skall
648 371 132 30 erhålla
803 372 101 29 ränta
926 371 85 30 därå

277 411 88 31 efter
383 412 71 30 fem
473 415 144 36 procent
635 413 54 29 för
709 413 47 30 år.
775 413 116 30 Sådan
909 414 101 29 ränta

278 454 91 29 skall
397 454 90 30 dock
517 454 74 30 icke
621 455 83 39 utgå
733 455 19 30 å
781 455 125 40 belopp
936 464 74 21 som

277 496 132 30 dödsbo
435 496 12 29 i
474 496 188 40 anledning
689 506 42 20 av
758 497 252 40 skattskyldigs

278 537 165 31 frånfälle
464 538 147 30 befriats
633 538 78 30 från
735 541 51 27 att
808 539 136 40 erlägga
966 540 46 29 el-

277 580 50 29 ler
350 580 20 30 å
393 580 228 40 räntebelopp
646 590 73 20 som
745 580 136 40 påförts
905 581 106 39 enligt

280 622 207 39 stadgandet
509 622 12 29 i
544 622 39 30 27
609 623 14 36 $
647 622 18 30 3
688 632 106 20 mom.
817 625 14 28 I
854 622 61 30 fall
936 632 77 21 var-

279 673 56 21 om
350 665 11 28 i
376 664 39 30 68
432 664 16 37 8
467 665 18 29 3
501 674 103 20 mom.
621 666 75 37 sägs
714 666 88 28 skall
818 666 99 29 ränta
931 665 81 38 utgå

279 706 124 29 endast
420 706 20 29 å
456 706 68 30 den
539 706 54 30 del
609 716 41 20 av
665 706 56 30 det
737 706 54 30 för
808 707 138 39 mycket
962 716 51 21 er-

279 748 102 38 lagda
411 747 173 40 beloppet,
615 758 73 20 som
720 748 88 30 skall
840 749 173 30 utbetalas

278 790 52 28 till
351 790 65 29 den
438 790 264 39 skattskyldige.

326 1042 65 30 Vid
420 1042 195 40 beräkning
642 1062 43 3 —
712 1061 44 3 —-
785 1061 42 3 —
855 1043 160 40 beloppet

280 1084 220 30 återbetalas.

1221 254 225 40 (Föreslagen
1466 255 148 39 lydelse)

1049 339 104 21 mom.
1177 331 80 38 äger
1280 330 262 30 återbekomma
1565 331 54 30 för
1644 332 139 39 mycket

1049 372 118 39 erlagd
1190 372 94 30 skatt
1307 372 88 31 skall
1419 372 134 30 erhålla
1575 374 102 29 ränta
1698 373 86 30 därå

1050 413 88 30 efter
1155 414 71 30 fem
1244 416 143 37 procent
1404 414 55 30 för
1477 414 48 30 år.
1546 415 237 38 Uppkommer

1050 456 110 29 öretal
1181 456 57 29 vid
1261 456 192 39 beräkning
1474 466 43 20 av
1538 456 110 31 sådan
1672 457 111 36 ränta,

1050 498 91 29 skall
1168 498 262 39 räntebeloppet
1456 498 141 39 jämnas
1627 498 52 30 till
1706 499 78 29 när-

1048 541 93 28 mast
1160 539 106 40 högre
1287 540 78 30 hela
1386 540 151 30 krontal.
1558 541 114 29 Ränta
1693 541 91 29 skall

1050 581 89 30 dock
1158 583 34 39 ej
1209 582 91 39 utgå,
1318 591 54 21 om
1391 582 264 39 räntebeloppet
1670 583 113 29 skulle

1051 623 201 41 understiga
1268 623 70 40 fem
1357 624 140 30 kronor.
1514 625 114 30 Ränta
1644 634 74 20 som
1735 633 49 21 nu

1050 667 94 37 sagts
1168 665 91 30 skall
1281 666 74 30 icke
1378 666 110 30 heller
1510 666 84 40 utgå
1617 666 20 30 å
1659 666 125 40 belopp

1051 717 74 20 som
1144 708 132 30 dödsbo
1296 708 11 30 i
1326 708 189 39 anledning
1534 718 43 20 av
1595 709 190 39 skattskyl-

1052 749 75 40 digs
1164 749 165 31 frånfälle
1367 750 146 30 befriats
1551 750 80 30 från
1658 752 50 28 att
1735 759 51 21 er-

1051 792 99 39 lägga
1169 792 83 30 eller
1271 792 20 30 å
1308 792 227 40 räntebelopp
1555 801 74 21 som
1650 792 134 39 påförts

1052 834 106 39 enligt
1177 834 206 39 stadgandet
1402 834 12 29 i
1432 834 39 30 27
1501 834 8 37 8
1529 834 18 30 3
1566 843 105 21 mom.
1691 835 13 29 I
1723 834 61 30 fall

1051 884 119 21 varom
1189 875 11 30 i
1218 875 41 30 68
1279 876 16 37 8
1314 875 18 30 3
1350 885 105 20 mom.
1476 876 78 39 sägs
1574 876 89 30 skall
1682 877 101 29 ränta

1054 917 83 39 utgå
1154 918 124 30 endast
1295 918 20 30 å
1331 918 68 30 den
1416 918 54 30 del
1488 927 42 20 av
1548 918 57 30 det
1622 918 56 30 för
1694 927 93 30 myc-

1054 960 59 29 ket
1141 960 141 39 erlagda
1309 960 171 39 beloppet,
1511 969 75 21 som
1616 960 89 30 skall
1736 962 52 27 ut-

1053 1002 132 29 betalas
1212 1001 52 30 till
1291 1002 67 30 den
1385 1002 266 40 skattskyldige.

1098 1043 65 30 Vid
1187 1043 194 40 beräkning
1413 1062 44 3 —
1488 1062 44 3 —
1563 1062 44 3 —
1627 1044 161 39 beloppet

1054 1085 217 31 återbetalas.

327 1269 123 29 Denna
473 1268 206 41 förordning
700 1270 118 30 träder
840 1270 11 29 i
873 1270 95 30 kraft
990 1270 67 30 den
1083 1271 14 29 1
1122 1270 66 40 juli
1213 1270 93 35 1959,
1330 1270 88 30 dock
1441 1272 50 28 att
1514 1270 271 41 förordningens

284 1310 264 31 bestämmelser
576 1312 97 29 skola
699 1312 92 39 gälla
817 1312 107 29 redan
952 1312 249 31 dessförinnan
1228 1313 11 29 i
1266 1313 169 29 avseende
1463 1312 20 30 å
1510 1312 172 40 åtgärder,
1711 1321 74 22 som

286 1353 177 30 erfordras
491 1353 55 30 för
572 1353 270 40 förordningens
868 1354 224 40 tillämpning
1118 1355 87 29 efter
1231 1354 308 31 ikraftträdandet.

328 1453 161 30 Rörande
517 1454 252 39 motiveringen
794 1454 55 30 för
876 1454 56 30 det
958 1455 11 29 i
996 1455 263 40 propositionen
1285 1455 196 40 framlagda
1507 1455 168 40 förslaget
1701 1456 86 30 hän-

282 1504 93 29 visar
404 1504 172 30 utskottet
603 1504 50 30 till
681 1505 248 30 ovannämnda
957 1505 358 40 statsrådsprotokoll.
1345 1506 256 39 Redogörelsen
1628 1507 159 29 härutin-

1077 1556 9 9 so

283 1563 70 21 nan
375 1555 175 30 återfinns
574 1555 110 30 under
706 1555 158 40 följande
888 1556 161 30 rubriker
1073 1566 19 20 å
1115 1556 114 30 nedan
1253 1557 151 40 angivna
1427 1556 95 31 sidor
1544 1557 12 30 i
1579 1557 209 40 propositio-

284 1614 78 27 nen,
387 1605 180 40 nämligen

327 1656 24 29 I.
377 1656 305 40 Uppbördsfrågor
700 1657 57 30 vid
775 1657 68 30 den
860 1657 140 40 statliga
1017 1657 468 40 personalpensioneringen,
1504 1666 26 21 s.
1550 1658 29 29 6.

328 1707 195 39 Inledning,
547 1717 26 20 s.
596 1707 29 29 6.

327 1758 211 30 Preliminär
554 1758 139 30 A-skatt
709 1759 54 30 för
781 1759 234 39 folkpension,
1033 1769 25 20 s.
1075 1759 96 31 6—38.

328 1809 253 39 Skatteavdrag
601 1809 55 29 för
674 1809 233 30 kvarstående
928 1810 105 34 skatt,
1055 1819 25 21 s.
1103 1809 117 30 8—10.

327 1859 145 40 Uppgift
496 1869 58 20 om
575 1860 214 30 verkställda
813 1860 255 40 skatteavdrag,
1093 1870 25 20 s.
1144 1861 138 29 10—12.

328 1910 40 29 II.
394 1910 240 38 Restavgiften
655 1919 44 22 m.
722 1920 57 25 m.,
801 1919 25 21 s.
851 1911 49 29 12.

327 1961 198 29 Förenklad
551 1961 193 39 beräkning
767 1970 43 21 av
832 1962 192 39 restavgift,
1049 1971 25 20 s.
1101 1961 136 30 12—16.

327 2011 199 30 Förenklad
551 2012 194 40 beräkning
769 2021 41 21 av
835 2012 334 34 restitutionsränta,
1195 2022 25 20 s.
1248 2012 137 30 16—18.

328 2063 139 29 Räntan
494 2062 45 40 på
566 2062 273 40 överskjutande
867 2063 103 34 skatt,
999 2072 25 21 s.

1055 2062 137 30 18—19.

327 2113 57 29 III.
408 2113 416 39 Departementschefens
849 2113 222 34 hemställan,
1097 2122 25 21 s.
1149 2113 50 30 19.

327 2274 183 30 Utskottet.
537 2275 185 34 Utskottet,
750 2284 74 21 som
851 2275 75 29 icke
952 2275 120 29 funnit
1098 2274 188 40 anledning
1312 2275 50 29 till
1389 2275 141 29 erinran
1557 2276 73 28 mot
1656 2274 126 40 Kungl.

284 2324 123 40 Maj:ts
427 2324 142 40 förslag,
590 2325 53 29 får
661 2325 197 34 hemställa,

639 2377 49 28 att
716 2376 188 38 riksdagen
931 2376 79 29 med
1038 2375 99 30 bifall
1165 2375 51 30 till
1246 2376 125 38 Kungl.
1400 2375 124 39 Maj:ts
1553 2375 230 30 förevarande

595 2426 217 39 proposition
841 2435 41 19 nr
910 2425 40 30 63
978 2425 109 30 måtte
1116 2427 125 38 antaga
1270 2426 56 29 det
1354 2425 56 30 vid
1439 2426 264 38 propositionen
1732 2425 51 30 fo-
