2195 2695
404 230 45 35 10
946 229 223 42 Lagutskottets
1197 230 162 34 Utlåtande
1381 230 63 32 N:o
1467 233 50 33 15.

535 313 75 37 Vid
649 313 110 37 sidan
801 313 41 37 af
878 313 125 36 denna
1044 314 195 49 synpunkt
1273 314 42 37 af
1344 313 217 38 individens
1588 319 76 32 rätt
1692 319 55 32 att
1774 314 12 36 i
1813 317 197 37 trossaker

400 378 92 24 vara
514 364 55 38 fri
596 364 88 37 från
710 364 75 38 alla
811 364 212 50 tvingande
1051 365 103 37 band
1183 365 71 37 och
1281 366 12 36 i
1320 365 174 49 religiöst
1521 365 220 37 hänseende
1761 366 126 50 slippa
1905 368 105 49 gälla

400 417 61 37 för
488 422 117 32 annat
633 416 93 37 eller
753 429 81 24 mer
863 421 46 32 än
938 416 76 37 han
1041 417 201 49 verkligen
1271 423 52 41 är,
1352 417 69 37 har
1448 431 90 23 man
1566 417 71 37 ock
1666 422 54 32 att
1748 418 10 36 i
1782 418 121 38 likhet
1922 420 87 36 med

401 467 238 38 motionären
667 467 65 37 vid
762 469 93 35 1877
887 471 60 33 års
975 468 159 50 riksdag
1163 468 112 37 ställa
1303 481 46 24 en
1377 468 83 37 icke
1489 468 149 37 mindre
1656 468 127 51 vigtig
1802 471 206 49 synpunkt,

402 520 196 48 nemligen
626 519 246 50 synpunkten
902 519 42 37 af
967 519 170 50 kyrkans
1165 520 11 36 1
1205 520 89 37 dess
1323 520 199 49 egenskap
1552 520 42 37 af
1610 521 179 37 samfund
1808 522 199 48 grundade

400 576 76 32 rätt
516 576 56 32 att
610 584 92 24 vara
736 570 56 37 till
821 571 72 37 och
921 571 162 37 sålunda
1110 572 114 36 äfven
1253 571 88 37 dess
1369 576 76 48 rätt
1473 576 56 32 att
1554 577 120 31 värna
1703 572 59 49 sig
1789 572 59 38 för
1874 573 134 37 fiendt-

399 622 81 51 liga
508 635 173 37 angrepp
706 622 84 37 från
820 623 88 36 dess
938 636 100 36 egna
1066 623 259 37 medlemmar.
1381 626 55 34 År
1463 623 148 49 kyrkan
1641 628 54 32 ett
1714 624 191 48 samfund,
1927 638 79 24 som

400 674 59 37 för
498 674 65 37 sitt
603 674 163 37 bestånd
794 674 156 36 kräfver
978 674 116 37 enhet
1121 675 11 35 i
1160 674 262 50 öfvertygelse
1451 674 72 38 och
1550 674 298 50 handlingssätt,
1878 676 130 36 äfven-

400 739 82 22 som
520 731 54 30 ett
612 725 223 35 utveckladt
863 725 163 47 kraftigt
1054 726 72 40 och
1149 726 294 36 sammanslutet
1470 725 306 48 församlingslif,
1805 727 110 36 torde
1944 727 63 35 det

399 775 117 37 äfven
555 788 92 24 vara
685 775 146 37 hennes
873 775 252 49 obestridliga
1163 781 76 32 rätt
1280 780 55 32 att
1362 775 39 38 få
1428 776 85 36 från
1541 775 60 37 sin
1627 776 239 50 gemenskap
1895 776 112 49 skilja

400 827 101 37 olika
541 826 206 47 tänkande,
789 826 130 37 hvilka
947 826 68 37 till
1058 828 197 49 äfventyrs
1293 828 103 36 finna
1438 827 61 49 sig
1526 827 162 37 manade
1717 833 55 31 att
1800 828 88 37 med
1922 828 86 37 hela

399 878 160 49 styrkan
592 878 42 37 af
664 890 48 24 en
745 877 179 37 lefvande
948 878 260 49 öfvertygelse
1238 878 131 37 arbeta
1396 882 49 46 på
1472 879 146 36 hennes
1647 879 239 49 undergång.
1940 882 68 34 Att

399 942 197 36 personer,
641 942 94 34 som,
772 932 49 45 på
860 933 76 32 sätt
978 929 268 37 erfarenheten
1274 930 84 36 från
1391 934 153 32 senaste
1571 929 100 37 tider
1698 930 114 47 visar,
1841 930 128 49 dragit
1996 931 8 35 i

399 986 127 43 öppen
564 980 147 36 härnad
750 987 79 29 mot
866 983 67 34 vår
971 980 134 49 kyrka,
1143 981 238 37 fortfarande
1424 980 108 37 skola
1570 981 140 37 räknas
1745 980 58 37 till
1835 981 171 50 kyrkans

398 1031 261 46 medlemmar,
703 1044 114 37 synes
860 1031 189 37 utskottet
1088 1045 93 23 vara
1222 1037 55 32 ett
1311 1031 346 48 missförhållande,
1686 1046 83 23 som
1797 1032 12 36 i
1835 1033 170 49 kyrkans

398 1083 72 37 och
498 1088 148 31 statens
674 1082 164 37 intresse
868 1083 68 36 bör
962 1083 273 49 undanrödjas.
1278 1083 141 37 Vidare
1438 1083 173 37 kommer
1630 1083 92 37 häri
1739 1084 266 46 betraktande,

398 1139 66 41 att,
494 1137 125 33 såsom
644 1134 144 48 jemväl
816 1134 92 36 flera
940 1137 148 46 gånger
1116 1134 242 48 framhållits,
1387 1138 67 33 vår
1480 1134 76 36 tids
1584 1135 196 36 skiftande
1807 1135 199 49 mångfald

398 1185 42 37 af
472 1184 185 37 trosläror
689 1185 71 36 har
788 1190 55 31 att
876 1185 184 36 framvisa
1087 1199 81 23 mer
1196 1191 47 31 än
1272 1199 47 23 en
1347 1185 106 49 dylik
1480 1185 92 48 lära,
1601 1186 114 37 hvars
1740 1186 265 36 beskaffenhet

398 1241 55 30 att
480 1248 92 24 vara
599 1235 147 36 kristen
770 1235 93 37 eller
890 1235 83 37 icke
1000 1236 77 36 kan
1105 1249 91 24 vara
1218 1236 136 37 tvifvel
1381 1236 274 48 underkastad,
1680 1237 71 37 och
1778 1236 63 37 vid
1870 1237 136 36 sådant

397 1286 242 37 förhållande
677 1287 109 36 torde
820 1286 65 37 det
919 1290 166 45 mången
1112 1290 106 46 gång
1246 1301 92 23 vara
1366 1301 47 23 en
1440 1287 181 49 vansklig
1648 1288 69 36 sak
1744 1287 59 37 för
1832 1301 47 23 en
1907 1301 99 24 sam-

397 1342 210 44 vetsgrann
636 1337 244 49 själasörjare
910 1343 55 31 att
992 1338 98 37 efter
1117 1343 65 42 ett,
1211 1338 53 37 låt
1291 1352 92 23 vara
1403 1338 115 37 äfven
1537 1338 212 50 grundligt,
1769 1339 130 36 förhör
1918 1339 87 37 med

398 1389 74 36 den
511 1388 428 49 församlingsmedlem,
978 1402 81 23 som
1097 1389 143 37 anmält
1273 1390 62 48 sig
1366 1389 93 49 vilja
1491 1390 154 36 utträda
1672 1403 45 22 ur
1745 1390 259 48 statskyrkan,

398 1439 147 49 afgöra,
589 1453 60 23 om
691 1439 74 37 den
802 1439 92 47 lära,
923 1440 125 36 denne
1077 1445 114 44 säger
1218 1440 61 49 sig
1306 1441 118 36 hafva
1451 1440 189 47 omfattat,
1668 1441 77 36 kan
1773 1454 113 23 anses
1913 1454 90 23 vara

397 1491 146 36 kristen
585 1490 71 37 och
695 1491 65 36 det
796 1490 173 49 begärda
1007 1491 169 37 utträdet
1215 1491 161 37 sålunda
1404 1491 121 49 enligt
1551 1505 51 22 nu
1630 1491 180 49 gällande
1838 1492 166 36 bestäm-

397 1541 140 37 melser
578 1545 62 33 må
677 1541 174 49 beviljas.
905 1542 88 36 Med
1034 1543 69 48 fog
1137 1542 109 37 torde
1289 1543 113 36 äfven
1435 1542 131 37 kunna
1599 1547 121 32 sättas
1753 1542 11 36 i
1791 1543 122 48 fråga,
1943 1556 61 23 om

397 1592 149 49 kyrkan
586 1593 75 35 kan
701 1595 49 46 på
792 1595 119 46 något
950 1606 106 23 mera
1094 1593 196 37 verksamt
1318 1599 77 31 sätt
1422 1593 89 37 öfva
1537 1593 210 50 inflytande
1774 1597 50 45 på
1851 1594 87 36 dem
1967 1594 41 36 af

398 1643 89 37 dess
516 1642 260 47 medlemmar,
806 1657 81 23 som
915 1644 12 35 i
955 1644 58 36 sin
1037 1643 181 49 religiösa
1241 1643 250 50 uppfattning
1516 1644 89 36 stält
1631 1643 60 50 sig
1715 1649 105 32 utom
1841 1644 164 37 kristen-

399 1694 161 36 domens
599 1694 201 37 råmärken
841 1694 93 37 eller
973 1694 57 37 till
1072 1695 70 36 och
1170 1695 88 37 med
1287 1695 163 37 afsvurit
1478 1694 50 37 all
1555 1695 175 49 religion,
1760 1708 88 23 men
1875 1694 129 38 hvilka

398 1751 79 30 mot
520 1744 58 37 sin
616 1744 91 49 vilja
747 1744 122 37 hållas
910 1759 93 35 qvar
1034 1746 100 36 inom
1162 1746 170 49 kyrkans
1359 1759 130 24 murar
1516 1746 72 37 och
1615 1746 162 36 sålunda
1799 1746 204 49 påtvingas

399 1801 54 31 ett
480 1795 97 37 visst
604 1796 96 36 sken
729 1796 42 36 af
794 1796 238 49 religiositet,
1062 1810 81 23 som
1172 1797 47 36 de
1247 1797 12 36 i
1287 1797 139 49 sjelfva
1453 1797 134 36 verket
1614 1800 122 33 måste
1763 1797 163 37 förakta.

531 1847 124 36 Anser
689 1847 61 48 sig
782 1847 189 36 utskottet
998 1847 162 37 sålunda
1187 1848 92 36 böra
1306 1847 194 50 tillstyrka
1527 1847 303 37 motionärernas
1858 1847 147 50 förslag

397 1896 10 36 i
438 1896 110 50 fråga
576 1911 60 22 om
661 1897 188 49 utvidgad
872 1903 76 32 rätt
976 1903 55 31 att
1058 1899 153 36 utträda
1241 1912 42 23 ur
1312 1898 260 51 statskyrkan,
1600 1898 76 37 kan
1703 1899 189 36 utskottet
1920 1899 84 36 der-

398 1953 102 31 emot
531 1948 84 37 icke
650 1948 155 37 förorda
832 1949 108 36 bifall
969 1949 57 36 till
1055 1950 101 36 hvad
1184 1950 88 36 herr
1299 1952 144 34 Ekman
1470 1950 186 48 derjemte
1682 1949 212 50 föreslagit,
1911 1949 93 37 eller

398 2003 55 31 att
480 1999 170 37 utträdet
673 2013 44 23 ur
746 2000 248 49 statskyrkan
1021 2000 84 37 icke
1135 2001 122 36 skulle
1286 2001 174 36 medföra
1488 2004 128 45 någon
1641 2014 80 23 som
1746 2001 101 36 helst
1865 2001 139 36 förlust

398 2049 41 36 af
464 2050 46 36 de
539 2050 313 49 medborgerliga
879 2051 241 49 rättigheter,
1150 2065 81 23 som
1260 2052 74 36 den
1362 2052 230 36 utträdande
1621 2052 67 36 der
1708 2052 103 36 förut
1839 2051 162 49 åtnjutit.

531 2102 17 35 I
584 2103 45 34 14
663 2099 20 49 $
718 2102 42 36 af
789 2102 74 36 den
896 2102 240 49 förordning,
1170 2103 157 36 hvarom
1362 2103 69 36 här
1459 2108 40 31 är
1526 2102 122 49 fråga,
1677 2108 40 31 är
1745 2103 257 45 föreskrifvet,

398 2155 54 32 att
486 2153 87 35 med
607 2152 47 37 de
688 2153 199 48 undantag
915 2153 71 37 och
1014 2153 335 49 inskränkningar,
1379 2167 81 24 som
1489 2153 42 37 af
1550 2153 195 50 grundlag
1772 2153 93 37 eller
1893 2153 110 49 eljest

395 2202 181 48 gällande
618 2204 230 49 författning
888 2204 231 47 föranledas,
1162 2204 267 50 skiljaktighet
1464 2205 12 35 i
1512 2205 145 36 kristen
1686 2204 315 37 trosbekännelse

396 2253 84 36 icke
509 2254 99 36 skall
636 2254 172 37 medföra
832 2258 127 45 någon
985 2255 143 37 olikhet
1156 2256 10 35 i
1195 2256 165 36 svenska
1389 2255 273 49 medborgares
1685 2256 228 48 rättigheter
1932 2255 71 36 och

398 2303 276 51 skyldigheter,
717 2306 70 36 och
829 2306 47 36 då
913 2306 64 36 det
1015 2306 83 37 icke
1136 2306 232 37 tillkommer
1406 2306 188 37 utskottet
1634 2312 54 31 att
1728 2306 53 36 till
1821 2305 182 50 pröfning

1170 2366 9 12 Xx
