<?xml version="1.0" encoding="UTF-8"?>
<alto xmlns="http://www.loc.gov/standards/alto/ns-v3#" xmlns:xlink="http://www.w3.org/1999/xlink" xmlns:xsi="http://www.w3.org/2001/XMLSchema-instance" xsi:schemaLocation="http://www.loc.gov/standards/alto/ns-v3# http://www.loc.gov/alto/v3/alto-3-0.xsd">
	<Description>
		<MeasurementUnit>pixel</MeasurementUnit>
		<sourceImageInformation>
			<fileName>/tmp/tess_flrgptza_input.PNG</fileName>
		</sourceImageInformation>
		<OCRProcessing ID="OCR_0">
			<ocrProcessingStep>
				<processingSoftware>
					<softwareName>tesseract 5.3.0</softwareName>
				</processingSoftware>
			</ocrProcessingStep>
		</OCRProcessing>
	</Description>
	<Layout>
		<Page WIDTH="2212" HEIGHT="2683" PHYSICAL_IMG_NR="0" ID="page_0">
			<PrintSpace HPOS="0" VPOS="0" WIDTH="2212" HEIGHT="2683">
				<ComposedBlock ID="cblock_0" HPOS="206" VPOS="1541" WIDTH="204" HEIGHT="128">
					<TextBlock ID="block_0" HPOS="211" VPOS="1541" WIDTH="199" HEIGHT="23">
						<TextLine ID="line_0" HPOS="211" VPOS="1541" WIDTH="199" HEIGHT="23">
							<String ID="string_0" HPOS="211" VPOS="1541" WIDTH="199" HEIGHT="23" WC="0.91" CONTENT="Kammarkolle-"/>
						</TextLine>
					</TextBlock>
					<TextBlock ID="block_1" HPOS="206" VPOS="1576" WIDTH="203" HEIGHT="30">
						<TextLine ID="line_1" HPOS="206" VPOS="1576" WIDTH="203" HEIGHT="30">
							<String ID="string_1" HPOS="206" VPOS="1577" WIDTH="65" HEIGHT="29" WC="0.91" CONTENT="giets"/><SP WIDTH="19" VPOS="1577" HPOS="271"/>
							<String ID="string_2" HPOS="290" VPOS="1576" WIDTH="119" HEIGHT="29" WC="0.39" CONTENT="yttrande"/>
						</TextLine>
					</TextBlock>
					<TextBlock ID="block_2" HPOS="218" VPOS="1611" WIDTH="184" HEIGHT="58">
						<TextLine ID="line_2" HPOS="218" VPOS="1611" WIDTH="184" HEIGHT="23">
							<String ID="string_3" HPOS="218" VPOS="1611" WIDTH="46" HEIGHT="23" WC="0.96" CONTENT="den"/><SP WIDTH="22" VPOS="1611" HPOS="264"/>
							<String ID="string_4" HPOS="286" VPOS="1612" WIDTH="30" HEIGHT="22" WC="0.96" CONTENT="22"/><SP WIDTH="21" VPOS="1612" HPOS="316"/>
							<String ID="string_5" HPOS="337" VPOS="1618" WIDTH="65" HEIGHT="16" WC="0.96" CONTENT="mars"/>
						</TextLine>
						<TextLine ID="line_3" HPOS="274" VPOS="1643" WIDTH="74" HEIGHT="26">
							<String ID="string_6" HPOS="274" VPOS="1643" WIDTH="74" HEIGHT="26" WC="0.96" CONTENT="1906."/>
						</TextLine>
					</TextBlock>
				</ComposedBlock>
				<ComposedBlock ID="cblock_1" HPOS="485" VPOS="225" WIDTH="1089" HEIGHT="36">
					<TextBlock ID="block_3" HPOS="485" VPOS="225" WIDTH="1089" HEIGHT="36">
						<TextLine ID="line_4" HPOS="485" VPOS="225" WIDTH="1089" HEIGHT="36">
							<String ID="string_7" HPOS="485" VPOS="228" WIDTH="45" HEIGHT="33" WC="0.96" CONTENT="28"/><SP WIDTH="383" VPOS="228" HPOS="530"/>
							<String ID="string_8" HPOS="913" VPOS="225" WIDTH="259" HEIGHT="33" WC="0.88" CONTENT="Statsutskottets"/><SP WIDTH="33" VPOS="225" HPOS="1172"/>
							<String ID="string_9" HPOS="1205" VPOS="225" WIDTH="176" HEIGHT="34" WC="0.96" CONTENT="Utlåtande"/><SP WIDTH="27" VPOS="225" HPOS="1381"/>
							<String ID="string_10" HPOS="1408" VPOS="225" WIDTH="65" HEIGHT="32" WC="0.94" CONTENT="N:o"/><SP WIDTH="31" VPOS="225" HPOS="1473"/>
							<String ID="string_11" HPOS="1504" VPOS="226" WIDTH="70" HEIGHT="31" WC="0.95" CONTENT="107."/>
						</TextLine>
					</TextBlock>
				</ComposedBlock>
				<ComposedBlock ID="cblock_2" HPOS="425" VPOS="306" WIDTH="1597" HEIGHT="2161">
					<TextBlock ID="block_4" HPOS="429" VPOS="306" WIDTH="1593" HEIGHT="1060">
						<TextLine ID="line_5" HPOS="432" VPOS="306" WIDTH="1589" HEIGHT="55">
							<String ID="string_12" HPOS="432" VPOS="312" WIDTH="102" HEIGHT="38" WC="0.93" CONTENT="förra"/><SP WIDTH="39" VPOS="312" HPOS="534"/>
							<String ID="string_13" HPOS="573" VPOS="308" WIDTH="532" HEIGHT="53" WC="0.90" CONTENT="regementsväbelsbostället"/><SP WIDTH="41" VPOS="308" HPOS="1105"/>
							<String ID="string_14" HPOS="1146" VPOS="308" WIDTH="105" HEIGHT="51" WC="0.90" CONTENT="Sylte"/><SP WIDTH="42" VPOS="308" HPOS="1251"/>
							<String ID="string_15" HPOS="1293" VPOS="322" WIDTH="58" HEIGHT="23" WC="0.91" CONTENT="n:r"/><SP WIDTH="41" VPOS="322" HPOS="1351"/>
							<String ID="string_16" HPOS="1392" VPOS="310" WIDTH="21" HEIGHT="35" WC="0.92" CONTENT="3"/><SP WIDTH="42" VPOS="310" HPOS="1413"/>
							<String ID="string_17" HPOS="1455" VPOS="306" WIDTH="267" HEIGHT="51" WC="0.91" CONTENT="kronogården"/><SP WIDTH="34" VPOS="306" HPOS="1722"/>
							<String ID="string_18" HPOS="1756" VPOS="311" WIDTH="97" HEIGHT="33" WC="0.93" CONTENT="samt"/><SP WIDTH="27" VPOS="311" HPOS="1853"/>
							<String ID="string_19" HPOS="1880" VPOS="306" WIDTH="141" HEIGHT="37" WC="0.92" CONTENT="krono-"/>
						</TextLine>
						<TextLine ID="line_6" HPOS="433" VPOS="360" WIDTH="1589" HEIGHT="55">
							<String ID="string_20" HPOS="433" VPOS="365" WIDTH="233" HEIGHT="50" WC="0.93" CONTENT="lägenheten"/><SP WIDTH="27" VPOS="365" HPOS="666"/>
							<String ID="string_21" HPOS="693" VPOS="367" WIDTH="98" HEIGHT="34" WC="0.91" CONTENT="»åtta"/><SP WIDTH="27" VPOS="367" HPOS="791"/>
							<String ID="string_22" HPOS="818" VPOS="362" WIDTH="147" HEIGHT="38" WC="0.96" CONTENT="holmar"/><SP WIDTH="28" VPOS="362" HPOS="965"/>
							<String ID="string_23" HPOS="993" VPOS="363" WIDTH="12" HEIGHT="37" WC="0.96" CONTENT="i"/><SP WIDTH="29" VPOS="363" HPOS="1005"/>
							<String ID="string_24" HPOS="1034" VPOS="362" WIDTH="100" HEIGHT="38" WC="0.93" CONTENT="Göta"/><SP WIDTH="28" VPOS="362" HPOS="1134"/>
							<String ID="string_25" HPOS="1162" VPOS="362" WIDTH="84" HEIGHT="48" WC="0.67" CONTENT="älf»,"/><SP WIDTH="29" VPOS="362" HPOS="1246"/>
							<String ID="string_26" HPOS="1275" VPOS="362" WIDTH="68" HEIGHT="37" WC="0.96" CONTENT="har"/><SP WIDTH="19" VPOS="362" HPOS="1343"/>
							<String ID="string_27" HPOS="1362" VPOS="360" WIDTH="191" HEIGHT="39" WC="0.96" CONTENT="meddelat"/><SP WIDTH="19" VPOS="360" HPOS="1553"/>
							<String ID="string_28" HPOS="1572" VPOS="360" WIDTH="179" HEIGHT="50" WC="0.93" CONTENT="följande."/><SP WIDTH="43" VPOS="360" HPOS="1751"/>
							<String ID="string_29" HPOS="1794" VPOS="360" WIDTH="228" HEIGHT="37" WC="0.90" CONTENT="Hemmanet"/>
						</TextLine>
						<TextLine ID="line_7" HPOS="435" VPOS="412" WIDTH="1585" HEIGHT="53">
							<String ID="string_30" HPOS="435" VPOS="418" WIDTH="243" HEIGHT="38" WC="0.92" CONTENT="Stallbacken"/><SP WIDTH="46" VPOS="418" HPOS="678"/>
							<String ID="string_31" HPOS="724" VPOS="431" WIDTH="58" HEIGHT="23" WC="0.90" CONTENT="n:r"/><SP WIDTH="44" VPOS="431" HPOS="782"/>
							<String ID="string_32" HPOS="826" VPOS="419" WIDTH="16" HEIGHT="35" WC="0.96" CONTENT="1"/><SP WIDTH="32" VPOS="419" HPOS="842"/>
							<String ID="string_33" HPOS="874" VPOS="429" WIDTH="90" HEIGHT="25" WC="0.95" CONTENT="vore"/><SP WIDTH="40" VPOS="429" HPOS="964"/>
							<String ID="string_34" HPOS="1004" VPOS="429" WIDTH="139" HEIGHT="36" WC="0.96" CONTENT="genom"/><SP WIDTH="37" VPOS="429" HPOS="1143"/>
							<String ID="string_35" HPOS="1180" VPOS="415" WIDTH="210" HEIGHT="50" WC="0.95" CONTENT="styrelsens"/><SP WIDTH="29" VPOS="415" HPOS="1390"/>
							<String ID="string_36" HPOS="1419" VPOS="414" WIDTH="181" HEIGHT="37" WC="0.96" CONTENT="kontrakt"/><SP WIDTH="29" VPOS="414" HPOS="1600"/>
							<String ID="string_37" HPOS="1629" VPOS="414" WIDTH="73" HEIGHT="37" WC="0.96" CONTENT="den"/><SP WIDTH="31" VPOS="414" HPOS="1702"/>
							<String ID="string_38" HPOS="1733" VPOS="415" WIDTH="45" HEIGHT="36" WC="0.96" CONTENT="10"/><SP WIDTH="30" VPOS="415" HPOS="1778"/>
							<String ID="string_39" HPOS="1808" VPOS="412" WIDTH="212" HEIGHT="51" WC="0.96" CONTENT="september"/>
						</TextLine>
						<TextLine ID="line_8" HPOS="435" VPOS="466" WIDTH="1585" HEIGHT="54">
							<String ID="string_40" HPOS="435" VPOS="473" WIDTH="97" HEIGHT="36" WC="0.96" CONTENT="1886"/><SP WIDTH="30" VPOS="473" HPOS="532"/>
							<String ID="string_41" HPOS="562" VPOS="470" WIDTH="70" HEIGHT="38" WC="0.91" CONTENT="och"/><SP WIDTH="40" VPOS="470" HPOS="632"/>
							<String ID="string_42" HPOS="672" VPOS="469" WIDTH="403" HEIGHT="51" WC="0.87" CONTENT="transportresolution"/><SP WIDTH="42" VPOS="469" HPOS="1075"/>
							<String ID="string_43" HPOS="1117" VPOS="468" WIDTH="72" HEIGHT="38" WC="0.96" CONTENT="den"/><SP WIDTH="43" VPOS="468" HPOS="1189"/>
							<String ID="string_44" HPOS="1232" VPOS="469" WIDTH="47" HEIGHT="36" WC="0.96" CONTENT="25"/><SP WIDTH="43" VPOS="469" HPOS="1279"/>
							<String ID="string_45" HPOS="1322" VPOS="467" WIDTH="217" HEIGHT="50" WC="0.96" CONTENT="september"/><SP WIDTH="50" VPOS="467" HPOS="1539"/>
							<String ID="string_46" HPOS="1589" VPOS="468" WIDTH="98" HEIGHT="37" WC="0.96" CONTENT="1903"/><SP WIDTH="41" VPOS="468" HPOS="1687"/>
							<String ID="string_47" HPOS="1728" VPOS="467" WIDTH="60" HEIGHT="37" WC="0.96" CONTENT="för"/><SP WIDTH="40" VPOS="467" HPOS="1788"/>
							<String ID="string_48" HPOS="1828" VPOS="466" WIDTH="106" HEIGHT="37" WC="0.95" CONTENT="tiden"/><SP WIDTH="27" VPOS="466" HPOS="1934"/>
							<String ID="string_49" HPOS="1961" VPOS="466" WIDTH="59" HEIGHT="36" WC="0.96" CONTENT="till"/>
						</TextLine>
						<TextLine ID="line_9" HPOS="432" VPOS="519" WIDTH="1588" HEIGHT="51">
							<String ID="string_50" HPOS="432" VPOS="525" WIDTH="73" HEIGHT="37" WC="0.96" CONTENT="den"/><SP WIDTH="32" VPOS="525" HPOS="505"/>
							<String ID="string_51" HPOS="537" VPOS="526" WIDTH="46" HEIGHT="35" WC="0.96" CONTENT="14"/><SP WIDTH="28" VPOS="526" HPOS="583"/>
							<String ID="string_52" HPOS="611" VPOS="537" WIDTH="99" HEIGHT="24" WC="0.84" CONTENT="mars"/><SP WIDTH="36" VPOS="537" HPOS="710"/>
							<String ID="string_53" HPOS="746" VPOS="525" WIDTH="94" HEIGHT="36" WC="0.92" CONTENT="1907"/><SP WIDTH="32" VPOS="525" HPOS="840"/>
							<String ID="string_54" HPOS="872" VPOS="521" WIDTH="290" HEIGHT="39" WC="0.91" CONTENT="utarrenderadt"/><SP WIDTH="27" VPOS="521" HPOS="1162"/>
							<String ID="string_55" HPOS="1189" VPOS="524" WIDTH="37" HEIGHT="35" WC="0.93" CONTENT="åt"/><SP WIDTH="27" VPOS="524" HPOS="1226"/>
							<String ID="string_56" HPOS="1253" VPOS="521" WIDTH="41" HEIGHT="37" WC="0.89" CONTENT="F."/><SP WIDTH="30" VPOS="521" HPOS="1294"/>
							<String ID="string_57" HPOS="1324" VPOS="521" WIDTH="57" HEIGHT="37" WC="0.92" CONTENT="W."/><SP WIDTH="29" VPOS="521" HPOS="1381"/>
							<String ID="string_58" HPOS="1410" VPOS="520" WIDTH="175" HEIGHT="50" WC="0.92" CONTENT="Ryrberg"/><SP WIDTH="29" VPOS="520" HPOS="1585"/>
							<String ID="string_59" HPOS="1614" VPOS="525" WIDTH="77" HEIGHT="32" WC="0.96" CONTENT="mot"/><SP WIDTH="28" VPOS="525" HPOS="1691"/>
							<String ID="string_60" HPOS="1719" VPOS="519" WIDTH="114" HEIGHT="49" WC="0.96" CONTENT="årligt"/><SP WIDTH="27" VPOS="519" HPOS="1833"/>
							<String ID="string_61" HPOS="1860" VPOS="520" WIDTH="160" HEIGHT="37" WC="0.95" CONTENT="arrende"/>
						</TextLine>
						<TextLine ID="line_10" HPOS="432" VPOS="572" WIDTH="1587" HEIGHT="54">
							<String ID="string_62" HPOS="432" VPOS="579" WIDTH="40" HEIGHT="36" WC="0.92" CONTENT="af"/><SP WIDTH="28" VPOS="579" HPOS="472"/>
							<String ID="string_63" HPOS="500" VPOS="579" WIDTH="110" HEIGHT="47" WC="0.92" CONTENT="1,650"/><SP WIDTH="28" VPOS="579" HPOS="610"/>
							<String ID="string_64" HPOS="638" VPOS="578" WIDTH="154" HEIGHT="47" WC="0.96" CONTENT="kronor,"/><SP WIDTH="30" VPOS="578" HPOS="792"/>
							<String ID="string_65" HPOS="822" VPOS="576" WIDTH="71" HEIGHT="37" WC="0.96" CONTENT="och"/><SP WIDTH="27" VPOS="576" HPOS="893"/>
							<String ID="string_66" HPOS="920" VPOS="577" WIDTH="218" HEIGHT="36" WC="0.93" CONTENT="hemmanet"/><SP WIDTH="20" VPOS="577" HPOS="1138"/>
							<String ID="string_67" HPOS="1158" VPOS="574" WIDTH="106" HEIGHT="51" WC="0.90" CONTENT="Sylte"/><SP WIDTH="21" VPOS="574" HPOS="1264"/>
							<String ID="string_68" HPOS="1285" VPOS="588" WIDTH="59" HEIGHT="23" WC="0.91" CONTENT="n:r"/><SP WIDTH="24" VPOS="588" HPOS="1344"/>
							<String ID="string_69" HPOS="1368" VPOS="577" WIDTH="20" HEIGHT="34" WC="0.93" CONTENT="3"/><SP WIDTH="17" VPOS="577" HPOS="1388"/>
							<String ID="string_70" HPOS="1405" VPOS="574" WIDTH="269" HEIGHT="49" WC="0.90" CONTENT="kronogården"/><SP WIDTH="15" VPOS="574" HPOS="1674"/>
							<String ID="string_71" HPOS="1689" VPOS="572" WIDTH="220" HEIGHT="49" WC="0.90" CONTENT="innehades,"/><SP WIDTH="12" VPOS="572" HPOS="1909"/>
							<String ID="string_72" HPOS="1921" VPOS="573" WIDTH="98" HEIGHT="49" WC="0.92" CONTENT="jäm-"/>
						</TextLine>
						<TextLine ID="line_11" HPOS="430" VPOS="626" WIDTH="1591" HEIGHT="55">
							<String ID="string_73" HPOS="430" VPOS="631" WIDTH="72" HEIGHT="38" WC="0.96" CONTENT="likt"/><SP WIDTH="41" VPOS="631" HPOS="502"/>
							<String ID="string_74" HPOS="543" VPOS="630" WIDTH="207" HEIGHT="51" WC="0.95" CONTENT="styrelsens"/><SP WIDTH="29" VPOS="630" HPOS="750"/>
							<String ID="string_75" HPOS="779" VPOS="630" WIDTH="183" HEIGHT="37" WC="0.96" CONTENT="kontrakt"/><SP WIDTH="28" VPOS="630" HPOS="962"/>
							<String ID="string_76" HPOS="990" VPOS="629" WIDTH="73" HEIGHT="37" WC="0.96" CONTENT="den"/><SP WIDTH="28" VPOS="629" HPOS="1063"/>
							<String ID="string_77" HPOS="1091" VPOS="631" WIDTH="23" HEIGHT="35" WC="0.96" CONTENT="4"/><SP WIDTH="33" VPOS="631" HPOS="1114"/>
							<String ID="string_78" HPOS="1147" VPOS="628" WIDTH="158" HEIGHT="37" WC="0.96" CONTENT="oktober"/><SP WIDTH="31" VPOS="628" HPOS="1305"/>
							<String ID="string_79" HPOS="1336" VPOS="629" WIDTH="110" HEIGHT="47" WC="0.96" CONTENT="1894,"/><SP WIDTH="28" VPOS="629" HPOS="1446"/>
							<String ID="string_80" HPOS="1474" VPOS="630" WIDTH="50" HEIGHT="47" WC="0.96" CONTENT="på"/><SP WIDTH="28" VPOS="630" HPOS="1524"/>
							<String ID="string_81" HPOS="1552" VPOS="627" WIDTH="160" HEIGHT="37" WC="0.96" CONTENT="arrende"/><SP WIDTH="28" VPOS="627" HPOS="1712"/>
							<String ID="string_82" HPOS="1740" VPOS="627" WIDTH="60" HEIGHT="36" WC="0.96" CONTENT="för"/><SP WIDTH="28" VPOS="627" HPOS="1800"/>
							<String ID="string_83" HPOS="1828" VPOS="626" WIDTH="107" HEIGHT="37" WC="0.96" CONTENT="tiden"/><SP WIDTH="28" VPOS="626" HPOS="1935"/>
							<String ID="string_84" HPOS="1963" VPOS="627" WIDTH="58" HEIGHT="36" WC="0.94" CONTENT="till"/>
						</TextLine>
						<TextLine ID="line_12" HPOS="432" VPOS="679" WIDTH="1587" HEIGHT="52">
							<String ID="string_85" HPOS="432" VPOS="685" WIDTH="74" HEIGHT="36" WC="0.95" CONTENT="den"/><SP WIDTH="44" VPOS="685" HPOS="506"/>
							<String ID="string_86" HPOS="550" VPOS="686" WIDTH="45" HEIGHT="35" WC="0.96" CONTENT="14"/><SP WIDTH="42" VPOS="686" HPOS="595"/>
							<String ID="string_87" HPOS="637" VPOS="697" WIDTH="99" HEIGHT="23" WC="0.95" CONTENT="mars"/><SP WIDTH="44" VPOS="697" HPOS="736"/>
							<String ID="string_88" HPOS="780" VPOS="684" WIDTH="96" HEIGHT="36" WC="0.96" CONTENT="1915"/><SP WIDTH="43" VPOS="684" HPOS="876"/>
							<String ID="string_89" HPOS="919" VPOS="683" WIDTH="40" HEIGHT="36" WC="0.93" CONTENT="af"/><SP WIDTH="37" VPOS="683" HPOS="959"/>
							<String ID="string_90" HPOS="996" VPOS="683" WIDTH="43" HEIGHT="35" WC="0.90" CONTENT="A."/><SP WIDTH="43" VPOS="683" HPOS="1039"/>
							<String ID="string_91" HPOS="1082" VPOS="682" WIDTH="42" HEIGHT="36" WC="0.90" CONTENT="L."/><SP WIDTH="38" VPOS="682" HPOS="1124"/>
							<String ID="string_92" HPOS="1162" VPOS="681" WIDTH="218" HEIGHT="50" WC="0.95" CONTENT="Appelgren"/><SP WIDTH="38" VPOS="681" HPOS="1380"/>
							<String ID="string_93" HPOS="1418" VPOS="685" WIDTH="79" HEIGHT="32" WC="0.96" CONTENT="mot"/><SP WIDTH="34" VPOS="685" HPOS="1497"/>
							<String ID="string_94" HPOS="1531" VPOS="681" WIDTH="115" HEIGHT="49" WC="0.96" CONTENT="årligt"/><SP WIDTH="28" VPOS="681" HPOS="1646"/>
							<String ID="string_95" HPOS="1674" VPOS="679" WIDTH="158" HEIGHT="39" WC="0.96" CONTENT="arrende"/><SP WIDTH="47" VPOS="679" HPOS="1832"/>
							<String ID="string_96" HPOS="1879" VPOS="679" WIDTH="41" HEIGHT="38" WC="0.96" CONTENT="af"/><SP WIDTH="25" VPOS="679" HPOS="1920"/>
							<String ID="string_97" HPOS="1945" VPOS="682" WIDTH="74" HEIGHT="36" WC="0.96" CONTENT="700"/>
						</TextLine>
						<TextLine ID="line_13" HPOS="430" VPOS="733" WIDTH="1589" HEIGHT="50">
							<String ID="string_98" HPOS="430" VPOS="736" WIDTH="152" HEIGHT="37" WC="0.92" CONTENT="kronor."/><SP WIDTH="46" VPOS="736" HPOS="582"/>
							<String ID="string_99" HPOS="628" VPOS="728" WIDTH="20" HEIGHT="59" WC="0.0" CONTENT="-"/><SP WIDTH="20" VPOS="728" HPOS="648"/>
							<String ID="string_100" HPOS="668" VPOS="735" WIDTH="132" HEIGHT="48" WC="0.90" CONTENT="Enligt"/><SP WIDTH="49" VPOS="735" HPOS="800"/>
							<String ID="string_101" HPOS="849" VPOS="734" WIDTH="205" HEIGHT="37" WC="0.89" CONTENT="hvartdera"/><SP WIDTH="51" VPOS="734" HPOS="1054"/>
							<String ID="string_102" HPOS="1105" VPOS="733" WIDTH="381" HEIGHT="37" WC="0.88" CONTENT="arrendekontraktet"/><SP WIDTH="51" VPOS="733" HPOS="1486"/>
							<String ID="string_103" HPOS="1537" VPOS="733" WIDTH="299" HEIGHT="36" WC="0.90" CONTENT="tillförsäkrades"/><SP WIDTH="55" VPOS="733" HPOS="1836"/>
							<String ID="string_104" HPOS="1891" VPOS="745" WIDTH="128" HEIGHT="23" WC="0.78" CONTENT="arren-"/>
						</TextLine>
						<TextLine ID="line_14" HPOS="432" VPOS="782" WIDTH="1586" HEIGHT="56">
							<String ID="string_105" HPOS="432" VPOS="789" WIDTH="122" HEIGHT="49" WC="0.95" CONTENT="dator,"/><SP WIDTH="43" VPOS="789" HPOS="554"/>
							<String ID="string_106" HPOS="597" VPOS="802" WIDTH="80" HEIGHT="24" WC="0.95" CONTENT="som"/><SP WIDTH="41" VPOS="802" HPOS="677"/>
							<String ID="string_107" HPOS="718" VPOS="787" WIDTH="143" HEIGHT="38" WC="0.92" CONTENT="funnits"/><SP WIDTH="33" VPOS="787" HPOS="861"/>
							<String ID="string_108" HPOS="894" VPOS="787" WIDTH="115" HEIGHT="37" WC="0.96" CONTENT="hafva"/><SP WIDTH="27" VPOS="787" HPOS="1009"/>
							<String ID="string_109" HPOS="1036" VPOS="786" WIDTH="63" HEIGHT="37" WC="0.96" CONTENT="väl"/><SP WIDTH="28" VPOS="786" HPOS="1099"/>
							<String ID="string_110" HPOS="1127" VPOS="786" WIDTH="107" HEIGHT="37" WC="0.96" CONTENT="skött"/><SP WIDTH="28" VPOS="786" HPOS="1234"/>
							<String ID="string_111" HPOS="1262" VPOS="784" WIDTH="250" HEIGHT="51" WC="0.93" CONTENT="egendomen,"/><SP WIDTH="31" VPOS="784" HPOS="1512"/>
							<String ID="string_112" HPOS="1543" VPOS="785" WIDTH="226" HEIGHT="51" WC="0.92" CONTENT="optionsrätt"/><SP WIDTH="26" VPOS="785" HPOS="1769"/>
							<String ID="string_113" HPOS="1795" VPOS="784" WIDTH="13" HEIGHT="37" WC="0.84" CONTENT="1"/><SP WIDTH="28" VPOS="784" HPOS="1808"/>
							<String ID="string_114" HPOS="1836" VPOS="782" WIDTH="182" HEIGHT="40" WC="0.96" CONTENT="händelse"/>
						</TextLine>
						<TextLine ID="line_15" HPOS="432" VPOS="837" WIDTH="1586" HEIGHT="54">
							<String ID="string_115" HPOS="432" VPOS="842" WIDTH="42" HEIGHT="36" WC="0.93" CONTENT="af"/><SP WIDTH="25" VPOS="842" HPOS="474"/>
							<String ID="string_116" HPOS="499" VPOS="842" WIDTH="257" HEIGHT="49" WC="0.92" CONTENT="egendomens"/><SP WIDTH="29" VPOS="842" HPOS="756"/>
							<String ID="string_117" HPOS="785" VPOS="840" WIDTH="184" HEIGHT="50" WC="0.93" CONTENT="förnyade"/><SP WIDTH="28" VPOS="840" HPOS="969"/>
							<String ID="string_118" HPOS="997" VPOS="839" WIDTH="298" HEIGHT="49" WC="0.88" CONTENT="utarrendering."/><SP WIDTH="52" VPOS="839" HPOS="1295"/>
							<String ID="string_119" HPOS="1347" VPOS="838" WIDTH="87" HEIGHT="37" WC="0.93" CONTENT="Med"/><SP WIDTH="28" VPOS="838" HPOS="1434"/>
							<String ID="string_120" HPOS="1462" VPOS="838" WIDTH="239" HEIGHT="50" WC="0.91" CONTENT="underdånig"/><SP WIDTH="20" VPOS="838" HPOS="1701"/>
							<String ID="string_121" HPOS="1721" VPOS="837" WIDTH="204" HEIGHT="37" WC="0.96" CONTENT="skrifvelse"/><SP WIDTH="20" VPOS="837" HPOS="1925"/>
							<String ID="string_122" HPOS="1945" VPOS="838" WIDTH="73" HEIGHT="37" WC="0.96" CONTENT="den"/>
						</TextLine>
						<TextLine ID="line_16" HPOS="434" VPOS="890" WIDTH="1585" HEIGHT="51">
							<String ID="string_123" HPOS="434" VPOS="896" WIDTH="45" HEIGHT="35" WC="0.96" CONTENT="17"/><SP WIDTH="41" VPOS="896" HPOS="479"/>
							<String ID="string_124" HPOS="520" VPOS="894" WIDTH="207" HEIGHT="37" WC="0.95" CONTENT="november"/><SP WIDTH="43" VPOS="894" HPOS="727"/>
							<String ID="string_125" HPOS="770" VPOS="895" WIDTH="97" HEIGHT="36" WC="0.96" CONTENT="1905"/><SP WIDTH="42" VPOS="895" HPOS="867"/>
							<String ID="string_126" HPOS="909" VPOS="892" WIDTH="98" HEIGHT="38" WC="0.96" CONTENT="hade"/><SP WIDTH="38" VPOS="892" HPOS="1007"/>
							<String ID="string_127" HPOS="1045" VPOS="891" WIDTH="188" HEIGHT="50" WC="0.96" CONTENT="styrelsen"/><SP WIDTH="27" VPOS="891" HPOS="1233"/>
							<String ID="string_128" HPOS="1260" VPOS="890" WIDTH="225" HEIGHT="38" WC="0.95" CONTENT="underställt"/><SP WIDTH="29" VPOS="890" HPOS="1485"/>
							<String ID="string_129" HPOS="1514" VPOS="890" WIDTH="139" HEIGHT="51" WC="0.92" CONTENT="Kungl."/><SP WIDTH="30" VPOS="890" HPOS="1653"/>
							<String ID="string_130" HPOS="1683" VPOS="890" WIDTH="127" HEIGHT="50" WC="0.91" CONTENT="Maj:ts"/><SP WIDTH="27" VPOS="890" HPOS="1810"/>
							<String ID="string_131" HPOS="1837" VPOS="890" WIDTH="182" HEIGHT="50" WC="0.91" CONTENT="pröfning"/>
						</TextLine>
						<TextLine ID="line_17" HPOS="430" VPOS="943" WIDTH="1590" HEIGHT="53">
							<String ID="string_132" HPOS="430" VPOS="947" WIDTH="113" HEIGHT="38" WC="0.96" CONTENT="väckt"/><SP WIDTH="40" VPOS="947" HPOS="543"/>
							<String ID="string_133" HPOS="583" VPOS="946" WIDTH="144" HEIGHT="50" WC="0.96" CONTENT="förslag"/><SP WIDTH="42" VPOS="946" HPOS="727"/>
							<String ID="string_134" HPOS="769" VPOS="960" WIDTH="60" HEIGHT="23" WC="0.92" CONTENT="om"/><SP WIDTH="37" VPOS="960" HPOS="829"/>
							<String ID="string_135" HPOS="866" VPOS="945" WIDTH="222" HEIGHT="49" WC="0.92" CONTENT="afsöndring"/><SP WIDTH="27" VPOS="945" HPOS="1088"/>
							<String ID="string_136" HPOS="1115" VPOS="945" WIDTH="85" HEIGHT="37" WC="0.96" CONTENT="från"/><SP WIDTH="27" VPOS="945" HPOS="1200"/>
							<String ID="string_137" HPOS="1227" VPOS="945" WIDTH="217" HEIGHT="36" WC="0.93" CONTENT="hemmanet"/><SP WIDTH="30" VPOS="945" HPOS="1444"/>
							<String ID="string_138" HPOS="1474" VPOS="944" WIDTH="215" HEIGHT="38" WC="0.87" CONTENT="Stallbacka"/><SP WIDTH="27" VPOS="944" HPOS="1689"/>
							<String ID="string_139" HPOS="1716" VPOS="957" WIDTH="59" HEIGHT="24" WC="0.74" CONTENT="nir"/><SP WIDTH="31" VPOS="957" HPOS="1775"/>
							<String ID="string_140" HPOS="1806" VPOS="945" WIDTH="18" HEIGHT="35" WC="0.96" CONTENT="1"/><SP WIDTH="30" VPOS="945" HPOS="1824"/>
							<String ID="string_141" HPOS="1854" VPOS="943" WIDTH="40" HEIGHT="36" WC="0.96" CONTENT="af"/><SP WIDTH="24" VPOS="943" HPOS="1894"/>
							<String ID="string_142" HPOS="1918" VPOS="943" WIDTH="102" HEIGHT="38" WC="0.96" CONTENT="vissa"/>
						</TextLine>
						<TextLine ID="line_18" HPOS="430" VPOS="997" WIDTH="1589" HEIGHT="51">
							<String ID="string_143" HPOS="430" VPOS="1000" WIDTH="190" HEIGHT="48" WC="0.96" CONTENT="områden,"/><SP WIDTH="29" VPOS="1000" HPOS="620"/>
							<String ID="string_144" HPOS="649" VPOS="999" WIDTH="12" HEIGHT="37" WC="0.96" CONTENT="i"/><SP WIDTH="27" VPOS="999" HPOS="661"/>
							<String ID="string_145" HPOS="688" VPOS="999" WIDTH="144" HEIGHT="37" WC="0.96" CONTENT="hvilket"/><SP WIDTH="29" VPOS="999" HPOS="832"/>
							<String ID="string_146" HPOS="861" VPOS="998" WIDTH="177" HEIGHT="38" WC="0.96" CONTENT="afseende"/><SP WIDTH="30" VPOS="998" HPOS="1038"/>
							<String ID="string_147" HPOS="1068" VPOS="998" WIDTH="190" HEIGHT="50" WC="0.93" CONTENT="styrelsen"/><SP WIDTH="26" VPOS="998" HPOS="1258"/>
							<String ID="string_148" HPOS="1284" VPOS="997" WIDTH="205" HEIGHT="49" WC="0.89" CONTENT="hemställt,"/><SP WIDTH="30" VPOS="997" HPOS="1489"/>
							<String ID="string_149" HPOS="1519" VPOS="1003" WIDTH="55" HEIGHT="31" WC="0.96" CONTENT="att"/><SP WIDTH="28" VPOS="1003" HPOS="1574"/>
							<String ID="string_150" HPOS="1602" VPOS="997" WIDTH="132" HEIGHT="37" WC="0.96" CONTENT="endast"/><SP WIDTH="20" VPOS="997" HPOS="1734"/>
							<String ID="string_151" HPOS="1754" VPOS="1010" WIDTH="46" HEIGHT="23" WC="0.92" CONTENT="en"/><SP WIDTH="20" VPOS="1010" HPOS="1800"/>
							<String ID="string_152" HPOS="1820" VPOS="999" WIDTH="21" HEIGHT="34" WC="0.92" CONTENT="å"/><SP WIDTH="19" VPOS="999" HPOS="1841"/>
							<String ID="string_153" HPOS="1860" VPOS="997" WIDTH="159" HEIGHT="36" WC="0.92" CONTENT="socken-"/>
						</TextLine>
						<TextLine ID="line_19" HPOS="429" VPOS="1048" WIDTH="1589" HEIGHT="54">
							<String ID="string_154" HPOS="429" VPOS="1053" WIDTH="285" HEIGHT="49" WC="0.92" CONTENT="allmänningen"/><SP WIDTH="40" VPOS="1053" HPOS="714"/>
							<String ID="string_155" HPOS="754" VPOS="1052" WIDTH="255" HEIGHT="38" WC="0.92" CONTENT="Nordkroken"/><SP WIDTH="41" VPOS="1052" HPOS="1009"/>
							<String ID="string_156" HPOS="1050" VPOS="1050" WIDTH="174" HEIGHT="50" WC="0.93" CONTENT="befintlig"/><SP WIDTH="40" VPOS="1050" HPOS="1224"/>
							<String ID="string_157" HPOS="1264" VPOS="1054" WIDTH="116" HEIGHT="45" WC="0.92" CONTENT="utäga"/><SP WIDTH="40" VPOS="1054" HPOS="1380"/>
							<String ID="string_158" HPOS="1420" VPOS="1053" WIDTH="117" HEIGHT="35" WC="0.95" CONTENT="måtte"/><SP WIDTH="43" VPOS="1053" HPOS="1537"/>
							<String ID="string_159" HPOS="1580" VPOS="1050" WIDTH="83" HEIGHT="38" WC="0.96" CONTENT="från"/><SP WIDTH="34" VPOS="1050" HPOS="1663"/>
							<String ID="string_160" HPOS="1697" VPOS="1048" WIDTH="238" HEIGHT="51" WC="0.93" CONTENT="egendomen"/><SP WIDTH="29" VPOS="1048" HPOS="1935"/>
							<String ID="string_161" HPOS="1964" VPOS="1050" WIDTH="54" HEIGHT="37" WC="0.91" CONTENT="af-"/>
						</TextLine>
						<TextLine ID="line_20" HPOS="430" VPOS="1101" WIDTH="1587" HEIGHT="52">
							<String ID="string_162" HPOS="430" VPOS="1106" WIDTH="159" HEIGHT="38" WC="0.91" CONTENT="söndras"/><SP WIDTH="46" VPOS="1106" HPOS="589"/>
							<String ID="string_163" HPOS="635" VPOS="1106" WIDTH="71" HEIGHT="37" WC="0.93" CONTENT="och"/><SP WIDTH="45" VPOS="1106" HPOS="706"/>
							<String ID="string_164" HPOS="751" VPOS="1104" WIDTH="186" HEIGHT="49" WC="0.85" CONTENT="försäljas."/><SP WIDTH="72" VPOS="1104" HPOS="937"/>
							<String ID="string_165" HPOS="1009" VPOS="1103" WIDTH="366" HEIGHT="50" WC="0.70" CONTENT="Kronolägenheten"/><SP WIDTH="45" VPOS="1103" HPOS="1375"/>
							<String ID="string_166" HPOS="1420" VPOS="1107" WIDTH="98" HEIGHT="34" WC="0.86" CONTENT="»åtta"/><SP WIDTH="45" VPOS="1107" HPOS="1518"/>
							<String ID="string_167" HPOS="1563" VPOS="1103" WIDTH="147" HEIGHT="37" WC="0.96" CONTENT="holmar"/><SP WIDTH="44" VPOS="1103" HPOS="1710"/>
							<String ID="string_168" HPOS="1754" VPOS="1102" WIDTH="12" HEIGHT="36" WC="0.95" CONTENT="i"/><SP WIDTH="38" VPOS="1102" HPOS="1766"/>
							<String ID="string_169" HPOS="1804" VPOS="1101" WIDTH="100" HEIGHT="38" WC="0.92" CONTENT="Göta"/><SP WIDTH="28" VPOS="1101" HPOS="1904"/>
							<String ID="string_170" HPOS="1932" VPOS="1102" WIDTH="85" HEIGHT="49" WC="0.55" CONTENT="älf»,"/>
						</TextLine>
						<TextLine ID="line_21" HPOS="429" VPOS="1154" WIDTH="1589" HEIGHT="53">
							<String ID="string_171" HPOS="429" VPOS="1159" WIDTH="155" HEIGHT="36" WC="0.96" CONTENT="hvilken"/><SP WIDTH="27" VPOS="1159" HPOS="584"/>
							<String ID="string_172" HPOS="611" VPOS="1158" WIDTH="198" HEIGHT="49" WC="0.96" CONTENT="utgjordes"/><SP WIDTH="29" VPOS="1158" HPOS="809"/>
							<String ID="string_173" HPOS="838" VPOS="1158" WIDTH="41" HEIGHT="36" WC="0.93" CONTENT="af"/><SP WIDTH="24" VPOS="1158" HPOS="879"/>
							<String ID="string_174" HPOS="903" VPOS="1157" WIDTH="221" HEIGHT="37" WC="0.91" CONTENT="förberörda"/><SP WIDTH="29" VPOS="1157" HPOS="1124"/>
							<String ID="string_175" HPOS="1153" VPOS="1159" WIDTH="76" HEIGHT="34" WC="0.96" CONTENT="åtta"/><SP WIDTH="27" VPOS="1159" HPOS="1229"/>
							<String ID="string_176" HPOS="1256" VPOS="1156" WIDTH="158" HEIGHT="47" WC="0.95" CONTENT="holmar,"/><SP WIDTH="28" VPOS="1156" HPOS="1414"/>
							<String ID="string_177" HPOS="1442" VPOS="1169" WIDTH="92" HEIGHT="24" WC="0.95" CONTENT="vore"/><SP WIDTH="29" VPOS="1169" HPOS="1534"/>
							<String ID="string_178" HPOS="1563" VPOS="1169" WIDTH="139" HEIGHT="37" WC="0.96" CONTENT="genom"/><SP WIDTH="28" VPOS="1169" HPOS="1702"/>
							<String ID="string_179" HPOS="1730" VPOS="1154" WIDTH="139" HEIGHT="50" WC="0.95" CONTENT="Kungl."/><SP WIDTH="23" VPOS="1154" HPOS="1869"/>
							<String ID="string_180" HPOS="1892" VPOS="1155" WIDTH="126" HEIGHT="49" WC="0.96" CONTENT="Maj:ts"/>
						</TextLine>
						<TextLine ID="line_22" HPOS="429" VPOS="1208" WIDTH="1590" HEIGHT="52">
							<String ID="string_181" HPOS="429" VPOS="1210" WIDTH="444" HEIGHT="50" WC="0.90" CONTENT="befallningshafvandes"/><SP WIDTH="40" VPOS="1210" HPOS="873"/>
							<String ID="string_182" HPOS="913" VPOS="1210" WIDTH="182" HEIGHT="36" WC="0.95" CONTENT="kontrakt"/><SP WIDTH="41" VPOS="1210" HPOS="1095"/>
							<String ID="string_183" HPOS="1136" VPOS="1209" WIDTH="73" HEIGHT="37" WC="0.96" CONTENT="den"/><SP WIDTH="42" VPOS="1209" HPOS="1209"/>
							<String ID="string_184" HPOS="1251" VPOS="1210" WIDTH="45" HEIGHT="35" WC="0.95" CONTENT="31"/><SP WIDTH="44" VPOS="1210" HPOS="1296"/>
							<String ID="string_185" HPOS="1340" VPOS="1208" WIDTH="207" HEIGHT="38" WC="0.67" CONTENT="november"/><SP WIDTH="42" VPOS="1208" HPOS="1547"/>
							<String ID="string_186" HPOS="1589" VPOS="1210" WIDTH="96" HEIGHT="35" WC="0.96" CONTENT="1896"/><SP WIDTH="35" VPOS="1210" HPOS="1685"/>
							<String ID="string_187" HPOS="1720" VPOS="1208" WIDTH="70" HEIGHT="36" WC="0.93" CONTENT="och"/><SP WIDTH="18" VPOS="1208" HPOS="1790"/>
							<String ID="string_188" HPOS="1808" VPOS="1212" WIDTH="211" HEIGHT="45" WC="0.91" CONTENT="transport-"/>
						</TextLine>
						<TextLine ID="line_23" HPOS="433" VPOS="1259" WIDTH="1585" HEIGHT="50">
							<String ID="string_189" HPOS="433" VPOS="1263" WIDTH="203" HEIGHT="38" WC="0.91" CONTENT="resolution"/><SP WIDTH="41" VPOS="1263" HPOS="636"/>
							<String ID="string_190" HPOS="677" VPOS="1263" WIDTH="73" HEIGHT="37" WC="0.96" CONTENT="den"/><SP WIDTH="43" VPOS="1263" HPOS="750"/>
							<String ID="string_191" HPOS="793" VPOS="1264" WIDTH="20" HEIGHT="35" WC="0.94" CONTENT="5"/><SP WIDTH="28" VPOS="1264" HPOS="813"/>
							<String ID="string_192" HPOS="841" VPOS="1262" WIDTH="208" HEIGHT="38" WC="0.96" CONTENT="november"/><SP WIDTH="30" VPOS="1262" HPOS="1049"/>
							<String ID="string_193" HPOS="1079" VPOS="1263" WIDTH="96" HEIGHT="36" WC="0.96" CONTENT="1903"/><SP WIDTH="30" VPOS="1263" HPOS="1175"/>
							<String ID="string_194" HPOS="1205" VPOS="1260" WIDTH="207" HEIGHT="38" WC="0.93" CONTENT="tillsvidare"/><SP WIDTH="27" VPOS="1260" HPOS="1412"/>
							<String ID="string_195" HPOS="1439" VPOS="1260" WIDTH="273" HEIGHT="39" WC="0.92" CONTENT="utarrenderad"/><SP WIDTH="28" VPOS="1260" HPOS="1712"/>
							<String ID="string_196" HPOS="1740" VPOS="1263" WIDTH="37" HEIGHT="34" WC="0.96" CONTENT="åt"/><SP WIDTH="27" VPOS="1263" HPOS="1777"/>
							<String ID="string_197" HPOS="1804" VPOS="1259" WIDTH="214" HEIGHT="50" WC="0.95" CONTENT="löjtnanten"/>
						</TextLine>
						<TextLine ID="line_24" HPOS="429" VPOS="1313" WIDTH="1029" HEIGHT="53">
							<String ID="string_198" HPOS="429" VPOS="1316" WIDTH="43" HEIGHT="37" WC="0.92" CONTENT="E."/><SP WIDTH="29" VPOS="1316" HPOS="472"/>
							<String ID="string_199" HPOS="501" VPOS="1316" WIDTH="199" HEIGHT="50" WC="0.96" CONTENT="Berggren"/><SP WIDTH="27" VPOS="1316" HPOS="700"/>
							<String ID="string_200" HPOS="727" VPOS="1320" WIDTH="80" HEIGHT="33" WC="0.96" CONTENT="mot"/><SP WIDTH="28" VPOS="1320" HPOS="807"/>
							<String ID="string_201" HPOS="835" VPOS="1315" WIDTH="113" HEIGHT="49" WC="0.96" CONTENT="årligt"/><SP WIDTH="29" VPOS="1315" HPOS="948"/>
							<String ID="string_202" HPOS="977" VPOS="1314" WIDTH="158" HEIGHT="38" WC="0.96" CONTENT="arrende"/><SP WIDTH="30" VPOS="1314" HPOS="1135"/>
							<String ID="string_203" HPOS="1165" VPOS="1313" WIDTH="42" HEIGHT="38" WC="0.96" CONTENT="af"/><SP WIDTH="25" VPOS="1313" HPOS="1207"/>
							<String ID="string_204" HPOS="1232" VPOS="1315" WIDTH="47" HEIGHT="35" WC="0.96" CONTENT="60"/><SP WIDTH="28" VPOS="1315" HPOS="1279"/>
							<String ID="string_205" HPOS="1307" VPOS="1314" WIDTH="151" HEIGHT="37" WC="0.96" CONTENT="kronor."/>
						</TextLine>
					</TextBlock>
					<TextBlock ID="block_5" HPOS="430" VPOS="1365" WIDTH="1588" HEIGHT="159">
						<TextLine ID="line_25" HPOS="531" VPOS="1365" WIDTH="1487" HEIGHT="52">
							<String ID="string_206" HPOS="531" VPOS="1369" WIDTH="79" HEIGHT="36" WC="0.93" CONTENT="Mot"/><SP WIDTH="29" VPOS="1369" HPOS="610"/>
							<String ID="string_207" HPOS="639" VPOS="1368" WIDTH="339" HEIGHT="49" WC="0.90" CONTENT="öfverflyttningen"/><SP WIDTH="27" VPOS="1368" HPOS="978"/>
							<String ID="string_208" HPOS="1005" VPOS="1368" WIDTH="58" HEIGHT="36" WC="0.95" CONTENT="till"/><SP WIDTH="28" VPOS="1368" HPOS="1063"/>
							<String ID="string_209" HPOS="1091" VPOS="1366" WIDTH="187" HEIGHT="50" WC="0.95" CONTENT="styrelsen"/><SP WIDTH="28" VPOS="1366" HPOS="1278"/>
							<String ID="string_210" HPOS="1306" VPOS="1367" WIDTH="60" HEIGHT="36" WC="0.96" CONTENT="för"/><SP WIDTH="27" VPOS="1367" HPOS="1366"/>
							<String ID="string_211" HPOS="1393" VPOS="1366" WIDTH="211" HEIGHT="38" WC="0.93" CONTENT="Trollhätte"/><SP WIDTH="30" VPOS="1366" HPOS="1604"/>
							<String ID="string_212" HPOS="1634" VPOS="1365" WIDTH="127" HEIGHT="38" WC="0.91" CONTENT="kanal-"/><SP WIDTH="20" VPOS="1365" HPOS="1761"/>
							<String ID="string_213" HPOS="1781" VPOS="1366" WIDTH="70" HEIGHT="37" WC="0.93" CONTENT="och"/><SP WIDTH="19" VPOS="1366" HPOS="1851"/>
							<String ID="string_214" HPOS="1870" VPOS="1370" WIDTH="148" HEIGHT="33" WC="0.91" CONTENT="vatten-"/>
						</TextLine>
						<TextLine ID="line_26" HPOS="430" VPOS="1417" WIDTH="1586" HEIGHT="53">
							<String ID="string_215" HPOS="430" VPOS="1421" WIDTH="93" HEIGHT="38" WC="0.95" CONTENT="verk"/><SP WIDTH="40" VPOS="1421" HPOS="523"/>
							<String ID="string_216" HPOS="563" VPOS="1421" WIDTH="42" HEIGHT="37" WC="0.95" CONTENT="af"/><SP WIDTH="37" VPOS="1421" HPOS="605"/>
							<String ID="string_217" HPOS="642" VPOS="1420" WIDTH="284" HEIGHT="50" WC="0.95" CONTENT="förvaltningen"/><SP WIDTH="40" VPOS="1420" HPOS="926"/>
							<String ID="string_218" HPOS="966" VPOS="1420" WIDTH="84" HEIGHT="37" WC="0.95" CONTENT="utaf"/><SP WIDTH="37" VPOS="1420" HPOS="1050"/>
							<String ID="string_219" HPOS="1087" VPOS="1418" WIDTH="161" HEIGHT="39" WC="0.96" CONTENT="berörda"/><SP WIDTH="40" VPOS="1418" HPOS="1248"/>
							<String ID="string_220" HPOS="1288" VPOS="1420" WIDTH="176" HEIGHT="37" WC="0.96" CONTENT="hemman"/><SP WIDTH="29" VPOS="1420" HPOS="1464"/>
							<String ID="string_221" HPOS="1493" VPOS="1419" WIDTH="71" HEIGHT="38" WC="0.96" CONTENT="och"/><SP WIDTH="27" VPOS="1419" HPOS="1564"/>
							<String ID="string_222" HPOS="1591" VPOS="1418" WIDTH="181" HEIGHT="50" WC="0.96" CONTENT="lägenhet"/><SP WIDTH="28" VPOS="1418" HPOS="1772"/>
							<String ID="string_223" HPOS="1800" VPOS="1417" WIDTH="216" HEIGHT="39" WC="0.95" CONTENT="förklarade"/>
						</TextLine>
						<TextLine ID="line_27" HPOS="430" VPOS="1472" WIDTH="1016" HEIGHT="52">
							<String ID="string_224" HPOS="430" VPOS="1473" WIDTH="60" HEIGHT="51" WC="0.93" CONTENT="sig"/><SP WIDTH="28" VPOS="1473" HPOS="490"/>
							<String ID="string_225" HPOS="518" VPOS="1473" WIDTH="328" HEIGHT="51" WC="0.92" CONTENT="domänstyrelsen"/><SP WIDTH="29" VPOS="1473" HPOS="846"/>
							<String ID="string_226" HPOS="875" VPOS="1474" WIDTH="33" HEIGHT="49" WC="0.96" CONTENT="ej"/><SP WIDTH="32" VPOS="1474" HPOS="908"/>
							<String ID="string_227" HPOS="940" VPOS="1472" WIDTH="115" HEIGHT="38" WC="0.96" CONTENT="hafva"/><SP WIDTH="28" VPOS="1472" HPOS="1055"/>
							<String ID="string_228" HPOS="1083" VPOS="1475" WIDTH="118" HEIGHT="47" WC="0.96" CONTENT="något"/><SP WIDTH="27" VPOS="1475" HPOS="1201"/>
							<String ID="string_229" HPOS="1228" VPOS="1477" WIDTH="55" HEIGHT="32" WC="0.96" CONTENT="att"/><SP WIDTH="28" VPOS="1477" HPOS="1283"/>
							<String ID="string_230" HPOS="1311" VPOS="1472" WIDTH="135" HEIGHT="37" WC="0.96" CONTENT="erinra."/>
						</TextLine>
					</TextBlock>
					<TextBlock ID="block_6" HPOS="425" VPOS="1524" WIDTH="1593" HEIGHT="943">
						<TextLine ID="line_28" HPOS="530" VPOS="1524" WIDTH="1488" HEIGHT="51">
							<String ID="string_231" HPOS="530" VPOS="1526" WIDTH="385" HEIGHT="49" WC="0.92" CONTENT="Kammarkollegium"/><SP WIDTH="42" VPOS="1526" HPOS="915"/>
							<String ID="string_232" HPOS="957" VPOS="1526" WIDTH="69" HEIGHT="36" WC="0.96" CONTENT="har"/><SP WIDTH="41" VPOS="1526" HPOS="1026"/>
							<String ID="string_233" HPOS="1067" VPOS="1525" WIDTH="53" HEIGHT="36" WC="0.93" CONTENT="uti"/><SP WIDTH="39" VPOS="1525" HPOS="1120"/>
							<String ID="string_234" HPOS="1159" VPOS="1525" WIDTH="225" HEIGHT="47" WC="0.90" CONTENT="infordradt,"/><SP WIDTH="35" VPOS="1525" HPOS="1384"/>
							<String ID="string_235" HPOS="1419" VPOS="1526" WIDTH="74" HEIGHT="36" WC="0.96" CONTENT="den"/><SP WIDTH="28" VPOS="1526" HPOS="1493"/>
							<String ID="string_236" HPOS="1521" VPOS="1527" WIDTH="46" HEIGHT="34" WC="0.96" CONTENT="22"/><SP WIDTH="30" VPOS="1527" HPOS="1567"/>
							<String ID="string_237" HPOS="1597" VPOS="1536" WIDTH="100" HEIGHT="25" WC="0.95" CONTENT="mars"/><SP WIDTH="31" VPOS="1536" HPOS="1697"/>
							<String ID="string_238" HPOS="1728" VPOS="1525" WIDTH="96" HEIGHT="36" WC="0.93" CONTENT="1906"/><SP WIDTH="31" VPOS="1525" HPOS="1824"/>
							<String ID="string_239" HPOS="1855" VPOS="1524" WIDTH="163" HEIGHT="49" WC="0.91" CONTENT="afgifvet"/>
						</TextLine>
						<TextLine ID="line_29" HPOS="428" VPOS="1570" WIDTH="1589" HEIGHT="58">
							<String ID="string_240" HPOS="428" VPOS="1579" WIDTH="256" HEIGHT="49" WC="0.95" CONTENT="underdånigt"/><SP WIDTH="39" VPOS="1579" HPOS="684"/>
							<String ID="string_241" HPOS="723" VPOS="1578" WIDTH="194" HEIGHT="37" WC="0.95" CONTENT="utlåtande"/><SP WIDTH="41" VPOS="1578" HPOS="917"/>
							<String ID="string_242" HPOS="958" VPOS="1577" WIDTH="201" HEIGHT="48" WC="0.95" CONTENT="meddelat,"/><SP WIDTH="31" VPOS="1577" HPOS="1159"/>
							<String ID="string_243" HPOS="1190" VPOS="1582" WIDTH="54" HEIGHT="32" WC="0.95" CONTENT="att"/><SP WIDTH="26" VPOS="1582" HPOS="1244"/>
							<String ID="string_244" HPOS="1270" VPOS="1578" WIDTH="12" HEIGHT="36" WC="0.96" CONTENT="i"/><SP WIDTH="28" VPOS="1578" HPOS="1282"/>
							<String ID="string_245" HPOS="1310" VPOS="1578" WIDTH="176" HEIGHT="48" WC="0.96" CONTENT="gällande"/><SP WIDTH="25" VPOS="1578" HPOS="1486"/>
							<String ID="string_246" HPOS="1511" VPOS="1576" WIDTH="188" HEIGHT="50" WC="0.96" CONTENT="jordebok"/><SP WIDTH="29" VPOS="1576" HPOS="1699"/>
							<String ID="string_247" HPOS="1728" VPOS="1577" WIDTH="59" HEIGHT="36" WC="0.93" CONTENT="för"/><SP WIDTH="27" VPOS="1577" HPOS="1787"/>
							<String ID="string_248" HPOS="1814" VPOS="1570" WIDTH="203" HEIGHT="56" WC="0.74" CONTENT="Älfsborgs"/>
						</TextLine>
						<TextLine ID="line_30" HPOS="429" VPOS="1629" WIDTH="1589" HEIGHT="51">
							<String ID="string_249" HPOS="429" VPOS="1631" WIDTH="62" HEIGHT="37" WC="0.96" CONTENT="län"/><SP WIDTH="42" VPOS="1631" HPOS="491"/>
							<String ID="string_250" HPOS="533" VPOS="1632" WIDTH="137" HEIGHT="36" WC="0.95" CONTENT="funnes"/><SP WIDTH="40" VPOS="1632" HPOS="670"/>
							<String ID="string_251" HPOS="710" VPOS="1631" WIDTH="114" HEIGHT="38" WC="0.92" CONTENT="bland"/><SP WIDTH="41" VPOS="1631" HPOS="824"/>
							<String ID="string_252" HPOS="865" VPOS="1630" WIDTH="354" HEIGHT="50" WC="0.92" CONTENT="kronoegendomar"/><SP WIDTH="32" VPOS="1630" HPOS="1219"/>
							<String ID="string_253" HPOS="1251" VPOS="1630" WIDTH="120" HEIGHT="38" WC="0.93" CONTENT="under"/><SP WIDTH="27" VPOS="1630" HPOS="1371"/>
							<String ID="string_254" HPOS="1398" VPOS="1630" WIDTH="139" HEIGHT="38" WC="0.96" CONTENT="allmän"/><SP WIDTH="28" VPOS="1630" HPOS="1537"/>
							<String ID="string_255" HPOS="1565" VPOS="1629" WIDTH="227" HEIGHT="50" WC="0.96" CONTENT="disposition"/><SP WIDTH="26" VPOS="1629" HPOS="1792"/>
							<String ID="string_256" HPOS="1818" VPOS="1634" WIDTH="200" HEIGHT="46" WC="0.95" CONTENT="upptagna"/>
						</TextLine>
						<TextLine ID="line_31" HPOS="429" VPOS="1682" WIDTH="1588" HEIGHT="50">
							<String ID="string_257" HPOS="429" VPOS="1684" WIDTH="103" HEIGHT="37" WC="0.96" CONTENT="inom"/><SP WIDTH="28" VPOS="1684" HPOS="532"/>
							<String ID="string_258" HPOS="560" VPOS="1684" WIDTH="139" HEIGHT="37" WC="0.92" CONTENT="Västra"/><SP WIDTH="28" VPOS="1684" HPOS="699"/>
							<String ID="string_259" HPOS="727" VPOS="1684" WIDTH="193" HEIGHT="37" WC="0.87" CONTENT="&#39;Tunhems"/><SP WIDTH="30" VPOS="1684" HPOS="920"/>
							<String ID="string_260" HPOS="950" VPOS="1683" WIDTH="140" HEIGHT="38" WC="0.95" CONTENT="socken"/><SP WIDTH="29" VPOS="1683" HPOS="1090"/>
							<String ID="string_261" HPOS="1119" VPOS="1687" WIDTH="55" HEIGHT="33" WC="0.95" CONTENT="ett"/><SP WIDTH="28" VPOS="1687" HPOS="1174"/>
							<String ID="string_262" HPOS="1202" VPOS="1684" WIDTH="140" HEIGHT="36" WC="0.93" CONTENT="mantal"/><SP WIDTH="29" VPOS="1684" HPOS="1342"/>
							<String ID="string_263" HPOS="1371" VPOS="1682" WIDTH="217" HEIGHT="38" WC="0.91" CONTENT="Stallbacka"/><SP WIDTH="28" VPOS="1682" HPOS="1588"/>
							<String ID="string_264" HPOS="1616" VPOS="1695" WIDTH="59" HEIGHT="23" WC="0.90" CONTENT="n:r"/><SP WIDTH="31" VPOS="1695" HPOS="1675"/>
							<String ID="string_265" HPOS="1706" VPOS="1684" WIDTH="17" HEIGHT="34" WC="0.96" CONTENT="1"/><SP WIDTH="22" VPOS="1684" HPOS="1723"/>
							<String ID="string_266" HPOS="1745" VPOS="1682" WIDTH="121" HEIGHT="49" WC="0.93" CONTENT="jämte"/><SP WIDTH="19" VPOS="1682" HPOS="1866"/>
							<String ID="string_267" HPOS="1885" VPOS="1682" WIDTH="132" HEIGHT="50" WC="0.92" CONTENT="lägen-"/>
						</TextLine>
						<TextLine ID="line_32" HPOS="428" VPOS="1734" WIDTH="1588" HEIGHT="49">
							<String ID="string_268" HPOS="428" VPOS="1737" WIDTH="159" HEIGHT="37" WC="0.93" CONTENT="heterna"/><SP WIDTH="28" VPOS="1737" HPOS="587"/>
							<String ID="string_269" HPOS="615" VPOS="1736" WIDTH="156" HEIGHT="38" WC="0.90" CONTENT="Bäckön"/><SP WIDTH="35" VPOS="1736" HPOS="771"/>
							<String ID="string_270" HPOS="806" VPOS="1750" WIDTH="58" HEIGHT="23" WC="0.56" CONTENT="n:r"/><SP WIDTH="40" VPOS="1750" HPOS="864"/>
							<String ID="string_271" HPOS="904" VPOS="1738" WIDTH="32" HEIGHT="45" WC="0.93" CONTENT="1,"/><SP WIDTH="36" VPOS="1738" HPOS="936"/>
							<String ID="string_272" HPOS="972" VPOS="1735" WIDTH="179" HEIGHT="38" WC="0.90" CONTENT="Grothult"/><SP WIDTH="28" VPOS="1735" HPOS="1151"/>
							<String ID="string_273" HPOS="1179" VPOS="1735" WIDTH="90" HEIGHT="37" WC="0.96" CONTENT="eller"/><SP WIDTH="28" VPOS="1735" HPOS="1269"/>
							<String ID="string_274" HPOS="1297" VPOS="1736" WIDTH="83" HEIGHT="37" WC="0.92" CONTENT="Bön"/><SP WIDTH="27" VPOS="1736" HPOS="1380"/>
							<String ID="string_275" HPOS="1407" VPOS="1749" WIDTH="59" HEIGHT="23" WC="0.92" CONTENT="n:r"/><SP WIDTH="31" VPOS="1749" HPOS="1466"/>
							<String ID="string_276" HPOS="1497" VPOS="1737" WIDTH="32" HEIGHT="46" WC="0.92" CONTENT="1,"/><SP WIDTH="31" VPOS="1737" HPOS="1529"/>
							<String ID="string_277" HPOS="1560" VPOS="1734" WIDTH="149" HEIGHT="37" WC="0.91" CONTENT="Korsön"/><SP WIDTH="28" VPOS="1734" HPOS="1709"/>
							<String ID="string_278" HPOS="1737" VPOS="1748" WIDTH="58" HEIGHT="23" WC="0.90" CONTENT="n:r"/><SP WIDTH="31" VPOS="1748" HPOS="1795"/>
							<String ID="string_279" HPOS="1826" VPOS="1736" WIDTH="32" HEIGHT="47" WC="0.93" CONTENT="1,"/><SP WIDTH="29" VPOS="1736" HPOS="1858"/>
							<String ID="string_280" HPOS="1887" VPOS="1734" WIDTH="129" HEIGHT="37" WC="0.91" CONTENT="Kulön"/>
						</TextLine>
						<TextLine ID="line_33" HPOS="428" VPOS="1786" WIDTH="1589" HEIGHT="52">
							<String ID="string_281" HPOS="428" VPOS="1803" WIDTH="58" HEIGHT="22" WC="0.87" CONTENT="n:r"/><SP WIDTH="40" VPOS="1803" HPOS="486"/>
							<String ID="string_282" HPOS="526" VPOS="1791" WIDTH="32" HEIGHT="45" WC="0.93" CONTENT="1,"/><SP WIDTH="33" VPOS="1791" HPOS="558"/>
							<String ID="string_283" HPOS="591" VPOS="1789" WIDTH="142" HEIGHT="49" WC="0.89" CONTENT="Ljufön"/><SP WIDTH="28" VPOS="1789" HPOS="733"/>
							<String ID="string_284" HPOS="761" VPOS="1803" WIDTH="58" HEIGHT="23" WC="0.92" CONTENT="n:r"/><SP WIDTH="31" VPOS="1803" HPOS="819"/>
							<String ID="string_285" HPOS="850" VPOS="1791" WIDTH="32" HEIGHT="46" WC="0.93" CONTENT="1,"/><SP WIDTH="29" VPOS="1791" HPOS="882"/>
							<String ID="string_286" HPOS="911" VPOS="1789" WIDTH="177" HEIGHT="49" WC="0.87" CONTENT="Ljungön"/><SP WIDTH="29" VPOS="1789" HPOS="1088"/>
							<String ID="string_287" HPOS="1117" VPOS="1802" WIDTH="58" HEIGHT="22" WC="0.75" CONTENT="n:r"/><SP WIDTH="31" VPOS="1802" HPOS="1175"/>
							<String ID="string_288" HPOS="1206" VPOS="1790" WIDTH="32" HEIGHT="46" WC="0.93" CONTENT="1,"/><SP WIDTH="29" VPOS="1790" HPOS="1238"/>
							<String ID="string_289" HPOS="1267" VPOS="1789" WIDTH="124" HEIGHT="36" WC="0.89" CONTENT="Lofön"/><SP WIDTH="27" VPOS="1789" HPOS="1391"/>
							<String ID="string_290" HPOS="1418" VPOS="1802" WIDTH="58" HEIGHT="23" WC="0.87" CONTENT="n:r"/><SP WIDTH="32" VPOS="1802" HPOS="1476"/>
							<String ID="string_291" HPOS="1508" VPOS="1790" WIDTH="17" HEIGHT="34" WC="0.95" CONTENT="1"/><SP WIDTH="33" VPOS="1790" HPOS="1525"/>
							<String ID="string_292" HPOS="1558" VPOS="1787" WIDTH="71" HEIGHT="37" WC="0.95" CONTENT="och"/><SP WIDTH="29" VPOS="1787" HPOS="1629"/>
							<String ID="string_293" HPOS="1658" VPOS="1786" WIDTH="274" HEIGHT="38" WC="0.92" CONTENT="Slottsholmen"/><SP WIDTH="27" VPOS="1786" HPOS="1932"/>
							<String ID="string_294" HPOS="1959" VPOS="1801" WIDTH="58" HEIGHT="23" WC="0.87" CONTENT="n:r"/>
						</TextLine>
						<TextLine ID="line_34" HPOS="431" VPOS="1839" WIDTH="1586" HEIGHT="51">
							<String ID="string_295" HPOS="431" VPOS="1843" WIDTH="17" HEIGHT="35" WC="0.95" CONTENT="1"/><SP WIDTH="32" VPOS="1843" HPOS="448"/>
							<String ID="string_296" HPOS="480" VPOS="1846" WIDTH="97" HEIGHT="32" WC="0.95" CONTENT="samt"/><SP WIDTH="27" VPOS="1846" HPOS="577"/>
							<String ID="string_297" HPOS="604" VPOS="1841" WIDTH="102" HEIGHT="37" WC="0.93" CONTENT="inom"/><SP WIDTH="30" VPOS="1841" HPOS="706"/>
							<String ID="string_298" HPOS="736" VPOS="1840" WIDTH="213" HEIGHT="38" WC="0.91" CONTENT="Gärdhems"/><SP WIDTH="30" VPOS="1840" HPOS="949"/>
							<String ID="string_299" HPOS="979" VPOS="1841" WIDTH="138" HEIGHT="36" WC="0.93" CONTENT="socken"/><SP WIDTH="30" VPOS="1841" HPOS="1117"/>
							<String ID="string_300" HPOS="1147" VPOS="1839" WIDTH="46" HEIGHT="40" WC="0.30" CONTENT="”/s"/><SP WIDTH="30" VPOS="1839" HPOS="1193"/>
							<String ID="string_301" HPOS="1223" VPOS="1841" WIDTH="141" HEIGHT="37" WC="0.93" CONTENT="mantal"/><SP WIDTH="29" VPOS="1841" HPOS="1364"/>
							<String ID="string_302" HPOS="1393" VPOS="1840" WIDTH="105" HEIGHT="50" WC="0.91" CONTENT="Sylte"/><SP WIDTH="28" VPOS="1840" HPOS="1498"/>
							<String ID="string_303" HPOS="1526" VPOS="1840" WIDTH="266" HEIGHT="48" WC="0.89" CONTENT="kronogården"/><SP WIDTH="19" VPOS="1840" HPOS="1792"/>
							<String ID="string_304" HPOS="1811" VPOS="1853" WIDTH="59" HEIGHT="23" WC="0.89" CONTENT="n:r"/><SP WIDTH="25" VPOS="1853" HPOS="1870"/>
							<String ID="string_305" HPOS="1895" VPOS="1842" WIDTH="37" HEIGHT="44" WC="0.96" CONTENT="3;"/><SP WIDTH="30" VPOS="1842" HPOS="1932"/>
							<String ID="string_306" HPOS="1962" VPOS="1845" WIDTH="55" HEIGHT="32" WC="0.96" CONTENT="att"/>
						</TextLine>
						<TextLine ID="line_35" HPOS="429" VPOS="1892" WIDTH="1587" HEIGHT="50">
							<String ID="string_307" HPOS="429" VPOS="1893" WIDTH="121" HEIGHT="49" WC="0.93" CONTENT="enligt"/><SP WIDTH="41" VPOS="1893" HPOS="550"/>
							<String ID="string_308" HPOS="591" VPOS="1893" WIDTH="154" HEIGHT="49" WC="0.92" CONTENT="kollegii"/><SP WIDTH="40" VPOS="1893" HPOS="745"/>
							<String ID="string_309" HPOS="785" VPOS="1893" WIDTH="122" HEIGHT="37" WC="0.96" CONTENT="beslut"/><SP WIDTH="41" VPOS="1893" HPOS="907"/>
							<String ID="string_310" HPOS="948" VPOS="1893" WIDTH="74" HEIGHT="37" WC="0.96" CONTENT="den"/><SP WIDTH="41" VPOS="1893" HPOS="1022"/>
							<String ID="string_311" HPOS="1063" VPOS="1895" WIDTH="47" HEIGHT="35" WC="0.91" CONTENT="20"/><SP WIDTH="37" VPOS="1895" HPOS="1110"/>
							<String ID="string_312" HPOS="1147" VPOS="1892" WIDTH="191" HEIGHT="39" WC="0.91" CONTENT="nästlidna"/><SP WIDTH="28" VPOS="1892" HPOS="1338"/>
							<String ID="string_313" HPOS="1366" VPOS="1892" WIDTH="166" HEIGHT="38" WC="0.96" CONTENT="februari"/><SP WIDTH="28" VPOS="1892" HPOS="1532"/>
							<String ID="string_314" HPOS="1560" VPOS="1905" WIDTH="165" HEIGHT="24" WC="0.96" CONTENT="namnen"/><SP WIDTH="27" VPOS="1905" HPOS="1725"/>
							<String ID="string_315" HPOS="1752" VPOS="1892" WIDTH="215" HEIGHT="37" WC="0.91" CONTENT="förändrats"/><SP WIDTH="29" VPOS="1892" HPOS="1967"/>
							<String ID="string_316" HPOS="1996" VPOS="1896" WIDTH="20" HEIGHT="33" WC="0.91" CONTENT="å"/>
						</TextLine>
						<TextLine ID="line_36" HPOS="428" VPOS="1944" WIDTH="1585" HEIGHT="50">
							<String ID="string_317" HPOS="428" VPOS="1946" WIDTH="152" HEIGHT="37" WC="0.91" CONTENT="Bäckön"/><SP WIDTH="28" VPOS="1946" HPOS="580"/>
							<String ID="string_318" HPOS="608" VPOS="1946" WIDTH="56" HEIGHT="37" WC="0.93" CONTENT="till"/><SP WIDTH="28" VPOS="1946" HPOS="664"/>
							<String ID="string_319" HPOS="692" VPOS="1946" WIDTH="167" HEIGHT="48" WC="0.90" CONTENT="Bockön,"/><SP WIDTH="30" VPOS="1946" HPOS="859"/>
							<String ID="string_320" HPOS="889" VPOS="1949" WIDTH="20" HEIGHT="33" WC="0.91" CONTENT="å"/><SP WIDTH="30" VPOS="1949" HPOS="909"/>
							<String ID="string_321" HPOS="939" VPOS="1945" WIDTH="180" HEIGHT="38" WC="0.91" CONTENT="Grothult"/><SP WIDTH="27" VPOS="1945" HPOS="1119"/>
							<String ID="string_322" HPOS="1146" VPOS="1944" WIDTH="93" HEIGHT="38" WC="0.96" CONTENT="eller"/><SP WIDTH="18" VPOS="1944" HPOS="1239"/>
							<String ID="string_323" HPOS="1257" VPOS="1946" WIDTH="82" HEIGHT="37" WC="0.96" CONTENT="Bön"/><SP WIDTH="19" VPOS="1946" HPOS="1339"/>
							<String ID="string_324" HPOS="1358" VPOS="1945" WIDTH="57" HEIGHT="37" WC="0.93" CONTENT="till"/><SP WIDTH="21" VPOS="1945" HPOS="1415"/>
							<String ID="string_325" HPOS="1436" VPOS="1946" WIDTH="159" HEIGHT="47" WC="0.90" CONTENT="Grötön,"/><SP WIDTH="21" VPOS="1946" HPOS="1595"/>
							<String ID="string_326" HPOS="1616" VPOS="1946" WIDTH="20" HEIGHT="34" WC="0.92" CONTENT="å"/><SP WIDTH="20" VPOS="1946" HPOS="1636"/>
							<String ID="string_327" HPOS="1656" VPOS="1944" WIDTH="127" HEIGHT="37" WC="0.90" CONTENT="Kulön"/><SP WIDTH="19" VPOS="1944" HPOS="1783"/>
							<String ID="string_328" HPOS="1802" VPOS="1944" WIDTH="56" HEIGHT="37" WC="0.93" CONTENT="till"/><SP WIDTH="19" VPOS="1944" HPOS="1858"/>
							<String ID="string_329" HPOS="1877" VPOS="1945" WIDTH="136" HEIGHT="48" WC="0.92" CONTENT="Kolön,"/>
						</TextLine>
						<TextLine ID="line_37" HPOS="427" VPOS="1996" WIDTH="1588" HEIGHT="51">
							<String ID="string_330" HPOS="427" VPOS="2002" WIDTH="20" HEIGHT="33" WC="0.93" CONTENT="å"/><SP WIDTH="28" VPOS="2002" HPOS="447"/>
							<String ID="string_331" HPOS="475" VPOS="1998" WIDTH="138" HEIGHT="48" WC="0.91" CONTENT="Ljufön"/><SP WIDTH="45" VPOS="1998" HPOS="613"/>
							<String ID="string_332" HPOS="658" VPOS="1998" WIDTH="58" HEIGHT="36" WC="0.93" CONTENT="till"/><SP WIDTH="29" VPOS="1998" HPOS="716"/>
							<String ID="string_333" HPOS="745" VPOS="1998" WIDTH="207" HEIGHT="49" WC="0.90" CONTENT="Sågareön,"/><SP WIDTH="46" VPOS="1998" HPOS="952"/>
							<String ID="string_334" HPOS="998" VPOS="2001" WIDTH="20" HEIGHT="34" WC="0.92" CONTENT="å"/><SP WIDTH="44" VPOS="2001" HPOS="1018"/>
							<String ID="string_335" HPOS="1062" VPOS="1997" WIDTH="126" HEIGHT="37" WC="0.87" CONTENT="Lofön"/><SP WIDTH="44" VPOS="1997" HPOS="1188"/>
							<String ID="string_336" HPOS="1232" VPOS="1998" WIDTH="59" HEIGHT="37" WC="0.92" CONTENT="till"/><SP WIDTH="44" VPOS="1998" HPOS="1291"/>
							<String ID="string_337" HPOS="1335" VPOS="1998" WIDTH="123" HEIGHT="37" WC="0.92" CONTENT="Löfön"/><SP WIDTH="39" VPOS="1998" HPOS="1458"/>
							<String ID="string_338" HPOS="1497" VPOS="1997" WIDTH="69" HEIGHT="37" WC="0.93" CONTENT="och"/><SP WIDTH="37" VPOS="1997" HPOS="1566"/>
							<String ID="string_339" HPOS="1603" VPOS="2000" WIDTH="20" HEIGHT="33" WC="0.91" CONTENT="å"/><SP WIDTH="33" VPOS="2000" HPOS="1623"/>
							<String ID="string_340" HPOS="1656" VPOS="1996" WIDTH="273" HEIGHT="38" WC="0.90" CONTENT="Slottsholmen"/><SP WIDTH="28" VPOS="1996" HPOS="1929"/>
							<String ID="string_341" HPOS="1957" VPOS="1997" WIDTH="58" HEIGHT="37" WC="0.96" CONTENT="till"/>
						</TextLine>
						<TextLine ID="line_38" HPOS="429" VPOS="2049" WIDTH="1586" HEIGHT="50">
							<String ID="string_342" HPOS="429" VPOS="2050" WIDTH="185" HEIGHT="47" WC="0.89" CONTENT="Slottsön;"/><SP WIDTH="31" VPOS="2050" HPOS="614"/>
							<String ID="string_343" HPOS="645" VPOS="2055" WIDTH="98" HEIGHT="33" WC="0.96" CONTENT="samt"/><SP WIDTH="27" VPOS="2055" HPOS="743"/>
							<String ID="string_344" HPOS="770" VPOS="2056" WIDTH="55" HEIGHT="31" WC="0.95" CONTENT="att"/><SP WIDTH="28" VPOS="2056" HPOS="825"/>
							<String ID="string_345" HPOS="853" VPOS="2050" WIDTH="210" HEIGHT="37" WC="0.95" CONTENT="Trollhätte"/><SP WIDTH="30" VPOS="2050" HPOS="1063"/>
							<String ID="string_346" HPOS="1093" VPOS="2054" WIDTH="201" HEIGHT="33" WC="0.96" CONTENT="strömmar"/><SP WIDTH="28" VPOS="2054" HPOS="1294"/>
							<String ID="string_347" HPOS="1322" VPOS="2049" WIDTH="91" HEIGHT="38" WC="0.96" CONTENT="eller"/><SP WIDTH="27" VPOS="2049" HPOS="1413"/>
							<String ID="string_348" HPOS="1440" VPOS="2050" WIDTH="46" HEIGHT="37" WC="0.96" CONTENT="de"/><SP WIDTH="29" VPOS="2050" HPOS="1486"/>
							<String ID="string_349" HPOS="1515" VPOS="2049" WIDTH="80" HEIGHT="37" WC="0.96" CONTENT="däri"/><SP WIDTH="19" VPOS="2049" HPOS="1595"/>
							<String ID="string_350" HPOS="1614" VPOS="2049" WIDTH="103" HEIGHT="36" WC="0.96" CONTENT="inom"/><SP WIDTH="19" VPOS="2049" HPOS="1717"/>
							<String ID="string_351" HPOS="1736" VPOS="2049" WIDTH="102" HEIGHT="37" WC="0.93" CONTENT="förut"/><SP WIDTH="18" VPOS="2049" HPOS="1838"/>
							<String ID="string_352" HPOS="1856" VPOS="2050" WIDTH="159" HEIGHT="49" WC="0.91" CONTENT="angifna"/>
						</TextLine>
						<TextLine ID="line_39" HPOS="427" VPOS="2101" WIDTH="1587" HEIGHT="52">
							<String ID="string_353" HPOS="427" VPOS="2107" WIDTH="158" HEIGHT="45" WC="0.93" CONTENT="gränser"/><SP WIDTH="45" VPOS="2107" HPOS="585"/>
							<String ID="string_354" HPOS="630" VPOS="2103" WIDTH="162" HEIGHT="49" WC="0.95" CONTENT="belägna"/><SP WIDTH="41" VPOS="2103" HPOS="792"/>
							<String ID="string_355" HPOS="833" VPOS="2108" WIDTH="66" HEIGHT="32" WC="0.96" CONTENT="öar"/><SP WIDTH="44" VPOS="2108" HPOS="899"/>
							<String ID="string_356" HPOS="943" VPOS="2103" WIDTH="83" HEIGHT="37" WC="0.91" CONTENT="icke"/><SP WIDTH="45" VPOS="2103" HPOS="1026"/>
							<String ID="string_357" HPOS="1071" VPOS="2102" WIDTH="137" HEIGHT="37" WC="0.94" CONTENT="funnes"/><SP WIDTH="36" VPOS="2102" HPOS="1208"/>
							<String ID="string_358" HPOS="1244" VPOS="2103" WIDTH="12" HEIGHT="36" WC="0.93" CONTENT="i"/><SP WIDTH="31" VPOS="2103" HPOS="1256"/>
							<String ID="string_359" HPOS="1287" VPOS="2102" WIDTH="238" HEIGHT="51" WC="0.92" CONTENT="jordeboken"/><SP WIDTH="35" VPOS="2102" HPOS="1525"/>
							<String ID="string_360" HPOS="1560" VPOS="2101" WIDTH="160" HEIGHT="37" WC="0.95" CONTENT="införda."/><SP WIDTH="60" VPOS="2101" HPOS="1720"/>
							<String ID="string_361" HPOS="1780" VPOS="2101" WIDTH="138" HEIGHT="38" WC="0.95" CONTENT="Vidare"/><SP WIDTH="27" VPOS="2101" HPOS="1918"/>
							<String ID="string_362" HPOS="1945" VPOS="2103" WIDTH="69" HEIGHT="36" WC="0.96" CONTENT="har"/>
						</TextLine>
						<TextLine ID="line_40" HPOS="427" VPOS="2154" WIDTH="1586" HEIGHT="50">
							<String ID="string_363" HPOS="427" VPOS="2155" WIDTH="378" HEIGHT="49" WC="0.89" CONTENT="kammarkollegium"/><SP WIDTH="29" VPOS="2155" HPOS="805"/>
							<String ID="string_364" HPOS="834" VPOS="2156" WIDTH="138" HEIGHT="47" WC="0.95" CONTENT="anfört,"/><SP WIDTH="30" VPOS="2156" HPOS="972"/>
							<String ID="string_365" HPOS="1002" VPOS="2160" WIDTH="56" HEIGHT="32" WC="0.96" CONTENT="att"/><SP WIDTH="27" VPOS="2160" HPOS="1058"/>
							<String ID="string_366" HPOS="1085" VPOS="2154" WIDTH="209" HEIGHT="50" WC="0.96" CONTENT="kollegium"/><SP WIDTH="27" VPOS="2154" HPOS="1294"/>
							<String ID="string_367" HPOS="1321" VPOS="2155" WIDTH="83" HEIGHT="37" WC="0.96" CONTENT="icke"/><SP WIDTH="29" VPOS="2155" HPOS="1404"/>
							<String ID="string_368" HPOS="1433" VPOS="2155" WIDTH="96" HEIGHT="36" WC="0.96" CONTENT="hade"/><SP WIDTH="28" VPOS="2155" HPOS="1529"/>
							<String ID="string_369" HPOS="1557" VPOS="2157" WIDTH="119" HEIGHT="46" WC="0.96" CONTENT="något"/><SP WIDTH="27" VPOS="2157" HPOS="1676"/>
							<String ID="string_370" HPOS="1703" VPOS="2159" WIDTH="55" HEIGHT="32" WC="0.96" CONTENT="att"/><SP WIDTH="28" VPOS="2159" HPOS="1758"/>
							<String ID="string_371" HPOS="1786" VPOS="2155" WIDTH="123" HEIGHT="37" WC="0.93" CONTENT="erinra"/><SP WIDTH="21" VPOS="2155" HPOS="1909"/>
							<String ID="string_372" HPOS="1930" VPOS="2155" WIDTH="83" HEIGHT="36" WC="0.92" CONTENT="där-"/>
						</TextLine>
						<TextLine ID="line_41" HPOS="428" VPOS="2206" WIDTH="1586" HEIGHT="51">
							<String ID="string_373" HPOS="428" VPOS="2212" WIDTH="113" HEIGHT="44" WC="0.95" CONTENT="emot,"/><SP WIDTH="43" VPOS="2212" HPOS="541"/>
							<String ID="string_374" HPOS="584" VPOS="2212" WIDTH="54" HEIGHT="32" WC="0.96" CONTENT="att"/><SP WIDTH="41" VPOS="2212" HPOS="638"/>
							<String ID="string_375" HPOS="679" VPOS="2208" WIDTH="73" HEIGHT="36" WC="0.96" CONTENT="den"/><SP WIDTH="42" VPOS="2208" HPOS="752"/>
							<String ID="string_376" HPOS="794" VPOS="2207" WIDTH="60" HEIGHT="38" WC="0.96" CONTENT="del"/><SP WIDTH="41" VPOS="2207" HPOS="854"/>
							<String ID="string_377" HPOS="895" VPOS="2208" WIDTH="41" HEIGHT="36" WC="0.93" CONTENT="af"/><SP WIDTH="37" VPOS="2208" HPOS="936"/>
							<String ID="string_378" HPOS="973" VPOS="2207" WIDTH="264" HEIGHT="48" WC="0.86" CONTENT="ifrågakomna"/><SP WIDTH="40" VPOS="2207" HPOS="1237"/>
							<String ID="string_379" HPOS="1277" VPOS="2207" WIDTH="321" HEIGHT="50" WC="0.86" CONTENT="kronoegendom,"/><SP WIDTH="43" VPOS="2207" HPOS="1598"/>
							<String ID="string_380" HPOS="1641" VPOS="2220" WIDTH="78" HEIGHT="23" WC="0.96" CONTENT="som"/><SP WIDTH="30" VPOS="2220" HPOS="1719"/>
							<String ID="string_381" HPOS="1749" VPOS="2206" WIDTH="118" HEIGHT="38" WC="0.96" CONTENT="hörde"/><SP WIDTH="28" VPOS="2206" HPOS="1867"/>
							<String ID="string_382" HPOS="1895" VPOS="2207" WIDTH="119" HEIGHT="37" WC="0.96" CONTENT="under"/>
						</TextLine>
						<TextLine ID="line_42" HPOS="427" VPOS="2259" WIDTH="1588" HEIGHT="50">
							<String ID="string_383" HPOS="427" VPOS="2259" WIDTH="155" HEIGHT="50" WC="0.91" CONTENT="kollegii"/><SP WIDTH="35" VPOS="2259" HPOS="582"/>
							<String ID="string_384" HPOS="617" VPOS="2260" WIDTH="180" HEIGHT="37" WC="0.92" CONTENT="inseende"/><SP WIDTH="40" VPOS="2260" HPOS="797"/>
							<String ID="string_385" HPOS="837" VPOS="2259" WIDTH="71" HEIGHT="38" WC="0.96" CONTENT="och"/><SP WIDTH="27" VPOS="2259" HPOS="908"/>
							<String ID="string_386" HPOS="935" VPOS="2260" WIDTH="103" HEIGHT="48" WC="0.96" CONTENT="vård,"/><SP WIDTH="31" VPOS="2260" HPOS="1038"/>
							<String ID="string_387" HPOS="1069" VPOS="2259" WIDTH="90" HEIGHT="38" WC="0.96" CONTENT="eller"/><SP WIDTH="29" VPOS="2259" HPOS="1159"/>
							<String ID="string_388" HPOS="1188" VPOS="2259" WIDTH="147" HEIGHT="38" WC="0.96" CONTENT="således"/><SP WIDTH="30" VPOS="2259" HPOS="1335"/>
							<String ID="string_389" HPOS="1365" VPOS="2260" WIDTH="209" HEIGHT="36" WC="0.89" CONTENT="Trollhätte"/><SP WIDTH="29" VPOS="2260" HPOS="1574"/>
							<String ID="string_390" HPOS="1603" VPOS="2263" WIDTH="201" HEIGHT="33" WC="0.96" CONTENT="strömmar"/><SP WIDTH="28" VPOS="2263" HPOS="1804"/>
							<String ID="string_391" HPOS="1832" VPOS="2260" WIDTH="82" HEIGHT="36" WC="0.96" CONTENT="från"/><SP WIDTH="29" VPOS="2260" HPOS="1914"/>
							<String ID="string_392" HPOS="1943" VPOS="2260" WIDTH="72" HEIGHT="36" WC="0.96" CONTENT="och"/>
						</TextLine>
						<TextLine ID="line_43" HPOS="426" VPOS="2311" WIDTH="1587" HEIGHT="51">
							<String ID="string_393" HPOS="426" VPOS="2313" WIDTH="85" HEIGHT="36" WC="0.92" CONTENT="med"/><SP WIDTH="29" VPOS="2313" HPOS="511"/>
							<String ID="string_394" HPOS="540" VPOS="2313" WIDTH="266" HEIGHT="37" WC="0.92" CONTENT="Prästskedets"/><SP WIDTH="32" VPOS="2313" HPOS="806"/>
							<String ID="string_395" HPOS="838" VPOS="2312" WIDTH="66" HEIGHT="37" WC="0.96" CONTENT="fall"/><SP WIDTH="27" VPOS="2312" HPOS="904"/>
							<String ID="string_396" HPOS="931" VPOS="2312" WIDTH="59" HEIGHT="36" WC="0.95" CONTENT="till"/><SP WIDTH="28" VPOS="2312" HPOS="990"/>
							<String ID="string_397" HPOS="1018" VPOS="2313" WIDTH="71" HEIGHT="36" WC="0.95" CONTENT="och"/><SP WIDTH="27" VPOS="2313" HPOS="1089"/>
							<String ID="string_398" HPOS="1116" VPOS="2313" WIDTH="85" HEIGHT="36" WC="0.90" CONTENT="med"/><SP WIDTH="28" VPOS="2313" HPOS="1201"/>
							<String ID="string_399" HPOS="1229" VPOS="2313" WIDTH="438" HEIGHT="49" WC="0.89" CONTENT="Flottbergsströmmen,"/><SP WIDTH="25" VPOS="2313" HPOS="1667"/>
							<String ID="string_400" HPOS="1692" VPOS="2311" WIDTH="119" HEIGHT="48" WC="0.96" CONTENT="jämte"/><SP WIDTH="30" VPOS="2311" HPOS="1811"/>
							<String ID="string_401" HPOS="1841" VPOS="2312" WIDTH="80" HEIGHT="37" WC="0.90" CONTENT="däri"/><SP WIDTH="27" VPOS="2312" HPOS="1921"/>
							<String ID="string_402" HPOS="1948" VPOS="2312" WIDTH="65" HEIGHT="37" WC="0.90" CONTENT="be-"/>
						</TextLine>
						<TextLine ID="line_44" HPOS="425" VPOS="2364" WIDTH="1588" HEIGHT="50">
							<String ID="string_403" HPOS="425" VPOS="2366" WIDTH="114" HEIGHT="47" WC="0.91" CONTENT="lägna"/><SP WIDTH="29" VPOS="2366" HPOS="539"/>
							<String ID="string_404" HPOS="568" VPOS="2370" WIDTH="76" HEIGHT="43" WC="0.62" CONTENT="öar,"/><SP WIDTH="35" VPOS="2370" HPOS="644"/>
							<String ID="string_405" HPOS="679" VPOS="2366" WIDTH="6" HEIGHT="35" WC="0.96" CONTENT="i"/><SP WIDTH="28" VPOS="2366" HPOS="685"/>
							<String ID="string_406" HPOS="713" VPOS="2365" WIDTH="73" HEIGHT="36" WC="0.96" CONTENT="den"/><SP WIDTH="28" VPOS="2365" HPOS="786"/>
							<String ID="string_407" HPOS="814" VPOS="2368" WIDTH="86" HEIGHT="33" WC="0.95" CONTENT="mån"/><SP WIDTH="29" VPOS="2368" HPOS="900"/>
							<String ID="string_408" HPOS="929" VPOS="2365" WIDTH="45" HEIGHT="36" WC="0.95" CONTENT="de"/><SP WIDTH="29" VPOS="2365" HPOS="974"/>
							<String ID="string_409" HPOS="1003" VPOS="2366" WIDTH="33" HEIGHT="48" WC="0.96" CONTENT="ej"/><SP WIDTH="30" VPOS="2366" HPOS="1036"/>
							<String ID="string_410" HPOS="1066" VPOS="2378" WIDTH="139" HEIGHT="35" WC="0.90" CONTENT="genom"/><SP WIDTH="29" VPOS="2378" HPOS="1205"/>
							<String ID="string_411" HPOS="1234" VPOS="2366" WIDTH="202" HEIGHT="48" WC="0.90" CONTENT="skatteköp"/><SP WIDTH="29" VPOS="2366" HPOS="1436"/>
							<String ID="string_412" HPOS="1465" VPOS="2365" WIDTH="211" HEIGHT="48" WC="0.91" CONTENT="föryttrats,"/><SP WIDTH="33" VPOS="2365" HPOS="1676"/>
							<String ID="string_413" HPOS="1709" VPOS="2364" WIDTH="157" HEIGHT="38" WC="0.96" CONTENT="ställdes"/><SP WIDTH="27" VPOS="2364" HPOS="1866"/>
							<String ID="string_414" HPOS="1893" VPOS="2365" WIDTH="120" HEIGHT="37" WC="0.96" CONTENT="under"/>
						</TextLine>
						<TextLine ID="line_45" HPOS="425" VPOS="2416" WIDTH="1361" HEIGHT="51">
							<String ID="string_415" HPOS="425" VPOS="2417" WIDTH="234" HEIGHT="50" WC="0.96" CONTENT="förvaltning"/><SP WIDTH="29" VPOS="2417" HPOS="659"/>
							<String ID="string_416" HPOS="688" VPOS="2417" WIDTH="41" HEIGHT="37" WC="0.96" CONTENT="af"/><SP WIDTH="25" VPOS="2417" HPOS="729"/>
							<String ID="string_417" HPOS="754" VPOS="2417" WIDTH="188" HEIGHT="50" WC="0.96" CONTENT="styrelsen"/><SP WIDTH="28" VPOS="2417" HPOS="942"/>
							<String ID="string_418" HPOS="970" VPOS="2418" WIDTH="59" HEIGHT="36" WC="0.96" CONTENT="för"/><SP WIDTH="27" VPOS="2418" HPOS="1029"/>
							<String ID="string_419" HPOS="1056" VPOS="2417" WIDTH="210" HEIGHT="38" WC="0.93" CONTENT="Trollhätte"/><SP WIDTH="28" VPOS="2417" HPOS="1266"/>
							<String ID="string_420" HPOS="1294" VPOS="2417" WIDTH="128" HEIGHT="38" WC="0.92" CONTENT="kanal-"/><SP WIDTH="30" VPOS="2417" HPOS="1422"/>
							<String ID="string_421" HPOS="1452" VPOS="2417" WIDTH="70" HEIGHT="38" WC="0.97" CONTENT="och"/><SP WIDTH="28" VPOS="2417" HPOS="1522"/>
							<String ID="string_422" HPOS="1550" VPOS="2416" WIDTH="236" HEIGHT="38" WC="0.96" CONTENT="vattenverk."/>
						</TextLine>
					</TextBlock>
				</ComposedBlock>
			</PrintSpace>
		</Page>
	</Layout>
</alto>
