2210 2632
466 153 118 30 Första
609 152 204 30 kammarens
832 151 113 38 första
973 148 168 42 tillfälliga
1165 147 129 32 utskotts
1317 146 167 32 utlåtande
1507 146 53 31 Nr
1583 146 52 30 25.
1815 145 36 30 11

247 244 93 47 jämt
377 244 101 34 torde
521 242 144 35 komma
707 244 53 32 att
788 240 153 46 bidraga
969 239 57 36 till
1056 240 43 34 de
1129 238 139 35 mindre
1302 236 268 36 folkskolornas
1599 234 214 47 minskning
1841 234 14 35 i

251 298 98 34 antal
393 297 66 35 och
503 295 208 36 ersättande
754 295 81 34 med
878 293 183 47 egentliga
1103 292 200 35 folkskolor
1332 295 93 30 samt
1452 290 13 35 i
1494 290 198 34 allmänhet
1725 288 56 35 till
1810 289 44 34 de

250 350 308 35 halvtidsläsande
588 349 187 34 skolornas
805 350 183 43 övergång
1015 346 58 35 till
1100 346 118 34 bättre
1248 344 225 35 skolformer.

358 405 73 33 Det
473 401 235 36 ekonomiska
750 402 187 44 underlag,
983 411 75 24 som
1101 397 293 48 oundgängligen
1436 397 151 43 fordras,
1619 396 121 34 därest
1774 397 80 33 vårt

251 456 341 36 folkskoleväsende
634 455 105 43 skall,
783 457 89 32 utan
914 453 133 34 hinder
1075 464 45 24 av
1155 450 281 46 befolkningens
1464 450 143 46 gleshet
1637 450 66 34 och
1732 448 122 46 fattig-

252 511 93 42 dom,
376 510 126 34 kunna
525 508 187 34 utvecklas
742 507 93 35 efter
863 506 184 46 enhetliga
1076 505 67 35 och
1172 504 204 35 önskvärda
1404 514 155 32 normer,
1591 502 73 34 kan
1694 502 158 34 emeller-

252 563 53 35 tid
334 568 97 29 ännu
474 560 30 48 ej
551 566 101 41 sägas
695 572 86 23 vara
823 562 39 32 så
903 562 159 44 tryggat,
1095 560 52 33 att
1189 557 81 35 icke
1306 569 45 22 en
1380 555 73 37 viss
1482 556 207 35 varsamhet
1722 554 130 36 kräves

251 615 225 36 beträffande
504 614 300 46 tvångsåtgärder
837 615 74 33 mot
943 611 268 36 vederbörande
1231 611 226 34 kommuner.
1502 608 221 46 Billigheten
1747 619 107 35 synes

251 669 125 43 kräva,
396 671 53 33 att
479 669 71 34 den
578 680 51 22 nu
658 667 160 35 aktuella
847 666 128 46 frågan
1004 677 56 23 om
1090 664 147 35 särskilt
1265 663 199 35 understöd
1492 665 37 32 åt
1558 661 169 47 tattigare
1756 661 97 35 kom-

252 734 129 22 muner
408 721 57 36 till
493 720 234 37 bestridande
756 733 44 23 av
829 720 44 35 de
902 718 232 37 kommunala
1162 717 201 47 utgifterna
1392 715 235 36 därförinnan
1654 715 104 35 löses.

361 775 109 35 Huru
507 774 325 48 behjärtansvärda
861 774 44 34 de
934 772 197 43 önskemål,
1162 783 75 23 som
1265 771 13 35 i
1306 770 186 36 motionen
1520 769 67 35 och
1615 769 112 34 andra
1755 768 98 34 kam-

253 841 142 23 marens
423 829 161 35 utskotts
612 828 188 35 utlåtande
828 826 153 36 kommit
1009 825 58 36 till
1086 825 160 47 uttryck,
1264 831 46 29 än
1330 829 72 39 äro,
1424 824 74 34 kan
1516 822 179 35 utskottet
1715 822 138 34 således

252 883 81 35 icke
376 883 111 43 finna,
519 884 52 33 att
614 882 71 34 den
724 881 210 35 nuvarande
976 878 223 47 tidpunkten
1241 883 40 29 är
1309 877 56 36 för
1393 889 45 23 en
1467 874 313 48 skollagstiftning
1809 887 44 23 av

253 937 214 46 föreslagen,
497 935 177 35 räckvidd
702 934 85 35 fullt
815 932 162 47 lämplig.
1022 933 130 45 Någon
1181 930 73 36 tids
1284 930 229 36 avvaktande
1533 929 101 35 torde
1653 928 201 47 ingalunda

252 1003 85 22 vara
381 990 58 35 till
480 989 125 35 skada.
662 988 170 35 Tvärtom
874 987 93 35 lärer
1009 985 212 47 därigenom
1265 997 45 22 en
1338 996 99 23 mera
1465 983 153 46 stadgad
1646 982 208 35 erfarenhet

252 1044 126 35 kunna
420 1042 133 36 vinnas
595 1054 56 23 om
695 1041 44 36 de
776 1040 280 48 betydelsefulla
1089 1039 66 35 och
1184 1037 106 49 djupt
1317 1037 221 47 ingripande
1567 1036 178 46 åtgärder,
1777 1047 75 23 som

252 1098 115 34 under
397 1097 44 34 de
470 1108 126 23 senare
625 1097 86 34 åren
739 1094 13 35 i
768 1094 178 36 avseende
966 1096 20 32 å
1005 1095 81 34 vårt
1105 1090 525 48 folkundervisningsväsende
1650 1088 201 47 företagits.

359 1150 189 35 Utskottet
572 1149 75 35 kan
675 1149 81 35 icke
785 1148 115 35 heller
927 1148 124 46 undgå
1080 1147 70 35 den
1177 1144 297 48 uppfattningen,
1506 1147 52 32 att
1587 1142 267 36 motionärerna

252 1204 14 35 i
307 1203 96 37 vissa
446 1203 203 36 avseenden
678 1205 72 33 sett
787 1202 60 35 väl
875 1201 119 36 mörkt
1023 1203 46 44 på
1098 1199 275 49 möjligheterna
1402 1201 54 33 att
1485 1198 81 35 med
1595 1196 185 36 anlitande
1809 1208 45 23 av

251 1258 114 43 redan
394 1257 168 47 gällande
597 1256 271 36 bestämmelser
896 1254 169 48 avhjälpa
1094 1255 44 34 de
1166 1266 44 23 av
1240 1253 81 35 dem
1351 1251 193 36 anmärkta
1571 1250 283 36 missförhållan-

251 1312 104 35 dena.
412 1311 19 35 I
461 1312 71 34 den
560 1310 55 36 för
643 1308 437 47 folkskolinspektörerna
1110 1310 39 32 år
1181 1309 100 33 1914
1311 1305 205 36 fastställda
1543 1303 226 36 instruktion
1789 1303 64 35 fin-

251 1377 65 23 nes
345 1365 72 35 den
446 1369 80 42 väg,
558 1376 74 23 som
661 1364 66 34 bör
743 1363 180 43 beträdas,
946 1362 122 34 därest
1087 1360 357 36 skolförhållandena
1462 1358 98 35 inom
1576 1360 110 44 något
1704 1356 150 36 distrikt

252 1419 118 35 skulle
399 1417 79 38 visa
507 1417 56 47 sig
591 1417 142 35 mindre
747 1415 348 43 tillfredsställande,
1117 1414 97 35 klart
1234 1412 158 48 angiven
1411 1412 67 36 och
1498 1411 194 36 anbefalld.
1728 1409 126 47 Enligt

251 1473 159 34 nämnda
447 1470 225 37 instruktion
714 1471 66 34 har
817 1468 362 47 folkskolinspektör,
1224 1479 74 23 som
1341 1467 119 34 finner
1495 1465 80 36 skäl
1602 1464 58 36 till
1689 1463 164 36 anmärk-

251 1526 91 47 ning
383 1525 227 36 beträffande
652 1524 255 36 skolväsendet
948 1522 98 36 inom
1075 1524 109 44 något
1213 1519 159 45 distrikt,
1405 1522 64 41 att,
1500 1520 65 34 där
1594 1520 39 33 så
1662 1529 104 24 anses
1795 1517 58 35 be-

251 1579 151 47 hövligt,
433 1578 163 36 tillställa
624 1578 184 36 skolrådet
837 1577 89 35 eller
954 1576 260 47 skolstyrelsen
1234 1573 180 47 skriftligt
1432 1573 239 35 meddelande
1690 1571 14 36 i
1719 1571 132 44 ämnet,

251 1633 115 36 vilket
409 1633 248 43 meddelande,
702 1633 46 34 då
790 1632 61 34 det
893 1630 204 36 föranledes
1132 1641 44 24 av
1204 1627 358 48 inspektionsbesök,
1593 1626 94 35 skall
1715 1625 138 36 avlåtas

251 1687 97 36 inom
379 1690 55 32 tre
462 1687 172 34 månader
663 1685 92 36 efter
782 1681 515 50 inspektionsförrättningen.
1356 1681 93 35 Sker
1480 1680 82 35 icke
1590 1680 149 35 rättelse
1767 1678 14 35 i
1809 1691 44 23 av

251 1740 240 47 inspektören
535 1739 190 35 anmärkta
758 1738 262 43 förhållanden,
1051 1737 66 35 har
1144 1737 73 34 han
1246 1738 52 33 att
1327 1735 121 35 därom
1478 1739 86 42 göra
1593 1733 168 36 anmälan
1789 1733 64 34 hos

252 1794 268 36 vederbörande
557 1792 224 47 domkapitel
809 1792 66 35 och
903 1790 190 47 samtidigt
1119 1790 121 35 lämna
1268 1787 425 47 folkskolöverstyrelsen
1721 1786 132 35 under-

250 1848 148 35 rättelse
440 1860 55 22 om
536 1847 187 47 åtgärden.
780 1846 203 35 Enahanda
1011 1844 207 36 förfarande
1246 1844 66 34 har
1341 1843 73 34 han
1443 1844 53 33 att
1524 1841 176 46 iakttaga,
1732 1840 121 35 därest

251 1903 73 33 han
365 1901 83 35 icke
485 1900 98 36 inom
620 1903 55 32 tre
713 1900 171 35 månader
923 1899 93 35 efter
1045 1898 190 35 avlåtande
1264 1909 44 23 av
1337 1895 255 36 meddelandet
1620 1894 82 35 från
1730 1894 123 36 veder-

250 1956 160 35 börande
447 1954 218 36 ordförande
706 1954 14 34 i
757 1953 146 36 skolråd
946 1952 88 35 eller
1063 1951 234 47 skolstyrelse
1326 1949 146 36 erhållit
1500 1947 266 37 underrättelse
1796 1959 57 23 om

248 2010 47 34 de
325 2009 178 47 åtgärder,
534 2008 58 36 till
620 2007 101 37 vilka
750 2007 254 36 meddelandet
1032 2005 182 36 föranlett.
1272 2004 19 35 I
1319 2004 130 34 sådant
1476 2002 76 45 fall,
1575 2003 65 34 där
1663 2001 190 46 inspektör

251 2062 124 36 funnit
402 2062 56 47 sig
487 2062 202 35 föranlåten
718 2063 54 33 att
800 2060 140 48 påyrka
969 2072 46 23 en
1042 2057 242 48 väsentligare
1313 2056 195 47 omdaning
1537 2068 44 24 av
1601 2055 254 36 skolväsendet

250 2117 13 34 i
293 2119 52 32 ett
388 2115 150 37 distrikt
580 2115 88 36 eller
706 2117 52 33 att
787 2114 106 47 eljest
921 2113 148 46 vidtaga
1096 2114 120 45 någon
1245 2123 99 23 mera
1371 2109 219 48 ingripande
1620 2109 137 46 åtgärd,
1789 2109 65 34 har

250 2171 74 34 han
362 2172 53 34 att
449 2170 123 34 därom
611 2169 222 35 omedelbart
874 2168 122 34 lämna
1024 2166 264 47 överstyrelsen
1316 2164 275 35 underrättelse.
1650 2162 124 35 Skulle
1802 2162 52 35 in-

251 2224 148 46 spektör
442 2224 55 35 för
539 2225 110 45 något
685 2222 64 36 fall
776 2221 14 36 i
819 2222 102 46 fråga
949 2233 56 23 om
1036 2219 58 36 sin
1123 2219 234 37 verksamhet
1384 2219 102 34 finna
1514 2216 57 48 sig
1599 2216 12 35 i
1640 2216 140 36 saknad
1809 2228 45 23 av

251 2277 113 48 nödig
393 2276 201 44 föreskrift,
624 2277 66 34 har
719 2277 72 34 han
821 2278 53 33 att
899 2274 136 49 jämväl
1055 2274 122 35 därom
1197 2278 87 42 göra
1303 2272 169 36 anmälan
1492 2272 65 35 hos
1578 2270 273 47 överstyrelsen.
