1848 2794
445 200 286 30 Statsutskottets
753 200 179 31 utlåtande
952 209 42 20 nr
1018 200 40 29 12
1078 199 39 31 år
1139 200 84 29 1956
1567 199 17 29 7

125 284 77 34 6:0)
224 285 134 29 Statens
375 284 256 30 avtalsnämnd:
652 284 263 30 Omkostnader.
934 283 13 29 I
966 283 150 38 enlighet
1133 284 78 29 med
1229 283 125 40 Kungl.
1374 282 123 40 Maj:ts
1515 283 69 30 för-

82 335 73 40 slag
179 335 130 40 (punkt
329 335 29 33 6,
377 344 26 20 s.
424 334 70 35 10),
512 335 108 30 vilket
638 334 145 30 innebär
801 334 215 30 oförändrad
1035 333 329 40 medelsanvisning,
1383 333 201 30 hemställer

82 385 181 35 utskottet,

435 438 51 28 att
508 436 189 40 riksdagen
721 437 56 30 må
802 436 50 29 till
875 436 140 29 Statens
1037 435 264 30 avtalsnämnd:
1328 435 257 30 Omkostnader

391 487 53 30 för
469 487 205 39 budgetåret
702 486 147 36 1956/57
876 486 122 30 anvisa
1024 488 47 28 ett
1097 486 274 40 förslagsanslag
1398 495 42 21 av
1466 486 40 30 25
1523 486 61 30 100

392 538 139 29 kronor.

128 681 76 33 7:0)
232 680 135 30 Statens
391 681 307 35 pensionsanstalt:
728 681 222 35 Avlöningar.
974 681 126 39 Kungl.
1125 680 106 39 Maj:t
1254 680 64 30 har
1348 680 130 40 (punkt
1503 680 29 34 7,
1558 690 26 20 s.

84 730 145 34 10-—-13)
256 731 179 39 föreslagit
457 731 188 39 riksdagen
666 733 50 28 att
736 731 72 31 dels
829 731 211 39 bemyndiga
1061 731 125 38 Kungl.
1209 730 105 40 Maj:t
1335 732 50 28 att
1407 739 41 21 ur
1469 739 116 32 perso-

82 781 329 40 nalförteckningen
430 782 54 29 för
503 783 133 28 statens
655 781 299 41 pensionsanstalt
973 782 153 29 utesluta
1145 791 43 20 en
1209 781 111 39 tjänst
1341 781 116 30 såsom
1477 782 108 29 förste

81 832 161 30 aktuarie
262 833 10 29 i
292 832 47 30 Ca
357 832 52 34 29,
428 833 73 30 dels
523 833 188 38 godkänna
731 841 42 21 av
792 832 387 40 departementschefen
1202 832 166 30 förordad
1389 832 196 40 avlönings-

83 884 69 28 stat
170 883 55 30 för
241 882 353 41 pensionsanstalten,
614 884 50 29 att
682 883 176 40 tillämpas
877 882 70 30 tills
965 882 119 31 vidare
1101 882 81 30 från
1200 882 66 30 och
1284 883 79 30 med
1380 882 205 41 budgetåret

85 933 161 36 1956/57,
274 933 73 30 dels
376 933 65 30 ock
467 933 51 30 till
548 934 138 30 Statens
713 933 314 40 pensionsanstalt:
1058 933 213 40 Avlöningar
1299 933 55 30 för
1380 933 205 40 budgetåret

85 983 149 36 1956/57
257 984 121 29 anvisa
400 984 48 29 ett
472 984 273 39 förslagsanslag
766 993 43 20 av
829 983 64 30 849
907 984 63 30 000
991 984 141 29 kronor.

128 1083 269 40 Ifrågavarande
420 1084 121 40 anslag
563 1085 39 29 är
624 1084 10 29 i
658 1084 158 40 gällande
840 1084 147 30 riksstat
1008 1084 146 40 uppfört
1177 1084 79 30 med
1280 1084 60 30 777
1357 1084 62 31 000
1443 1085 141 31 kronor.

126 1134 127 40 Kungl.
271 1134 123 40 Maj:ts
411 1134 130 40 förslag
558 1134 156 35 innebär,
732 1135 155 29 förutom
903 1135 93 29 vissa
1015 1134 238 31 automatiska
1271 1135 314 30 kostnadsföränd-

82 1184 129 40 ringar,

126 1238 52 27 att
193 1245 43 20 en
250 1236 20 29 å
285 1236 361 39 pensionsanstaltens
661 1235 387 42 personalförteckning
1062 1236 164 40 uppförd,
1242 1236 24 29 f.
1281 1246 33 20 n.
1329 1236 131 30 vakant
1474 1236 111 40 tjänst

83 1286 117 30 såsom
219 1286 108 30 förste
345 1286 159 30 aktuarie
522 1287 11 28 i
551 1287 45 29 Ca
614 1287 41 30 29
673 1286 137 30 avföres
828 1286 80 30 från
926 1286 448 40 personalförteckningen;

126 1339 52 30 att
196 1336 54 31 för
267 1336 406 41 personalförstärkning
690 1337 20 30 å
727 1337 362 40 pensionsanstaltens
1108 1336 360 41 försäkringssektion
1486 1346 99 22 avses

82 1389 49 28 ett
149 1386 125 41 belopp
293 1396 41 21 av
355 1387 38 30 13
408 1387 62 30 000
489 1387 130 30 kronor
636 1387 110 39 jämte
765 1387 122 39 rörligt
905 1387 119 40 tillägg
1043 1387 95 34 därå,
1158 1388 120 30 varvid
1298 1388 214 38 förutsättes,
1534 1389 51 28 att

82 1438 268 39 anslagsposten
367 1438 50 29 till
434 1437 204 40 avlöningar
655 1438 52 29 till
723 1437 268 30 icke-ordinarie
1007 1438 163 39 personal
1187 1437 11 30 i
1215 1438 78 30 dess
1311 1438 117 30 helhet
1445 1438 54 30 får
1516 1438 68 30 dis-

82 1497 150 31 poneras
251 1497 42 21 av
309 1488 343 40 pensionsanstalten
671 1488 54 30 för
742 1488 143 30 därmed
904 1489 111 28 avsett
1035 1488 180 35 ändamål;

126 1540 94 28 samt
238 1540 61 35 att,
319 1539 83 29 enär
421 1538 200 40 ytterligare
642 1538 57 30 två
719 1538 176 30 ordinarie
917 1538 308 30 kontorsbiträden
1248 1538 204 31 förutsättes
1475 1539 111 30 under

84 1590 102 29 nästa
204 1589 170 39 budgetår
393 1588 186 40 uppehålla
598 1588 107 40 högre
724 1588 269 30 icke-ordinarie
1013 1588 160 40 tjänster,
1195 1590 49 29 ett
1262 1589 124 41 belopp
1407 1598 41 21 av
1469 1590 39 30 13
1522 1589 64 31 900

84 1640 131 29 kronor
237 1639 176 30 överföres
437 1639 78 30 från
539 1639 301 40 ordinarieposten
867 1639 52 29 till
942 1639 405 40 icke-ordinarieposten.

127 1690 166 39 Anslaget
313 1690 173 30 beräknas
508 1689 165 30 sålunda:

127 1740 204 40 avlöningar
357 1740 53 30 till
435 1740 175 30 ordinarie
637 1740 215 39 tjänstemän
880 1740 138 31 159500
1051 1741 59 33 (—
1137 1741 38 30 13
1191 1741 79 34 900)
1302 1741 145 35 kronor;

127 1790 153 30 arvoden
303 1790 65 30 och
392 1790 172 31 särskilda
589 1790 245 40 ersättningar,
859 1791 182 30 bestämda
1065 1800 42 20 av
1131 1791 126 40 Kungl.
1282 1791 115 40 Maj:t,
1422 1792 164 31 oföränd-

81 1844 56 27 rat
157 1841 18 29 8
190 1841 62 30 000
272 1842 146 35 kronor;

128 1891 205 40 avlöningar
354 1891 52 30 till
426 1891 268 30 icke-ordinarie
717 1893 162 38 personal
900 1891 63 31 513
978 1891 63 31 400
1068 1892 55 37 (+
1148 1892 40 30 23
1203 1892 80 33 400)
1310 1892 145 35 kronor;

127 1941 122 39 rörligt
270 1941 119 40 tillägg
414 1942 137 30 168100
579 1943 56 37 (+
661 1942 134 34 62500)
823 1943 141 29 kronor.

128 1991 166 40 Anslaget
313 1992 173 30 beräknas
507 1992 103 30 alltså
632 1992 52 30 till
706 1992 63 30 849
783 1992 63 30 000
875 1994 55 35 (+
948 1993 40 30 72
1003 1993 80 34 000)
1109 1993 141 30 kronor.

129 2092 185 37 Utskottet,
338 2101 75 21 som
434 2093 76 29 icke
533 2093 119 29 funnit
675 2093 188 39 anledning
887 2093 51 29 till
961 2093 141 30 erinran
1126 2096 73 27 mot
1221 2094 125 39 Kungl.
1370 2094 123 40 Maj:ts
1516 2095 70 29 för-

84 2142 83 39 slag,
188 2142 211 34 hemställer,

438 2195 49 27 att
506 2193 187 39 riksdagen
713 2193 56 29 må

439 2243 35 32 a)
504 2242 209 40 bemyndiga
737 2243 125 39 Kungl.
887 2243 105 39 Maj:t
1017 2244 50 28 att
1092 2252 40 20 ur
1157 2244 430 39 personalförteckningen

396 2292 54 30 för
475 2294 132 28 statens
633 2292 298 40 pensionsanstalt
956 2293 153 29 utesluta
1135 2303 42 20 en
1203 2294 110 38 tjänst
1338 2294 116 30 såsom
1478 2295 109 29 förste

393 2342 159 30 aktuarie
574 2343 9 28 i
604 2343 45 30 Ca
669 2343 56 34 29;

438 2392 38 33 b)
506 2393 186 38 godkänna
717 2392 156 39 följande
897 2393 253 39 avlöningsstat
1176 2394 53 29 för
1254 2395 131 30 statens
1408 2394 179 40 pensions-

397 2443 138 33 anstalt,
561 2444 50 28 att
639 2443 175 39 tillämpas
841 2443 70 30 tills
937 2443 118 30 vidare
1082 2444 79 29 från
1188 2444 65 29 och
1279 2444 78 30 med
1384 2445 203 39 budgetåret

400 2493 163 36 1956/57:
