<?xml version="1.0" encoding="UTF-8"?>
<alto xmlns="http://www.loc.gov/standards/alto/ns-v3#" xmlns:xlink="http://www.w3.org/1999/xlink" xmlns:xsi="http://www.w3.org/2001/XMLSchema-instance" xsi:schemaLocation="http://www.loc.gov/standards/alto/ns-v3# http://www.loc.gov/alto/v3/alto-3-0.xsd">
	<Description>
		<MeasurementUnit>pixel</MeasurementUnit>
		<sourceImageInformation>
			<fileName>/tmp/tess_h72lhhsj_input.PNG</fileName>
		</sourceImageInformation>
		<OCRProcessing ID="OCR_0">
			<ocrProcessingStep>
				<processingSoftware>
					<softwareName>tesseract 5.3.0</softwareName>
				</processingSoftware>
			</ocrProcessingStep>
		</OCRProcessing>
	</Description>
	<Layout>
		<Page WIDTH="2186" HEIGHT="2696" PHYSICAL_IMG_NR="0" ID="page_0">
			<PrintSpace HPOS="0" VPOS="0" WIDTH="2186" HEIGHT="2696">
				<ComposedBlock ID="cblock_0" HPOS="403" VPOS="198" WIDTH="1411" HEIGHT="43">
					<TextBlock ID="block_0" HPOS="403" VPOS="198" WIDTH="1411" HEIGHT="43">
						<TextLine ID="line_0" HPOS="403" VPOS="198" WIDTH="1411" HEIGHT="43">
							<String ID="string_0" HPOS="403" VPOS="200" WIDTH="112" HEIGHT="29" WC="0.92" CONTENT="Andra"/><SP WIDTH="23" VPOS="200" HPOS="515"/>
							<String ID="string_1" HPOS="538" VPOS="199" WIDTH="207" HEIGHT="30" WC="0.92" CONTENT="Kammarens"/><SP WIDTH="25" VPOS="199" HPOS="745"/>
							<String ID="string_2" HPOS="770" VPOS="198" WIDTH="169" HEIGHT="43" WC="0.93" CONTENT="Tillfälliga"/><SP WIDTH="29" VPOS="198" HPOS="939"/>
							<String ID="string_3" HPOS="968" VPOS="199" WIDTH="127" HEIGHT="31" WC="0.89" CONTENT="Utskotts"/><SP WIDTH="24" VPOS="199" HPOS="1095"/>
							<String ID="string_4" HPOS="1119" VPOS="199" WIDTH="76" HEIGHT="36" WC="0.96" CONTENT="(N:o"/><SP WIDTH="24" VPOS="199" HPOS="1195"/>
							<String ID="string_5" HPOS="1219" VPOS="201" WIDTH="33" HEIGHT="37" WC="0.96" CONTENT="3)"/><SP WIDTH="30" VPOS="201" HPOS="1252"/>
							<String ID="string_6" HPOS="1282" VPOS="199" WIDTH="158" HEIGHT="32" WC="0.95" CONTENT="Utlåtande"/><SP WIDTH="25" VPOS="199" HPOS="1440"/>
							<String ID="string_7" HPOS="1465" VPOS="199" WIDTH="63" HEIGHT="32" WC="0.95" CONTENT="N:o"/><SP WIDTH="23" VPOS="199" HPOS="1528"/>
							<String ID="string_8" HPOS="1551" VPOS="201" WIDTH="53" HEIGHT="31" WC="0.79" CONTENT="29."/><SP WIDTH="193" VPOS="201" HPOS="1604"/>
							<String ID="string_9" HPOS="1797" VPOS="204" WIDTH="17" HEIGHT="27" WC="0.96" CONTENT="9"/>
						</TextLine>
					</TextBlock>
				</ComposedBlock>
				<ComposedBlock ID="cblock_1" HPOS="202" VPOS="278" WIDTH="1618" HEIGHT="2034">
					<TextBlock ID="block_1" HPOS="202" VPOS="278" WIDTH="1618" HEIGHT="2033">
						<TextLine ID="line_1" HPOS="202" VPOS="278" WIDTH="1611" HEIGHT="50">
							<String ID="string_10" HPOS="202" VPOS="281" WIDTH="133" HEIGHT="47" WC="0.91" CONTENT="ligaste"/><SP WIDTH="30" VPOS="281" HPOS="335"/>
							<String ID="string_11" HPOS="365" VPOS="280" WIDTH="110" HEIGHT="35" WC="0.96" CONTENT="länen"/><SP WIDTH="29" VPOS="280" HPOS="475"/>
							<String ID="string_12" HPOS="504" VPOS="278" WIDTH="170" HEIGHT="36" WC="0.96" CONTENT="medföra"/><SP WIDTH="28" VPOS="278" HPOS="674"/>
							<String ID="string_13" HPOS="702" VPOS="285" WIDTH="121" HEIGHT="29" WC="0.93" CONTENT="större"/><SP WIDTH="29" VPOS="285" HPOS="823"/>
							<String ID="string_14" HPOS="852" VPOS="279" WIDTH="472" HEIGHT="49" WC="0.91" CONTENT="dagstidsförskjutningar"/><SP WIDTH="29" VPOS="279" HPOS="1324"/>
							<String ID="string_15" HPOS="1353" VPOS="288" WIDTH="46" HEIGHT="27" WC="0.96" CONTENT="än"/><SP WIDTH="29" VPOS="288" HPOS="1399"/>
							<String ID="string_16" HPOS="1428" VPOS="294" WIDTH="80" HEIGHT="21" WC="0.93" CONTENT="som"/><SP WIDTH="29" VPOS="294" HPOS="1508"/>
							<String ID="string_17" HPOS="1537" VPOS="284" WIDTH="157" HEIGHT="44" WC="0.91" CONTENT="ansåges"/><SP WIDTH="26" VPOS="284" HPOS="1694"/>
							<String ID="string_18" HPOS="1720" VPOS="281" WIDTH="93" HEIGHT="35" WC="0.96" CONTENT="böra"/>
						</TextLine>
						<TextLine ID="line_2" HPOS="202" VPOS="329" WIDTH="1612" HEIGHT="52">
							<String ID="string_19" HPOS="202" VPOS="312" WIDTH="193" HEIGHT="55" WC="0.93" CONTENT="tolereras."/><SP WIDTH="55" VPOS="312" HPOS="395"/>
							<String ID="string_20" HPOS="450" VPOS="330" WIDTH="73" HEIGHT="36" WC="0.68" CONTENT="För"/><SP WIDTH="29" VPOS="330" HPOS="523"/>
							<String ID="string_21" HPOS="552" VPOS="329" WIDTH="115" HEIGHT="50" WC="0.95" CONTENT="öfrigt"/><SP WIDTH="29" VPOS="329" HPOS="667"/>
							<String ID="string_22" HPOS="696" VPOS="330" WIDTH="56" HEIGHT="36" WC="0.96" CONTENT="får"/><SP WIDTH="28" VPOS="330" HPOS="752"/>
							<String ID="string_23" HPOS="780" VPOS="344" WIDTH="50" HEIGHT="22" WC="0.96" CONTENT="nu"/><SP WIDTH="30" VPOS="344" HPOS="830"/>
							<String ID="string_24" HPOS="860" VPOS="330" WIDTH="96" HEIGHT="36" WC="0.96" CONTENT="efter"/><SP WIDTH="28" VPOS="330" HPOS="956"/>
							<String ID="string_25" HPOS="984" VPOS="334" WIDTH="84" HEIGHT="33" WC="0.96" CONTENT="vårt"/><SP WIDTH="28" VPOS="334" HPOS="1068"/>
							<String ID="string_26" HPOS="1096" VPOS="330" WIDTH="142" HEIGHT="49" WC="0.96" CONTENT="förslag"/><SP WIDTH="20" VPOS="330" HPOS="1238"/>
							<String ID="string_27" HPOS="1258" VPOS="332" WIDTH="134" HEIGHT="35" WC="0.96" CONTENT="staden"/><SP WIDTH="20" VPOS="332" HPOS="1392"/>
							<String ID="string_28" HPOS="1412" VPOS="331" WIDTH="117" HEIGHT="36" WC="0.96" CONTENT="Luleå"/><SP WIDTH="22" VPOS="331" HPOS="1529"/>
							<String ID="string_29" HPOS="1551" VPOS="332" WIDTH="263" HEIGHT="49" WC="0.96" CONTENT="ungefärligen"/>
						</TextLine>
						<TextLine ID="line_3" HPOS="203" VPOS="362" WIDTH="1611" HEIGHT="69">
							<String ID="string_30" HPOS="203" VPOS="395" WIDTH="140" HEIGHT="23" WC="0.95" CONTENT="samma"/><SP WIDTH="42" VPOS="395" HPOS="343"/>
							<String ID="string_31" HPOS="385" VPOS="362" WIDTH="440" HEIGHT="68" WC="0.91" CONTENT="dagstidsförskjutning,"/><SP WIDTH="42" VPOS="362" HPOS="825"/>
							<String ID="string_32" HPOS="867" VPOS="395" WIDTH="80" HEIGHT="22" WC="0.96" CONTENT="som"/><SP WIDTH="30" VPOS="395" HPOS="947"/>
							<String ID="string_33" HPOS="977" VPOS="382" WIDTH="212" HEIGHT="36" WC="0.96" CONTENT="Strömstad"/><SP WIDTH="28" VPOS="382" HPOS="1189"/>
							<String ID="string_34" HPOS="1217" VPOS="383" WIDTH="121" HEIGHT="35" WC="0.95" CONTENT="skulle"/><SP WIDTH="30" VPOS="383" HPOS="1338"/>
							<String ID="string_35" HPOS="1368" VPOS="382" WIDTH="37" HEIGHT="36" WC="0.96" CONTENT="få"/><SP WIDTH="37" VPOS="382" HPOS="1405"/>
							<String ID="string_36" HPOS="1442" VPOS="383" WIDTH="123" HEIGHT="35" WC="0.96" CONTENT="under"/><SP WIDTH="37" VPOS="383" HPOS="1565"/>
							<String ID="string_37" HPOS="1602" VPOS="384" WIDTH="212" HEIGHT="47" WC="0.96" CONTENT="antagande"/>
						</TextLine>
						<TextLine ID="line_4" HPOS="203" VPOS="433" WIDTH="1610" HEIGHT="44">
							<String ID="string_38" HPOS="203" VPOS="433" WIDTH="40" HEIGHT="36" WC="0.93" CONTENT="af"/><SP WIDTH="25" VPOS="433" HPOS="243"/>
							<String ID="string_39" HPOS="268" VPOS="433" WIDTH="510" HEIGHT="44" WC="0.90" CONTENT="Stockholms-meridianen;"/><SP WIDTH="43" VPOS="433" HPOS="778"/>
							<String ID="string_40" HPOS="821" VPOS="433" WIDTH="69" HEIGHT="35" WC="0.96" CONTENT="och"/><SP WIDTH="43" VPOS="433" HPOS="890"/>
							<String ID="string_41" HPOS="933" VPOS="433" WIDTH="99" HEIGHT="36" WC="0.96" CONTENT="hvad"/><SP WIDTH="37" VPOS="433" HPOS="1032"/>
							<String ID="string_42" HPOS="1069" VPOS="447" WIDTH="79" HEIGHT="22" WC="0.94" CONTENT="som"/><SP WIDTH="29" VPOS="447" HPOS="1148"/>
							<String ID="string_43" HPOS="1177" VPOS="434" WIDTH="11" HEIGHT="34" WC="0.94" CONTENT="i"/><SP WIDTH="30" VPOS="434" HPOS="1188"/>
							<String ID="string_44" HPOS="1218" VPOS="433" WIDTH="63" HEIGHT="36" WC="0.96" CONTENT="det"/><SP WIDTH="29" VPOS="433" HPOS="1281"/>
							<String ID="string_45" HPOS="1310" VPOS="447" WIDTH="130" HEIGHT="22" WC="0.95" CONTENT="senare"/><SP WIDTH="34" VPOS="447" HPOS="1440"/>
							<String ID="string_46" HPOS="1474" VPOS="433" WIDTH="106" HEIGHT="37" WC="0.96" CONTENT="fallet"/><SP WIDTH="29" VPOS="433" HPOS="1580"/>
							<String ID="string_47" HPOS="1609" VPOS="442" WIDTH="40" HEIGHT="27" WC="0.93" CONTENT="är"/><SP WIDTH="28" VPOS="442" HPOS="1649"/>
							<String ID="string_48" HPOS="1677" VPOS="435" WIDTH="136" HEIGHT="35" WC="0.92" CONTENT="tolera-"/>
						</TextLine>
						<TextLine ID="line_5" HPOS="202" VPOS="484" WIDTH="1612" HEIGHT="46">
							<String ID="string_49" HPOS="202" VPOS="485" WIDTH="91" HEIGHT="43" WC="0.90" CONTENT="belt,"/><SP WIDTH="37" VPOS="485" HPOS="293"/>
							<String ID="string_50" HPOS="330" VPOS="485" WIDTH="70" HEIGHT="34" WC="0.96" CONTENT="bör"/><SP WIDTH="36" VPOS="485" HPOS="400"/>
							<String ID="string_51" HPOS="436" VPOS="485" WIDTH="61" HEIGHT="34" WC="0.96" CONTENT="väl"/><SP WIDTH="37" VPOS="485" HPOS="497"/>
							<String ID="string_52" HPOS="534" VPOS="484" WIDTH="109" HEIGHT="35" WC="0.95" CONTENT="äfven"/><SP WIDTH="30" VPOS="484" HPOS="643"/>
							<String ID="string_53" HPOS="673" VPOS="485" WIDTH="9" HEIGHT="33" WC="0.96" CONTENT="i"/><SP WIDTH="31" VPOS="485" HPOS="682"/>
							<String ID="string_54" HPOS="713" VPOS="462" WIDTH="65" HEIGHT="57" WC="0.96" CONTENT="det"/><SP WIDTH="35" VPOS="462" HPOS="778"/>
							<String ID="string_55" HPOS="813" VPOS="484" WIDTH="102" HEIGHT="35" WC="0.96" CONTENT="förra"/><SP WIDTH="34" VPOS="484" HPOS="915"/>
							<String ID="string_56" HPOS="949" VPOS="497" WIDTH="88" HEIGHT="22" WC="0.96" CONTENT="vara"/><SP WIDTH="29" VPOS="497" HPOS="1037"/>
							<String ID="string_57" HPOS="1066" VPOS="485" WIDTH="74" HEIGHT="34" WC="0.96" CONTENT="det."/><SP WIDTH="54" VPOS="485" HPOS="1140"/>
							<String ID="string_58" HPOS="1194" VPOS="484" WIDTH="143" HEIGHT="36" WC="0.96" CONTENT="Endast"/><SP WIDTH="27" VPOS="484" HPOS="1337"/>
							<String ID="string_59" HPOS="1364" VPOS="484" WIDTH="256" HEIGHT="36" WC="0.95" CONTENT="förekommer"/><SP WIDTH="28" VPOS="484" HPOS="1620"/>
							<String ID="string_60" HPOS="1648" VPOS="486" WIDTH="65" HEIGHT="34" WC="0.96" CONTENT="det"/><SP WIDTH="29" VPOS="486" HPOS="1713"/>
							<String ID="string_61" HPOS="1742" VPOS="499" WIDTH="72" HEIGHT="31" WC="0.95" CONTENT="oss,"/>
						</TextLine>
						<TextLine ID="line_6" HPOS="203" VPOS="534" WIDTH="1613" HEIGHT="49">
							<String ID="string_62" HPOS="203" VPOS="535" WIDTH="86" HEIGHT="36" WC="0.96" CONTENT="med"/><SP WIDTH="39" VPOS="535" HPOS="289"/>
							<String ID="string_63" HPOS="328" VPOS="535" WIDTH="143" HEIGHT="48" WC="0.92" CONTENT="hänsyn"/><SP WIDTH="37" VPOS="535" HPOS="471"/>
							<String ID="string_64" HPOS="508" VPOS="535" WIDTH="57" HEIGHT="35" WC="0.94" CONTENT="till"/><SP WIDTH="31" VPOS="535" HPOS="565"/>
							<String ID="string_65" HPOS="596" VPOS="538" WIDTH="39" HEIGHT="32" WC="0.96" CONTENT="så"/><SP WIDTH="28" VPOS="538" HPOS="635"/>
							<String ID="string_66" HPOS="663" VPOS="535" WIDTH="60" HEIGHT="35" WC="0.94" CONTENT="väl"/><SP WIDTH="29" VPOS="535" HPOS="723"/>
							<String ID="string_67" HPOS="752" VPOS="534" WIDTH="290" HEIGHT="47" WC="0.95" CONTENT="befolkningens"/><SP WIDTH="37" VPOS="534" HPOS="1042"/>
							<String ID="string_68" HPOS="1079" VPOS="536" WIDTH="124" HEIGHT="35" WC="0.96" CONTENT="täthet"/><SP WIDTH="29" VPOS="536" HPOS="1203"/>
							<String ID="string_69" HPOS="1232" VPOS="548" WIDTH="80" HEIGHT="22" WC="0.96" CONTENT="som"/><SP WIDTH="28" VPOS="548" HPOS="1312"/>
							<String ID="string_70" HPOS="1340" VPOS="536" WIDTH="58" HEIGHT="34" WC="0.93" CONTENT="till"/><SP WIDTH="28" VPOS="536" HPOS="1398"/>
							<String ID="string_71" HPOS="1426" VPOS="536" WIDTH="390" HEIGHT="36" WC="0.90" CONTENT="kommunikationer-"/>
						</TextLine>
						<TextLine ID="line_7" HPOS="202" VPOS="586" WIDTH="1612" HEIGHT="48">
							<String ID="string_72" HPOS="202" VPOS="599" WIDTH="66" HEIGHT="22" WC="0.93" CONTENT="nas"/><SP WIDTH="30" VPOS="599" HPOS="268"/>
							<String ID="string_73" HPOS="298" VPOS="586" WIDTH="173" HEIGHT="46" WC="0.0" CONTENT="Hiflighet,"/><SP WIDTH="34" VPOS="586" HPOS="471"/>
							<String ID="string_74" HPOS="505" VPOS="599" WIDTH="90" HEIGHT="22" WC="0.96" CONTENT="vara"/><SP WIDTH="28" VPOS="599" HPOS="595"/>
							<String ID="string_75" HPOS="623" VPOS="599" WIDTH="102" HEIGHT="22" WC="0.96" CONTENT="mera"/><SP WIDTH="28" VPOS="599" HPOS="725"/>
							<String ID="string_76" HPOS="753" VPOS="586" WIDTH="80" HEIGHT="35" WC="0.96" CONTENT="skäl"/><SP WIDTH="29" VPOS="586" HPOS="833"/>
							<String ID="string_77" HPOS="862" VPOS="592" WIDTH="55" HEIGHT="29" WC="0.96" CONTENT="att"/><SP WIDTH="28" VPOS="592" HPOS="917"/>
							<String ID="string_78" HPOS="945" VPOS="586" WIDTH="172" HEIGHT="47" WC="0.95" CONTENT="förlägga"/><SP WIDTH="28" VPOS="586" HPOS="1117"/>
							<String ID="string_79" HPOS="1145" VPOS="586" WIDTH="73" HEIGHT="35" WC="0.96" CONTENT="den"/><SP WIDTH="29" VPOS="586" HPOS="1218"/>
							<String ID="string_80" HPOS="1247" VPOS="593" WIDTH="120" HEIGHT="28" WC="0.93" CONTENT="större"/><SP WIDTH="30" VPOS="593" HPOS="1367"/>
							<String ID="string_81" HPOS="1397" VPOS="586" WIDTH="417" HEIGHT="48" WC="0.89" CONTENT="dagstidsförskjutnin-"/>
						</TextLine>
						<TextLine ID="line_8" HPOS="202" VPOS="637" WIDTH="1271" HEIGHT="48">
							<String ID="string_82" HPOS="202" VPOS="651" WIDTH="72" HEIGHT="34" WC="0.95" CONTENT="gen"/><SP WIDTH="30" VPOS="651" HPOS="274"/>
							<String ID="string_83" HPOS="304" VPOS="637" WIDTH="57" HEIGHT="35" WC="0.95" CONTENT="till"/><SP WIDTH="30" VPOS="637" HPOS="361"/>
							<String ID="string_84" HPOS="391" VPOS="637" WIDTH="45" HEIGHT="35" WC="0.96" CONTENT="de"/><SP WIDTH="28" VPOS="637" HPOS="436"/>
							<String ID="string_85" HPOS="464" VPOS="637" WIDTH="233" HEIGHT="46" WC="0.96" CONTENT="nordligaste"/><SP WIDTH="31" VPOS="637" HPOS="697"/>
							<String ID="string_86" HPOS="728" VPOS="645" WIDTH="44" HEIGHT="26" WC="0.96" CONTENT="än"/><SP WIDTH="29" VPOS="645" HPOS="772"/>
							<String ID="string_87" HPOS="801" VPOS="637" WIDTH="59" HEIGHT="35" WC="0.96" CONTENT="till"/><SP WIDTH="28" VPOS="637" HPOS="860"/>
							<String ID="string_88" HPOS="888" VPOS="637" WIDTH="45" HEIGHT="35" WC="0.96" CONTENT="de"/><SP WIDTH="30" VPOS="637" HPOS="933"/>
							<String ID="string_89" HPOS="963" VPOS="637" WIDTH="205" HEIGHT="47" WC="0.93" CONTENT="sydligaste"/><SP WIDTH="29" VPOS="637" HPOS="1168"/>
							<String ID="string_90" HPOS="1197" VPOS="637" WIDTH="276" HEIGHT="36" WC="0.89" CONTENT="landsdelarne."/>
						</TextLine>
						<TextLine ID="line_9" HPOS="305" VPOS="686" WIDTH="1510" HEIGHT="49">
							<String ID="string_91" HPOS="305" VPOS="687" WIDTH="84" HEIGHT="35" WC="0.94" CONTENT="Med"/><SP WIDTH="29" VPOS="687" HPOS="389"/>
							<String ID="string_92" HPOS="418" VPOS="687" WIDTH="186" HEIGHT="48" WC="0.95" CONTENT="förslagen"/><SP WIDTH="34" VPOS="687" HPOS="604"/>
							<String ID="string_93" HPOS="638" VPOS="687" WIDTH="39" HEIGHT="35" WC="0.95" CONTENT="af"/><SP WIDTH="25" VPOS="687" HPOS="677"/>
							<String ID="string_94" HPOS="702" VPOS="686" WIDTH="213" HEIGHT="49" WC="0.96" CONTENT="Göteborgs"/><SP WIDTH="22" VPOS="686" HPOS="915"/>
							<String ID="string_95" HPOS="937" VPOS="689" WIDTH="70" HEIGHT="33" WC="0.96" CONTENT="och"/><SP WIDTH="21" VPOS="689" HPOS="1007"/>
							<String ID="string_96" HPOS="1028" VPOS="688" WIDTH="267" HEIGHT="47" WC="0.95" CONTENT="Köpenhamns"/><SP WIDTH="21" VPOS="688" HPOS="1295"/>
							<String ID="string_97" HPOS="1316" VPOS="689" WIDTH="229" HEIGHT="34" WC="0.93" CONTENT="meridianer"/><SP WIDTH="21" VPOS="689" HPOS="1545"/>
							<String ID="string_98" HPOS="1566" VPOS="688" WIDTH="108" HEIGHT="41" WC="0.90" CONTENT="afses,"/><SP WIDTH="17" VPOS="688" HPOS="1674"/>
							<String ID="string_99" HPOS="1691" VPOS="692" WIDTH="124" HEIGHT="32" WC="0.95" CONTENT="såsom"/>
						</TextLine>
						<TextLine ID="line_10" HPOS="202" VPOS="719" WIDTH="1614" HEIGHT="68">
							<String ID="string_100" HPOS="202" VPOS="739" WIDTH="38" HEIGHT="35" WC="0.96" CONTENT="vi"/><SP WIDTH="28" VPOS="739" HPOS="240"/>
							<String ID="string_101" HPOS="268" VPOS="738" WIDTH="185" HEIGHT="43" WC="0.96" CONTENT="förmoda,"/><SP WIDTH="31" VPOS="738" HPOS="453"/>
							<String ID="string_102" HPOS="484" VPOS="719" WIDTH="247" HEIGHT="67" WC="0.96" CONTENT="möjligheten"/><SP WIDTH="29" VPOS="719" HPOS="731"/>
							<String ID="string_103" HPOS="760" VPOS="745" WIDTH="55" HEIGHT="29" WC="0.96" CONTENT="att"/><SP WIDTH="28" VPOS="745" HPOS="815"/>
							<String ID="string_104" HPOS="843" VPOS="738" WIDTH="37" HEIGHT="36" WC="0.96" CONTENT="få"/><SP WIDTH="29" VPOS="738" HPOS="880"/>
							<String ID="string_105" HPOS="909" VPOS="752" WIDTH="45" HEIGHT="22" WC="0.96" CONTENT="en"/><SP WIDTH="29" VPOS="752" HPOS="954"/>
							<String ID="string_106" HPOS="983" VPOS="739" WIDTH="95" HEIGHT="35" WC="0.96" CONTENT="både"/><SP WIDTH="29" VPOS="739" HPOS="1078"/>
							<String ID="string_107" HPOS="1107" VPOS="738" WIDTH="58" HEIGHT="35" WC="0.95" CONTENT="för"/><SP WIDTH="20" VPOS="738" HPOS="1165"/>
							<String ID="string_108" HPOS="1185" VPOS="738" WIDTH="155" HEIGHT="47" WC="0.96" CONTENT="Sverige"/><SP WIDTH="21" VPOS="738" HPOS="1340"/>
							<String ID="string_109" HPOS="1361" VPOS="739" WIDTH="70" HEIGHT="35" WC="0.96" CONTENT="och"/><SP WIDTH="20" VPOS="739" HPOS="1431"/>
							<String ID="string_110" HPOS="1451" VPOS="739" WIDTH="127" HEIGHT="46" WC="0.95" CONTENT="Norge"/><SP WIDTH="20" VPOS="739" HPOS="1578"/>
							<String ID="string_111" HPOS="1598" VPOS="753" WIDTH="218" HEIGHT="34" WC="0.95" CONTENT="gemensam"/>
						</TextLine>
						<TextLine ID="line_11" HPOS="203" VPOS="769" WIDTH="1612" HEIGHT="68">
							<String ID="string_112" HPOS="203" VPOS="790" WIDTH="67" HEIGHT="35" WC="0.95" CONTENT="tid."/><SP WIDTH="57" VPOS="790" HPOS="270"/>
							<String ID="string_113" HPOS="327" VPOS="789" WIDTH="113" HEIGHT="36" WC="0.95" CONTENT="Detta"/><SP WIDTH="43" VPOS="789" HPOS="440"/>
							<String ID="string_114" HPOS="483" VPOS="797" WIDTH="39" HEIGHT="27" WC="0.95" CONTENT="är"/><SP WIDTH="43" VPOS="797" HPOS="522"/>
							<String ID="string_115" HPOS="565" VPOS="797" WIDTH="54" HEIGHT="27" WC="0.96" CONTENT="ett"/><SP WIDTH="40" VPOS="797" HPOS="619"/>
							<String ID="string_116" HPOS="659" VPOS="790" WIDTH="86" HEIGHT="42" WC="0.95" CONTENT="mål,"/><SP WIDTH="43" VPOS="790" HPOS="745"/>
							<String ID="string_117" HPOS="788" VPOS="802" WIDTH="80" HEIGHT="23" WC="0.92" CONTENT="som"/><SP WIDTH="38" VPOS="802" HPOS="868"/>
							<String ID="string_118" HPOS="906" VPOS="789" WIDTH="282" HEIGHT="48" WC="0.46" CONTENT="otvifvelaktigt"/><SP WIDTH="36" VPOS="789" HPOS="1188"/>
							<String ID="string_119" HPOS="1224" VPOS="770" WIDTH="112" HEIGHT="66" WC="0.92" CONTENT="förtje"/><SP WIDTH="-17" VPOS="770" HPOS="1336"/>
							<String ID="string_120" HPOS="1319" VPOS="803" WIDTH="88" HEIGHT="21" WC="0.96" CONTENT="enar"/><SP WIDTH="37" VPOS="803" HPOS="1407"/>
							<String ID="string_121" HPOS="1444" VPOS="769" WIDTH="175" HEIGHT="68" WC="0.83" CONTENT="mycket"/><SP WIDTH="5" VPOS="769" HPOS="1619"/>
							<String ID="string_122" HPOS="1624" VPOS="789" WIDTH="191" HEIGHT="37" WC="0.95" CONTENT="afseende."/>
						</TextLine>
						<TextLine ID="line_12" HPOS="204" VPOS="822" WIDTH="1612" HEIGHT="65">
							<String ID="string_123" HPOS="204" VPOS="841" WIDTH="73" HEIGHT="36" WC="0.96" CONTENT="För"/><SP WIDTH="28" VPOS="841" HPOS="277"/>
							<String ID="string_124" HPOS="305" VPOS="844" WIDTH="67" HEIGHT="31" WC="0.95" CONTENT="vår"/><SP WIDTH="29" VPOS="844" HPOS="372"/>
							<String ID="string_125" HPOS="401" VPOS="841" WIDTH="60" HEIGHT="34" WC="0.95" CONTENT="del"/><SP WIDTH="28" VPOS="841" HPOS="461"/>
							<String ID="string_126" HPOS="489" VPOS="841" WIDTH="120" HEIGHT="34" WC="0.96" CONTENT="tilltro"/><SP WIDTH="30" VPOS="841" HPOS="609"/>
							<String ID="string_127" HPOS="639" VPOS="842" WIDTH="36" HEIGHT="33" WC="0.96" CONTENT="vi"/><SP WIDTH="30" VPOS="842" HPOS="675"/>
							<String ID="string_128" HPOS="705" VPOS="853" WIDTH="59" HEIGHT="22" WC="0.96" CONTENT="oss"/><SP WIDTH="28" VPOS="853" HPOS="764"/>
							<String ID="string_129" HPOS="792" VPOS="841" WIDTH="117" HEIGHT="34" WC="0.96" CONTENT="likväl"/><SP WIDTH="30" VPOS="841" HPOS="909"/>
							<String ID="string_130" HPOS="939" VPOS="841" WIDTH="80" HEIGHT="34" WC="0.96" CONTENT="icke"/><SP WIDTH="31" VPOS="841" HPOS="1019"/>
							<String ID="string_131" HPOS="1050" VPOS="847" WIDTH="55" HEIGHT="29" WC="0.96" CONTENT="att"/><SP WIDTH="28" VPOS="847" HPOS="1105"/>
							<String ID="string_132" HPOS="1133" VPOS="822" WIDTH="141" HEIGHT="65" WC="0.88" CONTENT="afgöra,"/><SP WIDTH="22" VPOS="822" HPOS="1274"/>
							<String ID="string_133" HPOS="1296" VPOS="841" WIDTH="98" HEIGHT="34" WC="0.95" CONTENT="huru"/><SP WIDTH="21" VPOS="841" HPOS="1394"/>
							<String ID="string_134" HPOS="1415" VPOS="825" WIDTH="88" HEIGHT="51" WC="0.96" CONTENT="vida"/><SP WIDTH="21" VPOS="825" HPOS="1503"/>
							<String ID="string_135" HPOS="1524" VPOS="842" WIDTH="104" HEIGHT="34" WC="0.96" CONTENT="detta"/><SP WIDTH="20" VPOS="842" HPOS="1628"/>
							<String ID="string_136" HPOS="1648" VPOS="842" WIDTH="75" HEIGHT="34" WC="0.96" CONTENT="mål"/><SP WIDTH="20" VPOS="842" HPOS="1723"/>
							<String ID="string_137" HPOS="1743" VPOS="842" WIDTH="73" HEIGHT="34" WC="0.96" CONTENT="kan"/>
						</TextLine>
						<TextLine ID="line_13" HPOS="204" VPOS="890" WIDTH="1612" HEIGHT="66">
							<String ID="string_138" HPOS="204" VPOS="891" WIDTH="85" HEIGHT="35" WC="0.91" CONTENT="med"/><SP WIDTH="42" VPOS="891" HPOS="289"/>
							<String ID="string_139" HPOS="331" VPOS="892" WIDTH="121" HEIGHT="34" WC="0.91" CONTENT="fördel"/><SP WIDTH="41" VPOS="892" HPOS="452"/>
							<String ID="string_140" HPOS="493" VPOS="891" WIDTH="58" HEIGHT="35" WC="0.96" CONTENT="för"/><SP WIDTH="36" VPOS="891" HPOS="551"/>
							<String ID="string_141" HPOS="587" VPOS="891" WIDTH="209" HEIGHT="47" WC="0.96" CONTENT="någotdera"/><SP WIDTH="36" VPOS="891" HPOS="796"/>
							<String ID="string_142" HPOS="832" VPOS="891" WIDTH="100" HEIGHT="35" WC="0.93" CONTENT="riket"/><SP WIDTH="37" VPOS="891" HPOS="932"/>
							<String ID="string_143" HPOS="969" VPOS="895" WIDTH="119" HEIGHT="31" WC="0.91" CONTENT="ernås."/><SP WIDTH="56" VPOS="895" HPOS="1088"/>
							<String ID="string_144" HPOS="1144" VPOS="890" WIDTH="73" HEIGHT="36" WC="0.95" CONTENT="Det"/><SP WIDTH="41" VPOS="890" HPOS="1217"/>
							<String ID="string_145" HPOS="1258" VPOS="891" WIDTH="110" HEIGHT="35" WC="0.95" CONTENT="torde"/><SP WIDTH="38" VPOS="891" HPOS="1368"/>
							<String ID="string_146" HPOS="1406" VPOS="892" WIDTH="58" HEIGHT="34" WC="0.93" CONTENT="till"/><SP WIDTH="30" VPOS="892" HPOS="1464"/>
							<String ID="string_147" HPOS="1494" VPOS="905" WIDTH="45" HEIGHT="22" WC="0.96" CONTENT="en"/><SP WIDTH="29" VPOS="905" HPOS="1539"/>
							<String ID="string_148" HPOS="1568" VPOS="892" WIDTH="130" HEIGHT="64" WC="0.96" CONTENT="början"/><SP WIDTH="29" VPOS="892" HPOS="1698"/>
							<String ID="string_149" HPOS="1727" VPOS="905" WIDTH="89" HEIGHT="22" WC="0.95" CONTENT="vara"/>
						</TextLine>
						<TextLine ID="line_14" HPOS="204" VPOS="941" WIDTH="1611" HEIGHT="49">
							<String ID="string_150" HPOS="204" VPOS="943" WIDTH="112" HEIGHT="42" WC="0.95" CONTENT="klart,"/><SP WIDTH="31" VPOS="943" HPOS="316"/>
							<String ID="string_151" HPOS="347" VPOS="949" WIDTH="54" HEIGHT="28" WC="0.95" CONTENT="att"/><SP WIDTH="29" VPOS="949" HPOS="401"/>
							<String ID="string_152" HPOS="430" VPOS="956" WIDTH="44" HEIGHT="21" WC="0.96" CONTENT="en"/><SP WIDTH="29" VPOS="956" HPOS="474"/>
							<String ID="string_153" HPOS="503" VPOS="954" WIDTH="219" HEIGHT="35" WC="0.96" CONTENT="gemensam"/><SP WIDTH="29" VPOS="954" HPOS="722"/>
							<String ID="string_154" HPOS="751" VPOS="943" WIDTH="56" HEIGHT="34" WC="0.96" CONTENT="tid"/><SP WIDTH="27" VPOS="943" HPOS="807"/>
							<String ID="string_155" HPOS="834" VPOS="941" WIDTH="59" HEIGHT="36" WC="0.96" CONTENT="för"/><SP WIDTH="28" VPOS="941" HPOS="893"/>
							<String ID="string_156" HPOS="921" VPOS="942" WIDTH="84" HEIGHT="35" WC="0.96" CONTENT="hela"/><SP WIDTH="27" VPOS="942" HPOS="1005"/>
							<String ID="string_157" HPOS="1032" VPOS="942" WIDTH="125" HEIGHT="46" WC="0.96" CONTENT="Norge"/><SP WIDTH="28" VPOS="942" HPOS="1157"/>
							<String ID="string_158" HPOS="1185" VPOS="943" WIDTH="60" HEIGHT="34" WC="0.96" CONTENT="väl"/><SP WIDTH="30" VPOS="943" HPOS="1245"/>
							<String ID="string_159" HPOS="1275" VPOS="942" WIDTH="122" HEIGHT="48" WC="0.96" CONTENT="aldrig"/><SP WIDTH="28" VPOS="942" HPOS="1397"/>
							<String ID="string_160" HPOS="1425" VPOS="943" WIDTH="72" HEIGHT="34" WC="0.92" CONTENT="kan"/><SP WIDTH="29" VPOS="943" HPOS="1497"/>
							<String ID="string_161" HPOS="1526" VPOS="942" WIDTH="289" HEIGHT="47" WC="0.87" CONTENT="ifrågakomma;"/>
						</TextLine>
						<TextLine ID="line_15" HPOS="204" VPOS="971" WIDTH="1613" HEIGHT="70">
							<String ID="string_162" HPOS="204" VPOS="1000" WIDTH="41" HEIGHT="41" WC="0.95" CONTENT="ty"/><SP WIDTH="30" VPOS="1000" HPOS="245"/>
							<String ID="string_163" HPOS="275" VPOS="971" WIDTH="77" HEIGHT="57" WC="0.95" CONTENT="Nor"/><SP WIDTH="4" VPOS="971" HPOS="352"/>
							<String ID="string_164" HPOS="356" VPOS="1006" WIDTH="45" HEIGHT="35" WC="0.95" CONTENT="ge"/><SP WIDTH="39" VPOS="1006" HPOS="401"/>
							<String ID="string_165" HPOS="440" VPOS="972" WIDTH="177" HEIGHT="56" WC="0.96" CONTENT="omfattar"/><SP WIDTH="37" VPOS="972" HPOS="617"/>
							<String ID="string_166" HPOS="654" VPOS="994" WIDTH="81" HEIGHT="34" WC="0.95" CONTENT="icke"/><SP WIDTH="37" VPOS="994" HPOS="735"/>
							<String ID="string_167" HPOS="772" VPOS="993" WIDTH="146" HEIGHT="35" WC="0.95" CONTENT="mindre"/><SP WIDTH="39" VPOS="993" HPOS="918"/>
							<String ID="string_168" HPOS="957" VPOS="1001" WIDTH="45" HEIGHT="26" WC="0.92" CONTENT="än"/><SP WIDTH="30" VPOS="1001" HPOS="1002"/>
							<String ID="string_169" HPOS="1032" VPOS="980" WIDTH="101" HEIGHT="49" WC="0.20" CONTENT="25&#39;/&gt;"/><SP WIDTH="25" VPOS="980" HPOS="1133"/>
							<String ID="string_170" HPOS="1158" VPOS="994" WIDTH="342" HEIGHT="47" WC="0.92" CONTENT="longitudsgrader,"/><SP WIDTH="31" VPOS="994" HPOS="1500"/>
							<String ID="string_171" HPOS="1531" VPOS="994" WIDTH="91" HEIGHT="34" WC="0.96" CONTENT="eller"/><SP WIDTH="28" VPOS="994" HPOS="1622"/>
							<String ID="string_172" HPOS="1650" VPOS="972" WIDTH="167" HEIGHT="57" WC="0.56" CONTENT="tideskil-"/>
						</TextLine>
						<TextLine ID="line_16" HPOS="205" VPOS="1044" WIDTH="1611" HEIGHT="48">
							<String ID="string_173" HPOS="205" VPOS="1044" WIDTH="122" HEIGHT="36" WC="0.96" CONTENT="naden"/><SP WIDTH="38" VPOS="1044" HPOS="327"/>
							<String ID="string_174" HPOS="365" VPOS="1045" WIDTH="136" HEIGHT="34" WC="0.96" CONTENT="mellan"/><SP WIDTH="39" VPOS="1045" HPOS="501"/>
							<String ID="string_175" HPOS="540" VPOS="1044" WIDTH="84" HEIGHT="35" WC="0.93" CONTENT="dess"/><SP WIDTH="28" VPOS="1044" HPOS="624"/>
							<String ID="string_176" HPOS="652" VPOS="1044" WIDTH="218" HEIGHT="47" WC="0.91" CONTENT="vestligaste"/><SP WIDTH="30" VPOS="1044" HPOS="870"/>
							<String ID="string_177" HPOS="900" VPOS="1044" WIDTH="71" HEIGHT="35" WC="0.96" CONTENT="och"/><SP WIDTH="29" VPOS="1044" HPOS="971"/>
							<String ID="string_178" HPOS="1000" VPOS="1045" WIDTH="193" HEIGHT="47" WC="0.92" CONTENT="ostligaste"/><SP WIDTH="30" VPOS="1045" HPOS="1193"/>
							<String ID="string_179" HPOS="1223" VPOS="1051" WIDTH="218" HEIGHT="41" WC="0.90" CONTENT="gränsorter"/><SP WIDTH="29" VPOS="1051" HPOS="1441"/>
							<String ID="string_180" HPOS="1470" VPOS="1050" WIDTH="112" HEIGHT="42" WC="0.96" CONTENT="utgör"/><SP WIDTH="29" VPOS="1050" HPOS="1582"/>
							<String ID="string_181" HPOS="1611" VPOS="1045" WIDTH="82" HEIGHT="34" WC="0.93" CONTENT="icke"/><SP WIDTH="30" VPOS="1045" HPOS="1693"/>
							<String ID="string_182" HPOS="1723" VPOS="1045" WIDTH="93" HEIGHT="34" WC="0.89" CONTENT="min-"/>
						</TextLine>
						<TextLine ID="line_17" HPOS="206" VPOS="1094" WIDTH="1610" HEIGHT="87">
							<String ID="string_183" HPOS="206" VPOS="1095" WIDTH="66" HEIGHT="36" WC="0.96" CONTENT="dre"/><SP WIDTH="38" VPOS="1095" HPOS="272"/>
							<String ID="string_184" HPOS="310" VPOS="1103" WIDTH="45" HEIGHT="26" WC="0.96" CONTENT="än"/><SP WIDTH="41" VPOS="1103" HPOS="355"/>
							<String ID="string_185" HPOS="396" VPOS="1094" WIDTH="115" HEIGHT="45" WC="0.47" CONTENT="142”,"/><SP WIDTH="42" VPOS="1094" HPOS="511"/>
							<String ID="string_186" HPOS="553" VPOS="1099" WIDTH="40" HEIGHT="31" WC="0.96" CONTENT="så"/><SP WIDTH="37" VPOS="1099" HPOS="593"/>
							<String ID="string_187" HPOS="630" VPOS="1103" WIDTH="66" HEIGHT="36" WC="0.96" CONTENT="att,"/><SP WIDTH="43" VPOS="1103" HPOS="696"/>
							<String ID="string_188" HPOS="739" VPOS="1108" WIDTH="60" HEIGHT="21" WC="0.96" CONTENT="om"/><SP WIDTH="37" VPOS="1108" HPOS="799"/>
							<String ID="string_189" HPOS="836" VPOS="1108" WIDTH="85" HEIGHT="21" WC="0.72" CONTENT="man"/><SP WIDTH="38" VPOS="1108" HPOS="921"/>
							<String ID="string_190" HPOS="959" VPOS="1095" WIDTH="69" HEIGHT="86" WC="0.64" CONTENT="Och"/><SP WIDTH="36" VPOS="1095" HPOS="1028"/>
							<String ID="string_191" HPOS="1064" VPOS="1096" WIDTH="110" HEIGHT="34" WC="0.91" CONTENT="valde"/><SP WIDTH="37" VPOS="1096" HPOS="1174"/>
							<String ID="string_192" HPOS="1211" VPOS="1096" WIDTH="232" HEIGHT="34" WC="0.91" CONTENT="meridianen"/><SP WIDTH="34" VPOS="1096" HPOS="1443"/>
							<String ID="string_193" HPOS="1477" VPOS="1094" WIDTH="58" HEIGHT="36" WC="0.96" CONTENT="för"/><SP WIDTH="29" VPOS="1094" HPOS="1535"/>
							<String ID="string_194" HPOS="1564" VPOS="1096" WIDTH="71" HEIGHT="34" WC="0.93" CONTENT="den"/><SP WIDTH="30" VPOS="1096" HPOS="1635"/>
							<String ID="string_195" HPOS="1665" VPOS="1109" WIDTH="151" HEIGHT="34" WC="0.92" CONTENT="gemen-"/>
						</TextLine>
						<TextLine ID="line_18" HPOS="206" VPOS="1131" WIDTH="1610" HEIGHT="63">
							<String ID="string_196" HPOS="206" VPOS="1159" WIDTH="140" HEIGHT="23" WC="0.94" CONTENT="samma"/><SP WIDTH="29" VPOS="1159" HPOS="346"/>
							<String ID="string_197" HPOS="375" VPOS="1146" WIDTH="105" HEIGHT="35" WC="0.95" CONTENT="tiden"/><SP WIDTH="30" VPOS="1146" HPOS="480"/>
							<String ID="string_198" HPOS="510" VPOS="1150" WIDTH="47" HEIGHT="43" WC="0.96" CONTENT="på"/><SP WIDTH="29" VPOS="1150" HPOS="557"/>
							<String ID="string_199" HPOS="586" VPOS="1131" WIDTH="310" HEIGHT="62" WC="0.91" CONTENT="fördelaktigaste"/><SP WIDTH="29" VPOS="1131" HPOS="896"/>
							<String ID="string_200" HPOS="925" VPOS="1152" WIDTH="86" HEIGHT="37" WC="0.95" CONTENT="sätt,"/><SP WIDTH="30" VPOS="1152" HPOS="1011"/>
							<String ID="string_201" HPOS="1041" VPOS="1146" WIDTH="120" HEIGHT="35" WC="0.93" CONTENT="skulle"/><SP WIDTH="30" VPOS="1146" HPOS="1161"/>
							<String ID="string_202" HPOS="1191" VPOS="1145" WIDTH="250" HEIGHT="36" WC="0.91" CONTENT="afvikelserna"/><SP WIDTH="28" VPOS="1145" HPOS="1441"/>
							<String ID="string_203" HPOS="1469" VPOS="1145" WIDTH="81" HEIGHT="36" WC="0.93" CONTENT="från"/><SP WIDTH="30" VPOS="1145" HPOS="1550"/>
							<String ID="string_204" HPOS="1580" VPOS="1152" WIDTH="236" HEIGHT="42" WC="0.90" CONTENT="gränsorter-"/>
						</TextLine>
						<TextLine ID="line_19" HPOS="205" VPOS="1196" WIDTH="1611" HEIGHT="66">
							<String ID="string_205" HPOS="205" VPOS="1210" WIDTH="66" HEIGHT="22" WC="0.92" CONTENT="nas"/><SP WIDTH="38" VPOS="1210" HPOS="271"/>
							<String ID="string_206" HPOS="309" VPOS="1197" WIDTH="226" HEIGHT="35" WC="0.92" CONTENT="medeltider"/><SP WIDTH="39" VPOS="1197" HPOS="535"/>
							<String ID="string_207" HPOS="574" VPOS="1197" WIDTH="115" HEIGHT="35" WC="0.96" CONTENT="likväl"/><SP WIDTH="35" VPOS="1197" HPOS="689"/>
							<String ID="string_208" HPOS="724" VPOS="1201" WIDTH="126" HEIGHT="43" WC="0.96" CONTENT="uppgå"/><SP WIDTH="29" VPOS="1201" HPOS="850"/>
							<String ID="string_209" HPOS="879" VPOS="1197" WIDTH="59" HEIGHT="34" WC="0.96" CONTENT="till"/><SP WIDTH="30" VPOS="1197" HPOS="938"/>
							<String ID="string_210" HPOS="968" VPOS="1199" WIDTH="42" HEIGHT="33" WC="0.91" CONTENT="51"/><SP WIDTH="31" VPOS="1199" HPOS="1010"/>
							<String ID="string_211" HPOS="1041" VPOS="1197" WIDTH="168" HEIGHT="35" WC="0.96" CONTENT="minuter"/><SP WIDTH="28" VPOS="1197" HPOS="1209"/>
							<String ID="string_212" HPOS="1237" VPOS="1197" WIDTH="70" HEIGHT="34" WC="0.96" CONTENT="och"/><SP WIDTH="29" VPOS="1197" HPOS="1307"/>
							<String ID="string_213" HPOS="1336" VPOS="1197" WIDTH="145" HEIGHT="35" WC="0.95" CONTENT="således"/><SP WIDTH="24" VPOS="1197" HPOS="1481"/>
							<String ID="string_214" HPOS="1505" VPOS="1196" WIDTH="311" HEIGHT="66" WC="0.89" CONTENT="förskjutningen"/>
						</TextLine>
						<TextLine ID="line_20" HPOS="205" VPOS="1246" WIDTH="1612" HEIGHT="50">
							<String ID="string_215" HPOS="205" VPOS="1247" WIDTH="40" HEIGHT="36" WC="0.96" CONTENT="af"/><SP WIDTH="26" VPOS="1247" HPOS="245"/>
							<String ID="string_216" HPOS="271" VPOS="1248" WIDTH="45" HEIGHT="34" WC="0.96" CONTENT="de"/><SP WIDTH="29" VPOS="1248" HPOS="316"/>
							<String ID="string_217" HPOS="345" VPOS="1248" WIDTH="191" HEIGHT="48" WC="0.93" CONTENT="naturliga"/><SP WIDTH="29" VPOS="1248" HPOS="536"/>
							<String ID="string_218" HPOS="565" VPOS="1248" WIDTH="243" HEIGHT="47" WC="0.91" CONTENT="dagstiderna"/><SP WIDTH="29" VPOS="1248" HPOS="808"/>
							<String ID="string_219" HPOS="837" VPOS="1250" WIDTH="47" HEIGHT="45" WC="0.96" CONTENT="på"/><SP WIDTH="28" VPOS="1250" HPOS="884"/>
							<String ID="string_220" HPOS="912" VPOS="1260" WIDTH="141" HEIGHT="23" WC="0.92" CONTENT="samma"/><SP WIDTH="29" VPOS="1260" HPOS="1053"/>
							<String ID="string_221" HPOS="1082" VPOS="1252" WIDTH="101" HEIGHT="31" WC="0.96" CONTENT="orter"/><SP WIDTH="28" VPOS="1252" HPOS="1183"/>
							<String ID="string_222" HPOS="1211" VPOS="1248" WIDTH="58" HEIGHT="34" WC="0.96" CONTENT="till"/><SP WIDTH="30" VPOS="1248" HPOS="1269"/>
							<String ID="string_223" HPOS="1299" VPOS="1261" WIDTH="78" HEIGHT="22" WC="0.96" CONTENT="mer"/><SP WIDTH="29" VPOS="1261" HPOS="1377"/>
							<String ID="string_224" HPOS="1406" VPOS="1255" WIDTH="45" HEIGHT="27" WC="0.96" CONTENT="än"/><SP WIDTH="33" VPOS="1255" HPOS="1451"/>
							<String ID="string_225" HPOS="1484" VPOS="1246" WIDTH="91" HEIGHT="45" WC="0.10" CONTENT="17”,"/><SP WIDTH="30" VPOS="1246" HPOS="1575"/>
							<String ID="string_226" HPOS="1605" VPOS="1261" WIDTH="80" HEIGHT="22" WC="0.96" CONTENT="som"/><SP WIDTH="27" VPOS="1261" HPOS="1685"/>
							<String ID="string_227" HPOS="1712" VPOS="1249" WIDTH="11" HEIGHT="33" WC="0.96" CONTENT="i"/><SP WIDTH="21" VPOS="1249" HPOS="1723"/>
							<String ID="string_228" HPOS="1744" VPOS="1248" WIDTH="73" HEIGHT="35" WC="0.96" CONTENT="alla"/>
						</TextLine>
						<TextLine ID="line_21" HPOS="206" VPOS="1297" WIDTH="1610" HEIGHT="50">
							<String ID="string_229" HPOS="206" VPOS="1299" WIDTH="201" HEIGHT="34" WC="0.96" CONTENT="händelser"/><SP WIDTH="37" VPOS="1299" HPOS="407"/>
							<String ID="string_230" HPOS="444" VPOS="1306" WIDTH="40" HEIGHT="27" WC="0.95" CONTENT="är"/><SP WIDTH="36" VPOS="1306" HPOS="484"/>
							<String ID="string_231" HPOS="520" VPOS="1297" WIDTH="58" HEIGHT="36" WC="0.96" CONTENT="för"/><SP WIDTH="37" VPOS="1297" HPOS="578"/>
							<String ID="string_232" HPOS="615" VPOS="1299" WIDTH="162" HEIGHT="48" WC="0.96" CONTENT="mycket."/><SP WIDTH="56" VPOS="1299" HPOS="777"/>
							<String ID="string_233" HPOS="833" VPOS="1299" WIDTH="73" HEIGHT="34" WC="0.96" CONTENT="Det"/><SP WIDTH="38" VPOS="1299" HPOS="906"/>
							<String ID="string_234" HPOS="944" VPOS="1306" WIDTH="40" HEIGHT="27" WC="0.96" CONTENT="är"/><SP WIDTH="37" VPOS="1306" HPOS="984"/>
							<String ID="string_235" HPOS="1021" VPOS="1299" WIDTH="111" HEIGHT="35" WC="0.96" CONTENT="alltså"/><SP WIDTH="29" VPOS="1299" HPOS="1132"/>
							<String ID="string_236" HPOS="1161" VPOS="1299" WIDTH="132" HEIGHT="34" WC="0.96" CONTENT="endast"/><SP WIDTH="27" VPOS="1299" HPOS="1293"/>
							<String ID="string_237" HPOS="1320" VPOS="1299" WIDTH="58" HEIGHT="34" WC="0.96" CONTENT="till"/><SP WIDTH="28" VPOS="1299" HPOS="1378"/>
							<String ID="string_238" HPOS="1406" VPOS="1298" WIDTH="144" HEIGHT="48" WC="0.96" CONTENT="Norges"/><SP WIDTH="29" VPOS="1298" HPOS="1550"/>
							<String ID="string_239" HPOS="1579" VPOS="1302" WIDTH="39" HEIGHT="32" WC="0.96" CONTENT="så"/><SP WIDTH="42" VPOS="1302" HPOS="1618"/>
							<String ID="string_240" HPOS="1660" VPOS="1299" WIDTH="48" HEIGHT="34" WC="0.96" CONTENT="väl"/><SP WIDTH="28" VPOS="1299" HPOS="1708"/>
							<String ID="string_241" HPOS="1736" VPOS="1312" WIDTH="80" HEIGHT="22" WC="0.96" CONTENT="som"/>
						</TextLine>
						<TextLine ID="line_22" HPOS="208" VPOS="1348" WIDTH="1609" HEIGHT="66">
							<String ID="string_242" HPOS="208" VPOS="1348" WIDTH="175" HEIGHT="49" WC="0.89" CONTENT="Sveriges"/><SP WIDTH="29" VPOS="1348" HPOS="383"/>
							<String ID="string_243" HPOS="412" VPOS="1350" WIDTH="111" HEIGHT="34" WC="0.96" CONTENT="södra"/><SP WIDTH="29" VPOS="1350" HPOS="523"/>
							<String ID="string_244" HPOS="552" VPOS="1350" WIDTH="70" HEIGHT="34" WC="0.96" CONTENT="och"/><SP WIDTH="30" VPOS="1350" HPOS="622"/>
							<String ID="string_245" HPOS="652" VPOS="1350" WIDTH="191" HEIGHT="35" WC="0.95" CONTENT="mellersta"/><SP WIDTH="29" VPOS="1350" HPOS="843"/>
							<String ID="string_246" HPOS="872" VPOS="1349" WIDTH="105" HEIGHT="35" WC="0.96" CONTENT="delar"/><SP WIDTH="28" VPOS="1349" HPOS="977"/>
							<String ID="string_247" HPOS="1005" VPOS="1362" WIDTH="85" HEIGHT="22" WC="0.96" CONTENT="man"/><SP WIDTH="29" VPOS="1362" HPOS="1090"/>
							<String ID="string_248" HPOS="1119" VPOS="1350" WIDTH="67" HEIGHT="34" WC="0.96" CONTENT="har"/><SP WIDTH="28" VPOS="1350" HPOS="1186"/>
							<String ID="string_249" HPOS="1214" VPOS="1356" WIDTH="56" HEIGHT="28" WC="0.96" CONTENT="att"/><SP WIDTH="21" VPOS="1356" HPOS="1270"/>
							<String ID="string_250" HPOS="1291" VPOS="1350" WIDTH="105" HEIGHT="64" WC="0.95" CONTENT="hålla"/><SP WIDTH="29" VPOS="1350" HPOS="1396"/>
							<String ID="string_251" HPOS="1425" VPOS="1350" WIDTH="67" HEIGHT="47" WC="0.94" CONTENT="sig."/><SP WIDTH="41" VPOS="1350" HPOS="1492"/>
							<String ID="string_252" HPOS="1533" VPOS="1349" WIDTH="172" HEIGHT="36" WC="0.93" CONTENT="Emellan"/><SP WIDTH="23" VPOS="1349" HPOS="1705"/>
							<String ID="string_253" HPOS="1728" VPOS="1349" WIDTH="89" HEIGHT="35" WC="0.91" CONTENT="Ber-"/>
						</TextLine>
						<TextLine ID="line_23" HPOS="205" VPOS="1381" WIDTH="1612" HEIGHT="67">
							<String ID="string_254" HPOS="205" VPOS="1413" WIDTH="72" HEIGHT="35" WC="0.96" CONTENT="gen"/><SP WIDTH="30" VPOS="1413" HPOS="277"/>
							<String ID="string_255" HPOS="307" VPOS="1400" WIDTH="70" HEIGHT="35" WC="0.93" CONTENT="och"/><SP WIDTH="28" VPOS="1400" HPOS="377"/>
							<String ID="string_256" HPOS="405" VPOS="1399" WIDTH="204" HEIGHT="49" WC="0.91" CONTENT="Norrtelge"/><SP WIDTH="30" VPOS="1399" HPOS="609"/>
							<String ID="string_257" HPOS="639" VPOS="1408" WIDTH="40" HEIGHT="27" WC="0.93" CONTENT="är"/><SP WIDTH="27" VPOS="1408" HPOS="679"/>
							<String ID="string_258" HPOS="706" VPOS="1400" WIDTH="378" HEIGHT="47" WC="0.91" CONTENT="longitudskilnaden"/><SP WIDTH="29" VPOS="1400" HPOS="1084"/>
							<String ID="string_259" HPOS="1113" VPOS="1408" WIDTH="89" HEIGHT="27" WC="0.93" CONTENT="nära"/><SP WIDTH="32" VPOS="1408" HPOS="1202"/>
							<String ID="string_260" HPOS="1234" VPOS="1397" WIDTH="95" HEIGHT="40" WC="0.18" CONTENT="13&#39;/2"/><SP WIDTH="29" VPOS="1397" HPOS="1329"/>
							<String ID="string_261" HPOS="1358" VPOS="1381" WIDTH="136" HEIGHT="66" WC="0.96" CONTENT="grader"/><SP WIDTH="30" VPOS="1381" HPOS="1494"/>
							<String ID="string_262" HPOS="1524" VPOS="1401" WIDTH="92" HEIGHT="34" WC="0.96" CONTENT="eller"/><SP WIDTH="30" VPOS="1401" HPOS="1616"/>
							<String ID="string_263" HPOS="1646" VPOS="1403" WIDTH="44" HEIGHT="33" WC="0.93" CONTENT="54"/><SP WIDTH="35" VPOS="1403" HPOS="1690"/>
							<String ID="string_264" HPOS="1725" VPOS="1401" WIDTH="92" HEIGHT="35" WC="0.92" CONTENT="tids-"/>
						</TextLine>
						<TextLine ID="line_24" HPOS="206" VPOS="1433" WIDTH="1611" HEIGHT="66">
							<String ID="string_265" HPOS="206" VPOS="1452" WIDTH="184" HEIGHT="42" WC="0.94" CONTENT="minuter;"/><SP WIDTH="29" VPOS="1452" HPOS="390"/>
							<String ID="string_266" HPOS="419" VPOS="1451" WIDTH="129" HEIGHT="35" WC="0.96" CONTENT="valdes"/><SP WIDTH="15" VPOS="1451" HPOS="548"/>
							<String ID="string_267" HPOS="563" VPOS="1433" WIDTH="86" HEIGHT="52" WC="0.68" CONTENT="den"/><SP WIDTH="30" VPOS="1433" HPOS="649"/>
							<String ID="string_268" HPOS="679" VPOS="1464" WIDTH="277" HEIGHT="35" WC="0.92" CONTENT="gemensamma"/><SP WIDTH="28" VPOS="1464" HPOS="956"/>
							<String ID="string_269" HPOS="984" VPOS="1451" WIDTH="312" HEIGHT="35" WC="0.92" CONTENT="tidsmeridianen"/><SP WIDTH="28" VPOS="1451" HPOS="1296"/>
							<String ID="string_270" HPOS="1324" VPOS="1454" WIDTH="47" HEIGHT="44" WC="0.93" CONTENT="på"/><SP WIDTH="24" VPOS="1454" HPOS="1371"/>
							<String ID="string_271" HPOS="1395" VPOS="1450" WIDTH="313" HEIGHT="49" WC="0.92" CONTENT="fördelaktigaste"/><SP WIDTH="22" VPOS="1450" HPOS="1708"/>
							<String ID="string_272" HPOS="1730" VPOS="1459" WIDTH="87" HEIGHT="35" WC="0.96" CONTENT="sätt,"/>
						</TextLine>
						<TextLine ID="line_25" HPOS="206" VPOS="1501" WIDTH="1612" HEIGHT="48">
							<String ID="string_273" HPOS="206" VPOS="1505" WIDTH="40" HEIGHT="32" WC="0.96" CONTENT="så"/><SP WIDTH="29" VPOS="1505" HPOS="246"/>
							<String ID="string_274" HPOS="275" VPOS="1502" WIDTH="120" HEIGHT="35" WC="0.96" CONTENT="skulle"/><SP WIDTH="33" VPOS="1502" HPOS="395"/>
							<String ID="string_275" HPOS="428" VPOS="1501" WIDTH="59" HEIGHT="36" WC="0.96" CONTENT="för"/><SP WIDTH="28" VPOS="1501" HPOS="487"/>
							<String ID="string_276" HPOS="515" VPOS="1502" WIDTH="45" HEIGHT="35" WC="0.95" CONTENT="de"/><SP WIDTH="29" VPOS="1502" HPOS="560"/>
							<String ID="string_277" HPOS="589" VPOS="1507" WIDTH="161" HEIGHT="52" WC="0.93" CONTENT="yttersta"/><SP WIDTH="37" VPOS="1507" HPOS="750"/>
							<String ID="string_278" HPOS="787" VPOS="1508" WIDTH="268" HEIGHT="41" WC="0.91" CONTENT="gränsorterna"/><SP WIDTH="37" VPOS="1508" HPOS="1055"/>
							<String ID="string_279" HPOS="1092" VPOS="1501" WIDTH="478" HEIGHT="48" WC="0.91" CONTENT="dagstidsförskjutningen"/><SP WIDTH="33" VPOS="1501" HPOS="1570"/>
							<String ID="string_280" HPOS="1603" VPOS="1506" WIDTH="127" HEIGHT="43" WC="0.94" CONTENT="uppgå"/><SP WIDTH="28" VPOS="1506" HPOS="1730"/>
							<String ID="string_281" HPOS="1758" VPOS="1503" WIDTH="60" HEIGHT="34" WC="0.94" CONTENT="till"/>
						</TextLine>
						<TextLine ID="line_26" HPOS="206" VPOS="1551" WIDTH="1612" HEIGHT="49">
							<String ID="string_282" HPOS="206" VPOS="1560" WIDTH="90" HEIGHT="27" WC="0.95" CONTENT="nära"/><SP WIDTH="31" VPOS="1560" HPOS="296"/>
							<String ID="string_283" HPOS="327" VPOS="1555" WIDTH="43" HEIGHT="33" WC="0.80" CONTENT="27"/><SP WIDTH="19" VPOS="1555" HPOS="370"/>
							<String ID="string_284" HPOS="389" VPOS="1558" WIDTH="38" HEIGHT="39" WC="0.0" CONTENT="+"/><SP WIDTH="17" VPOS="1558" HPOS="427"/>
							<String ID="string_285" HPOS="444" VPOS="1555" WIDTH="100" HEIGHT="33" WC="0.0" CONTENT="16"/><SP WIDTH="-27" VPOS="1555" HPOS="544"/>
							<String ID="string_286" HPOS="517" VPOS="1555" WIDTH="90" HEIGHT="33" WC="0.65" CONTENT="=43"/><SP WIDTH="35" VPOS="1555" HPOS="607"/>
							<String ID="string_287" HPOS="642" VPOS="1534" WIDTH="175" HEIGHT="54" WC="0.95" CONTENT="minuter."/><SP WIDTH="54" VPOS="1534" HPOS="817"/>
							<String ID="string_288" HPOS="871" VPOS="1552" WIDTH="75" HEIGHT="36" WC="0.96" CONTENT="Det"/><SP WIDTH="27" VPOS="1552" HPOS="946"/>
							<String ID="string_289" HPOS="973" VPOS="1553" WIDTH="73" HEIGHT="34" WC="0.96" CONTENT="kan"/><SP WIDTH="29" VPOS="1553" HPOS="1046"/>
							<String ID="string_290" HPOS="1075" VPOS="1553" WIDTH="83" HEIGHT="34" WC="0.94" CONTENT="med"/><SP WIDTH="30" VPOS="1553" HPOS="1158"/>
							<String ID="string_291" HPOS="1188" VPOS="1553" WIDTH="80" HEIGHT="34" WC="0.95" CONTENT="skäl"/><SP WIDTH="28" VPOS="1553" HPOS="1268"/>
							<String ID="string_292" HPOS="1296" VPOS="1557" WIDTH="117" HEIGHT="31" WC="0.89" CONTENT="sättas"/><SP WIDTH="19" VPOS="1557" HPOS="1413"/>
							<String ID="string_293" HPOS="1432" VPOS="1553" WIDTH="10" HEIGHT="34" WC="0.89" CONTENT="i"/><SP WIDTH="21" VPOS="1553" HPOS="1442"/>
							<String ID="string_294" HPOS="1463" VPOS="1551" WIDTH="118" HEIGHT="49" WC="0.96" CONTENT="fråga,"/><SP WIDTH="29" VPOS="1551" HPOS="1581"/>
							<String ID="string_295" HPOS="1610" VPOS="1553" WIDTH="99" HEIGHT="35" WC="0.96" CONTENT="huru"/><SP WIDTH="21" VPOS="1553" HPOS="1709"/>
							<String ID="string_296" HPOS="1730" VPOS="1553" WIDTH="88" HEIGHT="35" WC="0.96" CONTENT="vida"/>
						</TextLine>
						<TextLine ID="line_27" HPOS="207" VPOS="1603" WIDTH="1609" HEIGHT="47">
							<String ID="string_297" HPOS="207" VPOS="1604" WIDTH="83" HEIGHT="35" WC="0.96" CONTENT="icke"/><SP WIDTH="31" VPOS="1604" HPOS="290"/>
							<String ID="string_298" HPOS="321" VPOS="1617" WIDTH="44" HEIGHT="21" WC="0.95" CONTENT="en"/><SP WIDTH="30" VPOS="1617" HPOS="365"/>
							<String ID="string_299" HPOS="395" VPOS="1607" WIDTH="40" HEIGHT="31" WC="0.96" CONTENT="så"/><SP WIDTH="28" VPOS="1607" HPOS="435"/>
							<String ID="string_300" HPOS="463" VPOS="1611" WIDTH="79" HEIGHT="27" WC="0.93" CONTENT="stor"/><SP WIDTH="29" VPOS="1611" HPOS="542"/>
							<String ID="string_301" HPOS="571" VPOS="1603" WIDTH="428" HEIGHT="47" WC="0.91" CONTENT="dagstidsförskjutning"/><SP WIDTH="28" VPOS="1603" HPOS="999"/>
							<String ID="string_302" HPOS="1027" VPOS="1604" WIDTH="121" HEIGHT="34" WC="0.96" CONTENT="under"/><SP WIDTH="29" VPOS="1604" HPOS="1148"/>
							<String ID="string_303" HPOS="1177" VPOS="1603" WIDTH="45" HEIGHT="35" WC="0.96" CONTENT="de"/><SP WIDTH="29" VPOS="1603" HPOS="1222"/>
							<String ID="string_304" HPOS="1251" VPOS="1604" WIDTH="111" HEIGHT="34" WC="0.92" CONTENT="korta"/><SP WIDTH="27" VPOS="1604" HPOS="1362"/>
							<String ID="string_305" HPOS="1389" VPOS="1604" WIDTH="292" HEIGHT="46" WC="0.92" CONTENT="vinterdagarne"/><SP WIDTH="29" VPOS="1604" HPOS="1681"/>
							<String ID="string_306" HPOS="1710" VPOS="1604" WIDTH="68" HEIGHT="34" WC="0.96" CONTENT="här"/><SP WIDTH="28" VPOS="1604" HPOS="1778"/>
							<String ID="string_307" HPOS="1806" VPOS="1604" WIDTH="10" HEIGHT="34" WC="0.96" CONTENT="i"/>
						</TextLine>
						<TextLine ID="line_28" HPOS="207" VPOS="1653" WIDTH="1611" HEIGHT="48">
							<String ID="string_308" HPOS="207" VPOS="1654" WIDTH="144" HEIGHT="35" WC="0.96" CONTENT="norden"/><SP WIDTH="43" VPOS="1654" HPOS="351"/>
							<String ID="string_309" HPOS="394" VPOS="1661" WIDTH="114" HEIGHT="40" WC="0.95" CONTENT="utgör"/><SP WIDTH="42" VPOS="1661" HPOS="508"/>
							<String ID="string_310" HPOS="550" VPOS="1667" WIDTH="45" HEIGHT="21" WC="0.95" CONTENT="en"/><SP WIDTH="36" VPOS="1667" HPOS="595"/>
							<String ID="string_311" HPOS="631" VPOS="1660" WIDTH="133" HEIGHT="29" WC="0.96" CONTENT="nästan"/><SP WIDTH="38" VPOS="1660" HPOS="764"/>
							<String ID="string_312" HPOS="802" VPOS="1653" WIDTH="58" HEIGHT="35" WC="0.95" CONTENT="för"/><SP WIDTH="37" VPOS="1653" HPOS="860"/>
							<String ID="string_313" HPOS="897" VPOS="1660" WIDTH="79" HEIGHT="29" WC="0.96" CONTENT="stor"/><SP WIDTH="32" VPOS="1660" HPOS="976"/>
							<String ID="string_314" HPOS="1008" VPOS="1654" WIDTH="157" HEIGHT="35" WC="0.96" CONTENT="bråkdel"/><SP WIDTH="29" VPOS="1654" HPOS="1165"/>
							<String ID="string_315" HPOS="1194" VPOS="1653" WIDTH="39" HEIGHT="36" WC="0.96" CONTENT="af"/><SP WIDTH="25" VPOS="1653" HPOS="1233"/>
							<String ID="string_316" HPOS="1258" VPOS="1654" WIDTH="84" HEIGHT="34" WC="0.96" CONTENT="hela"/><SP WIDTH="28" VPOS="1654" HPOS="1342"/>
							<String ID="string_317" HPOS="1370" VPOS="1654" WIDTH="133" HEIGHT="46" WC="0.96" CONTENT="dagen."/><SP WIDTH="55" VPOS="1654" HPOS="1503"/>
							<String ID="string_318" HPOS="1558" VPOS="1654" WIDTH="60" HEIGHT="35" WC="0.95" CONTENT="Nu"/><SP WIDTH="29" VPOS="1654" HPOS="1618"/>
							<String ID="string_319" HPOS="1647" VPOS="1654" WIDTH="171" HEIGHT="35" WC="0.95" CONTENT="kommer"/>
						</TextLine>
						<TextLine ID="line_29" HPOS="207" VPOS="1704" WIDTH="1610" HEIGHT="48">
							<String ID="string_320" HPOS="207" VPOS="1705" WIDTH="141" HEIGHT="42" WC="0.94" CONTENT="härtill,"/><SP WIDTH="38" VPOS="1705" HPOS="348"/>
							<String ID="string_321" HPOS="386" VPOS="1710" WIDTH="56" HEIGHT="30" WC="0.96" CONTENT="att"/><SP WIDTH="37" VPOS="1710" HPOS="442"/>
							<String ID="string_322" HPOS="479" VPOS="1705" WIDTH="228" HEIGHT="35" WC="0.95" CONTENT="åtminstone"/><SP WIDTH="38" VPOS="1705" HPOS="707"/>
							<String ID="string_323" HPOS="745" VPOS="1704" WIDTH="266" HEIGHT="48" WC="0.96" CONTENT="Köpenhamns"/><SP WIDTH="37" VPOS="1704" HPOS="1011"/>
							<String ID="string_324" HPOS="1048" VPOS="1705" WIDTH="184" HEIGHT="35" WC="0.96" CONTENT="meridian"/><SP WIDTH="30" VPOS="1705" HPOS="1232"/>
							<String ID="string_325" HPOS="1262" VPOS="1705" WIDTH="81" HEIGHT="34" WC="0.96" CONTENT="icke"/><SP WIDTH="30" VPOS="1705" HPOS="1343"/>
							<String ID="string_326" HPOS="1373" VPOS="1712" WIDTH="40" HEIGHT="27" WC="0.96" CONTENT="är"/><SP WIDTH="27" VPOS="1712" HPOS="1413"/>
							<String ID="string_327" HPOS="1440" VPOS="1704" WIDTH="58" HEIGHT="35" WC="0.96" CONTENT="för"/><SP WIDTH="29" VPOS="1704" HPOS="1498"/>
							<String ID="string_328" HPOS="1527" VPOS="1705" WIDTH="215" HEIGHT="35" WC="0.96" CONTENT="ändamålet"/><SP WIDTH="28" VPOS="1705" HPOS="1742"/>
							<String ID="string_329" HPOS="1770" VPOS="1708" WIDTH="47" HEIGHT="44" WC="0.96" CONTENT="på"/>
						</TextLine>
						<TextLine ID="line_30" HPOS="205" VPOS="1733" WIDTH="1611" HEIGHT="70">
							<String ID="string_330" HPOS="205" VPOS="1733" WIDTH="315" HEIGHT="70" WC="0.92" CONTENT="fördelaktigaste"/><SP WIDTH="42" VPOS="1733" HPOS="520"/>
							<String ID="string_331" HPOS="562" VPOS="1762" WIDTH="75" HEIGHT="29" WC="0.96" CONTENT="sätt"/><SP WIDTH="41" VPOS="1762" HPOS="637"/>
							<String ID="string_332" HPOS="678" VPOS="1756" WIDTH="98" HEIGHT="43" WC="0.96" CONTENT="vald,"/><SP WIDTH="42" VPOS="1756" HPOS="776"/>
							<String ID="string_333" HPOS="818" VPOS="1759" WIDTH="40" HEIGHT="32" WC="0.96" CONTENT="så"/><SP WIDTH="41" VPOS="1759" HPOS="858"/>
							<String ID="string_334" HPOS="899" VPOS="1760" WIDTH="53" HEIGHT="31" WC="0.95" CONTENT="att"/><SP WIDTH="39" VPOS="1760" HPOS="952"/>
							<String ID="string_335" HPOS="991" VPOS="1769" WIDTH="137" HEIGHT="34" WC="0.95" CONTENT="genom"/><SP WIDTH="42" VPOS="1769" HPOS="1128"/>
							<String ID="string_336" HPOS="1170" VPOS="1755" WIDTH="210" HEIGHT="47" WC="0.93" CONTENT="antagande"/><SP WIDTH="30" VPOS="1755" HPOS="1380"/>
							<String ID="string_337" HPOS="1410" VPOS="1755" WIDTH="38" HEIGHT="35" WC="0.96" CONTENT="af"/><SP WIDTH="26" VPOS="1755" HPOS="1448"/>
							<String ID="string_338" HPOS="1474" VPOS="1756" WIDTH="121" HEIGHT="35" WC="0.96" CONTENT="denna"/><SP WIDTH="37" VPOS="1756" HPOS="1595"/>
							<String ID="string_339" HPOS="1632" VPOS="1756" WIDTH="184" HEIGHT="35" WC="0.96" CONTENT="meridian"/>
						</TextLine>
						<TextLine ID="line_31" HPOS="207" VPOS="1784" WIDTH="1610" HEIGHT="80">
							<String ID="string_340" HPOS="207" VPOS="1786" WIDTH="475" HEIGHT="78" WC="0.91" CONTENT="dagstidsförskjutningen"/><SP WIDTH="15" VPOS="1786" HPOS="682"/>
							<String ID="string_341" HPOS="697" VPOS="1807" WIDTH="65" HEIGHT="34" WC="0.96" CONTENT="vid"/><SP WIDTH="7" VPOS="1807" HPOS="762"/>
							<String ID="string_342" HPOS="769" VPOS="1784" WIDTH="58" HEIGHT="57" WC="0.77" CONTENT="de"/><SP WIDTH="22" VPOS="1784" HPOS="827"/>
							<String ID="string_343" HPOS="849" VPOS="1813" WIDTH="124" HEIGHT="29" WC="0.96" CONTENT="vestra"/><SP WIDTH="18" VPOS="1813" HPOS="973"/>
							<String ID="string_344" HPOS="991" VPOS="1787" WIDTH="269" HEIGHT="66" WC="0.16" CONTENT="oränsorterna"/><SP WIDTH="14" VPOS="1787" HPOS="1260"/>
							<String ID="string_345" HPOS="1274" VPOS="1795" WIDTH="130" HEIGHT="47" WC="0.92" CONTENT="blefve"/><SP WIDTH="22" VPOS="1795" HPOS="1404"/>
							<String ID="string_346" HPOS="1426" VPOS="1814" WIDTH="99" HEIGHT="27" WC="0.96" CONTENT="ännu"/><SP WIDTH="21" VPOS="1814" HPOS="1525"/>
							<String ID="string_347" HPOS="1546" VPOS="1810" WIDTH="116" HEIGHT="45" WC="0.93" CONTENT="något"/><SP WIDTH="20" VPOS="1810" HPOS="1662"/>
							<String ID="string_348" HPOS="1682" VPOS="1813" WIDTH="135" HEIGHT="29" WC="0.95" CONTENT="större."/>
						</TextLine>
						<TextLine ID="line_32" HPOS="206" VPOS="1856" WIDTH="1613" HEIGHT="49">
							<String ID="string_349" HPOS="206" VPOS="1856" WIDTH="73" HEIGHT="36" WC="0.96" CONTENT="För"/><SP WIDTH="30" VPOS="1856" HPOS="279"/>
							<String ID="string_350" HPOS="309" VPOS="1857" WIDTH="116" HEIGHT="48" WC="0.96" CONTENT="öfrigt"/><SP WIDTH="28" VPOS="1857" HPOS="425"/>
							<String ID="string_351" HPOS="453" VPOS="1858" WIDTH="122" HEIGHT="34" WC="0.96" CONTENT="lemna"/><SP WIDTH="28" VPOS="1858" HPOS="575"/>
							<String ID="string_352" HPOS="603" VPOS="1858" WIDTH="36" HEIGHT="34" WC="0.96" CONTENT="vi"/><SP WIDTH="29" VPOS="1858" HPOS="639"/>
							<String ID="string_353" HPOS="668" VPOS="1858" WIDTH="65" HEIGHT="34" WC="0.93" CONTENT="det"/><SP WIDTH="28" VPOS="1858" HPOS="733"/>
							<String ID="string_354" HPOS="761" VPOS="1857" WIDTH="156" HEIGHT="45" WC="0.91" CONTENT="derhän,"/><SP WIDTH="29" VPOS="1857" HPOS="917"/>
							<String ID="string_355" HPOS="946" VPOS="1836" WIDTH="98" HEIGHT="56" WC="0.96" CONTENT="huru"/><SP WIDTH="28" VPOS="1836" HPOS="1044"/>
							<String ID="string_356" HPOS="1072" VPOS="1858" WIDTH="88" HEIGHT="35" WC="0.96" CONTENT="vida"/><SP WIDTH="29" VPOS="1858" HPOS="1160"/>
							<String ID="string_357" HPOS="1189" VPOS="1870" WIDTH="83" HEIGHT="22" WC="0.96" CONTENT="man"/><SP WIDTH="29" VPOS="1870" HPOS="1272"/>
							<String ID="string_358" HPOS="1301" VPOS="1858" WIDTH="11" HEIGHT="34" WC="0.96" CONTENT="i"/><SP WIDTH="29" VPOS="1858" HPOS="1312"/>
							<String ID="string_359" HPOS="1341" VPOS="1857" WIDTH="125" HEIGHT="47" WC="0.96" CONTENT="Norge"/><SP WIDTH="28" VPOS="1857" HPOS="1466"/>
							<String ID="string_360" HPOS="1494" VPOS="1870" WIDTH="90" HEIGHT="22" WC="0.96" CONTENT="vore"/><SP WIDTH="11" VPOS="1870" HPOS="1584"/>
							<String ID="string_361" HPOS="1595" VPOS="1838" WIDTH="150" HEIGHT="55" WC="0.53" CONTENT="&quot;sinnad"/><SP WIDTH="18" VPOS="1838" HPOS="1745"/>
							<String ID="string_362" HPOS="1763" VPOS="1863" WIDTH="56" HEIGHT="30" WC="0.96" CONTENT="att"/>
						</TextLine>
						<TextLine ID="line_33" HPOS="207" VPOS="1908" WIDTH="1611" HEIGHT="47">
							<String ID="string_363" HPOS="207" VPOS="1908" WIDTH="59" HEIGHT="35" WC="0.95" CONTENT="till"/><SP WIDTH="28" VPOS="1908" HPOS="266"/>
							<String ID="string_364" HPOS="294" VPOS="1921" WIDTH="215" HEIGHT="34" WC="0.87" CONTENT="gemensam"/><SP WIDTH="29" VPOS="1921" HPOS="509"/>
							<String ID="string_365" HPOS="538" VPOS="1908" WIDTH="263" HEIGHT="36" WC="0.87" CONTENT="tidsmeridian"/><SP WIDTH="29" VPOS="1908" HPOS="801"/>
							<String ID="string_366" HPOS="830" VPOS="1915" WIDTH="135" HEIGHT="40" WC="0.96" CONTENT="antaga"/><SP WIDTH="29" VPOS="1915" HPOS="965"/>
							<String ID="string_367" HPOS="994" VPOS="1922" WIDTH="44" HEIGHT="21" WC="0.95" CONTENT="en"/><SP WIDTH="29" VPOS="1922" HPOS="1038"/>
							<String ID="string_368" HPOS="1067" VPOS="1908" WIDTH="128" HEIGHT="42" WC="0.95" CONTENT="sådan,"/><SP WIDTH="29" VPOS="1908" HPOS="1195"/>
							<String ID="string_369" HPOS="1224" VPOS="1921" WIDTH="79" HEIGHT="22" WC="0.93" CONTENT="som"/><SP WIDTH="29" VPOS="1921" HPOS="1303"/>
							<String ID="string_370" HPOS="1332" VPOS="1909" WIDTH="142" HEIGHT="35" WC="0.90" CONTENT="lemnar"/><SP WIDTH="28" VPOS="1909" HPOS="1474"/>
							<String ID="string_371" HPOS="1502" VPOS="1908" WIDTH="85" HEIGHT="35" WC="0.96" CONTENT="hela"/><SP WIDTH="28" VPOS="1908" HPOS="1587"/>
							<String ID="string_372" HPOS="1615" VPOS="1909" WIDTH="112" HEIGHT="35" WC="0.96" CONTENT="södra"/><SP WIDTH="20" VPOS="1909" HPOS="1727"/>
							<String ID="string_373" HPOS="1747" VPOS="1909" WIDTH="71" HEIGHT="35" WC="0.96" CONTENT="och"/>
						</TextLine>
						<TextLine ID="line_34" HPOS="209" VPOS="1959" WIDTH="1610" HEIGHT="48">
							<String ID="string_374" HPOS="209" VPOS="1959" WIDTH="191" HEIGHT="35" WC="0.94" CONTENT="mellersta"/><SP WIDTH="29" VPOS="1959" HPOS="400"/>
							<String ID="string_375" HPOS="429" VPOS="1959" WIDTH="111" HEIGHT="35" WC="0.96" CONTENT="delen"/><SP WIDTH="29" VPOS="1959" HPOS="540"/>
							<String ID="string_376" HPOS="569" VPOS="1959" WIDTH="40" HEIGHT="35" WC="0.96" CONTENT="af"/><SP WIDTH="24" VPOS="1959" HPOS="609"/>
							<String ID="string_377" HPOS="633" VPOS="1960" WIDTH="142" HEIGHT="43" WC="0.95" CONTENT="landet,"/><SP WIDTH="38" VPOS="1960" HPOS="775"/>
							<String ID="string_378" HPOS="813" VPOS="1960" WIDTH="109" HEIGHT="34" WC="0.96" CONTENT="alltså"/><SP WIDTH="27" VPOS="1960" HPOS="922"/>
							<String ID="string_379" HPOS="949" VPOS="1960" WIDTH="147" HEIGHT="34" WC="0.96" CONTENT="landets"/><SP WIDTH="28" VPOS="1960" HPOS="1096"/>
							<String ID="string_380" HPOS="1124" VPOS="1965" WIDTH="134" HEIGHT="29" WC="0.96" CONTENT="nästan"/><SP WIDTH="29" VPOS="1965" HPOS="1258"/>
							<String ID="string_381" HPOS="1287" VPOS="1960" WIDTH="84" HEIGHT="34" WC="0.96" CONTENT="hela"/><SP WIDTH="28" VPOS="1960" HPOS="1371"/>
							<String ID="string_382" HPOS="1399" VPOS="1959" WIDTH="233" HEIGHT="48" WC="0.96" CONTENT="befolkning,"/><SP WIDTH="30" VPOS="1959" HPOS="1632"/>
							<String ID="string_383" HPOS="1662" VPOS="1963" WIDTH="47" HEIGHT="43" WC="0.96" CONTENT="på"/><SP WIDTH="28" VPOS="1963" HPOS="1709"/>
							<String ID="string_384" HPOS="1737" VPOS="1960" WIDTH="82" HEIGHT="35" WC="0.96" CONTENT="sida"/>
						</TextLine>
						<TextLine ID="line_35" HPOS="209" VPOS="2009" WIDTH="1610" HEIGHT="49">
							<String ID="string_385" HPOS="209" VPOS="2022" WIDTH="61" HEIGHT="22" WC="0.93" CONTENT="om"/><SP WIDTH="38" VPOS="2022" HPOS="270"/>
							<String ID="string_386" HPOS="308" VPOS="2010" WIDTH="67" HEIGHT="46" WC="0.94" CONTENT="sig."/><SP WIDTH="53" VPOS="2010" HPOS="375"/>
							<String ID="string_387" HPOS="428" VPOS="2009" WIDTH="49" HEIGHT="35" WC="0.95" CONTENT="Vi"/><SP WIDTH="36" VPOS="2009" HPOS="477"/>
							<String ID="string_388" HPOS="513" VPOS="2016" WIDTH="58" HEIGHT="29" WC="0.96" CONTENT="tro"/><SP WIDTH="39" VPOS="2016" HPOS="571"/>
							<String ID="string_389" HPOS="610" VPOS="2009" WIDTH="57" HEIGHT="35" WC="0.96" CONTENT="för"/><SP WIDTH="28" VPOS="2009" HPOS="667"/>
							<String ID="string_390" HPOS="695" VPOS="2013" WIDTH="66" HEIGHT="32" WC="0.96" CONTENT="vår"/><SP WIDTH="29" VPOS="2013" HPOS="761"/>
							<String ID="string_391" HPOS="790" VPOS="2010" WIDTH="71" HEIGHT="43" WC="0.96" CONTENT="del,"/><SP WIDTH="42" VPOS="2010" HPOS="861"/>
							<String ID="string_392" HPOS="903" VPOS="2016" WIDTH="56" HEIGHT="29" WC="0.96" CONTENT="att"/><SP WIDTH="28" VPOS="2016" HPOS="959"/>
							<String ID="string_393" HPOS="987" VPOS="2010" WIDTH="64" HEIGHT="35" WC="0.96" CONTENT="det"/><SP WIDTH="29" VPOS="2010" HPOS="1051"/>
							<String ID="string_394" HPOS="1080" VPOS="2010" WIDTH="184" HEIGHT="43" WC="0.95" CONTENT="ändamål,"/><SP WIDTH="30" VPOS="2010" HPOS="1264"/>
							<String ID="string_395" HPOS="1294" VPOS="2023" WIDTH="80" HEIGHT="22" WC="0.96" CONTENT="som"/><SP WIDTH="29" VPOS="2023" HPOS="1374"/>
							<String ID="string_396" HPOS="1403" VPOS="2009" WIDTH="139" HEIGHT="49" WC="0.96" CONTENT="åsyftas"/><SP WIDTH="30" VPOS="2009" HPOS="1542"/>
							<String ID="string_397" HPOS="1572" VPOS="2010" WIDTH="85" HEIGHT="35" WC="0.96" CONTENT="med"/><SP WIDTH="29" VPOS="2010" HPOS="1657"/>
							<String ID="string_398" HPOS="1686" VPOS="2023" WIDTH="45" HEIGHT="22" WC="0.96" CONTENT="en"/><SP WIDTH="29" VPOS="2023" HPOS="1731"/>
							<String ID="string_399" HPOS="1760" VPOS="2010" WIDTH="59" HEIGHT="35" WC="0.96" CONTENT="för"/>
						</TextLine>
						<TextLine ID="line_36" HPOS="209" VPOS="2058" WIDTH="1610" HEIGHT="51">
							<String ID="string_400" HPOS="209" VPOS="2058" WIDTH="155" HEIGHT="49" WC="0.96" CONTENT="Sverige"/><SP WIDTH="29" VPOS="2058" HPOS="364"/>
							<String ID="string_401" HPOS="393" VPOS="2061" WIDTH="70" HEIGHT="34" WC="0.96" CONTENT="och"/><SP WIDTH="28" VPOS="2061" HPOS="463"/>
							<String ID="string_402" HPOS="491" VPOS="2060" WIDTH="125" HEIGHT="48" WC="0.95" CONTENT="Norge"/><SP WIDTH="28" VPOS="2060" HPOS="616"/>
							<String ID="string_403" HPOS="644" VPOS="2073" WIDTH="217" HEIGHT="35" WC="0.95" CONTENT="gemensam"/><SP WIDTH="28" VPOS="2073" HPOS="861"/>
							<String ID="string_404" HPOS="889" VPOS="2061" WIDTH="67" HEIGHT="43" WC="0.95" CONTENT="tid,"/><SP WIDTH="29" VPOS="2061" HPOS="956"/>
							<String ID="string_405" HPOS="985" VPOS="2061" WIDTH="59" HEIGHT="34" WC="0.96" CONTENT="till"/><SP WIDTH="28" VPOS="2061" HPOS="1044"/>
							<String ID="string_406" HPOS="1072" VPOS="2061" WIDTH="142" HEIGHT="48" WC="0.95" CONTENT="ganska"/><SP WIDTH="27" VPOS="2061" HPOS="1214"/>
							<String ID="string_407" HPOS="1241" VPOS="2061" WIDTH="189" HEIGHT="48" WC="0.96" CONTENT="väsentlig"/><SP WIDTH="28" VPOS="2061" HPOS="1430"/>
							<String ID="string_408" HPOS="1458" VPOS="2061" WIDTH="60" HEIGHT="35" WC="0.96" CONTENT="del"/><SP WIDTH="30" VPOS="2061" HPOS="1518"/>
							<String ID="string_409" HPOS="1548" VPOS="2061" WIDTH="69" HEIGHT="35" WC="0.95" CONTENT="och"/><SP WIDTH="30" VPOS="2061" HPOS="1617"/>
							<String ID="string_410" HPOS="1647" VPOS="2068" WIDTH="90" HEIGHT="28" WC="0.96" CONTENT="utan"/><SP WIDTH="26" VPOS="2068" HPOS="1737"/>
							<String ID="string_411" HPOS="1763" VPOS="2067" WIDTH="56" HEIGHT="30" WC="0.96" CONTENT="att"/>
						</TextLine>
						<TextLine ID="line_37" HPOS="208" VPOS="2110" WIDTH="1612" HEIGHT="64">
							<String ID="string_412" HPOS="208" VPOS="2110" WIDTH="224" HEIGHT="48" WC="0.91" CONTENT="beledsagas"/><SP WIDTH="37" VPOS="2110" HPOS="432"/>
							<String ID="string_413" HPOS="469" VPOS="2110" WIDTH="40" HEIGHT="36" WC="0.96" CONTENT="af"/><SP WIDTH="33" VPOS="2110" HPOS="509"/>
							<String ID="string_414" HPOS="542" VPOS="2111" WIDTH="43" HEIGHT="35" WC="0.95" CONTENT="de"/><SP WIDTH="39" VPOS="2111" HPOS="585"/>
							<String ID="string_415" HPOS="624" VPOS="2112" WIDTH="260" HEIGHT="46" WC="0.95" CONTENT="olägenheter,"/><SP WIDTH="38" VPOS="2112" HPOS="884"/>
							<String ID="string_416" HPOS="922" VPOS="2124" WIDTH="80" HEIGHT="23" WC="0.94" CONTENT="som"/><SP WIDTH="37" VPOS="2124" HPOS="1002"/>
							<String ID="string_417" HPOS="1039" VPOS="2125" WIDTH="137" HEIGHT="35" WC="0.94" CONTENT="genom"/><SP WIDTH="33" VPOS="2125" HPOS="1176"/>
							<String ID="string_418" HPOS="1209" VPOS="2112" WIDTH="67" HEIGHT="35" WC="0.94" CONTENT="allt"/><SP WIDTH="28" VPOS="2112" HPOS="1276"/>
							<String ID="string_419" HPOS="1304" VPOS="2110" WIDTH="58" HEIGHT="36" WC="0.96" CONTENT="för"/><SP WIDTH="28" VPOS="2110" HPOS="1362"/>
							<String ID="string_420" HPOS="1390" VPOS="2119" WIDTH="102" HEIGHT="28" WC="0.96" CONTENT="stora"/><SP WIDTH="27" VPOS="2119" HPOS="1492"/>
							<String ID="string_421" HPOS="1519" VPOS="2110" WIDTH="301" HEIGHT="64" WC="0.96" CONTENT="förskjutningar"/>
						</TextLine>
						<TextLine ID="line_38" HPOS="209" VPOS="2140" WIDTH="1609" HEIGHT="70">
							<String ID="string_422" HPOS="209" VPOS="2160" WIDTH="40" HEIGHT="36" WC="0.94" CONTENT="af"/><SP WIDTH="25" VPOS="2160" HPOS="249"/>
							<String ID="string_423" HPOS="274" VPOS="2162" WIDTH="44" HEIGHT="34" WC="0.96" CONTENT="de"/><SP WIDTH="30" VPOS="2162" HPOS="318"/>
							<String ID="string_424" HPOS="348" VPOS="2148" WIDTH="192" HEIGHT="62" WC="0.95" CONTENT="naturliga"/><SP WIDTH="41" VPOS="2148" HPOS="540"/>
							<String ID="string_425" HPOS="581" VPOS="2162" WIDTH="20" HEIGHT="35" WC="0.91" CONTENT="d"/><SP WIDTH="7" VPOS="2162" HPOS="601"/>
							<String ID="string_426" HPOS="608" VPOS="2144" WIDTH="217" HEIGHT="66" WC="0.92" CONTENT="agstiderna"/><SP WIDTH="40" VPOS="2144" HPOS="825"/>
							<String ID="string_427" HPOS="865" VPOS="2140" WIDTH="110" HEIGHT="57" WC="0.96" CONTENT="torde"/><SP WIDTH="43" VPOS="2140" HPOS="975"/>
							<String ID="string_428" HPOS="1018" VPOS="2163" WIDTH="243" HEIGHT="47" WC="0.95" CONTENT="uppkomma,"/><SP WIDTH="38" VPOS="2163" HPOS="1261"/>
							<String ID="string_429" HPOS="1299" VPOS="2163" WIDTH="121" HEIGHT="35" WC="0.93" CONTENT="skulle"/><SP WIDTH="30" VPOS="2163" HPOS="1420"/>
							<String ID="string_430" HPOS="1450" VPOS="2166" WIDTH="107" HEIGHT="32" WC="0.90" CONTENT="ernås"/><SP WIDTH="30" VPOS="2166" HPOS="1557"/>
							<String ID="string_431" HPOS="1587" VPOS="2163" WIDTH="231" HEIGHT="47" WC="0.91" CONTENT="derigenom,"/>
						</TextLine>
						<TextLine ID="line_39" HPOS="209" VPOS="2191" WIDTH="1611" HEIGHT="70">
							<String ID="string_432" HPOS="209" VPOS="2218" WIDTH="67" HEIGHT="38" WC="0.95" CONTENT="att,"/><SP WIDTH="30" VPOS="2218" HPOS="276"/>
							<String ID="string_433" HPOS="306" VPOS="2213" WIDTH="9" HEIGHT="34" WC="0.89" CONTENT="i"/><SP WIDTH="30" VPOS="2213" HPOS="315"/>
							<String ID="string_434" HPOS="345" VPOS="2212" WIDTH="66" HEIGHT="35" WC="0.95" CONTENT="fall"/><SP WIDTH="37" VPOS="2212" HPOS="411"/>
							<String ID="string_435" HPOS="448" VPOS="2225" WIDTH="83" HEIGHT="23" WC="0.94" CONTENT="man"/><SP WIDTH="30" VPOS="2225" HPOS="531"/>
							<String ID="string_436" HPOS="561" VPOS="2213" WIDTH="10" HEIGHT="34" WC="0.95" CONTENT="i"/><SP WIDTH="29" VPOS="2213" HPOS="571"/>
							<String ID="string_437" HPOS="600" VPOS="2191" WIDTH="125" HEIGHT="70" WC="0.96" CONTENT="Norge"/><SP WIDTH="37" VPOS="2191" HPOS="725"/>
							<String ID="string_438" HPOS="762" VPOS="2212" WIDTH="116" HEIGHT="36" WC="0.90" CONTENT="funne"/><SP WIDTH="29" VPOS="2212" HPOS="878"/>
							<String ID="string_439" HPOS="907" VPOS="2214" WIDTH="56" HEIGHT="46" WC="0.96" CONTENT="sig"/><SP WIDTH="28" VPOS="2214" HPOS="963"/>
							<String ID="string_440" HPOS="991" VPOS="2212" WIDTH="213" HEIGHT="37" WC="0.96" CONTENT="föranlåten"/><SP WIDTH="28" VPOS="2212" HPOS="1204"/>
							<String ID="string_441" HPOS="1232" VPOS="2219" WIDTH="56" HEIGHT="29" WC="0.96" CONTENT="att"/><SP WIDTH="29" VPOS="2219" HPOS="1288"/>
							<String ID="string_442" HPOS="1317" VPOS="2218" WIDTH="134" HEIGHT="42" WC="0.95" CONTENT="antaga"/><SP WIDTH="29" VPOS="2218" HPOS="1451"/>
							<String ID="string_443" HPOS="1480" VPOS="2226" WIDTH="43" HEIGHT="22" WC="0.95" CONTENT="en"/><SP WIDTH="30" VPOS="2226" HPOS="1523"/>
							<String ID="string_444" HPOS="1553" VPOS="2213" WIDTH="180" HEIGHT="35" WC="0.96" CONTENT="särskildt"/><SP WIDTH="27" VPOS="2213" HPOS="1733"/>
							<String ID="string_445" HPOS="1760" VPOS="2213" WIDTH="60" HEIGHT="36" WC="0.96" CONTENT="för"/>
						</TextLine>
						<TextLine ID="line_40" HPOS="210" VPOS="2242" WIDTH="1610" HEIGHT="70">
							<String ID="string_446" HPOS="210" VPOS="2241" WIDTH="105" HEIGHT="57" WC="0.96" CONTENT="detta"/><SP WIDTH="28" VPOS="2241" HPOS="315"/>
							<String ID="string_447" HPOS="343" VPOS="2263" WIDTH="87" HEIGHT="35" WC="0.96" CONTENT="land"/><SP WIDTH="28" VPOS="2263" HPOS="430"/>
							<String ID="string_448" HPOS="458" VPOS="2264" WIDTH="158" HEIGHT="47" WC="0.96" CONTENT="lämplig"/><SP WIDTH="28" VPOS="2264" HPOS="616"/>
							<String ID="string_449" HPOS="644" VPOS="2277" WIDTH="214" HEIGHT="35" WC="0.96" CONTENT="gemensam"/><SP WIDTH="29" VPOS="2277" HPOS="858"/>
							<String ID="string_450" HPOS="887" VPOS="2242" WIDTH="193" HEIGHT="70" WC="0.96" CONTENT="borgerlig"/><SP WIDTH="28" VPOS="2242" HPOS="1080"/>
							<String ID="string_451" HPOS="1108" VPOS="2264" WIDTH="67" HEIGHT="44" WC="0.93" CONTENT="tid,"/><SP WIDTH="30" VPOS="2264" HPOS="1175"/>
							<String ID="string_452" HPOS="1205" VPOS="2264" WIDTH="233" HEIGHT="35" WC="0.92" CONTENT="meridianen"/><SP WIDTH="24" VPOS="2264" HPOS="1438"/>
							<String ID="string_453" HPOS="1462" VPOS="2263" WIDTH="59" HEIGHT="36" WC="0.96" CONTENT="för"/><SP WIDTH="20" VPOS="2263" HPOS="1521"/>
							<String ID="string_454" HPOS="1541" VPOS="2264" WIDTH="121" HEIGHT="36" WC="0.96" CONTENT="denna"/><SP WIDTH="21" VPOS="2264" HPOS="1662"/>
							<String ID="string_455" HPOS="1683" VPOS="2265" WIDTH="137" HEIGHT="35" WC="0.96" CONTENT="norska"/>
						</TextLine>
					</TextBlock>
				</ComposedBlock>
				<ComposedBlock ID="cblock_2" HPOS="311" VPOS="2327" WIDTH="1409" HEIGHT="34">
					<TextBlock ID="block_2" HPOS="311" VPOS="2327" WIDTH="1409" HEIGHT="34">
						<TextLine ID="line_41" HPOS="311" VPOS="2327" WIDTH="1409" HEIGHT="34">
							<String ID="string_456" HPOS="311" VPOS="2327" WIDTH="64" HEIGHT="25" WC="0.45" CONTENT="Bih."/><SP WIDTH="19" VPOS="2327" HPOS="375"/>
							<String ID="string_457" HPOS="394" VPOS="2327" WIDTH="43" HEIGHT="26" WC="0.76" CONTENT="till"/><SP WIDTH="16" VPOS="2327" HPOS="437"/>
							<String ID="string_458" HPOS="453" VPOS="2327" WIDTH="97" HEIGHT="26" WC="0.80" CONTENT="Biksd."/><SP WIDTH="20" VPOS="2327" HPOS="550"/>
							<String ID="string_459" HPOS="570" VPOS="2328" WIDTH="75" HEIGHT="25" WC="0.93" CONTENT="Prot."/><SP WIDTH="20" VPOS="2328" HPOS="645"/>
							<String ID="string_460" HPOS="665" VPOS="2328" WIDTH="86" HEIGHT="26" WC="0.74" CONTENT="1577."/><SP WIDTH="29" VPOS="2328" HPOS="751"/>
							<String ID="string_461" HPOS="780" VPOS="2328" WIDTH="18" HEIGHT="26" WC="0.79" CONTENT="8"/><SP WIDTH="18" VPOS="2328" HPOS="798"/>
							<String ID="string_462" HPOS="816" VPOS="2327" WIDTH="86" HEIGHT="26" WC="0.87" CONTENT="Saml."/><SP WIDTH="28" VPOS="2327" HPOS="902"/>
							<String ID="string_463" HPOS="930" VPOS="2327" WIDTH="19" HEIGHT="26" WC="0.93" CONTENT="2"/><SP WIDTH="18" VPOS="2327" HPOS="949"/>
							<String ID="string_464" HPOS="967" VPOS="2328" WIDTH="72" HEIGHT="33" WC="0.88" CONTENT="Afd."/><SP WIDTH="28" VPOS="2328" HPOS="1039"/>
							<String ID="string_465" HPOS="1067" VPOS="2327" WIDTH="19" HEIGHT="26" WC="0.96" CONTENT="2"/><SP WIDTH="18" VPOS="2327" HPOS="1086"/>
							<String ID="string_466" HPOS="1104" VPOS="2328" WIDTH="94" HEIGHT="25" WC="0.95" CONTENT="Band."/><SP WIDTH="30" VPOS="2328" HPOS="1198"/>
							<String ID="string_467" HPOS="1228" VPOS="2327" WIDTH="39" HEIGHT="27" WC="0.92" CONTENT="18"/><SP WIDTH="18" VPOS="2327" HPOS="1267"/>
							<String ID="string_468" HPOS="1285" VPOS="2328" WIDTH="82" HEIGHT="32" WC="0.89" CONTENT="Häft."/><SP WIDTH="337" VPOS="2328" HPOS="1367"/>
							<String ID="string_469" HPOS="1704" VPOS="2328" WIDTH="16" HEIGHT="26" WC="0.95" CONTENT="2"/>
						</TextLine>
					</TextBlock>
				</ComposedBlock>
				<Illustration ID="cblock_3" HPOS="315" VPOS="864" WIDTH="27" HEIGHT="39"></Illustration>
			</PrintSpace>
		</Page>
	</Layout>
</alto>
