1934 2832
322 174 18 29 6
641 177 418 37 Bevillningsutskottets
1078 180 225 33 betänkande
1320 182 52 31 Nr
1396 182 51 31 23.

276 252 94 29 strax
405 252 84 30 efter
516 253 154 35 skörden,
695 253 108 31 skulle
827 254 55 30 det
905 265 82 20 vara
1012 266 44 20 av
1080 258 175 35 synnerlig
1280 259 178 36 betydelse,
1483 271 54 20 om
1562 262 223 30 lantmännen

279 294 112 31 kunde
425 296 185 35 uppskjuta
645 297 74 29 sina
754 297 108 31 utbud
897 298 60 30 och
992 299 107 31 under
1133 300 91 31 tiden
1253 302 57 30 väl
1334 302 96 31 sköta
1453 304 53 30 sin
1530 306 178 34 spannmål
1732 306 54 29 för

277 339 59 34 att,
372 338 77 31 med
472 339 220 32 undvikande
716 350 43 21 av
783 341 158 31 inbördes
966 342 221 38 konkurrens,
1212 345 189 32 sedermera
1424 348 144 36 utbjuda
1592 348 191 32 densamma

276 382 42 35 på
342 382 165 37 lägligare
531 383 95 32 tider.

320 426 136 36 Mycket
489 428 113 35 syntes
630 428 181 36 härvidlag
837 447 37 3 —
900 430 62 30 och
986 430 52 31 för
1061 431 201 32 minskande
1285 435 80 29 över
1388 435 120 31 huvud
1532 437 91 34 taget
1646 446 42 20 av
1712 447 72 25 pro-

276 469 224 31 ducenternas
534 471 165 31 beroende
726 482 45 20 av
795 473 196 30 kvarnarna
1017 492 38 2 —
1081 475 117 30 kunna
1221 476 251 32 åstadkommas
1494 489 45 19 av
1563 480 221 30 lantmännen

275 512 120 36 själva.
442 513 129 31 Genom
605 515 188 36 kraftigare
828 517 535 36 sammanslutningssträvanden
1397 521 54 30 för
1474 522 158 31 inbördes
1655 523 92 36 hjälp
1773 524 11 29 i

275 556 91 30 olika
391 556 214 32 hänseenden
629 560 114 34 syntes
767 559 215 35 möjligheter
1006 562 126 34 öppnas
1156 561 53 31 för
1233 562 223 33 lantmännen
1472 566 51 30 att
1539 566 36 30 få
1590 567 194 35 avgörande

276 599 186 36 inflytande
487 602 42 35 på
553 601 64 31 den
640 603 146 30 svenska
810 603 417 36 spannmålsmarknaden.
1275 607 138 37 Mycket
1429 609 110 31 talade
1556 610 53 30 för
1627 611 51 30 att
1694 610 86 31 detta

275 653 80 21 vore
379 644 64 31 den
467 647 79 34 väg,
570 655 72 21 som
666 646 55 31 till
745 647 62 30 sist
831 647 95 31 ledde
949 648 56 30 till
1029 648 54 31 det
1108 649 95 31 bästa
1227 651 184 32 resultatet.

317 687 49 31 De
389 688 218 31 ekonomiska
631 691 220 35 svårigheter,
875 701 73 20 som
971 693 44 34 på
1037 693 113 34 grund
1174 704 44 20 av
1242 694 236 36 depressionen
1494 697 128 36 tyngde
1638 698 145 30 flertalet

272 730 234 37 jordbrukare,
531 734 89 29 samt
644 733 39 30 de
707 734 214 35 motigheter,
947 736 140 30 varmed
1111 736 241 33 lantmiännens
1376 740 302 35 föreningsrörelse
1697 741 86 31 hade

272 775 50 28 att
356 774 134 36 kämpa,
523 777 114 34 syntes
675 777 191 30 emellertid
904 778 53 29 för
995 780 216 30 närvarande
1248 781 102 36 lägga
1387 783 190 31 avsevärda
1615 784 121 31 hinder
1772 785 7 29 i

273 818 109 34 vägen
406 817 52 31 för
481 818 140 31 odlarna
645 821 50 29 att
718 821 42 34 på
784 830 79 26 nyss
887 822 114 35 antytt
1024 824 68 28 sätt
1116 824 79 34 taga
1218 826 323 36 spannmålsfrågan
1566 828 69 30 helt
1660 828 10 29 i
1695 837 85 27 egna

273 859 138 33 händer.

316 904 78 31 Med
419 905 133 37 hänsyn
576 906 55 31 till
656 907 244 31 lantmännens
923 910 190 35 trängande
1133 910 109 32 behov
1258 922 44 20 av
1318 914 190 35 penningar
1525 915 84 30 efter
1626 916 154 36 skörden,

274 948 112 31 kunde
420 949 282 32 återhållsamhet
737 952 11 29 i
784 951 152 32 utbuden
972 953 166 36 knappast
1172 955 11 30 i
1216 956 129 31 önskad
1369 958 207 36 omfattning
1600 960 180 36 påräknas,

272 993 84 28 utan
390 994 51 29 att
475 993 218 36 möjligheter
728 995 122 30 funnes
883 997 51 29 att
965 997 43 34 på
1031 999 106 29 annat
1161 999 65 29 sätt
1250 1001 44 28 än
1319 1008 122 27 genom
1464 1002 86 35 tidig
1574 1002 206 36 försäljning

272 1034 131 31 erhålla
427 1036 147 36 tillgång
599 1037 54 30 till
677 1038 164 30 kontanta
864 1039 117 30 medel.

315 1078 135 36 Frågan
485 1089 54 21 om
568 1080 261 32 underlättande
852 1092 45 20 av
921 1082 240 33 lantmännens
1185 1087 360 36 spannmaålsbelaning
1569 1089 211 31 framträdde

271 1121 43 30 då
347 1123 112 30 såsom
493 1124 47 29 ett
569 1124 129 36 viktigt
731 1124 53 31 led
809 1125 11 30 i
844 1125 285 35 producenternas
1152 1128 176 35 frigörelse
1352 1130 76 30 från
1463 1131 39 30 de
1528 1142 43 19 av
1601 1133 175 30 inhemska

270 1165 425 33 marknadsförhållanden
719 1168 273 35 uppkommande
1014 1171 270 35 svårigheterna.

313 1208 99 30 Inom
446 1209 450 37 jordbruksdepartementet
931 1212 85 31 hade
1051 1215 187 30 utarbetats
1270 1216 227 36 anvisningar
1521 1219 143 30 rörande
1689 1220 88 30 vissa

269 1252 159 35 atgärder
463 1253 51 30 för
549 1254 271 36 möjliggörande
843 1265 44 20 av
912 1256 86 31 ökad
1022 1258 362 37 spannmålsbelåning
1409 1261 78 30 från
1510 1261 268 35 jordbrukarnas

269 1294 81 31 sida.
398 1295 55 31 Nu
489 1296 158 36 gällande
682 1299 68 30 rätt
784 1299 177 36 angående
995 1302 236 36 pantsättning
1259 1312 45 21 av
1328 1303 49 31 lös
1400 1304 164 36 egendom
1587 1302 189 45 förutsatte,

269 1340 50 29 att
354 1340 208 35 egendomen
585 1342 165 35 antingen
773 1343 257 32 överlämnades
1054 1345 11 29 i
1090 1345 220 36 langivarens
1333 1347 188 37 besittning
1545 1350 82 30 eller
1652 1350 90 31 lades
1767 1351 7 29 i

269 1382 116 31 förvar
419 1384 60 30 hos
514 1384 108 36 tredje
650 1395 90 26 man,
765 1386 61 30 och
850 1396 41 21 en
915 1387 97 36 dylik
1036 1390 236 35 pantsättning
1295 1401 79 20 vore
1398 1391 115 32 därför
1537 1394 140 30 förenad
1700 1395 76 29 med

269 1426 91 30 vissa
393 1427 217 35 olägenheter
644 1439 45 19 av
720 1430 156 35 praktisk
900 1431 165 31 innebörd
1089 1435 88 28 samt
1200 1433 172 32 medförde
1396 1435 11 29 i
1430 1436 61 30 allt
1515 1437 63 30 fall
1601 1438 175 34 åtskilliga

268 1469 182 31 kostnader
484 1471 53 30 för
571 1471 179 37 förvaring
782 1473 62 30 och
868 1474 123 31 skötsel
1014 1477 88 29 samt
1125 1476 71 31 ofta
1219 1479 87 29 även
1331 1480 172 34 transport
1527 1490 44 20 av
1595 1480 63 31 den
1682 1483 94 33 pant-

268 1514 87 29 satta
380 1523 118 21 varan.
545 1514 245 38 Pantsättning
816 1516 111 31 kunde
952 1517 117 32 därför
1093 1519 71 31 icke
1188 1520 53 30 för
1264 1523 215 30 närvarande
1504 1523 108 31 vinna
1628 1520 148 44 tillämp-

268 1556 84 36 ning
387 1557 12 30 i
434 1558 171 31 önskvärd
640 1559 220 36 omfattning.
907 1560 64 31 Det
999 1561 87 32 hade
1110 1563 216 37 följaktligen
1350 1565 92 31 varit
1464 1567 179 36 angeläget
1667 1569 50 29 att
1740 1568 32 31 fa

267 1599 184 32 undersökt
474 1602 262 36 möjligheterna
761 1603 52 31 för
837 1604 302 33 åstadkommande
1162 1617 43 21 av
1230 1608 126 31 sådana
1381 1609 320 38 lagbestämmelser,
1725 1614 49 29 att

267 1643 161 37 belåning
464 1645 113 31 kunde
612 1646 57 30 ske
704 1648 70 29 mot
808 1648 157 31 säkerhet
989 1649 11 29 i
1024 1651 180 34 spannmal
1229 1653 85 29 utan
1336 1654 51 29 att
1412 1653 201 36 låntagaren
1636 1656 139 30 avstode

266 1686 79 30 från
380 1688 230 36 besittningen
645 1690 55 30 till
735 1690 120 31 denna.
902 1692 98 30 Efter
1023 1693 241 32 förberedande
1287 1696 257 37 undersökning
1569 1699 94 29 inom
1686 1699 88 35 jord-

265 1729 374 37 bruksdepartementet
673 1733 86 31 hade
783 1734 90 30 detta
897 1736 123 30 ärende
1044 1738 228 31 överlämnats
1296 1739 55 30 till
1374 1735 400 46 justitiedepartementet

266 1772 53 31 för
353 1773 137 32 fortsatt
525 1776 185 37 utredning
734 1777 11 30 i
770 1778 164 31 samband
966 1780 77 30 med
1067 1780 64 31 den
1154 1791 44 20 av
1224 1782 82 30 1923
1330 1784 56 29 års
1410 1784 139 36 riksdag
1574 1785 12 30 i
1609 1786 164 30 skrivelse

265 1826 43 20 nr
331 1817 62 32 207
419 1818 145 37 begärda
588 1820 238 37 utredningen,
851 1822 175 32 huruvida
1049 1825 61 30 och
1135 1828 42 32 på
1202 1825 66 31 vad
1291 1828 68 29 sätt
1380 1828 76 31 med
1474 1832 63 27 vår
1554 1829 217 37 lagstiftning

267 1860 112 32 kunde
402 1862 182 32 införlivas
607 1864 253 32 bestämmelser
883 1867 175 35 angående
1081 1869 239 36 upplagsbevis
1343 1871 84 31 eller
1450 1872 191 36 lagerbevis
1666 1883 106 26 repre-

264 1906 200 30 senterande
492 1907 110 36 själva
627 1918 109 21 varan
759 1910 199 38 (warrants).
1005 1911 100 32 Detta
1129 1913 317 37 utredningsarbete
1470 1916 86 31 hade
1579 1917 192 31 fortskridit

265 1947 143 37 därhän,
443 1951 50 29 att
528 1950 127 36 förslag
688 1952 54 30 till
768 1952 55 36 lag
848 1953 11 29 i
883 1956 115 29 ämnet
1022 1956 166 35 möjligen
1213 1957 113 31 kunde
1350 1958 103 31 redan
1477 1960 232 31 innevarande
1732 1963 40 29 år

264 1991 191 36 föreläggas
491 1993 193 37 riksdagen.
731 1995 130 31 Genom
896 2007 42 20 en
965 1997 97 37 dylik
1087 1999 218 37 lagstiftning
1329 2004 114 33 syntes
1466 2003 302 37 beläningsfrågan

265 2034 137 31 komma
426 2036 11 29 i
461 2038 47 29 ett
532 2038 172 36 väsentigt
728 2038 109 32 bättre
861 2040 85 35 läge.

306 2078 68 30 För
412 2079 237 37 befrämjande
687 2092 45 20 av
771 2085 440 37 spannmålsavsättningen
1245 2088 62 30 och
1342 2090 427 34 spannmålsmarknadens

263 2121 173 32 ordnande
459 2133 81 21 vore
564 2126 90 29 även
677 2125 123 36 frågan
824 2137 55 20 om
902 2129 359 36 spannmålslagerhus
1284 2141 44 20 av
1344 2134 70 29 stor
1431 2133 179 37 betydelse.
1646 2134 18 30 I
1680 2136 89 30 årets

263 2166 394 36 statsverksproposition
692 2169 86 31 hade
812 2170 130 37 Kungl.
972 2171 99 37 Maj:t
1095 2173 175 36 föreslagit
1294 2175 181 37 riksdagen
1498 2179 60 33 att,
1584 2178 11 29 i
1618 2178 151 31 avbidan

263 2209 43 34 på
339 2210 208 35 proposition
583 2211 11 29 i
626 2212 149 36 ämnet!,
800 2214 53 31 för
877 2215 193 31 inrättande
1093 2227 45 20 av
1161 2227 42 21 en
1227 2218 161 31 lånefond
1412 2220 53 30 för
1487 2221 213 36 anläggning
1724 2232 44 20 av

262 2253 359 36 spannmålslagerhus
655 2255 54 31 för
736 2257 201 35 budgetåret
961 2259 213 32 1924—1923
1199 2263 110 30 såsom
1334 2263 259 37 kapitalökning
1619 2265 149 31 beräkna

262 2296 48 30 ett
334 2297 345 38 reservationsanslag
702 2310 45 20 av
771 2301 138 36 500,000
934 2303 135 31 kronor.

306 2339 375 36 Departementschefen
706 2344 82 32 fäste
812 2346 238 32 huvudvikten
1076 2348 56 31 vid
1156 2349 125 31 sådana
1304 2350 166 36 åtgärder,
1487 2361 71 21 som
1574 2352 193 31 huvudsak-

277 2382 77 36 igen
390 2384 99 31 borde
524 2387 212 33 genomföras
770 2399 44 20 av
850 2390 223 32 lantmännen
1109 2392 122 36 själva,
1256 2393 61 31 och
1340 2394 94 36 hyste
1458 2395 230 36 förhoppning
1713 2406 53 20 om

305 2468 125 28 "Denna
452 2481 114 16 numera
587 2476 111 30 avgiven
731 2479 177 29 proposition
931 2487 33 16 nr
984 2481 31 23 57
