1902 2830
113 764 147 25 Utskottet.

289 198 19 28 6
743 191 275 28 Bankoutskottets
1038 189 159 27 utlåtande
1216 188 42 26 Nr
1280 188 43 26 73.

333 275 67 40 2:0)
430 275 144 29 Diverse
590 273 187 40 pensioner
793 272 67 29 och
877 270 191 31 understöd
1085 278 46 21 m.
1148 278 45 20 m.
1223 268 12 29 I
1253 267 157 39 punkten
1428 266 40 29 44
1486 275 42 20 av
1545 265 83 30 elfte
1646 259 132 48 huvud-

290 329 100 30 titeln
413 329 64 29 har
502 327 125 38 Kungl.
653 326 99 39 Maj:t
776 324 181 39 föreslagit
980 323 187 37 riksdagen
1192 324 50 27 att
1266 321 52 29 till
1342 320 135 30 diverse
1501 317 187 40 pensioner
1714 316 66 30 och

290 382 191 30 understöd
520 390 46 20 m.
606 390 45 20 m.
691 379 55 30 för
785 377 204 38 budgetåret
1032 370 138 41 1938/39
1210 374 121 31 anvisa
1360 376 46 27 ett
1436 371 274 39 förslagsanslag
1738 379 42 21 av

294 437 11 28 1
324 436 64 29 800
401 436 63 29 000
486 435 144 29 kronor.

336 543 12 28 I
373 541 57 31 sitt
453 541 111 31 under
587 538 286 40 nästföregående
897 538 110 40 punkt
1032 535 232 32 omförmälda
1289 533 177 32 utlåtande
1489 542 41 21 nr
1557 533 36 29 11
1619 530 160 32 anmälde

291 596 164 29 utskottet
475 594 112 30 under
606 594 154 38 punkten
781 594 29 34 6,
831 595 49 27 att
900 592 164 30 utskottet
1085 591 139 29 komme
1244 591 48 28 att
1313 587 185 31 framdeles
1519 586 110 31 under
1648 584 131 31 riksda-

292 656 64 31 gen
375 648 121 39 avgiva
516 646 179 32 utlåtande
713 648 80 28 över
812 644 264 40 ifrågavarande
1094 641 265 39 framställning.

337 755 176 31 Utskottet
534 753 55 31 får
610 754 121 35 erinra,
753 756 49 27 att
824 755 109 27 staten
954 751 105 39 enligt
1079 750 111 30 beslut
1211 759 41 21 av
1276 749 81 30 1937
1380 747 55 31 års
1456 746 140 39 riksdag
1619 745 86 31 skall
1726 743 57 31 vid

294 809 244 38 övertagandet
561 817 41 21 av
626 805 453 38 dövstumundervisningen
1101 812 147 22 ansvara
1271 802 53 30 för
1346 800 234 31 kostnaderna
1602 799 55 30 för
1678 798 107 30 redan

293 861 170 39 utgående
486 861 183 40 pensioner
693 860 50 31 till
767 860 24 30 f.
817 860 32 29 d.
874 858 342 39 befattningshavare
1240 856 57 30 vid
1321 854 337 32 dövstumskolorna.
1695 852 86 30 Här-

294 916 79 29 med
397 915 96 31 torde
519 924 98 20 avses
644 915 85 29 även
754 912 131 31 sådana
909 911 182 40 pensioner
1117 911 65 30 och
1207 908 319 40 tilläggspensioner
1552 907 52 30 till
1629 905 152 31 nämnda

293 967 343 40 befattningshavare
653 968 65 29 och
736 967 99 29 deras
853 965 240 35 efterlevande,
1113 964 92 30 vilka
1223 963 74 30 före
1315 962 67 31 den
1403 963 15 28 1
1439 961 63 39 juli
1523 961 84 30 1938
1624 955 159 47 beviljats

296 1032 41 20 av
364 1021 258 31 vederbörande
648 1018 377 33 dövstumskoldistrikt
1050 1018 66 30 och
1141 1018 75 29 icke
1241 1017 11 29 i
1278 1016 115 38 vanlig
1420 1014 149 39 ordning
1596 1013 117 39 gäldas
1741 1021 42 21 av

296 1077 127 28 statens
445 1074 301 39 pensionsanstalt.
783 1074 12 29 I
821 1072 185 39 anledning
1030 1081 43 20 av
1097 1070 123 39 Kungl.
1245 1069 117 39 Maj:ts
1385 1068 10 30 i
1418 1067 216 40 proposition
1657 1076 40 20 nr
1720 1066 63 29 212

298 1128 49 30 till
372 1128 235 30 innevarande
633 1126 55 31 års
713 1127 141 38 riksdag
881 1126 119 29 därom
1027 1124 216 31 framställda
1271 1123 129 37 förslag
1426 1122 64 29 har
1517 1120 185 39 riksdagen
1728 1119 56 29 be-

296 1181 179 39 myndigat
499 1181 125 38 Kungl.
649 1180 98 39 Maj:t
783 1183 49 27 att
856 1183 79 35 taga
959 1179 55 30 det
1039 1178 109 30 under
1173 1177 80 30 elfte
1277 1175 219 31 huvudtiteln
1519 1173 174 40 uppförda
1717 1172 67 30 för-

297 1234 246 39 slagsanslaget
567 1234 51 30 till
642 1233 130 30 diverse
797 1233 181 39 pensioner
1002 1232 65 30 och
1091 1230 187 32 understöd
1302 1239 44 20 m.
1373 1239 44 19 m.
1443 1228 9 29 i
1478 1226 152 41 anspråk
1653 1226 52 30 för
1729 1226 56 29 be-

298 1288 173 30 stridande
492 1297 41 20 av
555 1286 264 39 ifrågavarande
838 1285 194 30 kostnader.
1067 1285 13 28 I
1101 1284 154 30 nämnda
1275 1281 213 41 proposition
1507 1281 92 30 hava
1618 1279 169 39 ifrågava-

298 1341 106 30 rande
420 1340 352 39 pensionskostnader
789 1339 184 30 beräknats
990 1338 51 30 till
1058 1340 46 27 ett
1119 1337 125 39 belopp
1261 1346 42 20 av
1320 1336 9 29 i
1348 1338 80 28 runt
1445 1335 48 30 tal
1511 1335 42 30 60
1566 1334 64 30 000
1647 1334 138 29 kronor.

299 1394 170 30 Utskottet
493 1393 54 31 får
570 1394 79 29 med
675 1392 186 39 anledning
886 1392 106 29 härav
1016 1391 151 34 förorda,
1193 1393 49 27 att
1266 1399 47 20 nu
1337 1388 228 31 förevarande
1589 1387 119 38 anslag
1733 1386 53 29 för

299 1448 98 29 nästa
414 1446 169 40 budgetår
601 1447 84 30 ökas
703 1447 77 29 med
800 1445 236 39 nyssnämnda
1055 1444 125 39 belopp
1198 1443 65 30 och
1284 1443 91 38 förty
1393 1442 9 29 i
1421 1442 185 30 riksstaten
1623 1440 163 39 uppföres

298 1501 79 29 med
398 1502 13 28 1
428 1502 63 29 860
505 1501 65 29 000
589 1501 137 29 kronor.

345 1554 169 30 Utskottet
534 1553 197 30 hemställer
751 1552 140 36 således,

653 1645 48 27 att
722 1641 193 39 riksdagen,
937 1641 10 29 i
967 1639 187 39 anledning
1175 1648 42 21 av
1240 1638 121 39 Kungl.
1385 1638 117 38 Maj:ts
1524 1634 264 41 ifrågavarande

612 1696 137 38 förslag,
774 1694 57 30 må
856 1694 49 30 till
928 1693 139 30 Diverse
1091 1693 182 38 pensioner
1298 1691 63 30 och
1387 1689 187 31 understöd
1599 1698 43 20 m.
1671 1698 41 19 m.
1739 1687 52 29 för

611 1748 200 40 budgetåret
845 1742 137 42 1938/39
1015 1746 120 30 anvisa
1167 1749 45 26 ett
1241 1743 270 40 förslagsanslag
1541 1752 42 20 av
1619 1742 93 30 1860
1726 1741 64 30 000

611 1802 136 30 kronor.

348 1892 200 30 Stockholm
576 1892 66 30 den
667 1892 41 29 28
734 1891 70 38 maj
834 1890 92 30 1938.

778 1978 46 31 På
849 1978 301 30 bankoutskottets
1173 1977 141 38 vägnar:

821 2049 180 30 HARALD
1028 2044 248 34 ÅKERBERG.

346 2284 212 27 Närvarande:
582 2292 31 18 se
637 2282 185 34 anteckning
846 2281 16 27 å
887 2280 157 27 utlåtande
1068 2289 36 17 nr
1129 2280 43 27 72.

733 2509 233 24 Centraltryckeriet,
990 2509 89 20 Esseite
1103 2508 34 20 ab.
1162 2507 134 21 Stockholm
1320 2507 49 20 1938

1013 2547 79 16 848040
