2168 2599
649 222 107 32 Stats-
767 220 173 33 Utskottets
971 219 181 33 Utlåtande
1177 218 64 32 N:o
1265 220 28 29 6.
1765 215 20 30 3

947 936 78 39 N:o
1055 935 35 38 6.

773 1144 85 31 Ank.
884 1144 49 30 till
957 1143 109 31 Riksd.
1090 1143 114 30 Kansli
1227 1143 59 30 den
1313 1144 38 29 12
1376 1143 89 30 Febr.
1492 1143 94 36 1883,
1609 1142 43 30 kl.
1675 1143 38 28 12
1739 1141 93 31 midd.

421 1295 213 46 Utlåtande,
681 1293 190 48 angående
905 1292 223 48 regleringen
1158 1292 48 48 af
1229 1291 202 48 utgifterna
1459 1292 116 35 under
1611 1292 219 35 riksstatens

616 1361 152 36 Andra
796 1359 276 51 hufvudtitel.

1492 1479 75 48 (1:a
1592 1479 46 36 U.
1666 1479 60 48 AA)

341 1588 70 35 Vid
453 1589 117 34 denna
604 1586 222 41 hufvudtitel,
857 1584 217 36 omfattande
1103 1583 173 47 anslagen
1305 1584 53 34 till
1386 1583 443 48 Justitiedepartementet,

211 1641 107 35 hafva
360 1640 59 35 vid
452 1639 243 36 innevarande
724 1638 167 35 riksmöte
919 1635 265 47 ifrågakommit
1208 1636 42 34 de
1278 1635 263 46 förändringar,
1569 1647 75 23 som
1673 1634 65 36 här
1767 1648 61 23 ne-

211 1694 69 34 dan
309 1690 236 38 omförmälas.

496 1809 95 37 Svea
620 1809 154 45 Hofrätt
802 1808 80 35 med
909 1807 182 35 derunder
1121 1806 162 48 lydande
1303 1806 227 49 justitiestat.

346 1900 53 33 1:o
428 1897 133 46 Kongl.
589 1895 103 48 Maj:t
719 1895 65 35 har
813 1892 194 47 föreslagit,
1036 1896 50 31 att
1114 1892 78 35 från
1220 1892 117 36 denna
1365 1894 221 46 anslagstitel
1616 1896 109 35 måtte
1753 1900 75 31 ute-

211 1949 110 36 slutas
363 1949 57 35 det
449 1949 113 35 under
587 1947 168 36 rubriken
783 1944 206 46 "indelning
1017 1944 67 34 och
1113 1944 142 35 dermed
1270 1945 183 46 jemförlig
1481 1947 209 45 anvisning:
1720 1948 109 35 frihe-

210 2002 71 34 ter"
326 2005 182 42 upptagna
549 2000 126 46 belopp
705 2000 73 34 255
809 1999 149 43 kronor;
988 1995 64 36 och
1082 1995 55 45 då,
1166 1996 114 46 enligt
1307 1996 93 36 hvad
1442 1999 389 47 statsrådsprotokollet

211 2051 185 47 angående
425 2050 401 45 inkomstberäkningen
856 2047 79 46 (sid.
967 2049 38 43 9)
1034 2048 114 45 gifver
1177 2047 56 35 vid
1258 2046 152 48 handen,
1440 2051 155 34 nämnda
1624 2050 126 48 belopp
1775 2060 55 26 ut-

210 2108 64 40 gör
303 2107 129 31 räntan
469 2104 37 33 af
537 2107 51 31 ett
631 2098 462 48 häradshöfdingeboställe,
1122 2098 148 46 hvilket,
1299 2099 12 35 i
1336 2099 84 47 följd
1450 2102 37 33 af
1514 2102 238 47 uppkommen
1780 2103 49 35 le-

211 2155 134 47 dighet,
371 2167 48 23 nu
454 2167 98 23 mera
590 2154 91 36 skall
710 2153 54 36 till
793 2150 215 38 statsverket
1035 2150 168 47 indragas
1231 2151 66 35 och
1327 2156 84 31 utan
1440 2156 102 32 ränta
1571 2155 260 46 utarrenderas,

212 2207 210 36 hemställer
451 2206 194 47 Utskottet,

745 2313 51 31 att
838 2305 155 36 nämnda
1036 2305 126 48 belopp
1205 2307 74 36 255
1324 2308 129 36 kronor
1487 2309 55 35 må
1571 2321 41 23 ur
1640 2309 191 36 riksstaten

616 2363 136 35 afföras.

1874 1888 154 34 Angående

1858 1925 179 26 uteslutande

1848 1968 36 17 ur
1902 1960 152 26 riksstaten

1847 1996 34 32 af
1902 1998 37 23 ett
1963 1996 91 26 under

1882 2030 137 26 rubriken

1876 2066 149 30 "friheter"

1848 2104 139 31 upptaget
2011 2101 42 26 be-

1912 2137 72 33 lopp.

1920 2172 63 49 [1]
