2246 2668
455 173 17 27 6
907 164 263 32 Statsutskottets
1197 160 172 33 Memorial
1392 160 61 32 N:o
1476 162 50 30 27.

413 256 347 44 indragningsstaten
802 254 142 43 pension
985 252 52 34 till
1079 248 38 37 så
1158 253 89 31 stort
1287 250 135 42 belopp,
1464 248 54 33 att
1551 247 97 33 detta
1675 244 147 43 tillhopa
1850 242 75 34 med
1956 241 64 34 den

413 309 142 42 pension
596 305 78 36 från
716 306 217 34 civilstatens
968 301 372 46 pensionsinrättning,
1370 302 71 32 600
1470 299 140 42 kronor,
1639 294 145 36 hvartill
1811 295 68 33 han
1909 290 111 37 såsom

414 358 476 36 kommissionslandtmätare
919 353 54 38 ma
1001 354 111 35 blifva
1141 352 212 43 berättigad,
1382 347 136 48 uppgår
1545 349 53 35 till
1628 348 108 43 2,000
1765 346 140 39 kronor,
1936 344 86 34 eller

417 413 107 42 1,400
553 411 129 34 kronor
709 407 146 46 årligen,
883 410 116 32 röstar

1184 506 65 44 Ja;

549 615 91 45 Den,
670 616 59 34 det
757 614 30 45 ej
818 614 73 43 vill,
920 616 115 31 röstar

1180 712 88 43 Nej;

552 820 138 34 Vinner
730 818 83 45 Nej,
848 819 65 32 har
940 817 130 43 Kongl.
1100 815 126 44 Maj:ts
1253 812 231 36 förevarande
1513 809 259 43 framställning
1800 805 44 46 på
1872 807 58 34 det
1957 809 70 31 sätt

419 871 157 43 bifallits,
606 873 51 32 att
686 868 504 36 kommissionslandtmätaren
1210 866 60 33 och
1288 862 229 45 kartografen
1534 861 58 34 vid
1608 861 175 34 allmänna
1800 857 224 36 ekonomiska

417 923 211 34 kartverket
669 920 200 45 Sigismund
912 918 175 45 Septimus
1123 916 197 37 Stanislaus
1348 914 199 43 Leczinsky
1575 910 55 36 må
1657 909 79 37 från
1765 910 62 34 och
1856 909 77 34 med
1960 905 66 37 må-

419 975 112 33 naden
569 977 79 31 näst
676 973 89 34 efter
793 972 76 40 den,
899 970 201 34 hvarunder
1127 969 68 34 han
1226 965 77 36 från
1332 967 74 33 sina
1436 964 240 43 befattningar
1704 960 109 36 såsom
1842 959 187 44 kartograf

419 1026 64 34 och
524 1023 477 36 kommissionslandtmätare
1030 1018 113 46 afgår,
1174 1020 110 33 under
1312 1018 50 34 sin
1392 1014 222 37 återstående
1642 1014 109 34 lifstid
1780 1009 141 46 åtnjuta
1950 1008 76 37 från

419 1078 176 33 allmänna
622 1075 347 43 indragningsstaten
997 1072 143 44 pension
1169 1071 54 34 till
1251 1067 38 37 så
1317 1071 89 32 stort
1433 1068 135 42 belopp,
1589 1068 54 32 att
1671 1066 96 33 detta
1788 1063 147 44 tillhopa
1950 1062 77 34 med

420 1128 63 34 den
526 1127 139 44 pension
708 1123 79 37 från
827 1125 219 35 civilstatens
1086 1120 371 46 pensionsinrättning,
1501 1119 71 33 600
1609 1118 140 41 kronor,
1778 1114 146 34 hvartill
1958 1113 71 34 han

421 1177 111 35 såsom
560 1177 476 34 kommissionslandtmätare
1065 1172 54 35 må
1148 1173 108 34 blifva
1285 1170 211 43 berättigad,
1524 1166 137 45 uppgår
1688 1168 51 33 till
1759 1168 107 40 1,600
1887 1166 141 40 kronor,

422 1230 84 33 eller
540 1230 105 42 1,000
674 1229 129 33 kronor
830 1224 166 46 årligen.»

1192 1378 66 32 4:0.

559 1482 116 36 Sedan
702 1481 129 45 Kongl.
862 1481 109 45 Maj:t
999 1479 192 43 föreslagit,
1222 1481 55 30 att
1296 1477 93 34 förre
1410 1474 380 36 materialförvaltaren
1819 1471 58 34 vid
1900 1473 134 31 statens

422 1534 377 46 jernvägsbyggnader
839 1543 42 23 m.
925 1543 42 23 m.
1003 1530 185 35 Bernhard
1222 1528 250 34 Fredrikssons
1500 1526 88 34 enka
1619 1524 175 34 Fredrika
1828 1521 206 35 Vilhelmina

425 1586 242 41 Fredriksson,
709 1584 81 33 född
831 1582 238 42 Westerlund,
1099 1578 119 44 måtte,
1248 1577 37 36 så
1312 1580 102 42 länge
1442 1578 67 33 hon
1538 1575 170 35 förblefve
1736 1574 102 41 enka,
1868 1569 77 37 från
1975 1572 58 33 all-

426 1641 126 30 männa
594 1635 346 44 indragningsstaten
982 1631 139 46 åtnjuta
1163 1641 41 24 en
1245 1628 90 45 årlig
1362 1628 142 45 pension
1534 1627 38 34 af
1597 1628 72 33 400
1698 1626 141 41 kronor,
1869 1626 54 31 att
1950 1620 86 46 utgå

424 1686 79 36 från
532 1687 63 34 och
623 1686 76 34 med
732 1687 92 33 1890
852 1683 58 36 års
937 1685 141 43 ingång,
1107 1683 89 33 hade
1224 1682 173 33 utskottet
1424 1680 11 33 i
1463 1679 156 44 punkten
1648 1679 55 32 9:0
1723 1676 39 34 af
1774 1675 61 34 sitt
1850 1672 182 36 utlåtande

426 1739 176 41 hemstält,
644 1740 53 31 att
737 1736 129 44 Kongl.
901 1735 126 43 Maj:ts
1059 1732 232 36 förevarande
1319 1729 260 44 framställning
1606 1726 108 36 måtte
1742 1724 45 46 på
1815 1726 58 34 det
1901 1727 71 32 sätt
1999 1723 39 34 af

425 1790 204 42 Riksdagen
657 1788 149 41 bifallas,
836 1792 54 28 att
917 1786 94 34 förre
1040 1783 382 36 materialförvaltaren
1439 1782 58 33 vid
1512 1783 134 32 statens
1658 1775 377 47 jernvägsbyggnader

427 1852 42 23 m.
511 1851 43 23 m.
596 1839 187 34 Bernhard
824 1837 253 34 Fredrikssons
1118 1835 91 34 enka
1238 1832 173 36 Fredrika
1439 1831 217 35 Vilhelmina
1683 1828 245 43 Fredriksson,
1956 1826 80 34 född

425 1890 239 42 Westerlund,
708 1891 118 32 måtte.
856 1886 37 36 så
921 1889 103 42 länge
1053 1887 68 33 hon
1150 1884 172 36 förblefve
1350 1884 103 42 enka,
1481 1880 78 37 från
1589 1883 175 32 allmänna
1793 1878 242 43 indragnings-

426 1946 116 30 staten
575 1939 138 46 åtnjuta
744 1951 41 23 en
814 1938 90 45 årlig
932 1939 144 43 pension
1105 1937 39 34 af
1170 1938 72 33 300
1271 1936 140 41 kronor,
1440 1937 54 31 att
1521 1930 87 46 utgå
1635 1929 77 37 från
1742 1931 64 34 och
1835 1929 75 35 med
1943 1930 93 33 1890

427 1992 57 36 års
511 1990 141 46 ingång.

560 2042 85 35 Med
686 2042 114 43 afslag
840 2038 21 36 å
888 2040 193 34 utskottets
1111 2039 221 41 hemställan,
1361 2035 38 36 så
1426 2037 75 34 vidt
1529 2036 64 33 den
1622 2034 111 34 skilde
1761 2033 52 43 sig
1839 2030 80 35 från
1947 2031 93 33 hvad

427 2094 129 44 Kongl.
586 2093 109 45 Maj:t
721 2093 11 33 i
759 2092 237 34 förevarande
1024 2090 197 35 hänseende
1237 2088 194 43 föreslagit,
1447 2088 65 32 har
1527 2086 127 34 Första
1669 2083 215 35 Kammaren
1901 2082 140 43 antagit

427 2145 130 43 Kongl.
602 2144 124 43 Maj:ts
762 2144 133 41 förslag
935 2147 86 29 utan
1063 2141 221 42 förändring,
1328 2140 182 34 hvaremot
1551 2137 191 36 utskottets
1769 2134 208 36 hemställan
2007 2133 39 34 af

429 2196 126 36 Andra
585 2195 215 35 Kammaren
830 2192 154 35 bifallits.
