1880 2806
531 173 290 34 Statsutskottets
844 172 182 36 utlåtande
1050 185 41 23 nr
1112 177 73 32 171.
1587 179 19 30 7

160 253 345 40 Klinikbyggnaden.
549 254 224 34 Beträffande
804 254 202 42 spörsmålet
1037 267 56 21 om
1124 254 256 43 utformningen
1410 268 44 20 av
1483 255 123 33 klinik-

118 306 202 43 byggnaden
340 307 125 33 erinrar
483 307 218 40 kommittén,
722 312 52 29 att
792 307 208 34 kommittén
1020 308 103 43 enligt
1143 308 199 35 meddelade
1363 308 144 34 direktiv
1528 308 76 34 haft

119 365 51 29 att
184 363 170 40 överväga
369 361 60 34 två
446 360 202 34 alternativa
664 360 124 43 förslag
803 361 51 34 till
869 361 129 43 lösning
1015 374 43 21 av
1074 361 417 43 klinikbyggnadsfrågan,
1508 365 95 30 näm-

117 414 85 42 ligen
223 414 68 34 dels
313 419 49 29 ett
382 413 362 44 nybyggnadsförslag,
765 414 160 43 framlagt
947 427 44 21 av
1011 414 507 44 förhandlingskommissionen,
1541 415 64 34 och

119 467 67 34 dels
211 479 41 22 en
278 479 43 22 av
347 467 118 34 chefen
488 467 51 34 för
565 467 483 43 ecklesiastikdepartementet
1072 467 180 44 ifrågasatt
1278 468 198 43 anordning,
1502 468 103 43 enligt

120 520 111 34 vilken
249 520 150 34 kliniken
417 521 105 34 skulle
541 521 140 34 beredas
701 520 212 44 erforderliga
932 521 124 34 lokaler
1076 533 119 31 genom
1215 534 71 21 om-
1307 522 63 33 och
1391 522 211 42 tillbyggnad

120 586 43 22 av
178 573 194 35 karolinska
391 574 193 42 sjukhusets
603 574 162 43 E-flygel,
784 575 62 33 där
862 574 440 43 garnisonsavdelningarna
1321 574 52 34 för
1392 575 213 34 närvarande

121 639 77 22 vore
215 627 171 43 inrymda.
404 628 71 34 Det
494 638 117 23 senare
629 627 217 35 alternativet
865 627 192 40 förutsatte,
1077 633 52 29 att
1148 627 457 43 garnisonsavdelningarnas

121 680 209 42 vårdplatser
342 680 115 34 kunde
469 680 195 43 disponeras
676 680 51 34 för
741 680 94 34 civilt
850 680 168 35 ändamål.
1033 681 87 34 Med
1133 680 134 43 hänsyn
1279 680 111 35 härtill
1406 681 88 34 hade
1508 681 96 33 kom-

120 733 123 34 mittén
262 745 44 22 av
325 733 65 34 den
407 733 209 43 sakkunnige
633 732 51 34 för
703 733 382 42 garnisonssjukvården
1104 734 10 33 i
1134 733 197 34 Stockholm
1352 733 181 41 inhämtat,
1554 737 52 31 att

121 786 258 43 ifrågavarande
396 786 212 43 vårdplatser
626 786 105 34 skulle
748 786 142 35 komma
908 790 53 30 att
979 786 72 35 helt
1070 787 53 34 stå
1141 786 52 34 till
1212 786 198 43 förfogande
1429 786 53 34 för
1500 799 105 22 ovan-

121 840 148 33 nämnda
292 839 170 35 ändamål.

166 910 750 43 Nybyggnadsalternativet.
951 910 531 35 Kommittén
1191 906 122 51 lämnar
1331 910 151 35 härefter
1498 922 42 22 en
1556 910 50 34 in-

122 964 126 43 gående
267 964 208 42 redogörelse
495 963 52 34 för
569 963 65 34 den
655 963 222 43 utformning,
898 963 311 43 klinikbyggnaden
1230 963 134 35 erhållit
1386 963 101 43 enligt
1509 964 97 33 kom-

121 1017 138 34 mitténs
281 1016 125 44 förslag
427 1017 51 34 till
502 1017 132 42 lösning
657 1029 44 21 av
724 1016 299 43 byggnadsfrågan
1047 1016 11 34 1
1083 1016 334 34 överensstämmelse
1441 1017 78 34 med
1545 1029 62 30 ny-

120 1070 405 43 byggnadsalternativet.

167 1132 116 43 Enligt
296 1132 222 34 kommitténs
532 1131 125 43 förslag
669 1132 62 34 har
743 1131 313 43 klinikbyggnaden
1069 1131 139 43 förlagts
1221 1131 50 35 till
1285 1144 131 22 samma
1431 1132 89 42 plats
1536 1143 72 23 som

121 1178 64 33 den
203 1190 43 21 av
263 1177 504 42 förhandlingskommissionen
786 1176 193 42 föreslagna
996 1176 215 42 byggnaden,
1229 1176 33 34 d.
1283 1188 33 21 v.
1336 1188 25 21 s.
1380 1176 52 34 till
1452 1176 158 34 området

123 1221 122 34 mellan
261 1221 193 34 karolinska
472 1221 193 42 sjukhusets
682 1220 151 44 B-flygel
850 1221 63 34 och
931 1221 213 43 patologiska
1161 1220 247 36 institutionen,
1426 1220 18 34 I
1464 1220 146 43 enlighet

122 1266 77 34 med
225 1265 397 43 kommissionsförslaget
648 1265 61 34 har
736 1266 252 42 nybyggnaden
1016 1265 155 34 anslutits
1196 1265 50 34 till
1275 1265 192 42 sjukhusets
1495 1265 114 43 flygel.

123 1310 336 43 Klinikbyggnaden,
479 1322 73 22 som
572 1310 104 34 skulle
693 1309 168 43 förläggas
880 1310 50 34 till
949 1314 50 30 ett
1017 1309 262 34 förhållandevis
1298 1310 144 42 kuperat
1462 1310 148 39 område,

124 1355 201 34 sträckande
347 1354 49 43 sig
417 1355 10 33 i
450 1354 392 43 sydvästlig-nordostlig
864 1354 160 43 riktning,
1045 1354 63 34 har
1131 1366 40 21 en
1192 1354 104 42 längd
1319 1366 44 21 av
1386 1354 157 42 omkring
1566 1357 42 31 75

124 1404 106 29 meter
249 1399 64 34 och
333 1398 165 35 omfattar
517 1398 11 34 i
548 1399 51 33 sin
619 1401 123 31 största
760 1398 236 42 utsträckning
1017 1410 57 21 sex
1094 1398 175 42 våningar.
1291 1399 81 33 Mot
1393 1398 66 34 den
1478 1398 131 42 patolo-

125 1444 93 43 giska
239 1443 236 35 institutionen
498 1443 151 33 avslutas
672 1442 204 43 byggnaden
899 1454 43 21 av
966 1454 42 22 en
1030 1442 102 42 flygel
1156 1454 55 21 om
1233 1447 53 29 tre
1309 1442 175 42 våningar.
1508 1442 19 33 I
1551 1442 59 34 sitt

124 1488 102 42 högre
243 1488 90 42 parti
351 1487 185 42 inrymmer
554 1486 203 43 byggnaden
777 1486 66 34 den
861 1487 147 33 centrala
1026 1487 304 42 trappuppgången
1349 1487 80 33 med
1447 1486 77 35 dess
1543 1486 67 34 his-

125 1544 63 23 sar.
208 1531 299 43 Huvudingången
528 1534 36 30 är
583 1531 139 42 belägen
742 1531 36 33 åt
798 1531 173 33 nordväst.

169 1577 18 33 I
204 1576 289 42 bottenvåningen
512 1575 165 43 förläggas
697 1576 20 32 å
736 1577 93 31 ömse
848 1574 89 34 sidor
955 1587 57 21 om
1030 1575 308 42 trappuppgången
1358 1574 41 35 de
1417 1574 90 34 båda
1528 1575 82 42 poli-

124 1621 199 39 klinikerna,
339 1631 41 22 en
395 1632 63 22 var
473 1620 79 34 med
570 1619 138 35 särskild
724 1620 97 33 entré
839 1631 119 30 genom
976 1631 41 22 en
1033 1624 123 37 trappa
1173 1619 77 33 från
1267 1619 65 33 den
1350 1619 261 42 underliggande

124 1665 188 34 kulverten.
330 1665 189 34 Entréerna
538 1664 135 34 ansluta
691 1664 112 34 direkt
821 1664 52 33 till
892 1663 273 43 poliklinikernas
1183 1664 62 33 två
1265 1666 171 37 väntrum,
1456 1676 43 21 av
1519 1663 91 34 vilka

125 1715 49 29 ett
191 1713 36 30 är
244 1714 114 29 avsett
373 1709 52 34 för
442 1709 152 42 nybesök
612 1708 62 34 och
693 1713 50 29 ett
761 1708 52 33 för
831 1708 188 34 återbesök.
1037 1708 93 33 Intill
1149 1711 239 30 väntrummen
1406 1708 87 42 ligga
1511 1720 99 30 expe-

125 1755 212 38 ditionsrum,
356 1753 95 34 arkiv
470 1758 90 29 samt
577 1765 76 21 rum
670 1753 51 33 för
738 1752 197 43 utfrågning
953 1765 44 21 av
1015 1752 169 43 patienter
1200 1764 47 22 m.
1266 1764 46 21 m.
1331 1752 279 34 Poliklinikernas

125 1798 279 42 undersöknings-
427 1798 62 33 och
514 1797 298 42 behandlingsrum
838 1800 56 30 äro
918 1796 211 43 grupperade
1152 1796 92 34 inom
1268 1796 220 43 byggnadens
1514 1796 97 34 södra

126 1843 62 34 del.
205 1843 94 33 Intill
317 1842 257 42 poliklinikerna
590 1842 44 33 ha
651 1841 139 42 förlagts
809 1841 267 42 föreläsningssal
1096 1840 62 34 och
1177 1852 166 28 museum,
1363 1840 157 42 inrymda
1540 1841 9 33 i
1571 1852 40 22 en

126 1887 139 34 särskild
290 1886 212 42 utbyggnad.
527 1886 19 32 I
571 1885 194 42 anslutning
788 1885 51 34 till
864 1884 311 42 föreläsningssalen
1199 1884 90 34 hava
1314 1885 62 33 två
1402 1885 208 33 demonstra-

126 1932 162 33 tionsrum
307 1930 151 42 förlagts.

171 1976 54 33 De
244 1975 170 33 allmänna
431 1973 353 43 vårdavdelningarna
803 1976 57 30 äro
878 1972 142 42 belägna
1038 1972 9 34 i
1066 1972 174 42 våningar,
1260 1975 31 37 1,
1309 1976 32 36 2,
1360 1976 19 30 3
1398 1972 63 34 och
1479 1975 20 30 4
1517 1977 94 37 trap-

127 2032 70 30 por,
219 2020 64 33 den
306 2018 150 34 enskilda
478 2018 220 42 avdelningen
721 2017 64 34 och
807 2016 365 43 malariaavdelningen
1192 2017 10 33 i
1225 2016 167 42 våningen
1417 2020 19 30 5
1459 2021 153 38 trappor.

127 2063 374 42 Vårdavdelningarnas
525 2062 189 34 lokaliteter
739 2065 59 30 äro
822 2061 251 43 genomgående
1097 2061 151 42 förlagda
1274 2061 154 42 omkring
1453 2073 40 21 en
1518 2061 94 33 mitt-

126 2108 151 34 korridor
293 2107 79 34 med
390 2107 233 42 sjukrummen
641 2106 9 33 i
668 2107 84 41 regel
769 2106 37 34 åt
825 2106 118 41 sydost
960 2106 63 33 och
1043 2105 206 34 bilokalerna
1267 2106 38 34 åt
1322 2105 175 34 nordväst.
1516 2105 97 33 Blott

128 2152 141 34 enstaka
293 2151 152 43 sjukrum
469 2151 46 33 ha
538 2150 139 42 förlagts
702 2151 36 33 åt
763 2150 212 34 sistnämnda
1000 2150 226 33 väderstreck.

172 2197 18 32 I
215 2196 170 42 våningen
411 2199 16 29 1
453 2200 126 37 trappa
604 2198 57 30 äro
685 2194 160 42 inrymda
870 2195 64 32 den
958 2193 148 42 manliga
1132 2194 304 42 hudavdelningen,
1459 2206 77 21 rum
1562 2193 51 34 för

127 2240 233 34 överläkarens
378 2239 136 42 privata
531 2239 225 41 mottagning,
774 2238 367 41 allergilaboratorium,
1159 2237 323 42 centralexpedition
1501 2250 46 21 m.
1567 2250 45 21 m.

127 2284 176 42 Våningen
326 2287 20 29 2
368 2288 141 37 trappor
531 2287 166 37 upptages
721 2294 43 21 av
787 2283 66 32 den
876 2281 147 42 manliga
1047 2281 307 42 könsavdelningen
1380 2282 62 32 och
1467 2282 145 32 barnav-

129 2328 185 42 delningen.
332 2327 65 33 Till
415 2327 168 41 våningen
602 2330 19 29 3
639 2331 143 37 trappor
798 2326 62 33 har
878 2325 137 42 förlagts
1035 2325 62 33 den
1116 2324 173 43 kvinnliga
1309 2324 304 42 hudavdelningen.

128 2373 176 41 Våningen
328 2374 20 30 4
372 2376 142 37 trappor
537 2371 184 41 inrymmer
745 2371 65 33 den
834 2369 172 42 kvinnliga
1030 2368 319 43 könsavdelningen.
1374 2369 164 33 Förutom
1564 2369 49 33 bi-

129 2416 123 34 lokaler
275 2416 73 39 har,
370 2416 109 34 såsom
502 2415 104 33 redan
629 2414 153 39 erinrats,
805 2413 183 34 anordnats
1013 2416 86 30 även
1123 2417 49 30 ett
1196 2413 190 33 arbetsrum
1410 2413 51 33 för
1484 2412 130 43 patien-

129 2466 104 28 terna.
248 2461 18 32 I
282 2459 167 42 våningen
468 2463 18 30 5
500 2464 142 37 trappor
657 2459 60 32 har
733 2458 146 42 inrymts
895 2458 62 33 den
974 2457 152 34 enskilda
1142 2456 221 43 avdelningen
1379 2457 63 33 och
1459 2457 155 33 malaria-

130 2504 232 43 avdelningen.
388 2504 66 33 Till
481 2502 366 43 souterrängvåningen
873 2502 45 33 ha
943 2501 139 42 förlagts
1108 2501 126 33 lokaler
1259 2501 51 33 för
1335 2501 83 34 bad-
1444 2501 64 34 och
1534 2501 79 42 ljus-
