1876 2800
302 133 41 30 16
716 132 290 35 Statsutskottets
1028 133 183 35 utlåtande
1235 146 42 23 nr
1298 138 73 31 171.

303 210 123 35 räknat
441 210 48 43 sig
503 211 9 33 i
527 211 95 34 detta
638 212 176 40 avseende,
827 224 80 22 men
920 213 103 34 också
1039 219 52 29 att
1106 226 41 22 en
1162 215 142 34 smalare
1317 215 260 36 korridorbredd
1592 217 73 34 icke
1681 217 107 35 skulle

302 254 46 34 ha
363 255 88 34 varit
465 255 168 44 tillrådlig,
648 259 77 32 enär
740 269 82 21 man
835 258 105 33 redan
954 270 44 21 nu
1014 258 61 34 har
1092 259 56 34 det
1163 260 132 42 ganska
1309 261 126 42 trångt,
1451 260 44 34 då
1511 264 167 40 sängarna
1694 262 95 34 skola

304 299 129 42 skjutas
451 305 38 29 ut
506 300 63 34 och
586 300 46 36 in.
650 301 42 34 Vi
711 301 159 34 använda
889 303 251 42 genomgående
1158 304 153 34 Svenska
1330 304 253 43 sängfabrikens
1603 307 121 34 modell
1743 308 45 41 på

302 343 84 43 hjul.
412 344 247 35 Sköterskorna
681 345 131 44 intyga,
837 351 52 30 att
914 359 40 23 en
979 347 195 43 ytterligare
1198 349 194 43 minskning
1417 362 43 21 av
1485 350 303 35 korridorbredden

303 388 73 34 icke
392 388 68 34 kan
475 389 158 34 tillåtas.»

349 432 287 36 Reservanternas
654 434 89 35 åsikt
762 434 10 34 i
792 434 94 44 fråga
905 448 56 21 om
980 435 187 44 salsdjupet
1186 437 63 33 och
1268 437 304 35 korridorbredden
1592 439 90 36 delas
1700 440 87 42 jäm-

304 477 57 33 väl
378 477 49 34 till
445 478 63 33 alla
528 478 92 34 delar
638 491 42 22 av
698 479 170 42 professor
886 480 237 36 Hellerströms
1142 481 211 44 fackkollega
1372 482 57 34 vid
1448 483 247 42 Köpenhamns
1715 485 73 33 uni-

305 521 147 40 versitet,
471 522 167 42 professor
656 523 46 33 H.
722 523 236 35 Haxthausen.
979 524 166 43 Samtliga
1166 526 44 42 på
1231 526 96 34 detta
1349 528 136 34 område
1505 528 213 43 sakkunniga
1738 529 49 33 in-

304 565 202 41 slitutioner,
530 567 170 42 nämligen
724 567 210 35 direktionen
957 568 52 34 för
1032 569 193 35 karolinska
1250 570 189 43 sjukhuset,
1463 572 242 43 lärarkollegiet
1730 573 58 34 vid

302 609 193 35 karolinska
515 611 173 35 institutet
706 612 63 34 och
789 612 344 44 medicinalstyrelsen
1152 614 45 34 ha
1214 614 130 43 jämväl
1363 616 45 42 på
1429 616 57 34 det
1505 616 201 43 kraftigaste
1726 630 61 21 un-

304 654 180 35 derstrukit
501 660 271 31 reservanternas
792 656 231 44 uppfattning.

349 699 84 33 Risk
453 699 52 34 för
525 700 274 42 prejudicerande
821 701 127 34 verkan
969 702 60 34 vid
1049 702 236 35 fastställande
1307 704 102 43 enligt
1429 709 269 31 reservanternas
1721 706 66 34 för-

303 743 72 42 slag
395 744 9 33 i
426 743 93 43 fråga
542 757 56 21 om
621 745 185 43 salsdjupet
828 746 63 33 och
911 746 304 35 korridorbredden
1237 760 100 30 synes
1359 761 52 21 oss
1432 749 74 34 icke
1528 749 158 44 föreligga
1708 751 79 33 med

302 787 133 43 hänsyn
449 788 49 34 till
513 789 44 34 de
572 789 154 42 speciella
741 790 224 42 synpunkter,
981 803 74 22 som
1071 791 62 34 här
1149 804 89 22 ovan
1254 792 100 35 blivit
1371 792 150 35 anförda.

347 832 156 34 Givetvis
525 834 110 33 måste
655 834 41 33 de
716 834 272 35 statsfinansiella
1009 836 255 42 synpunkterna
1285 837 10 34 i
1317 840 124 31 största
1460 838 139 43 möjliga
1619 840 168 33 utsträck-

303 876 81 43 ning
405 877 161 34 tillmätas
588 878 183 42 betydelse.
792 879 64 34 Ett
878 879 92 34 bifall
991 880 51 34 till
1063 885 271 31 reservanternas
1356 881 123 44 förslag
1500 883 11 33 i
1533 883 62 33 här
1617 895 89 22 ovan
1729 897 58 20 an-

303 921 101 42 givna
420 921 214 34 hänseenden
650 922 105 35 skulle
769 923 183 35 emellertid
969 925 104 41 enligt
1086 925 416 36 kommittébetänkandet
1519 927 138 43 bifogad
1673 928 113 34 utred-

301 965 83 43 ning
404 978 43 21 av
468 966 342 43 byggnadsstyrelsen
832 968 119 34 endast
971 968 153 35 medföra
1146 982 40 21 en
1207 970 219 34 merkostnad
1449 984 44 21 av
1518 975 41 30 10
1574 976 65 30 000
1662 972 126 34 kronor

301 1010 80 33 eller
400 1021 40 22 en
459 1010 175 43 fördyring
652 1013 76 33 med
750 1015 48 36 0,5
818 1017 149 37 procent.
988 1013 56 33 De
1064 1013 154 41 fördelar,
1239 1027 73 21 som
1334 1015 103 34 skulle
1457 1016 120 35 vinnas
1597 1029 119 30 genom
1738 1022 49 29 ett

303 1054 191 34 beaktande
516 1067 44 21 av
582 1061 272 30 reservanternas
877 1057 221 42 synpunkter,
1122 1061 56 31 äro
1202 1059 104 42 enligt
1329 1060 61 33 vår
1413 1060 220 43 uppfattning
1657 1062 36 33 så
1717 1062 69 33 väl-

302 1099 185 41 grundade,
509 1103 54 29 att
584 1100 64 33 den
670 1100 137 35 relativt
829 1101 95 42 ringa
944 1102 263 34 merkostnaden
1229 1103 77 35 icke
1328 1103 61 34 bör
1411 1105 53 33 stå
1484 1105 11 33 i
1518 1108 120 39 vägen,
1663 1106 42 33 då
1729 1107 57 33 det

303 1143 102 41 gäller
423 1148 49 29 ett
492 1144 279 43 ändamålsenligt
792 1145 63 34 och
875 1146 232 42 betryggande
1127 1147 218 34 anordnande
1365 1161 43 21 av
1429 1160 41 22 en
1491 1150 230 41 specialklinik
1743 1163 44 21 av

303 1187 60 33 det
379 1187 79 43 slag,
475 1200 120 22 varom
610 1189 62 33 här
688 1192 36 31 är
740 1189 106 43 fråga.

348 1266 20 33 I
380 1267 212 34 motionerna
605 1267 32 33 I:
651 1270 65 31 186
730 1268 66 33 och
808 1268 53 33 II:
873 1271 66 31 259
953 1269 62 33 har
1027 1270 52 34 till
1094 1271 75 34 stöd
1184 1270 51 34 för
1251 1271 57 34 det
1326 1272 9 33 i
1351 1272 208 35 motionerna
1576 1273 210 35 framställda

301 1319 156 43 förslaget
474 1319 128 35 anförts
619 1320 102 34 bland
739 1327 106 28 annat
861 1321 158 43 följande.

349 1381 76 34 Den
440 1385 42 30 28
497 1381 148 34 februari
662 1385 86 30 1942
763 1382 165 35 framlade
947 1387 84 30 1941
1050 1385 53 33 års
1117 1385 505 45 reumatikervårdsakkunniga
1638 1388 53 34 del
1707 1389 18 32 I
1742 1401 44 22 av

303 1425 60 34 sitt
382 1426 227 40 betänkande,
629 1426 234 35 innefattande
882 1427 121 43 förslag
1023 1440 56 22 om
1101 1429 193 34 inrättande
1316 1443 43 21 av
1380 1443 40 21 en
1441 1432 179 43 avdelning
1640 1432 53 34 för
1711 1445 75 22 reu-

301 1470 148 33 matiska
466 1470 66 34 och
553 1470 104 34 andra
677 1471 280 35 invalidiserande
976 1473 214 41 sjukdomars
1212 1475 84 33 vård
1318 1475 58 34 vid
1395 1475 195 35 karolinska
1611 1477 177 42 sjukhuset

303 1520 89 28 samt
416 1527 39 21 en
481 1515 181 43 avdelning
684 1515 51 34 för
758 1516 186 34 reumatisk
969 1517 63 33 och
1058 1530 41 21 en
1123 1518 181 43 avdelning
1328 1519 52 34 för
1403 1521 194 42 ortopedisk
1623 1521 163 43 sjukvård

302 1558 58 34 vid
384 1559 218 34 akademiska
622 1560 177 41 sjukhuset
823 1561 9 33 i
856 1561 163 42 Uppsala.
1042 1562 311 44 Byggnadsförslag
1374 1564 50 34 till
1448 1565 95 34 dessa
1568 1566 219 43 avdelningar

301 1603 89 34 hade
406 1604 192 34 utarbetats
616 1616 43 22 av
677 1604 340 44 byggnadsstyrelsen
1036 1606 10 33 i
1066 1607 189 34 samarbete
1275 1609 79 33 med
1374 1608 41 34 de
1433 1609 228 44 sakkunnigas
1680 1612 105 33 medi-

302 1647 114 34 cinska
434 1652 163 38 experter.

348 1692 116 42 Enligt
494 1692 97 34 detta
618 1692 122 44 förslag
769 1693 106 34 skulle
904 1694 364 44 sjukhusavdelningen
1298 1696 58 34 vid
1385 1697 190 35 karolinska
1608 1699 178 42 sjukhuset

302 1735 146 35 omfatta
468 1740 42 30 69
530 1737 211 42 vårdplatser
760 1737 52 34 för
832 1751 40 21 en
891 1739 235 34 totalkostnad
1147 1752 43 21 av
1212 1744 99 30 1298
1326 1745 64 30 000
1409 1741 125 35 kronor
1553 1755 106 22 varav
1679 1744 106 42 bygg-

301 1781 270 34 nadskostnader
596 1785 96 30 1100
706 1786 66 30 000
796 1782 124 34 kronor
943 1784 62 33 och
1027 1784 197 43 utrustning
1249 1788 65 31 198
1328 1789 65 30 000
1416 1786 136 41 kronor,
1576 1793 89 29 samt
1687 1789 98 33 klini-

301 1824 103 34 kerna
426 1826 9 33 i
457 1826 153 42 Uppsala
630 1826 225 35 tillsammans
880 1831 62 30 147
969 1828 57 42 (74
1043 1832 39 37 +
1099 1829 56 42 73)
1182 1829 212 43 vårdplatser
1415 1830 52 34 för
1489 1843 42 21 en
1552 1832 233 35 totalkostnad

302 1881 44 21 av
364 1873 19 29 3
398 1873 63 30 352
476 1874 66 29 000
559 1870 132 40 kronor,
709 1883 107 21 varav
835 1872 317 42 byggnadsarbeten
1171 1877 19 29 2
1205 1877 65 30 750
1285 1878 66 30 000
1369 1875 123 34 kronor
1511 1876 64 33 och
1592 1878 194 43 utrustning

301 1916 66 31 602
382 1917 64 30 000
463 1914 134 34 kronor.

348 1958 106 33 Detta
475 1958 40 34 de
537 1958 226 44 sakkunnigas
784 1959 124 44 förslag
926 1960 202 43 tillstyrktes
1150 1975 43 20 av
1213 1963 157 43 samtliga
1390 1964 217 35 akademiska
1629 1967 155 42 myndig-

299 2002 96 33 heter
414 2008 86 29 samt
521 2003 343 43 medicinalstyrelsen
883 2017 77 21 men
982 2006 193 42 avstyrktes
1197 2019 43 21 av
1263 2008 246 35 statskontoret
1530 2010 63 33 och
1614 2011 170 41 pensions-

301 2046 171 42 styrelsen.
488 2047 219 35 Sistnämnda
722 2049 253 42 myndigheters
991 2050 111 34 motiv
1116 2050 52 34 för
1183 2051 229 42 avstyrkande
1427 2065 60 21 var
1503 2059 52 29 att
1571 2054 102 43 enligt
1689 2055 95 34 deras

300 2090 220 44 uppfattning
542 2092 337 43 pensionsstyrelsens
900 2094 237 41 kuranstalter,
1157 2095 268 44 huvudsakligen
1446 2098 145 43 belagda
1612 2100 78 33 med
1710 2111 74 22 reu-

300 2136 142 34 matiskt
458 2136 98 42 sjuka
574 2137 62 33 och
653 2137 280 43 psykoneuroser,
947 2138 109 34 under
1073 2140 81 33 åren
1174 2143 85 31 1940
1280 2141 63 33 och
1363 2144 83 31 1941
1468 2142 73 34 icke
1558 2143 134 34 kunnat
1710 2144 73 33 full-

300 2179 165 44 beläggas.

345 2233 84 34 Med
453 2234 180 43 anledning
655 2247 43 21 av
723 2234 96 35 detta
843 2236 230 42 avstyrkande
1096 2237 164 42 uppsköts
1285 2238 208 43 prövningen
1518 2251 44 22 av
1585 2239 118 44 frågan
1727 2254 57 21 om

300 2277 41 33 de
366 2276 185 45 föreslagna
574 2279 284 43 reumatologiska
882 2280 186 35 klinikerna
1098 2281 109 43 (prop.
1235 2285 208 41 1943:151).

346 2321 68 40 Då,
433 2323 110 33 såsom
564 2323 148 43 framgår
732 2336 44 21 av
797 2337 42 22 en
858 2325 179 42 utredning
1057 2338 45 21 av
1122 2326 165 34 docenten
1308 2327 142 34 Gunnar
1469 2328 162 34 Edström
1652 2329 10 34 i
1683 2329 101 35 Lund

302 2365 168 42 (Uppsala
492 2367 236 35 Läkarefören.
752 2368 182 35 Förhandl.
958 2370 47 33 N.
1029 2370 40 33 F.
1091 2370 66 34 Bd.
1180 2373 56 37 49,
1260 2383 26 22 s.
1310 2375 65 30 303
1399 2385 30 21 o.
1452 2372 38 43 f.)
1518 2374 41 33 de
1583 2374 201 35 reumatiskt

299 2409 100 43 sjuka
422 2410 11 33 i
456 2411 115 35 landet
595 2412 51 33 för
667 2414 213 33 närvarande
903 2419 98 37 grovt
1026 2415 268 42 approximativt
1318 2416 96 36 torde
1438 2417 115 34 kunna
1578 2418 205 42 uppskattas

298 2454 50 34 till
370 2454 90 34 cirka
481 2459 66 31 270
562 2460 77 37 000,
658 2458 108 33 därav
786 2457 93 35 cirka
900 2462 62 30 140
977 2462 66 30 000
1066 2459 363 43 ledgångsreumatiskt
1450 2461 110 43 sjuka,
1582 2468 89 30 samt
1691 2464 93 33 cirka
