2291 2737
711 209 101 34 Stats-
823 209 164 34 Utskottets
1018 210 170 33 Utlåtande
1210 211 66 32 N:o
1300 212 51 31 28.
1745 211 40 32 29

225 305 73 25 som
340 305 83 24 vore
465 292 148 50 förenlig
654 292 80 36 med
773 293 231 48 byggnadens
1032 292 225 49 varaktighet
1284 292 65 37 och
1378 291 298 49 ändamålsenliga
1704 292 126 37 anord-

224 346 97 47 ning,
362 345 90 37 hade
496 344 475 37 ÖOfverintendents-embetet
999 346 11 35 i
1039 345 160 36 afseende
1240 345 45 48 på
1323 345 42 36 de
1394 345 108 36 redan
1536 345 206 48 upprättade
1769 345 61 35 rit-

228 398 121 47 nings-
380 398 65 36 och
472 397 353 47 kostnadsförslagen,
854 397 106 36 bland
990 402 116 42 annat,
1136 398 114 35 anfört
1278 401 59 44 att,
1364 397 94 36 hvad
1485 397 188 35 beträffade
1701 397 131 36 sådana

228 450 54 36 till
309 450 213 48 byggnaden
548 449 156 36 hörande
733 449 107 47 delar,
868 450 45 47 på
940 449 122 36 hvilka
1090 450 77 35 dess
1188 449 128 36 fasthet
1344 449 65 36 och
1435 453 99 44 nytta
1561 449 78 36 icke
1665 450 165 46 berodde,

231 503 177 47 nemligen
437 503 42 35 de
507 502 12 35 i
547 501 167 47 förslaget
742 501 141 36 afsedda
917 502 279 36 arkitektoniska
1222 502 259 48 prydnaderna,
1510 501 116 36 kunde
1654 501 178 48 ätskilliga

226 554 284 48 gipsorneringar
538 553 180 36 äfvensom
753 553 280 36 kandelabrarne
1075 554 60 35 vid
1163 558 132 43 porten,
1324 554 205 35 fontänerna
1557 557 88 32 samt
1671 553 42 36 de
1741 554 90 35 före-

227 607 123 47 slagna
391 607 92 47 ”pots
514 606 20 35 å
561 605 73 36 feu”
675 605 204 48 utelemnas,
921 606 230 47 hvarigenom
1192 606 118 47 någon
1349 606 188 48 besparing
1574 605 111 37 skulle
1712 606 121 35 kunna

226 659 134 47 vinnas,
402 659 91 35 dock
534 659 29 46 ej
606 658 53 35 till
692 657 109 48 högre
842 658 127 48 belopp
998 662 45 32 än
1073 660 108 45 6,300
1211 659 101 46 R:dr;
1343 658 64 36 och
1436 661 60 44 att,
1526 658 44 35 då
1597 658 236 48 nyssnämnda

226 724 135 23 summa
389 723 83 23 vore
500 710 61 36 allt
593 710 93 35 hvad
724 714 85 31 utan
836 710 131 48 menlig
994 711 171 35 inverkan
1191 711 46 47 på
1264 710 227 48 byggnadens
1519 710 223 49 varaktighet
1769 710 64 36 och

227 763 340 46 ändamålsenlighet
593 762 117 36 kunde
739 762 78 35 från
845 763 67 35 den
942 763 122 47 gjorda
1092 762 411 47 kostnadsberäkningen
1520 762 175 48 afdragas,
1711 762 122 36 Ofver-

226 816 370 35 intendents-embetet
622 814 116 36 funnit
765 815 91 35 enda
884 818 105 33 sättet
1018 818 49 32 att
1094 815 130 35 bereda
1242 815 117 47 någon
1375 814 265 48 väsendtligare,
1656 827 56 23 om
1731 815 104 35 äfven

226 868 124 35 endast
390 867 152 47 tillfällig
582 867 189 47 besparing
812 867 11 34 i
850 867 386 47 byggnadskostnaden
1275 867 98 36 bestå
1414 867 121 46 deruti,
1578 870 59 44 att,
1666 868 38 34 så
1730 867 105 36 framt

228 920 123 35 sådant
378 932 84 24 vore
502 919 78 36 med
622 918 245 36 bibliothekets
896 919 207 46 samlingars
1131 919 297 47 ändamålsenliga
1456 919 176 35 ordnande
1660 919 173 47 förenligt,

228 972 229 48 byggnadens
498 972 91 35 båda
631 971 119 46 ändar,
792 974 85 32 utan
918 971 203 47 förändring
1150 971 38 35 af
1212 972 217 35 densammas
1470 971 265 48 planindelning
1770 971 65 36 och

227 1023 186 48 höjdmått,
457 1023 113 36 blefve
612 1022 52 36 till
705 1026 111 32 större
844 1022 86 37 eller
958 1023 135 36 mindre
1122 1023 56 36 del
1205 1023 194 47 afkortade,
1429 1023 63 36 och
1521 1023 132 36 således
1681 1023 153 36 fortsätt-

231 1076 130 47 ningen
390 1075 260 48 öfverlemnad
662 1075 35 34 åt
727 1074 195 36 framtiden.
976 1075 78 35 Den
1081 1075 199 48 besparing,
1310 1087 73 24 som
1411 1075 186 36 såmedelst
1623 1076 117 35 kunde
1759 1075 75 36 vin-

228 1140 74 34 nas,
336 1128 122 46 skulle,
489 1128 110 46 enligt
628 1126 490 37 ÖOfverintendents-embetets
1147 1128 204 46 beräkning,
1379 1131 127 43 utgöra
1534 1128 162 47 omkring
1725 1129 110 45 2,624

228 1180 88 35 R:dr
357 1184 53 32 för
451 1180 122 47 hvarje
601 1179 160 47 längdfot
788 1179 38 35 af
848 1179 213 47 byggnaden
1101 1179 107 48 jemte
1238 1180 77 35 dess
1343 1180 186 47 inredning
1555 1180 12 35 i
1594 1179 80 37 hela
1702 1179 134 37 afskär-

229 1232 221 47 ningsarean.

358 1284 56 36 Då
455 1284 41 36 de
524 1284 153 48 dyrbara
707 1283 235 47 samlingarne
971 1283 11 35 i
1009 1283 131 47 Kongl.
1169 1283 238 36 Bibliotheket
1434 1303 49 6 —
1510 1283 136 36 hvilket
1671 1284 13 35 1
1712 1283 124 47 sjelfva

229 1337 126 36 verket
383 1349 82 23 vore
494 1339 50 33 att
571 1348 83 24 anse
684 1335 115 36 såsom
827 1339 48 32 ett
889 1335 284 37 Riksbibliothek
1189 1357 46 5 —
1252 1336 77 36 icke
1349 1332 117 40 kunde
1485 1335 192 48 behörigen
1696 1336 138 47 vårdas,

235 1392 44 32 än
306 1389 137 35 mindre
471 1388 46 48 på
544 1387 293 48 ändamålsenligt
864 1391 68 32 sätt
960 1388 127 35 ordnas
1116 1388 65 35 och
1209 1392 103 43 göras
1339 1388 53 35 för
1412 1388 237 36 allmänheten
1670 1387 167 48 tillgäng-

232 1440 72 48 liga
346 1441 50 35 uti
436 1440 66 36 den
544 1440 233 47 otillräckliga
805 1440 66 35 och
899 1439 187 48 olämpliga
1113 1440 104 46 lokal,
1248 1440 60 36 der
1337 1441 41 35 de
1407 1452 48 24 nu
1483 1443 59 33 äro
1570 1440 171 47 inrymda,
1772 1439 66 37 och

234 1493 44 35 då
306 1493 69 35 den
404 1493 120 35 starka
551 1492 150 47 tillväxt,
730 1504 74 23 som
833 1492 100 35 dessa
961 1492 190 46 samlingar
1180 1492 145 47 alltjemt
1352 1492 117 47 vinna,
1493 1492 72 36 dels
1585 1504 126 35 genom
1729 1492 108 48 inköp

233 1544 39 36 af
308 1544 188 36 utländska
536 1545 96 46 verk,
675 1544 72 36 dels
775 1556 127 35 genom
930 1544 244 47 emottagande
1203 1544 37 36 af
1264 1544 67 35 den
1357 1543 185 37 inhemska
1567 1556 161 36 pressens
1756 1544 82 36 årli-

235 1609 68 35 gen
332 1596 168 36 förökade
538 1596 115 45 alster,
682 1595 145 36 hvartill
855 1595 111 36 under
994 1596 160 36 sednaste
1183 1596 96 36 tiden
1305 1596 146 36 kommit
1479 1596 298 36 öfverlemnandet
1804 1596 38 36 af

233 1649 121 46 andra,
397 1648 178 47 betydliga
614 1647 202 47 bokförråd,
845 1648 121 46 gjorde
1010 1648 309 46 nödvändigheten
1347 1648 37 35 af
1408 1660 44 24 en
1479 1661 57 35 ny,
1565 1648 85 36 efter
1676 1648 163 36 behofvet

232 1699 163 49 afpassad
423 1699 97 36 lokal
547 1700 54 35 för
629 1700 150 35 berörda
820 1699 191 46 samlingar
1041 1699 158 36 alltmera
1225 1700 199 46 tvingande,
1454 1700 65 35 och
1547 1699 44 36 då
1619 1700 57 36 det
1703 1700 135 36 undan-

230 1751 246 48 tagstillstånd,
504 1752 12 34 i
542 1751 135 36 hvilket
705 1752 93 35 detta
826 1751 193 36 bibliothek
1033 1751 150 36 befunne
1200 1751 62 48 sig,
1291 1755 48 32 ett
1353 1751 166 47 tillstånd,
1546 1752 55 35 till
1628 1752 134 36 hvilket
1776 1752 62 36 nå-

233 1808 60 43 got
319 1805 247 34 motsvarande
595 1804 134 47 knappt
756 1803 126 36 funnes
911 1803 12 35 i
950 1803 109 47 något
1087 1807 107 32 annat
1220 1804 95 46 land,
1344 1816 82 23 vore
1448 1804 37 35 af
1501 1804 66 35 den
1585 1804 252 47 beskaffenhet,

234 1859 59 43 att,
337 1855 108 47 enligt
471 1855 95 36 hvad
593 1855 292 36 bibliothekarien
914 1858 119 45 yttrat,
1062 1855 95 36 inom
1185 1855 112 47 några
1324 1855 36 35 få
1387 1855 38 36 år
1453 1856 82 47 inga
1561 1856 129 36 böcker
1718 1856 120 36 vidare

234 1907 112 36 skulle
387 1908 120 35 kunna
547 1908 11 35 i
592 1907 232 36 bibliotheket
850 1907 192 47 inträngas,
1073 1907 66 36 och
1168 1908 191 35 detsamma
1387 1908 110 36 måste
1524 1908 53 35 för
1605 1907 235 37 allmänheten

233 1959 174 48 tillslutas,
435 1960 65 35 har
526 1959 133 48 Kongl.
687 1959 110 48 Maj:t,
831 1959 6 35 i
864 1959 231 36 betraktande
1125 1959 38 35 af
1188 1960 114 35 denna
1321 1960 214 36 institutions
1554 1960 93 47 höga
1660 1959 178 49 betydelse

233 2012 54 36 för
329 2012 67 35 den
436 2012 174 35 nationela
648 2011 206 48 bildningen
899 2012 179 35 äfvensom
1119 2011 38 36 af
1186 2011 222 48 Riksdagens
1435 2012 46 48 på
1508 2013 115 46 grund
1651 2012 101 36 deraf
1775 2012 63 36 hos

234 2064 131 47 Kongl.
394 2063 100 48 Maj:t
522 2063 163 36 anmälda
714 2063 99 48 åsigt,
843 2067 50 32 att
920 2063 122 47 hvarje
1070 2063 205 48 ytterligare
1303 2064 155 48 uppskof
1481 2064 79 36 med
1588 2064 115 36 denna
1721 2064 117 48 frågas

234 2116 193 47 afgörande
456 2116 109 36 måste
593 2128 85 23 vara
706 2116 79 35 med
812 2115 220 47 väsendtliga
1059 2115 226 48 olägenheter
1312 2116 170 47 förenadt,
1501 2129 50 22 nu
1564 2116 54 35 till
1635 2116 204 48 Riksdagen

237 2168 93 48 gjort
357 2168 257 47 framställning
656 2180 56 23 om
739 2168 191 36 anvisande
959 2167 39 35 af
1020 2168 130 47 nödiga
1176 2167 114 36 medel
1317 2168 53 35 till
1397 2181 44 23 en
1467 2168 167 48 byggnad
1663 2168 53 36 för
1744 2169 95 36 detta

237 2220 203 35 bibliothek.
495 2219 222 36 Beträffande
745 2220 136 47 platsen
909 2220 53 35 för
990 2219 115 36 denna
1130 2220 177 47 byggnad,
1335 2220 65 35 har
1428 2220 131 47 Kongl.
1589 2220 108 48 Maj:t,
1726 2221 45 47 på
1797 2221 42 35 de

237 2272 77 35 skäl
356 2263 478 45 Öfverintendents-embetet
862 2271 126 47 anfört,
1017 2275 114 32 ansett
1159 2272 67 35 den
1254 2284 24 23 s.
1306 2272 35 35 k.
1370 2272 265 47 Humlegården
1661 2273 85 35 böra
1761 2273 77 35 der-

238 2324 53 35 till
330 2324 221 47 bestämmas,
593 2324 90 36 helst
722 2323 132 47 Kongl.
896 2296 308 79 Bibliothekarien,
1247 2336 73 23 som
1361 2324 173 36 tillförene
1580 2325 56 35 väl
1672 2325 168 35 vitsordat

238 2375 282 48 Humlegårdens
549 2375 200 49 synnerliga
776 2375 205 48 lämplighet
1007 2376 79 35 med
1115 2353 162 59 afseende
1303 2376 46 48 på
1376 2376 244 48 fordringarne
1647 2376 54 37 för
1714 2376 125 37 biblio-
