2255 2752
222 2067 138 33 Angående
380 2077 44 14 an-

233 2102 56 33 slag
308 2104 42 27 för
369 2103 45 24 den

237 2137 170 34 patologiskt-

245 2174 155 24 anatomiska

244 2210 167 23 institutionen

230 2244 44 24 vid
293 2245 124 24 Karolin-

230 2279 46 24 ska
296 2280 123 25 institutet.

489 162 19 30 4
929 166 99 33 Stats-
1038 167 163 35 Utskottets
1232 169 168 34 Utlåtande
1423 173 64 34 N:o
1511 175 50 30 28.

445 242 126 48 anslag
600 244 38 35 af
661 246 110 46 4200
801 246 86 36 R:dr
915 248 136 47 årligen
1079 253 50 32 att
1157 251 20 34 å
1205 252 259 37 universitetets
1492 259 67 31 stat
1587 256 165 49 uppföras
1780 262 89 32 samt
1888 260 83 48 utgå
1990 266 64 31 när

445 295 150 36 berörda
623 302 156 43 pastorat
807 299 115 37 blifvit
949 302 242 37 universitetet
1219 304 195 49 frånskildt,
1443 307 10 35 i
1482 307 133 37 hvilket
1655 309 163 38 afseende
1852 309 200 56 meddelats,

446 352 61 43 att,
537 349 57 35 det
634 349 225 38 Professoren
901 353 124 36 Brunii
1066 356 91 34 enka
1199 357 267 37 tillkommande
1494 361 109 35 nådår
1631 362 252 49 tilländaginge
1912 366 64 34 den
2007 368 45 34 30

445 400 104 48 April
579 403 107 46 1871,
715 402 140 38 hvadan
883 405 53 36 för
965 406 214 37 sistnämnda
1208 409 38 35 år
1274 410 217 37 erfordrades
1519 413 220 49 utbetalning
1767 416 39 35 af
1843 417 57 36 det
1926 418 126 48 ifråga-

446 454 153 35 varande
628 455 158 48 anslaget
814 458 122 36 endast
964 459 52 35 till
1046 460 38 35 så
1112 465 71 31 stor
1211 461 65 47 del,
1305 475 74 23 som
1407 464 137 48 belöpte
1571 466 45 47 på
1643 467 71 35 åtta
1748 468 179 48 månader,
1969 471 84 36 eller

449 507 109 46 2,800
586 506 96 37 R:dr.

574 559 115 37 Sedan
716 560 124 38 Rikets
869 562 148 38 Ständer
1044 565 51 35 uti
1123 566 221 50 underdånig
1372 569 183 36 skrifvelse
1597 571 68 35 den
1695 574 44 34 18
1770 572 155 37 Oktober
1957 577 97 35 18354

445 610 155 48 anhållit,
620 616 51 32 att
698 613 128 48 Kongl.
856 616 100 48 Maj:t
984 618 134 36 täcktes
1146 618 71 36 låta
1245 621 132 47 utreda,
1418 622 29 48 ej
1478 623 134 36 mindre
1641 636 56 23 om
1725 625 64 35 och
1823 626 121 36 hvilka
1974 641 78 34 pre-

444 663 309 49 bendepastorater
781 667 190 49 lämpligen
999 670 117 36 kunde
1144 675 84 32 utan
1255 685 80 24 men
1364 674 52 36 för
1444 675 138 47 kyrkan
1612 676 65 35 och
1705 677 57 36 det
1796 678 165 49 kyrkliga
1988 693 64 23 un-

445 716 389 49 dervisningsväsendet
861 721 79 36 från
968 722 99 36 deras
1096 725 177 48 egenskap
1302 725 38 36 af
1362 728 174 46 prebende
1578 728 156 48 fritagas,
1763 735 86 31 utan
1876 732 99 36 äfven
1997 733 56 36 det

445 770 349 48 ersättningsbelopp,
837 785 72 23 som
951 775 52 35 för
1044 775 308 48 åvägabringande
1395 780 102 34 deraf
1521 780 228 47 erfordrades,
1786 788 89 29 samt
1903 784 149 36 derefter

445 820 53 35 för
539 821 124 36 Rikets
706 822 148 38 Ständer
895 825 194 48 framlägga
1118 827 65 35 den
1224 829 127 48 nådiga
1379 830 224 49 Proposition
1630 832 12 35 i
1670 836 126 44 ämnet,
1834 847 73 23 som
1935 836 116 37 kunde

444 872 112 37 finnas
584 873 53 36 för
665 875 199 38 ändamålet
890 877 155 50 lämplig,
1074 879 63 35 har
1178 880 130 48 Kongl.
1350 883 101 47 Maj:t
1493 884 106 35 bland
1635 890 107 31 annat
1773 887 47 34 uti
1848 888 67 35 den
1943 890 110 35 under

445 925 67 36 den
541 927 22 34 4
592 926 156 36 Oktober
780 931 91 34 1861
903 930 194 36 fastställda
1124 932 237 47 utgiftsstaten
1388 935 54 36 för
1469 935 121 37 Lunds
1610 937 204 36 universitet
1827 935 225 56 föreskrifvit,

445 980 50 32 att
522 977 42 36 de
592 978 54 36 till
671 978 187 39 filosofiska
897 982 192 37 fakulteten
1130 984 178 38 derstädes
1349 988 172 47 anslagna
1560 988 230 49 Hardeberga
1818 991 64 36 och
1911 992 142 50 Sandby

445 1034 89 31 samt
562 1029 131 38 Stäfvie
722 1033 64 35 och
815 1034 226 48 Lackalänga
1068 1036 373 50 prebendepastorater
1469 1040 112 36 skulle
1610 1041 87 36 efter
1727 1042 198 38 dåvarande
1954 1045 98 36 inne-

443 1081 189 38 hafvarnes
659 1083 131 49 afgång
817 1086 79 36 från
923 1088 239 36 universitetet
1190 1090 128 48 skiljas,
1347 1092 63 35 och
1440 1096 50 32 att
1516 1094 257 36 universitetets
1793 1096 140 36 kansler
1953 1098 99 47 ålåge

447 1137 60 44 att,
540 1139 64 31 när
631 1136 117 47 någon
776 1138 40 35 af
839 1139 100 36 dessa
965 1141 217 46 prebendens
1223 1143 227 37 innehafvare
1491 1145 119 47 afgått,
1653 1147 117 35 derom
1811 1153 86 41 göra
1925 1150 126 35 under-

447 1186 106 48 dånig
581 1189 164 36 anmälan
773 1190 65 36 och
866 1191 127 36 föreslå
1021 1193 67 35 den
1116 1194 158 47 ändring,
1304 1208 74 23 som
1406 1197 44 35 då
1468 1198 11 34 i
1499 1197 238 47 utgiftsstaten
1756 1199 106 36 borde
1883 1197 168 56 vidlagas,

446 1243 89 31 samt
563 1243 103 32 sättet
693 1241 52 36 för
772 1242 197 37 beredande
998 1244 38 35 af
1060 1246 41 34 de
1129 1246 53 35 för
1210 1248 199 36 ändamålet
1437 1249 229 47 erforderliga
1694 1252 122 35 medel.
1847 1252 205 38 Sedermera

443 1290 107 36 hafva
573 1291 141 48 jemväl,
744 1295 78 34 med
849 1295 98 35 bifall
975 1296 51 34 till
1056 1297 128 44 Kongl.
1214 1298 117 48 Maj:ts
1361 1300 43 35 då
1431 1301 11 34 i
1470 1305 117 31 ämnet
1627 1302 129 36 aflåtna
1798 1304 130 47 nådiga
1963 1305 87 37 Pro-

443 1343 160 47 position,
632 1344 124 38 Rikets
785 1346 82 35 åren
900 1349 249 36 1862—1863
1181 1350 207 38 församlade
1417 1353 146 36 Ständer
1604 1354 146 48 beviljat
1778 1357 194 48 ersättning
2000 1359 52 34 till

444 1394 256 38 universitetets
727 1397 220 48 löningsfond
977 1400 53 35 för
1058 1401 66 35 den
1151 1401 134 49 förlust,
1314 1416 73 23 som
1429 1406 220 47 uppkommit
1693 1408 55 35 vid
1774 1408 213 49 indragning
2016 1411 39 34 af

444 1447 57 35 det
528 1447 239 38 förstnämnda
794 1451 378 48 prebendepastoratet.
1366 1500 3 7 |

573 1498 71 37 Vid
672 1502 124 36 sådant
823 1502 218 38 förhållande
1070 1505 65 35 och
1163 1506 44 35 då
1234 1519 132 24 samma
1406 1510 163 47 grunder,
1612 1511 88 36 efter
1740 1512 122 36 hvilka
1889 1514 162 49 beloppet

444 1551 38 35 af
506 1552 115 35 denna
648 1555 194 47 ersättning
869 1556 228 47 beräknades,
1125 1558 113 35 blifvit
1264 1560 12 33 i
1304 1561 58 35 det
1389 1573 47 24 nu
1464 1562 194 48 framlagda
1673 1563 166 48 förslaget
1857 1566 194 48 iakttagna,

444 1603 194 49 tillstyrker
668 1605 190 48 Utskottet,

843 1663 51 31 att
921 1660 114 36 såsom
1063 1662 192 48 ersättning
1283 1664 52 35 för
1362 1665 162 36 minskad
1551 1667 152 37 inkomst
1734 1669 54 35 till
1807 1669 83 48 följd
1910 1670 38 35 af
1964 1683 86 36 upp-

846 1711 155 37 hörande
1030 1714 38 34 af
1092 1714 130 36 Stäfvie
1250 1715 65 35 och
1342 1716 228 49 Lackalänga
1596 1720 265 47 församlingars
1879 1726 172 43 pastorats

845 1765 354 49 prebendeegenskap
1228 1768 105 36 måtte
1361 1770 21 34 å
1408 1769 121 37 Lunds
1557 1772 221 37 universitets
1798 1777 68 33 stat
1884 1774 167 48 uppföras

843 1817 110 45 4,200
982 1817 96 47 R:dr,
1107 1823 90 31 samt
1224 1820 102 35 deraf
1349 1821 52 35 för
1429 1822 38 35 år
1498 1825 92 34 1871
1623 1825 138 36 anvisas
1792 1827 107 46 2,800
1928 1826 96 37 R:dr.

831 1966 223 34 Karolinska
1078 1969 363 43 medikokirurgiska
1459 1973 202 35 institutet.

576 2072 64 34 7:0.
682 2070 83 37 Med
792 2072 190 49 anledning
1010 2075 38 36 af
1071 2089 43 23 en
1141 2078 77 34 utaf
1241 2078 305 49 lärarekollegium
1574 2083 58 34 vid
1659 2082 216 38 Karolinska
1893 2087 154 35 mediko-

445 2121 204 46 kirurgiska
681 2123 172 36 institutet
880 2126 119 36 derom
1027 2128 101 46 gjord
1169 2129 65 36 och
1271 2131 38 35 af
1333 2133 307 37 kanslersembetet
1667 2136 53 35 för
1749 2136 133 48 Upsala
1909 2138 138 36 univer-

446 2173 78 36 sitet
550 2173 164 37 förordad
743 2177 219 47 underdånig
990 2179 266 49 framställning,
1285 2183 64 36 har
1378 2184 130 48 Kongl.
1538 2186 100 47 Maj:t
1653 2187 177 48 föreslagit
1844 2189 203 48 Riksdagen

449 2230 49 30 att
524 2226 130 47 bevilja
681 2231 48 31 ett
756 2228 121 48 anslag
905 2230 38 35 af
971 2233 105 45 1,000
1106 2232 85 36 R:dr
1219 2235 134 46 årligen
1383 2237 49 35 till
1466 2238 222 36 bestridande
1729 2241 38 33 af
1804 2242 243 36 omkostnader

447 2277 59 35 vid
534 2277 41 37 de
604 2279 154 47 arbeten,
787 2292 73 24 som
887 2282 133 37 utföras
1047 2284 95 36 inom
1170 2286 66 35 den
1264 2288 450 47 patologiskt-anatomiska
1733 2292 240 38 institutionen
1988 2295 59 35 vid

448 2329 93 36 detta
567 2330 173 37 läroverk.
