1892 2828
1427 207 15 28 7

225 293 108 34 Inom
350 292 238 35 bibliotekets
608 292 160 43 styrelse
788 292 68 34 och
874 291 321 44 tjänstepersonal
1212 290 50 35 ha
1282 290 119 35 under
1421 290 63 34 det
1496 296 126 34 Styrelse
1646 297 47 25 och

212 351 10 10 2
355 351 10 9 o
474 351 47 7 oc9.
661 352 16 5 65
704 352 16 6 JR
803 350 5 6 5
932 350 6 5 5
1009 351 17 6 3
1538 330 120 34 tjänste-

182 362 148 33 gångna
350 352 83 33 året
453 351 167 43 följande
640 350 270 43 förändringar
929 349 190 35 inträffat.
1523 364 144 33 personal.

225 410 322 43 Regeringsrådet
593 409 219 35 Gabriel
855 408 194 35 Thulin
1092 409 73 33 har
1186 408 85 34 med
1293 407 191 44 utgången

182 481 48 22 av
246 469 43 34 år
304 469 90 35 1937
409 469 142 34 lämnat
565 468 215 44 uppdraget
798 479 80 23 som
894 467 229 35 ordförande
1140 467 14 34 i
1171 466 195 44 styrelsen.
1386 467 97 34 Thu-

179 527 64 43 lin,
265 538 80 23 som
365 528 187 34 alltsedan
572 527 71 35 den
664 527 21 34 8
706 527 99 44 april
826 527 88 34 1921
936 526 179 44 fungerat
1137 537 81 23 som
1241 525 240 40 ordförande,

179 587 70 34 har
266 586 78 35 icke
360 586 97 35 blott
474 597 134 33 genom
625 586 67 34 sitt
710 588 105 32 stora
831 585 235 35 bokintresse
1084 585 68 35 och
1172 585 58 34 sin
1246 584 236 35 omfattande

181 645 239 44 sakkunskap
447 645 101 34 inom
573 645 237 34 bibliotekets
838 645 337 42 litteraturgrenar
1199 644 193 34 verksamt
1417 654 65 24 un-

180 704 180 35 derlättat
395 703 146 35 arbetet
574 704 85 34 med
693 703 350 43 boksamlingarnas
1078 702 191 43 förnyelse
1293 702 68 34 och
1383 702 99 34 kom-

179 762 206 44 plettering
403 765 94 32 utan
517 765 95 32 även
632 772 134 34 genom
786 762 67 34 sitt
872 761 157 35 levande
1049 761 163 34 intresse
1233 761 60 34 för
1313 760 169 35 bibliote-

180 822 81 34 kets
285 822 230 34 strävanden
538 822 67 34 och
626 821 327 44 arbetsuppgifter
976 820 200 35 befordrat
1200 820 85 34 dess
1310 820 81 34 inre
1415 819 68 35 och

181 882 103 41 yttre
307 881 240 33 verksamhet
573 882 97 32 samt
695 879 154 35 därmed
873 879 203 43 väsentligt
1100 878 160 44 främjat
1285 878 72 35 den
1382 878 102 43 bety-

180 939 199 35 delsefulla
401 939 223 43 utveckling,
648 949 80 24 som
748 938 216 35 biblioteket
985 938 120 34 under
1127 937 123 35 denna
1271 936 211 45 tidsperiod

180 998 243 45 genomlupit.

225 1057 139 43 Kungl.
389 1056 120 44 Maj:t
534 1056 230 35 förordnade
789 1056 71 35 den
883 1056 44 34 10
951 1055 193 35 december
1169 1055 58 34 till
1253 1054 229 35 ordförande

181 1116 99 34 efter
296 1116 138 33 Thulin
453 1116 247 43 suppleanten
718 1115 61 34 för
798 1114 256 35 ordföranden
1073 1113 259 44 justitierådet
1365 1113 117 34 Nils

181 1174 130 34 Erik
352 1174 413 34 Alexanderson
808 1174 98 34 intill
926 1172 191 44 utgången
1140 1184 48 23 av
1209 1172 46 35 år
1275 1172 88 34 1941
1388 1173 97 33 samt

182 1233 58 34 till
267 1233 201 44 suppleant
494 1233 62 34 för
580 1232 258 35 ordföranden
864 1232 119 34 under
1011 1243 141 23 samma
1179 1231 57 34 tid
1262 1230 223 45 professorn

178 1291 233 36 Herbert
445 1292 131 34 Lars
614 1291 196 35 Gustaf
847 1291 271 43 Tingsten.

224 1351 157 35 Jämlikt
401 1352 19 42 8
439 1352 23 33 4
479 1352 13 33 i
511 1351 157 43 stadgar
685 1351 61 34 för
765 1350 393 43 riksdagsbiblioteket
1179 1348 303 35 sammanträdde

181 1411 223 33 kamrarnas
427 1410 150 34 valmän
600 1410 62 34 för
683 1409 180 35 utseende
888 1420 49 23 av
960 1408 236 43 fullmäktige
1222 1408 14 34 i
1260 1407 224 35 riksbanken

181 1470 67 33 och
264 1468 364 44 riksgäldskontoret
644 1468 72 34 den
733 1468 44 34 24
791 1467 76 44 maj
886 1467 61 35 för
964 1467 235 34 anställande
1216 1478 48 22 av
1279 1466 203 34 föreskriv-

180 1539 48 22 na
254 1528 63 33 val
343 1538 48 23 av
419 1527 66 34 två
511 1526 205 35 ledamöter
743 1527 13 33 i
784 1527 186 42 styrelsen
998 1525 62 34 för
1088 1524 394 44 riksdagsbiblioteket

181 1586 114 43 jämte
318 1585 65 35 två
407 1586 246 43 suppleanter
672 1585 62 34 för
758 1585 83 34 dem
864 1584 61 35 för
949 1584 104 34 tiden
1076 1584 90 34 från
1188 1584 101 34 valet
1313 1583 59 34 till
1396 1583 86 34 dess

178 1647 84 41 nytt
283 1645 62 34 val
364 1644 122 35 under
506 1644 43 34 år
570 1644 88 34 1941
683 1643 225 44 försiggått;
931 1643 67 34 och
1019 1642 136 44 utsågo
1178 1642 224 35 valmännen
1424 1642 57 34 till

179 1703 224 35 ledamöter:
426 1703 212 35 ledamoten
660 1715 48 22 av
730 1703 222 43 riksdagens
977 1702 123 34 första
1121 1702 192 34 kammare
1335 1701 148 44 profes-

179 1774 89 22 sorn
287 1762 38 35 C.
355 1763 46 33 A.
431 1762 389 35 Reuterskiöld
850 1763 96 33 samt
965 1761 212 34 ledamoten
1195 1772 49 23 av
1259 1760 223 43 riksdagens

181 1822 120 34 andra
315 1822 191 34 kammare
521 1824 25 31 t.
562 1821 27 34 f.
607 1821 361 35 statssekreteraren
997 1821 41 33 F.
1068 1820 43 34 F.
1143 1819 243 42 Severin;
1416 1819 67 34 och

180 1880 133 43 utsågo
335 1880 242 34 valmännen:
600 1880 58 34 till
681 1880 200 43 suppleant
904 1879 61 34 för
986 1878 264 35 Reuterskiöld
1271 1877 212 35 ledamoten

178 1950 47 22 av
250 1938 222 43 riksdagens
495 1938 123 34 första
639 1939 191 33 kammare
855 1937 224 34 redaktören
1116 1937 48 33 K.
1201 1936 39 36 Z.
1277 1936 205 34 Peters-

179 2008 90 23 son
288 1999 98 32 samt
404 1997 58 34 till
483 1997 200 43 suppleant
702 1996 61 34 för
783 1996 157 35 Severin
960 1996 212 34 ledamoten
1192 2006 48 23 av
1259 1994 222 42 riksdagens

178 2056 120 34 andra
313 2057 191 33 kammare
522 2055 370 44 generaldirektören
921 2055 41 35 0.
995 2054 36 35 S.
1113 2053 242 36 Holmdahl.

226 2115 124 35 Sedan
372 2116 72 34 den
467 2127 47 22 av
537 2115 88 34 1937
648 2114 63 35 års
735 2114 154 44 riksdag
910 2113 241 44 nyinrättade
1176 2113 116 34 andre
1314 2113 168 34 bibliote-

181 2174 368 42 kariebefattningen
579 2173 72 34 den
681 2173 43 34 15
754 2173 98 43 april
882 2184 47 23 av
958 2173 185 42 styrelsen
1173 2171 309 43 ledigförklarats

183 2233 67 34 och
271 2233 64 33 vid
357 2232 355 42 ansökningstidens
735 2231 145 43 utgång
900 2231 120 34 förste
1044 2241 253 23 amanuensen
1320 2230 63 34 vid
1407 2229 78 35 bib-

181 2291 151 34 lioteket
366 2291 169 33 filosofie
565 2290 230 34 kandidaten
837 2289 132 34 Sven
1009 2288 306 35 Sernander
1355 2299 126 23 ensam
