2198 2628
448 149 118 31 Andra
592 150 203 30 kammarens
819 149 102 39 tredje
946 148 168 41 tillfälliga
1138 150 132 32 utskotts
1292 151 169 32 utlåtande
1486 152 52 31 Nr
1564 159 30 26 8.
1826 156 18 30 7

346 239 72 35 Det
460 239 73 35 kan
563 245 91 29 även
683 239 171 46 påpekas,
899 243 53 32 att
995 242 53 33 ett
1089 240 128 35 lättare
1259 241 99 35 läder
1395 243 226 35 underlättar
1655 248 187 56 exporten,

240 292 151 34 emedan
429 293 68 34 alla
535 293 110 35 tullar
683 293 178 34 beräknas
900 293 93 35 efter
1031 293 80 36 vikt
1149 295 68 34 och
1254 298 53 31 att
1330 295 43 47 ju
1401 295 129 36 lättare
1559 309 44 22 en
1633 298 65 34 sko
1727 303 50 39 är,
1804 298 42 47 ju

240 344 143 36 mindre
420 346 68 34 tull
517 347 130 45 drager
681 346 81 36 den.
820 346 136 35 Härtill
992 347 172 44 kommer,
1201 351 54 32 att
1283 349 61 34 det
1372 348 62 36 vid
1463 350 48 34 all
1540 327 306 87 skotillverkning

240 398 115 47 gäller
397 401 115 33 såsom
556 411 46 22 en
641 399 350 36 eftersträvansvärd
1025 401 98 46 dygd
1152 376 54 60 att
1234 401 188 35 skodonen
1451 408 105 41 göras
1586 405 39 32 så
1652 404 90 35 lätta
1770 417 73 23 som

242 451 150 47 möjligt.

297 464 13 36 |
343 482 80 58 Vid
464 517 50 22 nu
554 504 157 47 angivna
740 505 253 35 förhållanden
1021 506 67 34 har
1115 507 181 35 utskottet
1323 507 13 34 i
1364 507 119 36 likhet
1511 509 82 34 med
1622 509 224 37 motionären

242 561 122 33 ansett
405 558 69 34 den
517 557 257 36 konstaterade
815 558 202 35 tendensen
1059 571 44 23 av
1145 563 52 31 ett
1241 560 64 35 allt
1354 561 223 35 allmännare
1606 564 239 35 användande

241 614 88 33 utav
378 611 377 47 förtyngningsmedel
796 624 86 23 vara
924 624 44 23 av
1008 613 111 34 sådan
1148 612 263 45 beskaffenhet,
1443 617 53 33 att
1525 615 70 34 den
1623 615 82 35 icke
1734 616 110 36 borde

242 665 125 46 undgå
394 664 323 45 uppmärksamhet
747 664 81 36 från
856 665 300 35 statsmakternas
1185 666 88 36 sida.

350 716 230 36 Motionären
618 719 66 34 har
713 719 65 34 här
806 719 122 35 berört
956 722 52 32 ett
1037 719 153 44 område,
1222 722 102 33 varåt
1353 721 135 35 svensk
1516 720 233 50 lagstiftning
1776 723 68 36 hit-

243 770 74 35 tills
358 769 82 36 icke
481 774 112 44 ägnat
633 774 119 44 någon
780 772 264 36 vidsträcktare
1078 744 334 92 uppmärksamhet,
1444 775 401 48 varuförfalskningens

243 819 112 56 gebit.
414 798 111 62 Tant
548 825 104 35 lands
690 825 161 47 kraftiga
878 825 213 48 utveckling
1119 825 13 35 i
1159 826 223 37 industriellt
1410 828 205 36 hänseende
1645 830 65 34 har
1742 831 103 34 emel-

244 875 110 38 lertid
382 877 269 45 åstadkommit,
691 881 54 32 att
773 880 115 34 under
917 891 126 23 senare
1071 879 98 35 tider
1197 880 62 35 allt
1287 880 116 35 oftare
1431 882 67 34 och
1528 882 225 36 beträffande
1781 884 64 35 allt

243 931 89 35 flera
360 931 254 36 förhållanden
641 934 93 33 rests
763 932 91 36 krav
883 934 20 33 å
931 932 330 47 lagbestämmelser
1289 933 56 35 till
1374 935 70 34 den
1473 934 292 37 konsumerande
1785 937 60 35 all-

244 985 213 35 mänhetens
486 985 120 46 skydd
626 987 87 45 gent
733 989 95 32 emot
848 985 96 36 vissa
964 986 258 46 producenters
1241 986 187 37 bristande
1448 988 144 47 hänsyn
1610 989 56 35 till
1688 990 158 36 nämnda

244 1038 214 36 allmänhets
500 1038 226 47 berättigade
769 1039 162 47 anspråk
973 1043 53 31 att
1068 1040 136 35 erhålla
1246 1053 45 23 en
1332 1041 83 35 med
1452 1043 178 34 avseende
1663 1045 20 33 å
1713 1044 43 34 de
1783 1043 63 36 vid

244 1104 130 23 varans
416 1091 265 48 salubjudande
722 1092 137 37 utfästa
901 1093 226 47 egenskaper
1155 1094 67 35 och
1252 1095 60 34 det
1341 1094 195 48 betingade
1566 1096 113 46 priset
1707 1097 138 47 fullgod

243 1157 98 24 vara.
398 1145 235 36 Beträffande
675 1158 46 23 en
763 1159 118 34 grupp
924 1159 45 23 av
1007 1159 115 32 varor,
1153 1147 183 47 nämligen
1364 1148 225 45 livsmedlen,
1621 1151 92 35 hava
1741 1151 104 36 dessa

242 1199 92 36 krav
363 1211 75 24 som
467 1199 138 36 bekant
633 1212 150 23 numera
810 1201 68 35 lett
906 1201 151 44 därhän,
1075 1205 54 31 att
1156 1213 45 23 en
1230 1201 191 37 kommitté
1441 1202 159 45 tillsatts,
1621 1203 14 35 i
1654 1216 82 23 vars
1755 1217 89 34 upp-

243 1253 92 47 drag
370 1252 105 48 ingår
504 1255 53 33 att
585 1253 196 36 verkställa
809 1254 198 47 utredning
1035 1255 187 46 angående
1251 1255 236 48 erforderliga
1514 1256 331 47 lagbestämmelser

242 1306 14 35 i
284 1307 247 35 ovanberörda
560 1307 95 46 syfte
683 1308 152 35 rörande
864 1307 227 36 sistnämnda
1119 1320 218 35 varugrupp.

350 1359 68 36 Att
446 1361 82 34 med
555 1360 233 48 tillämpning
816 1374 44 23 av
888 1373 50 23 nu
967 1361 167 47 gällande
1161 1362 60 46 lag
1254 1362 249 36 åstadkomma
1533 1366 54 33 ett
1615 1364 228 48 erforderligt

242 1412 122 48 skydd
405 1416 86 44 gent
534 1417 96 32 emot
671 1415 71 35 den
784 1413 56 48 sig
882 1414 63 36 allt
973 1427 77 23 mer
1078 1414 227 37 utbredande
1332 1416 389 48 läderförtyngningen
1749 1418 94 36 lärer

242 1466 84 36 icke
362 1478 87 24 vara
486 1467 152 48 möjligt.
695 1467 236 48 Ifrågasättas
969 1468 84 44 kan,
1089 1469 182 35 huruvida
1308 1469 93 45 icke,
1441 1470 221 36 åtminstone
1696 1471 15 35 i
1747 1471 97 37 vissa

242 1520 76 43 fall,
349 1521 223 46 exempelvis
601 1521 65 35 där
693 1522 100 35 läder
819 1521 250 48 uttryckligen
1097 1522 144 36 försålts
1271 1525 116 33 såsom.
1417 1524 197 47 oförtyngt,
1650 1525 72 35 den
1751 1525 13 36 i
1793 1528 49 33 22

241 1573 156 47 kapitlet
429 1576 45 33 13
505 1575 23 46 8
559 1577 21 33 2
612 1575 142 47 stycket
795 1576 210 47 strafflagen
1040 1576 112 47 givna
1180 1577 253 35 bestämmelse
1462 1590 57 23 om
1548 1578 113 35 straff
1685 1578 56 36 för
1773 1580 71 35 den

241 1639 76 24 som
346 1627 109 48 säljer
488 1632 147 43 »mängt
663 1629 55 35 för
747 1632 183 44 omängt»,
961 1629 75 35 kan
1066 1641 104 24 anses
1199 1630 205 47 tillämplig,
1431 1643 84 23 men
1534 1634 119 45 någon
1674 1633 168 46 praktisk

241 1681 207 36 erfarenhet
476 1682 124 35 härom
630 1694 107 36 synes
765 1682 82 36 icke
877 1683 185 47 föreligga,
1093 1684 67 35 och
1183 1685 118 34 under
1321 1684 71 35 alla
1411 1681 311 73 omständigheter
1740 1688 102 34 torde

238 1735 220 47 näppeligen
499 1747 129 35 genom
670 1737 135 35 enbara
847 1708 375 81 straffbestämmelser
1259 1737 125 36 kunna
1411 1741 143 44 uppnås
1583 1742 110 44 något
1721 1740 120 78 skydd

238 1801 47 23 av
313 1788 152 37 effektiv
493 1789 268 36 beskaffenhet.

344 1842 19 34 I
391 1843 100 34 detta
534 1844 261 46 sammanhang
836 1844 102 35 torde
980 1844 87 36 böra
1105 1844 204 45 anmärkas,
1341 1847 53 33 att
1423 1846 61 35 det
1512 1858 51 22 nu
1591 1813 248 80 föreliggande

238 1895 172 47 förslaget
451 1896 57 36 till
550 1896 235 48 lagstiftning
813 1900 95 33 emot
937 1909 27 26 s.
995 1897 36 35 k.
1062 1897 111 49 illojal
1201 1898 243 45 konkurrens,
1476 1902 115 33 såsom
1621 1899 145 37 vilande
1794 1903 46 45 på

236 1949 227 47 väsentligen
491 1951 114 35 andra
633 1952 158 46 grunder
819 1957 47 29 än
894 1952 93 44 dem,
1018 1954 88 33 varå
1130 1952 242 35 motionärens
1392 1953 236 36 förevarande
1648 1954 190 36 framställ-

236 2002 95 48 ning
358 2003 172 45 baserats,
561 2004 81 36 icke
671 2004 154 36 innebär
852 2007 120 45 någon
1001 2005 145 47 lösning
1174 2018 45 23 av
1247 2006 61 35 det
1335 2018 130 35 genom
1494 2007 184 36 motionen
1706 2008 132 36 väckta

237 2058 224 45 spörsmålet.

343 2111 58 35 En
431 2111 112 35 sådan
572 2123 107 35 synes
708 2111 125 36 kunna
860 2114 143 45 uppnås
1041 2113 152 35 allenast
1220 2125 129 34 genom
1379 2125 45 23 en
1453 2113 381 49 speciallagstiftning,

235 2163 211 48 varigenom
490 2165 147 47 stadgas
680 2165 131 35 förbud
840 2165 55 36 för
928 2167 239 34 användande
1196 2167 63 36 vid
1287 2167 351 48 läderberedningen
1666 2180 45 24 av
1739 2169 97 36 vissa

235 2223 134 30 ämnen
397 2219 158 35 avsedda
585 2219 55 35 för
668 2219 132 35 lädrets
829 2219 250 48 förtyngning.
1137 2219 59 37 Av
1225 2221 70 34 den
1324 2233 92 24 ovan
1437 2221 189 47 återgivna
1645 2221 190 37 framställ-

234 2270 139 49 ningen
416 2273 152 35 rörande
611 2272 387 49 läderförtyngningen
1026 2274 67 35 och
1121 2274 97 36 olika
1248 2274 76 47 slag
1352 2275 123 44 därav,
1506 2276 102 35 torde
1636 2277 198 36 emellertid
