1878 2788
282 146 38 29 18
653 146 119 30 Andra
797 146 245 39 lagutskottets
1069 147 180 31 utlåtande
1272 157 43 20 nr
1339 148 51 29 27.

323 225 57 30 Ett
403 225 112 39 dylikt
538 226 221 29 förhållande
782 227 93 38 giver
900 227 76 29 icke
1001 227 110 29 sällan
1133 227 187 39 anledning
1343 228 52 29 till
1420 228 168 39 missnöje
1613 228 81 30 från
1717 229 52 29 så-

280 269 90 30 dana
390 270 183 33 anställda,
595 270 94 29 vilka
708 271 51 28 till
780 271 89 38 följd
891 280 43 20 av
953 271 53 29 sin
1027 272 109 28 större
1158 272 207 38 skicklighet
1386 272 197 30 befordrats
1604 273 52 29 till
1677 272 92 39 tjän-

280 316 78 31 ster,
384 314 80 29 med
489 314 92 29 vilka
607 314 76 29 icke
710 315 38 28 är
772 314 145 30 förenad
945 316 69 28 rätt
1040 316 51 29 till
1117 316 358 39 övertidsersättning.
1502 317 51 28 En
1578 316 190 30 befordran

280 358 166 29 framstår
472 358 11 29 i
509 358 176 39 åtskilliga
711 358 60 29 fall
798 368 73 20 som
899 359 220 39 oförmånlig,
1145 361 84 28 enär
1256 360 64 29 den
1346 360 71 29 kan
1441 360 159 30 medföra
1623 361 77 29 icke
1725 370 43 20 en

279 401 210 40 förbättring
519 404 85 27 utan
633 412 45 20 en
709 402 210 40 försämring
951 412 41 20 ur
1023 404 435 39 totalinkomstsynpunkt.
1500 405 267 29 Vederbörande

278 446 121 29 kunna
418 446 203 38 härigenom
641 447 141 38 betagas
802 447 164 29 intresset
985 447 54 29 för
1058 449 50 27 att
1128 455 126 31 genom
1271 457 42 20 en
1333 448 66 39 god
1419 448 229 30 arbetsinsats
1667 449 101 29 meri-

279 491 71 28 tera
374 490 50 38 sig
448 490 54 29 för
526 490 200 29 befordran.

322 534 116 38 Enligt
463 534 64 29 vad
550 534 207 39 föreningen
779 535 63 29 har
866 535 51 39 sig
940 535 128 29 bekant
1090 536 102 38 utgår
1216 536 345 39 övertidsersättning
1583 536 90 30 efter
1696 536 71 29 helt

278 578 109 29 andra
407 578 367 39 beräkningsgrunder
792 579 65 29 och
877 579 80 29 med
977 579 167 39 betydligt
1164 580 135 29 mindre
1321 580 124 39 belopp
1466 581 94 28 inom
1581 581 68 28 den
1671 589 97 21 sven-

281 622 60 29 ska
367 622 207 30 industrien.
602 622 154 30 Sålunda
782 623 157 38 åtnjuter
965 632 42 20 en
1035 624 309 29 industriarbetare
1372 624 111 29 under
1508 625 41 29 de
1575 625 58 29 två
1658 624 110 30 första

278 666 208 29 timmarnas
509 666 270 30 övertidsarbete
801 667 130 29 35—40
954 669 162 37 procents
1140 668 203 38 förhöjning
1367 668 20 29 å
1409 668 178 34 timlönen,
1613 668 154 30 därefter

279 710 127 29 50-—735
432 713 142 35 procent
598 711 65 29 och
687 711 20 29 å
732 711 144 38 helgdag
902 711 61 29 100
987 713 153 37 procent.
1165 712 67 28 För
1255 712 231 29 arbetsledare
1509 730 43 3 —-
1573 712 53 29 till
1650 712 117 29 vilken

278 754 155 38 kategori
453 754 126 29 befälet
600 755 96 29 inom
719 755 275 29 handelsflottan
1015 755 96 30 torde
1132 756 122 29 kunna
1273 756 168 29 hänföras
1460 773 44 3 —
1525 756 100 39 utgår
1645 757 11 28 i
1676 756 90 39 regel

279 798 101 38 ingen
418 798 348 39 Öövertidsersättning
803 799 64 29 och
903 799 11 29 i
952 799 41 29 de
1020 799 60 29 fall
1107 799 37 30 så
1171 800 38 28 är
1235 800 234 29 förhållandet
1495 801 77 29 med
1599 800 168 39 betydligt

278 842 135 29 mindre
435 842 123 39 belopp
582 843 45 28 än
649 843 96 29 inom
769 843 181 38 sjöfarten.
974 843 80 29 Man
1076 852 104 20 anser
1201 843 144 30 allmänt
1368 844 96 29 inom
1487 844 208 34 industrien,
1717 846 50 27 att

279 887 70 28 stor
373 886 222 39 försiktighet
621 887 90 29 skall
736 887 172 38 iakttagas
932 887 56 29 vid
1012 887 243 38 medgivandet
1279 897 41 20 av
1343 888 349 38 övertidsersättning
1715 888 51 29 till

278 939 175 29 personer,
480 931 92 28 vilka
599 931 54 29 stå
680 931 11 29 i
719 930 312 40 ansvarsställning
1056 932 10 28 i
1094 931 219 30 förhållande
1340 932 52 29 till
1420 932 40 29 de
1489 932 277 29 underordnade.

321 1018 218 39 Föreningen
566 1020 61 38 gör
652 1019 153 30 därefter
830 1029 43 20 en
899 1019 202 39 jämförelse
1127 1020 130 29 mellan
1282 1020 40 29 de
1351 1022 140 37 system,
1518 1029 74 21 som
1617 1020 11 29 i
1654 1020 113 30 skilda

278 1071 120 30 länder
419 1072 148 29 kommit
588 1072 51 29 till
662 1072 223 39 användning
909 1072 54 30 för
984 1075 50 27 att
1054 1073 45 38 på
1120 1074 48 28 ett
1191 1072 125 39 skäligt
1337 1074 69 28 sätt
1428 1073 179 39 uppdraga
1627 1082 140 21 normer

278 1124 53 29 för
353 1124 239 30 beräknandet
616 1134 43 20 av
681 1124 388 39 övertidsersättningar
1092 1125 52 29 till
1170 1125 174 39 sjöfolket,
1367 1126 65 29 och
1456 1125 101 30 anför
1578 1126 141 29 härom:

321 1185 117 39 Enligt
455 1186 66 29 den
538 1186 128 34 metod,
686 1195 74 21 som
776 1186 178 39 tillämpas
973 1187 10 28 i
999 1187 93 33 USA,
1111 1187 102 38 utgår
1229 1187 347 39 övertidsersättning
1593 1187 11 29 i
1621 1186 146 30 allmän-

278 1229 56 29 het
353 1230 80 29 med
451 1232 48 27 ett
518 1230 69 29 fast
605 1230 126 39 belopp
748 1239 60 30 per
826 1231 123 29 timma
968 1231 51 29 till
1039 1231 92 29 befäl
1149 1231 65 29 och
1231 1231 78 29 med
1328 1232 48 28 ett
1394 1233 118 31 annat,
1530 1231 93 38 lägre
1641 1230 124 39 belopp

277 1273 51 29 till
352 1274 183 39 manskap.
561 1274 238 30 Utmärkande
824 1275 55 29 för
904 1276 165 37 systemet
1093 1275 38 28 är
1155 1274 157 34 sålunda,
1339 1276 50 28 att
1413 1275 41 29 de
1478 1274 174 30 anställda
1677 1283 90 21 sam-

277 1317 180 30 manföras
479 1318 51 29 till
553 1318 125 30 endast
699 1318 57 30 två
778 1326 150 31 grupper
951 1318 78 30 med
1051 1327 43 20 en
1115 1318 66 29 och
1205 1327 134 20 samma
1360 1318 349 39 övertidsersättning
1731 1318 35 29 åt

276 1361 76 34 alla,
374 1371 75 20 som
470 1362 139 29 tillhöra
633 1371 135 20 samma
787 1370 122 31 grupp,
932 1364 132 28 oavsett
1084 1371 56 20 om
1163 1362 41 29 de
1224 1362 94 29 inom
1340 1370 159 31 gruppen
1518 1363 58 29 äro
1597 1371 43 20 av
1659 1363 106 38 högre

277 1405 81 29 eller
376 1405 95 38 lägre
489 1406 83 38 grad
592 1408 92 27 samt
703 1408 131 28 oavsett
853 1407 169 38 fartygets
1042 1406 109 29 tontal
1171 1406 65 29 och
1255 1406 173 29 storleken
1447 1415 42 20 av
1507 1406 66 30 den
1590 1406 175 29 ordinarie

277 1449 112 29 lönen.
408 1450 49 29 De
474 1450 248 30 amerikanska
739 1450 436 38 övertidsersättningarna
1192 1450 146 29 framstå
1354 1450 95 29 såväl
1467 1450 11 29 i
1495 1450 50 38 sig
1562 1450 111 38 själva
1691 1459 74 20 som

276 1493 77 29 med
376 1493 137 39 hänsyn
534 1494 51 29 till
609 1494 157 29 dollarns
787 1494 185 30 inhemska
991 1493 168 40 köpkraft
1180 1503 74 20 som
1275 1494 138 38 mycket
1435 1494 76 38 låga
1531 1494 11 29 i
1561 1493 203 39 jämförelse

276 1537 76 29 med
378 1537 245 30 motsvarande
649 1538 148 29 svenska
820 1538 244 38 ersättningar.

320 1581 57 29 Ett
394 1583 108 27 annat
521 1583 67 28 sätt
604 1584 52 27 att
672 1582 154 29 beräkna
842 1582 396 38 övertidsersättningen
1254 1581 176 39 tillämpas
1447 1582 11 28 i
1475 1581 289 33 Storbritannien,

275 1624 62 29 där
359 1625 41 29 de
423 1625 324 31 ombordanställda
769 1625 257 30 sammanföras
1048 1625 9 29 i
1080 1625 79 39 fyra
1182 1633 159 31 grupper.
1364 1625 401 39 Övertidsersättningen

277 1670 36 27 är
332 1669 205 29 densamma
555 1670 53 28 för
627 1669 69 29 alla
715 1670 40 29 de
772 1678 176 30 personer,
969 1678 73 20 som
1059 1669 86 30 höra
1165 1669 52 30 till
1234 1679 42 20 en
1294 1670 64 29 och
1377 1678 135 21 samma
1529 1677 122 31 grupp.
1671 1670 94 29 Jäm-

276 1712 53 30 väl
352 1713 12 28 i
387 1713 180 29 Danmark
591 1713 66 29 och
680 1713 111 39 Norge
813 1713 178 39 tillämpas
1015 1715 47 28 ett
1086 1713 166 30 liknande
1278 1715 139 37 system.
1442 1713 64 30 Det
1530 1713 97 30 torde
1652 1714 11 28 i
1688 1722 78 30 syn-

277 1757 120 29 nerhet
414 1757 84 29 böra
514 1757 218 33 framhållas,
748 1759 50 28 att
819 1758 5 28 i
840 1757 161 39 samtliga
1019 1757 99 29 dessa
1134 1759 51 27 tre
1202 1757 120 29 länder
1339 1766 133 20 samma
1489 1757 277 30 övertidsersätt-

276 1801 81 39 ning
380 1801 101 39 utgår
501 1801 52 30 till
575 1801 63 30 allt
659 1801 104 33 befäl,
784 1803 133 28 oavsett
939 1801 354 39 tjänsteställningen.
1315 1801 67 29 För
1403 1801 199 39 ytterligare
1624 1800 141 39 upplys-

277 1845 122 38 ningar
421 1845 215 30 härutinnan
657 1845 56 29 får
733 1845 205 39 föreningen
959 1845 146 29 hänvisa
1125 1845 53 29 till
1199 1845 159 39 bifogade
1379 1845 105 29 tablå.

319 1889 117 39 Enligt
459 1898 43 20 en
528 1889 112 39 tredje
665 1889 117 30 metod
807 1890 38 28 är
870 1889 394 38 övertidsersättningen
1290 1890 231 28 sammansatt
1547 1898 41 20 av
1613 1888 58 30 två
1695 1888 71 30 del-

275 1932 134 39 belopp,
432 1942 43 20 av
495 1933 92 29 vilka
609 1933 59 29 det
690 1942 65 20 ena
778 1934 37 28 är
836 1933 70 29 fast
929 1933 65 29 och
1016 1935 85 27 utan
1123 1933 147 29 relation
1291 1932 51 30 till
1365 1932 67 30 den
1453 1932 174 30 ordinarie
1650 1932 114 34 lönen,

276 1976 125 29 medan
421 1977 58 29 det
499 1977 109 29 andra
630 1978 102 37 utgör
753 1986 42 20 en
815 1977 71 29 viss
908 1976 144 30 bråkdel
1074 1986 42 20 av
1136 1977 68 29 den
1226 1976 170 39 utgående
1416 1976 114 30 lönen.
1554 1976 121 30 Denna
1695 1985 70 20 me-

275 2020 58 29 tod
352 2021 221 38 tillämpades
590 2021 11 29 i
622 2020 82 30 1891
726 2021 56 29 års
801 2021 122 38 sjölag,
941 2029 80 21 vars
1040 2020 40 30 96
1102 2020 15 36 8
1138 2020 189 34 föreskrev,
1347 2022 51 28 att
1416 2019 349 38 övertidsersättning

275 2065 10 28 i
306 2064 286 30 förekommande
614 2064 63 30 fall
700 2064 110 30 skulle
832 2064 84 39 utgå
936 2064 79 30 med
1035 2064 40 30 30
1097 2065 58 28 öre
1176 2064 80 39 plus
1276 2066 63 34 !/,,,
1359 2073 43 20 av
1421 2064 264 39 månadshyran
1704 2072 61 31 per

275 2109 132 29 timma.
427 2109 64 29 Det
508 2109 56 29 må
583 2108 218 34 framhållas,
820 2111 50 26 att
890 2108 80 30 med
988 2109 137 38 hänsyn
1144 2108 53 29 till
1216 2108 196 29 dåvarande
1431 2108 260 39 penningvärde
1710 2108 55 29 be-

275 2152 116 40 loppet
415 2162 57 20 om
497 2153 40 29 30
561 2153 58 29 öre
645 2152 238 39 regelmässigt
909 2152 161 39 utgjorde
1094 2151 412 40 övertidsersättningens
1533 2153 110 29 större
1667 2152 98 29 kom-

298 2199 116 27 onent.

274 2206 21 30 P
319 2241 117 38 Enligt
463 2250 43 20 en
534 2241 115 39 fjärde
678 2240 116 30 metod
823 2240 165 38 slutligen
1015 2240 100 38 utgår
1145 2239 347 39 övertidsersättning
1520 2240 78 30 med
1627 2239 136 39 belopp,

276 2293 73 21 som
375 2285 54 29 stå
454 2285 10 29 i
490 2285 200 29 omedelbar
716 2284 146 30 relation
888 2284 53 29 till
969 2283 265 30 månadslönen.
1261 2283 120 29 Denna
1407 2284 117 29 metod
1549 2283 179 39 tillämpas
1754 2283 11 28 i

274 2328 159 38 gällande
453 2329 125 29 svensk
597 2330 70 28 rätt
684 2329 65 29 och
768 2328 63 29 har
847 2328 152 29 kommit
1018 2327 51 30 till
1088 2327 142 39 uttryck
1248 2327 11 29 i
1278 2327 402 30 Seattle-konventionen
1699 2325 65 30 och

274 2372 56 29 det
349 2373 131 29 norska
501 2373 166 38 förslaget
689 2372 52 30 till
761 2382 46 29 ny
828 2371 311 39 sjöarbetstidslag.

317 2416 48 30 De
389 2418 52 28 tre
463 2416 246 30 förstnämnda
731 2416 203 30 metoderna
953 2415 89 30 hava
1062 2415 68 30 den
1152 2415 166 34 fördelen,
1342 2417 50 27 att
1414 2415 41 30 de
1477 2415 172 29 innefatta
1670 2413 93 31 vissa

274 2461 175 38 garantier
475 2463 73 28 mot
573 2460 155 39 orimligt
756 2460 87 39 höga
869 2459 351 40 ersättningsbelopp.
1248 2459 225 30 Beträffande
1500 2458 41 30 de
1568 2458 57 30 två
1653 2457 110 31 första
