1922 2808
330 155 18 29 4
660 152 397 32 Jordbruksutskottets
1084 150 188 32 utlåtande
1300 150 52 31 Nr
1376 149 49 30 12.

289 232 147 31 beslutat
459 232 50 29 att
532 230 60 30 vid
616 229 288 31 lantbruksmötet
928 229 11 29 i
963 228 218 35 Helsingfors
1197 228 113 29 införa
1327 227 207 35 bedömning
1552 226 85 31 efter
1655 226 136 30 avkast-

287 276 85 35 ning
396 275 12 30 i
433 274 148 36 grisvikt
604 273 59 30 vid
688 272 18 31 3
732 273 139 30 veckors
894 272 95 31 ålder
1012 273 21 29 å
1055 271 242 36 smågrisarna.

330 318 113 37 Något
466 316 357 32 motsatsförhållande
847 316 128 31 mellan
999 315 151 31 nämnda
1173 313 378 37 avkastningskontroll
1572 313 62 31 och
1650 312 65 32 den
1732 322 59 21 un-

289 363 60 31 der
380 361 321 33 centralanstaltens
739 361 140 36 ledning
913 360 58 31 vid
1000 358 126 37 Åstorp
1150 358 223 37 gonomförda
1396 358 69 30 kan
1489 357 74 31 icke
1586 367 97 21 anses
1707 367 85 21 vara

288 408 54 30 för
375 406 143 31 handen.
564 405 142 31 Arbetet
740 405 60 31 vid
836 404 320 31 kontrollstationen
1191 402 59 31 vid
1285 400 126 37 Åstorp
1439 401 155 31 bedrives
1617 401 175 35 nämligen

287 450 154 35 sålunda,
474 450 53 30 att
560 449 79 30 från
667 448 40 30 de
730 448 94 30 olika
846 447 387 31 svinavelsstationerna
1256 446 86 29 efter
1365 446 92 29 vissa
1480 453 126 27 suggor
1629 444 163 30 insändas

287 495 79 35 fyra
397 493 112 36 grisar
543 492 80 30 från
650 491 97 36 varje
770 491 86 35 kull,
880 491 97 30 vilka
1001 491 43 35 på
1066 489 174 31 anstalten
1263 488 103 36 gödas
1390 488 107 30 under
1520 488 175 35 möjligast
1719 487 72 30 lika

287 539 88 35 yttre
405 535 240 32 förhållanden
672 534 62 31 och
753 533 153 32 därefter
929 533 130 31 slaktas
1082 533 62 30 och
1168 532 167 31 bedömas.
1382 531 50 30 På
1454 530 124 31 sådant
1601 532 67 29 sätt
1692 540 99 21 anser

286 591 81 21 man
401 581 50 35 sig
486 579 130 31 erhålla
638 580 49 29 ett
711 578 85 31 visst
820 579 86 29 mått
928 579 43 34 på
994 577 93 30 olika
1112 576 264 30 svinstammars
1402 574 203 36 lämplighet
1633 574 53 30 för
1714 574 77 36 göd-

287 625 95 35 ning.
429 624 72 30 Den
534 623 93 30 förut
661 622 142 30 berörda
833 620 421 36 avkastningskontrollen
1276 620 73 29 åter
1371 627 99 21 avser
1493 619 111 29 såsom
1629 617 164 31 frambhål-

287 668 58 30 lits
369 675 150 27 suggans
542 665 230 31 fruktsamhet
794 665 62 30 och
880 663 372 36 digivningsförmåga.
1285 662 47 30 Så
1351 671 72 20 som
1440 661 261 30 verksamheten
1716 661 24 29 f.
1757 671 33 19 n.

286 712 44 34 på
353 709 155 31 enskilda
537 709 102 36 linjer
663 708 165 35 bedrives,
852 707 223 36 komplettera
1099 706 116 30 därför
1239 705 40 31 de
1301 704 88 31 båda
1412 705 170 35 systemen
1607 704 184 34 varandra,

287 754 63 31 och
373 753 55 32 det
451 763 64 21 ena
538 753 69 30 kan
631 752 74 31 icke
728 753 142 29 ersättas
893 761 45 20 av
962 751 55 31 det
1040 749 116 32 andra.
1203 749 53 30 En
1280 748 174 31 önskvärd
1470 748 201 36 utveckling
1692 757 100 27 synes

287 799 53 30 för
374 798 116 35 övrigt
523 806 94 26 vara,
651 797 52 30 att
726 795 41 31 de
790 796 95 30 bästa
909 795 397 36 produktionssuggorna
1330 793 84 30 först
1438 792 142 36 utpekas
1604 800 122 28 genom
1749 801 41 21 en

287 840 370 33 kontrollverksamhet
680 839 106 32 sådan
809 849 72 21 som
905 839 64 31 den
993 838 197 35 skisserade,
1214 838 62 30 och
1293 838 50 29 att
1360 836 149 31 därefter
1525 836 112 31 dessas
1653 837 139 29 avkom-

287 887 114 35 lingar
424 887 21 29 å
468 884 302 31 försöksanstalten
797 883 60 31 vid
882 881 124 37 Åstorp
1030 882 227 31 underkastas
1280 890 93 21 mera
1396 879 189 36 detaljerad
1608 879 183 31 undersök-

287 930 85 34 ning
404 939 43 20 av
487 928 129 30 sådana
650 927 309 35 slaktegenskaper.
1006 926 128 30 Genom
1169 934 41 20 en
1245 924 97 36 dylik
1376 923 205 31 samverkan
1610 923 68 30 kan
1701 923 92 29 svin-

286 973 103 30 aveln
423 971 217 31 uteslutande
674 970 155 36 främjas,
863 969 63 30 och
950 968 188 37 betydande
1162 967 160 35 fördelar,
1347 967 11 30 i
1383 967 145 29 främsta
1552 967 149 29 rummet
1717 966 75 30 säk-

288 1026 76 20 rare
387 1015 180 36 möjlighet
591 1014 142 31 bedöma
755 1013 220 31 avelsvinens
999 1013 91 30 rätta
1113 1011 114 35 värde,
1251 1010 95 31 torde
1371 1010 200 36 därigenom
1595 1009 119 31 kunna
1737 1010 56 35 på-

288 1060 134 31 räknas.

331 1104 52 30 Då
405 1103 55 31 det
482 1103 177 30 allmänna
683 1100 278 37 genomförandet
983 1110 45 20 av
1051 1098 375 36 avkastningskontroll
1449 1099 20 29 å
1493 1106 126 27 suggor
1635 1097 52 30 för
1702 1096 91 30 svin-

287 1148 101 30 aveln
422 1147 110 30 skulle
565 1147 138 29 komma
725 1146 51 29 att
800 1145 163 30 innebära
986 1145 48 29 ett
1057 1143 133 35 mycket
1213 1143 83 29 stort
1319 1142 172 34 framsteg,
1515 1150 100 26 synes
1639 1140 55 30 det
1717 1149 76 26 syn-

288 1191 154 35 nerligen
465 1189 171 36 lämpligt,
660 1198 54 20 om
738 1188 111 30 denna
872 1185 372 37 avkastningskontroll
1267 1185 98 30 bleve
1388 1183 223 31 kombinerad
1634 1183 78 30 med
1727 1184 66 29 rät-

287 1234 153 35 tigheten
455 1233 55 30 till
526 1232 289 34 stamboksföring
832 1231 43 35 på
890 1230 163 30 liknande
1069 1230 67 29 sätt
1151 1238 72 21 som
1240 1228 102 30 redan
1358 1228 86 30 skett
1460 1228 93 29 inom
1566 1227 228 30 nötkreaturs-

286 1277 103 30 aveln
422 1275 76 32 med
531 1275 165 30 avseende
718 1276 21 29 å
762 1273 215 36 deltagandet
1001 1274 11 29 i
1035 1270 536 38 mjölkavkastningskontrollen.
1617 1269 177 36 Rättighet

289 1321 54 30 till
367 1319 286 36 stamboksföring
677 1328 98 26 synes
799 1318 115 30 därför
936 1317 81 30 böra
1040 1316 196 31 tillkomma
1259 1315 86 35 dem,
1369 1324 72 21 som
1465 1314 135 35 deltaga
1624 1313 12 30 i
1659 1313 134 31 avkast-

287 1363 253 37 ningskontroll
563 1364 20 29 å
606 1371 135 27 suggor.
787 1362 212 35 Härigenom
1023 1360 110 30 skulle
1155 1359 132 36 jämväl
1308 1359 123 29 vinnas
1447 1358 91 30 vissa
1554 1357 149 31 fördelar
1718 1356 75 31 med

287 1407 164 31 avseende
485 1408 21 29 å
528 1406 193 31 kontrollen
744 1408 80 28 över
847 1404 159 31 lämnade
1029 1402 445 36 härstamningsuppgifters
1498 1400 174 36 riktighet,
1696 1400 98 30 vilka

288 1453 43 34 på
353 1461 131 20 samma
506 1451 68 29 sätt
597 1460 70 20 som
691 1450 75 29 sker
789 1449 93 29 inom
906 1446 318 32 nötkreatursaveln
1250 1445 43 31 då
1316 1445 109 30 skulle
1449 1445 117 29 kunna
1590 1443 132 31 fordras
1742 1443 52 30 be-

288 1495 132 36 styrkta
451 1503 46 21 av
524 1493 359 30 kontrollassistenten.
930 1491 52 30 Då
1005 1489 199 31 strävandet
1227 1490 49 29 att
1299 1489 36 30 få
1358 1489 36 29 så
1417 1487 204 35 tillförlitlig
1645 1487 148 30 kontroll

289 1548 72 20 som
389 1537 136 35 möjligt
551 1539 82 28 över
656 1536 95 30 dessa
774 1535 173 36 uppgifter
969 1533 94 31 torde
1086 1533 91 30 hava
1201 1532 92 30 varit
1316 1531 65 31 den
1404 1530 255 36 huvudsakliga
1681 1530 113 30 anled-

289 1582 129 35 ningen
440 1580 56 31 till
512 1580 40 31 de
575 1580 125 30 hittills
724 1578 159 37 gällande
906 1577 338 35 inskränkningarna
1268 1576 11 29 i
1303 1575 206 35 rättigheten
1532 1574 55 31 till
1610 1573 184 31 stamboks-

289 1626 115 34 föring
439 1634 44 20 av
518 1624 87 35 svin,
640 1623 109 30 skulle
783 1623 65 30 den
883 1632 47 20 nu
954 1620 184 31 skisserade
1161 1619 235 35 anordningen
1421 1619 42 35 på
1485 1619 47 29 ett
1555 1620 88 28 även
1667 1618 11 29 i
1702 1617 92 30 detta

290 1668 186 30 hänseende
500 1665 317 32 tillfredsställande
841 1667 67 28 sätt
931 1665 118 30 kunna
1072 1663 116 31 avlösa
1212 1662 64 30 den
1300 1662 93 30 äldre
1417 1661 245 35 anordningen.

333 1747 121 34 Enligt
486 1745 66 31 vad
585 1745 164 30 utskottet
783 1743 171 31 inhämtat
987 1742 64 30 har
1085 1741 132 36 Kungl.
1252 1740 100 36 Maj:t
1380 1739 108 31 under
1516 1739 138 31 förlidet
1677 1739 39 30 år
1738 1738 56 31 till

289 1799 171 37 prövning
484 1798 11 30 i
519 1799 47 29 ett
600 1796 249 36 sammanhang
884 1794 159 37 upptagit
1076 1793 178 35 åtskilliga
1289 1792 301 35 framställningar
1613 1791 94 30 inom
1731 1791 63 30 hit-

289 1850 148 32 hörande
454 1849 146 37 område,
617 1848 164 32 avseende
797 1847 103 31 bland
916 1848 106 30 annat
1037 1844 300 38 åvägabringande
1353 1855 44 20 av
1413 1843 188 36 ändringar
1614 1844 11 29 i
1638 1843 156 36 gällande

289 1903 252 31 bestämmelser
574 1901 145 31 rörande
753 1900 209 37 premiering
990 1899 62 30 och
1075 1897 291 35 stamboksföring
1388 1907 44 19 av
1455 1896 155 30 avelsvin
1633 1898 161 28 ävensom

290 1955 179 31 införande
502 1965 43 20 av
579 1951 385 38 avkastningskontroll.
1011 1951 103 30 Dessa
1141 1949 307 34 framställningar,
1471 1948 97 29 vilka
1590 1949 89 28 även
1701 1947 93 30 inne-

289 2007 129 31 fattade
453 2007 127 35 förslag
614 2016 45 20 av
686 2015 132 21 samma
842 2003 162 32 innebörd
1030 2012 71 21 som
1125 2002 238 34 motionernas,
1388 1999 194 31 föranledde
1606 1999 11 30 i
1641 2001 153 28 överens-

289 2060 193 31 stämmelse
513 2058 77 31 med
617 2068 44 20 av
685 2056 345 36 lantbruksstyrelsen
1048 2055 10 30 i
1075 2054 138 31 ärendet
1235 2053 140 35 avgivet
1398 2051 160 38 yttrande
1582 2051 139 36 jämlikt
1743 2051 51 30 be-

288 2113 71 29 slut
382 2112 64 30 den
470 2112 40 29 10
535 2110 174 31 december
732 2110 83 30 1926
833 2110 12 29 i
861 2109 63 30 här
946 2107 143 31 berörda
1111 2106 185 31 avseenden
1314 2105 73 30 icke
1402 2106 113 33 någon
1532 2103 130 35 Kungl.
1679 2103 116 35 Maj:ts

290 2164 116 30 vidare
440 2163 132 35 åtgärd.
619 2162 17 30 I
664 2163 59 29 sitt
750 2161 140 31 berörda
912 2159 169 37 yttrande,
1106 2168 108 20 varav
1238 2158 162 30 utskottet
1423 2156 89 35 tagit
1536 2155 63 35 del,
1624 2155 62 30 har
1709 2155 85 30 lant-

288 2215 272 36 bruksstyrelsen
593 2214 114 30 anfört
741 2214 91 29 vissa
866 2213 84 34 skäl,
983 2221 71 21 som
1089 2211 108 35 enligt
1225 2210 179 35 styrelsens
1428 2208 137 35 mening
1590 2207 110 30 talade
1723 2208 72 29 mot

288 2268 208 36 utvidgning
513 2278 44 19 av
573 2268 112 29 rätten
702 2266 54 31 till
773 2264 295 35 stamboksföring.
1105 2262 191 36 Styrelsens
1312 2260 201 32 uttalanden
1530 2270 102 26 synas
1647 2259 148 31 emeller-

288 2321 50 31 tid
362 2322 152 29 närmast
537 2320 145 30 hänföra
705 2319 50 35 sig
779 2318 54 31 till
857 2317 160 31 framfört
1040 2315 126 36 förslag
1190 2325 54 20 om
1268 2314 241 31 utsträckande
1532 2324 44 19 av
1599 2312 111 31 denna
1726 2314 69 29 rätt

291 2391 38 3 —
354 2374 12 29 i
389 2373 157 35 förening
580 2372 76 30 med
692 2373 68 29 rätt
794 2371 54 30 till
883 2369 204 36 premiering
1114 2386 38 2 —
1177 2368 55 30 till
1256 2367 67 30 alla
1347 2369 100 33 ägare
1470 2376 43 19 av
1537 2365 258 35 stamboksgilla

290 2426 89 35 djur.
425 2425 59 30 Ett
507 2423 294 37 tillmötesgående
824 2433 43 20 av
891 2422 121 30 sådant
1036 2420 127 36 förslag
1188 2419 109 30 skulle
1321 2419 107 35 enligt
1452 2418 180 35 styrelsens
1656 2417 138 35 mening
