2273 2592
488 138 43 31 34
963 137 255 31 Statsutskottets
1243 136 171 32 Memorial
1437 136 63 32 N:o
1525 138 28 30 1.

1036 317 439 44 Riksdagskostnader.

945 388 114 49 (1907
1092 392 59 33 års
1178 388 234 48 reglemente
1440 387 21 49 $&
1490 386 76 50 48.)

576 491 136 48 Enligt
754 492 57 35 till
857 493 96 35 1907
999 495 59 33 års
1101 493 76 35 slut
1205 492 62 48 sig
1295 491 226 37 sträckande
1549 491 251 47 redovisning
1829 491 106 36 öfver
1961 490 102 36 kost-

442 544 170 36 naderna
640 544 59 35 för
728 557 145 23 samma
902 547 60 33 års
990 544 160 48 riksdag
1178 544 115 36 hafva
1322 544 109 35 dessa
1459 546 166 46 uppgått
1644 543 57 36 till
1721 543 168 48 följande
1909 542 153 49 belopp:

443 595 184 37 arfvoden
656 596 71 36 och
756 596 488 47 resekostnadsersättning
1263 596 58 35 till
1340 595 132 36 Andra
1491 595 116 35 Kam-

494 660 152 24 marens
674 648 234 36 ledamöter
987 679 16 4 em..esesssususrniäe
1412 678 135 4 sieenrrranrnn
1638 647 142 35 kronor
1809 649 175 45 291,323:
2006 656 42 26 35

443 699 183 36 arfvoden
656 699 70 36 och
757 679 362 68 dagtraktamenten
1148 679 54 55 till
1231 678 141 57 kansli-
1402 699 70 36 och
1500 698 109 36 vakt-

492 751 204 48 betjäning
739 782 63 4 ....
1591 782 4 4 .
1693 779 20 18 -
1812 752 173 45 195,247:
2006 761 42 25 92

443 798 269 57 tryckpapper,
743 782 250 69 trycknings-
1014 782 14 108 «
1012 782 79 57 och
1071 886 16 4 hb
1119 782 409 108 häftningskostnader
1691 831 21 18 »
1772 798 19 57 -
1809 804 175 45 384,810:
2006 812 43 26 66

442 854 146 36 diverse
618 854 162 48 utgifter
822 885 170 5 .........
1108 886 3 4 .
1236 886 27 4 ar
1366 885 38 4 ER
1692 883 21 18 -
1836 855 59 44 85,
1887 831 98 58 282:
2006 864 41 25 61

1437 885 172 66 Summa
1637 915 141 35 kronor
1808 916 175 45 956,664:
2004 925 56 26 54.

692 1224 436 43 Riksgäldskontorets
1153 1225 226 33 inkomster
1404 1225 75 33 och
1503 1225 314 43 kassaräkning.

879 1295 113 49 (1907
1024 1299 61 33 års
1113 1297 234 47 reglemente
1376 1295 43 50 $$
1450 1296 179 49 65—76.)

573 1398 57 36 De
671 1399 121 36 under
835 1402 40 33 år
921 1401 96 34 1907
1062 1399 57 36 till
1160 1400 391 49 riksgäldskontorets
1593 1399 282 48 kassaräkning
1901 1399 161 36 influtna

441 1450 162 48 medlen,
632 1450 275 49 behållningen
935 1451 63 36 vid
1030 1455 99 33 årets
1158 1451 135 50 början
1325 1454 162 45 178,249
1516 1452 142 36 kronor
1680 1453 47 34 92
1748 1457 64 30 öre
1832 1451 227 47 oberäknad,

440 1502 116 36 hafva
583 1505 167 46 uppgått
779 1504 56 35 till
867 1498 206 59 mmsmsmmsosomsse
1096 1535 391 5 ses
1509 1536 4 2 .
1543 1504 142 35 kronor
1715 1504 266 46 107,437,655:
2001 1513 58 25 06.

574 1553 154 37 Samma
756 1555 186 48 räknings
970 1555 163 48 utgifter
1161 1556 120 36 under
1301 1558 80 34 året
1399 1555 115 37 hafva

439 1605 483 49 UtSJOLb.sssnssnsresrsrer
834 1601 29 57 ser
869 1601 19 57 sr
894 1601 30 57 nan
966 1638 169 5 oddsen
1114 1605 24 53 na
1611 1636 21 18 »
1688 1604 17 54 -
1718 1608 265 46 107,487,3583:
2005 1617 41 26 71

571 1667 203 36 utvisande
813 1668 111 36 dessa
952 1681 170 23 summor
1150 1681 46 23 en
1225 1640 238 91 omsättning
1492 1671 21 33 å

440 1718 394 47 riksgäldskontorets
855 1719 282 48 kassaräkning
1155 1720 120 36 under
1295 1723 40 33 år
1357 1722 96 34 1907
1477 1720 41 36 af
1542 1720 143 36 kronor
1713 1721 268 46 214,925,008:
2004 1730 54 26 11.

571 1769 76 37 För
688 1770 311 38 beskaffenheten
1034 1772 71 36 och
1110 1746 202 79 "beloppet
1341 1772 41 35 af
1408 1772 45 36 de
1482 1772 212 36 förnämsta
1721 1772 116 36 bland
1867 1772 109 37 dessa
2002 1777 58 30 ut-

440 1821 119 48 gifter
587 1827 43 30 är
659 1825 20 33 å
707 1822 186 48 behöriga
921 1824 137 35 ställen
1086 1824 12 35 i
1128 1824 124 36 denna
1279 1824 204 36 berättelse
1511 1824 236 48 redogjordt.

572 1873 57 36 De
658 1873 359 50 hufvudsakligaste
1046 1877 338 47 inkomstposterna
1412 1875 126 47 hafva,
1568 1875 167 37 förutom
1764 1876 249 48 uttagningar
2041 1877 20 33 å

439 1925 306 48 giroräkningen
773 1926 12 35 i
812 1926 246 48 riksbanken,
1088 1928 168 48 utgjorts
1286 1928 52 35 af:

439 1976 161 48 kapital-
630 1977 72 35 och
730 1978 395 48 ränteinbetalningar
1154 1982 20 33 å
1202 1979 57 35 till
1287 1980 103 35 vissa
1417 1979 198 36 bestämda
1647 1979 177 36 ändamål
1844 1978 216 36 utlämnade

491 2029 64 35 lån
587 2060 111 4 on.
1568 2031 142 36 kronor
1767 2031 213 46 6,712,550:
2001 2039 42 26 82

439 2080 41 35 af
518 2061 286 56 statskontoret
814 2061 239 57 levererade
1085 2061 145 69 anslag
1251 2062 65 56 till
1343 2062 195 69 riksdags-

490 2132 219 47 kostnader,
741 2133 214 36 annuiteter
983 2147 49 21 m.
1063 2147 60 22 m..

439 2184 41 36 af
519 2162 277 59 statskontoret
824 2185 216 36 levererade
1068 2165 122 57 medel
1219 2165 69 57 till
1297 2166 241 57 betäckande

491 2236 42 36 af
549 2236 46 37 de
615 2236 86 36 från
720 2237 372 48 riksgäldskontoret
1111 2238 119 36 under
1251 2241 41 33 år
1314 2240 97 35 1905
1427 2239 110 36 verk-

1741 2135 238 46 15,037,000:
1996 2155 51 4 —

1634 2164 21 18 ”
