2264 2601
723 179 251 33 Statsutskottets
1001 177 170 32 Memorial
1195 175 63 32 N:o
1284 178 26 29 1.
1737 171 41 32 35

262 264 137 37 ställda
418 261 340 47 utbetalningarna
776 262 21 33 å
817 258 60 37 det
902 271 28 23 s.
952 258 35 35 k.
1010 256 148 36 mindre
1177 254 124 38 kredi-

260 316 94 37 tlVet
388 344 334 8 scmssssnnnsivuatiena
848 338 450 8 ddrtrressnnensesennr
1331 306 141 37 KYONOT
1528 304 215 49 3,279,215:
1765 312 44 27 54

209 369 57 36 till
308 367 237 47 förvaltning
586 365 86 36 från
713 363 271 36 statskontoret
1013 359 284 38 öfverlämnade

260 418 381 47 kassabehållningar
672 443 592 9 —.oscccmssweimeemamuusasnases
1398 440 21 18 ”
1530 409 215 48 7,000,000:
1761 427 51 6 —

210 473 118 37 likvid
358 472 59 36 för
445 469 167 38 försålda
639 467 203 38 utländska
870 466 156 37 valutor...
1072 496 192 2 ..ee-e-e-e
1398 491 21 19 »
1503 461 242 48 -20,491,450:
1765 470 58 26 08.

455 770 372 47 Byggnadsfonden
850 770 63 34 för
935 767 209 43 riksdags-
1170 764 76 36 och
1271 763 311 36 riksbankshus.

698 834 113 48 (1907
843 835 59 33 års
930 830 233 49 reglemente
1190 827 21 50 $
1243 826 99 49 100.)

342 940 135 48 Enligt
518 939 124 36 beslut
680 937 39 36 af
748 937 96 35 1907
877 938 58 33 års
963 933 173 48 Riksdag
1163 932 69 36 har
1261 931 120 36 under
1408 929 167 37 nämnda
1603 931 40 33 år
1671 922 157 58 förvalt-

211 996 146 47 ningen
386 993 41 36 af
451 989 352 51 byggnadsfonden
830 987 60 36 för
918 985 194 48 riksdags-
1142 983 71 37 och
1241 982 277 37 riksbankshus
1544 979 226 48 öfvertagits
1792 978 41 36 af

213 1047 133 37 endast
374 1043 241 47 fullmäktige
643 1041 12 35 i
683 1038 381 50 riksgäldskontoret.
1121 1035 180 37 Fondens
1329 1034 211 48 tillgångar
1562 1032 65 37 vid
1649 1033 96 34 1907
1769 1033 60 33 års

214 1100 76 35 slut
317 1095 200 50 utgjordes
546 1094 53 36 af:

216 1149 241 38 Stockholms
485 1141 639 51 inteckningsgarantiaktiebolags
1155 1142 21 34 3
1194 1138 40 42 '/s
1263 1142 158 45 procent
1449 1135 253 49 obligationer
1731 1135 42 36 af
1791 1138 39 32 är

268 1202 96 35 1889
396 1203 20 33 å
444 1197 198 38 nominellt
671 1196 164 46 210,000
864 1194 140 36 kronor
1032 1192 187 37 bokförda
1247 1190 113 36 till...
1403 1189 140 36 kronor
1573 1187 244 47 200,550:
1783 1183 37 63 —

208 1254 120 48 jämte
358 1252 91 36 därå
475 1250 207 49 upplupen,
711 1248 85 35 icke
824 1246 174 37 förfallen
1027 1249 110 32 ränta
1176 1273 180 6 -.-—---
1467 1269 21 18 -
1626 1240 123 46 1.817:
1769 1248 45 26 08

259 1307 7 11 |
1400 1302 142 36 kronor
1572 1302 177 45 202,367:
1770 1309 57 26 08.

214 1356 32 45 Å
276 1363 118 37 andra
422 1362 109 37 sidan
560 1364 77 33 står
666 1359 141 37 fonden
835 1359 13 35 i
876 1357 110 37 skuld
1006 1357 58 35 till
1083 1355 288 49 riksgäldskon-

265 1420 97 32 toret
404 1414 59 37 för
504 1412 169 38 därifrån
713 1410 153 37 lämnad
904 1408 297 48 försträckning,
1236 1405 139 38 hvaraf

266 1467 65 37 vid
359 1466 167 37 nämnda
554 1463 179 50 tidpunkt
762 1461 164 38 återstod
954 1488 417 9 scoeessececemssem

346 1527 16 36 I
391 1526 94 49 följd
515 1524 113 38 häraf
652 1523 171 49 uppgick
846 1522 160 36 fondens
1025 1520 188 37 bokförda
1231 1519 143 37 behåll-

217 1581 96 46 ning
340 1579 63 36 vid
436 1579 96 35 1907
564 1579 59 34 års
653 1576 74 36 slut
756 1575 57 36 till
980 1603 252 6 rerna
1358 1603 4 4 ..
1405 1570 141 36 kronor
1577 1569 174 47 149,948:
1773 1577 57 27 43.

1600 1457 150 45 52,418:
1772 1465 56 26 65.

1469 1485 21 19 ÄJ

284 1859 434 45 Riksgäldskontorets
744 1857 184 43 utlåning
953 1857 105 33 samt
1082 1855 91 34 dess
1197 1855 314 33 kassareserver
1534 1852 15 32 i
1573 1851 193 34 utlandet.

712 1920 113 48 (1907
857 1922 59 33 års
944 1918 236 49 reglemente
1209 1916 20 50 $
1261 1916 74 48 74.)

350 2028 17 36 I
410 2027 73 36 den
520 2027 89 34 mån
644 2023 317 48 behållningarna
990 2022 70 36 och
1089 2020 392 50 riksgäldskontorets
1510 2018 160 49 utgifter
1698 2018 136 36 sådant

220 2080 203 49 medgifvit
464 2078 115 36 hafva
620 2077 195 35 kontorets
854 2075 208 47 tillgångar
1098 2086 140 36 genom
1272 2072 177 48 utlåning
1485 2075 98 32 samt
1610 2070 156 50 uppköp
1797 2069 40 37 af

221 2132 252 48 obligationer
502 2130 71 36 och
603 2127 128 50 dylika
758 2127 260 47 värdepapper
1047 2126 122 49 gjorts
1196 2123 287 37 räntebärande.

351 2183 75 36 Vid
456 2183 96 35 1907
576 2184 59 33 års
656 2180 74 36 slut
750 2178 179 49 utgjorde
950 2177 45 37 de
1015 2179 76 35 tills
1111 2179 128 34 vidare
1252 2177 227 44 förräntade
1498 2176 142 36 medlen
1659 2175 12 35 i
1690 2172 144 51 kapital

224 2236 228 47 71,157,988
481 2234 141 36 kronor
652 2234 22 34 8
704 2236 64 31 öre
795 2229 198 50 placerade
1020 2232 49 46 på
1098 2228 171 49 följande
1298 2232 88 32 sätt:
