1864 2792
428 152 390 30 Jordbruksutskotlets
839 151 179 31 utlåtande
1039 161 41 19 nr
1099 151 40 29 28
1159 151 39 29 år
1220 151 83 29 1959
1579 150 32 29 11

112 236 229 39 Beträffande
364 236 219 29 motionerna
606 237 30 28 I:
652 235 41 30 67
717 235 64 30 och
805 236 46 29 II:
867 235 41 29 94

158 286 218 30 Motionerna
394 286 204 39 tillstyrkas.

114 345 228 40 Beträffande
365 345 132 29 motion
520 346 30 28 1:
566 345 63 29 369

160 396 177 29 Motionen
357 396 190 39 tillstyrkes
567 396 10 28 i
596 396 113 39 punkt
729 396 38 33 A,
787 396 127 29 medan
933 395 254 30 riksnämnden
1206 395 111 29 under
1336 394 210 39 hänvisning
1566 394 47 29 tili

115 448 90 19 ovan
227 438 117 30 anfört
367 438 83 29 citat
472 447 41 20 ur
534 438 196 29 nämndens
753 438 166 29 skrivelse
940 438 52 28 till
1015 437 187 30 statsrådet
1225 437 65 29 och
1311 436 122 31 chefen
1457 436 54 29 för
1532 436 83 29 han-

114 480 355 39 delsdepartementet
495 480 66 29 den
589 479 39 30 24
658 480 154 29 februari
842 479 81 30 1959
952 480 118 29 ställer
1098 479 49 39 sig
1175 479 157 29 tveksam
1360 479 51 29 till
1439 479 41 29 de
1506 478 111 29 under

115 523 114 38 punkt
250 525 25 28 B
298 522 196 39 framlagda
515 522 186 39 förslagen,
723 522 170 31 avseende
916 522 117 38 statlig
1054 521 208 30 ekonomisk
1283 521 98 39 hjälp
1402 521 10 29 i
1433 521 93 29 olika
1549 520 68 29 for-

117 574 74 20 mer
214 565 52 29 till
292 574 72 20 om-
388 565 64 29 och
477 564 208 39 nybyggnad
711 574 42 19 av
780 563 174 30 eldstäder
980 563 54 30 för
1059 563 213 39 fliseldning.
1299 564 12 28 I
1336 563 97 39 varje
1459 562 61 30 fall
1545 562 71 34 bör,

114 607 109 28 innan
244 607 132 39 statligt
397 607 76 29 stöd
495 607 50 28 till
566 606 150 39 angivna
737 606 162 29 ändamål
921 606 161 29 närmare
1103 606 196 38 överväges,
1320 604 155 40 fullgoda
1496 613 122 30 garan-

115 648 65 30 tier
202 649 167 39 föreligga
392 648 54 30 för
468 658 41 20 en
532 648 238 39 kontinuerlig
793 648 65 29 och
879 647 221 39 prismässigt
1122 647 344 39 konkurrensduglig
1489 646 129 30 flistill-

113 691 172 39 verkning
306 691 111 29 under
438 700 42 20 en
501 690 54 30 för
575 690 279 39 möjliggörande
878 699 41 20 av
940 689 246 39 affärsmässig
1208 689 225 40 avskrivning
1455 698 42 20 av
1517 690 10 29 i
1548 688 69 31 eld-

115 733 165 29 städerna
298 732 123 40 gjorda
438 732 253 39 investeringar
709 731 159 40 lämpligt
888 731 172 39 avpassad
1080 731 163 39 tidrymd.

114 791 227 39 Beträffande
363 791 218 30 motionerna
602 792 31 28 I:
648 791 64 30 370
734 790 64 30 och
820 791 47 29 II:
883 791 62 29 444

159 842 219 29 Motionerna
400 841 204 40 tillstyrkas.

115 901 226 39 Beträffande
364 901 133 29 motion
520 901 47 29 II:
582 901 63 29 445

159 952 13 28 I
192 951 179 29 motionen
391 951 165 29 hänvisas
576 951 52 29 till
652 960 42 20 en
716 960 42 20 av
778 950 103 30 Östra
903 950 155 39 Sveriges
1080 950 220 38 skogsägare,
1321 948 206 30 ekonomisk
1549 948 69 30 för-

115 993 114 39 ening,
254 993 190 30 verkställd
471 992 187 39 utredning
684 992 179 40 angående
889 991 214 39 fliseldning,
1127 991 118 31 vilken
1271 991 188 38 utredning
1486 990 11 30 i
1522 990 95 39 bety-

114 1035 114 30 dande
247 1035 245 39 utsträckning
511 1034 171 39 utnyttjat
701 1034 171 35 material,
893 1043 75 20 som
989 1033 243 30 framkommit
1251 1033 56 29 vid
1328 1033 41 29 de
1388 1033 11 29 i
1419 1033 198 29 riksnämn-

117 1077 86 30 dens
219 1078 71 37 regi
308 1077 167 29 bedrivna
492 1076 238 30 flisförsöken.
748 1076 77 30 Med
844 1075 81 29 fullt
941 1075 197 31 beaktande
1155 1084 42 20 av
1213 1075 57 29 det
1286 1074 197 30 värdefulla
1498 1074 121 39 bidrag

114 1119 52 29 till
184 1119 248 39 klarläggande
452 1128 42 20 av
510 1119 100 29 dessa
627 1118 128 39 frågor,
775 1127 74 20 som
867 1126 123 30 genom
1009 1117 235 39 utredningen
1260 1117 162 36 lämnats,
1440 1117 70 28 kan
1527 1116 89 29 lock

114 1161 254 29 riksnämnden
392 1179 45 2 —
461 1160 78 30 med
566 1160 66 30 den
661 1160 229 39 uppfattning
915 1159 11 29 i
953 1159 192 30 allmänhet
1171 1158 222 30 beträffande
1420 1158 197 30 snbventio-

114 1203 123 39 nering
255 1212 42 20 av
315 1202 202 39 fliseldning
533 1202 58 29 vid
609 1211 42 21 en
671 1202 137 30 normal
826 1201 326 34 bränslemarknad,
1172 1210 74 20 som
1267 1201 177 29 nämnden
1463 1200 82 39 givit
1564 1201 53 28 ut-

113 1246 100 39 tryck
237 1245 35 30 åt
295 1245 11 29 i
330 1245 231 30 förenämnda
584 1245 84 29 citat
693 1254 43 20 ur
760 1245 53 30 sin
838 1244 168 30 skrivelse
1029 1244 67 29 den
1120 1243 41 31 24
1185 1243 132 30 dennes
1338 1243 53 30 till
1415 1242 124 31 chefen
1563 1242 55 30 för

112 1287 426 40 handelsdepartementet
557 1305 44 3 —
623 1296 43 21 ur
687 1287 42 29 de
750 1286 229 40 synpunkter,
1003 1295 74 21 som
1098 1285 254 31 riksnämnden
1372 1285 65 30 har
1458 1287 51 28 att
1529 1284 89 31 före-

118 1330 109 35 träda,
249 1330 76 29 icke
346 1329 177 40 tillstyrka
543 1328 133 40 statligt
697 1328 224 31 ekonomiskt
943 1328 78 29 stöd
1042 1328 44 38 på
1108 1327 57 30 det
1187 1328 78 34 sätt,
1289 1336 73 20 som
1386 1326 197 39 föreslagits
1607 1326 9 29 i

115 1372 189 29 motionen.
324 1373 12 28 I
355 1372 94 29 detta
468 1371 256 38 sammanhang
742 1370 59 29 vill
821 1369 254 30 riksnämnden
1094 1369 199 34 framhålla,
1314 1371 49 27 att
1382 1369 236 38 skogsägarna

114 1414 10 28 i
143 1413 192 30 allmänhet
352 1413 57 29 vid
428 1413 234 38 beräkningar
680 1413 81 28 över
779 1411 486 39 tillverkningskostnaderna
1285 1410 54 29 för
1359 1410 164 39 skogsflis
1542 1410 75 29 icke

117 1465 105 29 synas
248 1455 127 29 beakta
399 1455 66 29 den
490 1454 167 29 framtida
680 1454 107 38 högre
812 1453 220 39 avkastning,
1058 1462 74 20 som
1156 1455 48 27 ett
1229 1453 54 29 väl
1308 1453 124 38 gallrat
1457 1451 161 39 skogsbe-

119 1497 102 30 stånd
242 1498 70 30 kan
333 1497 173 29 beräknas
528 1497 127 28 lämna.
680 1497 11 29 I
715 1496 102 30 Östra
840 1495 156 39 Sveriges
1019 1495 228 39 skogsägares
1268 1494 187 39 utredning
1481 1493 139 39 angives

118 1540 107 38 enligt
254 1539 178 29 motionen
460 1541 49 27 att
536 1538 40 29 de
603 1537 169 30 framtida
800 1537 259 39 skogsvärdena
1087 1537 112 29 skulle
1229 1536 123 38 »höjas
1378 1536 79 29 med
1484 1535 135 38 belopp,

116 1581 247 30 motsvarande
383 1580 107 30 minst
511 1580 239 29 kostnaderna
771 1579 54 29 för
846 1578 193 39 gallringen
1061 1578 65 29 och
1147 1578 186 39 röjningen
1354 1578 82 31 eller
1458 1577 161 38 omkring

119 1624 38 29 15
182 1623 164 38 miljoner
368 1623 130 29 kronor
519 1622 163 38 årligen».
707 1623 64 29 Om
795 1621 115 29 denna
931 1620 215 30 vinstfaktor
1167 1620 189 29 beaktades
1378 1620 10 28 i
1411 1619 209 39 flispriskal-

116 1665 115 39 kylen,
253 1665 112 29 skulle
385 1664 143 39 givetvis
548 1663 266 30 bränsleflisens
835 1662 321 30 konkurrenskraft
1176 1664 174 37 gentemot
1371 1662 110 30 andra
1499 1662 121 28 bräns-

118 1707 55 29 len
195 1708 158 28 avsevärt
375 1707 147 29 stärkas.

162 1748 275 35 Riksnämnden,
458 1757 73 20 som
551 1747 10 29 i
580 1747 111 39 övrigt
710 1747 98 29 torde
828 1746 35 30 få
882 1746 149 30 hänvisa
1048 1746 51 30 till
1118 1746 65 29 vad
1206 1755 89 20 ovan
1315 1748 93 37 sagts
1428 1745 192 30 beträffan-

118 1793 41 30 de
178 1793 177 29 motionen
379 1794 28 28 1:
424 1793 73 33 369,
518 1793 69 28 kan
607 1792 77 29 icke
705 1801 42 20 ur
766 1791 41 30 de
829 1791 230 39 synpunkter,
1080 1790 177 29 nämnden
1277 1789 64 29 har
1362 1791 49 28 att
1432 1788 186 33 företräda,

120 1835 174 39 tillstyrka
318 1835 41 28 de
385 1834 246 30 subventioner
657 1834 10 28 i
692 1833 94 30 olika
811 1833 131 29 former
967 1833 51 28 till
1045 1831 213 39 fliseldning,
1286 1840 74 20 som
1386 1840 40 20 av
1450 1830 170 29 motionä-

120 1886 100 20 rerna
250 1876 156 29 föreslås.
435 1877 124 28 Därest
588 1884 41 20 av
658 1875 111 29 andra
797 1876 43 27 än
870 1874 291 38 beredskapsskäl
1192 1873 41 29 de
1266 1873 10 29 i
1306 1873 178 28 motionen
1514 1872 104 28 fram-

120 1918 101 29 förda
246 1918 176 38 förslagen
448 1917 111 29 skulle
586 1926 102 20 anses
714 1917 85 29 böra
825 1916 183 29 realiseras
1035 1915 10 29 i
1072 1916 109 28 större
1207 1915 82 29 eller
1315 1914 135 29 mindre
1479 1913 141 29 omfatt-

120 1960 93 38 ning,
237 1960 63 29 bör
325 1960 98 34 dock,
448 1959 109 29 innan
583 1959 37 29 så
649 1959 89 33 sker,
765 1958 123 38 frågan
914 1967 56 19 om
996 1957 57 29 det
1079 1957 139 37 statliga
1245 1956 130 29 stödets
1401 1955 218 39 lämpligaste

119 2001 219 39 utformning
360 2001 63 29 och
447 2000 285 31 administration
755 2000 10 29 i
788 1999 106 39 detalj
920 2000 163 29 närmare
1106 1999 208 38 klarläggas.

163 2044 69 29 Mot
252 2043 56 30 det
329 2043 110 29 under
458 2043 112 38 punkt
590 2043 38 29 C:
646 2042 17 29 3
684 2042 10 29 i
712 2042 179 29 motionen
911 2040 197 31 framförda
1127 2040 166 38 förslaget
1312 2039 178 39 angående
1509 2039 112 28 inten-

118 2085 141 29 sifierad
287 2085 183 38 forskning
495 2084 146 29 rörande
667 2083 226 40 utnyttjande
918 2092 41 20 av
983 2083 180 29 klenvirke
1188 2082 64 29 och
1277 2082 166 38 sågavfall
1470 2090 73 20 som
1568 2082 52 27 rå-

120 2136 81 20 vara
223 2127 57 28 vid
307 2126 195 29 industriell
527 2126 214 38 produktion
766 2125 63 29 har
853 2124 253 29 riksnämnden
1131 2124 86 29 intet
1241 2126 50 27 alt
1314 2123 115 29 erinra
1454 2125 81 26 utan
1561 2122 56 29 vill

119 2169 176 38 tillstyrka
311 2168 177 29 motionen
505 2168 10 28 i
533 2168 114 28 denna
664 2168 64 28 del.

164 2237 11 27 I
198 2237 47 27 ett
268 2235 166 29 likaledes
456 2235 66 28 den
546 2235 38 28 25
609 2233 154 29 februari
788 2233 81 29 1959
893 2233 127 29 avlåtet
1042 2232 162 39 yttrande
1228 2232 62 28 har
1312 2230 309 38 lanibruksstyrel-

118 2295 60 20 sen
200 2285 127 29 uttalat
348 2284 155 39 följande
525 2283 223 29 beträffande
769 2283 220 29 motionerna
1012 2283 27 28 I:
1056 2282 39 29 67
1119 2282 65 29 och
1206 2282 45 28 II:
1268 2280 50 30 94.

162 2343 136 37 Frågan
320 2352 55 20 om
401 2341 264 38 fliseldningens
687 2340 241 38 berättigande
952 2340 64 29 och
1040 2338 355 40 angelägenhetsgrad
1421 2338 95 29 torde
1537 2347 84 20 vara

119 2384 285 37 utomordentligt
429 2383 286 30 vittomfattande
738 2383 64 28 och
828 2381 248 39 komplicerad.
1101 2382 166 28 Förutom
1293 2380 41 29 de
1358 2380 163 29 tekniska
1545 2388 71 29 pro-

120 2427 100 33 blem,
245 2426 79 29 med
349 2425 91 31 vilka
466 2425 132 39 skoglig
622 2425 65 28 och
714 2424 140 30 teknisk
878 2423 152 39 expertis
1054 2423 133 29 arbetat
1214 2422 40 30 de
1280 2424 136 28 senaste
1443 2421 67 29 fem
1537 2421 81 29 åren
