1862 2792
404 145 390 31 Jordbruksutskottets
814 143 180 30 utlåtande
1015 152 41 20 nr
1075 142 41 30 28
1135 142 40 29 år
1195 142 84 29 1959
1556 139 38 29 19

84 231 87 29 eller
191 230 137 29 mindre
348 229 84 40 grad
451 228 90 30 visat
561 228 51 39 sig
634 227 186 31 snedvrida
840 226 289 31 försöksresultat
1149 225 51 30 till
1221 234 79 20 men
1322 225 54 29 för
1395 224 66 29 den
1482 225 110 28 event.

88 272 166 31 fortsatta
274 281 97 22 mera
391 271 261 38 kontinuerliga
672 269 268 30 verksamheten
962 268 44 39 på
1028 267 169 30 området.

132 317 102 28 Trots
262 315 66 29 den
351 314 76 29 icke
451 312 197 40 obetydliga
672 311 154 31 försöks-
849 311 65 29 och
937 308 461 41 propagandaverksamhet,
1424 316 73 21 som
1523 309 71 27 sär-

88 357 84 30 skilt
195 357 111 29 under
331 365 120 22 senare
475 355 38 30 år
536 354 168 31 bedrivits
727 354 43 39 på
794 353 266 38 fliseldningens
1086 351 152 33 område,
1262 350 161 30 befinner
1446 350 50 39 sig
1521 349 73 29 flis-

85 399 190 39 eldningen
299 397 239 39 otvivelaktigt
563 397 153 38 alltjämt
740 396 45 40 på
810 394 279 36 försöksstadiet,
1115 393 142 30 särskilt
1281 393 10 28 i
1315 392 66 30 vad
1406 392 57 29 det
1487 392 107 39 gäller

88 442 80 30 dess
186 440 230 31 ekonomiska
435 439 305 38 förutsättningar.
760 439 79 30 Som
858 437 130 29 bekant
1007 436 63 29 har
1089 435 107 30 också
1215 434 379 40 jordbruksministern

88 484 142 39 nyligen
249 484 133 29 lämnat
402 481 302 40 domänstyrelsen
724 480 11 29 i
755 479 160 40 uppdrag
934 481 50 27 att
1004 479 163 29 närmare
1185 477 200 31 undersöka
1404 476 102 30 dessa
1525 475 70 30 för-

90 525 247 40 utsättningar.
358 525 203 30 Resultaten
582 532 42 21 av
643 521 404 40 utredningsuppdraget
1067 529 102 31 synes
1190 519 187 30 förbundet
1396 518 111 30 under
1528 518 66 29 alla

90 568 247 30 förhållanden
361 567 83 30 böra
468 566 169 29 avvaktas
662 565 108 29 innan
797 564 110 39 några
931 563 160 39 åtgärder
1117 571 42 20 av
1182 562 64 29 den
1272 560 223 39 omfattning,
1521 569 73 21 som

89 611 264 29 motionärerna
372 618 90 24 avse,
483 608 169 39 vidtagas.

133 685 157 40 Sveriges
314 682 433 42 skogsägareföreningars
771 680 231 40 riksförbund
1027 681 63 29 har
1115 678 194 31 framhållit
1334 677 157 40 följande
1514 677 10 29 i
1548 679 46 26 ett

87 737 177 39 yttrande,
286 735 209 40 dagtecknat
517 735 67 29 den
608 733 41 30 23
672 732 155 30 februari
850 731 94 33 1959.

137 794 276 31 Riksförbundet
439 794 63 29 har
526 792 89 31 både
640 799 123 32 genom
790 790 54 31 sin
869 788 277 41 representation
1171 788 10 29 i
1207 786 271 31 fliskommittén
1500 785 97 29 inom

90 837 266 31 Riksnämnden
384 836 54 30 för
463 834 209 31 ekonomisk
698 831 353 39 försvarsberedskap
1078 830 64 30 och
1169 837 123 32 genom
1318 829 57 29 det
1401 827 197 40 pionjärar-

90 880 88 34 bete,
200 889 74 20 som
295 879 107 30 sedan
421 878 126 38 många
568 877 38 30 år
625 876 130 30 utförts
776 884 41 21 av
837 875 41 29 de
897 874 118 30 lokala
1036 871 471 41 skogsägareföreningarna,
1528 869 70 30 för-

91 923 80 29 sökt
194 922 99 29 bidra
315 921 53 30 till
392 923 49 28 att
464 920 75 29 lösa
562 919 41 29 de
626 918 167 39 problem,
819 925 74 21 som
917 917 37 29 är
978 914 234 40 förknippade
1237 913 78 30 med
1339 911 257 39 fliseldningen.

92 965 117 38 Enligt
232 962 293 31 Riksförbundets
548 960 228 40 uppfattning
798 961 39 28 är
858 967 147 20 numera
1026 957 166 38 frågorna
1214 956 43 39 på
1281 955 95 29 detta
1397 953 142 30 område
1561 953 38 29 så

91 1008 56 28 väl
170 1004 301 41 genomarbetade,
494 1006 50 29 att
566 1001 299 41 organisatoriska
888 1001 83 29 eller
992 999 165 30 tekniska
1177 997 126 30 hinder
1324 996 55 30 för
1402 1005 42 21 en
1467 995 132 30 fliseld-

93 1049 84 39 ning
197 1050 86 28 även
303 1048 11 29 i
336 1048 109 29 större
466 1046 100 30 skala
585 1045 31 39 ej
640 1044 194 39 föreligger.
855 1041 278 32 Riksförbundet
1153 1040 118 30 hälsar
1291 1038 120 30 därför
1430 1037 80 30 med
1532 1037 68 29 till-

94 1090 249 31 fredsställelse
366 1089 98 39 varje
486 1087 162 37 initiativ,
674 1095 73 21 som
772 1088 54 27 tas
850 1084 80 30 från
954 1083 309 40 myndigheternas
1289 1081 76 29 sida
1389 1080 55 30 för
1466 1082 50 28 att
1541 1079 59 29 sti-

92 1134 137 29 mulera
248 1132 51 30 till
318 1131 92 30 ökad
429 1129 226 39 användning
675 1138 41 20 av
734 1127 58 31 flis
815 1127 56 30 för
888 1124 338 40 eldningsändamål.

138 1176 54 29 En
212 1173 241 32 tillbakablick
472 1172 45 39 på
537 1172 42 29 de
599 1171 105 30 flesta
723 1169 233 30 decennierna
973 1167 104 35 visar,
1099 1168 50 28 att
1170 1166 163 30 intresset
1354 1164 54 30 för
1428 1163 92 31 ökad
1541 1172 60 20 an-

94 1216 179 40 vändning
296 1225 42 20 av
357 1215 207 30 vedbränsle
585 1213 102 39 tycks
710 1212 147 30 flamma
879 1219 70 31 upp
972 1209 79 30 med
1074 1218 43 21 en
1138 1208 71 30 viss
1231 1206 227 41 periodicitet.
1484 1201 117 48 Under

95 1258 308 42 depressionsåren
422 1257 79 30 med
521 1255 196 40 åtföljande
737 1253 230 31 arbetslöshet
987 1252 11 29 i
1018 1251 127 40 början
1163 1260 42 20 av
1225 1249 141 31 30-talet
1385 1249 78 29 blev
1483 1248 56 29 det
1558 1256 43 21 en

95 1312 42 20 av
158 1301 198 30 dåvarande
378 1295 618 34 Arbetsmarknadskommissionens
1018 1293 178 40 uppgifter
1218 1295 50 27 att
1288 1291 80 30 med
1389 1290 212 38 statsanslag

95 1344 197 40 igångsätta
315 1352 44 20 en
380 1340 218 31 omfattande
618 1337 293 40 vedavverkning.
933 1338 13 29 I
969 1345 136 22 samma
1124 1335 83 30 mån
1230 1343 74 22 som
1325 1332 277 40 konjunkturer-

96 1396 45 20 na
162 1386 65 29 och
250 1383 379 41 sysselsättningsläget
650 1380 235 31 förbättrades
909 1381 102 36 avtog
1032 1378 164 29 intresset
1218 1376 55 30 för
1293 1374 218 39 vedeldning.
1533 1374 70 29 Un-

95 1429 62 29 der
178 1427 200 39 krigsårens
398 1424 231 40 avspärrning
650 1423 79 30 från
748 1422 131 39 import
899 1430 40 20 av
960 1420 123 30 fossila
1101 1419 165 29 bränslen
1284 1417 79 30 blev
1381 1417 56 29 det
1457 1416 73 30 åter
1548 1424 55 20 ve-

95 1471 70 29 den
187 1479 74 21 som
281 1468 153 30 räddade
454 1467 137 29 landets
612 1463 369 39 bränsleförsörjning,
1003 1471 80 20 men
1104 1462 64 28 när
1191 1461 173 38 importen
1384 1458 89 30 efter
1493 1457 111 29 freds-

97 1514 107 29 slutet
226 1511 118 30 kunde
368 1510 259 38 återupptagas,
653 1507 76 29 blev
749 1506 112 30 veden
885 1506 97 29 snart
1005 1503 73 30 åter
1101 1505 48 27 ett
1173 1503 79 38 föga
1275 1500 205 39 efterfrågat
1504 1499 100 30 sorti-

97 1557 108 28 ment.

144 1597 48 30 På
212 1595 170 41 grundval
402 1603 41 21 av
463 1594 103 31 dessa
585 1591 239 31 erfarenheter
843 1590 71 29 kan
934 1588 58 30 det
1010 1587 151 34 befaras,
1181 1589 49 28 att
1251 1586 55 29 det
1327 1583 209 41 nyvaknade
1554 1583 51 29 in-

100 1642 123 28 tresset
247 1639 54 29 för
324 1636 248 39 fliseldningen
595 1634 80 30 från
698 1633 94 31 såväl
815 1631 256 31 allmänhetens
1097 1638 74 22 som
1195 1628 78 30 från
1295 1626 309 40 myndigheternas

100 1682 76 30 sida
199 1682 86 28 även
308 1680 115 30 denna
445 1678 89 39 gång
558 1677 90 30 skall
671 1676 74 30 visa
769 1674 50 40 sig
842 1683 84 20 vara
947 1682 43 21 en
1013 1669 375 42 konjunkturbetonad
1413 1667 191 31 företeelse.

100 1726 66 29 Det
183 1724 62 30 bör
262 1724 12 29 i
292 1723 96 29 detta
407 1720 256 38 sammanhang
682 1718 44 30 då
744 1717 166 40 påpekas,
930 1718 50 28 att
999 1715 67 29 den
1086 1723 47 20 nu
1153 1713 154 30 aktuella
1329 1710 248 39 fliseldningen
1596 1709 10 28 i

99 1768 128 38 många
248 1765 195 30 avseenden
464 1761 186 40 väsentligt
674 1760 121 39 skiljer
820 1759 50 39 sig
892 1758 80 29 från
992 1756 147 39 tidigare
1161 1754 181 39 tillämpad
1364 1753 142 38 eldning
1526 1751 79 29 med

100 1810 64 29 ved
189 1809 65 29 och
278 1810 49 27 att
352 1807 41 29 de
416 1805 165 31 tekniska
605 1803 65 30 och
694 1801 230 31 ekonomiska
951 1797 342 39 förutsättningarna
1317 1797 37 28 är
1377 1795 56 29 väl
1458 1793 148 30 utredda

100 1853 65 28 och
191 1853 87 28 även
302 1849 150 39 prövade
477 1848 11 28 i
512 1846 199 40 praktiken.
737 1845 71 29 Här
832 1843 63 29 bör
920 1841 112 31 starkt
1058 1839 252 40 understrykas
1335 1838 119 28 vikten
1479 1845 52 24 av,
1557 1836 49 28 att

102 1891 408 40 fliseldningsprojekten
527 1890 95 38 läggs
640 1896 71 30 upp
727 1886 45 40 på
787 1886 81 38 lång
885 1884 78 36 sikt,
980 1883 65 29 och
1062 1884 49 28 att
1128 1881 94 30 såväl
1241 1880 233 29 leverantörer
1487 1886 45 20 av
1548 1876 58 29 flis

100 1946 76 20 som
202 1935 251 29 konsumenter
476 1931 113 30 måste
613 1929 106 29 binda
743 1928 51 38 sig
819 1935 123 31 genom
967 1924 164 38 fleråriga
1156 1923 101 32 avtal,
1282 1920 208 39 exempelvis
1516 1919 17 28 5
1558 1918 49 30 år.

102 1980 49 28 De
178 1976 251 38 investeringar
456 1983 74 20 som
558 1973 105 28 krävs
689 1970 44 40 på
759 1970 95 29 såväl
881 1965 336 42 produktionssidan
1246 1973 74 20 som
1349 1963 9 28 i
1386 1961 222 38 eldningsan-

102 2019 253 40 läggningarna
375 2017 206 30 förutsätter
601 2013 176 38 nämligen
798 2021 43 20 en
863 2007 298 40 avskrivningstid
1181 2006 45 40 på
1246 2005 107 30 minst
1375 2005 17 28 5
1414 2004 47 35 år,
1482 2003 56 29 för
1558 2004 49 28 att

104 2062 247 38 fliseldningen
376 2057 223 32 ekonomiskt
624 2056 88 30 skall
738 2055 122 28 kunna
884 2051 114 30 hävda
1023 2050 51 39 sig
1098 2050 10 29 i
1133 2049 221 29 konkurrens
1380 2046 78 29 med
1486 2044 123 30 fossila

105 2105 173 30 bränslen.

146 2148 58 28 Att
227 2145 202 40 problemen
452 2143 9 28 i
487 2141 170 31 samband
683 2139 77 29 med
785 2134 323 39 flisframställning
1132 2133 64 29 och
1220 2131 154 38 -eldning
1398 2131 36 28 är
1461 2128 147 30 utredda

105 2190 122 29 räcker
249 2188 105 37 enlig!
379 2183 294 32 Riksförbundets
699 2179 227 31 förmenande
950 2178 71 28 inte
1044 2178 134 27 ensamt
1206 2174 52 28 för
1281 2175 48 27 att
1354 2172 180 29 stimulera
1556 2170 50 30 till

105 2241 41 19 en
171 2239 96 20 mera
290 2227 194 40 betydande
508 2225 173 38 övergång
707 2223 49 29 till
782 2220 212 36 fliseldning.
1019 2220 64 28 Det
1108 2217 69 29 kan
1203 2216 42 28 då
1271 2224 80 21 vara
1378 2213 158 38 lämpligt
1560 2213 47 27 att

107 2271 197 33 framhålla,
329 2273 50 27 att
403 2270 54 28 det
484 2268 96 28 finns
607 2267 88 28 flera
719 2264 119 29 starka
863 2262 74 29 skäl
962 2261 55 28 för
1041 2258 171 39 åtgärder,
1237 2266 73 19 som
1336 2256 199 28 stimulerar
1561 2253 48 28 in-

108 2316 122 28 tresset
254 2313 53 29 för
330 2310 224 37 användning
578 2318 40 19 av
642 2306 204 30 vedbränsle
870 2304 9 28 i
903 2303 114 29 stället
1044 2301 53 29 för
1120 2298 304 39 importbränslen.
1470 2315 5 1 -—
1514 2297 10 27 I
1548 2303 59 20 nu:

106 2355 152 31 varande
279 2356 73 36 läge
374 2353 94 29 torde
488 2352 55 28 det
566 2349 149 30 sålunda
734 2357 82 19 vara
838 2344 157 39 lämpligt
1014 2345 48 27 att
1084 2342 206 29 eftersträva
1309 2349 40 19 en
1373 2339 64 36 hög
1457 2337 149 29 bränsle:

107 2398 202 38 beredskap.
336 2396 92 29 även
453 2394 76 29 med
556 2390 214 38 förefintliga
795 2396 153 22 reserver
972 2395 41 19 av
1038 2382 230 40 importerade
1295 2380 160 29 bränslen
1482 2377 125 30 förhål-
