2220 2680
647 225 355 42 Bevillningsutskottets
1024 225 219 41 Betänkande,
1271 225 64 33 N:o
1357 229 53 29 20.
1776 227 17 30 d

355 305 68 36 Ett
450 304 225 38 utfärdande
704 304 41 37 af
769 304 74 37 den
870 305 185 49 påtänkta
1082 305 277 49 författningen
1389 306 200 49 angående
1619 306 217 50 delgifning

223 356 41 37 af
287 356 128 49 utslag
441 356 12 36 i
480 355 307 50 fattigvårdsmål
811 356 147 48 jemväl
986 356 57 37 till
1071 331 343 79 förklarandepart,
1438 335 97 58 utan
1564 362 55 31 att
1639 335 197 84 samtidigt

223 408 67 36 det
316 421 51 23 nu
388 385 227 70 föreslagna
642 407 179 49 tillägget
848 406 171 38 infördes
1048 408 12 36 i
1089 408 458 49 stämpelförordningen,
1577 409 123 36 skulle
1720 388 114 58 hafva

223 459 58 36 till
308 458 105 49 följd,
443 463 54 31 att
525 438 69 56 sist
621 436 177 58 bemälde
827 464 86 42 part
941 458 199 49 nödgades
1170 459 160 48 erlägga
1346 473 48 23 en
1415 459 292 49 stämpelafgift,
1724 460 111 36 hvar-

222 509 97 36 ifrån
347 510 77 35 han
451 523 50 22 nu
530 514 40 31 är
598 508 160 48 befriad,
788 508 58 36 för
875 512 41 33 så
944 509 82 36 vidt
1053 509 76 36 han
1156 510 86 36 icke
1272 510 181 37 särskildt
1480 510 122 49 begär
1629 516 56 31 att
1703 510 38 37 få
1754 511 82 37 lösa

222 560 292 48 ifrågavarande
543 560 139 48 utslag.
737 560 58 36 Då
822 559 220 37 imförandet
1070 561 41 35 af
1137 573 47 24 en
1213 560 119 37 sådan
1360 575 51 34 ny
1438 561 278 49 beskattning
1696 555 16 59 i
1735 562 100 36 före-

225 611 164 37 varande
425 610 182 37 afseende
635 611 86 36 icke
752 624 116 35 synes
898 624 73 35 ega
999 614 117 44 något
1144 611 94 47 skäl,
1268 612 72 36 och
1368 612 140 48 Kongl.
1539 613 126 48 Maj:ts
1694 612 141 49 ifråga-

224 662 167 36 varande
419 661 146 48 förslag
593 661 162 46 således,
786 661 131 36 derest
943 662 163 36 berörda
1120 662 227 49 författning
1362 663 137 36 varder
1514 662 187 48 utfärdad,
1720 677 114 35 synes

223 726 92 23 vara
341 712 88 37 med
456 712 179 48 billighet
661 712 436 47 öfverensstämmande,
1127 713 226 37 hemställer
1381 714 202 46 utskottet,

730 819 56 30 att
818 814 236 48 Riksdagen,
1082 814 123 36 under
1228 814 277 49 förutsättning
1532 821 55 30 att
1614 815 111 37 ofvan
1756 829 79 22 om-

627 863 188 37 förmälda
851 864 227 49 författning
1118 865 199 49 angående
1352 865 215 49 delgifning
1598 866 12 36 i
1638 866 103 36 vissa
1769 866 65 36 fall

628 914 41 37 af
704 915 129 49 utslag
871 915 13 36 i
924 915 307 49 fattigvårdsmål
1266 917 145 48 jemväl
1446 920 36 33 åt
1505 917 330 57 förklarandepart

629 944 200 59 kommer
842 966 57 37 till
934 945 123 69 stånd,
1087 970 115 34 måtte
1232 967 131 37 bifalla
1390 968 101 36 hvad
1519 968 139 49 Kongl.
1690 969 106 48 Maj:t
1823 982 12 22 i

628 1016 253 38 förevarande
909 992 241 79 proposition
1177 1018 209 49 föreslagit.

362 1118 221 37 Stockholm
615 1118 73 37 den
717 1121 20 34 6
767 1119 72 48 maj
875 1121 105 35 1891.

795 1220 51 37 På
872 1221 210 36 utskottets
1110 1226 160 43 vägnar:

825 1321 132 37 CABL
982 1321 260 37 HERSLOW.

314 2336 65 31 DBih
412 2337 47 31 till
481 2337 110 32 Riksd.
615 2338 84 32 Prot.
723 2341 98 30 1891.
867 2343 21 28 53
912 2340 96 32 Saml.
1041 2343 9 28 1
1074 2340 77 38 Afd.
1175 2344 44 29 18
1242 2341 92 39 Hä.

1773 2344 15 28 [CA
