1880 2810
301 151 17 27 4
751 158 275 32 Statsutskottets
1046 160 175 31 utlåtande
1241 171 42 20 nr
1299 163 49 29 55.

307 240 39 27 10
359 239 64 29 420
437 240 62 29 000
523 241 137 29 kronor.
683 241 49 29 Av
758 242 91 31 detta
871 242 124 37 belopp
1021 244 109 30 skulle
1152 246 104 34 enligt
1278 247 181 35 styrelsens
1484 248 129 36 förslag
1635 249 17 29 5
1668 249 64 29 050
1746 251 65 27 000

305 282 136 35 kronor,
463 284 169 29 avseende
654 284 41 30 de
716 285 142 30 arbeten
879 295 74 21 som
974 288 60 28 äro
1054 293 85 26 mest
1161 289 199 35 angelägna,
1382 290 137 30 anvisas
1543 289 44 37 på
1607 291 203 36 tilläggsstat

305 324 50 30 till
370 325 184 30 riksstaten
573 327 54 29 för
643 327 234 31 innevarande
895 329 167 36 budgetår
1081 331 63 29 och
1164 330 205 37 återstoden,
1390 333 17 29 5
1422 333 63 29 370
1500 334 63 30 000
1582 334 139 35 kronor,
1741 335 68 30 för-

304 368 93 30 delas
417 369 79 29 med
516 371 17 28 2
550 371 62 29 500
626 371 63 29 000
709 371 130 30 kronor
857 371 21 30 å
896 374 99 29 nästa
1016 373 167 36 budgetår
1201 376 65 28 och
1289 376 17 28 2
1322 376 62 29 870
1399 377 62 28 000
1482 376 130 30 kronor
1630 376 20 31 å
1669 378 140 36 budget-

304 410 72 31 året
403 409 148 41 1947/48.
577 413 397 38 Tilläggsstatsbeloppet
998 417 64 30 har
1084 418 192 35 föreslagits
1301 419 97 29 skola
1423 418 151 32 fördelas
1599 420 44 36 på
1669 421 72 29 dels
1763 425 47 26 ett

304 455 118 35 anslag
445 455 20 30 å
492 457 93 29 1512
600 457 62 29 000
686 457 131 30 kronor
840 458 55 30 för
919 461 139 31 smärre,
1083 460 75 30 icke
1179 462 162 29 närmare
1364 462 148 35 angivna
1534 463 276 35 byggnadsarbe-

305 501 56 26 ten
379 508 44 20 m.
445 508 55 26 m.,
522 500 92 29 vilka
636 510 60 20 var
715 500 55 30 för
792 501 50 36 sig
862 502 104 36 draga
986 512 43 20 en
1048 503 148 30 kostnad
1216 504 76 30 icke
1313 505 238 35 överstigande
1573 507 59 29 100
1647 507 63 29 000
1732 507 78 30 kro-

304 550 72 27 nor,
403 543 70 29 dels
500 546 46 26 ett
570 544 119 36 anslag
711 544 20 30 å
757 545 63 29 800
835 545 63 30 000
922 546 129 29 kronor
1077 547 50 29 till
1150 548 152 29 sanitära
1328 548 233 36 anordningar
1585 548 21 30 å
1631 549 179 37 befintliga

298 593 131 29 garage,
449 587 71 29 dels
538 588 64 29 ock
627 589 38 28 16
684 588 119 36 anslag
820 588 20 31 å
858 588 144 37 tillhopa
1022 592 17 27 2
1055 591 63 29 378
1132 591 63 29 000
1216 592 128 28 kronor
1363 591 55 30 för
1436 591 139 30 särskilt
1595 592 215 36 specificera-

300 628 41 29 de
358 628 149 30 förråds-
526 630 64 29 och
605 630 332 37 garagebyggnader,
954 633 56 28 för
1027 631 91 30 vilka
1135 633 232 29 kostnaderna
1387 633 55 30 för
1458 643 60 20 var
1535 635 65 29 och
1616 643 42 21 en
1673 645 42 19 av
1732 635 79 29 dem

306 669 181 31 beräknats
508 671 167 36 överstiga
696 673 60 28 100
771 673 64 29 000
854 673 138 30 kronor.
1009 674 49 29 Av
1076 675 55 29 det
1149 674 55 29 för
1221 676 100 28 nästa
1339 675 168 36 budgetår
1524 677 151 29 avsedda
1693 677 116 36 belop-

303 716 57 32 pet
377 712 143 31 föreslås
541 715 13 28 1
574 715 59 29 100
648 716 63 29 000
730 715 130 31 kronor
876 716 98 30 skola
991 717 137 30 anvisas
1146 718 55 29 för
1219 719 132 29 smärre
1368 719 320 35 byggnadsarbeten
1704 729 44 21 m.
1763 730 46 20 m.

304 756 65 29 och
401 755 196 32 återstoden
631 758 92 30 1400
738 759 63 30 000
835 759 130 30 kronor
995 760 97 30 skola
1125 761 137 30 anvisas
1296 761 50 29 till
1378 762 57 29 nio
1467 763 161 29 närmare
1660 763 150 36 angivna

303 800 334 37 garagebyggnader,
665 801 93 31 vilka
787 811 62 21 var
877 802 55 30 för
959 803 50 36 sig
1036 804 184 30 beräknats
1250 805 106 35 draga
1383 814 42 20 en
1452 806 107 29 större
1588 806 151 30 kostnad
1765 808 45 28 än

307 843 60 29 100
392 843 62 29 000
478 844 139 30 kronor.

350 886 197 37 Utredning,
569 897 74 20 som
664 887 45 37 på
728 889 160 36 uppdrag
909 899 42 21 av
972 893 126 28 statens
1120 892 213 30 sakrevision
1353 894 125 30 utförts
1499 905 42 20 av
1561 895 23 30 f.
1607 896 31 30 d.
1658 893 153 44 general-

303 929 196 31 direktören
519 931 197 36 Granholm,
737 932 187 36 bestyrker,
947 937 49 26 att
1015 934 215 31 omfattande
1244 936 139 30 arbeten
1398 937 55 30 för
1466 938 266 36 komplettering
1745 940 66 30 och

303 973 219 36 ombyggnad
547 983 43 20 av
614 975 246 35 vägväsendets
888 976 150 31 förråds-
1065 979 64 28 och
1155 980 326 36 garagebyggnader
1508 982 59 29 äro
1595 992 42 20 av
1664 983 146 30 behovet

304 1015 183 36 påkallade
509 1017 56 30 för
589 1021 49 27 att
661 1027 41 21 ur
727 1018 159 31 tekniska
910 1020 64 30 och
1001 1020 226 31 ekonomiska
1251 1024 216 35 synpunkter
1492 1025 190 36 angelägna
1708 1027 101 29 ratio-

298 1059 362 38 naliseringsåtgärder
679 1063 98 29 skola
800 1063 119 30 kunna
939 1065 142 29 komma
1101 1066 49 30 till
1171 1065 111 32 stånd.
1307 1067 359 36 Utredningsmannen
1686 1069 64 29 har
1768 1087 42 3 —

300 1103 107 29 under
431 1103 255 31 framhållande
712 1113 42 21 av
780 1109 47 26 att
852 1105 253 31 räntabiliteten
1128 1107 19 30 å
1171 1107 123 31 härför
1317 1109 221 36 erforderliga
1562 1109 251 38 investeringar

300 1153 80 20 vore
403 1146 54 29 väl
480 1147 142 34 tryggad
644 1163 43 3 —
712 1147 166 37 förordat,
902 1152 48 26 att
972 1149 110 29 medel
1104 1158 42 21 av
1169 1150 9 29 i
1201 1151 185 29 huvudsak
1412 1152 66 29 den
1501 1152 211 36 omfattning
1736 1163 74 20 som

299 1186 77 37 väg-
398 1187 64 29 och
484 1188 464 37 vattenbyggnadsstyrelsen
971 1191 175 36 föreslagit
1168 1192 139 30 ställdes
1329 1192 49 30 till
1400 1193 182 36 styrelsens
1604 1193 209 37 förfogande

299 1227 55 30 för
370 1231 48 27 att
437 1230 178 29 användas
634 1230 55 30 för
710 1231 220 35 uppförande
948 1242 42 21 av
1009 1242 68 27 nya
1097 1242 137 27 garage-
1256 1235 64 29 och
1340 1234 336 37 förrådsbyggnader
1697 1246 45 20 m.
1764 1247 46 20 m.

304 1268 68 31 För
388 1273 48 27 att
453 1271 42 29 de
513 1274 87 27 mest
616 1273 191 35 trängande
823 1273 156 31 behoven
997 1281 134 26 snarast
1148 1276 98 29 skola
1264 1277 119 30 kunna
1399 1277 198 35 tillgodoses
1613 1278 66 30 har
1695 1280 115 29 utred-

303 1312 252 36 ningsmannen
578 1319 110 27 ansett
712 1316 19 29 4
746 1317 63 29 250
823 1317 64 30 000
910 1317 130 30 kronor
1061 1318 84 31 böra
1169 1319 138 31 anvisas
1329 1319 21 30 å
1372 1320 204 36 tilläggsstat
1596 1321 50 30 till
1669 1322 141 31 rikssta-

304 1360 56 26 ten
377 1356 55 30 för
448 1357 234 31 innevarande
700 1359 178 36 budgetår.

348 1399 52 30 Då
416 1400 56 38 jag
489 1400 116 32 finner
622 1402 55 31 det
692 1403 188 36 angeläget,
898 1407 49 27 att
963 1405 42 30 de
1021 1406 217 38 möjligheter
1254 1408 50 29 till
1322 1418 42 20 en
1380 1410 276 38 rationalisering
1671 1422 42 20 av
1730 1415 80 34 väg-

303 1441 209 39 hållningen,
533 1454 75 21 som
627 1446 247 35 vägväsendets
894 1447 262 38 förstatligande
1173 1450 173 38 erbjuder,
1367 1452 93 31 bliva
1480 1454 251 37 tillvaratagna,
1751 1457 58 29 vill

302 1486 57 37 Jag
379 1488 135 29 ansluta
533 1488 69 36 mig
622 1489 50 29 till
692 1489 55 30 det
766 1499 43 20 av
829 1491 77 35 väg-
927 1491 66 30 och
1012 1493 463 38 vattenbyggnadsstyrelsen
1493 1497 195 37 framlagda
1706 1499 104 36 bygg-

302 1530 330 36 nadsprogrammet.
655 1532 63 36 Jag
739 1533 59 29 vill
818 1533 105 31 också
943 1534 136 31 biträda
1098 1537 182 35 styrelsens
1302 1537 138 38 förslag,
1462 1543 48 26 att
1532 1550 42 21 av
1594 1542 42 29 de
1656 1542 57 30 för
1727 1539 82 44 Ppro-

306 1577 185 31 grammets
526 1575 272 36 genomförande
833 1577 223 37 erforderliga
1090 1580 137 30 medlen
1262 1584 47 26 ett
1343 1584 230 35 sammanlagt
1607 1585 126 36 belopp
1768 1596 44 20 av

303 1617 19 29 53
336 1617 63 30 050
413 1618 63 30 000
496 1618 130 31 kronor
643 1619 137 31 anvisas
798 1619 21 31 å
840 1620 201 37 tilläggsstat
1061 1622 50 30 till
1132 1624 184 30 riksstaten
1337 1625 55 30 för
1412 1626 234 32 innevarande
1667 1625 142 44 budget-

297 1656 48 33 år.
362 1660 49 30 Av
425 1659 187 36 utgifterna
629 1661 53 30 för
698 1663 42 30 de
756 1660 216 33 återstående
988 1666 171 33 arbetena,
1178 1667 19 29 5
1211 1667 65 31 370
1288 1667 63 29 000
1365 1667 138 36 kronor,
1519 1679 103 27 synas
1636 1671 18 29 2
1667 1670 63 30 500
1744 1671 65 30 000

303 1703 128 30 kronor
461 1705 86 29 böra
577 1705 136 31 anvisas
744 1706 56 30 för
831 1708 100 30 nästa
963 1708 175 37 budgetår,
1172 1710 123 30 därvid
1328 1712 103 36 enligt
1463 1714 184 35 styrelsens
1679 1714 132 38 förslag

306 1747 93 29 1100
413 1748 63 29 000
494 1748 130 30 kronor
641 1749 84 30 böra
744 1759 98 21 avses
862 1750 56 30 för
936 1753 130 29 smärre
1084 1753 330 37 byggnadsarbeten,
1435 1756 251 37 tillbyggnader
1704 1768 44 21 m.
1763 1768 45 21 m.

302 1790 66 29 och
392 1791 92 30 1400
499 1792 63 29 000
586 1792 128 30 kronor
736 1793 56 29 för
814 1794 221 35 uppförande
1055 1806 42 20 av
1120 1797 57 29 nio
1200 1798 139 30 särskilt
1361 1799 149 35 angivna
1532 1802 277 36 garagebyggna-

303 1833 68 30 der.
392 1833 66 33 Om
475 1835 190 31 anvisande
684 1846 42 20 av
747 1836 229 33 förenämnda
996 1840 119 35 anslag
1134 1839 19 30 å
1175 1841 201 35 tilläggsstat
1396 1844 61 34 gör
1476 1843 58 36 jag
1553 1843 258 38 framställning

302 1886 127 21 senare.

346 1945 225 31 Beträffande
602 1947 373 37 investeringsbehovet
1008 1950 10 29 i
1052 1952 107 35 övrigt
1194 1952 104 30 anför
1332 1954 379 35 departementschefen
1745 1957 64 30 föl-

299 1992 113 47 jande.
1672 2018 4 2 :

342 2057 62 31 Det
426 2060 260 34 sammanlagda
710 2060 371 37 investeringsbehovet
1105 2063 54 30 för
1182 2064 318 37 tillgångsgruppen
1525 2067 284 30 maskincentral-

301 2098 118 31 förråd
445 2100 65 30 har
536 2102 165 35 styrelsen
729 2101 55 30 för
809 2103 99 30 nästa
935 2103 166 36 budgetår
1127 2106 169 30 beräknat
1323 2107 48 29 till
1403 2109 15 28 8
1433 2108 63 30 550
1510 2109 64 29 000
1600 2109 139 37 kronor,
1766 2120 43 20 av

301 2142 104 30 vilket
430 2143 126 37 belopp
583 2145 95 30 3550
693 2145 63 30 000
782 2145 130 31 kronor
937 2146 111 31 skulle
1070 2148 136 34 anvisas
1233 2150 111 29 under
1368 2151 154 36 anslaget
1546 2152 51 29 till
1623 2153 184 31 motorfor-

302 2185 69 30 don
390 2187 65 29 och
474 2186 205 37 återstoden,
703 2189 18 29 5
736 2188 64 30 000
814 2189 63 30 000
898 2189 138 36 kronor,
1059 2192 109 29 under
1188 2193 154 36 anslaget
1360 2193 50 30 till
1431 2195 243 35 vägmaskiner
1694 2206 45 21 m.
1762 2206 45 21 m.

302 2229 14 29 I
335 2229 216 32 sistnämnda
571 2231 123 36 belopp
716 2231 80 36 ingå
815 2233 64 30 300
893 2234 63 29 000
976 2233 130 31 kronor
1124 2235 50 30 till
1195 2236 176 30 maskiner
1390 2247 43 20 m.
1455 2247 44 20 m.
1520 2238 57 30 för
1595 2239 213 37 hamnbygg-

300 2272 262 32 nadsändamål.
588 2274 49 30 De
659 2276 241 36 beräkningar,
925 2286 74 20 som
1022 2277 88 37 ligga
1132 2279 50 29 till
1204 2281 112 34 grund
1337 2280 55 30 för
1414 2281 56 30 det
1493 2291 42 20 av
1559 2283 166 36 styrelsen
1748 2293 60 21 an-

299 2316 103 35 givna
421 2318 295 36 anslagsbehovet,
737 2328 103 27 synas
858 2320 32 36 ej
911 2320 85 31 böra
1014 2321 77 35 giva
1110 2323 186 35 anledning
1316 2323 50 30 till
1384 2324 147 30 erinran.
1552 2326 170 36 Anslagen
1741 2330 66 26 tor-

300 2360 42 29 de
363 2361 191 30 emellertid
577 2362 84 30 böra
685 2362 84 30 ökas
794 2363 79 30 med
896 2364 41 29 de
961 2364 124 36 belopp
1110 2375 74 20 som
1207 2366 174 31 erfordras
1408 2368 48 29 till
1481 2369 250 36 investeringar
1754 2370 55 30 för

300 2402 304 32 luftfartsfondens
629 2405 158 36 räkning.
812 2406 336 38 Luftfartsstyrelsen
1174 2410 65 29 har
1263 2410 55 30 för
1342 2410 197 31 ändamålet
1565 2412 168 31 beräknat
1757 2423 50 20 er-

300 2445 176 38 forderligt
500 2451 45 27 ett
567 2450 230 34 sammanlagt
819 2450 124 37 belopp
967 2460 42 20 av
1033 2452 93 29 1350
1139 2453 63 29 000
1225 2452 138 37 kronor,
1388 2463 73 21 som
1485 2454 152 31 fördelar
1658 2456 52 36 sig
1729 2456 79 30 med
