2226 2618
432 161 43 32 38
844 153 362 44 Bevillningsutskottets
1230 151 163 32 memorial
1417 150 53 32 Nr
1493 149 51 33 37.

388 240 72 37 och
502 238 148 49 luftiga,
692 237 97 35 hava
830 248 47 23 en
905 234 12 36 i
945 231 235 39 förhållande
1222 230 56 36 till
1309 226 190 39 rörelsens
1527 225 232 48 omfattning
1786 223 204 49 tillräcklig

391 291 140 38 storlek
558 295 97 31 samt
683 288 118 36 hållas
829 287 13 35 i
870 284 208 48 ordentligt
1105 282 117 37 skick.

1136 405 48 34 64
1213 402 31 50 &.

523 493 244 49 Försäljning
808 493 60 35 må
909 491 31 49 ej
985 490 67 37 ske
1086 487 245 39 annorstädes
1360 490 48 33 än
1434 486 14 35 i
1476 484 101 37 lokal
1603 485 91 36 eller
1722 486 20 34 å
1769 482 112 49 plats,
1910 492 81 25 som

393 547 110 38 blivit
530 546 59 37 för
616 544 296 49 försäljningens
941 541 230 37 bedrivande
1200 538 177 50 godkänd
1396 537 63 36 vid
1479 536 230 49 besiktning,
1728 533 127 38 vilken
1874 532 119 36 hålles

394 601 13 35 i
433 598 86 38 stad
548 611 46 24 av
621 595 213 39 stadsfiskal
865 595 72 36 och
963 596 49 47 på
1039 592 128 37 landet
1195 604 46 24 av
1267 589 269 49 kronobetjänt
1559 587 119 49 jämte
1711 589 64 34 två
1801 596 192 39 personer,

394 650 160 38 utsedda
595 662 46 24 en
683 661 47 23 av
770 643 413 53 nykterhetsnämnden
1211 643 12 36 i
1250 642 231 37 kommunen
1517 644 102 32 samt
1660 651 46 24 en
1734 639 12 35 i
1775 635 218 38 Stockholm

397 716 46 24 av
472 698 468 47 överståthållarämbetet,
974 697 6 36 i
1008 709 126 24 annan
1162 694 83 37 stad
1274 707 45 23 av
1346 692 251 49 magistraten
1625 690 72 36 och
1724 692 49 47 på
1799 687 128 38 landet
1948 699 48 23 av

395 750 422 41 kommunalnämnden.
873 748 410 47 Besiktningsmännen
1322 745 120 46 skola,
1485 743 125 36 därest
1639 738 357 51 försäljningsställe

397 805 239 50 godkännes,
665 816 59 23 om
754 800 269 48 besiktningen
1050 797 151 38 utfärda
1229 797 117 47 bevis,
1367 795 119 37 vilket
1504 793 97 38 skall
1619 792 189 37 innehålla
1826 789 170 38 beskriv-

397 858 96 47 ning
521 859 21 33 å
569 856 73 36 den
671 852 238 50 besiktigade
936 850 240 50 lägenheten.

529 907 121 37 Innan
691 905 106 37 bevis
839 917 60 23 om
928 902 268 47 besiktningen
1224 899 197 46 utfärdats,
1450 900 62 34 må
1539 895 227 49 försäljning
1793 894 32 49 ej
1856 893 140 49 börjas.

529 959 84 37 Vad
640 958 12 36 i
681 957 122 37 denna
829 955 21 49 8
877 959 42 32 är
959 953 152 50 stadgat
1151 952 120 49 gäller
1307 950 158 50 jämväl,
1507 948 48 37 då
1594 961 53 36 ny
1684 946 184 49 rättighet
1895 944 103 37 med-

399 1012 104 37 delas
531 1016 55 32 att
613 1014 133 33 utövas
774 1007 12 37 i
805 1007 192 49 lägenhet,
1022 1018 81 24 som
1123 1005 101 36 förut
1244 1003 95 36 varit
1360 1001 148 37 använd
1529 1013 80 24 som
1628 995 370 52 försäljningsställe.

530 1060 172 39 Kostnad
744 1060 58 36 för
840 1058 224 48 besiktning
1104 1056 132 49 gäldas
1269 1069 46 22 av
1349 1052 359 38 tillståndshavaren
1736 1049 84 37 med
1848 1048 151 49 belopp,

401 1128 83 24 som
512 1115 227 37 bestämmes
766 1124 47 23 av
841 1110 237 47 Konungens
1106 1104 417 51 befallningshavande.

1147 1195 47 35 65
1223 1193 32 49 $.

536 1270 32 34 1.
624 1266 71 38 Om
732 1265 169 38 tillstånd
930 1264 210 37 meddelats
1167 1263 57 36 till
1252 1260 230 49 försäljning
1510 1261 20 33 å
1557 1257 157 49 angivet
1741 1252 262 50 försäljnings-

403 1320 122 47 ställe,
567 1322 60 33 må
668 1318 154 49 ombyte
860 1330 46 23 av
934 1317 134 36 sådant
1095 1314 33 49 ej
1160 1314 78 44 ske,
1266 1312 84 37 med
1380 1310 146 38 mindre
1553 1309 74 36 den
1655 1305 238 51 myndighet,
1922 1316 80 24 som

405 1371 188 38 meddelat
632 1369 221 47 tillståndet,
896 1367 124 37 därtill
1052 1366 108 50 giver
1187 1366 65 36 sitt
1278 1363 120 45 bifall;
1430 1360 180 38 skolande
1638 1357 264 38 dessförinnan
1930 1354 73 38 till-

403 1423 90 37 fälle
535 1428 54 31 att
628 1427 101 44 yttra
769 1421 61 48 sig
857 1420 12 36 i
897 1418 156 38 ärendet
1092 1418 145 36 lämnas
1278 1428 145 24 samma
1464 1411 277 52 myndigheter,
1782 1421 80 23 som
1896 1406 110 37 blivit

406 1475 119 36 hörda
553 1479 89 31 över
670 1472 265 48 ansökningen
963 1484 61 23 om
1052 1467 288 51 ifrågavarande
1368 1461 445 53 försäljningsrättighet.

538 1528 33 34 2.
627 1524 71 38 Om
739 1524 123 36 beslut
902 1523 122 48 enligt
1063 1524 17 34 1
1115 1531 114 26 mom.
1271 1517 170 38 meddele
1482 1516 236 47 Konungens
1758 1511 248 47 befallnings-

406 1578 174 37 havande
621 1575 271 38 underrättelse
931 1574 57 36 till
1028 1573 97 47 dem,
1155 1584 78 25 som
1264 1571 119 48 enligt
1412 1570 48 35 28
1488 1567 21 49 $
1539 1569 21 35 2
1588 1578 114 24 mom.
1732 1563 105 37 skola
1865 1561 141 37 erhålla

407 1628 251 38 meddelande
686 1641 62 23 om
776 1627 157 49 beviljat
961 1624 180 38 tillstånd.

541 1683 33 34 3.
631 1679 94 38 Sker
752 1678 154 50 ombyte
935 1691 47 23 av
1010 1673 371 51 försäljningsställe,
1411 1685 82 23 som
1520 1671 12 36 i
1560 1672 48 34 24
1637 1668 20 50 $
1679 1681 107 23 avses
1808 1666 96 37 skall
1923 1665 85 37 där-

410 1746 61 23 om
500 1732 175 37 anmälan
703 1730 66 37 ske
798 1730 70 36 och
887 1728 274 37 underrättelse
1182 1725 192 38 meddelas
1394 1724 12 36 i
1426 1721 170 50 enlighet
1615 1720 85 36 med
1719 1718 73 37 vad
1812 1719 12 35 i
1843 1716 166 38 nämnda

410 1784 21 50 &
460 1784 71 37 och
561 1785 47 35 28
636 1783 21 49 $
687 1784 21 34 3
738 1795 112 23 mom.
880 1780 166 49 stadgas.

1156 1866 47 35 66
1233 1863 31 50 $3.

544 1941 32 33 1.
632 1939 107 35 Inom
780 1937 89 36 eller
911 1934 231 38 omedelbart
1180 1932 103 37 invid
1312 1928 303 47 kasernområde,
1644 1927 107 48 läger
1778 1925 89 37 eller
1895 1929 116 31 annat

412 1990 165 47 område,
620 2002 81 25 som
743 1987 109 37 blivit
879 1987 60 37 för
966 1986 284 49 krigsmaktens
1274 1983 124 37 behov
1427 1981 183 50 upplåtet,
1639 1990 89 24 vare
1756 1971 256 59 detaljhandel

414 2042 85 37 med
529 2040 298 48 alkoholhaltiga
855 2038 162 50 drycker
1045 2036 210 50 förbjuden.

544 2096 34 33 2.
633 2092 73 37 Vid
735 2090 193 49 offentligt
956 2089 195 49 skådespel
1179 2088 89 36 eller
1295 2086 174 45 varieté-,
1498 2083 141 37 cirkus-
1657 2081 90 37 eller
1766 2093 124 23 annan
1909 2078 104 50 dylik

416 2145 268 48 föreställning
710 2144 100 44 eller,
839 2142 86 37 med
953 2140 196 49 undantag
1177 2153 46 23 av
1251 2139 166 46 konsert,
1446 2135 64 38 vid
1537 2134 127 37 vilken
1691 2130 239 39 uteslutande
1957 2136 57 30 ut-

416 2197 100 36 föres
555 2193 402 47 instrumentalmusik,
999 2193 104 49 varje
1144 2204 124 24 annan
1311 2187 275 48 föreställning,
1619 2184 58 37 till
1704 2183 127 37 vilken
1859 2182 155 37 allmän-

415 2249 113 36 heten
569 2249 68 35 har
678 2246 177 46 tillträde,
890 2245 91 37 eller
1007 2245 64 36 vid
1100 2243 174 47 offentlig
1301 2237 338 48 danstillställning
1667 2238 60 34 må
1754 2234 262 48 utskänkning
