<?xml version="1.0" encoding="UTF-8"?>
<alto xmlns="http://www.loc.gov/standards/alto/ns-v3#" xmlns:xlink="http://www.w3.org/1999/xlink" xmlns:xsi="http://www.w3.org/2001/XMLSchema-instance" xsi:schemaLocation="http://www.loc.gov/standards/alto/ns-v3# http://www.loc.gov/alto/v3/alto-3-0.xsd">
	<Description>
		<MeasurementUnit>pixel</MeasurementUnit>
		<sourceImageInformation>
			<fileName>/tmp/tess__2te74xf_input.PNG</fileName>
		</sourceImageInformation>
		<OCRProcessing ID="OCR_0">
			<ocrProcessingStep>
				<processingSoftware>
					<softwareName>tesseract 5.3.0</softwareName>
				</processingSoftware>
			</ocrProcessingStep>
		</OCRProcessing>
	</Description>
	<Layout>
		<Page WIDTH="1868" HEIGHT="2772" PHYSICAL_IMG_NR="0" ID="page_0">
			<PrintSpace HPOS="0" VPOS="0" WIDTH="1868" HEIGHT="2772">
				<ComposedBlock ID="cblock_0" HPOS="477" VPOS="139" WIDTH="1161" HEIGHT="33">
					<TextBlock ID="block_0" HPOS="477" VPOS="139" WIDTH="1161" HEIGHT="33">
						<TextLine ID="line_0" HPOS="477" VPOS="139" WIDTH="1161" HEIGHT="33">
							<String ID="string_0" HPOS="477" VPOS="140" WIDTH="387" HEIGHT="30" WC="0.91" CONTENT="Jordbruksutskottets"/><SP WIDTH="18" VPOS="140" HPOS="864"/>
							<String ID="string_1" HPOS="882" VPOS="140" WIDTH="179" HEIGHT="30" WC="0.96" CONTENT="utlåtande"/><SP WIDTH="16" VPOS="140" HPOS="1061"/>
							<String ID="string_2" HPOS="1077" VPOS="149" WIDTH="42" HEIGHT="20" WC="0.95" CONTENT="nr"/><SP WIDTH="18" VPOS="149" HPOS="1119"/>
							<String ID="string_3" HPOS="1137" VPOS="140" WIDTH="15" HEIGHT="29" WC="0.94" CONTENT="1"/><SP WIDTH="19" VPOS="140" HPOS="1152"/>
							<String ID="string_4" HPOS="1171" VPOS="140" WIDTH="39" HEIGHT="29" WC="0.96" CONTENT="år"/><SP WIDTH="17" VPOS="140" HPOS="1210"/>
							<String ID="string_5" HPOS="1227" VPOS="140" WIDTH="83" HEIGHT="29" WC="0.96" CONTENT="1964"/><SP WIDTH="286" VPOS="140" HPOS="1310"/>
							<String ID="string_6" HPOS="1596" VPOS="139" WIDTH="42" HEIGHT="33" WC="0.96" CONTENT="29"/>
						</TextLine>
					</TextBlock>
				</ComposedBlock>
				<ComposedBlock ID="cblock_1" HPOS="153" VPOS="217" WIDTH="1484" HEIGHT="95">
					<TextBlock ID="block_1" HPOS="153" VPOS="217" WIDTH="1484" HEIGHT="95">
						<TextLine ID="line_1" HPOS="154" VPOS="217" WIDTH="1483" HEIGHT="41">
							<String ID="string_7" HPOS="154" VPOS="219" WIDTH="143" HEIGHT="29" WC="0.96" CONTENT="innebär"/><SP WIDTH="23" VPOS="219" HPOS="297"/>
							<String ID="string_8" HPOS="320" VPOS="222" WIDTH="49" HEIGHT="27" WC="0.96" CONTENT="att"/><SP WIDTH="26" VPOS="222" HPOS="369"/>
							<String ID="string_9" HPOS="395" VPOS="219" WIDTH="83" HEIGHT="29" WC="0.96" CONTENT="1960"/><SP WIDTH="22" VPOS="219" HPOS="478"/>
							<String ID="string_10" HPOS="500" VPOS="220" WIDTH="56" HEIGHT="29" WC="0.93" CONTENT="års"/><SP WIDTH="21" VPOS="220" HPOS="556"/>
							<String ID="string_11" HPOS="577" VPOS="219" WIDTH="382" HEIGHT="39" WC="0.91" CONTENT="jordbruksutredning"/><SP WIDTH="21" VPOS="219" HPOS="959"/>
							<String ID="string_12" HPOS="980" VPOS="219" WIDTH="11" HEIGHT="30" WC="0.96" CONTENT="i"/><SP WIDTH="23" VPOS="219" HPOS="991"/>
							<String ID="string_13" HPOS="1014" VPOS="219" WIDTH="62" HEIGHT="29" WC="0.96" CONTENT="allt"/><SP WIDTH="21" VPOS="219" HPOS="1076"/>
							<String ID="string_14" HPOS="1097" VPOS="218" WIDTH="184" HEIGHT="38" WC="0.96" CONTENT="väsentligt"/><SP WIDTH="22" VPOS="218" HPOS="1281"/>
							<String ID="string_15" HPOS="1303" VPOS="218" WIDTH="158" HEIGHT="29" WC="0.96" CONTENT="kommer"/><SP WIDTH="24" VPOS="218" HPOS="1461"/>
							<String ID="string_16" HPOS="1485" VPOS="219" WIDTH="50" HEIGHT="28" WC="0.96" CONTENT="att"/><SP WIDTH="23" VPOS="219" HPOS="1535"/>
							<String ID="string_17" HPOS="1558" VPOS="217" WIDTH="79" HEIGHT="40" WC="0.96" CONTENT="ingå"/>
						</TextLine>
						<TextLine ID="line_2" HPOS="153" VPOS="271" WIDTH="1233" HEIGHT="41">
							<String ID="string_18" HPOS="153" VPOS="273" WIDTH="44" HEIGHT="38" WC="0.96" CONTENT="på"/><SP WIDTH="20" VPOS="273" HPOS="197"/>
							<String ID="string_19" HPOS="217" VPOS="273" WIDTH="66" HEIGHT="29" WC="0.96" CONTENT="den"/><SP WIDTH="20" VPOS="273" HPOS="283"/>
							<String ID="string_20" HPOS="303" VPOS="273" WIDTH="242" HEIGHT="38" WC="0.96" CONTENT="problematik,"/><SP WIDTH="21" VPOS="273" HPOS="545"/>
							<String ID="string_21" HPOS="566" VPOS="281" WIDTH="74" HEIGHT="21" WC="0.96" CONTENT="som"/><SP WIDTH="20" VPOS="281" HPOS="640"/>
							<String ID="string_22" HPOS="660" VPOS="272" WIDTH="132" HEIGHT="40" WC="0.96" CONTENT="dragits"/><SP WIDTH="21" VPOS="272" HPOS="792"/>
							<String ID="string_23" HPOS="813" VPOS="281" WIDTH="71" HEIGHT="30" WC="0.96" CONTENT="upp"/><SP WIDTH="19" VPOS="281" HPOS="884"/>
							<String ID="string_24" HPOS="903" VPOS="272" WIDTH="11" HEIGHT="30" WC="0.93" CONTENT="i"/><SP WIDTH="20" VPOS="272" HPOS="914"/>
							<String ID="string_25" HPOS="934" VPOS="271" WIDTH="253" HEIGHT="30" WC="0.92" CONTENT="förutnämnda"/><SP WIDTH="18" VPOS="271" HPOS="1187"/>
							<String ID="string_26" HPOS="1205" VPOS="271" WIDTH="181" HEIGHT="30" WC="0.96" CONTENT="motioner."/>
						</TextLine>
					</TextBlock>
				</ComposedBlock>
				<ComposedBlock ID="cblock_2" HPOS="152" VPOS="377" WIDTH="1486" HEIGHT="148">
					<TextBlock ID="block_2" HPOS="152" VPOS="377" WIDTH="1486" HEIGHT="148">
						<TextLine ID="line_3" HPOS="197" VPOS="377" WIDTH="1441" HEIGHT="41">
							<String ID="string_27" HPOS="197" VPOS="379" WIDTH="374" HEIGHT="39" WC="0.91" CONTENT="Lantbruksstyrelsen"/><SP WIDTH="28" VPOS="379" HPOS="571"/>
							<String ID="string_28" HPOS="599" VPOS="388" WIDTH="101" HEIGHT="21" WC="0.96" CONTENT="anser"/><SP WIDTH="27" VPOS="388" HPOS="700"/>
							<String ID="string_29" HPOS="727" VPOS="379" WIDTH="57" HEIGHT="30" WC="0.96" CONTENT="det"/><SP WIDTH="27" VPOS="379" HPOS="784"/>
							<String ID="string_30" HPOS="811" VPOS="379" WIDTH="74" HEIGHT="30" WC="0.96" CONTENT="icke"/><SP WIDTH="27" VPOS="379" HPOS="885"/>
							<String ID="string_31" HPOS="912" VPOS="379" WIDTH="120" HEIGHT="29" WC="0.96" CONTENT="finnas"/><SP WIDTH="26" VPOS="379" HPOS="1032"/>
							<String ID="string_32" HPOS="1058" VPOS="378" WIDTH="189" HEIGHT="39" WC="0.96" CONTENT="anledning"/><SP WIDTH="25" VPOS="378" HPOS="1247"/>
							<String ID="string_33" HPOS="1272" VPOS="379" WIDTH="50" HEIGHT="29" WC="0.96" CONTENT="att"/><SP WIDTH="26" VPOS="379" HPOS="1322"/>
							<String ID="string_34" HPOS="1348" VPOS="386" WIDTH="49" HEIGHT="21" WC="0.96" CONTENT="nu"/><SP WIDTH="27" VPOS="386" HPOS="1397"/>
							<String ID="string_35" HPOS="1424" VPOS="377" WIDTH="146" HEIGHT="30" WC="0.96" CONTENT="tillsätta"/><SP WIDTH="26" VPOS="377" HPOS="1570"/>
							<String ID="string_36" HPOS="1596" VPOS="387" WIDTH="42" HEIGHT="21" WC="0.96" CONTENT="en"/>
						</TextLine>
						<TextLine ID="line_4" HPOS="154" VPOS="431" WIDTH="1484" HEIGHT="41">
							<String ID="string_37" HPOS="154" VPOS="433" WIDTH="151" HEIGHT="29" WC="0.96" CONTENT="särskild"/><SP WIDTH="18" VPOS="433" HPOS="305"/>
							<String ID="string_38" HPOS="323" VPOS="433" WIDTH="188" HEIGHT="39" WC="0.96" CONTENT="utredning"/><SP WIDTH="17" VPOS="433" HPOS="511"/>
							<String ID="string_39" HPOS="528" VPOS="432" WIDTH="177" HEIGHT="40" WC="0.96" CONTENT="angående"/><SP WIDTH="19" VPOS="432" HPOS="705"/>
							<String ID="string_40" HPOS="724" VPOS="433" WIDTH="57" HEIGHT="30" WC="0.96" CONTENT="det"/><SP WIDTH="18" VPOS="433" HPOS="781"/>
							<String ID="string_41" HPOS="799" VPOS="432" WIDTH="150" HEIGHT="30" WC="0.93" CONTENT="svenska"/><SP WIDTH="17" VPOS="432" HPOS="949"/>
							<String ID="string_42" HPOS="966" VPOS="431" WIDTH="303" HEIGHT="41" WC="0.92" CONTENT="småjordbrukets"/><SP WIDTH="18" VPOS="431" HPOS="1269"/>
							<String ID="string_43" HPOS="1287" VPOS="431" WIDTH="168" HEIGHT="30" WC="0.95" CONTENT="framtida"/><SP WIDTH="18" VPOS="431" HPOS="1455"/>
							<String ID="string_44" HPOS="1473" VPOS="431" WIDTH="165" HEIGHT="39" WC="0.96" CONTENT="ställning"/>
						</TextLine>
						<TextLine ID="line_5" HPOS="152" VPOS="485" WIDTH="1189" HEIGHT="40">
							<String ID="string_45" HPOS="152" VPOS="486" WIDTH="66" HEIGHT="28" WC="0.93" CONTENT="och"/><SP WIDTH="24" VPOS="486" HPOS="218"/>
							<String ID="string_46" HPOS="242" VPOS="486" WIDTH="335" HEIGHT="39" WC="0.90" CONTENT="utvecklingsvägar."/><SP WIDTH="26" VPOS="486" HPOS="577"/>
							<String ID="string_47" HPOS="603" VPOS="486" WIDTH="175" HEIGHT="39" WC="0.96" CONTENT="Styrelsen"/><SP WIDTH="25" VPOS="486" HPOS="778"/>
							<String ID="string_48" HPOS="803" VPOS="486" WIDTH="101" HEIGHT="29" WC="0.95" CONTENT="anför"/><SP WIDTH="24" VPOS="486" HPOS="904"/>
							<String ID="string_49" HPOS="928" VPOS="486" WIDTH="11" HEIGHT="29" WC="0.96" CONTENT="i"/><SP WIDTH="24" VPOS="486" HPOS="939"/>
							<String ID="string_50" HPOS="963" VPOS="485" WIDTH="187" HEIGHT="30" WC="0.96" CONTENT="huvudsak"/><SP WIDTH="25" VPOS="485" HPOS="1150"/>
							<String ID="string_51" HPOS="1175" VPOS="485" WIDTH="166" HEIGHT="39" WC="0.96" CONTENT="följande."/>
						</TextLine>
					</TextBlock>
				</ComposedBlock>
				<ComposedBlock ID="cblock_3" HPOS="153" VPOS="547" WIDTH="1490" HEIGHT="1813">
					<TextBlock ID="block_3" HPOS="153" VPOS="547" WIDTH="1487" HEIGHT="486">
						<TextLine ID="line_6" HPOS="198" VPOS="547" WIDTH="1441" HEIGHT="41">
							<String ID="string_52" HPOS="198" VPOS="549" WIDTH="48" HEIGHT="29" WC="0.92" CONTENT="De"/><SP WIDTH="24" VPOS="549" HPOS="246"/>
							<String ID="string_53" HPOS="270" VPOS="548" WIDTH="360" HEIGHT="40" WC="0.92" CONTENT="jordbrukspolitiska"/><SP WIDTH="25" VPOS="548" HPOS="630"/>
							<String ID="string_54" HPOS="655" VPOS="547" WIDTH="217" HEIGHT="41" WC="0.92" CONTENT="spörsmålen"/><SP WIDTH="24" VPOS="547" HPOS="872"/>
							<String ID="string_55" HPOS="896" VPOS="547" WIDTH="149" HEIGHT="31" WC="0.96" CONTENT="rörande"/><SP WIDTH="25" VPOS="547" HPOS="1045"/>
							<String ID="string_56" HPOS="1070" VPOS="548" WIDTH="41" HEIGHT="30" WC="0.96" CONTENT="de"/><SP WIDTH="25" VPOS="548" HPOS="1111"/>
							<String ID="string_57" HPOS="1136" VPOS="547" WIDTH="136" HEIGHT="30" WC="0.96" CONTENT="mindre"/><SP WIDTH="24" VPOS="547" HPOS="1272"/>
							<String ID="string_58" HPOS="1296" VPOS="547" WIDTH="218" HEIGHT="40" WC="0.95" CONTENT="jordbruken"/><SP WIDTH="25" VPOS="547" HPOS="1514"/>
							<String ID="string_59" HPOS="1539" VPOS="547" WIDTH="100" HEIGHT="30" WC="0.96" CONTENT="faller"/>
						</TextLine>
						<TextLine ID="line_7" HPOS="155" VPOS="592" WIDTH="1481" HEIGHT="40">
							<String ID="string_60" HPOS="155" VPOS="593" WIDTH="143" HEIGHT="39" WC="0.96" CONTENT="givetvis"/><SP WIDTH="16" VPOS="593" HPOS="298"/>
							<String ID="string_61" HPOS="314" VPOS="594" WIDTH="94" HEIGHT="29" WC="0.96" CONTENT="inom"/><SP WIDTH="17" VPOS="594" HPOS="408"/>
							<String ID="string_62" HPOS="425" VPOS="602" WIDTH="120" HEIGHT="21" WC="0.96" CONTENT="ramen"/><SP WIDTH="17" VPOS="602" HPOS="545"/>
							<String ID="string_63" HPOS="562" VPOS="593" WIDTH="54" HEIGHT="29" WC="0.96" CONTENT="för"/><SP WIDTH="18" VPOS="593" HPOS="616"/>
							<String ID="string_64" HPOS="634" VPOS="593" WIDTH="83" HEIGHT="30" WC="0.96" CONTENT="1960"/><SP WIDTH="16" VPOS="593" HPOS="717"/>
							<String ID="string_65" HPOS="733" VPOS="593" WIDTH="58" HEIGHT="30" WC="0.93" CONTENT="års"/><SP WIDTH="15" VPOS="593" HPOS="791"/>
							<String ID="string_66" HPOS="806" VPOS="592" WIDTH="400" HEIGHT="40" WC="0.91" CONTENT="jordbruksutrednings"/><SP WIDTH="19" VPOS="592" HPOS="1206"/>
							<String ID="string_67" HPOS="1225" VPOS="592" WIDTH="167" HEIGHT="39" WC="0.96" CONTENT="uppdrag."/><SP WIDTH="18" VPOS="592" HPOS="1392"/>
							<String ID="string_68" HPOS="1410" VPOS="592" WIDTH="103" HEIGHT="30" WC="0.96" CONTENT="Detta"/><SP WIDTH="18" VPOS="592" HPOS="1513"/>
							<String ID="string_69" HPOS="1531" VPOS="592" WIDTH="105" HEIGHT="39" WC="0.96" CONTENT="gäller"/>
						</TextLine>
						<TextLine ID="line_8" HPOS="155" VPOS="636" WIDTH="1484" HEIGHT="40">
							<String ID="string_70" HPOS="155" VPOS="637" WIDTH="43" HEIGHT="31" WC="0.93" CONTENT="bl."/><SP WIDTH="19" VPOS="637" HPOS="198"/>
							<String ID="string_71" HPOS="217" VPOS="648" WIDTH="28" HEIGHT="19" WC="0.95" CONTENT="a."/><SP WIDTH="20" VPOS="648" HPOS="245"/>
							<String ID="string_72" HPOS="265" VPOS="638" WIDTH="65" HEIGHT="29" WC="0.96" CONTENT="den"/><SP WIDTH="20" VPOS="638" HPOS="330"/>
							<String ID="string_73" HPOS="350" VPOS="647" WIDTH="41" HEIGHT="21" WC="0.96" CONTENT="av"/><SP WIDTH="17" VPOS="647" HPOS="391"/>
							<String ID="string_74" HPOS="408" VPOS="638" WIDTH="261" HEIGHT="29" WC="0.96" CONTENT="motionärerna"/><SP WIDTH="18" VPOS="638" HPOS="669"/>
							<String ID="string_75" HPOS="687" VPOS="637" WIDTH="214" HEIGHT="30" WC="0.96" CONTENT="omnämnda"/><SP WIDTH="19" VPOS="637" HPOS="901"/>
							<String ID="string_76" HPOS="920" VPOS="637" WIDTH="124" HEIGHT="39" WC="0.96" CONTENT="frågan"/><SP WIDTH="19" VPOS="637" HPOS="1044"/>
							<String ID="string_77" HPOS="1063" VPOS="646" WIDTH="56" HEIGHT="20" WC="0.96" CONTENT="om"/><SP WIDTH="18" VPOS="646" HPOS="1119"/>
							<String ID="string_78" HPOS="1137" VPOS="636" WIDTH="111" HEIGHT="30" WC="0.95" CONTENT="behov"/><SP WIDTH="17" VPOS="636" HPOS="1248"/>
							<String ID="string_79" HPOS="1265" VPOS="646" WIDTH="41" HEIGHT="20" WC="0.95" CONTENT="av"/><SP WIDTH="19" VPOS="646" HPOS="1306"/>
							<String ID="string_80" HPOS="1325" VPOS="636" WIDTH="168" HEIGHT="30" WC="0.93" CONTENT="framtida"/><SP WIDTH="17" VPOS="636" HPOS="1493"/>
							<String ID="string_81" HPOS="1510" VPOS="636" WIDTH="129" HEIGHT="30" WC="0.93" CONTENT="arbets-"/>
						</TextLine>
						<TextLine ID="line_9" HPOS="154" VPOS="680" WIDTH="1485" HEIGHT="40">
							<String ID="string_82" HPOS="154" VPOS="681" WIDTH="150" HEIGHT="31" WC="0.96" CONTENT="insatser"/><SP WIDTH="23" VPOS="681" HPOS="304"/>
							<String ID="string_83" HPOS="327" VPOS="691" WIDTH="43" HEIGHT="22" WC="0.93" CONTENT="av"/><SP WIDTH="22" VPOS="691" HPOS="370"/>
							<String ID="string_84" HPOS="392" VPOS="681" WIDTH="258" HEIGHT="31" WC="0.91" CONTENT="småbrukarna"/><SP WIDTH="25" VPOS="681" HPOS="650"/>
							<String ID="string_85" HPOS="675" VPOS="681" WIDTH="55" HEIGHT="30" WC="0.96" CONTENT="för"/><SP WIDTH="25" VPOS="681" HPOS="730"/>
							<String ID="string_86" HPOS="755" VPOS="684" WIDTH="49" HEIGHT="27" WC="0.96" CONTENT="att"/><SP WIDTH="24" VPOS="684" HPOS="804"/>
							<String ID="string_87" HPOS="828" VPOS="681" WIDTH="83" HEIGHT="30" WC="0.93" CONTENT="våra"/><SP WIDTH="24" VPOS="681" HPOS="911"/>
							<String ID="string_88" HPOS="935" VPOS="680" WIDTH="292" HEIGHT="40" WC="0.91" CONTENT="skogstillgångar"/><SP WIDTH="25" VPOS="680" HPOS="1227"/>
							<String ID="string_89" HPOS="1252" VPOS="680" WIDTH="88" HEIGHT="30" WC="0.95" CONTENT="skall"/><SP WIDTH="26" VPOS="680" HPOS="1340"/>
							<String ID="string_90" HPOS="1366" VPOS="680" WIDTH="122" HEIGHT="30" WC="0.93" CONTENT="kunna"/><SP WIDTH="25" VPOS="680" HPOS="1488"/>
							<String ID="string_91" HPOS="1513" VPOS="680" WIDTH="126" HEIGHT="30" WC="0.92" CONTENT="ekono-"/>
						</TextLine>
						<TextLine ID="line_10" HPOS="154" VPOS="725" WIDTH="1485" HEIGHT="42">
							<String ID="string_92" HPOS="154" VPOS="726" WIDTH="107" HEIGHT="31" WC="0.92" CONTENT="miskt"/><SP WIDTH="18" VPOS="726" HPOS="261"/>
							<String ID="string_93" HPOS="279" VPOS="728" WIDTH="185" HEIGHT="39" WC="0.95" CONTENT="utnyttjas."/><SP WIDTH="20" VPOS="728" HPOS="464"/>
							<String ID="string_94" HPOS="484" VPOS="728" WIDTH="63" HEIGHT="28" WC="0.96" CONTENT="Det"/><SP WIDTH="20" VPOS="728" HPOS="547"/>
							<String ID="string_95" HPOS="567" VPOS="727" WIDTH="56" HEIGHT="30" WC="0.95" CONTENT="må"/><SP WIDTH="18" VPOS="727" HPOS="623"/>
							<String ID="string_96" HPOS="641" VPOS="727" WIDTH="64" HEIGHT="29" WC="0.96" CONTENT="här"/><SP WIDTH="19" VPOS="727" HPOS="705"/>
							<String ID="string_97" HPOS="724" VPOS="726" WIDTH="148" HEIGHT="29" WC="0.95" CONTENT="nämnas"/><SP WIDTH="18" VPOS="726" HPOS="872"/>
							<String ID="string_98" HPOS="890" VPOS="728" WIDTH="51" HEIGHT="29" WC="0.96" CONTENT="att"/><SP WIDTH="17" VPOS="728" HPOS="941"/>
							<String ID="string_99" HPOS="958" VPOS="726" WIDTH="311" HEIGHT="29" WC="0.96" CONTENT="bestämmelserna"/><SP WIDTH="18" VPOS="726" HPOS="1269"/>
							<String ID="string_100" HPOS="1287" VPOS="725" WIDTH="53" HEIGHT="30" WC="0.96" CONTENT="för"/><SP WIDTH="20" VPOS="725" HPOS="1340"/>
							<String ID="string_101" HPOS="1360" VPOS="725" WIDTH="132" HEIGHT="39" WC="0.93" CONTENT="statligt"/><SP WIDTH="19" VPOS="725" HPOS="1492"/>
							<String ID="string_102" HPOS="1511" VPOS="725" WIDTH="128" HEIGHT="30" WC="0.92" CONTENT="kredit-"/>
						</TextLine>
						<TextLine ID="line_11" HPOS="154" VPOS="769" WIDTH="1485" HEIGHT="41">
							<String ID="string_103" HPOS="154" VPOS="771" WIDTH="88" HEIGHT="37" WC="0.95" CONTENT="stöd,"/><SP WIDTH="21" VPOS="771" HPOS="242"/>
							<String ID="string_104" HPOS="263" VPOS="770" WIDTH="95" HEIGHT="32" WC="0.96" CONTENT="vilka"/><SP WIDTH="21" VPOS="770" HPOS="358"/>
							<String ID="string_105" HPOS="379" VPOS="774" WIDTH="117" HEIGHT="27" WC="0.96" CONTENT="senast"/><SP WIDTH="22" VPOS="774" HPOS="496"/>
							<String ID="string_106" HPOS="518" VPOS="771" WIDTH="57" HEIGHT="30" WC="0.96" CONTENT="vid"/><SP WIDTH="24" VPOS="771" HPOS="575"/>
							<String ID="string_107" HPOS="599" VPOS="770" WIDTH="83" HEIGHT="31" WC="0.96" CONTENT="1963"/><SP WIDTH="22" VPOS="770" HPOS="682"/>
							<String ID="string_108" HPOS="704" VPOS="770" WIDTH="56" HEIGHT="30" WC="0.96" CONTENT="års"/><SP WIDTH="22" VPOS="770" HPOS="760"/>
							<String ID="string_109" HPOS="782" VPOS="770" WIDTH="143" HEIGHT="40" WC="0.96" CONTENT="riksdag"/><SP WIDTH="22" VPOS="770" HPOS="925"/>
							<String ID="string_110" HPOS="947" VPOS="772" WIDTH="184" HEIGHT="37" WC="0.96" CONTENT="anpassats"/><SP WIDTH="23" VPOS="772" HPOS="1131"/>
							<String ID="string_111" HPOS="1154" VPOS="769" WIDTH="54" HEIGHT="30" WC="0.96" CONTENT="för"/><SP WIDTH="23" VPOS="769" HPOS="1208"/>
							<String ID="string_112" HPOS="1231" VPOS="771" WIDTH="50" HEIGHT="29" WC="0.96" CONTENT="att"/><SP WIDTH="21" VPOS="771" HPOS="1281"/>
							<String ID="string_113" HPOS="1302" VPOS="769" WIDTH="48" HEIGHT="31" WC="0.96" CONTENT="bli"/><SP WIDTH="21" VPOS="769" HPOS="1350"/>
							<String ID="string_114" HPOS="1371" VPOS="769" WIDTH="196" HEIGHT="40" WC="0.92" CONTENT="tidsenliga,"/><SP WIDTH="22" VPOS="769" HPOS="1567"/>
							<String ID="string_115" HPOS="1589" VPOS="769" WIDTH="50" HEIGHT="30" WC="0.92" CONTENT="in-"/>
						</TextLine>
						<TextLine ID="line_12" HPOS="153" VPOS="814" WIDTH="1487" HEIGHT="39">
							<String ID="string_116" HPOS="153" VPOS="815" WIDTH="107" HEIGHT="30" WC="0.92" CONTENT="nebär"/><SP WIDTH="24" VPOS="815" HPOS="260"/>
							<String ID="string_117" HPOS="284" VPOS="816" WIDTH="49" HEIGHT="30" WC="0.95" CONTENT="att"/><SP WIDTH="23" VPOS="816" HPOS="333"/>
							<String ID="string_118" HPOS="356" VPOS="815" WIDTH="224" HEIGHT="30" WC="0.96" CONTENT="ekonomiskt"/><SP WIDTH="24" VPOS="815" HPOS="580"/>
							<String ID="string_119" HPOS="604" VPOS="816" WIDTH="77" HEIGHT="30" WC="0.93" CONTENT="stöd"/><SP WIDTH="22" VPOS="816" HPOS="681"/>
							<String ID="string_120" HPOS="703" VPOS="834" WIDTH="44" HEIGHT="3" WC="0.92" CONTENT="—"/><SP WIDTH="23" VPOS="834" HPOS="747"/>
							<String ID="string_121" HPOS="770" VPOS="815" WIDTH="89" HEIGHT="30" WC="0.96" CONTENT="dock"/><SP WIDTH="24" VPOS="815" HPOS="859"/>
							<String ID="string_122" HPOS="883" VPOS="814" WIDTH="124" HEIGHT="30" WC="0.96" CONTENT="endast"/><SP WIDTH="24" VPOS="814" HPOS="1007"/>
							<String ID="string_123" HPOS="1031" VPOS="814" WIDTH="110" HEIGHT="30" WC="0.96" CONTENT="under"/><SP WIDTH="23" VPOS="814" HPOS="1141"/>
							<String ID="string_124" HPOS="1164" VPOS="814" WIDTH="93" HEIGHT="30" WC="0.96" CONTENT="vissa"/><SP WIDTH="24" VPOS="814" HPOS="1257"/>
							<String ID="string_125" HPOS="1281" VPOS="814" WIDTH="293" HEIGHT="39" WC="0.93" CONTENT="förutsättningar"/><SP WIDTH="23" VPOS="814" HPOS="1574"/>
							<String ID="string_126" HPOS="1597" VPOS="832" WIDTH="43" HEIGHT="3" WC="0.92" CONTENT="—"/>
						</TextLine>
						<TextLine ID="line_13" HPOS="155" VPOS="858" WIDTH="1485" HEIGHT="42">
							<String ID="string_127" HPOS="155" VPOS="860" WIDTH="69" HEIGHT="29" WC="0.96" CONTENT="kan"/><SP WIDTH="25" VPOS="860" HPOS="224"/>
							<String ID="string_128" HPOS="249" VPOS="860" WIDTH="145" HEIGHT="40" WC="0.96" CONTENT="beviljas"/><SP WIDTH="24" VPOS="860" HPOS="394"/>
							<String ID="string_129" HPOS="418" VPOS="860" WIDTH="52" HEIGHT="30" WC="0.96" CONTENT="till"/><SP WIDTH="25" VPOS="860" HPOS="470"/>
							<String ID="string_130" HPOS="495" VPOS="859" WIDTH="140" HEIGHT="31" WC="0.93" CONTENT="förvärv"/><SP WIDTH="23" VPOS="859" HPOS="635"/>
							<String ID="string_131" HPOS="658" VPOS="869" WIDTH="46" HEIGHT="21" WC="0.90" CONTENT="m."/><SP WIDTH="24" VPOS="869" HPOS="704"/>
							<String ID="string_132" HPOS="728" VPOS="868" WIDTH="45" HEIGHT="21" WC="0.88" CONTENT="m."/><SP WIDTH="25" VPOS="868" HPOS="773"/>
							<String ID="string_133" HPOS="798" VPOS="859" WIDTH="87" HEIGHT="30" WC="0.95" CONTENT="även"/><SP WIDTH="24" VPOS="859" HPOS="885"/>
							<String ID="string_134" HPOS="909" VPOS="869" WIDTH="42" HEIGHT="20" WC="0.93" CONTENT="av"/><SP WIDTH="24" VPOS="869" HPOS="951"/>
							<String ID="string_135" HPOS="975" VPOS="858" WIDTH="261" HEIGHT="41" WC="0.90" CONTENT="stödjordbruk."/><SP WIDTH="26" VPOS="858" HPOS="1236"/>
							<String ID="string_136" HPOS="1262" VPOS="859" WIDTH="52" HEIGHT="29" WC="0.96" CONTENT="En"/><SP WIDTH="25" VPOS="859" HPOS="1314"/>
							<String ID="string_137" HPOS="1339" VPOS="868" WIDTH="41" HEIGHT="21" WC="0.96" CONTENT="av"/><SP WIDTH="24" VPOS="868" HPOS="1380"/>
							<String ID="string_138" HPOS="1404" VPOS="858" WIDTH="103" HEIGHT="30" WC="0.93" CONTENT="dessa"/><SP WIDTH="24" VPOS="858" HPOS="1507"/>
							<String ID="string_139" HPOS="1531" VPOS="858" WIDTH="109" HEIGHT="30" WC="0.92" CONTENT="förut-"/>
						</TextLine>
						<TextLine ID="line_14" HPOS="155" VPOS="903" WIDTH="1484" HEIGHT="41">
							<String ID="string_140" HPOS="155" VPOS="904" WIDTH="195" HEIGHT="39" WC="0.96" CONTENT="sättningar"/><SP WIDTH="29" VPOS="904" HPOS="350"/>
							<String ID="string_141" HPOS="379" VPOS="905" WIDTH="39" HEIGHT="29" WC="0.96" CONTENT="är"/><SP WIDTH="30" VPOS="905" HPOS="418"/>
							<String ID="string_142" HPOS="448" VPOS="907" WIDTH="50" HEIGHT="28" WC="0.96" CONTENT="att"/><SP WIDTH="29" VPOS="907" HPOS="498"/>
							<String ID="string_143" HPOS="527" VPOS="904" WIDTH="176" HEIGHT="30" WC="0.96" CONTENT="brukaren"/><SP WIDTH="30" VPOS="904" HPOS="703"/>
							<String ID="string_144" HPOS="733" VPOS="914" WIDTH="41" HEIGHT="20" WC="0.93" CONTENT="av"/><SP WIDTH="30" VPOS="914" HPOS="774"/>
							<String ID="string_145" HPOS="804" VPOS="903" WIDTH="287" HEIGHT="41" WC="0.92" CONTENT="stödjordbruket"/><SP WIDTH="29" VPOS="903" HPOS="1091"/>
							<String ID="string_146" HPOS="1120" VPOS="903" WIDTH="280" HEIGHT="40" WC="0.96" CONTENT="huvudsakligen"/><SP WIDTH="29" VPOS="903" HPOS="1400"/>
							<String ID="string_147" HPOS="1429" VPOS="903" WIDTH="63" HEIGHT="30" WC="0.96" CONTENT="har"/><SP WIDTH="31" VPOS="903" HPOS="1492"/>
							<String ID="string_148" HPOS="1523" VPOS="912" WIDTH="116" HEIGHT="21" WC="0.96" CONTENT="annan"/>
						</TextLine>
						<TextLine ID="line_15" HPOS="154" VPOS="948" WIDTH="1484" HEIGHT="40">
							<String ID="string_149" HPOS="154" VPOS="949" WIDTH="277" HEIGHT="39" WC="0.95" CONTENT="sysselsättning,"/><SP WIDTH="23" VPOS="949" HPOS="431"/>
							<String ID="string_150" HPOS="454" VPOS="948" WIDTH="209" HEIGHT="40" WC="0.96" CONTENT="exempelvis"/><SP WIDTH="22" VPOS="948" HPOS="663"/>
							<String ID="string_151" HPOS="685" VPOS="948" WIDTH="234" HEIGHT="39" WC="0.96" CONTENT="skogsarbete,"/><SP WIDTH="22" VPOS="948" HPOS="919"/>
							<String ID="string_152" HPOS="941" VPOS="957" WIDTH="80" HEIGHT="21" WC="0.96" CONTENT="men"/><SP WIDTH="23" VPOS="957" HPOS="1021"/>
							<String ID="string_153" HPOS="1044" VPOS="950" WIDTH="49" HEIGHT="28" WC="0.96" CONTENT="att"/><SP WIDTH="23" VPOS="950" HPOS="1093"/>
							<String ID="string_154" HPOS="1116" VPOS="948" WIDTH="69" HEIGHT="29" WC="0.92" CONTENT="han"/><SP WIDTH="23" VPOS="948" HPOS="1185"/>
							<String ID="string_155" HPOS="1208" VPOS="948" WIDTH="178" HEIGHT="39" WC="0.92" CONTENT="säsongvis"/><SP WIDTH="23" VPOS="948" HPOS="1386"/>
							<String ID="string_156" HPOS="1409" VPOS="948" WIDTH="38" HEIGHT="29" WC="0.96" CONTENT="är"/><SP WIDTH="22" VPOS="948" HPOS="1447"/>
							<String ID="string_157" HPOS="1469" VPOS="948" WIDTH="169" HEIGHT="29" WC="0.96" CONTENT="beroende"/>
						</TextLine>
						<TextLine ID="line_16" HPOS="155" VPOS="994" WIDTH="360" HEIGHT="39">
							<String ID="string_158" HPOS="155" VPOS="1003" WIDTH="42" HEIGHT="20" WC="0.92" CONTENT="av"/><SP WIDTH="21" VPOS="1003" HPOS="197"/>
							<String ID="string_159" HPOS="218" VPOS="994" WIDTH="297" HEIGHT="39" WC="0.91" CONTENT="stödjordbruket."/>
						</TextLine>
					</TextBlock>
					<TextBlock ID="block_4" HPOS="153" VPOS="1037" WIDTH="1488" HEIGHT="485">
						<TextLine ID="line_17" HPOS="201" VPOS="1037" WIDTH="1438" HEIGHT="40">
							<String ID="string_160" HPOS="201" VPOS="1038" WIDTH="119" HEIGHT="29" WC="0.73" CONTENT="Såsom"/><SP WIDTH="16" VPOS="1038" HPOS="320"/>
							<String ID="string_161" HPOS="336" VPOS="1038" WIDTH="262" HEIGHT="29" WC="0.96" CONTENT="motionärerna"/><SP WIDTH="16" VPOS="1038" HPOS="598"/>
							<String ID="string_162" HPOS="614" VPOS="1038" WIDTH="127" HEIGHT="34" WC="0.96" CONTENT="anfört,"/><SP WIDTH="18" VPOS="1038" HPOS="741"/>
							<String ID="string_163" HPOS="759" VPOS="1038" WIDTH="70" HEIGHT="29" WC="0.96" CONTENT="kan"/><SP WIDTH="18" VPOS="1038" HPOS="829"/>
							<String ID="string_164" HPOS="847" VPOS="1047" WIDTH="68" HEIGHT="30" WC="0.96" CONTENT="nya"/><SP WIDTH="17" VPOS="1047" HPOS="915"/>
							<String ID="string_165" HPOS="932" VPOS="1037" WIDTH="130" HEIGHT="30" WC="0.96" CONTENT="former"/><SP WIDTH="18" VPOS="1037" HPOS="1062"/>
							<String ID="string_166" HPOS="1080" VPOS="1046" WIDTH="42" HEIGHT="20" WC="0.93" CONTENT="av"/><SP WIDTH="17" VPOS="1046" HPOS="1122"/>
							<String ID="string_167" HPOS="1139" VPOS="1037" WIDTH="288" HEIGHT="39" WC="0.91" CONTENT="specialodlingar"/><SP WIDTH="17" VPOS="1037" HPOS="1427"/>
							<String ID="string_168" HPOS="1444" VPOS="1046" WIDTH="45" HEIGHT="20" WC="0.91" CONTENT="m."/><SP WIDTH="18" VPOS="1046" HPOS="1489"/>
							<String ID="string_169" HPOS="1507" VPOS="1046" WIDTH="45" HEIGHT="20" WC="0.92" CONTENT="m."/><SP WIDTH="19" VPOS="1046" HPOS="1552"/>
							<String ID="string_170" HPOS="1571" VPOS="1037" WIDTH="9" HEIGHT="29" WC="0.94" CONTENT="i"/><SP WIDTH="18" VPOS="1037" HPOS="1580"/>
							<String ID="string_171" HPOS="1598" VPOS="1046" WIDTH="41" HEIGHT="20" WC="0.95" CONTENT="en"/>
						</TextLine>
						<TextLine ID="line_18" HPOS="155" VPOS="1081" WIDTH="1483" HEIGHT="41">
							<String ID="string_172" HPOS="155" VPOS="1082" WIDTH="53" HEIGHT="29" WC="0.96" CONTENT="del"/><SP WIDTH="20" VPOS="1082" HPOS="208"/>
							<String ID="string_173" HPOS="228" VPOS="1083" WIDTH="61" HEIGHT="29" WC="0.96" CONTENT="fall"/><SP WIDTH="19" VPOS="1083" HPOS="289"/>
							<String ID="string_174" HPOS="308" VPOS="1083" WIDTH="116" HEIGHT="39" WC="0.96" CONTENT="öppna"/><SP WIDTH="18" VPOS="1083" HPOS="424"/>
							<String ID="string_175" HPOS="442" VPOS="1092" WIDTH="69" HEIGHT="30" WC="0.96" CONTENT="nya"/><SP WIDTH="17" VPOS="1092" HPOS="511"/>
							<String ID="string_176" HPOS="528" VPOS="1082" WIDTH="222" HEIGHT="40" WC="0.96" CONTENT="möjligheter"/><SP WIDTH="18" VPOS="1082" HPOS="750"/>
							<String ID="string_177" HPOS="768" VPOS="1082" WIDTH="86" HEIGHT="29" WC="0.96" CONTENT="även"/><SP WIDTH="20" VPOS="1082" HPOS="854"/>
							<String ID="string_178" HPOS="874" VPOS="1082" WIDTH="54" HEIGHT="29" WC="0.93" CONTENT="för"/><SP WIDTH="18" VPOS="1082" HPOS="928"/>
							<String ID="string_179" HPOS="946" VPOS="1081" WIDTH="339" HEIGHT="39" WC="0.91" CONTENT="brukningsenheter"/><SP WIDTH="19" VPOS="1081" HPOS="1285"/>
							<String ID="string_180" HPOS="1304" VPOS="1081" WIDTH="79" HEIGHT="30" WC="0.96" CONTENT="med"/><SP WIDTH="21" VPOS="1081" HPOS="1383"/>
							<String ID="string_181" HPOS="1404" VPOS="1081" WIDTH="75" HEIGHT="30" WC="0.96" CONTENT="små"/><SP WIDTH="19" VPOS="1081" HPOS="1479"/>
							<String ID="string_182" HPOS="1498" VPOS="1081" WIDTH="140" HEIGHT="30" WC="0.96" CONTENT="arealer."/>
						</TextLine>
						<TextLine ID="line_19" HPOS="155" VPOS="1125" WIDTH="1485" HEIGHT="41">
							<String ID="string_183" HPOS="155" VPOS="1126" WIDTH="175" HEIGHT="40" WC="0.95" CONTENT="Styrelsen"/><SP WIDTH="23" VPOS="1126" HPOS="330"/>
							<String ID="string_184" HPOS="353" VPOS="1126" WIDTH="60" HEIGHT="31" WC="0.94" CONTENT="vill"/><SP WIDTH="24" VPOS="1126" HPOS="413"/>
							<String ID="string_185" HPOS="437" VPOS="1126" WIDTH="118" HEIGHT="30" WC="0.96" CONTENT="härtill"/><SP WIDTH="26" VPOS="1126" HPOS="555"/>
							<String ID="string_186" HPOS="581" VPOS="1126" WIDTH="80" HEIGHT="40" WC="0.96" CONTENT="foga"/><SP WIDTH="25" VPOS="1126" HPOS="661"/>
							<String ID="string_187" HPOS="686" VPOS="1128" WIDTH="50" HEIGHT="28" WC="0.96" CONTENT="att"/><SP WIDTH="25" VPOS="1128" HPOS="736"/>
							<String ID="string_188" HPOS="761" VPOS="1127" WIDTH="11" HEIGHT="29" WC="0.93" CONTENT="i"/><SP WIDTH="24" VPOS="1127" HPOS="772"/>
							<String ID="string_189" HPOS="796" VPOS="1125" WIDTH="570" HEIGHT="40" WC="0.91" CONTENT="rationaliseringsverksamheten"/><SP WIDTH="23" VPOS="1125" HPOS="1366"/>
							<String ID="string_190" HPOS="1389" VPOS="1126" WIDTH="251" HEIGHT="39" WC="0.90" CONTENT="jordbruksen-"/>
						</TextLine>
						<TextLine ID="line_20" HPOS="155" VPOS="1170" WIDTH="1485" HEIGHT="39">
							<String ID="string_191" HPOS="155" VPOS="1171" WIDTH="144" HEIGHT="30" WC="0.96" CONTENT="heterna"/><SP WIDTH="26" VPOS="1171" HPOS="299"/>
							<String ID="string_192" HPOS="325" VPOS="1171" WIDTH="180" HEIGHT="30" WC="0.96" CONTENT="betraktas"/><SP WIDTH="26" VPOS="1171" HPOS="505"/>
							<String ID="string_193" HPOS="531" VPOS="1180" WIDTH="74" HEIGHT="21" WC="0.96" CONTENT="som"/><SP WIDTH="27" VPOS="1180" HPOS="605"/>
							<String ID="string_194" HPOS="632" VPOS="1170" WIDTH="230" HEIGHT="30" WC="0.96" CONTENT="ekonomiska"/><SP WIDTH="26" VPOS="1170" HPOS="862"/>
							<String ID="string_195" HPOS="888" VPOS="1170" WIDTH="145" HEIGHT="39" WC="0.95" CONTENT="företag,"/><SP WIDTH="27" VPOS="1170" HPOS="1033"/>
							<String ID="string_196" HPOS="1060" VPOS="1170" WIDTH="120" HEIGHT="30" WC="0.96" CONTENT="varvid"/><SP WIDTH="26" VPOS="1170" HPOS="1180"/>
							<String ID="string_197" HPOS="1206" VPOS="1170" WIDTH="230" HEIGHT="30" WC="0.96" CONTENT="ekonomiska"/><SP WIDTH="25" VPOS="1170" HPOS="1436"/>
							<String ID="string_198" HPOS="1461" VPOS="1170" WIDTH="89" HEIGHT="30" WC="0.96" CONTENT="mått"/><SP WIDTH="27" VPOS="1170" HPOS="1550"/>
							<String ID="string_199" HPOS="1577" VPOS="1170" WIDTH="63" HEIGHT="30" WC="0.96" CONTENT="och"/>
						</TextLine>
						<TextLine ID="line_21" HPOS="155" VPOS="1215" WIDTH="1485" HEIGHT="38">
							<String ID="string_200" HPOS="155" VPOS="1216" WIDTH="187" HEIGHT="37" WC="0.96" CONTENT="ingalunda"/><SP WIDTH="18" VPOS="1216" HPOS="342"/>
							<String ID="string_201" HPOS="360" VPOS="1216" WIDTH="121" HEIGHT="30" WC="0.93" CONTENT="enbart"/><SP WIDTH="20" VPOS="1216" HPOS="481"/>
							<String ID="string_202" HPOS="501" VPOS="1216" WIDTH="224" HEIGHT="30" WC="0.90" CONTENT="arealstorlek"/><SP WIDTH="19" VPOS="1216" HPOS="725"/>
							<String ID="string_203" HPOS="744" VPOS="1216" WIDTH="68" HEIGHT="30" WC="0.96" CONTENT="blir"/><SP WIDTH="19" VPOS="1216" HPOS="812"/>
							<String ID="string_204" HPOS="831" VPOS="1215" WIDTH="288" HEIGHT="38" WC="0.96" CONTENT="utslagsgivande."/><SP WIDTH="20" VPOS="1215" HPOS="1119"/>
							<String ID="string_205" HPOS="1139" VPOS="1215" WIDTH="66" HEIGHT="30" WC="0.93" CONTENT="Om"/><SP WIDTH="20" VPOS="1215" HPOS="1205"/>
							<String ID="string_206" HPOS="1225" VPOS="1216" WIDTH="21" HEIGHT="29" WC="0.91" CONTENT="t."/><SP WIDTH="21" VPOS="1216" HPOS="1246"/>
							<String ID="string_207" HPOS="1267" VPOS="1225" WIDTH="49" HEIGHT="20" WC="0.96" CONTENT="ex."/><SP WIDTH="21" VPOS="1225" HPOS="1316"/>
							<String ID="string_208" HPOS="1337" VPOS="1225" WIDTH="42" HEIGHT="21" WC="0.96" CONTENT="en"/><SP WIDTH="21" VPOS="1225" HPOS="1379"/>
							<String ID="string_209" HPOS="1400" VPOS="1215" WIDTH="240" HEIGHT="37" WC="0.96" CONTENT="specialiserad"/>
						</TextLine>
						<TextLine ID="line_22" HPOS="155" VPOS="1259" WIDTH="1485" HEIGHT="41">
							<String ID="string_210" HPOS="155" VPOS="1260" WIDTH="303" HEIGHT="40" WC="0.91" CONTENT="driftsinriktning"/><SP WIDTH="17" VPOS="1260" HPOS="458"/>
							<String ID="string_211" HPOS="475" VPOS="1260" WIDTH="94" HEIGHT="30" WC="0.96" CONTENT="visar"/><SP WIDTH="19" VPOS="1260" HPOS="569"/>
							<String ID="string_212" HPOS="588" VPOS="1260" WIDTH="52" HEIGHT="40" WC="0.96" CONTENT="sig"/><SP WIDTH="17" VPOS="1260" HPOS="640"/>
							<String ID="string_213" HPOS="657" VPOS="1259" WIDTH="175" HEIGHT="40" WC="0.27" CONTENT="varaktigt"/><SP WIDTH="19" VPOS="1259" HPOS="832"/>
							<String ID="string_214" HPOS="851" VPOS="1259" WIDTH="123" HEIGHT="31" WC="0.96" CONTENT="kunna"/><SP WIDTH="18" VPOS="1259" HPOS="974"/>
							<String ID="string_215" HPOS="992" VPOS="1267" WIDTH="39" HEIGHT="32" WC="0.95" CONTENT="ge"/><SP WIDTH="20" VPOS="1267" HPOS="1031"/>
							<String ID="string_216" HPOS="1051" VPOS="1259" WIDTH="177" HEIGHT="30" WC="0.96" CONTENT="brukaren"/><SP WIDTH="19" VPOS="1259" HPOS="1228"/>
							<String ID="string_217" HPOS="1247" VPOS="1259" WIDTH="64" HEIGHT="30" WC="0.96" CONTENT="och"/><SP WIDTH="19" VPOS="1259" HPOS="1311"/>
							<String ID="string_218" HPOS="1330" VPOS="1259" WIDTH="89" HEIGHT="30" WC="0.96" CONTENT="hans"/><SP WIDTH="20" VPOS="1259" HPOS="1419"/>
							<String ID="string_219" HPOS="1439" VPOS="1259" WIDTH="113" HEIGHT="40" WC="0.96" CONTENT="familj"/><SP WIDTH="24" VPOS="1259" HPOS="1552"/>
							<String ID="string_220" HPOS="1576" VPOS="1259" WIDTH="64" HEIGHT="29" WC="0.96" CONTENT="full"/>
						</TextLine>
						<TextLine ID="line_23" HPOS="156" VPOS="1303" WIDTH="1483" HEIGHT="41">
							<String ID="string_221" HPOS="156" VPOS="1304" WIDTH="266" HEIGHT="40" WC="0.96" CONTENT="sysselsättning"/><SP WIDTH="24" VPOS="1304" HPOS="422"/>
							<String ID="string_222" HPOS="446" VPOS="1305" WIDTH="65" HEIGHT="30" WC="0.96" CONTENT="och"/><SP WIDTH="24" VPOS="1305" HPOS="511"/>
							<String ID="string_223" HPOS="535" VPOS="1314" WIDTH="42" HEIGHT="20" WC="0.93" CONTENT="en"/><SP WIDTH="25" VPOS="1314" HPOS="577"/>
							<String ID="string_224" HPOS="602" VPOS="1304" WIDTH="325" HEIGHT="31" WC="0.92" CONTENT="tillfredsställande"/><SP WIDTH="24" VPOS="1304" HPOS="927"/>
							<String ID="string_225" HPOS="951" VPOS="1303" WIDTH="282" HEIGHT="36" WC="0.96" CONTENT="arbetsinkomst,"/><SP WIDTH="25" VPOS="1303" HPOS="1233"/>
							<String ID="string_226" HPOS="1258" VPOS="1303" WIDTH="179" HEIGHT="30" WC="0.96" CONTENT="betraktas"/><SP WIDTH="24" VPOS="1303" HPOS="1437"/>
							<String ID="string_227" HPOS="1461" VPOS="1304" WIDTH="178" HEIGHT="39" WC="0.96" CONTENT="företaget,"/>
						</TextLine>
						<TextLine ID="line_24" HPOS="155" VPOS="1348" WIDTH="1486" HEIGHT="39">
							<String ID="string_228" HPOS="155" VPOS="1349" WIDTH="87" HEIGHT="29" WC="0.96" CONTENT="även"/><SP WIDTH="23" VPOS="1349" HPOS="242"/>
							<String ID="string_229" HPOS="265" VPOS="1357" WIDTH="55" HEIGHT="21" WC="0.96" CONTENT="om"/><SP WIDTH="24" VPOS="1357" HPOS="320"/>
							<String ID="string_230" HPOS="344" VPOS="1349" WIDTH="57" HEIGHT="30" WC="0.96" CONTENT="det"/><SP WIDTH="23" VPOS="1349" HPOS="401"/>
							<String ID="string_231" HPOS="424" VPOS="1349" WIDTH="64" HEIGHT="29" WC="0.96" CONTENT="har"/><SP WIDTH="22" VPOS="1349" HPOS="488"/>
							<String ID="string_232" HPOS="510" VPOS="1348" WIDTH="138" HEIGHT="31" WC="0.96" CONTENT="relativt"/><SP WIDTH="23" VPOS="1348" HPOS="648"/>
							<String ID="string_233" HPOS="671" VPOS="1349" WIDTH="74" HEIGHT="29" WC="0.93" CONTENT="litet"/><SP WIDTH="24" VPOS="1349" HPOS="745"/>
							<String ID="string_234" HPOS="769" VPOS="1348" WIDTH="274" HEIGHT="39" WC="0.91" CONTENT="arealunderlag,"/><SP WIDTH="25" VPOS="1348" HPOS="1043"/>
							<String ID="string_235" HPOS="1068" VPOS="1357" WIDTH="74" HEIGHT="21" WC="0.96" CONTENT="som"/><SP WIDTH="24" VPOS="1357" HPOS="1142"/>
							<String ID="string_236" HPOS="1166" VPOS="1357" WIDTH="42" HEIGHT="21" WC="0.92" CONTENT="en"/><SP WIDTH="23" VPOS="1357" HPOS="1208"/>
							<String ID="string_237" HPOS="1231" VPOS="1348" WIDTH="196" HEIGHT="39" WC="0.92" CONTENT="bärkraftig"/><SP WIDTH="22" VPOS="1348" HPOS="1427"/>
							<String ID="string_238" HPOS="1449" VPOS="1348" WIDTH="104" HEIGHT="29" WC="0.96" CONTENT="enhet"/><SP WIDTH="24" VPOS="1348" HPOS="1553"/>
							<String ID="string_239" HPOS="1577" VPOS="1348" WIDTH="64" HEIGHT="30" WC="0.96" CONTENT="och"/>
						</TextLine>
						<TextLine ID="line_25" HPOS="156" VPOS="1392" WIDTH="1485" HEIGHT="40">
							<String ID="string_240" HPOS="156" VPOS="1393" WIDTH="75" HEIGHT="30" WC="0.96" CONTENT="icke"/><SP WIDTH="25" VPOS="1393" HPOS="231"/>
							<String ID="string_241" HPOS="256" VPOS="1402" WIDTH="74" HEIGHT="21" WC="0.96" CONTENT="som"/><SP WIDTH="25" VPOS="1402" HPOS="330"/>
							<String ID="string_242" HPOS="355" VPOS="1395" WIDTH="48" HEIGHT="29" WC="0.93" CONTENT="ett"/><SP WIDTH="25" VPOS="1395" HPOS="403"/>
							<String ID="string_243" HPOS="428" VPOS="1393" WIDTH="178" HEIGHT="30" WC="0.90" CONTENT="småbruk."/><SP WIDTH="25" VPOS="1393" HPOS="606"/>
							<String ID="string_244" HPOS="631" VPOS="1392" WIDTH="137" HEIGHT="40" WC="0.96" CONTENT="Frågan"/><SP WIDTH="25" VPOS="1392" HPOS="768"/>
							<String ID="string_245" HPOS="793" VPOS="1401" WIDTH="56" HEIGHT="22" WC="0.96" CONTENT="om"/><SP WIDTH="25" VPOS="1401" HPOS="849"/>
							<String ID="string_246" HPOS="874" VPOS="1393" WIDTH="169" HEIGHT="29" WC="0.96" CONTENT="framtida"/><SP WIDTH="23" VPOS="1393" HPOS="1043"/>
							<String ID="string_247" HPOS="1066" VPOS="1392" WIDTH="221" HEIGHT="39" WC="0.96" CONTENT="möjligheter"/><SP WIDTH="24" VPOS="1392" HPOS="1287"/>
							<String ID="string_248" HPOS="1311" VPOS="1392" WIDTH="54" HEIGHT="30" WC="0.96" CONTENT="för"/><SP WIDTH="26" VPOS="1392" HPOS="1365"/>
							<String ID="string_249" HPOS="1391" VPOS="1392" WIDTH="132" HEIGHT="30" WC="0.93" CONTENT="sådana"/><SP WIDTH="24" VPOS="1392" HPOS="1523"/>
							<String ID="string_250" HPOS="1547" VPOS="1392" WIDTH="94" HEIGHT="39" WC="0.92" CONTENT="jord-"/>
						</TextLine>
						<TextLine ID="line_26" HPOS="156" VPOS="1437" WIDTH="1484" HEIGHT="41">
							<String ID="string_251" HPOS="156" VPOS="1438" WIDTH="245" HEIGHT="40" WC="0.92" CONTENT="bruksföretag"/><SP WIDTH="25" VPOS="1438" HPOS="401"/>
							<String ID="string_252" HPOS="426" VPOS="1447" WIDTH="41" HEIGHT="21" WC="0.96" CONTENT="av"/><SP WIDTH="25" VPOS="1447" HPOS="467"/>
							<String ID="string_253" HPOS="492" VPOS="1437" WIDTH="113" HEIGHT="30" WC="0.96" CONTENT="skilda"/><SP WIDTH="25" VPOS="1437" HPOS="605"/>
							<String ID="string_254" HPOS="630" VPOS="1437" WIDTH="75" HEIGHT="40" WC="0.96" CONTENT="slag"/><SP WIDTH="22" VPOS="1437" HPOS="705"/>
							<String ID="string_255" HPOS="727" VPOS="1437" WIDTH="100" HEIGHT="30" WC="0.96" CONTENT="torde"/><SP WIDTH="23" VPOS="1437" HPOS="827"/>
							<String ID="string_256" HPOS="850" VPOS="1437" WIDTH="106" HEIGHT="30" WC="0.96" CONTENT="också"/><SP WIDTH="24" VPOS="1437" HPOS="956"/>
							<String ID="string_257" HPOS="980" VPOS="1437" WIDTH="142" HEIGHT="29" WC="0.96" CONTENT="komma"/><SP WIDTH="26" VPOS="1437" HPOS="1122"/>
							<String ID="string_258" HPOS="1148" VPOS="1437" WIDTH="110" HEIGHT="29" WC="0.96" CONTENT="under"/><SP WIDTH="24" VPOS="1437" HPOS="1258"/>
							<String ID="string_259" HPOS="1282" VPOS="1437" WIDTH="238" HEIGHT="38" WC="0.96" CONTENT="övervägande"/><SP WIDTH="25" VPOS="1437" HPOS="1520"/>
							<String ID="string_260" HPOS="1545" VPOS="1437" WIDTH="95" HEIGHT="29" WC="0.96" CONTENT="inom"/>
						</TextLine>
						<TextLine ID="line_27" HPOS="153" VPOS="1482" WIDTH="438" HEIGHT="40">
							<String ID="string_261" HPOS="153" VPOS="1482" WIDTH="438" HEIGHT="40" WC="0.92" CONTENT="jordbruksutredningen."/>
						</TextLine>
					</TextBlock>
					<TextBlock ID="block_5" HPOS="156" VPOS="1525" WIDTH="1486" HEIGHT="262">
						<TextLine ID="line_28" HPOS="201" VPOS="1525" WIDTH="1440" HEIGHT="41">
							<String ID="string_262" HPOS="201" VPOS="1526" WIDTH="258" HEIGHT="30" WC="0.96" CONTENT="Motionärerna"/><SP WIDTH="22" VPOS="1526" HPOS="459"/>
							<String ID="string_263" HPOS="481" VPOS="1525" WIDTH="203" HEIGHT="40" WC="0.96" CONTENT="uppehåller"/><SP WIDTH="23" VPOS="1525" HPOS="684"/>
							<String ID="string_264" HPOS="707" VPOS="1526" WIDTH="53" HEIGHT="40" WC="0.96" CONTENT="sig"/><SP WIDTH="21" VPOS="1526" HPOS="760"/>
							<String ID="string_265" HPOS="781" VPOS="1526" WIDTH="193" HEIGHT="30" WC="0.96" CONTENT="emellertid"/><SP WIDTH="23" VPOS="1526" HPOS="974"/>
							<String ID="string_266" HPOS="997" VPOS="1525" WIDTH="142" HEIGHT="31" WC="0.96" CONTENT="särskilt"/><SP WIDTH="22" VPOS="1525" HPOS="1139"/>
							<String ID="string_267" HPOS="1161" VPOS="1525" WIDTH="56" HEIGHT="30" WC="0.96" CONTENT="vid"/><SP WIDTH="24" VPOS="1525" HPOS="1217"/>
							<String ID="string_268" HPOS="1241" VPOS="1525" WIDTH="123" HEIGHT="39" WC="0.96" CONTENT="frågan"/><SP WIDTH="23" VPOS="1525" HPOS="1364"/>
							<String ID="string_269" HPOS="1387" VPOS="1534" WIDTH="56" HEIGHT="21" WC="0.96" CONTENT="om"/><SP WIDTH="23" VPOS="1534" HPOS="1443"/>
							<String ID="string_270" HPOS="1466" VPOS="1526" WIDTH="67" HEIGHT="29" WC="0.92" CONTENT="den"/><SP WIDTH="23" VPOS="1526" HPOS="1533"/>
							<String ID="string_271" HPOS="1556" VPOS="1534" WIDTH="85" HEIGHT="30" WC="0.92" CONTENT="upp-"/>
						</TextLine>
						<TextLine ID="line_29" HPOS="157" VPOS="1569" WIDTH="1484" HEIGHT="40">
							<String ID="string_272" HPOS="157" VPOS="1570" WIDTH="64" HEIGHT="39" WC="0.96" CONTENT="gift"/><SP WIDTH="22" VPOS="1570" HPOS="221"/>
							<String ID="string_273" HPOS="243" VPOS="1571" WIDTH="64" HEIGHT="30" WC="0.96" CONTENT="och"/><SP WIDTH="22" VPOS="1571" HPOS="307"/>
							<String ID="string_274" HPOS="329" VPOS="1571" WIDTH="66" HEIGHT="30" WC="0.96" CONTENT="den"/><SP WIDTH="21" VPOS="1571" HPOS="395"/>
							<String ID="string_275" HPOS="416" VPOS="1570" WIDTH="185" HEIGHT="39" WC="0.96" CONTENT="betydelse,"/><SP WIDTH="24" VPOS="1570" HPOS="601"/>
							<String ID="string_276" HPOS="625" VPOS="1579" WIDTH="74" HEIGHT="21" WC="0.93" CONTENT="som"/><SP WIDTH="24" VPOS="1579" HPOS="699"/>
							<String ID="string_277" HPOS="723" VPOS="1570" WIDTH="212" HEIGHT="30" WC="0.92" CONTENT="småbruken"/><SP WIDTH="23" VPOS="1570" HPOS="935"/>
							<String ID="string_278" HPOS="958" VPOS="1569" WIDTH="70" HEIGHT="30" WC="0.96" CONTENT="kan"/><SP WIDTH="22" VPOS="1569" HPOS="1028"/>
							<String ID="string_279" HPOS="1050" VPOS="1569" WIDTH="143" HEIGHT="30" WC="0.96" CONTENT="komma"/><SP WIDTH="22" VPOS="1569" HPOS="1193"/>
							<String ID="string_280" HPOS="1215" VPOS="1571" WIDTH="49" HEIGHT="28" WC="0.96" CONTENT="att"/><SP WIDTH="22" VPOS="1571" HPOS="1264"/>
							<String ID="string_281" HPOS="1286" VPOS="1569" WIDTH="54" HEIGHT="30" WC="0.96" CONTENT="för"/><SP WIDTH="23" VPOS="1569" HPOS="1340"/>
							<String ID="string_282" HPOS="1363" VPOS="1569" WIDTH="189" HEIGHT="30" WC="0.93" CONTENT="framtiden"/><SP WIDTH="24" VPOS="1569" HPOS="1552"/>
							<String ID="string_283" HPOS="1576" VPOS="1570" WIDTH="65" HEIGHT="29" WC="0.91" CONTENT="till-"/>
						</TextLine>
						<TextLine ID="line_30" HPOS="157" VPOS="1614" WIDTH="1483" HEIGHT="39">
							<String ID="string_284" HPOS="157" VPOS="1615" WIDTH="112" HEIGHT="30" WC="0.96" CONTENT="mätas"/><SP WIDTH="23" VPOS="1615" HPOS="269"/>
							<String ID="string_285" HPOS="292" VPOS="1615" WIDTH="57" HEIGHT="30" WC="0.96" CONTENT="vid"/><SP WIDTH="24" VPOS="1615" HPOS="349"/>
							<String ID="string_286" HPOS="373" VPOS="1624" WIDTH="42" HEIGHT="21" WC="0.96" CONTENT="en"/><SP WIDTH="24" VPOS="1624" HPOS="415"/>
							<String ID="string_287" HPOS="439" VPOS="1614" WIDTH="209" HEIGHT="39" WC="0.95" CONTENT="utveckling,"/><SP WIDTH="25" VPOS="1614" HPOS="648"/>
							<String ID="string_288" HPOS="673" VPOS="1623" WIDTH="75" HEIGHT="21" WC="0.96" CONTENT="som"/><SP WIDTH="25" VPOS="1623" HPOS="748"/>
							<String ID="string_289" HPOS="773" VPOS="1615" WIDTH="43" HEIGHT="29" WC="0.95" CONTENT="bl."/><SP WIDTH="25" VPOS="1615" HPOS="816"/>
							<String ID="string_290" HPOS="841" VPOS="1624" WIDTH="29" HEIGHT="21" WC="0.95" CONTENT="a."/><SP WIDTH="25" VPOS="1624" HPOS="870"/>
							<String ID="string_291" HPOS="895" VPOS="1614" WIDTH="94" HEIGHT="30" WC="0.96" CONTENT="leder"/><SP WIDTH="23" VPOS="1614" HPOS="989"/>
							<String ID="string_292" HPOS="1012" VPOS="1614" WIDTH="52" HEIGHT="30" WC="0.96" CONTENT="till"/><SP WIDTH="24" VPOS="1614" HPOS="1064"/>
							<String ID="string_293" HPOS="1088" VPOS="1616" WIDTH="50" HEIGHT="28" WC="0.93" CONTENT="att"/><SP WIDTH="24" VPOS="1616" HPOS="1138"/>
							<String ID="string_294" HPOS="1162" VPOS="1614" WIDTH="250" HEIGHT="39" WC="0.91" CONTENT="glesbygderna"/><SP WIDTH="24" VPOS="1614" HPOS="1412"/>
							<String ID="string_295" HPOS="1436" VPOS="1614" WIDTH="54" HEIGHT="30" WC="0.95" CONTENT="får"/><SP WIDTH="24" VPOS="1614" HPOS="1490"/>
							<String ID="string_296" HPOS="1514" VPOS="1623" WIDTH="41" HEIGHT="20" WC="0.96" CONTENT="en"/><SP WIDTH="26" VPOS="1623" HPOS="1555"/>
							<String ID="string_297" HPOS="1581" VPOS="1614" WIDTH="59" HEIGHT="30" WC="0.95" CONTENT="allt"/>
						</TextLine>
						<TextLine ID="line_31" HPOS="156" VPOS="1659" WIDTH="1485" HEIGHT="40">
							<String ID="string_298" HPOS="156" VPOS="1659" WIDTH="168" HEIGHT="40" WC="0.95" CONTENT="viktigare"/><SP WIDTH="20" VPOS="1659" HPOS="324"/>
							<String ID="string_299" HPOS="344" VPOS="1661" WIDTH="64" HEIGHT="29" WC="0.96" CONTENT="roll"/><SP WIDTH="19" VPOS="1661" HPOS="408"/>
							<String ID="string_300" HPOS="427" VPOS="1660" WIDTH="53" HEIGHT="29" WC="0.93" CONTENT="för"/><SP WIDTH="20" VPOS="1660" HPOS="480"/>
							<String ID="string_301" HPOS="500" VPOS="1659" WIDTH="292" HEIGHT="36" WC="0.91" CONTENT="fritidsändamål,"/><SP WIDTH="21" VPOS="1659" HPOS="792"/>
							<String ID="string_302" HPOS="813" VPOS="1661" WIDTH="49" HEIGHT="28" WC="0.96" CONTENT="att"/><SP WIDTH="18" VPOS="1661" HPOS="862"/>
							<String ID="string_303" HPOS="880" VPOS="1659" WIDTH="277" HEIGHT="39" WC="0.95" CONTENT="turistnäringen"/><SP WIDTH="20" VPOS="1659" HPOS="1157"/>
							<String ID="string_304" HPOS="1177" VPOS="1659" WIDTH="176" HEIGHT="29" WC="0.96" CONTENT="utvecklas"/><SP WIDTH="20" VPOS="1659" HPOS="1353"/>
							<String ID="string_305" HPOS="1373" VPOS="1659" WIDTH="64" HEIGHT="29" WC="0.96" CONTENT="och"/><SP WIDTH="19" VPOS="1659" HPOS="1437"/>
							<String ID="string_306" HPOS="1456" VPOS="1660" WIDTH="49" HEIGHT="28" WC="0.96" CONTENT="att"/><SP WIDTH="19" VPOS="1660" HPOS="1505"/>
							<String ID="string_307" HPOS="1524" VPOS="1659" WIDTH="117" HEIGHT="29" WC="0.96" CONTENT="aktiva"/>
						</TextLine>
						<TextLine ID="line_32" HPOS="159" VPOS="1703" WIDTH="1483" HEIGHT="31">
							<String ID="string_308" HPOS="159" VPOS="1703" WIDTH="146" HEIGHT="30" WC="0.95" CONTENT="insatser"/><SP WIDTH="25" VPOS="1703" HPOS="305"/>
							<String ID="string_309" HPOS="330" VPOS="1703" WIDTH="103" HEIGHT="31" WC="0.96" CONTENT="krävs"/><SP WIDTH="27" VPOS="1703" HPOS="433"/>
							<String ID="string_310" HPOS="460" VPOS="1704" WIDTH="54" HEIGHT="29" WC="0.96" CONTENT="för"/><SP WIDTH="24" VPOS="1704" HPOS="514"/>
							<String ID="string_311" HPOS="538" VPOS="1703" WIDTH="236" HEIGHT="30" WC="0.95" CONTENT="naturvården"/><SP WIDTH="26" VPOS="1703" HPOS="774"/>
							<String ID="string_312" HPOS="800" VPOS="1705" WIDTH="10" HEIGHT="29" WC="0.95" CONTENT="i"/><SP WIDTH="26" VPOS="1705" HPOS="810"/>
							<String ID="string_313" HPOS="836" VPOS="1703" WIDTH="191" HEIGHT="30" WC="0.96" CONTENT="allmänhet"/><SP WIDTH="25" VPOS="1703" HPOS="1027"/>
							<String ID="string_314" HPOS="1052" VPOS="1704" WIDTH="64" HEIGHT="29" WC="0.96" CONTENT="och"/><SP WIDTH="24" VPOS="1704" HPOS="1116"/>
							<String ID="string_315" HPOS="1140" VPOS="1703" WIDTH="70" HEIGHT="29" WC="0.96" CONTENT="inte"/><SP WIDTH="27" VPOS="1703" HPOS="1210"/>
							<String ID="string_316" HPOS="1237" VPOS="1703" WIDTH="106" HEIGHT="30" WC="0.96" CONTENT="minst"/><SP WIDTH="26" VPOS="1703" HPOS="1343"/>
							<String ID="string_317" HPOS="1369" VPOS="1703" WIDTH="54" HEIGHT="29" WC="0.96" CONTENT="för"/><SP WIDTH="26" VPOS="1703" HPOS="1423"/>
							<String ID="string_318" HPOS="1449" VPOS="1705" WIDTH="51" HEIGHT="28" WC="0.93" CONTENT="att"/><SP WIDTH="23" VPOS="1705" HPOS="1500"/>
							<String ID="string_319" HPOS="1523" VPOS="1703" WIDTH="119" HEIGHT="29" WC="0.90" CONTENT="turist-"/>
						</TextLine>
						<TextLine ID="line_33" HPOS="158" VPOS="1747" WIDTH="768" HEIGHT="40">
							<String ID="string_320" HPOS="158" VPOS="1748" WIDTH="206" HEIGHT="39" WC="0.96" CONTENT="landskapet"/><SP WIDTH="24" VPOS="1748" HPOS="364"/>
							<String ID="string_321" HPOS="388" VPOS="1748" WIDTH="89" HEIGHT="30" WC="0.95" CONTENT="skall"/><SP WIDTH="23" VPOS="1748" HPOS="477"/>
							<String ID="string_322" HPOS="500" VPOS="1748" WIDTH="122" HEIGHT="30" WC="0.91" CONTENT="kunna"/><SP WIDTH="22" VPOS="1748" HPOS="622"/>
							<String ID="string_323" HPOS="644" VPOS="1747" WIDTH="282" HEIGHT="31" WC="0.91" CONTENT="vidmakthållas."/>
						</TextLine>
					</TextBlock>
					<TextBlock ID="block_6" HPOS="157" VPOS="1792" WIDTH="1486" HEIGHT="392">
						<TextLine ID="line_34" HPOS="201" VPOS="1792" WIDTH="1440" HEIGHT="39">
							<String ID="string_324" HPOS="201" VPOS="1792" WIDTH="322" HEIGHT="39" WC="0.96" CONTENT="Frågeställningen"/><SP WIDTH="25" VPOS="1792" HPOS="523"/>
							<String ID="string_325" HPOS="548" VPOS="1801" WIDTH="98" HEIGHT="21" WC="0.96" CONTENT="avser"/><SP WIDTH="25" VPOS="1801" HPOS="646"/>
							<String ID="string_326" HPOS="671" VPOS="1792" WIDTH="149" HEIGHT="30" WC="0.95" CONTENT="sålunda"/><SP WIDTH="22" VPOS="1792" HPOS="820"/>
							<String ID="string_327" HPOS="842" VPOS="1792" WIDTH="215" HEIGHT="39" WC="0.96" CONTENT="väsentligen"/><SP WIDTH="25" VPOS="1792" HPOS="1057"/>
							<String ID="string_328" HPOS="1082" VPOS="1792" WIDTH="110" HEIGHT="29" WC="0.96" CONTENT="andra"/><SP WIDTH="24" VPOS="1792" HPOS="1192"/>
							<String ID="string_329" HPOS="1216" VPOS="1793" WIDTH="43" HEIGHT="28" WC="0.93" CONTENT="än"/><SP WIDTH="24" VPOS="1793" HPOS="1259"/>
							<String ID="string_330" HPOS="1283" VPOS="1792" WIDTH="358" HEIGHT="39" WC="0.91" CONTENT="jordbrukspolitiska"/>
						</TextLine>
						<TextLine ID="line_35" HPOS="157" VPOS="1836" WIDTH="1484" HEIGHT="39">
							<String ID="string_331" HPOS="157" VPOS="1836" WIDTH="166" HEIGHT="38" WC="0.95" CONTENT="problem."/><SP WIDTH="24" VPOS="1836" HPOS="323"/>
							<String ID="string_332" HPOS="347" VPOS="1838" WIDTH="64" HEIGHT="29" WC="0.96" CONTENT="Det"/><SP WIDTH="23" VPOS="1838" HPOS="411"/>
							<String ID="string_333" HPOS="434" VPOS="1838" WIDTH="39" HEIGHT="28" WC="0.96" CONTENT="är"/><SP WIDTH="22" VPOS="1838" HPOS="473"/>
							<String ID="string_334" HPOS="495" VPOS="1836" WIDTH="106" HEIGHT="39" WC="0.93" CONTENT="enligt"/><SP WIDTH="24" VPOS="1836" HPOS="601"/>
							<String ID="string_335" HPOS="625" VPOS="1836" WIDTH="378" HEIGHT="39" WC="0.91" CONTENT="lantbruksstyrelsens"/><SP WIDTH="22" VPOS="1836" HPOS="1003"/>
							<String ID="string_336" HPOS="1025" VPOS="1836" WIDTH="141" HEIGHT="39" WC="0.96" CONTENT="mening"/><SP WIDTH="24" VPOS="1836" HPOS="1166"/>
							<String ID="string_337" HPOS="1190" VPOS="1836" WIDTH="187" HEIGHT="39" WC="0.96" CONTENT="anledning"/><SP WIDTH="24" VPOS="1836" HPOS="1377"/>
							<String ID="string_338" HPOS="1401" VPOS="1838" WIDTH="50" HEIGHT="28" WC="0.96" CONTENT="att"/><SP WIDTH="23" VPOS="1838" HPOS="1451"/>
							<String ID="string_339" HPOS="1474" VPOS="1837" WIDTH="167" HEIGHT="38" WC="0.96" CONTENT="överväga"/>
						</TextLine>
						<TextLine ID="line_36" HPOS="159" VPOS="1880" WIDTH="1482" HEIGHT="40">
							<String ID="string_340" HPOS="159" VPOS="1881" WIDTH="9" HEIGHT="28" WC="0.94" CONTENT="i"/><SP WIDTH="17" VPOS="1881" HPOS="168"/>
							<String ID="string_341" HPOS="185" VPOS="1882" WIDTH="66" HEIGHT="29" WC="0.96" CONTENT="vad"/><SP WIDTH="19" VPOS="1882" HPOS="251"/>
							<String ID="string_342" HPOS="270" VPOS="1881" WIDTH="81" HEIGHT="30" WC="0.96" CONTENT="mån"/><SP WIDTH="19" VPOS="1881" HPOS="351"/>
							<String ID="string_343" HPOS="370" VPOS="1882" WIDTH="56" HEIGHT="29" WC="0.95" CONTENT="det"/><SP WIDTH="20" VPOS="1882" HPOS="426"/>
							<String ID="string_344" HPOS="446" VPOS="1881" WIDTH="78" HEIGHT="29" WC="0.96" CONTENT="från"/><SP WIDTH="20" VPOS="1881" HPOS="524"/>
							<String ID="string_345" HPOS="544" VPOS="1881" WIDTH="110" HEIGHT="29" WC="0.95" CONTENT="andra"/><SP WIDTH="17" VPOS="1881" HPOS="654"/>
							<String ID="string_346" HPOS="671" VPOS="1882" WIDTH="44" HEIGHT="28" WC="0.96" CONTENT="än"/><SP WIDTH="19" VPOS="1882" HPOS="715"/>
							<String ID="string_347" HPOS="734" VPOS="1883" WIDTH="77" HEIGHT="27" WC="0.91" CONTENT="rent"/><SP WIDTH="19" VPOS="1883" HPOS="811"/>
							<String ID="string_348" HPOS="830" VPOS="1880" WIDTH="386" HEIGHT="40" WC="0.91" CONTENT="företagsekonomiska"/><SP WIDTH="18" VPOS="1880" HPOS="1216"/>
							<String ID="string_349" HPOS="1234" VPOS="1880" WIDTH="218" HEIGHT="39" WC="0.96" CONTENT="synpunkter"/><SP WIDTH="19" VPOS="1880" HPOS="1452"/>
							<String ID="string_350" HPOS="1471" VPOS="1881" WIDTH="70" HEIGHT="28" WC="0.96" CONTENT="kan"/><SP WIDTH="19" VPOS="1881" HPOS="1541"/>
							<String ID="string_351" HPOS="1560" VPOS="1890" WIDTH="81" HEIGHT="20" WC="0.96" CONTENT="vara"/>
						</TextLine>
						<TextLine ID="line_37" HPOS="157" VPOS="1924" WIDTH="1486" HEIGHT="40">
							<String ID="string_352" HPOS="157" VPOS="1925" WIDTH="167" HEIGHT="29" WC="0.96" CONTENT="önskvärt"/><SP WIDTH="19" VPOS="1925" HPOS="324"/>
							<String ID="string_353" HPOS="343" VPOS="1927" WIDTH="49" HEIGHT="28" WC="0.96" CONTENT="att"/><SP WIDTH="16" VPOS="1927" HPOS="392"/>
							<String ID="string_354" HPOS="408" VPOS="1924" WIDTH="254" HEIGHT="30" WC="0.93" CONTENT="vidmakthålla"/><SP WIDTH="19" VPOS="1924" HPOS="662"/>
							<String ID="string_355" HPOS="681" VPOS="1924" WIDTH="260" HEIGHT="40" WC="0.92" CONTENT="småjordbruk."/><SP WIDTH="19" VPOS="1924" HPOS="941"/>
							<String ID="string_356" HPOS="960" VPOS="1926" WIDTH="64" HEIGHT="28" WC="0.96" CONTENT="Det"/><SP WIDTH="17" VPOS="1926" HPOS="1024"/>
							<String ID="string_357" HPOS="1041" VPOS="1925" WIDTH="70" HEIGHT="28" WC="0.96" CONTENT="kan"/><SP WIDTH="18" VPOS="1925" HPOS="1111"/>
							<String ID="string_358" HPOS="1129" VPOS="1925" WIDTH="208" HEIGHT="38" WC="0.96" CONTENT="exempelvis"/><SP WIDTH="19" VPOS="1925" HPOS="1337"/>
							<String ID="string_359" HPOS="1356" VPOS="1933" WIDTH="41" HEIGHT="20" WC="0.95" CONTENT="ur"/><SP WIDTH="19" VPOS="1933" HPOS="1397"/>
							<String ID="string_360" HPOS="1416" VPOS="1925" WIDTH="130" HEIGHT="29" WC="0.93" CONTENT="allmän"/><SP WIDTH="19" VPOS="1925" HPOS="1546"/>
							<String ID="string_361" HPOS="1565" VPOS="1934" WIDTH="78" HEIGHT="30" WC="0.92" CONTENT="syn-"/>
						</TextLine>
						<TextLine ID="line_38" HPOS="158" VPOS="1968" WIDTH="1483" HEIGHT="40">
							<String ID="string_362" HPOS="158" VPOS="1969" WIDTH="112" HEIGHT="37" WC="0.96" CONTENT="punkt"/><SP WIDTH="23" VPOS="1969" HPOS="270"/>
							<String ID="string_363" HPOS="293" VPOS="1969" WIDTH="73" HEIGHT="30" WC="0.96" CONTENT="visa"/><SP WIDTH="24" VPOS="1969" HPOS="366"/>
							<String ID="string_364" HPOS="390" VPOS="1969" WIDTH="50" HEIGHT="39" WC="0.96" CONTENT="sig"/><SP WIDTH="25" VPOS="1969" HPOS="440"/>
							<String ID="string_365" HPOS="465" VPOS="1969" WIDTH="222" HEIGHT="30" WC="0.96" CONTENT="ekonomiskt"/><SP WIDTH="24" VPOS="1969" HPOS="687"/>
							<String ID="string_366" HPOS="711" VPOS="1969" WIDTH="183" HEIGHT="29" WC="0.96" CONTENT="motiverat"/><SP WIDTH="24" VPOS="1969" HPOS="894"/>
							<String ID="string_367" HPOS="918" VPOS="1970" WIDTH="49" HEIGHT="28" WC="0.96" CONTENT="att"/><SP WIDTH="24" VPOS="1970" HPOS="967"/>
							<String ID="string_368" HPOS="991" VPOS="1969" WIDTH="187" HEIGHT="29" WC="0.96" CONTENT="medverka"/><SP WIDTH="24" VPOS="1969" HPOS="1178"/>
							<String ID="string_369" HPOS="1202" VPOS="1969" WIDTH="50" HEIGHT="28" WC="0.96" CONTENT="till"/><SP WIDTH="25" VPOS="1969" HPOS="1252"/>
							<String ID="string_370" HPOS="1277" VPOS="1971" WIDTH="50" HEIGHT="27" WC="0.96" CONTENT="att"/><SP WIDTH="25" VPOS="1971" HPOS="1327"/>
							<String ID="string_371" HPOS="1352" VPOS="1968" WIDTH="131" HEIGHT="30" WC="0.95" CONTENT="sådana"/><SP WIDTH="23" VPOS="1968" HPOS="1483"/>
							<String ID="string_372" HPOS="1506" VPOS="1969" WIDTH="135" HEIGHT="29" WC="0.95" CONTENT="mindre"/>
						</TextLine>
						<TextLine ID="line_39" HPOS="158" VPOS="2012" WIDTH="1485" HEIGHT="41">
							<String ID="string_373" HPOS="158" VPOS="2013" WIDTH="141" HEIGHT="29" WC="0.96" CONTENT="enheter"/><SP WIDTH="22" VPOS="2013" HPOS="299"/>
							<String ID="string_374" HPOS="321" VPOS="2014" WIDTH="10" HEIGHT="29" WC="0.96" CONTENT="i"/><SP WIDTH="21" VPOS="2014" HPOS="331"/>
							<String ID="string_375" HPOS="352" VPOS="2014" WIDTH="70" HEIGHT="29" WC="0.96" CONTENT="viss"/><SP WIDTH="24" VPOS="2014" HPOS="422"/>
							<String ID="string_376" HPOS="446" VPOS="2013" WIDTH="243" HEIGHT="40" WC="0.96" CONTENT="utsträckning"/><SP WIDTH="22" VPOS="2013" HPOS="689"/>
							<String ID="string_377" HPOS="711" VPOS="2013" WIDTH="169" HEIGHT="30" WC="0.96" CONTENT="bibehålls"/><SP WIDTH="22" VPOS="2013" HPOS="880"/>
							<String ID="string_378" HPOS="902" VPOS="2013" WIDTH="74" HEIGHT="39" WC="0.96" CONTENT="just"/><SP WIDTH="22" VPOS="2013" HPOS="976"/>
							<String ID="string_379" HPOS="998" VPOS="2014" WIDTH="10" HEIGHT="28" WC="0.96" CONTENT="i"/><SP WIDTH="23" VPOS="2014" HPOS="1008"/>
							<String ID="string_380" HPOS="1031" VPOS="2013" WIDTH="90" HEIGHT="38" WC="0.96" CONTENT="syfte"/><SP WIDTH="23" VPOS="2013" HPOS="1121"/>
							<String ID="string_381" HPOS="1144" VPOS="2015" WIDTH="49" HEIGHT="27" WC="0.96" CONTENT="att"/><SP WIDTH="23" VPOS="2015" HPOS="1193"/>
							<String ID="string_382" HPOS="1216" VPOS="2012" WIDTH="130" HEIGHT="40" WC="0.96" CONTENT="främja"/><SP WIDTH="22" VPOS="2012" HPOS="1346"/>
							<String ID="string_383" HPOS="1368" VPOS="2023" WIDTH="42" HEIGHT="19" WC="0.96" CONTENT="en"/><SP WIDTH="23" VPOS="2023" HPOS="1410"/>
							<String ID="string_384" HPOS="1433" VPOS="2013" WIDTH="135" HEIGHT="29" WC="0.93" CONTENT="önskad"/><SP WIDTH="23" VPOS="2013" HPOS="1568"/>
							<String ID="string_385" HPOS="1591" VPOS="2017" WIDTH="52" HEIGHT="25" WC="0.92" CONTENT="ut-"/>
						</TextLine>
						<TextLine ID="line_40" HPOS="158" VPOS="2057" WIDTH="1484" HEIGHT="39">
							<String ID="string_386" HPOS="158" VPOS="2057" WIDTH="157" HEIGHT="39" WC="0.96" CONTENT="veckling"/><SP WIDTH="24" VPOS="2057" HPOS="315"/>
							<String ID="string_387" HPOS="339" VPOS="2057" WIDTH="169" HEIGHT="30" WC="0.96" CONTENT="avseende"/><SP WIDTH="23" VPOS="2057" HPOS="508"/>
							<String ID="string_388" HPOS="531" VPOS="2057" WIDTH="246" HEIGHT="38" WC="0.96" CONTENT="dispositioner"/><SP WIDTH="25" VPOS="2057" HPOS="777"/>
							<String ID="string_389" HPOS="802" VPOS="2058" WIDTH="53" HEIGHT="28" WC="0.93" CONTENT="för"/><SP WIDTH="24" VPOS="2058" HPOS="855"/>
							<String ID="string_390" HPOS="879" VPOS="2057" WIDTH="293" HEIGHT="35" WC="0.90" CONTENT="fritidsändamål,"/><SP WIDTH="25" VPOS="2057" HPOS="1172"/>
							<String ID="string_391" HPOS="1197" VPOS="2058" WIDTH="54" HEIGHT="28" WC="0.93" CONTENT="för"/><SP WIDTH="24" VPOS="2058" HPOS="1251"/>
							<String ID="string_392" HPOS="1275" VPOS="2057" WIDTH="231" HEIGHT="39" WC="0.91" CONTENT="turistnäring"/><SP WIDTH="22" VPOS="2057" HPOS="1506"/>
							<String ID="string_393" HPOS="1528" VPOS="2067" WIDTH="45" HEIGHT="21" WC="0.83" CONTENT="m."/><SP WIDTH="25" VPOS="2067" HPOS="1573"/>
							<String ID="string_394" HPOS="1598" VPOS="2067" WIDTH="44" HEIGHT="19" WC="0.91" CONTENT="m."/>
						</TextLine>
						<TextLine ID="line_41" HPOS="159" VPOS="2101" WIDTH="1483" HEIGHT="39">
							<String ID="string_395" HPOS="159" VPOS="2102" WIDTH="64" HEIGHT="29" WC="0.95" CONTENT="Det"/><SP WIDTH="20" VPOS="2102" HPOS="223"/>
							<String ID="string_396" HPOS="243" VPOS="2103" WIDTH="37" HEIGHT="28" WC="0.96" CONTENT="är"/><SP WIDTH="22" VPOS="2103" HPOS="280"/>
							<String ID="string_397" HPOS="302" VPOS="2102" WIDTH="53" HEIGHT="29" WC="0.96" CONTENT="för"/><SP WIDTH="21" VPOS="2102" HPOS="355"/>
							<String ID="string_398" HPOS="376" VPOS="2102" WIDTH="169" HEIGHT="38" WC="0.96" CONTENT="styrelsen"/><SP WIDTH="21" VPOS="2102" HPOS="545"/>
							<String ID="string_399" HPOS="566" VPOS="2102" WIDTH="83" HEIGHT="29" WC="0.96" CONTENT="känt"/><SP WIDTH="24" VPOS="2102" HPOS="649"/>
							<String ID="string_400" HPOS="673" VPOS="2104" WIDTH="47" HEIGHT="27" WC="0.96" CONTENT="att"/><SP WIDTH="24" VPOS="2104" HPOS="720"/>
							<String ID="string_401" HPOS="744" VPOS="2101" WIDTH="207" HEIGHT="30" WC="0.96" CONTENT="hithörande"/><SP WIDTH="22" VPOS="2101" HPOS="951"/>
							<String ID="string_402" HPOS="973" VPOS="2101" WIDTH="170" HEIGHT="38" WC="0.95" CONTENT="spörsmål"/><SP WIDTH="22" VPOS="2101" HPOS="1143"/>
							<String ID="string_403" HPOS="1165" VPOS="2102" WIDTH="38" HEIGHT="29" WC="0.96" CONTENT="är"/><SP WIDTH="22" VPOS="2102" HPOS="1203"/>
							<String ID="string_404" HPOS="1225" VPOS="2102" WIDTH="355" HEIGHT="38" WC="0.96" CONTENT="uppmärksammade"/><SP WIDTH="22" VPOS="2102" HPOS="1580"/>
							<String ID="string_405" HPOS="1602" VPOS="2111" WIDTH="40" HEIGHT="20" WC="0.96" CONTENT="av"/>
						</TextLine>
						<TextLine ID="line_42" HPOS="163" VPOS="2146" WIDTH="496" HEIGHT="38">
							<String ID="string_406" HPOS="163" VPOS="2146" WIDTH="80" HEIGHT="30" WC="0.96" CONTENT="1962"/><SP WIDTH="22" VPOS="2146" HPOS="243"/>
							<String ID="string_407" HPOS="265" VPOS="2146" WIDTH="55" HEIGHT="29" WC="0.93" CONTENT="års"/><SP WIDTH="22" VPOS="2146" HPOS="320"/>
							<String ID="string_408" HPOS="342" VPOS="2146" WIDTH="317" HEIGHT="38" WC="0.89" CONTENT="fritidsutredning."/>
						</TextLine>
					</TextBlock>
					<TextBlock ID="block_7" HPOS="159" VPOS="2216" WIDTH="1482" HEIGHT="144">
						<TextLine ID="line_43" HPOS="201" VPOS="2216" WIDTH="1440" HEIGHT="38">
							<String ID="string_409" HPOS="201" VPOS="2217" WIDTH="137" HEIGHT="27" WC="0.93" CONTENT="Statens"/><SP WIDTH="24" VPOS="2217" HPOS="338"/>
							<String ID="string_410" HPOS="362" VPOS="2216" WIDTH="355" HEIGHT="36" WC="0.90" CONTENT="naturvårdsnämnd,"/><SP WIDTH="25" VPOS="2216" HPOS="717"/>
							<String ID="string_411" HPOS="742" VPOS="2225" WIDTH="73" HEIGHT="20" WC="0.96" CONTENT="som"/><SP WIDTH="24" VPOS="2225" HPOS="815"/>
							<String ID="string_412" HPOS="839" VPOS="2216" WIDTH="184" HEIGHT="38" WC="0.95" CONTENT="begränsat"/><SP WIDTH="24" VPOS="2216" HPOS="1023"/>
							<String ID="string_413" HPOS="1047" VPOS="2216" WIDTH="57" HEIGHT="29" WC="0.96" CONTENT="sitt"/><SP WIDTH="25" VPOS="2216" HPOS="1104"/>
							<String ID="string_414" HPOS="1129" VPOS="2216" WIDTH="177" HEIGHT="29" WC="0.96" CONTENT="utlåtande"/><SP WIDTH="23" VPOS="2216" HPOS="1306"/>
							<String ID="string_415" HPOS="1329" VPOS="2216" WIDTH="50" HEIGHT="28" WC="0.95" CONTENT="till"/><SP WIDTH="25" VPOS="2216" HPOS="1379"/>
							<String ID="string_416" HPOS="1404" VPOS="2218" WIDTH="48" HEIGHT="27" WC="0.96" CONTENT="att"/><SP WIDTH="24" VPOS="2218" HPOS="1452"/>
							<String ID="string_417" HPOS="1476" VPOS="2225" WIDTH="78" HEIGHT="20" WC="0.95" CONTENT="avse"/><SP WIDTH="24" VPOS="2225" HPOS="1554"/>
							<String ID="string_418" HPOS="1578" VPOS="2217" WIDTH="63" HEIGHT="28" WC="0.96" CONTENT="vad"/>
						</TextLine>
						<TextLine ID="line_44" HPOS="159" VPOS="2268" WIDTH="1482" HEIGHT="39">
							<String ID="string_419" HPOS="159" VPOS="2269" WIDTH="10" HEIGHT="27" WC="0.96" CONTENT="i"/><SP WIDTH="16" VPOS="2269" HPOS="169"/>
							<String ID="string_420" HPOS="185" VPOS="2269" WIDTH="218" HEIGHT="29" WC="0.96" CONTENT="motionerna"/><SP WIDTH="17" VPOS="2269" HPOS="403"/>
							<String ID="string_421" HPOS="420" VPOS="2269" WIDTH="143" HEIGHT="28" WC="0.96" CONTENT="uttalats"/><SP WIDTH="17" VPOS="2269" HPOS="563"/>
							<String ID="string_422" HPOS="580" VPOS="2277" WIDTH="55" HEIGHT="20" WC="0.93" CONTENT="om"/><SP WIDTH="18" VPOS="2277" HPOS="635"/>
							<String ID="string_423" HPOS="653" VPOS="2269" WIDTH="342" HEIGHT="38" WC="0.91" CONTENT="landskapsvårdens"/><SP WIDTH="18" VPOS="2269" HPOS="995"/>
							<String ID="string_424" HPOS="1013" VPOS="2268" WIDTH="173" HEIGHT="39" WC="0.93" CONTENT="betydelse"/><SP WIDTH="18" VPOS="2268" HPOS="1186"/>
							<String ID="string_425" HPOS="1204" VPOS="2269" WIDTH="92" HEIGHT="28" WC="0.70" CONTENT="incm"/><SP WIDTH="18" VPOS="2269" HPOS="1296"/>
							<String ID="string_426" HPOS="1314" VPOS="2268" WIDTH="249" HEIGHT="39" WC="0.92" CONTENT="glesbygderna"/><SP WIDTH="18" VPOS="2268" HPOS="1563"/>
							<String ID="string_427" HPOS="1581" VPOS="2269" WIDTH="60" HEIGHT="28" WC="0.96" CONTENT="och"/>
						</TextLine>
						<TextLine ID="line_45" HPOS="160" VPOS="2321" WIDTH="836" HEIGHT="39">
							<String ID="string_428" HPOS="160" VPOS="2322" WIDTH="141" HEIGHT="27" WC="0.96" CONTENT="därmed"/><SP WIDTH="25" VPOS="2322" HPOS="301"/>
							<String ID="string_429" HPOS="326" VPOS="2321" WIDTH="346" HEIGHT="38" WC="0.95" CONTENT="sammanhängande"/><SP WIDTH="24" VPOS="2321" HPOS="672"/>
							<String ID="string_430" HPOS="696" VPOS="2321" WIDTH="164" HEIGHT="39" WC="0.96" CONTENT="problem,"/><SP WIDTH="25" VPOS="2321" HPOS="860"/>
							<String ID="string_431" HPOS="885" VPOS="2322" WIDTH="111" HEIGHT="28" WC="0.96" CONTENT="anför."/>
						</TextLine>
					</TextBlock>
				</ComposedBlock>
				<ComposedBlock ID="cblock_4" HPOS="160" VPOS="2382" WIDTH="1483" HEIGHT="84">
					<TextBlock ID="block_8" HPOS="160" VPOS="2382" WIDTH="1483" HEIGHT="84">
						<TextLine ID="line_46" HPOS="204" VPOS="2382" WIDTH="1439" HEIGHT="40">
							<String ID="string_432" HPOS="204" VPOS="2383" WIDTH="241" HEIGHT="38" WC="0.96" CONTENT="Landskapets"/><SP WIDTH="22" VPOS="2383" HPOS="445"/>
							<String ID="string_433" HPOS="467" VPOS="2383" WIDTH="163" HEIGHT="29" WC="0.96" CONTENT="utseende"/><SP WIDTH="20" VPOS="2383" HPOS="630"/>
							<String ID="string_434" HPOS="650" VPOS="2383" WIDTH="63" HEIGHT="29" WC="0.96" CONTENT="och"/><SP WIDTH="20" VPOS="2383" HPOS="713"/>
							<String ID="string_435" HPOS="733" VPOS="2382" WIDTH="166" HEIGHT="30" WC="0.96" CONTENT="karaktär"/><SP WIDTH="21" VPOS="2382" HPOS="899"/>
							<String ID="string_436" HPOS="920" VPOS="2383" WIDTH="208" HEIGHT="28" WC="0.96" CONTENT="bestämmes"/><SP WIDTH="21" VPOS="2383" HPOS="1128"/>
							<String ID="string_437" HPOS="1149" VPOS="2383" WIDTH="8" HEIGHT="28" WC="0.96" CONTENT="i"/><SP WIDTH="21" VPOS="2383" HPOS="1157"/>
							<String ID="string_438" HPOS="1178" VPOS="2383" WIDTH="66" HEIGHT="38" WC="0.96" CONTENT="hög"/><SP WIDTH="19" VPOS="2383" HPOS="1244"/>
							<String ID="string_439" HPOS="1263" VPOS="2384" WIDTH="82" HEIGHT="37" WC="0.96" CONTENT="grad"/><SP WIDTH="22" VPOS="2384" HPOS="1345"/>
							<String ID="string_440" HPOS="1367" VPOS="2393" WIDTH="41" HEIGHT="19" WC="0.96" CONTENT="av"/><SP WIDTH="18" VPOS="2393" HPOS="1408"/>
							<String ID="string_441" HPOS="1426" VPOS="2384" WIDTH="57" HEIGHT="28" WC="0.96" CONTENT="det"/><SP WIDTH="20" VPOS="2384" HPOS="1483"/>
							<String ID="string_442" HPOS="1503" VPOS="2384" WIDTH="77" HEIGHT="33" WC="0.95" CONTENT="sätt,"/><SP WIDTH="22" VPOS="2384" HPOS="1580"/>
							<String ID="string_443" HPOS="1602" VPOS="2386" WIDTH="41" HEIGHT="36" WC="0.96" CONTENT="på"/>
						</TextLine>
						<TextLine ID="line_47" HPOS="160" VPOS="2426" WIDTH="1482" HEIGHT="40">
							<String ID="string_444" HPOS="160" VPOS="2427" WIDTH="104" HEIGHT="29" WC="0.93" CONTENT="vilket"/><SP WIDTH="25" VPOS="2427" HPOS="264"/>
							<String ID="string_445" HPOS="289" VPOS="2426" WIDTH="337" HEIGHT="38" WC="0.91" CONTENT="naturtillgångarna"/><SP WIDTH="28" VPOS="2426" HPOS="626"/>
							<String ID="string_446" HPOS="654" VPOS="2427" WIDTH="182" HEIGHT="38" WC="0.96" CONTENT="utnyttjas."/><SP WIDTH="24" VPOS="2427" HPOS="836"/>
							<String ID="string_447" HPOS="860" VPOS="2427" WIDTH="180" HEIGHT="29" WC="0.96" CONTENT="Tekniken"/><SP WIDTH="27" VPOS="2427" HPOS="1040"/>
							<String ID="string_448" HPOS="1067" VPOS="2427" WIDTH="58" HEIGHT="38" WC="0.96" CONTENT="gör"/><SP WIDTH="25" VPOS="2427" HPOS="1125"/>
							<String ID="string_449" HPOS="1150" VPOS="2427" WIDTH="55" HEIGHT="29" WC="0.96" CONTENT="det"/><SP WIDTH="26" VPOS="2427" HPOS="1205"/>
							<String ID="string_450" HPOS="1231" VPOS="2436" WIDTH="143" HEIGHT="20" WC="0.96" CONTENT="numera"/><SP WIDTH="26" VPOS="2436" HPOS="1374"/>
							<String ID="string_451" HPOS="1400" VPOS="2428" WIDTH="136" HEIGHT="38" WC="0.96" CONTENT="möjligt"/><SP WIDTH="26" VPOS="2428" HPOS="1536"/>
							<String ID="string_452" HPOS="1562" VPOS="2430" WIDTH="47" HEIGHT="27" WC="0.95" CONTENT="att"/><SP WIDTH="27" VPOS="2430" HPOS="1609"/>
							<String ID="string_453" HPOS="1636" VPOS="2428" WIDTH="6" HEIGHT="28" WC="0.96" CONTENT="i"/>
						</TextLine>
					</TextBlock>
				</ComposedBlock>
			</PrintSpace>
		</Page>
	</Layout>
</alto>
