1892 2772
488 155 388 31 Jordbruksutskottets
898 154 178 30 utlåtande
1096 163 42 19 nr
1161 154 13 28 1
1197 153 38 29 år
1258 153 79 28 1964
1617 151 37 30 91

176 239 111 38 punkt
313 237 125 39 ansågs
465 237 179 38 angeläget
671 237 50 28 att
746 235 67 29 öka
841 233 438 40 produktionsunderlaget
1308 232 53 29 för
1389 240 42 21 en
1460 231 90 29 ökad
1580 230 77 28 livs-

176 282 344 40 medelsproduktion
549 289 124 31 genom
701 282 49 28 att
779 279 173 39 torrlägga
980 278 140 30 marker
1149 278 54 29 för
1232 277 175 39 nyodling.
1438 276 122 29 Denna
1591 275 68 38 lag-

176 328 161 39 stiftning
356 327 62 30 har
440 327 88 29 dock
549 334 124 31 genom
695 324 309 40 kompletteringar
1027 323 189 30 successivt
1237 323 184 38 anpassats
1444 320 53 30 till
1520 319 139 31 utveck-

178 374 113 38 lingen
311 373 43 29 bl.
375 382 29 20 a.
426 380 125 31 genom
574 370 83 30 1920
678 370 56 30 års
756 370 54 39 lag
831 379 56 20 om
909 368 301 39 kloakledningar,
1232 376 74 20 som
1329 366 109 30 erhöll
1461 375 46 29 ny
1530 365 128 39 lydelse

176 419 38 29 år
239 417 78 31 1941
345 418 78 29 med
445 416 262 30 bestämmelser
732 424 56 20 om
812 414 160 40 åtgärder
997 413 54 30 för
1077 412 248 30 motverkande
1350 420 42 21 av
1417 410 242 38 föroreningar

176 463 64 30 och
263 463 158 39 skärptes
444 462 199 39 ytterligare
667 468 123 32 genom
814 459 246 40 lagändringar
1085 458 93 29 1956.

221 508 78 29 Med
323 508 76 29 stöd
424 517 42 20 av
491 506 148 30 sålunda
665 505 159 40 gällande
851 503 261 31 bestämmelser
1138 503 10 29 i
1175 502 219 39 vattenlagen
1421 501 132 29 hävdas
1581 499 78 29 från

179 552 275 40 markägarehåll
479 552 62 30 allt
565 551 160 33 hårdare,
750 552 50 27 att
825 551 143 28 tätorter
994 549 65 29 och
1084 548 190 30 industrier
1300 555 45 21 m.
1371 546 36 29 fl.
1435 554 74 20 som
1537 553 122 30 genom

178 598 246 39 kloakutsläpp
453 604 58 32 ger
543 596 140 40 upphov
710 595 51 30 till
793 596 82 28 ökat
906 593 327 30 underhållsbesvär
1265 600 123 31 genom
1420 592 50 29 att
1502 590 159 39 igenväx-

180 644 81 37 ning
288 643 64 28 och
380 641 249 38 slambildning
656 641 10 28 i
692 640 251 38 vattendragen
972 639 79 29 sker
1079 638 179 32 snabbare,
1289 636 87 30 skall
1406 636 94 29 delta
1527 635 11 29 i
1567 636 93 28 kost-

179 688 153 30 naderna
357 687 53 29 för
435 686 268 38 vattendragens
730 684 193 30 underhåll.
949 684 65 29 Det
1040 682 62 30 har
1130 682 109 29 under
1266 690 120 20 senare
1413 680 37 30 år
1477 679 97 30 blivit
1601 679 60 29 allt

179 733 185 39 vanligare,
393 734 49 27 att
471 731 110 29 större
610 729 229 39 årensningar
867 729 30 38 ej
930 728 158 29 kommer
1119 727 50 29 till
1201 726 185 29 utförande
1416 725 80 29 med
1525 724 137 29 mindre

179 778 173 29 särskilda
376 777 139 38 statliga
539 775 65 30 och
628 774 228 30 kommunala
880 773 121 39 bidrag
1026 772 98 29 ställs
1150 772 9 28 i
1186 771 119 29 utsikt.
1333 770 79 30 Som
1438 769 155 39 exempel
1620 768 43 39 på

179 825 46 28 ett
249 822 112 40 dylikt
385 822 133 38 företag
542 820 58 30 må
624 820 147 29 nämnas
797 817 442 38 Kvismaredalsföretaget,
1263 815 115 30 vartill
1404 815 161 39 beviljats
1591 814 71 28 sär-

180 868 114 29 skilda
315 867 120 39 bidrag
457 866 107 39 enligt
586 865 113 30 beslut
722 874 42 21 av
788 864 82 30 1962
893 863 57 30 års
973 862 153 39 riksdag.
1151 862 63 29 Det
1239 859 324 40 utredningsarbete
1588 867 74 21 som

180 913 109 29 måste
313 912 118 39 föregå
454 913 48 28 ett
525 911 125 30 sådant
672 909 114 30 beslut
810 910 49 33 är,
884 908 116 29 såsom
1024 907 260 29 motionärerna
1309 904 206 34 framhållit,
1539 905 125 38 ytterst

180 957 247 30 tidskrävande
448 956 64 30 och
532 955 146 30 behovet
698 964 42 20 av
760 963 68 30 nya
848 953 111 39 regler
979 953 65 29 och
1066 950 390 41 organisationsformer
1478 958 75 20 som
1576 948 88 39 möj-

181 1003 107 39 liggör
305 1011 40 21 en
364 1001 198 39 förenkling
580 1009 41 21 av
636 999 220 30 förfarandet
872 998 63 29 har
953 998 99 38 länge
1069 997 92 39 gjort
1180 996 51 39 sig
1247 995 169 40 gällande.

224 1074 13 29 I
264 1074 97 39 fråga
388 1083 54 19 om
470 1073 107 29 redan
605 1071 176 40 pågående
810 1069 226 39 utredningar
1064 1069 44 38 på
1136 1066 227 31 förevarande
1391 1065 143 30 område
1562 1064 102 30 anför

181 1128 168 39 styrelsen
377 1127 166 39 följande.

225 1191 96 29 Efter
347 1189 259 38 framställning
630 1198 42 19 av
697 1186 356 39 lantbruksstyrelsen
1080 1184 191 30 tillkallade
1296 1183 125 39 Kungl.
1449 1183 105 38 Maj:t
1584 1181 80 29 1962

182 1236 150 29 särskild
351 1234 200 39 sakkunnig
570 1234 53 29 för
643 1235 49 27 alt
711 1232 188 30 verkställa
918 1232 146 37 översyn
1085 1240 41 20 av
1146 1229 237 38 vattenlagens
1403 1226 262 31 bestämmelser

181 1281 148 29 rörande
356 1280 237 38 torrläggning
620 1287 41 21 av
688 1277 110 30 mark.
826 1277 126 29 Vidare
980 1275 210 30 tillkallades
1221 1273 83 30 1959
1332 1272 151 30 särskild
1512 1271 155 30 sakkun-

183 1327 56 38 nig
263 1325 53 30 för
340 1327 49 28 att
413 1324 189 30 verkställa
625 1322 187 39 utredning
836 1321 149 30 rörande
1008 1320 92 30 vissa
1125 1319 166 40 problem,
1316 1318 93 29 vilka
1434 1317 231 39 uppkommer

185 1380 74 20 som
295 1369 303 40 följdverkningar
634 1377 41 20 av
711 1367 110 29 större
858 1364 393 41 torrläggningsföretag
1293 1361 372 38 (Emåutredningen).

184 1416 279 38 Utredningarna
481 1414 64 29 har
563 1414 96 29 ännu
677 1413 71 29 inte
767 1412 176 29 avlämnat
964 1411 224 38 slutrapport.

227 1462 63 28 Det
309 1460 57 29 må
383 1460 86 29 även
488 1459 134 29 erinras
642 1467 67 25 om,
727 1459 51 28 att
800 1456 81 30 1953
901 1456 55 29 års
977 1453 408 31 vattenvårdskommitté
1407 1452 179 29 fortsätter
1608 1450 58 29 sitt

185 1504 322 40 utredningsarbete
535 1503 78 30 med
641 1512 41 20 en
711 1502 149 38 förnyad
887 1501 147 37 översyn
1063 1509 42 20 av
1133 1497 267 31 vattenvårdens
1429 1495 238 40 organisation

184 1551 63 29 och
270 1551 9 28 i
304 1550 168 29 samband
496 1548 144 30 därmed
665 1547 122 39 frågan
812 1555 56 20 om
893 1544 226 31 anordnande
1144 1553 41 20 av
1209 1540 378 32 vattenvårdsförbund
1614 1540 53 29 för

184 1596 119 38 tillsyn
324 1604 41 20 av
386 1594 173 29 särskilda
579 1592 205 38 vattendrag
806 1592 81 29 eller
909 1589 286 31 vattenområden
1217 1589 91 28 samt
1330 1586 123 39 frågan
1476 1595 56 19 om
1555 1585 114 29 forsk-

186 1641 81 38 ning
292 1640 94 29 inom
414 1638 259 31 vattenvården.

230 1685 11 28 I
268 1685 90 39 syfte
382 1686 51 28 att
458 1684 100 29 finna
583 1692 42 20 en
650 1681 144 40 lämplig
819 1682 90 28 form
937 1680 53 29 för
1015 1678 223 38 översiktliga
1266 1677 226 38 utredningar
1520 1675 147 29 rörande

186 1729 225 39 samordning
435 1738 41 20 av
500 1727 244 39 förbättrings-
767 1726 65 30 och
858 1723 365 40 underhållsåtgärder
1249 1723 95 28 inom
1369 1723 47 28 ett
1443 1721 64 29 och
1534 1729 135 20 samma

185 1774 357 39 vattendragssystem
565 1774 91 28 samt
680 1769 313 32 åstadkommande
1019 1769 9 28 i
1055 1768 170 30 samband
1250 1767 142 29 därmed
1420 1775 41 20 av
1486 1775 42 20 en
1554 1765 115 38 rimlig

187 1818 369 39 kostnadsfördelning
575 1817 127 29 mellan
723 1816 93 29 olika
835 1816 341 36 intressentgrupper
1197 1812 62 29 har
1279 1811 117 29 vidare
1418 1810 124 39 Kungl.
1565 1810 103 38 Maj:t

190 1863 80 30 1962
293 1862 93 31 ställt
409 1862 40 30 30
462 1863 60 29 000
544 1863 51 28 kr.
616 1862 50 29 till
690 1859 369 36 lantbruksstyrelsens
1082 1856 204 37 förfogande
1309 1856 54 29 för
1384 1865 40 19 en
1449 1854 149 30 särskild
1622 1856 49 27 ut-

190 1909 142 37 redning
359 1907 147 29 rörande
533 1905 390 38 vattendragssystemet
950 1902 160 38 Sävjaån,
1137 1901 168 28 Funboån
1331 1900 62 28 och
1423 1900 121 28 Storån
1575 1899 92 27 inom

189 1951 151 39 Uppsala
369 1951 62 29 och
465 1949 219 30 Stockholms
716 1949 67 29 län.
815 1946 311 38 Undersökningen
1160 1945 135 29 bedrivs
1327 1945 8 27 i
1367 1943 194 29 samarbete
1593 1942 77 29 med

187 1996 42 29 bl.
264 2006 28 19 a.
329 1992 399 40 lantbrukshögskolans
762 1991 198 29 institution
997 1990 53 29 för
1085 1988 217 30 lantbrukets
1339 1987 231 39 hydroteknik
1608 1987 64 27 och

188 2040 243 40 limnologiska
458 2038 245 30 institutionen
731 2037 57 29 vid
816 2036 151 39 Uppsala
997 2035 213 29 universitet.

231 2114 138 28 Statens
400 2109 346 31 naturvårdsnämnd
779 2107 214 33 framhåller,
1026 2108 50 27 att
1108 2105 246 37 vattendragen
1391 2105 152 27 förutom
1578 2103 93 37 bety-

189 2167 91 28 delse
299 2166 52 28 för
371 2164 233 30 samfärdseln
624 2162 71 29 ofta
715 2162 63 28 har
798 2163 47 27 ett
865 2160 136 38 mycket
1022 2161 85 26 stort
1129 2158 220 29 ekonomiskt
1371 2157 102 28 värde
1495 2157 54 28 för
1569 2157 102 36 ägare

189 2229 40 19 av
252 2218 186 38 fallhöjder
461 2217 65 28 och
549 2216 89 29 fiske
659 2216 64 28 och
746 2215 101 28 anför
870 2215 60 31 att,
953 2214 85 27 även
1062 2221 55 19 om
1142 2212 53 28 det
1220 2211 195 29 allmännas
1440 2209 231 38 övertagande

190 2282 40 19 av
255 2272 159 29 ansvaret
444 2270 52 28 för
525 2270 40 28 de
594 2269 108 27 större
732 2267 266 37 vattendragens
1029 2265 162 28 funktion
1222 2263 180 37 onekligen
1435 2263 112 27 skulle
1578 2262 94 28 inne-

191 2324 80 28 bära
297 2332 40 19 en
367 2323 6 28 i
402 2321 227 28 förevarande
656 2319 256 36 sammanhang
937 2317 158 29 rationell
1125 2316 144 36 lösning,
1298 2315 218 28 sistnämnda
1546 2314 128 27 förhål-

192 2378 98 29 lande
320 2385 101 30 synes
452 2376 66 29 tala
549 2376 72 27 mot
650 2375 49 27 att
728 2382 41 20 en
800 2372 167 29 eventuell
1003 2370 184 37 utredning
1219 2369 146 29 inriktas
1398 2368 40 38 på
1470 2370 45 26 ett
1549 2368 122 28 sådant

190 2430 239 38 övertagande.
454 2426 392 31 Nalurvårdsnämnden
874 2425 115 28 finner
1014 2423 145 29 sålunda
1187 2423 72 28 skäl
1289 2422 149 30 förorda,
1465 2423 46 26 att
1538 2431 39 17 en
1607 2421 65 27 för-
