1882 2776
253 122 19 30 8
570 123 387 33 Jordbruksutskottets
979 126 178 30 utlåtande
1177 136 40 20 nr
1240 129 13 28 1
1277 128 39 29 år
1338 129 82 29 1964

254 200 82 29 råds
355 201 203 40 förfogande
577 212 80 20 men
675 204 56 29 vill
750 205 10 28 i
778 205 100 38 fråga
895 214 56 21 om
969 207 110 28 medel
1099 207 51 29 till
1170 207 163 39 utvidgad
1353 209 383 38 uplysningsverksam-

255 244 57 30 het
335 244 187 32 framhålla
544 249 51 27 att
616 247 101 30 dessa
738 248 62 30 bör
821 249 151 30 fördelas
994 249 72 31 lika
1087 250 127 30 mellan
1238 251 400 40 lantbrukshögskolans
1661 263 74 30 spe-

255 288 273 41 cialrådgivning
560 292 65 28 och
655 292 226 39 jordbrukets
914 294 373 39 upplysningsnämnd.
1320 296 414 41 Lantbrukshögskolans

256 333 336 41 specialrådgivning
621 336 68 29 kan
719 344 123 30 genom
874 338 52 29 sin
956 338 218 39 anknytning
1204 340 49 29 till
1284 341 241 29 institutionen
1559 343 54 28 för
1642 344 93 28 växt-

254 376 128 40 odling,
404 379 62 28 där
485 388 41 20 en
547 379 216 31 omfattande
787 380 183 41 forskning
990 383 65 29 och
1075 383 363 31 försöksverksamhet
1459 387 78 28 med
1559 388 100 36 ogräs
1681 387 54 29 be-

253 421 125 35 drives,
404 422 170 30 beräknas
600 423 141 31 komma
768 427 49 28 att
842 425 160 31 effektivt
1027 427 187 30 medverka
1238 429 10 28 i
1275 428 204 40 rådgivning
1505 431 64 29 och
1597 432 138 38 upplys-

255 465 82 39 ning
356 467 146 30 rörande
521 468 100 38 ogräs
641 478 55 19 om
715 470 65 29 den
800 470 147 30 erhåller
966 470 118 30 därför
1104 472 224 40 erforderliga
1349 483 164 21 resurser.

297 536 390 40 Lantbruksstyrelsens
712 541 286 38 remissyttrande
1022 542 192 29 innehåller
1239 543 166 39 följande.

297 598 370 41 Lantbruksstyrelsen
696 602 69 29 kan
792 603 153 31 vitsorda
972 606 49 28 att
1048 605 203 39 flyghavren
1278 606 38 28 är
1344 607 50 29 till
1422 609 71 27 stor
1520 608 110 30 skada
1658 610 8 28 i
1694 610 40 28 de

253 643 354 38 spannmålsodlande
636 646 189 30 områdena
852 648 64 29 och
943 649 9 28 i
981 649 187 38 synnerhet
1196 650 61 28 där
1286 651 258 40 specialisering
1572 652 90 30 skett
1692 654 41 38 på

253 688 341 40 spannmålsgrödor.

296 731 59 30 Att
379 732 371 41 flyghavreproblemet
777 736 162 30 tillmätes
963 739 71 28 stor
1058 737 172 39 betydelse
1255 738 155 40 framgår
1433 740 44 31 bl.
1502 751 28 19 a.
1555 741 106 30 därav
1686 744 47 27 alt

252 775 173 31 särskilda
446 777 249 40 författningar
716 788 56 21 om
793 779 112 39 skydd
925 783 72 28 mot
1018 781 179 39 flyghavre
1218 783 63 29 har
1304 784 173 30 utfärdats
1504 785 135 33 (senast
1660 786 74 30 SFS

254 819 99 30 1961:
371 821 38 30 77
436 822 63 29 och
528 822 187 34 1961:78).
742 824 82 30 Däri
852 824 188 31 föreskrivs
1066 826 43 29 bl.
1137 836 28 20 a.
1192 827 161 38 åtgärder
1378 829 10 28 i
1415 829 90 38 syfte
1531 831 49 28 att
1607 830 124 30 hindra

251 864 227 40 spridningen
501 876 40 20 av
564 866 179 39 flyghavre
765 869 56 29 vid
844 869 200 30 överlåtelse
1067 871 65 29 och
1156 873 175 37 transport
1355 882 40 20 av
1418 875 126 28 svensk
1565 874 83 30 eller
1671 875 62 29 im-

250 910 163 37 porterad
432 911 195 38 spannmål.
647 912 124 30 Vidare
791 913 99 39 ingår
909 914 209 30 fakultativa
1136 915 271 37 bestämmelser,
1427 918 236 31 innebärande
1684 922 48 27 att

251 953 125 39 Kungl.
403 954 104 39 Maj:t
532 956 44 38 på
603 956 259 41 framställning
890 968 41 20 av
955 958 403 42 hushållningssällskap
1384 962 79 38 äger
1490 962 167 31 förordna
1684 967 47 26 att

250 997 180 39 flyghavre
450 1000 88 29 skall
557 999 189 40 bekämpas
768 1002 94 29 inom
883 1002 206 40 sällskapets
1110 1004 140 30 område
1270 1005 83 29 eller
1372 1006 53 29 del
1446 1006 116 36 därav,
1583 1008 119 29 varvid
1724 1009 7 27 i

251 1041 151 31 särskild
428 1044 148 39 ordning
603 1045 175 30 fastställd
804 1047 83 38 plan
914 1047 88 30 skall
1028 1047 116 40 följas.
1172 1049 136 30 Sådana
1334 1050 160 39 åtgärder
1520 1052 63 29 har
1611 1052 122 30 aktua-

250 1085 137 31 liserats
411 1088 43 38 på
477 1088 151 30 initiativ
651 1089 81 30 åren
759 1090 79 30 1961
866 1091 64 29 och
956 1092 81 31 1962
1063 1102 41 20 av
1127 1093 446 42 hushållningssällskapen
1599 1097 10 29 i
1634 1097 98 29 Väst-

249 1131 196 35 manlands,
471 1133 207 37 Malmöhus,
704 1134 264 37 Kristianstads,
995 1136 166 30 Gotlands
1187 1138 64 29 och
1276 1138 184 40 Älvsborgs
1485 1140 69 30 län.

292 1174 218 39 Flyghavren
531 1178 65 29 och
617 1177 77 30 dess
716 1178 241 40 bekämpande
978 1181 37 28 är
1036 1181 118 30 vidare
1176 1182 145 30 föremål
1345 1183 53 29 för
1421 1184 150 30 intensiv
1593 1186 139 38 upplys-

249 1219 116 39 nings-
389 1222 64 28 och
476 1221 449 40 rådgivningsverksamhet
950 1225 105 30 bland
1080 1226 134 30 landets
1239 1227 127 30 odlare.

292 1263 143 31 Liksom
455 1266 259 31 motionärerna
736 1278 101 19 anser
857 1268 355 41 lantbruksstyrelsen
1235 1272 179 39 angeläget
1435 1275 49 27 att
1504 1283 82 20 man
1607 1282 122 31 genom

248 1308 218 40 forsknings-
490 1311 65 29 och
579 1310 363 32 försöksverksamhet
968 1314 102 29 söker
1095 1315 98 29 finna
1217 1316 155 29 metoder
1398 1317 53 28 för
1477 1319 48 28 att
1550 1319 45 28 än
1620 1318 110 30 bättre

247 1352 143 31 komma
410 1354 50 29 till
482 1355 90 29 rätta
592 1357 78 28 med
692 1356 381 40 flyghavreproblemet.

293 1397 174 39 Styrelsen
498 1400 64 29 har
594 1400 171 30 inhämtat
799 1404 50 27 att
882 1402 216 40 forsknings-
1130 1405 64 28 och
1227 1405 414 41 försöksavdelningarna
1674 1409 53 28 vid

248 1441 399 40 lantbrukshögskolans
665 1445 198 30 institution
883 1447 53 28 för
953 1447 200 40 växtodling
1171 1449 62 28 har
1252 1451 47 28 ett
1319 1449 113 30 flertal
1452 1451 278 40 undersökning-

246 1494 38 20 ar
307 1486 148 31 rörande
480 1487 179 40 flyghavre
681 1490 43 37 på
750 1490 76 29 sina
851 1490 288 40 arbetsprogram.
1164 1493 50 28 En
1239 1494 284 39 grundläggande
1548 1496 182 30 förutsätt-

247 1530 83 39 ning
346 1531 54 29 för
415 1533 48 28 att
478 1533 114 28 denna
607 1534 221 29 verksamhet
845 1535 87 29 skall
949 1536 119 30 kunna
1084 1537 157 29 bedrivas
1256 1538 162 30 effektivt
1434 1539 63 30 och
1514 1540 217 39 framgångs-

246 1574 69 30 rikt
340 1576 38 28 är
402 1575 142 38 givetvis
568 1579 50 28 att
643 1577 208 40 tillräckliga
875 1580 110 29 medel
1011 1580 97 30 ställs
1131 1581 51 29 till
1208 1581 206 39 förfogande
1440 1583 54 30 för
1517 1585 211 30 ändamålet.

246 1619 64 29 Det
329 1621 96 29 torde
445 1620 82 30 böra
547 1621 187 30 ankomma
755 1623 43 39 på
818 1623 380 40 lantbrukshögskolan
1218 1628 49 28 att
1286 1627 57 29 vid
1363 1628 225 39 uppgörande
1608 1639 42 20 av
1669 1630 59 29 sitt

245 1663 303 40 försöksprogram
575 1666 89 29 tillse
690 1669 48 27 att
764 1667 123 39 frågan
913 1677 55 21 om
995 1669 436 41 flyghavrebekämpandet
1458 1672 64 30 blir
1547 1674 182 29 vederbör-

245 1707 90 38 ligen
355 1708 147 31 beaktad
522 1713 91 27 samt
632 1714 47 26 att
700 1711 154 30 beräkna
873 1713 226 39 erforderliga
1119 1715 110 29 medel
1248 1715 131 30 härför.

287 1779 475 41 Hushållningssällskapens
783 1783 155 38 förbund
959 1784 61 29 har
1044 1785 7 28 i
1075 1785 57 29 sitt
1155 1786 186 29 remissvar
1363 1788 126 28 anfört.

289 1842 80 28 Som
400 1843 133 30 anförts
566 1845 7 27 i
604 1845 219 30 motionerna
853 1847 99 37 utgör
982 1847 66 29 den
1079 1848 111 29 ökade
1220 1848 421 39 flyghavreförekomsten
1673 1852 53 29 för

243 1885 218 31 närvarande
483 1889 48 28 ett
556 1898 41 19 av
620 1888 41 30 de
685 1888 246 40 besvärligaste
955 1891 199 38 problemen
1180 1892 53 29 för
1257 1893 245 40 växtodlingen
1527 1895 95 30 inom
1647 1896 79 29 fler-

242 1929 84 30 talet
347 1940 42 20 av
408 1931 83 30 våra
511 1931 183 40 viktigaste
714 1933 371 38 jordbruksområden.
1107 1936 433 39 Flyghavreförekomsten
1562 1940 64 29 har
1647 1941 79 29 ock-

242 1974 38 28 så
305 1977 70 35 gett
401 1975 186 40 anledning
612 1976 51 30 till
689 1977 160 38 åtgärder
875 1978 78 30 från
978 1981 291 29 statsmakternas
1295 1981 85 30 sida.
1406 1983 125 30 Vidare
1557 1984 63 29 har
1647 1985 78 29 från

242 2018 42 29 bl.
305 2028 28 20 a.
352 2019 466 41 hushållningssällskapens
837 2023 76 29 sida
930 2024 191 39 igångsatts
1140 2026 90 28 olika
1250 2026 160 37 åtgärder
1429 2028 53 28 för
1501 2024 223 48 flyghavrens

241 2062 241 40 bekämpande
499 2065 64 29 och
580 2065 54 29 för
652 2068 48 27 att
718 2066 170 39 begränsa
904 2068 77 29 dess
999 2069 191 39 spridning.

285 2106 197 41 Forskning
501 2110 64 28 och
586 2110 119 29 försök
725 2111 43 38 på
788 2111 156 30 området
965 2113 204 30 ankommer
1190 2115 7 28 i
1219 2115 109 29 första
1349 2116 92 29 hand
1462 2117 43 38 på
1524 2117 201 31 lantbruks-

240 2151 205 38 högskolan.
464 2154 47 28 De
531 2154 303 39 undersökningar
853 2157 65 28 och
935 2157 65 29 den
1019 2157 362 32 försöksverksamhet
1400 2160 43 39 på
1463 2161 166 35 området,
1649 2172 72 20 som

239 2194 63 29 där
327 2195 244 37 förekommer,
597 2199 38 28 är
660 2198 191 31 emellertid
876 2201 9 28 i
910 2200 226 32 betraktande
1162 2212 41 20 av
1228 2203 391 41 flyghavreproblemets
1644 2207 80 29 eko-

240 2239 162 30 nomiska
420 2242 298 40 storleksordning
735 2244 76 29 icke
830 2254 42 19 av
889 2245 65 30 den
972 2246 221 39 omfattning,
1214 2257 73 20 som
1308 2248 53 30 får
1380 2258 100 20 anses
1498 2259 83 21 vara
1599 2251 124 29 behöv-

240 2283 44 39 lig
300 2285 65 28 och
381 2286 184 30 önskvärd.
584 2287 114 30 Skälet
716 2288 117 30 härtill
850 2290 39 28 är
905 2291 48 28 att
970 2290 211 38 högskolans
1199 2300 155 22 resurser
1371 2294 64 29 och
1450 2294 44 30 då
1511 2294 125 31 främst
1654 2295 69 30 för-

238 2327 240 40 söksanslaget
501 2330 76 30 icke
600 2331 121 29 räcker
744 2332 62 30 till.
830 2332 355 41 Förbundsstyrelsen
1210 2345 101 21 anser
1335 2337 119 30 därför
1477 2339 10 29 i
1510 2339 110 29 likhet
1644 2341 77 29 med

238 2372 260 32 motionärerna
520 2375 56 29 det
602 2384 40 21 ur
663 2375 227 39 jordbrukets
914 2379 180 38 synpunkt
1116 2389 82 20 vara
1220 2380 179 40 angeläget
1423 2383 78 29 med
1524 2392 42 20 en
1591 2384 129 29 allmän

238 2416 240 41 förstärkning
494 2428 41 20 av
550 2420 196 29 insatserna
762 2421 43 39 på
821 2422 166 31 området.
1004 2423 51 29 En
1072 2424 107 29 sådan
1197 2425 240 40 förstärkning
1453 2427 60 29 bör
1529 2428 191 30 emellertid

238 2460 119 29 ställas
383 2462 49 29 till
458 2462 399 40 lantbrukshögskolans
883 2466 204 38 förfogande
1112 2469 62 28 och
1199 2469 70 30 inte
1295 2479 74 20 som
1395 2471 196 39 föreslagits
1616 2474 8 28 i
1651 2482 70 20 mo-
