1888 2768
251 98 62 31 110
578 100 385 35 Jordbruksutskottets
981 106 178 31 utlåtande
1175 117 42 20 nr
1236 110 14 28 1
1269 109 39 29 år
1326 110 82 30 1964

296 175 173 31 Utskottet
491 177 65 29 har
579 178 75 30 icke
678 180 117 30 funnit
820 182 188 41 anledning
1032 185 51 29 till
1107 186 140 30 erinran
1271 191 73 27 mot
1367 189 125 39 Kungl.
1517 191 123 39 Maj:ts
1665 194 68 28 för-

250 228 75 39 slag
344 231 50 28 att
412 229 268 39 ifrågavarande
701 233 166 40 fastighet
887 237 168 38 upptages
1077 239 51 28 till
1149 240 223 40 redovisning
1394 243 110 29 under
1525 244 208 31 domänfon-

249 280 67 29 den
332 282 64 29 och
412 285 49 28 att
475 284 262 31 domänfonden
753 287 10 29 i
779 288 177 40 sedvanlig
973 291 148 39 ordning
1136 294 173 38 gottgöres
1326 294 289 41 köpeskillingen.
1633 299 11 28 I
1661 308 71 20 mo-

248 333 192 40 tionsparet
464 336 29 29 I:
509 337 64 30 233
597 339 63 29 och
684 339 45 29 II:
745 340 62 31 282
832 341 189 32 framställt
1046 345 294 40 avslagsyrkande
1364 348 152 31 biträdes
1541 350 132 31 således
1698 353 30 38 ej

248 395 43 21 av
310 388 179 38 utskottet,
511 399 75 20 som
607 391 210 37 hemställer,
1557 415 2 2 :

602 445 48 29 att
669 445 187 40 riksdagen
874 449 67 34 må,
962 450 79 29 med
1061 450 98 30 bifall
1179 452 51 29 till
1251 452 125 40 Kungl.
1397 454 124 40 Maj:ts
1543 456 189 31 framställ-

557 497 83 39 ning
663 501 89 28 samt
775 501 78 29 med
877 502 117 39 avslag
1017 503 20 29 å
1058 504 221 31 motionerna
1301 506 28 30 1:
1346 507 63 30 233
1432 509 65 29 och
1520 509 45 30 II:
1583 510 72 35 282,
1679 512 50 28 till

556 550 203 42 Ersättning
776 553 52 30 till
842 554 268 33 domänverkets
1125 559 192 39 markfond
1333 560 53 29 för
1403 561 204 40 budgetåret
1627 565 102 34 1964/

556 604 41 29 65
617 605 119 30 anvisa
755 608 48 28 ett
820 607 354 42 investeringsanslag
1193 620 42 21 av
1254 612 62 30 500
1331 613 63 30 000
1413 614 52 31 kr.

290 777 114 36 135:0)
427 780 323 38 Byggnadsarbeten
769 794 43 20 m.
833 795 43 20 m.
895 786 58 30 vid
972 787 93 31 vissa
1085 789 56 29 för
1160 789 396 38 lantbrukshögskolans
1575 795 153 30 försöks-

244 830 219 32 verksamhet
483 833 228 36 disponerade
732 836 407 39 jordbruksegendomar.
1161 841 117 31 Under
1301 844 158 38 punkten
1485 846 59 29 161
1576 847 43 34 (s.
1644 848 79 32 290)

242 883 65 31 har
324 885 122 38 Kungl.
462 887 104 37 Maj:t
583 888 174 32 hemställt
776 900 55 20 om
849 892 315 41 medelsanvisning
1181 897 78 29 med
1277 897 40 30 64
1330 898 59 30 000
1408 899 62 34 kr.,
1490 909 106 21 varav
1618 902 35 30 10
1666 902 60 30 000

242 936 53 29 kr.
320 937 54 29 för
398 939 271 39 torrläggnings-
692 942 65 30 och
781 943 344 40 planeringsarbeten
1148 948 58 30 vid
1231 949 274 38 Röbäcksdalen,
1531 952 42 30 20
1587 953 64 30 000
1674 954 52 29 kr.

243 990 56 30 för
319 991 174 39 inhägnad
514 1003 44 21 av
579 994 155 31 fårbeten
756 997 58 30 vid
836 998 292 37 Stornorrforsen,
1150 1002 271 37 Röbäcksdalen,
1445 1006 65 29 och
1533 1007 39 30 34
1586 1007 61 30 000
1672 1009 52 29 kr.

242 1043 55 28 för
316 1043 230 43 täckdikning
565 1047 57 30 vid
642 1048 197 40 Stenstugu,
859 1050 104 31 Wiad
983 1053 65 29 och
1068 1049 148 49 Ugerup.

286 1149 174 32 Utskottet
480 1152 154 30 biträder
656 1154 124 39 Kungl.
804 1156 122 40 Maj:ts
949 1158 132 41 förslag
1102 1160 64 29 och
1187 1160 212 38 hemställer,

594 1208 49 28 att
659 1208 188 40 riksdagen
864 1210 57 30 må
938 1211 52 30 till
1007 1212 328 40 Byggnadsarbeten
1354 1225 46 20 m.
1418 1226 46 20 m.
1485 1218 57 30 vid
1560 1219 90 30 vissa
1667 1220 57 39 för

550 1259 398 42 lantbrukshögskolans
976 1265 366 39 försöksverksamhet
1371 1269 231 40 disponerade
1630 1273 95 39 jord-

550 1312 319 41 bruksegendomar
892 1316 55 30 för
970 1317 189 40 budgeåret
1186 1320 149 37 1964/65
1359 1323 121 30 anvisa
1505 1326 48 28 ett
1578 1325 145 30 investe-

546 1365 221 42 ringsanslag
785 1377 43 21 av
846 1369 41 30 64
900 1369 63 31 000
983 1370 52 31 kr.

626 1520 154 37 Statens
809 1523 193 37 allmänna
1031 1525 298 49 fastighetsfond

282 1611 113 36 136:0)
415 1614 324 35 Byggnadsarbeten
756 1617 57 30 vid
829 1618 309 37 skogshögskolan.
1157 1622 115 30 Under
1289 1625 155 36 punkten
1464 1626 61 30 163
1549 1628 43 34 (s.
1613 1628 105 29 291—

234 1664 81 35 292)
338 1664 64 31 har
420 1665 127 40 Kungl.
567 1667 104 40 Maj:t
690 1669 178 41 föreslagit
887 1681 42 20 en
947 1673 320 42 medelsanvisning
1286 1686 42 20 av
1347 1677 39 30 50
1401 1678 64 30 000
1483 1679 53 30 kr.

277 1717 357 42 Byggnadsstyrelsen
654 1721 63 30 har
737 1722 178 32 hemställt
935 1727 50 28 att
1005 1726 63 29 460
1083 1727 63 30 000
1165 1728 52 30 kr.
1239 1730 138 30 anvisas
1399 1731 54 29 för
1473 1732 183 40 inredning
1676 1745 40 19 av

232 1770 305 40 vindsutrymmen
556 1774 58 30 vid
634 1775 299 40 skogshögskolan
954 1779 65 29 och
1040 1779 41 30 60
1095 1780 63 29 000
1177 1781 52 30 kr.
1251 1782 55 29 för
1325 1783 172 41 påbörjad
1517 1786 200 40 mässbygg-

232 1824 70 29 nad
319 1825 57 29 vid
394 1825 319 41 skogshögskolans
731 1829 230 41 försökspark
978 1832 58 30 vid
1054 1833 194 39 Bogesund.

276 1930 97 30 Efter
403 1932 217 39 redogörelse
650 1935 53 29 för
733 1935 369 42 byggnadsstyrelsens
1132 1941 404 43 anslagsframställning
1566 1946 63 30 har
1659 1948 57 29 de-

229 1984 343 41 partementschefen
593 1987 116 31 anfört
729 1988 167 39 följande.

276 2037 85 39 >Jag
381 2038 64 29 har
466 2038 89 31 intet
577 2041 51 28 att
647 2040 153 31 invända
821 2044 73 28 mot
915 2043 370 42 byggnadsstyrelsens
1308 2049 234 40 beräkningar
1566 2053 146 30 rörande

229 2090 237 31 kostnaderna
490 2092 56 29 för
570 2093 300 40 mässbyggnaden
895 2097 57 30 vid
977 2098 276 40 försöksparken
1276 2102 12 29 i
1311 2102 195 39 Bogesund.
1531 2105 117 31 Behov
1672 2117 41 19 av

229 2144 200 39 ytterligare
461 2145 113 30 medel
608 2146 55 29 för
694 2149 50 29 att
776 2148 154 31 bestrida
960 2150 420 40 byggnadskostnaderna
1413 2157 98 30 torde
1544 2159 166 40 föreligga

227 2198 108 29 redan
369 2199 111 30 under
514 2200 236 32 innevarande
785 2202 179 40 budgetår.
1001 2204 274 42 Ombyggnaden
1312 2218 42 21 av
1390 2210 319 42 skogshögskolans

224 2250 316 41 vindsutrymmen,
563 2262 74 21 som
660 2254 175 32 erfordras
858 2257 12 29 i
892 2257 189 42 anledning
1103 2269 42 21 av
1167 2260 66 30 den
1257 2261 178 41 pågående
1459 2267 250 39 upprustning-

224 2312 42 21 en
282 2313 42 21 av
338 2304 213 41 högskolans
567 2316 167 26 resurser,
749 2308 63 31 bör
828 2309 121 31 kunna
964 2311 165 41 påbörjas
1147 2314 112 30 under
1274 2315 237 33 innevarande
1528 2319 179 40 budgetår.

267 2357 67 30 För
357 2358 41 30 de
420 2367 50 21 nu
492 2360 156 31 nämnda
670 2361 208 31 ändamålen
902 2363 174 32 beräknar
1098 2366 60 40 jag
1182 2368 279 33 medelsbehovet
1486 2372 113 30 under
1623 2372 84 30 bud-

222 2410 131 39 getåret
374 2411 150 37 1963/64
542 2413 52 30 till
614 2413 62 30 250
690 2413 62 31 000
772 2415 52 30 kr.
842 2416 65 40 Jag
926 2426 99 21 avser
1045 2419 119 30 därför
1183 2422 52 29 att
1255 2430 121 23 senare
1397 2424 115 30 denna
1533 2425 66 39 dag
1619 2425 88 30 åter-
