1856 2784
287 152 43 31 32
636 153 298 36 Statsutskottets
951 157 187 34 utlåtande
1155 171 44 20 nr
1215 161 45 32 56
1277 160 39 33 år
1333 162 90 32 1955

331 229 94 43 35:0)
452 230 237 36 Folkskolor
710 242 51 25 m.
783 243 69 25 m.:
877 235 151 44 Bidrag
1050 236 62 34 till
1134 237 502 45 undervisningsmateriel.
1673 243 19 33 I
1715 255 58 21 en-

284 281 110 43 lighet
413 284 81 33 med
514 284 133 43 Kungl.
667 285 128 43 Maj:ts
816 287 130 43 förslag
969 288 129 43 (punkt
1119 293 80 37 252,
1218 303 26 21 s.
1266 293 208 42 521—523),
1495 294 111 34 vilket
1625 295 148 35 innebär

286 335 194 35 anvisande
503 349 46 22 av
573 349 138 23 samma
735 340 267 45 anslagsbelopp
1026 354 76 23 som
1126 343 56 34 för
1206 344 237 35 innevarande
1468 346 184 44 budgetår,
1677 349 96 34 hem-

285 389 120 33 ställer
420 390 189 41 utskottet,

649 450 56 29 att
720 446 185 43 riksdagen
921 449 60 33 må
996 448 53 34 till
1065 449 208 36 Folkskolor
1287 464 47 22 m.
1350 465 62 21 m.:
1427 452 131 44 Bidrag
1575 454 53 34 till
1644 455 127 34 under-

602 497 318 44 visningsmateriel
949 501 55 34 för
1033 502 213 43 budgetåret
1278 505 155 43 1955/56
1464 507 124 34 anvisa
1618 513 54 29 ett
1702 508 69 35 för-

602 551 215 44 slagsanslag
832 565 45 22 av
894 557 20 30 2
929 558 66 30 800
1009 558 66 32 000
1091 556 142 35 kronor.

329 637 93 42 36:0)
449 638 237 36 Folkskolor
708 650 51 25 m.
780 651 68 25 m.:
875 640 378 48 Övergångsbidrag
1276 646 61 34 till
1360 647 356 42 tjänstebostäder.
1752 651 19 33 I

281 690 155 42 enlighet
455 692 80 33 med
555 692 135 43 Kungl.
710 693 127 43 Maj:ts
858 695 130 44 förslag
1012 697 130 42 (punkt
1163 701 78 37 254,
1262 711 26 24 s.
1310 701 95 41 525),
1427 701 110 34 vilket
1557 702 148 35 innebär
1725 716 43 21 en

282 743 341 46 anslagsminskning
638 747 82 34 med
739 751 40 30 15
794 752 66 30 000
876 749 140 40 kronor,
1032 750 203 35 hemställer
1251 753 189 41 utskottet,

645 805 56 29 att
719 801 185 43 riksdagen
923 803 59 33 må
1000 803 52 34 till
1070 804 208 35 Folkskolor
1295 819 47 21 m.
1360 819 62 22 m.:
1441 806 327 46 Övergångsbidrag

598 852 54 35 till
673 853 302 42 tjänstebostäder
994 856 54 34 för
1068 857 212 43 budgetåret
1303 860 155 43 1955/56
1481 862 123 34 anvisa
1624 867 54 30 ett
1699 863 68 34 för-

596 906 216 45 slagsanslag
831 920 46 22 av
896 912 67 32 200
978 913 65 31 000
1063 911 141 35 kronor.

325 984 93 42 37:0)
446 985 237 35 Folkskolor
703 997 52 25 m.
776 998 69 24 m.:
870 989 151 44 Bidrag
1043 991 62 34 till
1128 991 273 43 Skytteanska
1423 994 141 35 skolan
1587 996 13 33 i
1623 997 144 34 Tärna.

277 1035 19 34 I
317 1037 155 42 enlighet
490 1038 81 34 med
592 1039 135 43 Kungl.
749 1040 128 43 Maj:ts
899 1042 130 44 förslag
1054 1043 131 43 (punkt
1208 1048 77 37 255,
1307 1058 27 22 s.
1358 1049 65 31 525
1447 1048 66 33 och
1536 1049 94 42 526),
1653 1049 112 35 vilket

276 1089 147 35 innebär
441 1103 43 21 en
503 1092 287 45 anslagshöjning
807 1095 81 34 med
907 1099 20 30 8
943 1100 65 30 000
1026 1097 141 40 kronor,
1185 1098 202 35 hemställer
1404 1100 189 41 utskottet,

640 1151 57 29 att
733 1147 186 44 riksdagen
955 1150 59 33 må
1050 1150 54 34 till
1140 1151 208 36 Folkskolor
1383 1165 48 23 m.
1456 1166 61 22 m.:
1552 1155 132 43 Bidrag
1711 1156 53 35 till

593 1199 244 43 Skytteanska
853 1202 125 34 skolan
995 1203 13 34 i
1028 1203 117 35 Tärna
1163 1204 56 34 för
1235 1205 211 43 budgetåret
1466 1208 156 43 1955/56
1642 1209 123 34 anvisa

594 1257 55 30 ett
669 1253 271 45 förslagsanslag
959 1268 46 22 av
1024 1260 44 30 44
1082 1260 68 31 500
1170 1258 140 35 kronor.

322 1339 93 43 38:0)
443 1340 237 36 Folkskolor
706 1352 52 25 m.
774 1353 69 24 m.:
874 1345 269 35 Anordnande
1173 1357 51 23 av
1252 1347 259 36 kombinerad
1527 1350 237 43 korrespon-

276 1391 113 35 dens-
419 1393 73 34 och
520 1394 413 46 radioundervisning.
975 1398 19 34 I
1022 1399 155 43 enlighet
1204 1400 81 34 med
1314 1401 133 43 Kungl.
1475 1402 128 43 Maj:ts
1633 1403 130 44 förslag

279 1444 130 43 (punkt
434 1449 77 38 256,
536 1459 26 22 s.
588 1448 210 42 526—528),
823 1450 112 34 vilket
959 1450 147 35 innebär
1130 1464 44 22 en
1200 1453 287 45 anslagshöjning
1508 1456 81 34 med
1616 1460 66 31 150
1696 1461 66 31 000

272 1496 141 43 kronor,
431 1499 202 35 hemställer
651 1502 190 41 utskottet,

636 1559 57 30 att
714 1555 185 44 riksdagen
920 1558 61 34 må
1002 1558 52 34 till
1074 1559 210 35 Folkskolor
1304 1573 47 22 m.
1372 1574 61 22 m.:
1453 1562 240 38 Anordnande
1716 1577 45 22 av

591 1607 232 36 kombinerad
839 1610 294 44 korrespondens-
1150 1613 67 34 och
1233 1614 350 45 radioundervisning
1600 1617 55 34 för
1672 1618 89 34 bud-

587 1661 140 42 getåret
753 1663 155 44 1955/56
935 1664 123 35 anvisa
1082 1671 54 29 ett
1160 1667 357 45 reservationsanslag
1541 1682 46 22 av
1611 1674 68 31 400
1694 1675 65 31 000

588 1714 142 36 kronor.

317 1801 92 43 39:0)
437 1802 311 36 Nomadskolor:
766 1805 259 45 Avlöningar.
1052 1807 134 44 Kungl.
1202 1809 111 43 Maj:t
1327 1810 65 34 har
1409 1811 130 43 (punkt
1555 1816 78 37 257,
1649 1825 27 23 s.
1693 1817 65 31 528

271 1854 127 42 —532)
424 1854 179 44 föreslagit
624 1857 186 43 riksdagen
834 1863 56 30 att
913 1860 73 34 dels
1009 1861 190 42 godkänna
1223 1875 45 21 av
1291 1864 387 42 departementschefen
1702 1879 60 22 an-

269 1906 105 42 given
396 1908 259 43 avlöningsstat
676 1910 55 34 för
751 1912 307 42 nomadskolorna,
1080 1918 56 30 att
1158 1915 179 44 tillämpas
1359 1918 71 33 tills
1452 1918 120 34 vidare
1594 1919 78 34 från
1694 1920 67 35 och

269 1960 81 33 med
373 1960 210 43 budgetåret
609 1963 167 43 1953/56,
799 1965 72 33 dels
894 1965 67 35 ock
983 1966 53 34 till
1058 1966 273 37 Nomadskolor:
1354 1970 218 44 Avlöningar
1594 1972 55 34 för
1671 1973 88 35 bud-

268 2012 138 42 getåret
429 2014 154 43 1955/56
606 2016 125 34 anvisa
752 2021 53 30 ett
826 2017 271 46 förslagsanslag
1118 2033 47 21 av
1187 2025 65 31 898
1266 2026 64 30 000
1352 2023 140 35 kronor.

311 2094 134 43 Kungl.
462 2096 128 43 Maj:ts
609 2097 131 44 förslag
756 2099 147 35 innebär
920 2102 81 34 med
1020 2103 173 34 avseende
1212 2104 22 33 å
1251 2101 504 53 nomadskolorganisationen,

269 2152 56 29 att
348 2148 126 42 sjunde
496 2150 154 35 skolåret
671 2172 47 5 —
739 2164 74 23 som
836 2153 127 35 hittills
986 2156 192 34 successivt
1200 2157 125 35 införts
1348 2159 12 33 i
1382 2159 213 43 Jämtlands,
1618 2162 140 34 Väster-

268 2200 156 42 bottens,
455 2202 175 35 Gällivare
659 2204 67 34 och
754 2205 229 42 Jukkasjärvi
1012 2210 353 35 nomadskoldistrikt
1392 2233 47 5 —
1467 2213 88 35 skall
1584 2214 79 35 från
1693 2216 65 34 och

266 2253 81 34 med
374 2257 105 31 nästa
504 2255 92 34 läsår
621 2256 132 35 införas
778 2257 135 43 jämväl
940 2259 12 34 i
977 2260 223 36 Jokkmokks
1227 2264 66 33 och
1318 2264 185 44 Arjeplogs
1529 2268 225 35 nomadskol-

266 2305 154 42 distrikt,
452 2308 124 34 varvid
608 2309 127 42 sjunde
765 2311 140 35 klassen
936 2312 78 35 från
1046 2314 102 34 dessa
1180 2315 143 36 distrikt
1354 2330 101 22 avses
1476 2319 97 34 skola
1592 2322 162 33 centrali-

266 2371 92 22 seras
379 2360 54 34 till
454 2363 257 34 nomadskolan
732 2364 11 34 i
765 2364 189 36 Gällivare.
975 2366 141 44 Sexårig
1137 2369 161 35 skolkurs
1320 2383 100 22 avses
1442 2372 70 34 tills
1535 2373 120 35 vidare
1678 2376 77 33 allt-

263 2411 92 42 jämt
374 2413 98 35 skola
490 2415 179 43 tillämpas
688 2417 11 33 i
717 2417 231 36 Karesuando
968 2420 65 34 och
1052 2421 163 44 Vittangi
1233 2424 364 37 nomadskoldistrikt.
1617 2427 19 34 I
1655 2428 99 43 fråga

264 2477 58 22 om
351 2467 365 44 medelsanvisningen
744 2470 147 35 innebär
918 2472 133 43 Kungl.
1080 2474 130 43 Maj:ts
1239 2475 127 45 förslag
1395 2490 43 21 en
1468 2480 287 44 anslagshöjning

263 2518 80 34 med
367 2522 44 31 40
425 2523 65 31 000
513 2520 140 40 kronor,
677 2522 168 43 betingad
868 2544 46 5 —
937 2525 156 36 förutom
1118 2540 47 21 av
1189 2530 240 34 automatiska
1454 2532 300 44 utgiftsökningar
