1864 2784
286 154 20 29 8
636 155 297 36 Statsutskottets
951 159 184 34 utlåtande
1154 173 42 20 nr
1213 164 45 31 56
1276 163 38 32 år
1334 165 88 31 1955

287 242 47 22 av
356 230 263 37 folkskollärare
641 233 53 34 för
716 235 209 43 utbyggnad
947 250 45 21 av
1014 237 198 36 folkskolan
1236 242 81 33 med
1342 242 146 35 åttonde
1511 243 95 34 klass
1629 245 70 33 kan
1723 246 49 33 bli

286 278 111 31 större
424 279 44 30 än
494 277 183 35 beräknat.
702 279 114 34 Detta
842 284 39 30 är
904 282 107 42 några
1038 295 45 21 av
1109 284 42 33 de
1177 285 127 34 osäkra
1330 285 204 36 faktorerna
1559 288 10 33 i
1597 301 175 22 samman-

285 318 143 44 hanget.
443 321 67 33 Ett
526 322 140 34 säkrare
683 335 108 31 grepp
808 337 58 21 om
882 326 207 34 lärarbehov
1105 328 65 34 och
1187 329 328 36 lärarexamination
1532 333 101 34 torde
1650 333 122 35 kunna

286 363 65 40 fås,
370 365 107 33 sedan
497 367 418 45 seminarieutredningen
934 382 95 22 mera
1050 372 170 42 ingående
1239 374 139 34 kunnat
1398 376 214 35 kontrollera
1633 378 41 33 de
1698 378 73 34 siff-

286 419 67 28 ror,
371 420 73 22 som
461 411 114 32 måste
593 413 182 33 användas
794 413 60 34 vid
872 414 232 44 beräkningar
1122 429 45 22 av
1185 418 101 34 detta
1304 419 83 42 slag.

331 461 190 44 Samtidigt
540 464 61 33 vill
617 464 60 43 jag
693 466 91 33 dock
801 468 246 42 understryka,
1066 474 55 29 att
1140 471 42 33 de
1202 470 53 34 för
1273 473 412 36 examinationsbehovet
1704 475 66 35 och

284 507 283 34 examinationen
591 509 59 34 vid
671 511 247 34 seminarierna
940 514 198 41 avgörande
1160 515 65 33 och
1247 516 297 43 beräkningsbara
1567 519 203 34 faktorerna

284 550 126 34 hittills
425 552 75 33 icke
514 553 100 33 torde
631 553 46 34 ha
690 555 250 34 underkastats
956 569 42 21 en
1013 570 240 30 noggrannare
1270 561 122 42 analys
1409 565 44 30 än
1471 563 79 39 den,
1567 575 75 22 som
1659 564 111 42 gjorts

284 607 46 21 av
351 596 370 43 undervisningsrådet
742 599 146 42 Ragnar
908 600 187 36 Lundblad
1118 603 9 33 i
1150 603 253 36 förutnämnda
1427 607 343 44 departementspro-

283 641 168 32 memoria
466 642 108 32 våren
590 645 86 31 1954
690 643 63 33 och
767 656 76 22 som
856 657 59 27 nu,
929 646 79 33 med
1023 646 200 35 beaktande
1238 661 45 21 av
1297 650 264 41 nytillkommet
1576 653 194 33 statistiskt

282 684 172 41 material,
477 685 152 34 kommit
656 687 52 33 till
734 689 147 41 uttryck
905 690 10 32 i
941 690 349 44 skolöverstyrelsens
1316 694 244 43 beräkningar.
1586 696 88 34 Med
1700 698 69 33 den

283 729 269 42 utgångspunkt
571 730 54 34 för
642 731 95 34 mina
759 735 281 40 överväganden,
1059 747 74 22 som
1151 736 61 42 jag
1231 737 96 34 förut
1347 739 146 41 angivit,
1513 740 101 34 torde
1634 741 60 34 det
1715 742 53 33 så-

283 772 108 34 lunda
410 773 10 33 i
439 775 205 33 nuvarande
664 776 74 42 läge
757 776 76 34 icke
853 777 114 34 finnas
987 783 55 29 att
1061 780 97 42 tillgå
1177 785 53 29 ett
1248 793 97 22 mera
1363 783 217 44 tillförlitligt
1600 786 169 42 underlag

283 819 45 31 än
346 817 162 34 siffrorna
524 818 11 34 i
551 819 108 33 tabell
677 823 31 30 2.

328 872 78 34 Vad
428 885 75 22 som
525 886 48 22 nu
594 887 126 30 genom
740 876 261 44 omfattningen
1023 892 45 21 av
1089 880 306 44 elevintagningen
1417 883 127 34 hösten
1568 888 87 31 1955
1679 885 88 34 skall

281 915 227 42 bestämmas,
533 922 39 30 är
597 920 71 33 dels
693 922 283 34 examinationen
1000 924 46 41 på
1073 923 437 38 folkskoleseminariernas
1536 925 231 51 studentlinje

280 960 54 34 till
358 962 126 33 läsåret
509 963 167 42 1957/58,
699 965 73 33 dels
795 967 282 34 examinationen
1100 970 47 41 på
1169 969 438 37 folkskoleseminariernas
1633 974 134 42 4-åriga

281 1005 84 42 linje
381 1006 52 33 till
448 1007 128 33 läsåret
593 1009 167 42 1939/60,
777 1010 118 33 vilken
911 1011 90 34 dock
1016 1012 124 34 endast
1157 1014 109 33 delvis
1283 1015 148 41 reglerar
1447 1016 68 33 den
1532 1017 140 42 slutliga
1688 1030 78 22 exa-

279 1049 218 35 minationen
514 1051 54 34 till
584 1052 221 35 sistnämnda
821 1055 101 40 läsår,
939 1056 72 33 dels
1028 1057 66 33 ock
1109 1058 284 34 examinationen
1412 1059 60 34 vid
1490 1061 276 34 småskolesemi-

280 1094 161 34 narierna
458 1095 52 33 till
528 1096 129 33 läsåret
676 1098 168 42 1957/58.

324 1140 236 44 Intagningen
581 1144 47 41 på
648 1143 435 39 folkskoleseminariernas
1105 1150 231 43 studentlinje
1358 1151 126 35 hösten
1508 1157 87 31 1955
1617 1156 149 41 reglerar

280 1184 136 43 slutligt
436 1186 66 33 den
521 1188 115 33 totala
656 1189 283 36 examinationen
957 1204 45 21 av
1021 1192 263 36 folkskollärare
1305 1196 53 33 till
1377 1197 128 34 läsåret
1526 1202 88 31 1957
1618 1199 75 42 /58.
1713 1200 53 34 På

279 1229 68 33 den
370 1230 134 42 4-åriga
525 1231 109 42 linjen
656 1232 159 35 kommer
836 1247 125 29 genom
984 1237 107 33 redan
1115 1238 163 35 bestämd
1301 1239 185 45 intagning
1508 1247 56 29 att
1587 1243 54 34 till
1664 1245 100 34 detta

278 1273 93 33 läsår
386 1275 257 34 utexamineras
659 1277 146 42 ungefär
821 1283 66 29 660
901 1280 120 33 lärare.
1036 1281 68 33 För
1119 1286 55 29 att
1190 1283 179 34 eliminera
1384 1285 60 34 det
1460 1286 200 35 beräknade
1675 1288 89 34 folk-

277 1317 419 37 skollärarunderskottet
712 1321 78 34 från
808 1323 127 34 läsåret
955 1325 155 42 1956/57
1128 1325 135 35 fordras
1282 1328 108 42 enligt
1407 1329 108 35 tabell
1535 1334 19 30 2
1573 1343 43 21 en
1635 1333 128 33 exami-

277 1362 124 34 nation
416 1364 46 41 på
477 1364 255 43 studentlinjen
749 1378 45 21 av
811 1370 77 31 520.
904 1368 120 42 Något
1041 1369 256 44 räknemässigt
1313 1375 323 34 summaöverskott
1653 1376 110 35 skulle

277 1407 193 34 emellertid
485 1408 76 34 icke
576 1409 147 34 erhållas
738 1411 215 43 därigenom.
968 1413 87 34 Med
1071 1413 138 44 hänsyn
1225 1416 53 33 till
1294 1417 70 34 vad
1378 1417 60 43 jag
1452 1418 11 33 i
1479 1419 60 33 det
1554 1419 209 43 föregående

277 1450 119 35 anfört
420 1464 56 21 om
501 1453 43 33 de
566 1453 125 34 osäkra
715 1454 168 42 faktorer,
905 1468 74 22 som
1002 1457 70 34 kan
1096 1460 156 41 påverka
1274 1461 246 35 lärarbehovet
1543 1464 10 33 i
1577 1466 185 40 stegrande

276 1495 168 43 riktning,
464 1496 110 35 skulle
596 1498 60 33 det
676 1499 108 42 enligt
805 1500 74 33 min
899 1502 141 42 mening
1060 1515 85 21 vara
1165 1503 81 43 föga
1267 1505 211 35 välbetänkt
1500 1512 55 30 att
1576 1510 186 33 underlåta

277 1543 57 29 att
351 1540 85 33 söka
453 1541 112 42 skapa
582 1546 54 29 ett
655 1543 87 34 visst
760 1544 255 44 räknemässigt
1034 1547 183 34 överskott
1236 1561 45 21 av
1300 1549 272 42 folkskollärare,
1591 1556 65 30 när
1672 1553 90 42 möj-

275 1583 109 42 lighet
409 1585 117 33 därtill
550 1586 191 43 föreligger.
768 1587 148 35 Särskilt
940 1591 80 33 med
1044 1590 139 44 hänsyn
1210 1593 53 33 till
1288 1594 43 33 de
1357 1594 106 43 högre
1490 1596 272 36 skolformernas

275 1627 117 34 behov
411 1641 44 21 av
475 1629 263 36 folkskollärare
757 1633 82 34 med
859 1633 322 45 vidareutbildning
1200 1636 168 35 framstår
1388 1639 59 34 det
1469 1641 115 33 såsom
1605 1646 156 30 utomor-

275 1672 152 43 dentligt
448 1674 142 43 viktigt,
611 1680 55 28 att
685 1687 43 22 en
750 1676 70 34 viss
842 1678 170 42 marginal
1033 1679 112 34 finnes
1167 1684 127 31 utöver
1315 1682 61 34 det
1397 1684 265 42 minimibehov,
1685 1698 75 22 som

274 1717 110 33 tabell
400 1721 19 29 2
436 1719 147 33 utvisar.
600 1719 67 43 Jag
683 1720 160 34 förordar
858 1722 117 34 därför
993 1723 212 36 oförändrad
1222 1726 184 44 intagning
1422 1729 47 41 på
1486 1728 274 36 folkskolesemi-

273 1761 179 34 nariernas
466 1764 230 42 studentlinje
709 1765 126 33 hösten
852 1769 98 37 1955,
965 1768 102 33 alltså
1081 1772 43 30 24
1139 1770 230 43 avdelningar
1381 1773 80 33 med
1475 1772 104 44 högst
1594 1778 43 30 30
1655 1774 105 43 (lägst

274 1806 59 41 28)
353 1806 112 34 elever
482 1819 62 30 per
561 1808 197 43 avdelning.
775 1809 69 34 Till
861 1810 128 34 läsåret
1007 1813 156 42 1957/58
1180 1813 71 34 kan
1269 1815 46 33 då
1332 1815 171 35 beräknas
1522 1830 43 21 en
1583 1819 176 33 examina-

272 1849 78 34 tion
373 1862 45 21 av
440 1853 236 42 sammanlagt
700 1853 163 43 omkring
888 1855 194 42 (6604710
1098 1857 54 42 =)
1183 1861 98 31 1370
1306 1860 121 34 lärare.
1451 1859 230 37 Överskottet
1705 1863 55 33 för

272 1894 130 34 läsåret
418 1896 157 41 1937/58
591 1896 65 34 blir
675 1896 224 43 (1370—935
910 1900 55 41 =)
985 1903 78 31 435.
1079 1900 368 38 Summaöverskottet
1463 1905 100 34 detta
1581 1906 91 34 läsår
1686 1907 72 34 kan

272 1939 134 33 således
423 1939 173 35 beräknas
613 1942 53 33 till
683 1942 163 43 omkring
866 1944 193 41 (435—245
1076 1946 55 41 —)
1154 1949 76 31 190.

317 1983 236 44 Intagningen
572 1986 47 42 på
635 1986 435 37 folkskoleseminariernas
1087 1992 134 42 4-åriga
1238 1993 83 42 linje
1340 1994 125 35 hösten
1487 2000 87 31 1935
1592 1997 87 35 skall
1699 1998 58 35 be-

272 2030 170 32 stämmas
460 2030 81 33 med
561 2030 90 34 sikte
669 2032 46 41 på
734 2032 69 33 den
822 2033 113 33 totala
954 2035 283 35 examinationen
1255 2038 54 33 till
1329 2039 127 34 läsåret
1478 2042 168 42 1959/60.
1665 2043 19 34 I
1703 2048 54 29 ta-

272 2071 68 34 bell
359 2075 20 29 2
399 2084 104 31 anges
523 2074 117 34 denna
657 2075 53 33 till
730 2076 144 40 »645?»;
893 2077 122 34 siffran
1035 2079 54 33 för
1107 2081 411 37 examinationsbehovet
1538 2089 39 30 är
1596 2087 161 34 densam-

269 2127 71 22 ma.
364 2116 126 43 Börjar
511 2118 286 43 lärarhögskolan
822 2121 303 44 elevintagningen
1152 2128 99 37 1936,
1274 2127 157 34 minskar
1454 2129 123 34 siffran
1600 2130 54 34 för
1678 2144 78 21 exa-

269 2160 219 35 minationen
514 2163 60 33 vid
600 2163 419 37 folkskoleseminarierna
1045 2168 52 33 till
1126 2168 172 42 (645—90
1314 2172 55 41 =)
1398 2176 77 31 555.
1501 2174 113 34 Dessa
1640 2176 117 34 siffror

269 2216 61 30 ger
346 2217 43 21 en
406 2206 195 43 ungefärlig
617 2208 71 34 bild
706 2220 45 21 av
768 2209 68 33 den
853 2210 187 35 reduktion
1059 2224 45 21 av
1121 2212 540 47 folkskollärarexaminationen,
1679 2232 75 22 som

269 2249 72 33 kan
362 2253 126 30 väntas
509 2256 77 29 mot
607 2252 108 33 slutet
735 2265 46 21 av
804 2255 203 40 1950-talet,
1030 2259 90 31 även
1141 2270 58 21 om
1221 2259 93 33 vissa
1335 2260 233 42 utjämnande
1592 2264 164 42 åtgärder

269 2293 112 34 skulle
399 2294 143 34 komma
560 2300 55 29 att
634 2296 174 43 vidtagas.
825 2298 205 35 Emellertid
1048 2301 100 33 torde
1166 2302 60 33 det
1244 2315 86 22 vara
1348 2305 189 43 anledning
1555 2311 55 29 att
1628 2308 10 33 i
1656 2308 98 43 fråga

268 2350 59 21 om
352 2339 99 33 dessa
475 2351 97 22 mera
596 2340 210 43 långsiktiga
831 2342 232 44 beräkningar
1086 2350 141 38 antaga,
1252 2351 56 29 att
1332 2348 43 34 de
1400 2348 96 35 förut
1522 2351 158 41 berörda,
1706 2366 47 21 nu

267 2382 129 34 osäkra
416 2383 202 35 faktorerna
637 2384 159 35 kommer
819 2391 56 29 att
895 2387 75 34 visa
991 2388 52 42 sig
1063 2390 95 41 spela
1180 2402 43 21 en
1244 2391 203 43 betydande
1468 2395 63 33 roll
1553 2398 65 31 när
1639 2397 53 40 de,
1714 2397 38 42 ju

267 2429 161 31 närmare
442 2440 84 21 man
539 2428 160 34 kommer
713 2431 211 33 1950-talets
939 2432 80 39 slut,
1037 2433 64 33 blir
1113 2445 74 22 mer
1201 2435 175 42 gripbara.
1389 2437 88 34 Men
1494 2442 89 30 även
1598 2452 57 22 om
1669 2454 83 21 man

268 2471 105 34 alltså
389 2472 80 33 med
486 2472 88 34 visst
591 2472 60 43 fog
665 2473 70 34 kan
753 2477 123 38 vänta,
895 2480 54 29 att
967 2476 123 34 siffran
1109 2481 64 31 645
1196 2479 95 41 (eller
1309 2481 80 41 533)
1409 2481 55 34 för
1481 2484 271 35 examinations-
