1894 2790
551 138 284 30 Statsutskottets
860 138 180 30 utlåtande
1064 147 42 20 nr
1133 138 71 28 109.
1587 136 38 29 19

778 482 63 40 Nr
876 482 96 41 109.

336 602 184 31 Utlåtande
542 603 10 29 i
572 602 188 39 anledning
778 611 42 20 av
840 601 127 39 Kungl.
988 600 125 40 Maj:ts
1132 600 217 40 proposition
1369 598 179 40 angående
1568 607 59 21 an-

534 665 74 39 slag
624 665 56 39 för
699 664 204 39 budgetåret
923 663 143 36 1948/49
1084 663 53 30 till
1154 662 149 31 svenska
1320 661 307 40 farmakopékom-

535 727 123 30 mittén
681 737 46 20 m.
751 737 45 20 m.

1390 787 74 34 (83:e
1484 786 94 35 avd.)

181 908 11 28 I
214 907 263 41 propositionen
497 916 41 20 nr
562 907 60 30 196
641 907 64 29 har
727 906 125 39 Kungl.
874 905 116 40 Maj:t,
1012 905 111 30 under
1145 904 219 40 åberopande
1386 913 42 20 av
1447 904 107 38 bilagt
1574 905 53 28 ut-

137 962 84 38 drag
250 971 41 20 av
319 961 384 39 statsrådsprotokollet
731 961 81 29 över
839 959 290 30 inrikesärenden
1158 958 55 30 för
1240 958 67 30 den
1339 958 38 30 10
1408 967 95 20 mars
1533 957 93 33 1948,

138 1015 178 39 föreslagit
339 1015 189 39 riksdagen
550 1016 50 28 att
624 1014 52 30 till
701 1014 153 30 Svenska
880 1012 420 41 farmakopékommittén
1322 1021 45 20 m.
1392 1021 46 20 m.
1464 1011 54 30 för
1542 1011 86 30 bud-

136 1069 132 39 getåret
293 1068 140 37 1948/49
455 1068 111 30 under
589 1067 82 30 elfte
691 1067 224 30 huvudtiteln
937 1067 122 29 anvisa
1079 1068 49 28 ett
1150 1065 274 40 förslagsanslag
1445 1074 42 21 av
1509 1064 41 30 36
1564 1064 63 30 000

134 1123 141 28 kronor.

181 1230 11 29 I
218 1230 264 39 propositionen
508 1229 157 34 föreslås,
692 1230 50 28 att
769 1228 342 40 farmakopéarbetet
1139 1227 89 30 skall
1254 1227 248 40 återupptagas
1528 1227 64 29 och
1620 1226 9 29 i

139 1284 272 39 fortsättningen
432 1283 160 30 bedrivas
611 1282 254 39 kontinuerligt
886 1290 125 32 genom
1033 1291 42 20 en
1096 1283 207 38 permanent
1325 1280 305 39 farmakopékom-

137 1337 100 30 mitté
258 1347 56 20 om
338 1337 77 39 fyra
437 1337 200 29 ledamöter.
661 1336 215 29 Kommittén
900 1335 89 29 skall
1013 1335 54 29 för
1090 1335 57 29 det
1169 1334 148 40 löpande
1339 1334 138 39 dagliga
1499 1334 132 29 arbetet

139 1390 37 29 få
201 1390 52 30 till
278 1390 60 29 sitt
362 1389 207 39 förfogande
594 1398 42 20 en
659 1388 308 30 halvtidsanställd
990 1387 346 39 befattningshavare
1360 1386 110 40 jämte
1495 1386 134 30 biträde

139 1444 79 29 med
239 1443 177 40 placering
437 1443 57 29 vid
516 1444 131 28 statens
669 1441 271 30 farmacevtiska
960 1440 263 30 laboratorium.
1246 1440 65 30 Det
1332 1440 149 29 svenska
1502 1439 129 30 farma-

139 1497 225 39 kopéarbetet
391 1496 88 30 skall
506 1496 174 38 anknytas
707 1495 52 30 till
784 1505 42 20 en
852 1494 240 30 internordisk
1118 1494 224 29 verksamhet
1367 1493 45 40 på
1439 1493 95 30 detta
1559 1502 72 20 om-

137 1550 93 30 råde.
256 1550 128 30 Härför
407 1550 162 39 planeras
592 1558 43 20 en
659 1549 144 29 nordisk
828 1547 342 41 farmakopénämnd
1194 1547 79 30 med
1296 1548 48 29 ett
1369 1546 258 30 verkställande

137 1611 117 31 organ.

186 1711 186 30 Utskottet.
399 1711 12 29 I
441 1711 110 29 likhet
578 1710 77 30 med
683 1709 388 41 departementschefen
1098 1717 103 21 anser
1227 1708 170 30 utskottet
1425 1710 51 28 att
1503 1709 128 29 farma-

141 1765 224 39 kopéarbetet
386 1774 47 20 nu
455 1764 62 30 bör
537 1764 257 39 återupptagas.

186 1818 258 30 Statskontoret
473 1818 64 29 har
567 1819 124 32 ansett,
722 1819 50 27 att
800 1816 239 30 kostnaderna
1070 1816 55 29 för
1155 1816 342 40 farmakopéarbetet
1525 1816 106 29 borde

138 1872 171 29 bestridas
332 1881 42 19 av
395 1872 41 28 de
459 1871 203 33 inkomster,
687 1880 73 19 som
783 1870 152 29 erhållas
957 1878 125 30 genom
1105 1869 211 39 försäljning
1339 1879 41 19 av
1401 1869 230 39 farmakopén

140 1925 65 29 och
226 1924 193 30 eventuella
441 1924 220 39 supplement
681 1923 52 29 till
754 1923 124 30 denna.
901 1923 78 29 Med
999 1923 138 38 hänsyn
1158 1922 52 29 till
1232 1922 266 39 vanskligheten
1519 1923 50 28 att
1587 1922 44 39 på

142 1978 151 30 förhand
322 1978 155 29 beräkna
506 1977 259 29 inkomsternas
795 1976 130 30 storlek
955 1976 64 29 och
1049 1976 51 29 till
1130 1976 102 29 deras
1261 1975 144 39 ojämna
1434 1975 197 39 fördelning

141 2032 59 29 vill
226 2032 170 29 utskottet
422 2031 75 29 icke
522 2032 164 28 motsätta
714 2031 50 38 sig
788 2029 406 41 departementschefens
1220 2029 140 39 förslag,
1388 2038 75 21 som
1487 2029 145 29 innebär

142 2087 50 28 att
216 2085 142 29 särskilt
383 2085 121 38 anslag
528 2084 166 40 uppföres
718 2085 19 28 å
761 2084 191 29 riksstaten
976 2083 55 30 för
1054 2083 222 30 bestridande
1301 2093 42 19 av
1365 2083 267 39 ifrågavarande

141 2139 191 29 kostnader
353 2139 64 29 och
439 2140 50 27 att
511 2138 240 29 inkomsterna
775 2139 170 37 upptagas
969 2137 49 29 till
1042 2137 222 37 redovisning
1285 2137 44 39 på
1351 2137 209 29 riksstatens
1584 2136 49 28 in-

142 2190 204 30 komstsida.

188 2244 40 39 Ej
252 2244 108 29 heller
380 2244 10 28 i
411 2243 111 38 övrigt
543 2244 64 28 har
628 2243 125 38 Kungl.
776 2243 124 38 Maj:ts
923 2243 131 38 förslag
1075 2242 84 38 givit
1179 2242 170 29 utskottet
1371 2242 188 38 anledning
1580 2242 52 29 till

142 2297 151 28 erinran.
1558 2305 3 6 |

189 2350 175 30 Utskottet
385 2349 202 30 hemställer
610 2349 111 32 alltså,
