2228 2632
431 213 38 30 12
900 215 233 40 Lagutskoltets
1162 216 169 33 Utlåtande
1354 217 65 31 N:o
1441 219 21 28 5

1071 292 74 48 2:0)
1176 294 103 45 Lag

719 393 53 20 om
796 383 131 31 ändrad
951 384 132 40 lydelse
1107 386 40 29 af
1165 385 47 30 24
1235 386 75 39 kap.
1339 387 42 29 13
1404 387 19 38 8
1447 387 212 39 strafflagen.

521 458 236 50 Härigenom
793 460 211 49 förordnas,
1044 468 54 31 att
1137 465 48 34 24
1225 463 84 49 kap.
1344 466 43 34 13
1417 461 20 50 $
1466 464 224 49 strafflagen
1717 467 97 36 skall
1842 467 141 37 erhålla

386 509 172 48 följande
587 510 169 37 ändrade
784 511 163 49 lydelse:

518 593 74 37 För
633 594 129 48 oloflig
796 596 88 49 jagt
915 599 21 33 å
968 610 143 24 annans
1139 599 257 48 jagtområde,
1426 613 81 23 som
1536 600 34 48 ej
1600 600 58 37 till
1679 601 183 48 jagtpark
1890 602 93 37 eller

386 643 182 52 djurgård
596 644 213 49 inhägnadt
831 652 52 42 är,
911 648 109 36 bötos
1048 648 117 48 högst
1187 649 212 37 tvåhundra
1426 650 196 37 riksdaler.

519 697 54 33 År
601 695 97 49 djur,
727 710 80 23 som
835 697 11 36 i
868 700 44 34 12
934 695 20 49 $
972 701 21 33 2
1012 712 112 22 mom.
1146 704 102 43 sägs,
1268 700 133 37 dervid
1421 701 105 47 fäldt,
1547 702 128 36 eåradt
1695 701 92 37 eller
1806 702 174 49 fångadt;

385 758 90 23 vare
503 746 148 36 straffet
679 746 118 49 böter,
827 748 35 48 ej
891 748 121 37 under
1038 749 110 49 tjugu
1177 750 198 37 riksdaler.

1024 935 71 36 och
1123 933 74 49 3:0)
1225 935 105 46 Lag

447 1038 53 20 om
524 1028 132 31 ändrad
681 1030 131 39 lydelse
836 1033 39 29 af
898 1033 13 29 1
938 1034 19 38 8
980 1034 10 29 i
1014 1033 100 39 lagen
1140 1035 177 39 angående
1341 1036 95 30 tiden
1460 1038 53 30 för
1535 1037 387 40 nyttjanderättsaftals

910 1075 147 31 bestånd
1081 1076 66 31 den
1172 1077 47 30 25
1243 1078 86 39 april
1357 1078 101 31 1889.

516 1148 233 49 Härigenom
789 1151 210 50 förordnas,
1037 1159 54 31 att
1130 1156 17 34 1
1191 1152 20 49 $
1242 1155 13 36 i
1288 1155 114 49 lagen
1434 1156 197 49 angående
1664 1155 102 38 tiden
1794 1158 58 36 för
1880 1163 102 43 nytt-

378 1198 330 48 Janderättsaftals
731 1201 162 38 bestånd
921 1203 73 37 den
1022 1206 45 35 25
1096 1205 97 49 april
1224 1207 92 35 1889
1345 1206 99 37 skall
1463 1207 143 36 erhålla
1625 1207 169 50 följande
1814 1208 167 37 ändrade

383 1249 164 49 lydelse:

513 1300 115 48 Aftal,
657 1302 249 49 hvarigenom
929 1305 276 49 nyttjanderätt
1231 1306 57 37 till
1314 1307 76 37 fast
1418 1308 192 48 egendom
1640 1312 20 34 å
1687 1308 128 37 landet
1834 1312 49 46 på
1902 1309 78 37 viss

383 1350 54 36 tid
479 1351 189 49 upplåtes,
710 1356 58 34 må
808 1354 32 47 ej
870 1355 102 47 gälla
999 1357 106 36 öfver
1132 1356 131 38 femtio
1291 1361 50 34 år.
1396 1358 115 37 Afser
1539 1359 132 36 aftalet
1699 1359 161 38 allenast
1888 1360 93 37 eller

383 1400 328 51 hufvudsakligen
738 1404 211 50 upplåtelse
974 1406 41 37 af
1030 1407 164 49 jagträtt
1221 1408 93 37 eller
1341 1408 43 37 af
1408 1413 74 33 rätt
1505 1409 57 37 till
1585 1409 227 50 afverkning
1831 1410 41 37 af
1882 1411 99 48 skog

383 1452 227 38 annorledes
640 1459 49 31 än
715 1454 58 37 till
799 1455 201 50 husbehof,
1028 1471 89 23 vare
1147 1458 65 37 det
1239 1459 32 49 ej
1301 1459 179 48 gällande
1508 1460 106 37 öfver
1641 1461 109 50 tjugu
1778 1464 49 35 år.

512 1706 283 49 Föreliggande
835 1711 237 48 proposition
1112 1717 42 31 är
1193 1712 12 36 i
1246 1712 47 36 all
1326 1713 216 37 hufvudsak
1576 1714 42 36 af
1641 1728 144 24 samma
1811 1715 167 38 innehåll

380 1768 84 23 som
504 1756 140 49 Kongl.
688 1758 125 48 Maj:ts
844 1760 58 36 till
931 1761 163 37 sistlidet
1121 1765 61 34 års
1209 1763 172 49 Riksdag
1408 1764 11 36 i
1447 1769 128 32 ämnet
1603 1765 147 48 afgifna
1776 1765 204 38 framställ-

378 1805 109 49 ning,
525 1806 157 38 hvilken
722 1808 11 36 i
773 1811 192 37 anseende
1006 1812 56 36 till
1103 1813 221 37 kamrarnes
1366 1815 222 49 skiljaktiga
1620 1815 125 37 beslut
1772 1817 33 49 ej
1837 1817 83 37 blef
1942 1818 42 36 af

379 1855 221 51 Riksdagen
640 1859 167 38 bifallen,
861 1861 201 49 Förslaget
1101 1863 58 37 till
1192 1864 162 48 ändring
1382 1865 13 36 i
1421 1865 112 48 lagen
1561 1867 200 48 angående
1788 1867 105 37 tiden
1921 1868 58 37 för

378 1907 415 48 nyttjanderättsaftals
820 1911 163 38 bestånd
1009 1918 41 32 är
1076 1914 160 37 sålunda
1262 1915 158 37 alldeles
1443 1916 78 37 lika
1538 1916 167 48 lydande
1724 1918 87 37 med
1830 1918 66 37 det
1914 1919 64 36 vid

378 1957 103 37 förra
519 1959 224 49 Riksdagen
774 1961 221 50 framlagda,
1024 1964 70 37 och
1123 1965 195 49 förslagen
1344 1966 57 36 till
1430 1966 63 49 lag
1520 1980 60 23 om
1607 1972 78 33 rätt
1710 1968 57 37 till
1790 1969 87 49 jagt
1904 1970 73 37 och

377 2007 58 36 till
474 2009 65 49 lag
580 2023 60 23 om
683 2011 143 38 ändrad
865 2013 147 49 lydelse
1053 2015 41 37 af
1130 2018 48 35 24
1211 2016 84 49 kap.
1331 2019 44 34 13
1405 2014 20 50 $
1454 2017 221 50 sirafflagen
1702 2019 111 37 hafva
1841 2020 137 37 endast

377 2058 270 40 underkastats
675 2067 141 32 smärre
840 2064 256 50 jemkningar,
1125 2067 42 36 af
1182 2067 126 36 hvilka
1328 2067 163 37 flertalet
1509 2068 211 38 föranledts
1739 2070 39 36 af
1791 2071 47 36 de
1857 2071 120 37 modi-

378 2108 201 39 fikationer
609 2112 13 35 i
650 2112 273 51 lagförslagen,
952 2129 80 23 som
1059 2117 255 49 lagutskottet
1341 2118 65 36 vid
1434 2118 167 37 sistlidet
1629 2122 59 34 års
1716 2120 158 50 riksdag
1900 2122 76 36 för-

378 2159 142 38 ordade
549 2162 70 36 och
640 2163 129 37 hvilka
787 2165 127 37 blefvo
934 2166 41 36 af
990 2167 97 37 båda
1106 2168 199 37 kamrarne
1323 2169 218 48 godkända.
1584 2169 165 38 Sålunda
1769 2171 67 36 har
1855 2173 121 36 straff-

378 2211 205 38 maximum
611 2213 59 36 för
697 2214 46 37 de
769 2215 54 36 uti
864 2218 9 34 2
902 2230 111 23 mom.
1043 2218 41 36 af
1107 2220 48 34 24
1175 2219 85 49 kap.
1284 2222 43 34 13
1348 2216 20 50 $
1386 2219 221 50 strafflagen
1627 2222 226 36 omnämnda
1873 2222 104 38 brott

378 2265 96 32 satts
513 2262 56 37 till
610 2263 110 37 böter
750 2265 12 36 i
790 2266 127 37 stället
944 2268 67 47 för,
1040 2272 125 34 såsom
1194 2269 53 37 uti
1275 2270 65 39 det
1367 2269 100 38 förra
1493 2270 197 50 förslaget,
1718 2272 56 38 till
1800 2272 176 50 fängelse
