1884 2842
60 1397 142 23 Understöd
228 1397 27 23 åt

77 1432 69 22 vissa
168 1434 74 20 värn-

92 1466 127 30 pliktigas

94 1500 125 30 familjer.

113 1542 92 46 [77.]

90 1647 136 22 Motioner.

94 1854 136 22 Utskottets

98 1889 126 28 yttrande.

284 174 42 33 52
778 181 228 28 Statsutskottets
1029 181 147 29 utlåtande
1199 183 48 28 Nr
1269 180 28 33 4.

283 252 93 31 lösas
409 255 43 39 på
486 255 49 29 ett
569 265 39 19 ur
630 254 333 33 försvarsväsendets
987 257 175 41 synpunkt
1184 258 158 41 lämpligt
1365 260 75 29 sätt.
1487 259 182 32 Huruvida
1692 259 94 32 detta

282 303 86 31 låter
390 303 51 41 sig
464 305 90 39 göra,
579 304 60 31 har
661 305 170 31 utskottet
853 305 73 32 icke
949 307 179 41 möjlighet
1150 310 50 29 att
1222 308 78 31 med
1323 308 141 42 ledning
1486 320 41 21 av
1542 310 11 30 i
1570 310 216 32 motionerna

282 353 156 32 lämnade
472 354 83 31 eller
588 356 43 39 på
660 358 104 28 annat
787 357 69 30 sätt
879 357 151 31 erhållna
1053 358 174 41 uppgifter
1250 370 46 19 nu
1319 359 155 31 bedöma.
1521 360 179 32 Utskottet
1722 361 63 30 för-

283 405 145 30 utsätter
451 405 200 38 emellertid,
672 408 50 29 att
744 406 256 33 vederbörande
1024 408 129 31 marina
1176 409 239 41 myndigheter
1430 410 53 31 till
1499 410 286 32 nästkommande

283 456 37 29 år
352 456 86 39 ägna
471 455 103 31 dessa
606 456 112 41 frågor
752 458 49 30 ett
827 457 167 42 ingående
1018 460 242 40 övervägande.
1307 460 17 30 I
1347 460 169 32 avseende
1540 463 19 29 å
1581 461 205 41 budgetåret

284 505 177 40 1932/1933
485 517 103 30 synes
612 506 65 31 den
700 507 10 30 i
735 507 214 32 sistnämnda
972 509 170 31 motioner
1156 510 199 41 ifrågasatta
1371 511 213 41 sänkningen
1601 523 40 19 av
1657 512 129 31 antalet

282 556 354 41 tjänstgöringsdagar
658 557 51 31 för
732 558 368 42 ersättningsreserven
1125 560 56 31 vid
1205 561 153 31 marinen
1382 561 10 31 i
1417 562 90 40 varje
1530 562 59 31 fall
1611 563 74 31 icke
1701 563 85 31 böra

282 606 225 40 genomföras.

335 656 74 32 Vad
441 657 162 32 beträffar
629 658 125 42 Kungl.
780 659 116 42 Maj:ts
919 661 336 42 anslagsberäkning,
1280 662 61 31 har
1364 663 169 31 utskottet
1555 663 89 31 intet
1666 666 49 28 att
1739 675 46 20 er-

281 707 76 31 inra
390 709 70 29 mot
493 708 207 32 densamma.
745 709 52 31 Av
824 710 65 31 vad
923 722 72 20 som
1030 712 130 31 anförts
1183 712 111 31 under
1316 713 110 41 punkt
1451 714 82 40 10:0)
1556 715 155 40 framgår,
1736 717 50 28 att

281 758 168 31 utskottet
471 759 176 41 avstyrker
670 759 41 31 de
734 760 11 30 i
769 761 215 31 motionerna
1007 762 26 30 I:
1055 763 57 30 125
1136 763 62 30 och
1222 763 47 31 II:
1287 764 58 30 211
1371 764 120 40 gjorda
1513 764 206 42 yrkandena.

334 808 180 32 Utskottet
536 809 206 39 hemställer,

601 905 49 29 att
678 903 183 42 riksdagen
885 907 62 36 må,
970 905 11 31 i
1005 905 151 42 enlighet
1179 906 78 32 med
1280 907 126 41 Kungl.
1429 908 117 41 Maj:ts
1568 909 129 41 förslag
1720 910 63 31 och

549 954 78 31 med
660 954 116 41 avslag
810 957 19 29 å
862 955 78 32 herr
972 956 163 32 Nilssons
1169 957 10 31 i
1204 958 129 31 Malmö
1357 959 64 30 och
1444 959 79 31 herr
1546 959 203 33 Törnkvists
1773 961 11 30 i

547 1003 212 33 Karlskrona
792 1005 170 32 motioner
991 1006 37 41 (I:
1046 1008 18 30 8
1099 1008 63 31 och
1196 1008 45 31 II:
1262 1008 48 41 13)
1344 1010 160 30 ävensom
1539 1010 79 32 herr
1640 1010 143 32 Möllers

548 1066 42 20 m.
614 1055 32 30 fl.
680 1055 64 31 och
778 1055 79 32 herr
889 1056 37 31 P.
949 1057 39 31 A.
1024 1057 185 33 Hanssons
1243 1070 42 20 m.
1310 1059 31 31 fl.
1377 1060 171 31 motioner
1569 1060 37 42 (I:
1626 1061 60 31 125
1720 1062 63 30 och

547 1105 46 31 II:
611 1105 115 42 211),
721 1101 18 56 i
760 1106 65 31 vad
860 1107 213 32 sistnämnda
1106 1109 171 31 motioner
1308 1120 78 21 avse
1421 1110 171 32 ordinarie
1626 1111 157 42 förslags-

547 1156 153 41 anslaget
723 1156 54 31 till
800 1156 43 32 de
866 1158 246 42 värnpliktigas
1136 1159 198 42 avlöning,
1323 1152 15 55 i
1358 1160 186 32 riksstaten
1568 1161 52 31 för
1642 1162 142 41 budget-

547 1208 73 29 året
636 1207 178 39 1932/1933
838 1210 150 39 upptaga
1011 1209 147 31 nämnda
1181 1210 119 41 anslag
1323 1211 77 31 med
1424 1211 198 32 oförändrat
1645 1212 137 42 belopp,

547 1257 136 38 493,000
705 1257 135 32 kronor.

334 1383 81 42 72:0)
438 1383 127 43 Kungl.
583 1385 98 41 Maj:t
703 1385 62 31 har
787 1385 11 31 i
821 1386 164 41 förslaget
1008 1387 52 31 till
1084 1387 141 32 riksstat
1248 1388 160 42 upptagit
1431 1389 172 32 ordinarie
1625 1390 158 42 förslags-

279 1434 155 41 anslaget
456 1435 53 31 till
533 1435 189 32 understöd
745 1438 35 29 åt
796 1436 92 32 vissa
903 1437 246 42 värnpliktigas
1172 1439 147 40 familjer
1335 1439 77 31 med
1430 1440 197 32 oförändrat
1642 1441 139 42 belopp,

281 1485 113 38 15,000
415 1485 127 32 kronor
564 1485 121 42 (punkt
708 1486 59 41 77).

337 1536 231 42 Utredningen
603 1536 11 31 i
642 1537 142 31 ärendet
806 1538 183 31 återfinnes
1012 1538 12 31 i
1047 1539 380 42 statsrådsprotokollet
1450 1541 63 31 sid.
1538 1542 62 30 202
1623 1542 63 31 och
1710 1543 70 31 203.

331 1638 18 31 I
381 1638 223 32 förenämnda
630 1650 40 20 av
692 1639 79 31 herr
793 1640 118 32 Möller
932 1652 39 20 m.
989 1642 37 40 fl.
1052 1641 64 31 och
1139 1641 78 32 herr
1240 1642 37 31 P.
1302 1643 40 31 A.
1367 1643 151 31 Hansson
1542 1654 40 21 m.
1599 1645 38 39 fl.
1662 1645 119 31 väckta

278 1688 170 32 motioner
470 1688 38 42 (I:
527 1689 60 32 125
611 1690 62 30 och
695 1689 47 32 II:
760 1690 72 41 211)
866 1691 61 30 har
948 1691 205 41 föreslagits,
1178 1694 50 29 att
1250 1692 150 32 nämnda
1422 1694 120 40 anslag
1564 1694 111 32 skulle
1699 1706 82 30 upp-

276 1740 97 40 tagas
395 1740 78 31 med
495 1740 95 38 5,000
611 1740 134 31 kronor.

333 1841 117 32 Under
473 1842 205 42 hänvisning
700 1843 53 31 till
777 1843 65 31 vad
865 1844 168 32 utskottet
1057 1845 108 31 under
1188 1845 110 41 punkt
1315 1845 83 42 10:0)
1413 1846 61 31 här
1490 1858 86 20 ovan
1593 1847 120 38 anfört,
1731 1848 50 30 får

279 1892 168 32 utskottet
469 1893 191 38 hemställa,

600 1980 49 29 att
682 1978 182 42 riksdagen
888 1981 54 29 må
964 1979 11 31 i
999 1980 151 42 enlighet
1173 1980 78 32 med
1273 1981 127 42 Kungl.
1426 1982 115 41 Maj:ts
1564 1983 128 41 förslag
1715 1983 63 31 och

546 2028 78 31 med
648 2029 114 41 avslag
785 2031 19 30 å
827 2030 78 31 herr
927 2030 143 32 Möllers
1093 2042 42 20 m.
1151 2031 32 31 fl.
1201 2031 64 31 och
1281 2032 78 31 herr
1374 2032 37 32 P.
1428 2032 39 31 A.
1485 2033 185 31 Hanssons
1686 2045 42 20 m.
1746 2034 32 31 fl.

545 2079 220 32 förevarande
788 2080 171 32 motioner
973 2080 38 42 (I:
1027 2081 59 31 125
1103 2082 63 30 och
1181 2082 47 31 II:
1245 2081 82 42 211),
1346 2082 10 31 i
1373 2083 64 31 vad
1453 2083 42 31 de
1511 2094 79 20 avse
1607 2083 172 32 ordinarie

544 2130 303 42 förslagsanslaget
880 2131 52 31 till
965 2131 190 32 understöd
1182 2134 34 29 åt
1238 2132 92 32 vissa
1352 2133 247 42 värnpliktigas
1623 2134 154 41 familjer,

544 2180 11 31 i
588 2180 185 32 riksstaten
808 2181 52 31 för
886 2181 203 42 budgetåret
1113 2183 179 39 1932/1933
1314 2185 152 40 upptaga
1488 2184 149 32 nämnda
1660 2185 119 41 anslag

543 2230 77 32 med
644 2231 197 32 oförändrat
863 2232 136 41 belopp,
1026 2232 112 39 15,000
1161 2233 133 32 kronor.
