1886 2850
640 192 230 29 Statsutskottets
892 192 148 29 utlåtande
1062 195 48 26 Nr
1132 195 27 27 4.
1608 192 38 31 61

146 266 172 42 skaffning
352 267 63 30 och
449 268 180 30 utförande
663 279 40 19 av
726 268 239 41 anordningar,
990 268 148 32 avsedda
1173 270 49 29 att
1257 268 201 41 möjliggöra
1481 268 168 41 bärgning

146 319 40 20 av
202 309 223 31 överlevande
443 309 237 42 besättningar
696 310 73 31 från
787 310 146 41 sjunkna
949 310 353 38 undervattensbåtar,
1320 312 104 30 måtte
1442 311 51 30 för
1508 310 139 41 budget-

146 353 72 29 året
243 352 179 39 1931/1932
446 363 137 20 anvisas
607 354 49 29 ett
679 355 93 28 extra
796 353 352 41 reservationsanslag
1171 364 39 19 av
1233 353 116 38 64,600
1371 353 135 31 kronor.

199 411 53 30 Då
286 411 381 41 marinförvaltningens
702 412 224 31 omförmälda
960 412 126 41 förslag
1113 431 35 3 —
1177 423 73 20 som
1274 412 115 31 inkom
1414 412 52 31 till
1489 412 160 31 försvars-

147 462 273 41 departementet
453 463 88 30 först
574 463 64 31 den
676 464 36 29 11
737 463 150 31 februari
912 463 78 31 1931
1026 482 40 3 —
1099 463 73 31 icke
1195 463 199 31 föranledde
1418 465 112 39 någon
1553 464 96 30 fram-

147 512 164 42 ställning
333 513 12 30 1
368 515 114 29 ämnet
513 513 52 31 till
591 514 74 30 1931
693 515 55 29 års
771 514 147 41 riksdag,
943 514 61 31 har
1026 514 252 31 ämbetsverket
1301 514 10 30 i
1336 514 53 30 sin
1414 514 162 31 skrivelse
1600 515 49 29 rö-

145 563 105 31 rande
285 564 239 40 sjöförsvarets
544 564 244 31 medelsbehov
810 565 53 30 för
885 564 283 32 nästkommande
1191 564 168 42 budgetår
1381 567 87 39 ånyo
1493 564 156 42 upptagit

146 614 112 31 denna
291 614 94 41 fråga
408 615 63 30 och
496 614 118 32 därvid
637 615 122 37 anfört,
783 615 105 32 bland
911 617 112 37 annat,
1047 615 160 40 följande.

199 673 94 31 Enär
313 673 58 31 det
394 675 108 29 måste
526 685 102 20 anses
653 674 219 41 synnerligen
896 674 186 41 angeläget,
1107 676 49 29 att
1180 674 41 31 de
1244 674 195 41 föreslagna
1462 674 187 31 säkerhets-

147 715 203 40 åtgärderna
374 718 133 29 snarast
530 716 135 31 komme
688 717 53 30 till
765 716 109 38 stånd,
893 716 97 32 torde
1013 716 260 41 anskaffningen
1297 728 40 19 av
1353 727 10 20 i
1380 716 270 31 ämbetsverkets

147 757 165 31 skrivelse
348 758 64 31 den
436 758 41 31 30
499 759 133 39 januari
657 759 77 31 1931
761 759 146 40 angivna
930 759 451 41 utstigningsanordningar,
1407 759 155 41 övnings-
1585 760 63 30 och

146 800 207 41 provtankar
387 803 88 28 samt
508 802 54 29 två
591 801 435 41 dekompressionstankar,
1050 801 113 31 vilken
1186 801 184 31 beräknats
1394 803 115 39 uppgå
1532 802 51 30 till
1607 813 42 19 en

147 842 147 32 kostnad
318 854 39 19 av
381 843 114 37 90,100
518 843 135 37 kronor,
678 845 136 30 snarast
837 843 134 41 möjligt
993 845 62 40 äga
1077 855 84 19 rum.

199 885 53 31 De
274 896 12 19 i
310 885 227 41 utredningen
562 886 206 31 omnämnda
791 886 398 41 andningsapparaterna
1211 897 80 20 vore
1314 886 105 31 redan
1443 886 205 31 anskaffade.

199 927 165 32 Förutom
388 927 42 32 de
454 928 148 31 nämnda
625 928 203 41 åtgärderna
850 929 148 40 förelåge
1021 930 83 29 även
1129 928 176 32 önskemål
1329 939 54 20 om
1407 931 50 29 att
1479 929 171 41 iordning-

147 970 100 31 ställa
281 981 41 20 en
357 970 204 41 utrangerad
594 971 307 31 undervattensbåt
934 971 52 31 för
1015 971 385 41 utstigningsövningar.
1445 970 205 32 Kostnaden

146 1012 115 31 härför
284 1012 212 32 beräknades
521 1013 51 30 till
596 1013 91 31 cirka
710 1013 275 38 45,000—50,000
1007 1013 133 31 kronor.
1180 1013 305 40 Tillgodoseendet
1501 1024 39 20 av
1557 1013 93 31 detta

146 1054 177 31 önskemål
346 1057 144 39 ansåges
514 1055 87 31 dock
624 1055 190 32 tillsvidare
837 1056 115 30 kunna
975 1057 106 30 anstå.

197 1097 49 30 På
269 1097 111 41 grund
403 1109 40 19 av
465 1097 66 31 vad
548 1098 144 30 sålunda
708 1098 132 31 anförts
856 1098 203 31 hemställde
1076 1098 371 40 marinförvaltningen,
1462 1099 49 29 att
1523 1098 124 41 Kungl.

146 1139 97 41 Maj:t
274 1141 104 29 måtte
408 1140 127 31 föreslå
564 1140 183 40 riksdagen
772 1142 50 29 att
844 1140 52 31 för
919 1140 411 41 säkerhetsanordningar
1352 1143 19 27 å
1393 1139 257 32 undervattens-

144 1182 97 31 båtar
263 1182 53 31 för
338 1182 202 41 budgetåret
566 1183 178 32 1932/1933
768 1182 117 32 anvisa
909 1184 48 30 ett
981 1185 93 29 extra
1100 1183 351 40 reservationsanslag
1474 1194 40 19 av
1536 1183 115 38 90,100

144 1224 135 31 kronor.

197 1301 389 42 Departementschefen
609 1302 61 31 har
692 1302 11 31 1
727 1302 141 32 ärendet
890 1302 90 42 gjort
1002 1302 150 41 följande
1176 1302 188 32 uttalande:

201 1352 36 31 »I
259 1352 109 31 likhet
402 1353 77 30 med
503 1353 362 41 marinförvaltningen
888 1364 101 20 anser
1002 1353 56 41 jag
1073 1353 58 31 det
1149 1353 217 42 synnerligen
1390 1353 186 42 angeläget,
1601 1355 50 30 att

146 1403 157 41 åtgärder
325 1403 154 41 vidtagas
503 1404 53 30 för
578 1406 49 29 att
649 1404 12 31 i
684 1404 195 41 möjligaste
902 1406 78 29 mån
1004 1404 133 31 minska
1160 1403 155 32 riskerna
1337 1404 53 31 för
1413 1405 66 30 den
1496 1406 19 29 å
1531 1404 119 31 under-

145 1454 280 31 vattensbåtarna
448 1454 257 41 tjänstgörande
728 1455 216 41 personalen.
975 1454 104 32 Emot
1102 1455 42 31 de
1167 1454 239 41 anordningar,
1432 1466 74 20 som
1530 1455 120 31 marin-

145 1504 250 41 förvaltningen
429 1505 11 30 i
476 1505 122 31 sådant
631 1505 170 31 avseende
835 1505 186 41 föreslagit,
1045 1505 62 31 har
1137 1505 57 41 jag
1226 1505 74 31 icke
1329 1507 104 39 något
1456 1507 50 29 att
1528 1505 120 32 erinra.

144 1555 66 41 Jag
243 1556 110 30 finner
387 1555 69 41 mig
489 1555 114 31 därför
636 1556 84 30 böra
754 1555 145 39 förorda,
925 1557 49 29 att
997 1555 111 31 medel
1131 1556 53 31 för
1206 1555 255 41 ifrågavarande
1492 1555 158 31 ändamål

145 1605 99 32 äskas
268 1617 41 20 av
331 1605 192 42 riksdagen.
555 1605 118 42 Enligt
696 1617 40 20 av
760 1605 361 42 marinförvaltningen
1145 1605 172 42 uppgjord
1334 1605 189 42 beräkning
1539 1605 109 32 skulle

145 1656 232 31 kostnaderna
410 1656 52 31 för
490 1656 41 31 de
555 1656 198 42 ifrågasatta
776 1656 275 42 anordningarna
1074 1658 113 39 uppgå
1211 1656 53 31 till
1288 1656 224 41 sammanlagt
1535 1656 115 39 90,100

145 1707 135 31 kronor.
326 1707 18 31 I
372 1707 94 31 detta
499 1707 128 42 belopp
650 1707 88 41 ingå,
763 1707 106 31 bland
892 1709 112 36 annat,
1029 1706 74 32 dels
1129 1707 112 38 13,700
1264 1707 126 31 kronor
1414 1707 51 31 för
1489 1718 41 20 en
1554 1718 94 30 prov-

145 1758 90 38 tank,
249 1757 74 32 dels
347 1757 62 32 ock
433 1758 114 38 23,600
570 1757 125 32 kronor
717 1758 53 31 för
793 1760 55 29 två
872 1757 433 42 dekompressionstankar.
1333 1757 54 31 Då
1409 1756 79 32 med
1508 1757 142 31 anskaft-

145 1808 126 41 ningen
306 1820 40 19 av
372 1808 212 41 provtanken
609 1808 63 31 och
696 1808 67 31 den
788 1819 63 20 ena
873 1820 40 20 av
937 1807 472 42 dekompressionstankarna
1431 1810 82 29 utan
1538 1809 109 30 större

145 1858 182 42 olägenhet
361 1859 97 31 torde
482 1859 115 31 kunna
627 1860 98 30 anstå
748 1859 54 31 till
825 1861 49 29 ett
896 1859 150 41 följande
1069 1859 177 41 budgetår,
1278 1869 102 31 synes
1411 1858 239 31 medelsanvis-

144 1909 127 41 ningen
306 1910 52 30 för
391 1909 257 41 ifrågavarande
682 1910 158 30 ändamål
873 1910 52 31 för
958 1909 283 31 nästkommande
1268 1909 168 40 budgetår
1459 1909 115 31 kunna
1596 1909 54 30 be-

145 1961 141 39 gränsas
311 1960 50 30 till
386 1959 176 41 (90,100
534 1955 23 50 —
578 1960 163 37 13,700
712 1955 23 50 —
758 1960 113 37 11,800
882 1959 50 41 =)
945 1960 115 37 64,600
1082 1959 153 31 kronor.»

197 2051 189 38 Utskottet,
412 2063 72 20 som
509 2054 114 29 ansett
646 2052 52 41 sig
715 2052 84 32 böra
815 2052 170 41 tillstyrka
1002 2052 124 39 Kungl.
1144 2052 118 40 Maj:ts
1278 2052 221 31 förevarande
1512 2053 135 41 förslag,

144 2094 50 30 får
216 2094 189 37 hemställa,

465 2147 50 29 att
538 2144 181 41 riksdagen
744 2147 53 28 må
820 2145 52 31 för
893 2145 389 39 säkerhetsanordningar
1301 2146 17 29 å
1330 2144 320 32 undervattensbåtar

414 2196 51 29 för
499 2195 201 41 budgetåret
736 2195 179 38 1932/1933
950 2195 116 31 anvisa
1100 2197 50 28 ett
1181 2197 94 28 extra
1298 2195 352 41 reservationsanslag

413 2257 39 19 av
475 2246 114 35 64,600
612 2246 134 30 kronor.

196 2347 83 40 93:0)
303 2346 126 41 Kungl.
455 2347 97 40 Maj:t
575 2347 60 30 har
658 2347 178 41 föreslagit
863 2347 180 41 riksdagen
1061 2346 120 42 (punkt
1196 2347 51 40 98)
1264 2349 50 28 att
1330 2348 51 29 för
1397 2348 252 30 verkställande

143 2409 39 19 av
217 2397 242 40 förbättringar
493 2397 9 30 1
538 2397 224 40 inredningen
797 2398 52 30 för
884 2397 283 31 underofficerare
1191 2397 64 31 och
1279 2397 164 41 manskap
1468 2399 18 29 å
1509 2397 140 31 flottans

143 2448 109 40 fartyg
276 2448 51 30 för
350 2447 204 38 budgetåret
581 2448 175 30 1932/1933
780 2448 116 30 anvisa
921 2449 48 29 ett
993 2450 93 28 extra
1109 2447 351 40 reservationsanslag
1476 2459 39 20 av
1535 2449 114 38 34,250

141 2498 134 31 kronor.

1705 2065 138 23 Utskottets

1710 2100 129 28 yttrande.

1668 2356 204 29 Förbättringar

1669 2390 7 22 i
1698 2390 172 29 wnredningen

1693 2424 42 29 för
1754 2425 95 22 under-

1668 2459 133 29 officerare
1828 2460 42 22 och

1689 2493 127 29 manskap
1838 2494 13 21 å

1719 2528 105 29 flottans

1722 2562 97 31 fartyg.

1730 2604 94 45 [98.]
