2221 2692
441 124 18 30 4
866 122 105 35 Stats-
983 118 186 50 Utskottets
1184 125 172 36 Utlåtande
1379 127 64 34 N:o
1467 131 53 30 17.

541 209 54 33 Uti
621 210 56 31 sitt
703 210 119 40 afgifna
850 211 164 33 utlåtande
1042 213 93 32 hafva
1163 214 223 42 Fullmäktige,
1415 217 41 40 på
1482 216 104 41 grund
1614 217 36 31 af
1674 218 54 32 det
1754 218 136 33 sålunda
1906 220 87 32 med-

390 262 87 41 gifna
518 261 179 40 anståndet,
739 263 129 39 erinrat,
899 266 47 29 att
973 264 337 43 slutbetalningstiden
1338 267 50 32 för
1414 268 88 32 lånet
1528 269 149 32 inträffar
1704 270 81 32 först
1821 272 36 31 år
1898 269 92 48 1880,

391 314 101 32 under
527 313 120 32 hvilket
678 315 36 31 år
747 314 70 33 hela
851 316 97 38 lånet,
984 316 92 33 hvars
1111 319 204 32 återstående
1343 319 241 43 kapitalbelopp
1609 321 82 32 efter
1718 322 62 32 den
1807 324 149 32 sednaste
1984 326 10 31 i

388 365 213 33 sistförflutna
627 365 176 33 December
831 368 114 32 månad
973 368 194 34 verkställda
1194 370 240 42 inhetalningen
1464 372 114 33 endast
1604 376 95 38 utgör
1729 377 111 37 11,993
1856 377 76 31 R:dr
1957 379 37 30 79

388 421 66 36 öre,
484 418 57 31 bör
567 428 113 30 genom
707 417 130 34 fortsatt
864 420 80 41 årlig
971 420 198 42 afbetalning
1196 422 34 32 af
1256 426 17 29 2
1302 428 133 37 procent
1463 425 76 31 eller
1569 427 92 37 1,500
1676 426 76 31 R:dr
1778 427 74 32 utaf
1870 429 61 31 den
1945 432 51 28 ut-

387 469 158 33 bekomna
581 469 220 32 lånesumman
842 472 101 31 under
981 474 75 30 åren
1097 476 206 31 1873—1880
1341 475 96 33 blifva
1469 477 49 31 till
1552 476 55 32 sitt
1635 477 116 42 belopp
1783 481 211 39 amorteradt,

389 522 128 31 hvarför
543 522 93 40 ingen
665 522 173 42 anledning
864 523 185 34 förefunnos
1077 529 48 28 att
1151 526 128 42 vidtaga
1306 527 60 32 den
1394 528 34 32 af
1444 529 209 32 Revisorerne
1677 530 177 41 föreslagna
1872 533 123 40 åtgärd.

537 574 45 31 På
609 573 101 40 grund
739 574 34 32 af
799 575 80 33 hvad
906 576 131 32 sålunda
1069 577 103 33 blifvit
1201 579 127 42 upplyst
1355 580 186 32 hemställer
1569 580 173 41 Utskottet,

788 629 47 29 att
872 628 227 34 Revisorernes
1137 630 236 43 framställning
1409 632 11 32 i
1455 632 105 33 denna
1592 632 51 32 del
1678 635 51 30 må
1761 634 120 32 lemnas
1916 639 77 29 utan

788 679 162 33 afseende.

790 806 52 47 B)
884 806 308 41 Christinehamns
1218 812 375 49 kyrkobyggnadslan.

744 873 175 49 (Rev.-ber.
949 878 59 32 sid.
1040 881 48 37 16,
1120 882 47 29 17.
1223 881 114 31 Fullm.
1368 881 56 31 utl.
1455 882 59 31 sid.
1546 885 86 40 183.)

535 961 209 33 Revisorerne
780 962 92 33 hafva
907 961 24 48 (i
965 967 96 30 noten
1089 968 18 29 2
1140 966 58 31 sid.
1231 968 48 40 16)
1307 967 151 32 anmärkt
1484 971 49 28 att
1562 971 76 29 1871
1670 971 51 30 års
1748 970 199 41 inbetalning
1974 984 18 19 a

383 1012 89 31 detta
506 1012 63 40 lån,
604 1023 66 22 som
705 1013 73 32 bort
812 1013 55 33 ske
900 1015 67 32 före
1002 1027 121 21 samma
1155 1019 51 31 års
1242 1018 74 39 slut,
1352 1018 209 33 verkställdes
1588 1020 62 32 den
1691 1024 18 29 2
1736 1021 134 33 Januari
1905 1025 86 37 1872,

384 1063 129 39 hvilket,
543 1064 100 41 enligt
669 1065 230 41 Fullmäktiges
927 1067 177 41 utlåtande,
1133 1069 184 41 antagligen
1342 1070 177 33 föranledts
1547 1071 93 32 deraf
1651 1075 49 29 att
1722 1073 61 31 den
1808 1076 36 29 31
1862 1074 128 33 Decom-

383 1115 57 31 ber
469 1118 77 29 1871
572 1116 172 32 inträffade
772 1119 40 39 på
840 1117 127 42 Söndag
990 1120 60 31 och
1078 1122 47 29 att
1153 1121 107 31 derför
1288 1122 38 31 de
1355 1122 71 31 med
1455 1127 112 36 posten
1596 1123 60 32 den
1686 1127 39 29 30
1752 1125 9 30 i
1789 1136 120 21 samma
1930 1132 62 26 må-

385 1166 63 31 nad
475 1167 48 31 till
558 1167 185 33 Stockholm
776 1168 159 33 ankomua
971 1171 100 31 medel
1109 1172 26 40 cj
1164 1173 67 30 förr
1258 1177 41 27 än
1329 1174 255 41 västpåföljande
1613 1175 182 41 söckondag
1819 1176 106 33 kunde
1954 1180 40 38 på

384 1217 349 41 Riksgälds-kontorets
773 1219 135 41 räkning
936 1221 10 30 i
974 1221 204 33 Riksbanken
1206 1224 146 31 insättas.

534 1268 60 32 Vid
622 1280 42 20 nu
692 1270 148 41 upplysta
867 1271 202 33 förhållande
1097 1273 186 33 hemställer
1311 1275 173 32 Utskottot.

784 1325 48 28 att
865 1322 59 32 den
959 1323 111 42 gjorda
1097 1325 254 41 anmärkningen
1384 1327 69 32 icke
1488 1329 49 30 må
1570 1328 47 31 till
1653 1332 105 38 vigon
1786 1329 111 40 åtgärd
1929 1329 61 32 för-

785 1373 125 33 anleda.

655 1500 52 47 0)
760 1502 119 37 Länet
897 1503 68 47 för
994 1505 250 47 reparationer
1272 1506 23 36 a
1333 1505 172 38 Westeraås
1529 1507 207 49 domkyrka.

702 1570 170 41 (Rev.-ber,
902 1571 59 32 sid.
992 1573 47 37 16,
1072 1575 46 29 17.
1174 1574 113 31 Fullm.
1318 1575 57 30 utl.
1405 1575 60 31 sid.
1497 1578 69 37 183,
1598 1575 87 43 184.)

532 1654 53 33 Uti
613 1658 96 28 noten
738 1657 17 30 3
783 1655 58 32 sid.
873 1657 37 31 16
939 1657 165 40 uppgifves
1131 1658 10 31 i
1169 1658 149 32 afseende
1346 1671 42 29 på
1415 1660 88 32 detta
1530 1661 51 31 lån
1610 1664 48 29 att
1681 1662 190 32 annuiteten
1895 1664 94 37 1,350

382 1706 75 30 R:dr
484 1706 48 30 för
560 1708 35 30 år
623 1706 81 32 1S70
735 1706 179 33 inbetaldes
935 1708 60 31 den
1027 1711 35 29 13
1090 1709 64 41 Maj
1188 1713 75 29 1871
1296 1711 60 32 och
1384 1715 49 28 att
1459 1712 188 32 annuiteten
1677 1714 49 30 för
1749 1715 36 30 år
1814 1717 75 29 1871
1911 1715 79 31 erla-

383 1756 54 31 des
465 1756 60 31 den
556 1760 37 28 16
621 1758 61 40 Maj
713 1760 90 29 1872.

532 1808 212 40 Fullmäktige
777 1809 94 32 hafva
893 1810 129 41 upplyst
1049 1814 48 28 att
1123 1812 88 31 lånet
1238 1812 81 31 skall
1348 1812 193 33 återbetalas
1569 1825 112 29 genom
1711 1815 192 40 erläggande
1922 1816 67 32 före

382 1858 106 41 hvarje
517 1860 50 30 års
594 1859 65 31 slut
685 1859 33 31 af
744 1861 17 29 6
789 1864 133 36 procent
950 1861 72 32 utaf
1053 1863 223 40 ursprungliga
1308 1864 230 40 lånesumman,
1573 1865 107 31 dervid
1717 1865 81 32 först
1832 1866 155 33 beräknas

380 1912 18 28 4
426 1914 133 35 procent
585 1913 93 28 ränta
712 1911 19 30 å
764 1910 53 32 det
849 1913 201 31 återstående
1085 1912 275 43 kapitalbeloppet
1392 1916 60 31 och
1486 1916 209 32 öfverskottet
1723 1920 93 37 utgör
1851 1917 137 42 kapital-

381 1960 199 41 afbetalning
615 1964 82 28 samt
724 1964 56 36 att,
810 1962 41 32 då
879 1963 59 31 den
974 1963 193 33 föreskrifna
1200 1964 267 42 betalningstiden
1504 1968 222 38 ötverskrides,
1759 1968 60 31 fem
1854 1972 136 37 procent

381 2011 81 40 årlig
489 2015 93 28 ränta
605 2011 82 33 skall
715 2012 143 41 erläggas
886 2015 18 31 å
932 2014 54 31 det
1013 2015 148 32 förfallna
1188 2016 151 41 beloppet
1362 2017 122 32 tilldess
1512 2018 177 32 detsamnia
1715 2019 168 39 inbetalas,
1909 2021 79 30 hvil-

382 2062 61 31 ken
470 2062 157 32 särskilda
653 2066 93 29 ränta
774 2064 103 32 tillika
906 2065 68 32 med
1004 2066 59 31 den
1094 2066 164 33 bestämda
1285 2069 189 32 annuiteten
1502 2070 93 32 äfven
1629 2070 200 33 inbetalades
1857 2073 41 40 på
1926 2072 60 32 den

381 2113 10 31 i
415 2114 348 32 revisionsberättelsen
788 2116 154 40 uppgifna
971 2117 294 42 betalningsdagen.

533 2165 162 35 Utskottet
723 2167 193 39 hemställer,

777 2220 48 30 att
852 2218 54 33 det
932 2219 168 34 aumärkta
1129 2220 217 34 förhållandet
1373 2224 52 31 må
1451 2234 93 21 anses
1571 2223 157 43 nöjaktigt
1753 2224 190 34 förklaradt.
