1862 2784
271 156 19 29 2
428 155 111 27 Första
560 155 199 28 kammarens
781 155 162 27 allmänna
963 154 319 35 beredningsutskotts
1304 153 158 27 utlåtande
1484 162 38 18 nr
1546 154 43 26 10.

314 245 480 39 Arbetsmarknadsstyrelsen
813 245 115 30 anför:

314 298 70 30 För
401 302 49 27 att
473 299 161 38 zigenare
652 300 89 29 skall
760 300 121 29 kunna
900 298 36 31 få
956 308 43 21 en
1017 299 79 29 med
1115 298 110 30 andra
1248 298 148 29 svenska
1418 297 232 38 medborgare
1668 297 87 38 jäm-

269 351 125 39 bördig
418 352 166 39 ställning
608 353 66 29 och
699 353 120 29 kunna
844 352 160 38 inpassas
1026 352 10 29 i
1060 355 48 27 ett
1131 351 153 30 normalt
1308 350 217 31 samhällsliv
1548 351 102 29 torde
1672 359 83 21 vara

268 405 217 38 nödvändigt
508 408 50 27 att
582 406 43 29 de
646 406 145 29 beredes
814 405 184 39 möjlighet
1021 405 52 30 till
1099 411 96 24 mera
1219 405 158 30 ordnade
1399 403 355 39 sysselsättningsför-

269 457 188 31 hållanden
476 459 44 29 än
540 459 67 29 vad
627 468 74 21 som
722 468 46 21 nu
774 453 20 50 i
819 459 91 39 regel
931 460 38 29 är
989 459 105 29 fallet.
1117 458 78 30 Men
1215 458 123 30 härför
1358 457 174 31 erfordras
1554 467 42 20 en
1618 465 137 31 genom-

266 511 174 38 gripande
461 511 210 39 förändring
693 522 42 20 av
757 512 103 30 deras
881 510 395 31 levnadsförhållanden
1297 510 11 30 i
1334 511 202 29 allmänhet.
1562 510 55 30 En
1640 511 114 29 utred-

268 565 86 38 ning
370 565 65 30 bör
451 564 123 31 därför
591 565 149 30 omfatta
758 565 208 38 zigenarnas
981 565 129 30 arbets-
1128 565 66 29 och
1212 563 396 31 levnadsförhållanden
1625 564 10 29 i
1654 564 101 29 deras

267 618 130 30 helhet.
421 618 176 39 Styrelsen
619 619 119 29 finner
763 618 57 30 för
842 619 54 29 sin
921 619 54 29 del
999 619 75 29 skäl
1098 618 169 38 föreligga
1292 618 58 29 för
1373 620 50 27 att
1451 626 42 20 en
1518 617 96 38 dylik
1639 617 114 29 utred-

268 671 86 39 ning
372 672 162 30 kommer
552 672 53 30 till
623 671 112 31 stånd.

311 725 334 38 Skolöverstyrelsen
666 725 114 30 anför:

312 778 115 39 Några
446 779 323 29 särbestämmelser
785 788 59 20 om
864 778 294 38 zigenarbarnens
1175 778 168 38 skolplikt
1361 777 96 30 finns
1475 777 41 38 ej.
1537 776 216 39 Principiellt

267 833 110 38 gäller
394 832 57 30 för
467 832 90 35 dem,
576 832 11 29 i
607 832 68 30 den
693 831 83 30 mån
793 832 44 29 de
855 832 40 29 är
915 831 269 39 kyrkoskrivna,
1203 840 135 21 samma
1357 830 226 30 föreskrifter
1603 840 76 20 som
1697 830 59 30 för

267 886 112 29 andra
406 885 97 30 barn.
532 884 122 39 Någon
681 884 250 39 diskrimering
958 885 10 29 i
997 884 98 39 fråga
1123 894 57 20 om
1207 885 44 29 de
1275 885 180 29 allmänna
1482 883 271 30 föreskrifterna

267 938 189 39 föreligger
475 938 135 30 således
628 938 78 30 icke
723 938 46 38 på
787 939 94 29 detta
904 938 153 35 område,
1077 941 87 26 utan
1180 938 56 29 det
1259 947 103 29 synes
1382 946 82 21 vara
1484 937 268 38 tillämpningen

268 1001 42 21 av
338 992 312 30 bestämmelserna
680 991 45 39 på
754 991 188 39 zigenarna
970 1001 74 20 som
1073 992 75 35 här,
1176 992 128 29 liksom
1333 990 44 39 på
1406 991 88 29 flera
1523 991 111 30 andra
1664 1000 88 20 sam-

266 1044 164 39 hälleliga
454 1044 180 36 områden,
657 1046 82 29 stött
761 1044 45 39 på
828 1044 225 39 svårigheter.
1077 1045 82 29 Man
1180 1054 102 29 synes
1308 1044 124 30 härvid
1454 1044 44 29 ha
1521 1043 99 30 blivit
1646 1044 10 29 i
1678 1045 75 28 allt-

267 1098 58 30 för
347 1099 70 38 hög
440 1099 84 38 grad
548 1099 178 29 beroende
749 1108 43 20 av
815 1098 333 39 ordningsmaktens
1170 1097 149 31 bistånd.
1346 1098 64 29 Det
1433 1098 73 29 kan
1528 1097 151 36 befaras,
1704 1100 51 27 att

267 1152 88 29 även
381 1151 202 31 inrättande
606 1162 43 20 av
673 1152 153 30 internat
851 1152 58 29 för
936 1152 227 38 zigenarbarn
1189 1151 87 30 skall
1302 1152 90 29 stöta
1420 1150 46 39 på
1490 1160 135 21 samma
1651 1151 102 38 prak-

266 1205 92 30 tiska
378 1204 225 40 svårigheter.
622 1205 162 39 Tidigare
803 1205 133 38 förslag
955 1205 123 29 härom
1097 1206 65 28 har
1179 1205 31 38 ej
1229 1206 62 29 lett
1308 1204 52 31 till
1379 1204 115 38 någon
1513 1204 133 38 åtgärd.

311 1259 76 29 Den
409 1258 253 30 ambulerande
682 1258 271 30 verksamheten
972 1258 64 29 bör
1054 1258 179 30 betraktas
1253 1267 75 20 som
1353 1267 43 21 en
1416 1257 155 39 eftergift
1592 1258 97 29 inför
1711 1258 44 30 de

267 1311 157 31 rådande
442 1311 154 30 faktiska
617 1310 281 31 förhållandena.
921 1312 74 29 Den
1014 1312 65 29 har
1098 1315 110 26 avsett
1227 1314 50 27 att
1296 1319 41 30 ge
1355 1321 43 20 en
1417 1312 94 30 krets
1531 1321 41 20 av
1593 1311 160 38 zigenare

266 1364 141 31 tillfälle
431 1368 49 27 att
505 1364 37 30 få
566 1365 150 29 kontakt
742 1365 81 29 med
851 1364 305 39 undervisningen.
1183 1364 56 30 Att
1263 1364 110 39 några
1401 1366 112 29 större
1538 1365 144 29 resultat
1708 1363 45 39 på

266 1418 117 30 denna
408 1419 65 37 väg
497 1418 114 30 skulle
636 1417 125 31 vinnas
784 1418 67 30 har
874 1418 32 38 ej
931 1417 201 39 påräknats.
1159 1418 80 29 Men
1263 1428 77 20 som
1365 1418 238 30 förberedelse
1629 1418 50 30 till
1705 1420 47 27 ett

266 1478 97 23 mera
387 1470 153 39 allsidigt
562 1471 240 30 inlemmande
824 1472 9 29 i
856 1471 185 30 samhället
1064 1481 43 20 av
1132 1471 115 31 denna
1269 1472 195 38 folkgrupp
1485 1472 66 29 har
1575 1472 177 29 verksam-

265 1525 106 29 heten
389 1524 77 30 haft
483 1524 53 30 sin
554 1525 187 38 betydelse.
762 1524 52 30 En
833 1524 253 39 förutsättning
1104 1525 58 30 för
1178 1525 135 30 ordnad
1332 1525 304 30 skolverksamhet
1653 1525 101 30 torde

266 1577 155 30 framför
447 1578 61 31 allt
533 1587 95 27 vara,
656 1581 49 27 att
734 1577 347 39 bosättningsfrågan
1109 1579 71 29 kan
1206 1579 139 29 ordnas.
1378 1578 109 31 Göres
1512 1578 171 39 framsteg
1707 1577 46 40 på

266 1631 95 30 detta
381 1630 154 36 område,
552 1632 93 29 löser
660 1641 82 20 man
758 1632 90 29 även
865 1631 126 39 frågan
1007 1641 59 20 om
1081 1631 307 39 undervisningen.
1406 1632 53 29 En
1475 1633 148 29 kurator
1640 1632 112 30 skulle

266 1684 10 29 i
296 1685 95 29 detta
412 1684 172 30 avseende
602 1690 83 25 vara
705 1684 52 30 till
775 1693 100 30 gagn.
897 1684 78 31 Med
994 1685 137 38 hänsyn
1155 1685 51 29 till
1224 1686 44 30 de
1286 1684 217 40 svårigheter
1523 1685 57 30 för
1598 1685 154 39 zigenar-

266 1747 64 21 nas
349 1737 217 39 anpassning
585 1737 58 30 för
664 1741 47 26 ett
732 1739 152 29 normalt
905 1738 225 35 samhällsliv,
1152 1747 74 21 som
1249 1738 190 39 föreligger
1457 1739 44 29 bl.
1524 1748 29 20 a.
1575 1739 11 29 i
1607 1740 65 29 här
1696 1739 55 29 be-

266 1791 105 31 rörda
388 1791 182 35 avseende,
589 1799 105 22 anser
710 1791 51 39 sig
777 1792 170 38 styrelsen
968 1791 57 30 för
1040 1791 53 30 sin
1110 1792 55 29 del
1182 1792 120 30 kunna
1320 1792 175 39 tillstyrka
1512 1793 68 29 den
1599 1792 152 38 begärda

267 1844 243 39 utredningen.

309 1900 281 39 Socialstyrelsen
613 1900 102 29 anför
736 1899 9 29 i
765 1898 199 31 huvudsak:

309 1954 119 38 Enligt
448 1963 44 20 en
512 1953 114 30 under
645 1952 40 30 år
707 1953 81 29 1922
809 1952 192 30 verkställd
1023 1951 219 39 inventering
1264 1952 152 38 uppgick
1438 1953 131 31 antalet
1592 1953 161 38 zigenare

265 2007 58 30 vid
344 2008 115 29 denna
482 2006 168 38 tidpunkt
669 2005 52 31 till
741 2015 39 20 ca
801 2006 74 29 250.
898 2005 117 38 Enligt
1035 2014 44 20 en
1098 2015 47 29 ny
1169 2005 229 38 inventering,
1420 2015 76 20 som
1515 2006 170 38 styrelsen
1707 2005 46 39 på

265 2061 162 38 uppdrag
452 2069 42 21 av
520 2059 124 38 Kungl.
673 2058 100 39 Maj:t
798 2059 214 29 verkställde
1035 2059 69 29 den
1128 2059 38 29 31
1196 2058 71 39 maj
1297 2059 93 35 1943,
1417 2059 131 30 erhölls
1572 2058 178 39 uppgifter

265 2113 80 31 från
365 2114 64 29 453
447 2113 169 39 zigenare,
635 2112 111 30 vilkas
763 2113 108 28 totala
889 2113 96 29 antal
1005 2112 220 30 beräknades
1240 2112 53 30 till
1310 2112 166 39 omkring
1493 2114 73 29 500.
1585 2113 53 29 De
1653 2113 97 29 redo-

265 2167 119 30 visade
404 2166 183 30 fördelade
608 2165 50 39 sig
678 2165 11 30 i
708 2164 100 39 fråga
826 2175 58 20 om
904 2164 98 31 ålder
1020 2165 45 39 på
1084 2166 62 29 275
1167 2175 114 20 vuxna
1301 2167 66 29 och
1391 2167 61 29 178
1471 2167 89 29 barn
1579 2167 114 29 under
1713 2167 38 29 15

265 2219 48 31 år.
336 2220 133 29 Endast
492 2220 40 29 23
554 2226 63 23 var
637 2218 149 36 bofasta,
812 2219 44 29 de
877 2218 119 39 övriga
1017 2219 64 29 430
1102 2228 63 20 var
1185 2218 302 39 kringströvande.
1513 2220 51 30 De
1584 2220 103 30 flesta
1709 2230 42 20 av

264 2274 43 29 de
328 2273 141 30 bofasta
493 2281 60 21 var
575 2272 99 36 barn,
697 2272 94 30 vilka
814 2272 176 38 placerats
1011 2271 21 31 å
1053 2272 129 30 anstalt
1203 2272 84 30 eller
1309 2272 11 30 i
1343 2272 203 32 fosterhem.
1575 2274 177 38 Styrelsen

264 2326 120 29 finner
399 2326 57 30 det
472 2325 75 30 icke
563 2325 165 30 uteslutet
745 2328 50 27 att
810 2326 132 29 antalet
959 2325 161 39 zigenare
1133 2333 146 22 numera
1295 2326 73 30 kan
1386 2326 117 39 uppgå
1520 2327 51 29 till
1587 2327 165 38 omkring

266 2380 72 29 700.

308 2431 264 39 Inventeringen
596 2431 175 39 bestyrkte
793 2432 67 29 den
882 2432 125 39 gängse
1030 2432 268 39 uppfattningen
1319 2436 49 26 att
1392 2433 183 39 zigenarna
1598 2434 121 30 endast
1741 2433 10 29 i
