1916 2832
1610 179 13 29 -

560 183 275 37 Statsutskottets
861 183 178 31 utlåtande
1061 193 41 20 nr
1128 183 49 30 31.

798 471 60 40 Nr
884 472 62 39 31.

342 594 181 32 Utlåtande
545 596 10 29 i
580 594 187 38 anledning
788 605 43 20 av
853 595 124 37 Kungl.
999 595 120 36 Maj:ts
1144 596 11 29 i
1176 595 448 36 statsverkspropositionen

564 645 218 37 beträffande
827 645 307 37 kapitalbudgeten
1181 645 110 31 under
1340 645 286 37 luftfartsfonden

562 696 123 36 gjorda
716 696 300 36 framställningar
1049 695 177 37 angående
1259 696 120 37 anslag
1410 696 56 37 för
1488 695 138 37 budget-

562 746 72 31 året
657 743 144 35 1947/48
821 747 109 36 jämte
950 748 11 29 i
984 748 117 29 ämnet
1123 746 101 31 väckt
1247 747 141 30 motion.

1400 814 66 39 (4:e
1487 810 88 40 avd.)

164 921 65 40 1:0)
255 922 257 31 Markförvärv.
533 923 14 30 I
567 923 268 36 propositionen
858 933 42 20 nr
923 924 14 29 1
962 924 65 29 har
1049 923 122 36 Kungl.
1195 923 102 36 Maj:t
1320 923 225 30 beträffande
1566 924 59 29 ka-

121 972 259 37 pitalbudgeten
398 975 110 30 under
525 974 290 31 luftfartsfonden
840 974 127 39 (bilaga
985 976 51 35 27,
1056 974 112 36 punkt
1189 975 71 37 100,
1278 984 27 21 s.
1331 976 59 28 174
1414 975 64 29 och
1501 975 60 30 175
1583 984 42 21 av

120 1023 105 37 bilagt
244 1025 125 36 utdrag
388 1034 42 21 av
450 1023 375 38 statsrådsprotokollet
846 1026 82 30 över
946 1025 475 30 kommunikationsärenden
1444 1025 55 30 för
1519 1025 66 30 den
1605 1025 19 30 3

116 1074 138 36 januari
281 1074 95 40 1947)
405 1075 177 36 föreslagit
604 1075 184 36 riksdagen
810 1079 49 27 att
885 1075 50 32 till
958 1075 242 30 Markförvärv
1223 1075 57 30 för
1301 1074 200 37 budgetåret
1528 1071 95 40 1947/

121 1125 41 30 48
181 1125 121 31 anvisa
319 1129 47 27 ett
383 1126 347 37 investeringsanslag
745 1136 45 21 av
809 1127 64 29 700
885 1127 65 29 000
967 1126 138 31 kronor.

166 1226 13 30 I
195 1226 172 31 samband
382 1228 78 29 med
472 1227 168 30 anmälan
655 1236 42 21 av
713 1227 342 36 luftfartsstyrelsens
1073 1227 179 31 äskanden
1267 1227 10 30 i
1293 1226 99 37 fråga
1408 1237 57 20 om
1480 1227 146 36 kapital-

120 1275 295 38 investeringarna
441 1278 111 30 under
578 1277 289 31 luftfartsfonden
894 1278 57 30 för
979 1277 201 37 budgetåret
1211 1274 142 35 1947/48
1380 1279 66 30 har
1472 1279 152 35 departe-

122 1327 237 31 mentschefen
375 1329 132 29 lämnat
523 1337 43 22 en
582 1328 218 36 redogörelse
815 1329 56 30 för
890 1332 46 27 ett
952 1338 43 21 av
1010 1328 325 37 luftfartsstyrelsen
1353 1329 10 29 i
1380 1329 163 30 skrivelse
1561 1329 65 31 den

121 1377 42 30 30
185 1378 195 35 september
405 1379 82 30 1946
513 1378 163 37 framlagt
699 1378 132 38 förslag
853 1389 58 21 om
944 1379 296 37 ombildning
1272 1379 108 36 från
1413 1380 83 29 och
1530 1378 97 32 med

120 1426 86 32 den
239 1429 14 29 1
289 1429 93 36 juli
420 1430 108 30 1947
562 1439 51 20 av
650 1429 414 37 luftfartsfonden
1097 1430 77 30 till
1206 1439 51 21 en
1289 1430 335 37 affärsverks-

119 1477 116 36 fond
274 1479 83 30 och
396 1489 51 20 av
485 1480 477 37 luftfartsstyrelsen
1001 1479 77 31 till
1117 1483 64 28 ett
1210 1480 415 37 affärsdrivande

119 1529 114 29 verk
271 1528 37 39 (s.
334 1528 198 39 167—169).
556 1529 175 35 Förslaget
750 1530 128 35 bygger
899 1529 45 37 på
962 1530 179 36 principen
1164 1533 48 27 att
1233 1530 181 31 luftfarten
1436 1531 88 30 skall
1543 1531 84 29 bära

118 1577 74 31 sina
214 1587 85 27 egna
321 1579 196 35 kostnader,
543 1579 74 30 däri
640 1579 191 36 inbegripet
855 1579 218 37 förräntning
1096 1581 64 29 och
1184 1581 210 36 amortering
1417 1591 42 20 av
1481 1581 67 31 viss
1572 1581 53 30 del

118 1638 42 21 av
183 1630 56 30 det
262 1630 10 29 i
295 1630 250 37 flygplatserna
569 1631 170 35 nedlagda
760 1631 178 35 kapitalet.
967 1631 68 30 För
1056 1631 99 30 nästa
1178 1630 169 37 budgetår
1370 1631 67 32 har
1459 1631 165 37 styrelsen

118 1680 216 36 preliminärt
351 1681 185 36 föreslagit,
555 1684 49 27 att
621 1682 42 29 40
683 1684 144 33 procent
843 1691 43 21 av
908 1682 56 30 det
982 1682 200 30 beräknade
1199 1682 262 36 sammanlagda
1480 1683 142 29 investe-

118 1731 255 36 ringsbeloppet
388 1732 56 30 för
462 1732 181 30 luftfarten
660 1733 214 30 omedelbart
892 1732 176 31 avskrives
1085 1733 78 30 med
1181 1733 236 31 skattemedel.

164 1780 171 37 Styrelsen
361 1782 65 30 har
450 1782 117 31 vidare
592 1782 176 36 föreslagit
795 1792 42 21 en
865 1782 218 37 specifiering
1108 1782 20 31 å
1154 1784 111 30 skilda
1295 1784 329 36 investeringsända-

118 1832 79 36 mål,
214 1842 73 22 som
304 1833 117 30 kunde
437 1833 11 30 i
464 1833 195 37 möjligaste
675 1832 82 31 mån
773 1834 196 30 underlätta
989 1834 42 30 de
1046 1834 335 36 anslagsbeviljande
1398 1835 66 30 och
1480 1835 141 30 investe-

118 1883 282 37 ringsplanerade
420 1884 304 37 myndigheternas
748 1884 186 30 överblick.
957 1884 176 36 Förslaget
1156 1885 155 35 innebär,
1334 1888 50 27 att
1403 1885 220 35 investering-

119 1942 84 20 arna
231 1931 20 31 å
279 1933 304 36 kapitalbudgeten
611 1934 97 31 skola
733 1934 175 30 redovisas
934 1934 110 30 under
1071 1935 169 30 särskilda
1266 1935 281 31 huvudrubriker
1573 1936 54 30 för

118 1984 252 36 markförvärv,
403 1984 301 37 flygfältsbyggen,
734 1985 209 36 byggnader,
975 1985 358 36 radioanläggningar,
1365 1985 258 37 belysningsan-

119 2035 209 36 läggningar,
345 2035 136 36 fordon,
501 2035 176 30 maskiner
692 2035 66 30 och
776 2035 160 37 redskap,
954 2035 172 36 varjämte
1143 2036 110 30 skulle
1269 2035 138 31 anvisas
1423 2039 47 27 ett
1486 2036 138 30 särskilt

121 2085 353 37 dispositionsanslag.
495 2086 116 30 Under
629 2087 98 29 dessa
745 2086 283 30 huvudrubriker
1045 2095 96 21 avses
1161 2086 270 37 anvisningarna
1450 2088 98 30 skola
1566 2097 59 21 an-

120 2134 125 37 knytas
270 2136 50 29 till
343 2136 42 30 de
404 2136 170 32 särskilda
596 2135 216 31 ändamålen.
838 2136 385 37 Dispositionsanslaget
1244 2136 146 31 föreslås
1412 2136 51 31 stå
1486 2138 49 30 till
1557 2138 68 30 för-

121 2184 150 37 fogande
296 2186 56 30 för
373 2186 140 30 arbeten
536 2186 267 36 understigande
829 2187 59 29 100
903 2187 63 29 000
992 2187 131 30 kronor
1144 2187 10 29 i
1180 2187 149 35 enlighet
1353 2189 78 29 med
1455 2187 171 36 principer

121 2244 75 21 som
216 2236 90 35 gälla
330 2235 56 31 för
408 2236 115 36 övriga
547 2236 205 30 affärsverk.
780 2236 68 30 För
869 2235 201 37 budgetåret
1096 2234 141 33 1947/48
1262 2238 65 29 har
1349 2238 187 32 emellertid
1561 2239 65 29 den

120 2284 149 29 avsedda
298 2284 261 37 specifieringen
587 2285 75 29 icke
688 2285 134 30 kunnat
852 2285 231 36 genomföras,
1114 2286 117 30 varför
1259 2288 165 35 styrelsen
1453 2287 173 36 föreslagit

121 2334 189 30 anvisande
328 2345 43 20 av
386 2336 111 29 medel
511 2335 113 30 direkt
643 2336 110 29 under
768 2336 337 30 huvudrubrikerna.

166 2383 171 39 Styrelsen
363 2385 65 30 har
448 2385 157 35 slutligen
629 2385 183 36 hemställt,
836 2389 50 26 alt
908 2387 42 30 de
971 2384 19 31 å
1015 2386 279 36 telegrafverkets
1319 2387 85 30 fond
1426 2387 200 31 redovisade

122 2434 413 31 markradiostationerna
563 2435 57 30 vid
647 2435 248 35 flygplalserna
924 2434 105 31 måtte
1056 2436 176 30 överföras
1262 2436 49 31 till
1340 2436 285 32 luftfartsfonden

121 2488 89 26 samt
234 2487 49 27 att
309 2483 19 31 å
356 2486 78 35 väg-
459 2485 65 30 och
550 2485 432 35 vattenbyggnadsverkets
1008 2485 224 31 förrådsfond
1260 2496 47 20 nu
1332 2487 211 36 redovisade,
1573 2488 54 30 för

166 2548 109 32 Bihang
286 2549 43 25 till
340 2549 167 29 riksdagens
519 2549 146 32 protokoll
678 2550 73 24 1947.
773 2551 15 24 6
800 2550 80 24 saml.
904 2550 38 23 Nr
960 2549 37 24 31.
1581 2551 11 23 1
