1854 2778
424 143 389 30 Jordbruksutskottets
836 144 179 32 utlåtande
1037 153 42 20 nr
1102 145 40 29 15
1163 144 39 30 år
1225 145 84 29 1965
1575 147 38 30 15

125 222 177 29 nämnden
327 223 68 29 rätt
420 224 49 28 att
494 223 123 30 avvika
642 223 169 30 härifrån.
838 224 12 28 I
875 224 171 30 samband
1070 224 145 30 härmed
1239 225 58 28 vill
1322 224 172 30 utskottet
1518 225 11 29 i
1554 234 59 20 an-

126 275 157 39 slutning
305 275 52 30 till
381 276 205 30 uttalanden
610 276 10 29 i
645 277 219 30 motionerna
888 277 29 29 I:
935 277 62 29 733
1022 278 65 29 och
1111 278 45 29 II:
1173 277 63 30 860
1260 278 115 29 erinra
1400 287 57 20 om
1482 279 50 28 att
1556 277 56 29 det

125 329 106 38 enligt
255 329 157 38 gällande
437 329 211 30 sexårsavtal
673 330 205 29 ankommer
901 330 45 39 på
968 330 372 40 jordbruksnämnden
1364 331 65 29 och
1451 330 162 40 jordbru-

125 382 77 29 kets
221 381 440 41 förhandlingsdelegation
680 385 50 27 att
748 383 290 30 överenskomma
1056 392 57 21 om
1131 383 243 40 fördelningen
1393 393 42 20 av
1452 383 161 30 införsel-

125 435 366 40 avgiftshöjningarna
509 435 44 40 på
570 436 93 30 olika
680 436 193 39 produkter
889 436 59 30 vid
967 437 259 39 spärreglernas
1244 437 233 39 tillämpning.
1496 436 116 31 Under

125 488 102 30 årens
250 489 81 39 lopp
353 489 64 29 har
439 489 177 39 åtskilliga
638 489 192 30 avvikelser
853 490 112 39 gjorts
989 489 79 30 från
1092 499 42 20 en
1158 490 54 29 för
1236 490 68 30 alla
1325 490 194 39 produkter
1542 490 70 30 lika

124 543 215 38 procentuell
365 542 151 41 ändring
542 551 42 21 av
608 542 344 40 införselavgifterna
979 543 10 29 i
1017 543 91 39 syfte
1135 545 50 28 att
1211 543 44 30 bl.
1282 553 30 20 a.
1340 543 194 34 förhindra,
1563 545 49 28 att

126 594 118 29 alltför
267 594 153 39 kraftiga
442 594 624 41 världsmarknadsprissvängningar
1089 596 45 39 på
1157 596 159 29 enskilda
1339 596 191 38 produkter
1555 596 57 38 på-

125 649 149 31 verkade
300 649 319 40 prisutvecklingen
644 650 97 29 inom
767 650 127 34 landet,
921 651 67 29 och
1013 651 51 29 att
1090 650 207 30 säkerställa
1323 651 51 28 att
1400 649 107 40 syftet
1534 649 77 30 med

124 702 158 39 reglerna
303 702 117 30 kunde
442 702 188 40 uppfyllas.
653 703 13 29 I
687 703 111 29 likhet
819 703 79 30 med
920 703 261 30 motionärerna
1203 703 206 29 förutsätter
1431 703 180 33 utskottet,

124 757 50 28 att
198 755 58 30 det
278 756 57 29 vid
358 755 468 40 införselavgiftsändringar
851 756 90 30 skall
964 765 84 21 vara
1073 756 138 40 möjligt
1235 757 50 29 att
1308 756 88 29 även
1420 757 11 29 i
1456 756 156 29 fortsätt-

124 809 129 39 ningen
279 827 44 3 —
347 810 11 28 i
385 809 66 29 den
478 809 213 40 omfattning
719 818 75 21 som
820 810 70 29 kan
918 818 102 21 anses
1048 809 220 40 erforderligt
1295 809 55 30 för
1377 811 51 28 att
1456 808 155 40 fullfölja

124 862 57 30 det
208 871 70 30 nya
303 863 146 29 avtalets
478 862 90 39 syfte
594 881 44 3 —
665 863 83 39 göra
775 863 193 30 avvikelser
996 862 80 30 från
1105 872 41 20 en
1174 862 231 40 procentuellt
1432 862 180 39 likformig

124 915 149 39 ändring
292 925 42 20 av
350 915 326 40 importavgifterna
696 916 64 29 och
778 916 278 39 prisgränserna.

168 995 395 30 Jordbruksnämndens
596 996 132 39 förslag
759 996 149 29 rörande
941 994 175 41 justering
1148 994 81 40 från
1263 995 65 29 den
1365 995 15 29 1
1416 994 196 39 september

126 1049 84 29 1965
230 1057 41 20 av
290 1048 219 39 prisgränser
529 1057 45 20 m.
595 1057 44 20 m.
659 1048 57 40 för
737 1048 89 30 vissa
846 1048 195 39 produkter
1060 1049 65 30 har
1145 1048 387 40 departementschefen
1553 1057 59 21 an-

124 1104 66 28 sett
215 1102 83 30 böra
322 1102 52 29 till
399 1102 237 39 övervägande
661 1102 54 30 del
741 1102 131 39 godtas.
898 1102 73 30 Mot
994 1102 230 39 bakgrunden
1250 1111 41 21 av
1314 1102 67 29 vad
1405 1101 207 40 jordbruks-

124 1155 177 30 nämnden
330 1155 142 39 upplyst
501 1164 58 20 om
587 1155 480 40 produktionsutvecklingen
1096 1156 12 29 i
1138 1155 99 39 fråga
1266 1164 57 20 om
1352 1154 127 30 broiler
1510 1163 101 21 anser

123 1209 386 39 departementschefen
538 1209 193 30 emellertid
760 1210 50 28 att
839 1208 190 40 anledning
1057 1208 73 30 inte
1160 1208 96 30 finns
1285 1210 60 32 att,
1376 1208 117 29 såsom
1522 1207 89 30 före-

124 1262 120 39 slagits
263 1271 43 21 av
322 1262 382 40 jordbruksnämnden,
724 1262 117 30 lämna
860 1262 123 39 bidrag
1002 1262 54 29 för
1075 1261 347 40 lagringskostnader
1440 1261 45 29 då
1504 1261 107 39 priset

123 1315 188 39 överstiger
335 1315 106 30 nedre
465 1315 235 40 prisgränsen.
725 1315 202 30 Nämndens
953 1315 132 39 förslag
1108 1315 146 29 innebär
1279 1316 50 28 att
1354 1314 178 30 nämnden
1557 1314 54 29 får

123 1369 162 29 använda
311 1369 41 29 de
380 1368 389 40 prisregleringsmedel,
798 1377 74 21 som
900 1377 100 21 avses
1028 1367 54 30 för
1111 1367 154 39 Sveriges
1293 1369 136 37 export-
1456 1367 66 29 och
1548 1367 63 29 im-

123 1421 242 40 portförening
389 1422 54 29 för
467 1422 74 39 ägg,
566 1421 55 30 för
644 1423 51 28 att
719 1422 117 29 lämna
859 1421 124 39 bidrag
1007 1420 55 30 för
1086 1421 93 29 fasta
1203 1421 65 29 och
1291 1420 129 39 rörliga
1444 1420 167 39 lagrings-

122 1475 191 30 kostnader
334 1475 55 29 för
410 1475 126 29 sådant
557 1474 233 40 fjäderfäkött
811 1483 75 21 som
908 1474 223 39 uppslaktats
1152 1473 57 30 vid
1231 1473 301 30 kontrollslakteri
1553 1472 56 29 vid

123 1529 41 29 de
195 1528 162 30 tillfällen
388 1528 45 29 då
462 1528 57 29 det
548 1527 186 30 inhemska
764 1527 108 40 priset
902 1527 73 30 inte
1006 1527 189 39 överstiger
1225 1526 199 40 mittpriset.
1457 1526 54 29 En
1540 1526 70 29 viss

123 1581 137 39 analogi
280 1581 111 30 skulle
410 1581 204 39 härigenom
632 1580 63 30 nås
714 1581 78 29 med
812 1580 283 40 uppläggningen
1114 1589 42 21 av
1175 1579 268 40 lagringsstödet
1462 1579 56 29 för
1536 1579 75 29 nöt-

122 1635 77 29 kött
222 1644 44 19 m.
290 1644 44 20 m.
357 1634 68 29 För
448 1634 54 30 sin
525 1634 54 30 del
602 1634 117 30 finner
742 1634 181 34 utskottet,
947 1635 51 28 att
1020 1633 153 30 bärande
1198 1633 75 29 skäl
1295 1633 77 29 icke
1396 1632 136 30 anförts
1556 1632 54 29 för

122 1690 47 27 ett
196 1687 213 40 frångående
435 1697 42 20 av
500 1687 390 40 jordbruksnämndens
917 1687 133 41 förslag
1073 1686 44 40 på
1143 1686 114 30 denna
1283 1686 124 39 punkt.
1434 1685 176 30 Utskottet

122 1750 103 20 anser
248 1742 50 38 sig
319 1741 120 29 därför
461 1741 84 30 böra
567 1741 176 38 tillstyrka
765 1740 56 30 det
843 1741 11 29 i
877 1740 221 29 motionerna
1120 1740 28 29 1:
1167 1739 61 30 733
1251 1739 64 29 och
1339 1739 45 29 II:
1401 1738 62 30 860
1488 1738 121 40 gjorda

121 1794 183 39 yrkandet,
326 1796 49 28 att
397 1794 112 29 stödet
529 1794 52 29 till
602 1794 135 39 lagring
756 1802 43 21 av
817 1793 78 30 kött
914 1802 43 21 av
976 1793 89 29 höns
1087 1793 65 29 och
1172 1792 165 39 kyckling
1358 1792 90 29 skall
1469 1791 36 30 få
1526 1791 84 29 läm-

123 1857 63 20 nas
206 1847 58 29 vid
284 1848 41 30 de
346 1847 173 33 tillfällen,
541 1846 43 30 då
605 1847 57 29 det
682 1846 185 30 inhemska
889 1846 109 39 priset
1018 1845 76 30 icke
1115 1845 189 39 överstiger
1324 1844 200 40 mittpriset.

167 1900 117 39 Enligt
317 1899 363 30 överenskommelsen
715 1899 129 29 mellan
877 1898 374 40 jordbruksnämnden
1285 1898 63 28 och
1382 1897 227 39 jordbrukets

123 1951 440 39 förhandlingsdelegation
593 1951 104 29 borde
727 1951 300 38 införselavgiften
1059 1951 52 28 för
1140 1950 165 29 matärter
1336 1950 192 28 fastställas
1559 1949 48 29 till

124 2007 41 29 25
194 2006 114 35 kr./dt
337 2006 66 29 den
436 2006 12 29 1
483 2005 193 40 september
704 2006 11 29 i
744 2005 48 34 år,
821 2005 108 29 vilket
958 2005 11 30 i
999 2004 220 30 förhållande
1249 2004 51 29 till
1332 2003 23 29 f.
1385 2013 33 19 n.
1449 2003 159 39 gällande

123 2058 106 38 avgift
251 2058 110 30 skulle
382 2058 167 29 innebära
568 2067 41 20 en
629 2058 131 38 ökning
778 2058 78 29 med
879 2057 111 29 11:60
1012 2057 50 29 kr.
1083 2057 209 37 Härigenom
1313 2056 63 29 har
1397 2065 81 20 man
1499 2057 109 27 avsett

122 2115 50 26 att
195 2112 117 39 uppnå
335 2114 47 27 ett
405 2112 172 39 odlarpris
600 2121 41 20 av
663 2121 39 20 ca
725 2111 41 30 90
788 2111 126 35 kr./dt,
936 2111 108 29 vilket
1067 2119 101 21 anses
1192 2110 157 39 lämpligt
1373 2109 54 29 för
1450 2111 50 28 att
1523 2111 86 26 mot-

121 2165 105 29 verka
254 2165 198 38 ytterligare
481 2165 157 38 nedgång
666 2165 10 28 i
705 2164 312 38 matärtsodlingen
1045 2164 11 29 i
1085 2163 128 30 landet.
1241 2162 227 30 Beträffande
1497 2161 111 29 bruna

122 2218 108 28 bönor
263 2218 144 28 innebär
440 2217 363 29 överenskommelsen
836 2219 50 27 att
919 2215 302 39 införselavgiften
1255 2215 105 29 borde
1393 2215 103 38 höjas
1530 2214 77 29 från

123 2270 56 29 44:
197 2271 39 28 25
259 2271 51 28 kr.
332 2270 50 29 till
405 2270 41 29 55
468 2270 124 34 kr./dt.
615 2270 76 28 Med
714 2270 136 37 hänsyn
873 2269 52 29 till
948 2270 49 28 att
1019 2268 57 29 det
1098 2277 48 19 nu
1168 2268 38 28 är
1229 2267 97 39 fråga
1348 2276 56 19 om
1426 2269 49 27 ett
1497 2266 111 39 provi-

122 2324 142 32 sorium,
293 2332 72 19 som
394 2331 97 21 avses
519 2324 50 27 att
596 2322 89 38 gälla
711 2321 124 30 endast
862 2323 49 27 ett
937 2320 242 39 regleringsår,
1207 2329 101 20 anser
1336 2320 273 38 departements-

121 2376 124 30 chefen
268 2375 191 30 emellertid
482 2377 50 27 att
556 2374 206 37 tillräckliga
786 2374 73 29 skäl
884 2373 71 29 inte
979 2373 183 39 föreligger
1185 2374 49 28 att
1257 2372 135 29 biträda
1416 2372 101 29 dessa
1541 2372 68 28 för-

122 2431 82 36 slag.
