2236 2642
727 194 258 34 Statsutskottets
1012 196 178 33 Memorial
1218 198 65 31 N:o
1312 199 50 30 86.
1749 199 20 30 3

230 274 130 37 tandet
388 275 107 37 sidan
528 279 41 34 11
602 280 20 33 å
651 277 119 48 fjerde
799 277 114 37 raden
942 278 170 37 nedifrån
1133 280 308 37 förekommande
1462 280 134 37 orden:
1618 280 67 36 »då
1712 285 112 32 stam-

230 327 142 37 banan»
399 328 168 50 utbyttes
596 335 79 30 mot
704 330 133 36 orden:
867 330 215 49 »samtidigt
1110 331 85 37 med
1224 336 55 32 att
1302 331 255 48 stambanan»,
1578 332 247 49 hvarigenom

231 379 290 49 ifrågavarande
549 381 230 49 motivering
807 382 142 37 erhölle
978 383 167 48 följande
1175 382 161 51 lydelse:

333 432 149 37 »Ehuru
510 433 186 37 utskottet
724 434 104 36 delar
856 434 73 37 den
956 435 42 36 af
1022 436 286 36 statsutskottet
1337 436 70 37 och
1428 435 217 50 Riksdagen
1666 439 40 34 år
1728 438 96 36 1896

229 483 166 37 uttalade
438 484 113 49 åsigt,
592 490 55 32 att
684 499 74 35 nya
785 486 213 48 fästningar
1024 486 84 38 icke
1136 487 92 38 böra
1255 487 190 50 påbörjas,
1474 488 114 37 innan
1616 488 115 38 redan
1761 502 64 24 an-

229 535 112 49 lagda
383 536 125 37 blifvit
552 537 160 37 försatta
740 537 10 36 i
780 538 235 37 försvarbart
1043 538 121 49 skick,
1194 540 74 37 kan
1296 540 188 36 utskottet
1512 540 97 37 dock
1636 540 84 38 icke
1749 541 76 37 för-

229 587 108 48 neka,
380 593 56 32 att
477 589 133 48 frågan
653 603 60 23 om
753 590 212 37 ordnandet
992 590 42 37 af
1057 590 150 38 landets
1237 592 98 36 fasta
1364 592 148 38 försvar
1540 592 71 38 och
1639 592 74 37 den
1741 593 84 37 ord-

229 640 104 48 ning,
361 639 109 38 hvari
498 641 176 49 åtgärder
702 641 130 38 härför
861 642 90 37 böra
978 643 189 49 vidtagas,
1196 643 116 38 sedan
1332 644 220 49 Riksdagen
1572 645 111 37 fattat
1701 644 124 38 beslut

231 704 61 23 om
322 692 253 38 fortsättande
605 693 41 36 af
672 693 73 37 den
773 694 248 38 norrländska
1042 695 223 38 stambanan
1286 696 83 37 från
1388 696 143 48 Boden,
1550 696 142 38 inträdt
1710 697 12 37 i
1741 703 84 43 nytt

229 743 128 48 skede,
399 744 12 36 i
453 745 63 37 det
556 751 56 31 att
653 746 243 37 stambanans
939 746 291 50 framdragande
1273 748 55 36 till
1370 748 258 50 riksgränsen,
1657 752 49 47 på
1747 754 76 32 sätt

230 795 419 50 departementschefen
692 798 139 47 anfört,
873 798 175 49 betingar
1076 799 243 50 anläggande
1348 800 42 37 af
1415 806 55 31 ett
1497 801 287 49 fästningsverk
1811 802 13 36 i

227 848 81 36 öfre
336 848 190 38 Norrland
556 849 70 37 och
654 849 180 38 arbetena
861 853 20 34 å
909 851 102 37 detta
1040 851 287 50 fästningsverk
1355 852 92 37 böra
1475 856 41 34 så
1543 853 207 49 bedrifvas,
1769 858 55 33 att

227 899 64 37 det
332 901 135 36 varder
511 901 154 48 färdigt,
708 902 194 49 samtidigt
943 902 85 37 med
1070 908 55 32 att
1166 904 223 37 stambanan
1430 907 82 34 nått
1554 905 65 37 sitt
1662 906 160 36 slutmål.

229 951 167 38 Oaktadt
433 953 111 37 dessa
572 953 261 38 förhållanden
862 955 69 36 och
961 955 116 36 ehuru
1106 956 186 37 utskottet
1316 956 144 50 jemväl
1490 957 32 49 ej
1553 957 74 37 kan
1655 957 169 38 bestrida

226 1003 223 49 betydelsen
490 1005 41 37 af
570 1005 218 49 Göteborgs
830 1006 222 38 befästande
1086 1013 80 31 mot
1195 1008 182 48 sjösidan,
1407 1022 112 24 anser
1548 1009 61 49 sig
1636 1010 187 37 utskottet

228 1055 96 37 dock
352 1056 84 37 icke
465 1057 91 37 böra
584 1057 192 50 tillstyrka
804 1058 218 50 Riksdagen
1041 1064 56 32 att
1116 1059 129 38 bifalla
1264 1060 140 50 Kongl.
1426 1061 127 50 Maj:ts
1571 1061 251 38 förevarande

227 1108 326 50 framställningar
581 1123 61 23 om
670 1110 239 49 anläggande
938 1111 42 36 af
1003 1125 75 35 nya
1106 1112 289 49 fästningsverk
1423 1113 11 36 i
1462 1113 113 38 dessa
1603 1119 113 32 orter.
1764 1114 57 50 Ty

228 1172 60 24 om
330 1161 114 37 äfven
487 1161 134 49 frågan
656 1175 60 24 om
747 1163 210 37 ordnandet
984 1164 42 36 af
1050 1167 84 33 vårt
1162 1164 100 37 fasta
1290 1165 149 37 försvar
1467 1168 59 34 må
1553 1166 127 38 kunna
1708 1179 112 24 anses

226 1211 113 37 hafva
380 1226 43 23 ur
465 1219 82 31 rent
589 1213 197 37 militärisk
822 1215 192 49 synpunkt
1042 1215 125 37 blifvit
1193 1230 141 35 genom
1363 1217 11 36 i
1403 1217 419 50 statsrådsprotokollet

226 1263 212 50 åberopade
467 1264 256 38 betänkandet
752 1266 72 37 den
854 1269 45 34 21
926 1266 81 48 juni
1040 1269 97 35 1892
1166 1269 148 47 utredd,
1344 1269 108 37 torde
1482 1269 220 38 densamma
1722 1270 98 37 dock

225 1314 91 38 böra
344 1316 153 37 utredas
525 1331 44 23 ur
592 1317 144 49 jemväl
764 1317 116 38 andra
900 1319 236 48 synpunkter
1155 1324 47 32 än
1223 1320 72 37 den
1314 1327 86 30 rent
1419 1321 169 37 militära.
1623 1321 198 38 Utskottet

226 1380 111 24 anser
364 1368 139 48 derför,
532 1374 56 32 att
616 1369 132 49 frågan
779 1383 60 23 om
869 1371 221 37 stärkandet
1109 1372 41 36 af
1167 1371 147 38 landets
1334 1373 99 37 fasta
1451 1373 149 37 försvar
1618 1373 69 37 bör
1705 1379 114 44 göras

224 1419 57 36 till
323 1420 157 37 föremål
521 1421 60 37 för
622 1434 47 24 en
703 1435 52 36 ny
783 1422 69 37 och
881 1422 216 49 allsidigare
1126 1424 182 49 pröfning
1335 1429 48 32 än
1412 1424 133 38 hittills
1575 1425 112 48 skett,
1716 1426 11 35 i
1756 1426 64 37 det

225 1476 56 31 att
321 1472 151 38 utredas
514 1473 68 37 bör
623 1473 83 37 icke
742 1473 97 37 blott
866 1474 128 37 hvilka
1024 1475 420 50 befästningsåtgärder
1472 1477 84 37 med
1586 1477 149 50 hänsyn
1763 1478 55 37 till

226 1523 46 36 de
314 1537 73 36 nya
430 1527 47 46 på
506 1524 123 37 denna
657 1525 107 48 fråga
792 1526 230 37 inverkande
1053 1528 338 49 omständigheter,
1421 1543 80 23 som
1531 1530 97 37 efter
1655 1530 163 37 nämnda

224 1576 204 49 utredning
469 1577 227 47 tillkommit,
726 1578 91 36 böra
845 1592 43 23 ur
916 1579 197 37 militärisk
1142 1581 195 49 synpunkt
1364 1583 49 47 på
1442 1581 159 38 förhand
1629 1582 189 50 vidtagas,

224 1627 71 36 och
323 1628 11 35 i
363 1628 152 37 hvilken
546 1629 165 49 ordning
740 1629 104 38 detta
871 1643 43 23 ur
942 1632 164 36 nämnda
1134 1633 195 48 synpunkt
1348 1633 70 37 och
1437 1634 87 37 med
1542 1634 77 37 fäst
1637 1634 180 37 afseende

219 1679 143 47 jemväl
392 1683 20 33 å
439 1680 150 37 landets
618 1680 204 50 tillgångar
850 1682 70 37 och
949 1682 124 49 öfriga
1101 1684 278 48 anslagsbehof
1403 1685 206 49 lämpligen
1638 1686 70 37 bör
1737 1686 80 48 ske,

224 1736 89 31 utan
342 1732 112 36 äfven
484 1732 55 36 till
567 1732 100 37 hvad
696 1733 140 49 belopp
865 1734 255 37 kostnaderna
1148 1738 60 34 må
1237 1739 127 46 uppgå
1384 1737 58 36 för
1462 1737 355 49 fästningsverkens

224 1783 203 37 stärkande
456 1783 91 37 eller
577 1783 254 50 anläggande,
866 1785 58 37 för
952 1786 110 36 deras
1092 1786 245 50 fullständiga
1367 1788 271 49 bestyckande,
1667 1790 59 36 för
1753 1804 64 23 an-

224 1834 133 36 stalter
398 1835 60 36 för
498 1836 209 37 försvarets
744 1836 157 50 ledning
928 1837 100 37 inom
1059 1838 261 49 fästningarna
1349 1853 47 23 m.
1427 1853 47 24 m.
1505 1846 98 31 samt
1630 1841 93 37 huru
1752 1842 65 36 det

222 1886 176 37 lefvande
428 1887 189 37 försvaret
644 1888 42 37 af
707 1889 85 36 dem
821 1889 68 37 bör
917 1889 137 38 ordnas
1086 1890 71 37 och
1177 1891 257 38 kostnaderna
1452 1893 139 37 härför.
1622 1893 195 38 Utskottet

224 1937 66 36 vill
319 1938 127 37 derför
474 1940 86 36 med
589 1939 206 51 anledning
823 1941 41 37 af
891 1941 136 49 Kongl.
1057 1942 128 48 Maj:ts
1214 1943 249 38 förevarande
1492 1945 324 49 framställningar

223 1989 189 49 tillstyrka
455 1991 218 49 Riksdagen
715 1998 55 30 att
802 1993 11 36 i
846 1993 200 37 skrifvelse
1081 1994 57 36 till
1167 1994 139 50 Kongl.
1336 1996 107 48 Maj:t
1471 1997 147 36 anhålla
1646 2011 60 23 om
1738 1998 78 36 vid-

223 2042 162 48 tagande
428 2042 42 36 af
508 2056 47 23 en
597 2043 223 50 fullständig
848 2045 115 36 sådan
992 2045 204 50 utredning
1223 2048 43 36 af
1289 2048 134 48 frågan
1453 2061 59 24 om
1541 2048 212 39 ordnandet
1779 2050 41 36 af

221 2092 147 38 landets
397 2094 99 36 fasta
524 2095 179 36 försvar.»

326 2146 130 36 Andra
484 2146 229 37 Kammaren
742 2146 67 37 har
838 2146 171 38 deremot
1036 2147 136 37 bifallit
1199 2149 207 37 utskottets
1435 2150 236 38 hemställan.

325 2196 302 39 Vidkommande
657 2201 79 33 åter
764 2211 111 24 mom.
905 2199 37 48 b)
971 2199 68 37 har
1066 2200 137 37 Första
1231 2200 227 38 Kammaren
1486 2203 147 48 antagit
1656 2203 63 37 det
1739 2204 75 37 för-

222 2247 95 48 slag,
348 2262 82 23 som
458 2250 255 37 innefattades
742 2250 11 35 i
782 2250 72 36 den
884 2251 39 36 af
949 2251 86 36 herr
1063 2252 230 49 Lundeberg
1321 2267 48 23 m.
1391 2254 35 35 fl.
1448 2254 62 37 vid
1526 2254 102 37 detta
1648 2262 166 30 moment

222 2300 143 46 afgilna
396 2302 247 47 reservation,
672 2302 80 37 deri
779 2302 145 48 yrkats,
953 2308 55 31 att
1037 2303 217 49 Riksdagen
1284 2309 114 33 måtte
1427 2306 85 37 med
1542 2307 206 49 anledning
1776 2308 41 36 af
