2256 2628
434 190 37 27 10
951 194 229 27 Statsutskotltets
1210 194 153 28 Utlåtande
1385 195 56 28 N:o
1465 196 48 27 35.

429 265 121 36 under
588 267 320 48 kammarkollegii
941 269 88 35 eller
1060 282 156 23 numera
1243 270 334 50 domänstyrelsens
1603 271 242 50 förvaltning.
1898 274 138 37 Vidare

429 316 96 36 hade
564 316 212 47 Riksdagen
816 317 40 36 år
899 321 93 34 1885
1020 320 140 36 lemnat
1186 321 64 35 sitt
1278 321 103 36 bifall
1406 322 60 35 till
1493 327 52 31 ett
1572 322 40 36 af
1636 322 135 48 Kongl.
1798 323 103 49 Maj:t
1926 324 111 38 fram-

429 366 115 36 stäldt
581 366 142 48 förslag
763 374 64 39 att,
867 376 66 28 när
972 369 105 49 fråga
1117 372 183 47 uppstode
1334 385 61 23 om
1421 371 222 50 försäljning
1669 373 41 36 af
1733 374 303 49 kronolägenhet,

427 418 154 35 hvilken
621 418 30 47 ej
694 420 97 35 varit
829 418 58 37 för
919 422 235 35 statsverkets
1186 422 160 46 räkning
1372 424 279 45 utarrenderad,
1679 437 85 23 men
1792 438 78 23 som
1898 439 139 36 uppen-

427 468 169 47 barligen
623 482 89 23 vore
740 471 89 35 eller
855 471 63 35 vid
945 472 185 35 verkstäld
1158 473 426 49 arrendeuppskattning
1602 474 135 37 funnes
1756 488 90 24 vara
1864 475 41 37 af
1920 477 115 36 sådan

428 518 263 47 beskaffenhet,
724 525 54 31 att
809 520 58 37 för
894 521 214 37 densamma
1133 524 80 35 icke
1240 524 125 36 kunde
1391 524 183 46 påräknas
1601 526 115 45 högre
1744 526 111 48 årligt
1882 528 154 36 arrende

428 577 48 28 än
519 572 70 34 200
628 571 149 45 kronor,
819 571 60 37 det
918 573 100 45 finge
1052 574 200 36 ankomma
1291 574 48 48 på
1374 574 134 47 Kongl.
1536 575 101 47 Maj:t
1664 581 54 31 att
1744 578 204 35 bestämma
1974 591 62 23 om

427 621 238 45 lägenhetens
697 621 218 49 försäljning
947 624 119 35 under
1097 624 44 37 de
1172 626 12 34 i
1217 626 124 47 kongl.
1358 625 153 42 brefvet
1538 626 71 37 den
1639 629 44 34 29
1713 628 72 47 maj
1818 630 94 34 1874
1941 629 96 36 stad-

427 671 95 48 gade
548 672 130 36 vilkor.

529 722 17 35 I
585 722 190 38 skrifvelse
815 724 70 36 den
930 728 43 32 14
1009 726 85 45 juni
1129 728 94 34 1887
1257 727 94 35 hade
1382 727 211 46 Riksdagen
1621 728 168 44 derefter,
1817 729 85 36 med
1928 729 107 37 bifall

427 774 59 34 till
526 786 43 23 en
610 773 40 36 af
682 773 135 48 Kongl.
849 774 102 48 Maj:t
977 776 108 47 gjord
1111 776 283 47 framställning,
1422 778 203 48 medgifvit,
1653 784 63 40 att,
1745 779 85 36 med
1856 780 115 45 några
1998 780 38 36 få

428 823 202 48 undantag,
658 825 164 35 kronans
850 827 171 45 samtliga
1047 827 12 35 i
1087 827 44 36 de
1158 828 248 36 norrländska
1432 830 109 35 länen
1570 830 157 47 belägna
1746 831 289 36 utarrenderade

423 874 324 47 jordegendomar,
775 876 144 35 hvilkas
947 877 181 36 arrenden
1156 877 204 49 öfverstege
1390 882 70 34 200
1480 880 148 44 kronor,
1648 893 84 23 men
1752 882 30 45 ej
1805 885 71 33 500
1896 882 139 35 kronor

428 925 70 35 och
538 925 143 36 hvilkas
721 926 260 37 bibehållande
1020 929 12 34 i
1071 929 55 34 sin
1159 929 126 36 helhet
1311 930 88 35 eller
1427 930 114 36 delvis
1569 930 37 36 åt
1632 931 144 36 kronan
1804 932 79 35 icke
1910 931 41 36 af
1975 933 60 35 be-

427 976 123 47 fintlig
577 977 268 46 skogstillgång
873 978 88 35 eller
987 991 123 23 annan
1138 980 157 35 särskild
1323 980 202 48 anledning
1551 981 224 48 påkallades,
1804 983 108 45 finge,
1930 984 13 34 i
1962 983 71 36 den

427 1026 87 35 mån
541 1027 377 37 arrendekontrakten
948 1028 91 37 efter
1065 1031 236 48 uppsägning
1328 1031 87 36 eller
1442 1032 104 47 eljest
1571 1032 177 36 närmade
1775 1033 56 47 sig
1857 1034 64 35 sitt
1947 1035 85 46 slut,

428 1077 21 35 å
490 1076 169 48 offentlig
699 1079 154 35 auktion
893 1080 59 34 till
993 1079 71 37 den
1104 1080 299 49 högstbjudande
1438 1081 168 49 försäljas
1642 1083 120 36 under
1789 1083 45 36 de
1870 1085 10 34 i
1908 1085 125 45 kongl.

427 1126 144 38 brefvet
609 1128 71 36 den
724 1132 44 33 29
810 1130 71 46 maj
914 1133 94 33 1874
1037 1131 192 36 bestämda
1255 1133 122 35 vilkor
1404 1133 70 35 och
1501 1133 82 36 med
1610 1134 241 47 iakttagande
1878 1140 63 39 att,
1970 1135 64 36 der

428 1178 227 48 egendomen
682 1180 224 36 tillhörande
935 1181 216 46 skogsmark
1178 1182 233 49 undantoges
1438 1182 82 37 från
1547 1183 229 47 försäljning,
1797 1184 71 37 den
1886 1186 58 35 till
1963 1185 70 37 för-

427 1230 161 47 säljning
627 1229 153 37 afsedda
820 1231 108 35 delen
969 1231 41 36 af
1047 1232 227 45 egendomen
1304 1233 78 37 före
1409 1234 79 36 dess
1517 1234 231 46 utbjudande
1774 1235 220 37 värderades
2021 1238 12 33 i

428 1279 71 37 den
528 1280 167 46 ordning,
723 1294 79 23 som
829 1295 88 22 vore
944 1282 155 46 stadgad
1125 1282 60 37 för
1212 1284 474 49 arrendeuppskattningar.
1741 1285 110 36 Hvad
1878 1286 155 36 sålunda

426 1331 169 36 beslutits
634 1331 96 37 hade
769 1332 202 36 meddelats
1011 1334 57 34 till
1108 1333 240 38 efterrättelse
1387 1348 134 34 genom
1552 1336 125 48 kongl.
1712 1335 143 38 brefvet
1886 1336 71 37 den
1987 1341 43 32 27

422 1382 84 45 juni
543 1384 101 35 1887.

528 1432 184 48 Derjemte
739 1433 95 36 hade
860 1434 211 46 Riksdagen
1100 1435 39 36 år
1170 1439 105 42 1888,
1299 1437 138 47 jemväl
1464 1437 48 48 på
1538 1437 275 50 framställning
1840 1438 41 37 af
1899 1438 132 47 Kongl.

426 1482 111 47 Maj:t,
576 1483 203 49 medgifvit,
820 1490 54 30 att
908 1485 63 35 vid
1005 1485 225 38 inträffande
1265 1488 318 48 arrendeledighet
1608 1488 42 36 af
1673 1489 139 36 sådana
1838 1490 106 36 söder
1971 1503 61 22 om

428 1532 187 37 Norrland
642 1535 166 46 belägna,
835 1535 119 37 under
980 1535 229 48 förvaltning
1236 1537 41 36 af
1293 1538 317 48 domänstyrelsen
1629 1540 120 36 stälda
1768 1541 68 35 och
1853 1540 58 36 för
1929 1546 104 30 stats-

426 1585 145 35 verkets
610 1586 160 47 räkning
801 1586 286 37 utarrenderade
1119 1588 233 48 egendomar,
1384 1589 127 36 hvilka
1537 1591 13 34 i
1576 1591 156 36 arrende
1759 1591 169 36 lemnade
1954 1604 78 23 mer

427 1642 47 28 än
517 1638 70 34 200
627 1637 149 43 kronor,
817 1650 83 23 men
937 1638 79 35 icke
1049 1637 146 38 utöfver
1224 1643 71 34 400
1329 1641 147 43 kronor,
1504 1640 62 37 det
1592 1642 100 47 finge
1718 1643 89 35 bero
1836 1641 40 36 af
1899 1641 131 47 Kongl.

426 1685 103 48 Maj:t
568 1691 61 39 att,
670 1686 93 37 efter
802 1688 361 46 omständigheterna
1195 1691 13 34 i
1240 1691 127 45 hvarje
1393 1690 77 45 fall,
1498 1690 187 47 förordna,
1714 1692 185 37 huruvida
1926 1706 105 33 egen-

427 1736 134 36 domen
587 1736 230 38 fortfarande
845 1738 114 37 borde
986 1739 58 36 för
1070 1740 142 36 kronan
1242 1741 200 36 bibehållas
1462 1742 88 35 eller
1568 1744 57 34 till
1644 1748 116 31 större
1778 1744 90 35 eller
1885 1743 146 36 mindre

427 1787 61 36 del
514 1787 177 48 försäljas,
720 1794 95 30 samt
841 1794 63 38 att,
933 1790 65 36 der
1024 1790 133 48 Kongl.
1185 1791 102 46 Maj:t
1305 1791 180 47 pröfvade
1503 1792 221 49 försäljning
1742 1794 92 36 böra
1853 1807 67 35 ega
1937 1807 93 31 rum,

427 1837 214 37 densamma
667 1839 121 36 skulle
815 1841 62 35 ske
904 1841 11 34 i
943 1840 71 36 den
1042 1841 160 49 ordning
1225 1842 68 36 och
1312 1843 118 36 under
1455 1843 44 36 de
1518 1844 130 44 vilkor,
1668 1857 80 23 som
1773 1846 115 45 enligt
1905 1845 124 47 kongl.

425 1888 146 37 brefvet
610 1889 70 36 den
723 1893 44 33 29
809 1891 71 46 maj
927 1893 93 34 1874
1057 1892 107 46 gälde
1194 1892 59 36 för
1279 1892 221 49 försäljning
1527 1893 40 36 af
1589 1895 146 36 mindre
1762 1896 173 35 hemman
1962 1895 69 35 och

425 1940 220 45 lägenheter,
673 1941 85 35 med
786 1942 237 45 iakttagande
1051 1942 177 48 derjemte
1255 1943 41 36 af
1319 1944 44 36 de
1389 1944 181 36 särskilda
1592 1946 285 45 bestämmelser,
1896 1944 134 47 Kongl.

425 1989 104 48 Maj:t
567 1991 124 36 kunde
723 1992 102 35 finna
856 1993 171 47 lämpligt
1058 1999 62 39 att,
1148 1995 12 34 i
1194 1995 201 36 allmänhet
1422 1996 89 35 eller
1537 1996 12 35 i
1575 1997 97 35 vissa
1699 1996 77 44 fall,
1803 1996 59 36 för
1888 1994 142 48 försälj-

425 2041 139 45 ningen
591 2041 184 46 meddela;
802 2043 163 36 varande
985 2044 99 36 detta
1102 2044 230 47 Riksdagens
1351 2046 120 36 beslut
1489 2047 58 35 till
1567 2046 241 37 efterrättelse
1827 2046 202 45 kungjordt

426 2104 135 34 genom
587 2093 124 45 kongl.
738 2092 146 38 brefvet
911 2094 71 35 den
1012 2098 43 33 18
1084 2096 71 47 maj
1189 2099 106 34 1888.

527 2141 181 47 Slutligen
735 2144 95 36 hade
857 2144 207 46 Riksdagen
1094 2146 39 35 år
1164 2149 106 42 1891,
1297 2147 84 36 med
1408 2146 107 37 bifall
1533 2149 58 35 till
1608 2148 136 48 Kongl.
1762 2147 119 47 Maj:ts
1901 2146 127 38 derom

426 2192 131 48 gjorda
594 2192 283 49 framställning,
916 2195 203 48 medgifvit,
1147 2202 55 30 att
1228 2197 63 36 vid
1317 2198 224 36 inträffande
1568 2197 318 47 arrendeledighet
1913 2197 40 36 af
1977 2198 52 36 så-

427 2243 97 36 dana
563 2244 105 36 söder
709 2258 60 22 om
810 2245 186 37 Norrland
1036 2247 164 46 belägna,
1236 2248 119 36 under
1389 2247 231 49 förvaltning
1646 2248 42 36 af
1711 2247 315 50 domänstyrelsen
