1922 2862
509 199 397 32 Jordbruksutskottets
939 199 187 31 utlåtande
1160 198 50 30 Nr
1234 197 51 30 41.
1588 197 17 29 2

143 288 112 34 lagen,
286 286 85 31 hade
398 285 323 36 uppmärksammat
746 284 215 36 spörsmålet.
1011 284 13 29 I
1049 293 42 20 en
1119 284 50 29 för
1195 283 207 30 kommittén
1426 293 44 19 av
1498 283 150 35 länsjäg-

143 340 173 29 miistaren
354 338 39 30 U.
429 337 191 30 Danielson
656 336 190 30 verkställd
884 336 263 33 undersökning
1179 334 145 31 rörande
1348 334 300 35 skogstillväxten

140 391 62 29 och
240 389 401 35 virkesförbrukningen
678 388 6 29 i
723 388 143 35 Sverige
901 387 248 36 uppskattades
1185 386 297 35 skogstillväxten
1516 396 59 25 per
1600 388 48 32 år,

141 443 86 29 efter
262 440 226 31 avriäknande
523 450 45 20 av
604 439 67 31 vad
706 449 70 20 som
814 439 31 35 ej
883 438 115 30 kunde
1023 438 258 35 tillvaratagas,
1307 437 55 30 till
1389 437 8 30 i
1426 439 83 28 runt
1534 438 49 29 tal
1609 438 39 30 37

142 492 163 35 miljoner
340 492 233 30 kubikmeter.
620 491 49 29 Då
706 490 65 30 den
806 490 114 35 årliga
955 490 308 34 virkesåtgången,
1293 489 209 30 inberäknat
1527 489 121 30 husbe-

142 543 378 35 hovsförbrukningen,
556 541 111 31 under
702 543 48 28 ett
785 541 152 29 normalt
970 542 38 28 år
1033 540 249 36 uppskattades
1306 540 57 29 till
1390 540 11 29 i
1426 541 83 28 runt
1534 540 49 30 tal
1609 541 39 28 44

142 595 163 35 miljoner
342 594 233 34 kubikmeter,
610 592 162 31 utvisade
807 591 150 31 sålunda
991 592 241 35 beräkningen
1276 601 41 20 en
1353 591 92 35 årlig
1484 591 86 30 brist
1606 592 44 33 på

142 647 163 34 omkring
331 647 17 29 7
374 645 163 35 miljoner
562 645 232 33 kubikmeter,
820 653 72 20 som
916 644 109 29 måste
1049 645 146 33 antagas
1221 643 96 30 bliva
1343 642 94 30 täckt
1455 651 124 26 genom
1596 644 52 28 ut-

142 701 58 33 tag
224 708 42 20 av
292 696 301 36 virkeskapitalet.

185 749 122 31 Senast
331 749 63 29 har
419 748 127 36 frågan
570 747 94 31 varit
689 748 43 35 på
756 747 49 30 tal
831 746 60 31 vid
916 746 166 31 nordiska
1107 747 316 35 skogskongressen
1449 746 11 29 i
1477 746 172 34 Göteborg

143 801 162 31 sistlidna
329 810 162 25 sommar,
516 800 44 30 då
583 799 198 36 professorn
806 798 61 31 vid
892 798 298 36 skogshögskolan
1214 798 66 30 Tor
1301 798 133 30 Jonson
1459 798 8 29 i
1495 799 49 29 ett
1566 807 84 25 upp-

143 853 250 30 märksammat
428 851 161 36 föredrag
625 850 199 31 meddelade
859 850 183 30 resultatet
1071 860 44 20 av
1141 850 94 38 vissa
1258 860 45 19 av
1327 849 127 30 honom
1480 850 11 29 i
1515 849 134 30 föreva-

143 904 106 30 rande
273 903 194 31 hänseende
491 902 184 35 företagna
699 902 246 35 beräkningar.
992 901 125 35 Enligt
1141 901 97 30 dessa
1262 901 114 29 skulle
1401 902 72 28 mot
1497 910 43 20 en
1556 901 92 34 årlig

143 956 144 30 tillväxt
313 965 43 20 av
374 955 71 30 33.5
472 954 165 35 miljoner
655 953 221 30 kubikmeter
893 963 103 20 svara
1014 962 42 21 en
1072 952 94 36 årlig
1183 952 359 35 virkesförbrukning
1559 953 90 29 samt

143 1008 128 30 förlust
296 1007 12 29 i
332 1006 173 36 skogarna
529 1016 45 19 av
599 1006 39 29 45
663 1005 164 35 miljoner
852 1004 233 36 kubikmeter,
1103 1004 115 31 vadan
1234 1004 106 30 alltså
1357 1003 53 30 för
1427 1003 221 31 närvarande

144 1059 112 30 skulle
289 1058 174 35 föreligga
492 1058 50 30 ett
566 1057 108 35 årligt
699 1056 116 31 deficit
840 1057 12 29 i
876 1056 135 30 landets
1037 1056 251 36 skogstillväxt
1311 1065 44 20 av
1385 1055 166 35 omkring
1576 1056 70 29 11.3

144 1111 163 35 miljoner
330 1110 233 30 kubikmeter.

187 1161 205 32 Emellertid
427 1162 110 29 måste
570 1160 40 31 de
639 1160 148 31 sålunda
812 1159 214 31 verkställda
1052 1159 282 36 beräkningarna
1359 1172 38 3 —
1423 1159 112 31 såsom
1560 1161 89 28 även

143 1225 43 19 av
212 1213 257 32 vederbörande
493 1212 218 31 framhållits
736 1225 39 3 —
799 1212 179 31 betraktas
1003 1212 113 30 såsom
1138 1212 12 29 i
1166 1211 67 36 hög
1251 1210 85 37 grad
1352 1211 296 35 approximativa.

144 1266 64 30 Det
243 1268 38 28 är
317 1265 181 35 nämligen
523 1265 76 30 icke
623 1264 141 36 möjligt
787 1265 53 29 att
864 1264 43 35 på
931 1263 115 36 grund
1070 1274 44 19 av
1139 1273 48 20 nu
1211 1262 232 36 tillgängliga
1467 1262 181 36 uppgifter

144 1317 135 31 erhålla
314 1318 110 34 några
458 1317 129 30 exakta
622 1316 158 30 resultat.
826 1315 132 31 Härför
983 1316 125 29 kräves
1133 1314 72 31 dels
1230 1324 41 20 en
1295 1314 215 36 tillförlitlig
1534 1314 115 31 utred-

143 1370 88 34 ning
256 1379 54 20 om
335 1368 245 36 skogsarealen
605 1369 89 29 samt
718 1377 55 20 om
799 1367 291 35 virkeskapitalet
1114 1366 62 31 och
1200 1366 312 30 virkestillväxten
1536 1366 12 30 i
1565 1367 84 29 våra

145 1421 137 35 skogar,
318 1420 71 30 dels
425 1420 63 30 ock
523 1420 50 29 ett
607 1418 177 31 ordnande
812 1428 45 20 av
882 1417 552 37 skogsavverkningsstatistiken
1458 1418 43 35 på
1525 1417 124 31 sådant

145 1474 79 34 sätt,
248 1473 52 29 att
325 1482 42 20 en
391 1472 100 30 säker
516 1471 229 36 uppfattning
770 1480 55 20 om
850 1470 403 35 virkesförbrukningen
1277 1469 69 30 kan
1370 1469 138 30 vinnas.

188 1523 207 31 Kännedom
430 1533 56 21 om
520 1522 291 36 virkeskapitalet
835 1522 63 30 och
921 1522 313 30 virkestillväxten
1258 1523 38 28 är
1319 1520 130 31 avsedd
1473 1522 52 29 att
1549 1522 101 29 ernås

146 1585 124 26 genom
305 1575 65 31 den
404 1575 351 36 riksskogstaxering,
792 1574 120 30 vilken
942 1573 152 31 sistlidet
1118 1574 39 30 år
1180 1572 215 37 påbörjades.
1442 1572 70 31 Vid
1537 1572 113 31 denna

144 1628 175 35 taxering,
354 1637 74 20 som
463 1627 132 31 utföres
631 1636 124 26 genom
779 1636 25 21 s.
830 1626 32 30 k.
888 1626 265 35 linjetaxering,
1190 1625 122 35 tillgår
1347 1626 48 34 så,
1431 1626 51 29 att
1511 1624 57 31 det
1591 1625 58 30 till

144 1680 164 35 taxering
332 1678 152 31 avsedda
508 1678 157 31 området
685 1677 168 37 uppdelas
871 1678 12 29 i
899 1678 180 35 parallellt
1095 1677 147 35 löpande
1259 1677 118 30 bälten
1394 1686 55 21 om
1467 1678 40 29 10
1524 1680 126 27 meters

144 1731 117 35 bredd,
297 1731 153 30 varefter
483 1731 132 35 skogen
640 1731 95 29 inom
758 1730 99 35 varje
882 1729 116 36 dylikt
1022 1729 93 31 bälte
1139 1729 209 31 undersökes
1373 1728 64 31 och
1460 1729 189 30 beskrives.

145 1782 69 31 Vid
238 1783 209 35 taxeringen
472 1783 12 29 i
508 1782 212 30 Värmlands
744 1782 60 29 län
828 1791 64 20 var
916 1781 185 31 avståndet
1126 1781 130 30 mellan
1273 1780 139 31 bältena
1430 1781 18 29 4
1466 1780 184 31 kilometer

146 1835 12 29 i
193 1834 66 31 den
294 1844 103 21 norra
432 1834 100 30 delen
567 1834 64 30 och
665 1835 18 29 2
718 1833 184 31 kilometer
926 1833 13 30 i
963 1833 66 31 den
1053 1832 101 31 södra
1177 1832 100 31 delen
1300 1842 45 20 av
1369 1832 105 35 länet,
1499 1832 62 31 vid
1585 1832 66 31 den

146 1886 110 31 under
292 1886 82 30 1923
409 1886 218 30 verkställda
662 1885 209 36 taxeringen
907 1886 39 29 10
976 1885 183 30 kilometer
1184 1885 11 30 i
1220 1884 247 35 Kopparbergs
1492 1884 60 30 län
1576 1884 74 35 och,

145 1938 78 31 med
246 1938 89 30 visst
359 1938 193 36 undantag,
578 1938 18 30 5
620 1937 184 31 kilometer
829 1937 12 30 i
865 1937 40 30 de
929 1936 225 31 småländska
1177 1937 115 29 länen.
1338 1935 80 31 Med
1442 1935 76 31 stöd
1541 1946 45 20 av
1611 1936 39 31 de

145 1990 180 36 uppgifter
349 2000 56 20 om
428 1990 258 35 virkeskapital
711 1989 62 31 och
797 1989 268 30 virkestillväxt
1089 1998 45 21 m.
1156 1998 56 26 m.,
1235 1998 73 20 som
1325 1987 148 31 sålunda
1491 1988 159 35 vunnits,

145 2042 170 31 beräknas
350 2042 106 31 sedan
491 2041 292 36 virkeskapitalet
817 2041 63 30 och
915 2041 312 30 virkestillväxten
1263 2040 95 30 inom
1382 2039 77 31 hela
1484 2040 165 31 området.

146 2093 126 31 Oaktat
307 2093 65 31 den
407 2093 151 30 faktiskt
592 2093 211 30 undersökta
839 2093 139 30 arealen
1009 2092 147 31 sålunda
1180 2092 89 31 blott
1293 2092 164 30 omfattat
1481 2101 42 21 en
1548 2092 102 35 ringa

146 2146 54 30 del
217 2155 44 20 av
278 2145 240 35 totalarealen,
536 2145 131 35 kunna,
681 2146 114 29 såsom
811 2144 506 31 Värmlandskommissionens
1334 2143 192 36 utredning
1543 2144 107 35 visar,

146 2197 213 35 tillräckligt
383 2197 126 30 exakta
535 2196 367 36 genomsnittsvärden
927 2196 53 30 för
1005 2196 78 30 hela
1108 2195 154 31 området
1287 2195 161 30 erhållas.

189 2248 75 31 Vad
303 2250 111 34 angår
448 2249 128 35 frågan
601 2259 55 20 om
689 2249 178 30 ordnande
890 2258 44 21 av
957 2247 554 37 skogsavverkningsstatistiken,
1538 2247 111 31 vilket

146 2300 169 36 spörsmål
350 2301 128 30 kräver
514 2301 54 30 sin
603 2301 141 35 lösning
779 2300 54 31 för
868 2301 51 30 att
954 2300 40 30 de
1029 2300 62 30 vid
1116 2299 388 36 riksskogstaxeringen
1528 2309 121 20 vunna

147 2352 192 31 resultaten
374 2353 97 30 skola
506 2352 121 31 kunna
652 2362 51 21 ses
728 2353 12 29 i
764 2352 169 31 samband
957 2352 78 31 med
1059 2351 414 36 virkesförbrukningen,
1498 2351 67 30 vill
1589 2351 61 36 jag

146 2407 138 33 nämna,
320 2406 51 29 att
408 2414 124 26 genom
567 2404 534 36 skogstaxeringssakkunnigas
1136 2404 116 30 arbete
1287 2403 41 31 de
1362 2404 61 29 två
1456 2403 192 31 förnämsta

147 2456 161 31 tekniska
343 2456 150 31 hindren
528 2456 54 30 för
617 2456 304 36 statistikfrågans
956 2455 177 31 ordnande
1168 2465 103 27 synas
1308 2465 85 20 vara
1418 2455 230 36 undanröjda.

146 2508 129 30 Genom
314 2508 237 35 utredningen
584 2508 176 36 angående
785 2507 61 31 vid
870 2508 282 35 virkesmätning
1176 2506 229 36 erforderliga
1430 2507 216 30 relationstal

148 2570 107 31 Bihang
283 2570 40 24 till
349 2570 166 31 riksdagens
542 2570 143 31 protokoll
712 2571 75 24 1924.
834 2572 30 22 10
884 2571 79 23 saml.
1002 2571 33 23 22
1056 2570 68 30 häft.
1161 2567 54 29 (Nr
1236 2570 120 23 43—44)
1601 2572 14 21 2
