2186 2675
683 145 344 34 Jordbruksutskottets
1057 147 167 34 Utlåtande
1246 148 52 33 Nr
1321 150 51 32 98.
1754 152 38 33 11

239 224 173 38 omdöme
441 224 71 38 och
540 225 182 49 förmåga,
743 229 142 46 ansåge
904 227 432 50 landtmäteristyrelsen
1355 229 179 49 gällande
1554 230 284 39 bestämmelser

238 290 60 23 om
326 276 226 51 kompetens
580 278 59 36 för
667 278 233 51 anställning
928 282 122 35 såsom
1080 280 471 50 afvittringslandtmätare
1571 283 263 51 otillräckliga.

237 329 451 51 Landtmäteristyrelsen
728 331 100 37 hölle
870 332 156 37 sålunda
1061 333 92 48 före,
1184 339 65 44 att,
1279 335 159 36 emedan
1465 336 264 49 landtmätare,
1759 351 80 23 som

238 382 204 37 anställdes
494 383 64 36 vid
605 383 367 50 afvittringsverket,
1014 388 122 34 måste
1178 387 232 37 omedelbart
1452 388 96 36 efter
1588 390 252 37 anställandet

236 434 130 36 kunna
412 435 186 36 anförtros
639 435 130 37 hvilka
809 437 173 48 göromål
1023 451 81 23 som
1143 438 111 48 helst,
1296 440 75 35 han
1407 439 117 38 borde
1552 440 116 37 hafva
1696 455 144 24 samma

237 486 228 47 erfarenhet,
508 500 83 23 som
632 488 166 36 fordrats
840 489 59 36 för
927 490 230 48 anställning
1185 493 124 34 såsom
1337 492 82 36 vice
1447 492 392 39 kommissionslandt-

236 542 145 33 mätare
423 539 71 36 och
536 552 81 24 som
658 540 58 36 för
756 540 203 38 framtiden
1000 541 196 38 fordrades
1231 543 59 37 för
1318 549 54 31 att
1399 544 129 36 kunna
1556 545 197 37 förordnas
1780 547 60 36 till

238 595 106 32 extra
385 590 263 38 landtmätare.
704 592 87 37 Med
834 593 205 50 anledning
1071 594 144 48 jämväl
1251 595 42 37 af
1317 595 70 37 sist
1415 596 158 37 berörda
1600 597 238 39 förhållande

238 645 142 46 ansåge
422 644 434 49 landtmäteristyrelsen
896 645 455 51 begynnelseaflöningen
1392 649 83 36 icke
1509 649 173 49 skäligen
1710 651 129 37 kunna

236 700 118 31 sättas
396 695 109 49 lägre
548 700 47 32 än
636 697 101 36 hvad
779 697 187 49 styrelsen
1007 712 51 22 nu
1100 699 208 49 föreslagit.
1363 700 121 37 Löne-
1526 701 91 37 eller
1645 703 191 37 arfvodesg-

235 747 192 49 graderna
455 748 116 36 borde
599 748 110 37 alltså
736 749 120 37 blifva
885 750 93 49 fyra,
1008 751 194 49 nämligen
1229 754 113 46 4,000
1372 752 151 50 kronor,
1551 755 114 47 4,500
1684 755 154 49 kronor,

237 800 112 47 2,000
392 800 141 37 kronor
566 801 70 37 och
666 803 112 45 5,500
806 801 151 38 kronor.
1015 803 70 37 Om
1115 804 75 36 fem
1218 804 182 48 tjänsteår
1427 806 65 36 vid
1520 807 318 49 afvittringsverk

235 852 196 36 fordrades
461 853 59 36 för
546 854 263 48 uppflyttning
836 855 12 35 i
876 854 119 50 högre
1028 856 290 48 arfvodesklass,
1347 858 222 49 uppnåddes
1599 859 72 37 den
1699 860 140 49 högsta

236 904 219 49 aflöningen
495 905 98 37 först
634 905 96 37 efter
773 908 45 35 15
861 909 61 35 års
956 908 208 49 tjänstetid.
1224 909 134 49 Enligt
1385 911 452 50 landtmäteristyrelsens

235 957 98 36 åsikt
375 957 107 37 stode
523 971 50 23 nu
609 958 155 48 angifna
792 959 267 49 aflöningssätt
1086 961 12 35 i
1127 961 73 36 alla
1229 962 201 37 afseenden
1458 964 61 35 väl
1548 963 175 38 öfverens
1751 965 86 36 med

235 1014 146 32 statens
430 1010 174 37 intresse.
673 1010 225 38 Utsikterna
946 1012 58 36 till
1053 1013 310 50 löneförhöjning
1408 1015 109 36 torde
1559 1016 128 37 kunna
1727 1016 109 38 locka

235 1061 231 48 tjänstemän
495 1067 55 32 att
578 1062 230 38 kvarstanna
835 1063 64 37 vid
928 1064 365 50 afvittringsverket,
1324 1069 41 34 så
1392 1067 115 49 länge
1535 1068 119 37 behof
1670 1069 41 36 af
1728 1069 107 37 deras

235 1113 128 37 arbete
404 1113 195 38 därstädes
641 1115 232 48 förefunnes,
917 1117 71 36 och
1024 1117 224 49 härigenom
1286 1118 281 39 åstadkommes
1594 1120 241 48 kontinuitet,

233 1165 213 49 hvarjämte
483 1170 48 46 på
568 1167 134 36 sådant
735 1172 74 32 sätt
837 1181 46 23 en
910 1168 123 37 bättre
1063 1169 292 50 arbetsprodukt
1382 1171 127 37 blefve
1539 1177 55 32 att
1622 1173 176 37 förvänta
1824 1175 12 35 i

234 1218 103 36 såväl
365 1218 217 37 kvalitativt
610 1232 81 23 som
720 1219 247 38 kvantitativt
994 1221 224 37 hänseende.

363 1270 76 37 För
468 1274 39 32 år
537 1273 97 35 1909
665 1271 136 37 funnes
829 1273 103 36 inom
962 1273 354 49 afvittringsverket
1345 1276 196 45 anställda,
1569 1282 104 31 utom
1695 1282 141 44 styres-

233 1335 175 34 mannen,
451 1336 61 23 om
553 1323 155 37 hvilken
736 1337 50 23 nu
814 1324 32 49 ej
876 1338 88 24 vore
992 1326 120 48 fråga,
1141 1327 75 35 fem
1244 1327 261 38 landtmätare.
1560 1329 276 38 Landtmäteri-

233 1374 188 49 styrelsen
462 1378 153 46 ansåge,
659 1380 52 32 att
752 1377 141 36 antalet
934 1378 76 36 tills
1051 1378 130 37 vidare
1221 1378 114 38 borde
1363 1380 228 38 bestämmas
1619 1382 56 36 till
1704 1382 133 37 endast

233 1426 85 48 fyra
347 1431 54 31 att
431 1427 141 37 afllönas
602 1428 119 48 enligt
748 1442 52 22 nu
829 1430 158 48 angifna
1013 1430 179 49 grunder.

364 1477 129 39 Under
534 1480 276 50 förutsättning
852 1486 54 31 att
940 1482 176 48 gällande
1143 1487 89 33 taxa
1258 1483 214 49 upphäfdes
1501 1485 71 37 och
1601 1486 235 50 afvittrings-

233 1530 298 38 landtmätarnas
573 1533 215 49 ersättning
827 1533 214 38 bestämdes
1078 1540 54 31 att
1164 1538 94 46 utgå
1286 1538 125 35 såsom
1441 1538 114 48 årligt
1583 1538 166 48 arfvode,
1779 1552 56 24 er-

232 1582 198 37 fordrades
459 1584 246 48 föreskrifter,
735 1585 96 37 huru
860 1586 63 36 det
951 1587 119 36 skulle
1099 1587 161 37 förfaras
1288 1588 85 37 med
1401 1590 105 36 lösen
1536 1590 58 36 för
1621 1591 129 36 kartor
1766 1591 70 37 och

232 1633 240 50 handlingar.
527 1636 103 36 Enär
671 1637 446 50 landtmäteristyrelsens
1159 1639 236 38 förestående
1428 1641 144 50 förslag
1598 1642 13 36 i
1639 1643 108 48 fråga
1774 1656 61 24 om

234 1686 315 51 arfvodesbelopp
586 1702 90 23 vore
710 1689 229 38 framställdt
979 1691 120 37 under
1126 1691 287 51 förutsättning,
1443 1698 54 32 att
1524 1697 120 46 några
1672 1696 164 48 sportler

233 1738 82 37 icke
358 1739 120 37 skulle
518 1741 287 49 ifrågakomma,
849 1742 108 37 torde
984 1743 207 50 lämpligen
1219 1744 263 38 bestämmelse
1510 1746 93 37 böra
1630 1747 203 47 meddelas,

234 1795 66 42 att,
329 1790 67 37 där
424 1792 108 36 lösen
558 1793 87 36 bort
672 1796 105 46 utgå,
807 1794 309 49 expeditionerna
1144 1796 121 36 skulle
1288 1796 186 50 beläggas
1494 1798 87 36 med
1601 1800 160 49 stämpel
1779 1800 56 36 till

233 1841 149 51 belopp,
411 1845 267 36 motsvarande
706 1845 73 37 den
807 1845 119 49 lösen,
957 1860 81 24 som
1058 1848 121 37 skulle
1198 1852 92 45 utgå
1310 1849 122 49 enligt
1450 1850 176 48 gällande
1647 1851 188 37 allmänna

233 1899 88 31 taxa
348 1898 49 46 på
425 1896 156 37 arfvode
610 1897 59 36 för
697 1897 525 52 landtmäteriförrättningar.

362 1947 344 38 Bestämmelserna
733 1950 12 36 i
774 1949 21 49 8
827 1952 45 35 11
903 1956 97 31 samt
1028 1952 12 36 i
1067 1952 20 47 8
1117 1954 46 34 12
1192 1965 112 24 mom.
1336 1956 20 33 3
1386 1954 12 35 i
1429 1955 98 35 1880
1553 1957 58 33 års
1626 1960 88 31 taxa
1728 1956 106 37 torde

232 1998 93 36 böra
354 2004 159 32 ersättas
541 2001 86 36 med
657 2001 195 38 föreskrift
881 2016 61 23 om
970 2003 243 50 tillämpning
1242 2005 40 36 af
1296 2005 356 49 resereglementets
1672 2007 162 37 bestäm-

234 2050 146 48 melser,
410 2051 12 36 i
449 2052 115 37 hvars
607 2053 121 49 fjärde
756 2053 103 38 klass
887 2054 471 50 afvittringslandtmätare
1381 2071 140 34 genom
1541 2058 142 50 Kungl.
1704 2059 128 49 Maj:ts

232 2102 139 49 nådiga
399 2103 227 49 kungörelse
656 2105 72 37 den
759 2108 45 34 18
833 2107 196 37 december
1060 2109 96 35 1908
1186 2109 117 36 redan
1330 2122 90 23 vore
1448 2115 208 44 upptagna.

361 2154 457 52 Landtmäteristyrelsen,
860 2172 81 23 som
983 2163 144 45 ansåge
1167 2161 230 49 lämpligast,
1440 2167 55 31 att
1536 2162 45 37 de
1609 2163 224 48 ifrågasatta

232 2219 76 36 nya
347 2207 334 39 bestämmelserna
721 2210 150 38 komme
908 2216 54 32 att
989 2212 190 50 tillämpas
1207 2213 83 37 från
1319 2214 71 36 och
1417 2214 86 37 med
1533 2215 72 37 den
1636 2218 17 33 1
1681 2215 152 49 januari
