2188 2688
135 786 91 32 Kungl.
247 785 84 32 Maj:ts

135 823 200 31 befallningshaft-

134 858 81 23 vande
224 859 10 22 i
248 859 93 23 Väster-

163 893 87 24 bottens
267 894 48 23 län.

395 168 19 32 6
800 166 343 33 Jordbruksutskottets
1172 165 169 34 Utlåtande
1363 166 53 32 Nr
1438 167 51 33 98.

354 248 217 49 föreslagna
607 247 124 49 lönen,
770 250 124 34 såsom
922 246 189 50 utgående
1140 249 36 34 åt
1204 247 230 50 tjänstemän
1461 249 49 48 på
1537 246 83 37 icke
1649 246 189 37 ordinarie
1867 251 87 43 stat,

355 302 118 37 borde
514 300 196 38 förändras
751 300 57 37 till
849 300 115 49 årligt
1001 299 167 48 arfvode,
1211 304 97 32 samt
1349 299 103 37 detta
1481 299 156 37 arfvode
1665 299 205 37 fastställas
1898 299 57 37 till

359 356 111 47 1,000
513 353 140 38 kronor
693 353 119 37 under
841 353 45 37 de
914 353 119 38 första
1061 353 76 37 fem
1166 354 89 36 åren
1283 352 41 37 af
1350 352 295 50 anställningen,
1676 353 111 47 1,500
1815 352 141 37 kronor

357 408 120 37 under
516 411 109 32 nästa
665 406 76 37 fem
778 408 41 35 år
847 407 71 36 och
947 408 112 47 2,000
1087 406 139 36 kronor
1253 406 95 36 efter
1376 406 52 36 tio
1458 408 58 34 års
1544 405 270 50 tjänstgöring,
1843 405 111 37 hvar-

353 461 121 50 jämte
502 459 190 49 Bergman
720 464 135 42 ansett,
887 464 65 43 att,
973 436 56 59 'då
1058 458 343 50 ägomätningarna
1428 458 59 37 för
1504 458 186 37 allmänna
1704 458 251 49 afvittringen

358 514 150 36 komme
546 487 54 61 att
629 512 158 37 afslutas
814 488 121 61 under
963 525 212 24 sommaren
1206 512 109 47 1909,
1345 510 45 51 $$
1423 513 18 34 1
1472 511 70 37 och
1571 513 21 34 2
1621 510 12 37 i
1661 510 178 50 gällande
1867 516 87 31 taxa

358 565 116 38 borde
501 565 172 50 upphöra
701 569 55 32 att
784 564 102 49 gälla
913 570 98 31 samt
1040 541 307 60 förekommande
1376 563 224 50 mätnings-,
1620 563 244 50 uträknings-
1884 563 72 37 och

357 617 374 39 renovationsarbete
760 593 159 61 ersättas
948 617 85 37 med
1062 616 233 50 dagarfvode
1324 616 119 49 enligt
1472 615 20 51 8
1522 593 25 60 8
1573 593 85 60 med
1686 593 212 72 beräkning
1918 616 42 37 af

361 673 44 35 15
434 671 139 36 kronor
601 671 59 36 för
687 670 328 49 mätningsarbete
1044 670 70 36 och
1145 671 45 35 10
1219 669 139 37 kronor
1378 669 57 37 för
1450 670 244 48 uträknings-
1711 669 70 37 och
1795 682 160 24 renova-

357 722 241 38 tionsarbete.

487 774 142 50 Kungl.
672 774 128 50 Maj:ts
841 773 423 50 befallningshafvande
1305 773 12 36 i
1344 773 290 37 Västerbottens
1665 773 63 36 län
1755 773 68 36 har
1850 772 12 37 i
1890 785 65 24 an-

358 828 156 49 ledning
555 828 40 36 af
633 827 72 37 den
737 827 86 36 utaf
848 826 497 50 afvittringslandtmätarna
1374 826 13 36 i
1415 839 143 24 samma
1585 826 63 37 län
1676 826 137 49 gjorda
1840 825 115 38 fram-

360 880 180 48 ställning
569 880 126 36 anfört
722 880 177 48 följande.

492 932 124 38 Sedan
653 935 40 34 år
732 933 95 36 1897
859 945 47 24 en
933 931 219 49 befattning
1180 934 122 34 såsom
1333 930 472 49 afvittringslandimätare
1831 929 125 38 blifvit

359 987 113 49 ledig,
502 986 97 36 hade
628 984 141 50 Kungl.
799 984 107 50 Maj:t
934 984 87 37 med
1048 960 149 73 Hänsyn
1225 984 58 36 till
1311 984 73 37 den
1408 957 278 89 jämförelsevis
1715 983 149 37 kortare
1887 982 67 47 tid,

360 1053 80 24 som
481 1038 126 37 kunde
649 1014 158 73 antagas
836 1039 151 46 återstå,
1016 1037 116 36 innan
1162 1036 251 50 afvittringen
1441 1036 102 36 inom
1571 1036 293 37 Västerbottens
1893 1012 64 59 län

359 1092 124 37 blefve
520 1067 242 71 fullbordad,
785 1090 120 48 enligt
946 1067 135 71 nådigt
1119 1090 86 36 bref
1243 1090 73 36 den
1337 1066 64 59 28
1431 1089 74 48 maj
1538 1091 95 35 1897
1666 1088 203 48 förordnat,
1901 1092 55 32 att

360 1145 74 36 den
478 1143 126 49 lediga
645 1119 166 72 tjänsten
849 1119 81 59 icke
959 1118 120 60 skulle
1107 1142 84 36 med
1220 1142 184 36 ordinarie
1432 1141 246 37 innehafvare
1706 1140 248 37 återbesättas

359 1202 91 30 utan
477 1195 208 37 tillsvidare
713 1195 218 49 uppehållas
959 1197 48 46 på
1035 1194 265 36 förordnande.
1355 1193 74 37 Vid
1451 1193 135 37 sådant
1602 1193 232 37 förhållande
1849 1192 107 37 torde

361 1249 62 36 det
450 1247 83 37 icke
562 1260 62 35 nu,
654 1246 47 37 då
730 1246 246 49 afvittringen
1003 1246 223 49 ytterligare
1255 1251 147 31 närmat
1430 1245 61 49 sig
1519 1245 58 36 sin
1606 1245 226 47 fullbordan,
1866 1257 90 23 vara

357 1299 177 50 lämpligt
562 1305 54 30 att
643 1302 48 46 på
720 1299 185 36 ordinarie
934 1303 76 32 stat
1036 1298 163 49 uppföra
1226 1301 129 46 någon
1384 1297 39 37 af
1452 1297 46 37 de
1517 1297 64 36 vid
1601 1296 355 49 afvittringsverket

359 1352 185 37 anställda
571 1351 318 49 tjänstemännen,
919 1350 128 37 hvilka
1075 1350 177 49 samtliga
1280 1364 51 23 nu
1358 1364 90 23 vore
1476 1349 293 37 tillförordnade.
1812 1349 142 49 Kungl.

357 1404 127 49 Maj:ts
504 1403 423 49 befallningshafvande
946 1403 127 36 kunde
1091 1402 127 37 därför
1233 1403 82 36 icke
1331 1402 189 49 tillstyrka
1536 1402 235 36 sökandenas
1786 1402 171 48 begäran

360 1471 60 23 om
449 1456 420 49 aflöningsförbättring
897 1455 13 37 i
937 1456 96 36 form
1062 1456 41 35 af
1126 1455 63 36 lön
1216 1458 48 47 på
1291 1460 85 32 stat.

488 1508 221 37 Emellertid
745 1521 102 35 vore,
891 1511 125 34 såsom
1045 1507 511 50 afvittringsstyresmännen
1584 1505 217 49 framhållit,
1830 1507 127 47 någon

360 1562 224 46 förändring
624 1561 9 35 i
678 1560 335 37 bestämmelserna
1055 1560 58 37 för
1147 1560 519 48 afvittringslandtmätarnas
1696 1559 170 48 aflöning
1894 1558 62 36 be-

360 1614 131 49 höflig,
534 1618 91 31 enär
667 1613 120 50 eljest,
830 1615 41 34 så
912 1618 105 31 snart
1050 1612 375 49 mätningsarbetena
1453 1611 236 47 fullbordats,
1720 1610 236 37 sökandenas

360 1667 210 35 inkomster
598 1666 12 36 i
639 1666 169 49 tjänsten
836 1665 121 36 skulle
984 1666 152 35 komma
1165 1670 54 31 att
1246 1664 207 48 väsentligt
1481 1664 239 37 förminskas.

489 1718 74 36 Det
603 1718 127 36 kunde
772 1717 255 49 ifrågasättas,
1069 1717 186 36 huruvida
1296 1717 73 36 den
1405 1716 247 49 erforderliga
1680 1715 277 49 förbättringen

359 1770 209 49 lämpligen
610 1770 116 37 borde
767 1769 279 37 åstadkommas
1088 1769 133 37 enbart
1261 1782 139 36 genom
1442 1768 268 49 dagarfvodets
1752 1767 206 50 höjande
1933 1763 27 60 i

361 1822 303 37 arfvodestaxan.
756 1827 32 31 Att
823 1824 49 46 på
903 1822 161 36 förhand
1092 1822 168 36 beräkna
1286 1821 143 37 verkan
1458 1821 43 36 af
1525 1821 140 36 sådana
1694 1820 263 48 förhöjningar

361 1879 129 44 syntes
519 1874 195 49 nämligen
741 1887 92 23 vara
860 1874 205 48 vanskligt.
1121 1874 85 36 Med
1236 1874 47 36 all
1313 1873 241 37 sannolikhet
1574 1873 120 36 skulle
1713 1873 104 36 såväl
1836 1877 121 31 större

360 1926 178 37 säkerhet
567 1939 60 24 om
655 1926 198 37 resultatet
882 1939 82 23 som
994 1931 121 32 större
1139 1926 175 48 jämnhet
1341 1926 11 36 i
1382 1925 219 49 aflöningen
1628 1924 97 38 både
1752 1927 41 34 år
1813 1924 84 36 från
1917 1927 41 33 år

361 1979 70 36 och
472 1978 63 37 vid
573 1978 221 50 jämförelse
836 1978 501 49 afvittringslandtmätarna
1371 1977 159 37 emellan
1558 1980 109 33 ernås
1694 1989 149 46 genom
1863 1976 95 36 fast-

361 2031 181 36 ställande
573 2016 52 51 af
663 2036 54 31 ett
757 2008 284 72 minimibelopp
1078 2031 58 36 för
1165 2030 330 37 årsinkomsterna.
1551 2029 67 37 Ett
1646 2029 122 49 dylikt
1796 2027 162 38 minimi-

360 2083 149 49 belopp,
552 2082 213 49 utgörande
807 2084 112 47 3,000
960 2083 142 37 kronor
1134 2083 100 47 eller,
1268 2082 60 37 för
1355 2083 97 46 dem,
1483 2095 81 24 som
1593 2082 143 49 åtnjöte
1764 2080 194 37 arfvodes-

360 2134 234 51 förhöjning,
637 2136 113 47 3,500
790 2135 152 46 kronor,
982 2148 91 24 vore
1110 2135 116 37 sedan
1253 2135 134 49 längre
1414 2134 56 37 tid
1498 2133 218 46 fastställdt,
1747 2132 98 37 dock
1872 2132 85 37 med

360 2160 274 81 bestämmelse,
663 2164 137 73 "enligt
842 2188 41 35 af
919 2169 143 72 Kungl.
1096 2188 107 49 Maj:t
1230 2187 59 37 för
1317 2187 111 36 hvart
1456 2190 41 33 år
1525 2158 198 81 meddelad
1751 2185 205 47 föreskrift,

360 2245 57 30 att
457 2217 183 72 pröfning
681 2216 119 60 skulle
830 2245 74 43 äga
930 2253 95 34 rum,
1055 2240 189 36 huruvida
1271 2239 483 48 afvittringslandtmätare,
1783 2213 174 61 hvilkens

360 2292 156 36 arfvode
545 2293 94 36 efter
665 2297 88 32 taxa
780 2270 122 59 under
923 2295 79 34 året
1021 2292 32 49 ej
1075 2295 164 46 uppgått
1257 2292 57 37 till
1334 2291 63 38 det
1417 2291 183 49 stadgade
1619 2289 325 51 minimibeloppet
