2236 2644
714 207 259 34 Statsutskottets
999 210 179 34 Memorial
1203 212 65 33 N:o
1298 216 51 30 55.
1754 217 21 32 5

232 282 187 39 allmänna
459 285 379 52 indragningsstaten
876 303 46 24 en
950 290 96 51 årlig
1074 293 159 48 pension
1261 293 43 38 af
1330 296 112 44 1,280
1471 296 152 49 kronor,
1652 303 56 32 att
1735 302 92 45 utgå

231 335 82 37 från
341 336 71 36 och
441 338 86 37 med
555 338 73 38 den
659 342 18 34 1
701 353 98 25 mars
818 341 254 39 innevarande
1091 347 41 34 år
1151 345 70 37 och
1237 349 40 34 så
1291 346 113 50 länge
1419 348 76 37 hon
1510 348 188 39 förblefve
1715 351 107 37 enka.

332 388 116 48 Enär,
478 389 119 50 enligt
623 392 186 38 utskottet
835 393 323 41 tillhandakomna
1175 398 362 52 protokollsutdrag,
1557 401 135 38 Första
1711 402 114 38 Kam-

231 452 139 34 maren,
413 442 85 36 med
538 442 125 50 afslag
703 447 21 34 å
763 446 206 38 utskottets
1012 447 236 51 hemställan,
1289 451 149 49 antagit
1465 452 65 38 det
1556 454 157 49 förslag,
1744 468 80 23 som

229 490 255 40 innefattades
511 494 13 36 i
552 494 74 38 den
654 495 63 38 vid
745 496 211 39 utlåtandet
988 500 140 49 fogade
1156 503 246 48 reservation,
1432 505 86 36 med
1547 505 73 37 den
1649 506 174 50 ändring,

228 548 55 31 att
309 543 180 51 beloppet
518 546 60 37 för
606 547 74 37 den
708 549 118 49 årliga
853 550 371 52 tilläggspensionen
1252 554 218 39 bestämdes
1498 556 58 37 till
1575 559 74 36 880
1669 558 154 49 kronor,

228 608 85 24 men
354 595 131 40 Andra
526 599 229 39 Kammaren
795 601 136 38 bifallit
972 604 99 37 hvad
1098 605 186 39 utskottet
1310 607 193 49 hemstält,
1533 609 58 37 får
1618 611 202 48 utskottet,

228 647 58 37 för
314 647 125 39 denna
467 649 128 50 frågas
629 652 209 48 afgörande
866 655 163 38 medelst
1054 670 221 36 gemensam
1304 661 250 50 omröstning,
1583 662 141 38 föreslå
1750 663 71 37 föl-

221 699 116 49 jande
365 702 456 51 voteringsproposition:

328 752 116 49 »Den,
475 768 92 35 som,
595 755 13 37 i
634 756 120 38 likhet
782 758 86 38 med
895 759 136 39 Första
1060 761 240 49 Kammaren,
1329 763 67 37 vill
1423 769 65 43 att,
1518 765 10 36 i
1557 765 207 50 anledning
1783 768 43 37 af

225 803 64 37 det
316 804 42 37 af
382 805 87 38 herr
498 806 43 38 O.
572 807 48 37 M.
651 808 261 51 Björnstjerna
940 825 47 24 m.
1017 813 36 36 fl.
1085 819 97 31 samt
1209 814 45 37 H.
1284 815 169 38 Amnéus
1473 830 47 23 m.
1541 817 36 37 fl.
1600 817 221 40 framstälda

226 855 157 50 förslag,
426 858 219 51 Riksdagen
687 863 35 35 åt
760 862 25 36 f.
816 863 34 36 d.
879 864 369 50 generallöjtnanten
1275 867 48 37 K.
1353 867 44 37 A.
1427 868 174 50 Rydings
1630 870 189 38 efterlem-

223 908 97 36 nade
350 909 98 37 enka
475 910 129 51 Jenny
632 912 171 38 Kristina
831 914 151 39 Rosalia
1009 916 163 51 Ryding,
1200 918 92 37 född
1313 920 237 49 Pettersson,
1571 922 154 37 utöfver
1743 923 73 37 den

223 960 171 48 pension,
423 962 76 37 hon
528 964 59 37 för
613 966 235 37 närvarande
876 968 147 49 uppbär
1051 969 82 37 från
1161 971 149 37 arméns
1339 985 76 37 nya
1443 973 113 36 enke-
1586 974 72 36 och
1682 975 136 49 pupill-

222 1012 124 48 kassa,
389 1013 158 52 beviljar
589 1019 20 34 å
650 1016 187 39 allmänna
876 1019 380 51 indragningsstaten
1290 1036 46 24 en
1366 1024 95 49 årlig
1489 1026 159 48 pension
1676 1027 42 36 af
1743 1029 74 36 880

222 1063 150 49 kronor,
402 1071 55 31 att
483 1071 92 46 utgå
602 1068 83 37 från
714 1070 71 37 och
812 1071 86 37 med
926 1072 74 37 den
1031 1075 17 34 1
1080 1087 99 24 mars
1206 1075 257 39 innevarande
1492 1080 40 34 år
1552 1078 70 36 och
1643 1081 40 34 så
1702 1079 113 49 länge

221 1115 76 37 hon
324 1117 199 40 förblifver
550 1120 110 49 enka,
688 1126 123 33 röstar

984 1228 63 47 Ja;

320 1324 97 49 Den,
447 1326 63 37 det
537 1327 34 50 ej
601 1327 78 50 vill,
708 1334 123 33 röstar

971 1435 90 50 Nej;

318 1530 145 39 Vinner
502 1533 84 49 Nej,
630 1534 67 38 har
737 1536 288 49 ifrågavarande
1067 1540 41 36 af
1131 1540 87 37 herr
1248 1540 44 38 O.
1321 1541 49 37 M.
1401 1541 265 52 Björnstjerna
1694 1559 48 24 m.
1772 1546 36 37 fl.

216 1582 70 36 och
315 1583 46 36 H.
391 1584 167 38 Amnéus
588 1600 53 43 m.
665 1587 35 37 fl.
730 1588 222 39 framstälda
979 1591 146 50 förslag
1153 1592 33 48 ej
1215 1593 43 37 af
1281 1593 220 50 Riksdagen
1530 1595 169 39 bifallits.

319 1668 220 39 Stockholm
569 1671 74 37 den
672 1675 47 35 23
748 1674 96 49 april
875 1676 108 36 1897.

726 1792 52 37 På
806 1794 302 38 statsutskottets
1137 1800 160 45 vägnar:

778 1947 111 38 CHR.
921 1949 319 40 LUNDEBERG.

287 2362 64 29 Bih.
375 2364 48 27 till
445 2365 95 29 Riksd.
565 2367 73 29 Prot,
667 2366 86 31 1897.
797 2367 20 30 4
839 2371 85 27 Saml.
971 2370 17 29 1
1011 2371 69 32 Afd.
1125 2371 43 30 39
1190 2375 84 37 Häft.
1740 2381 17 26 2
