1904 2774
435 182 128 33 Första
580 182 254 41 lagutskottets
851 181 187 34 utlåtande
1056 195 41 21 nr
1114 182 29 33 B
1163 184 21 31 8
1202 182 39 33 år
1258 183 90 31 1958
1597 185 41 29 19

148 261 116 43 punkt
283 261 101 36 torde
403 274 86 22 vara
507 261 155 44 naturlig
679 262 11 34 i
708 261 61 34 fall
787 261 46 35 då
850 261 345 43 utredningsarbetet
1212 261 196 42 igångsatts
1425 261 74 34 före
1515 260 123 35 ikraft-

146 315 190 34 trädandet
353 328 46 21 av
417 315 68 34 den
502 316 179 33 allmänna
697 313 183 36 reformen.
897 315 18 34 I
932 320 54 29 ett
1001 315 141 34 särskilt
1159 314 135 35 avsnitt
1310 327 46 21 av
1372 314 83 34 mitt
1471 314 164 34 anföran-

148 369 44 35 de
211 369 100 35 torde
330 369 61 43 jag
410 369 37 34 få
468 374 159 38 upptaga
647 369 52 34 till
720 369 214 43 behandling
953 370 110 41 några
1081 368 360 43 tillämpningsfrågor
1461 380 44 22 av
1525 371 112 31 större

146 423 181 34 räckvidd.

192 477 121 42 Några
335 477 297 35 remissinstanser
652 476 65 34 har
737 481 118 30 ansett
876 481 55 29 att
952 489 47 21 av
1018 476 179 43 lagtexten
1218 476 63 34 bör
1301 475 137 43 framgå
1459 480 55 30 att
1535 476 101 42 lagen

148 530 126 33 endast
289 530 64 33 har
370 529 173 34 avseende
558 530 48 42 på
622 529 68 34 den
706 529 139 40 reform,
862 541 124 22 varom
1002 529 116 34 beslut
1134 528 129 36 fattats
1279 529 39 33 år
1336 532 100 36 1957,
1452 529 65 34 och
1534 529 105 34 alltså

146 582 31 43 ej
200 584 47 41 på
267 583 199 34 eventuella
484 582 170 36 framtida
674 583 178 34 allmänna
870 582 270 43 omregleringar
1159 594 45 22 av
1223 582 414 43 pastoratsindelningen.

146 636 121 42 Enligt
284 636 73 34 min
374 636 143 43 mening
533 636 153 35 behöver
701 636 282 43 lagstiftningens
999 636 286 42 tidsbegränsade
1300 635 95 43 syfte
1410 635 31 43 ej
1459 636 178 33 markeras

146 693 11 33 i
176 691 190 42 lagtexten.

195 747 73 34 Det
285 760 45 21 av
345 745 239 43 domkapitlet
599 745 11 35 i
626 744 199 43 Linköping
840 744 161 34 uttalade
1015 743 230 41 önskemålet,
1261 747 56 30 att
1332 743 11 34 i
1358 744 176 42 lagtexten
1549 743 89 35 skall

146 801 138 42 intagas
311 813 44 22 en
381 799 248 36 bestämmelse
655 811 60 22 om
741 803 55 30 att
821 797 363 43 förflyttningsbeslut
1209 797 88 34 skall
1324 809 86 22 vara
1435 797 203 34 meddelade

148 855 74 34 före
248 851 387 46 indelningsreformens
661 852 293 40 ikraftträdande,
979 851 72 34 kan
1075 851 60 43 jag
1160 851 76 35 icke
1261 850 152 35 biträda.
1439 850 198 43 Självfallet

147 909 63 33 bör
224 908 91 35 dock
329 909 117 33 denna
460 907 149 42 ordning
622 906 239 35 eftersträvas.

195 962 80 33 Den
291 961 197 42 föreslagna
503 960 101 42 lagen
621 959 100 34 torde
738 959 85 33 böra
839 958 104 34 träda
958 958 11 33 i
984 957 97 35 kraft
1097 958 68 34 den
1183 961 16 29 1
1217 957 139 42 januari
1375 961 118 30 1960.»

789 1116 206 45 Lagrådet

196 1209 176 43 Lagrådet
392 1209 64 33 har
475 1208 136 34 lämnat
632 1206 166 43 förslaget
818 1211 89 29 utan
927 1206 150 34 erinran.

786 1358 213 34 Utskottet

195 1450 80 33 Den
296 1461 45 22 av
361 1448 279 34 statsmakterna
660 1447 182 34 beslutade
863 1445 273 43 nyindelningen
1157 1457 45 21 av
1221 1445 90 33 riket
1331 1445 10 33 i
1361 1449 160 38 pastorat
1540 1445 101 33 kom-

149 1515 86 28 mer,
262 1504 115 32 såsom
405 1501 154 42 framgår
586 1512 46 22 av
659 1500 67 34 den
753 1499 11 33 i
791 1500 61 33 det
879 1499 209 42 föregående
1114 1498 163 34 lämnade
1304 1498 252 42 redogörelsen,
1584 1503 56 28 att

149 1555 159 35 medföra
325 1560 55 28 att
396 1560 52 28 ett
466 1553 273 34 förhållandevis
756 1557 90 30 stort
863 1553 97 32 antal
977 1550 172 35 ordinarie
1166 1550 475 43 församlingsprästtjänster

150 1609 172 42 indrages.
359 1608 9 33 I
396 1607 173 35 samband
598 1606 145 34 härmed
771 1606 150 42 uppstår
948 1605 197 42 problemet
1173 1609 55 29 att
1255 1604 140 42 placera
1423 1604 42 33 de
1492 1607 149 39 präster,

151 1662 112 33 vilkas
288 1661 151 42 tjänster
464 1660 173 42 indrages,
661 1660 47 42 på
733 1671 116 21 annan
875 1658 125 42 tjänst.
1025 1658 73 33 Det
1123 1657 100 34 torde
1248 1669 86 21 vara
1359 1657 200 43 uppenbart
1584 1662 56 28 att

150 1715 196 43 problemet
365 1714 76 33 icke
460 1714 71 32 kan
551 1712 140 43 bringas
710 1712 52 33 till
781 1723 43 21 en
843 1711 114 34 snabb
975 1711 138 42 lösning
1130 1710 80 33 med
1229 1710 136 35 mindre
1385 1709 182 43 möjlighet
1586 1710 53 33 till

151 1773 53 29 ett
221 1765 435 44 tillsättningsförfarande
673 1764 142 35 utanför
832 1765 67 33 den
917 1764 108 42 enligt
1042 1763 160 43 gällande
1218 1764 236 42 prästvalslag
1470 1763 171 42 stadgade

151 1820 193 43 ordningen
359 1820 196 41 tillskapas.
571 1819 74 34 Det
662 1822 37 30 är
715 1817 192 34 emellertid
923 1817 72 33 lika
1010 1816 131 42 tydligt
1157 1820 55 29 att
1228 1821 53 28 ett
1297 1816 258 33 extraordinärt
1571 1816 70 32 för-

152 1873 145 34 farande
321 1893 46 4 —
390 1872 81 33 med
497 1872 42 33 de
563 1871 146 42 ingrepp
735 1871 99 33 detta
859 1869 138 34 medför
1021 1869 10 32 i
1056 1869 42 33 de
1123 1869 182 38 intressen,
1330 1868 97 33 vilka
1450 1868 100 41 eljest
1575 1868 67 33 blir

152 1925 256 42 tillgodosedda
434 1923 108 43 enligt
568 1923 296 42 prästvalslagens
892 1922 108 41 regler
1025 1941 46 4 —
1096 1921 63 33 bör
1186 1920 35 33 få
1247 1920 179 42 tillämpas
1452 1920 124 33 endast
1604 1921 38 32 så

152 1979 101 41 länge
271 1983 53 28 ett
342 1976 254 43 oundgängligt
614 1976 116 33 behov
748 1975 110 33 därav
877 1974 192 41 föreligger.

199 2031 136 33 Genom
355 2030 67 33 den
443 2028 224 35 omfattande
687 2026 297 43 vakantsättning
1002 2039 74 20 som
1096 2025 107 34 redan
1223 2028 60 39 ägt
1302 2037 78 21 rum
1400 2025 65 33 och
1486 2038 74 21 som
1580 2037 61 21 av-

153 2096 52 21 ses
231 2083 36 33 få
293 2086 44 30 än
364 2085 110 31 större
500 2081 217 41 omfattning
741 2080 111 33 under
878 2079 97 33 tiden
1002 2082 158 29 närmast
1186 2078 72 33 före
1284 2077 191 35 reformens
1500 2089 141 30 genom-

152 2136 145 33 förande
323 2136 159 32 kommer
507 2139 53 28 ett
586 2136 110 30 större
723 2133 95 32 antal
845 2131 173 34 ordinarie
1044 2131 151 41 tjänster
1221 2134 55 29 att
1302 2142 85 21 vara
1413 2130 156 32 vakanta
1596 2133 44 29 än

154 2188 134 34 antalet
313 2187 171 42 indragna
510 2186 162 41 tjänster.
699 2186 72 32 Det
797 2184 100 33 torde
924 2184 75 33 icke
1025 2184 119 32 kunna
1172 2183 84 32 råda
1282 2183 116 41 någon
1424 2183 133 32 tvekan
1583 2194 58 21 om

153 2246 55 28 att
225 2241 196 41 problemet
438 2239 80 33 med
537 2238 197 33 beredande
752 2249 44 21 av
814 2249 118 20 annan
950 2236 112 42 tjänst
1080 2237 37 31 åt
1135 2235 42 33 de
1195 2238 148 38 präster,
1361 2235 112 32 vilkas
1491 2234 151 41 tjänster

153 2293 66 33 blir
240 2292 183 41 indragna,
446 2292 63 32 bör
530 2291 91 33 lösas
643 2291 46 41 på
712 2289 127 34 sådant
862 2291 73 30 sätt
958 2293 55 28 att
1035 2288 100 32 dessa
1157 2290 136 38 präster
1315 2286 80 33 med
1419 2286 224 41 tillämpning

153 2358 45 21 av
219 2350 54 28 ett
294 2343 258 34 extraordinärt
575 2342 200 33 förfarande
798 2341 181 41 förflyttas
1002 2340 51 33 till
1077 2340 157 32 vakanta
1255 2338 163 41 tjänster.
1440 2338 136 33 Genom
1599 2350 42 21 en

153 2398 109 33 sådan
299 2396 197 42 anordning
531 2397 69 32 kan
637 2393 459 43 övergångssvårigheterna
1132 2391 9 33 i
1178 2391 231 33 förevarande
1444 2390 199 33 hänseende

153 2451 129 33 snabbt
310 2449 211 34 övervinnas
549 2448 65 33 och
643 2448 60 33 det
731 2445 244 43 regelmässiga
1003 2443 451 42 tillsättningsförfarandet
1482 2443 88 33 efter
1598 2454 42 21 en

154 2505 80 32 kort
251 2501 313 43 övergångsperiod
585 2502 75 32 åter
678 2500 101 33 träda
796 2499 9 33 i
824 2498 235 42 tillämpning.
