1906 2774
415 180 127 33 Första
559 178 254 42 lagutskottets
831 176 185 35 utlåtande
1036 189 40 21 nr
1092 176 29 33 B
1141 178 22 31 8
1181 175 39 33 år
1239 176 87 31 1958
1576 176 40 30 17

126 262 90 42 jedel
242 274 45 22 av
312 262 101 34 dessa
437 261 87 34 skall
549 260 168 34 tillsättas
740 271 46 22 av
810 258 242 42 domkapitlen
1075 261 88 29 utan
1187 256 58 33 val
1269 255 89 34 efter
1381 254 234 42 befordrings-

126 316 199 43 grunderna
352 315 170 42 förtjänst
550 313 65 35 och
644 312 218 43 skicklighet.
890 311 118 35 Skulle
1035 310 106 34 också
1167 309 122 42 övriga
1315 309 64 34 två
1406 308 211 42 tredjedelar

128 371 80 33 med
225 369 213 43 frångående
455 382 44 21 av
517 367 279 44 prästvalslagen
810 366 169 35 tillsättas
994 376 127 31 genom
1137 362 355 44 myndighetsbeslut,
1508 361 110 34 skulle

129 424 60 33 det
211 423 106 34 redan
339 423 11 33 i
371 423 53 34 sin
446 421 256 42 ofrånkomliga
723 419 244 42 utsträckning
987 423 96 30 stora
1103 418 183 42 ingreppet
1306 416 11 34 i
1337 415 280 43 menigheternas

129 481 73 31 rätt
219 482 55 30 att
290 477 96 42 välja
399 479 99 40 präst
513 475 47 35 bli
576 474 174 43 betydligt
765 474 96 34 ökat.
875 473 122 42 Enligt
1011 472 73 34 min
1099 471 142 42 mening
1254 470 55 34 får
1322 469 296 43 prästvalslagens

127 531 109 43 regler
257 543 59 22 om
336 530 214 42 tillsättning
570 542 45 21 av
635 528 235 43 kyrkoherde-
891 527 65 34 och
976 524 359 42 komministertjänst
1355 536 100 22 anses
1476 535 41 31 ge
1536 523 80 33 rim-

127 585 48 42 lig
190 584 164 34 säkerhet
369 583 54 34 för
440 587 55 30 att
512 583 43 33 de
571 585 137 40 präster
724 593 75 22 som
815 581 119 42 längre
950 579 53 34 tid
1018 580 47 42 på
1081 583 53 30 ett
1150 577 253 43 förtjänstfullt
1420 579 73 31 sätt
1508 588 109 30 uppe-

127 638 100 34 hållit
241 637 173 35 ordinarie
426 637 115 42 tjänst
554 636 88 34 efter
654 635 96 34 hand
763 635 183 33 förvärvar
959 633 109 34 sådan
1082 632 124 42 tjänst.

172 691 200 34 Anmärkas
387 691 58 33 må
460 691 11 33 i
487 691 100 33 detta
601 688 257 42 sammanhang
873 692 56 30 att
942 686 230 43 kungörelsen
1187 685 67 34 den
1267 688 42 29 22
1323 683 192 34 november
1529 686 88 30 1957

131 746 56 42 (nr
215 746 80 42 628)
326 757 59 22 om
411 742 396 45 tjänstetidsbefordran
833 745 38 30 är
897 740 185 42 tillämplig
1108 740 21 33 å
1155 737 371 44 pastoratsadjunkter
1552 736 64 34 och

129 798 314 44 kyrkoadjunkter.

178 908 18 33 I
217 911 42 30 38
280 907 65 33 och
365 909 42 31 39
431 905 37 39 $$
491 906 100 41 lagen
611 916 58 22 om
688 902 158 43 prästval
866 901 64 34 har
949 900 193 35 meddelats
1161 897 285 45 grundläggande
1465 897 154 34 bestäm-

130 960 124 34 melser
272 972 60 21 om
351 958 217 35 förfarandet
588 957 59 34 vid
666 955 213 43 tillsättning
897 967 126 30 genom
1040 952 238 43 förflyttning.
1291 951 122 42 Enligt
1431 954 42 30 38
1496 950 14 39 $
1532 949 87 35 skall

132 1014 133 42 Kungl.
283 1013 121 42 Maj:t,
422 1013 44 33 då
485 1012 98 42 fråga
601 1011 233 42 uppkommer
852 1013 54 29 att
923 1008 149 34 tillsätta
1087 1007 114 42 tjänst
1223 1007 5 33 i
1246 1006 113 34 denna
1377 1005 159 42 ordning,
1552 1004 69 33 för-

132 1068 111 35 ordna
259 1073 54 29 att
328 1067 157 42 tjänsten
500 1066 29 42 ej
547 1065 87 34 skall
648 1063 273 43 ledigförklaras.
935 1062 18 33 I
966 1065 43 30 39
1026 1061 14 39 $
1058 1061 144 42 stadgas
1216 1064 55 30 att
1284 1058 236 43 domkapitlet
1534 1057 87 34 skall

133 1122 128 34 bereda
280 1121 216 43 kyrkorådet
516 1120 11 33 i
546 1131 109 22 envar
674 1117 203 42 församling
896 1117 95 33 inom
1010 1119 199 39 pastoratet
1227 1113 135 34 tillfälle
1381 1117 55 30 att
1455 1117 98 37 yttra
1571 1112 51 41 sig

132 1175 180 44 angående
331 1178 109 39 präst,
460 1186 59 21 om
538 1185 80 21 vars
637 1171 227 43 förflyttning
882 1174 38 30 är
938 1169 110 42 fråga,
1067 1173 93 29 samt
1179 1167 53 34 till
1250 1166 133 43 Kungl.
1402 1165 111 42 Maj:t
1532 1176 88 31 avge

132 1235 79 38 eget
224 1229 168 43 yttrande
405 1228 11 34 i
431 1228 155 34 ärendet.

176 1283 74 34 Det
270 1282 186 42 samtidiga
475 1279 250 43 förflyttandet
745 1291 45 21 av
809 1283 53 29 ett
880 1282 91 29 stort
990 1276 96 34 antal
1106 1279 137 38 präster
1261 1275 52 34 till
1333 1274 110 33 andra
1460 1277 159 38 pastorat

132 1337 65 34 och
218 1336 145 34 därmed
382 1335 52 34 till
455 1347 71 30 nya
546 1332 412 35 verksamhetsområden
977 1334 38 30 är
1033 1342 43 22 en
1095 1329 192 43 grannlaga
1305 1327 152 43 uppgift.
1475 1326 68 43 Jag
1560 1325 60 34 vill

134 1390 236 42 understryka
388 1389 69 33 vad
476 1386 391 44 prästvalskommittén
885 1384 118 34 anfört
1020 1395 58 22 om
1095 1383 68 34 den
1181 1381 155 34 centrala
1353 1381 62 33 roll
1433 1392 75 23 som
1526 1381 96 32 dom-

135 1443 158 43 kapitlen
319 1443 65 33 och
410 1442 213 41 biskoparna
646 1440 64 33 bör
735 1439 95 42 spela
854 1438 59 33 vid
937 1436 215 35 beredandet
1177 1448 45 21 av
1247 1435 100 33 dessa
1370 1434 163 34 ärenden.
1557 1433 65 33 Ett

133 1497 146 43 lyckligt
302 1496 101 34 utfall
427 1508 46 21 av
496 1495 67 33 den
587 1493 225 41 nödvändiga
834 1491 280 42 omplaceringen
1138 1502 45 21 av
1206 1489 129 41 många
1357 1491 147 39 präster,
1527 1487 95 33 äldre

135 1551 66 33 och
225 1562 119 31 yngre,
367 1549 160 33 kommer
550 1548 10 32 i
584 1547 69 42 hög
676 1546 85 43 grad
786 1550 54 29 att
864 1546 82 33 bero
970 1557 45 21 av
1039 1542 325 43 stiftsstyrelsernas
1386 1541 159 41 förmåga
1569 1544 54 29 att

136 1605 126 33 föreslå
281 1603 176 42 lösningar
476 1614 75 21 som
570 1601 9 33 i
599 1607 81 28 vart
697 1600 62 34 fall
778 1598 88 35 efter
884 1598 95 34 hand
997 1597 124 34 vinner
1139 1597 43 33 de
1201 1596 147 33 berörda
1366 1594 258 42 församlingar-

133 1670 64 22 nas
218 1657 66 34 och
305 1659 201 40 prästernas
527 1654 193 33 förståelse.
740 1653 67 42 Jag
828 1652 113 33 finner
962 1651 75 33 icke
1058 1648 222 43 nödvändigt
1302 1653 55 29 att
1377 1648 64 33 här
1462 1650 160 31 närmare

134 1710 167 34 utveckla
320 1709 42 33 de
381 1709 139 41 hänsyn
540 1719 44 21 av
603 1706 94 34 olika
717 1706 73 41 slag
809 1717 75 21 som
903 1705 113 33 måste
1034 1703 92 42 ligga
1144 1702 54 33 till
1218 1700 112 43 grund
1350 1700 54 34 för
1423 1699 200 42 domkapit-

134 1764 74 33 lens
232 1763 129 41 förslag
385 1761 65 34 och
474 1760 132 42 Kungl.
630 1759 129 42 Maj:ts
783 1758 127 34 beslut.
934 1757 18 33 I
977 1756 189 41 anledning
1190 1767 45 21 av
1259 1754 70 33 vad
1354 1753 236 42 domkapitlet
1613 1752 11 33 i

134 1816 104 33 Lund
261 1815 117 33 anfört
399 1827 58 20 om
478 1817 173 39 pastorat,
672 1812 76 33 vari
769 1810 89 34 efter
879 1810 173 33 reformen
1073 1808 127 34 endast
1222 1807 87 34 skall
1332 1806 115 34 finnas
1469 1818 43 21 en
1533 1805 90 34 ordi-

135 1868 96 34 narie
256 1866 225 44 prästtjänst,
507 1865 59 33 vill
592 1865 60 42 jag
677 1865 91 33 dock
793 1863 186 33 framhålla
1005 1867 55 28 att
1085 1860 251 43 lämpligheten
1362 1871 46 21 av
1434 1864 55 28 att
1514 1858 110 34 sådan

136 1921 114 42 tjänst
266 1920 164 33 tillsättes
447 1930 125 31 genom
589 1916 228 43 förflyttning
832 1915 53 34 får
902 1915 167 33 bedömas
1086 1913 78 33 från
1181 1912 60 33 fall
1258 1912 52 33 till
1326 1911 73 34 fall.
1414 1911 121 41 Enligt
1551 1910 73 33 min

136 1973 142 42 mening
294 1973 62 33 bör
371 1984 82 21 man
471 1971 74 33 icke
562 1970 53 33 för
631 1970 101 33 dessa
748 1969 60 33 fall
824 1968 179 42 uppställa
1019 1970 148 30 snävare
1183 1964 173 42 riktlinjer
1373 1967 44 30 än
1434 1963 53 33 för
1503 1963 122 33 andra.

181 2026 121 41 Några
320 2024 320 43 lagbestämmelser
657 2023 145 34 rörande
820 2022 112 41 själva
949 2020 219 33 förfarandet
1185 2019 59 33 vid
1261 2016 363 44 tjänstetillsättning-

139 2092 38 21 ar
199 2080 9 32 i
230 2079 171 34 samband
423 2078 79 33 med
523 2076 369 42 indelningsreformen
913 2078 124 30 utöver
1058 2075 80 32 dem
1158 2085 77 21 som
1254 2072 106 33 redan
1381 2071 94 33 finns
1495 2071 9 33 i
1526 2071 99 41 lagen

137 2145 58 21 om
213 2133 156 42 prästval
387 2143 102 30 synes
507 2131 74 33 icke
597 2129 233 42 erforderliga.
847 2129 73 32 Det
934 2128 99 33 torde
1049 2127 36 33 få
1101 2127 192 33 ankomma
1306 2126 47 40 på
1368 2124 131 42 Kungl.
1515 2123 111 42 Maj:t

138 2191 55 29 att
210 2189 175 38 överväga
402 2197 57 21 om
477 2188 160 29 närmare
654 2183 226 41 anvisningar
895 2181 53 34 för
964 2180 193 34 ärendenas
1173 2178 260 42 handläggning
1448 2177 64 33 hos
1527 2177 98 33 dom-

136 2239 157 42 kapitlen
315 2239 61 32 bör
397 2237 186 34 meddelas.

185 2292 66 32 Om
269 2291 152 33 behovet
437 2290 64 32 och
518 2289 250 41 lämpligheten
786 2300 44 20 av
847 2292 55 28 att
918 2289 97 39 präst
1032 2286 54 32 får
1098 2284 183 42 möjlighet
1295 2288 55 28 att
1362 2283 9 33 i
1385 2282 242 34 orienterande

139 2344 91 41 syfte
257 2344 158 40 företaga
440 2342 212 41 tjänsteresa
677 2341 53 33 till
758 2346 110 28 annat
894 2343 172 38 pastorat,
1093 2338 51 33 till
1172 2337 110 33 vilket
1308 2336 68 33 han
1405 2335 221 42 ifrågasättes

139 2397 98 33 skola
264 2396 46 33 bli
337 2395 199 42 förflyttad,
562 2394 63 34 har
651 2394 182 33 framträtt
860 2392 122 33 delade
1007 2391 182 41 meningar
1214 2390 105 32 bland
1346 2388 281 41 remissmyndig-

141 2451 155 32 heterna.
313 2450 68 33 För
396 2461 85 29 egen
497 2449 51 33 del
567 2460 101 21 anser
681 2448 60 41 jag
757 2448 54 32 väl
829 2451 55 28 att
899 2445 233 41 beredningen
1149 2457 43 20 av
1210 2442 420 42 förflyttningsärendena

142 2504 64 32 och
227 2503 117 33 dessas
365 2502 149 42 lyckliga
535 2501 134 41 lösning
688 2503 8 32 i
718 2500 92 33 vissa
829 2500 58 33 fall
909 2499 109 33 skulle
1037 2498 122 33 kunna
1178 2496 144 41 främjas
1342 2507 124 30 genom
1487 2500 55 29 att
1564 2494 64 34 till-

138 2565 16 25 2
175 2581 31 1 —
227 2565 97 29 Bihang
346 2565 36 22 till
403 2564 146 29 riksdagens
568 2563 130 30 protokoll
719 2564 119 22 1958..9
857 2561 70 24 saml.
967 2563 8 21 1
997 2560 58 24 avd.
1077 2560 37 23 Nr
1134 2560 20 23 B
1174 2562 14 19 8
