1886 2794
507 171 125 29 Första
652 170 248 40 lagutskottets
920 171 182 30 utlåtande
1121 181 45 20 nr
1186 172 28 30 1.
1603 174 18 30 3

149 254 118 30 Under
290 254 39 30 år
354 254 81 30 1951
460 255 75 34 har,
560 254 118 30 såsom
701 264 43 21 av
765 255 237 30 ovanstående
1030 256 220 39 redogörelse
1274 256 167 40 framgår,
1466 256 12 29 i
1502 256 19 30 9

104 304 155 31 ärenden
282 304 162 31 beslutits
466 305 222 30 anställande
710 315 42 21 av
773 305 81 34 åtal,
876 306 180 39 nämligen

147 372 45 39 på
210 372 114 39 grund
341 381 43 21 av
400 372 80 30 förd
497 373 130 39 klagan
644 372 11 30 i
681 396 834 8 s..s.ss--ossesssessssr
1106 368 102 48 sosse
1217 368 57 48 rss
1283 368 60 48 ess
1352 368 12 48 r
1376 368 33 48 ss
1418 368 99 48 essens
1591 373 19 30 6

146 432 44 21 av
208 432 120 21 annan
346 423 191 40 anledning
554 423 13 30 i
591 446 924 9 .....e.sssee-ssessessesctosrtereesk
1287 419 77 49 ers
1376 419 74 49 see
1461 419 57 49 oss
1591 424 20 31 3

1591 501 19 30 9

148 590 68 31 För
239 591 117 30 nedan
379 591 151 40 angivna
557 592 48 30 fel
629 592 83 30 eller
736 592 269 31 försummelser
1027 593 12 29 i
1064 593 160 39 tjänsten
1247 594 65 29 har
1336 593 203 31 förordnats
1564 602 58 21 om

102 640 72 31 åtal
193 643 90 28 mot:

151 690 34 35 1)
216 692 64 31 t.f.
296 692 248 31 komminister
560 693 56 30 för
631 695 131 38 vägran
777 695 51 28 att
843 693 152 31 förrätta
1009 694 109 39 vigsel
1134 704 43 21 av
1192 694 178 31 frånskild
1391 694 43 34 (s.
1452 695 40 30 51
1509 704 31 23 o.
1556 694 64 36 f.);

148 741 37 35 2)
216 743 351 39 egnahemsdirektör
583 744 56 30 för
656 744 207 30 kränkande
879 745 210 30 uttalanden
1107 754 57 21 om
1181 745 139 31 enskild
1338 754 129 32 person
1482 746 12 29 i
1509 745 113 40 tjäns-

104 792 205 31 teskrivelse
329 803 46 20 m.
397 803 46 21 m.
471 793 43 34 (s.
537 794 41 30 87
601 803 30 23 o.
652 794 64 36 £.);

148 842 36 34 3)
215 852 28 22 e.
263 852 30 22 o.
313 844 216 31 länsnotarie
549 845 57 30 för
625 845 247 30 försummelse
892 846 58 30 vid
974 846 215 30 utfärdande
1208 856 43 21 av
1270 856 82 31 pass
1377 846 44 35 (s.
1442 847 39 30 61
1505 856 30 21 o.
1556 847 63 35 f.);

147 893 37 34 4)
215 895 23 29 t.
261 894 24 32 f.
309 894 109 31 förste
438 895 306 40 byråsekreterare
767 896 56 30 för
844 896 148 40 felaktig
1012 897 198 40 beräkning
1229 907 44 21 av
1294 898 176 35 strafftid;

148 944 36 34 5)
214 946 24 28 t.
261 945 24 30 f.
307 945 289 40 häradshövding
618 946 55 30 för
695 947 147 39 felaktig
863 947 265 40 handläggning
1153 957 44 21 av
1217 948 129 30 ärende
1367 949 151 29 rörande
1542 948 81 31 vitt-

102 994 188 31 nesförhör
310 995 54 30 till
384 995 169 31 framtida
574 997 179 36 säkerhet;

148 1044 36 34 6)
216 1045 208 40 landsfogde
450 1047 56 30 för
530 1047 188 30 inledande
743 1049 88 29 utan
857 1048 77 31 skäl
960 1057 44 22 av
1027 1049 327 40 förundersökning
1379 1049 57 31 för
1461 1050 161 30 meneds-

101 1095 110 35 brott;
236 1098 93 28 samt

148 1150 36 34 7)
214 1150 111 30 förste
343 1151 307 39 byråsekreterare
670 1151 54 30 för
744 1150 147 39 felaktig
909 1151 196 29 resolution
1124 1151 151 30 rörande
1294 1151 266 40 verkställighet
1579 1161 43 21 av

103 1200 247 31 frihetsstraff.

147 1251 185 40 Därjämte
357 1252 65 30 har
448 1252 124 40 åtgärd
597 1252 55 30 för
676 1252 206 40 disciplinär
905 1252 240 40 bestraffning
1168 1252 57 30 för
1248 1252 184 40 tjänstefel
1455 1253 166 39 vidtagits

102 1304 88 28 mot:

148 1356 36 34 8)
215 1357 279 40 poliskonstapel
512 1358 57 29 för
586 1358 58 29 det
661 1358 71 29 han
750 1358 112 31 under
879 1358 172 39 utövning
1071 1367 43 21 av
1131 1357 55 31 sin
1203 1358 114 40 tjänst
1334 1358 91 31 varit
1442 1358 179 40 påverkad

103 1416 43 21 av
167 1407 240 40 spritdrycker
435 1408 43 33 (s.
502 1408 42 30 98
566 1417 31 21 o.
619 1407 63 36 f.);
707 1409 93 29 samt

147 1457 37 34 9)
214 1458 411 40 inspektionskonstapel
649 1459 55 29 för
727 1458 182 40 olämpligt
932 1459 247 39 uppträdande
1202 1461 75 28 mot
1302 1468 119 21 annan
1444 1459 178 40 polisman

108 1507 44 33 (s.
178 1507 63 31 104
262 1517 30 21 o.
315 1508 78 34 f.).>

147 1558 218 31 Berättelsen
389 1560 172 38 upptager
585 1559 119 30 vidare
730 1559 231 30 meddelande
985 1560 135 34 därom,
1144 1561 51 29 att
1220 1560 109 30 sedan
1353 1560 128 40 början
1505 1569 43 21 av
1571 1569 51 21 se-

102 1611 100 27 naste
224 1609 146 39 riksdag
389 1609 116 39 någon
526 1610 199 39 förklaring
746 1619 43 21 av
811 1610 64 39 lag,
903 1609 6 30 i
931 1610 68 30 den
1021 1610 153 40 ordning
1197 1610 16 37 8
1237 1610 42 31 20
1300 1610 321 40 regeringsformen

102 1659 224 35 bestämmer,
347 1660 77 29 icke
444 1660 100 30 blivit
567 1660 184 30 meddelad
773 1670 44 21 av
836 1661 127 39 Kungl.
985 1660 118 40 Maj:t.

147 1709 66 30 Vid
231 1709 213 31 berättelsen
462 1711 60 29 äro
541 1711 119 29 såsom
680 1710 133 40 bilagor
832 1711 126 39 fogade
977 1721 44 20 en
1039 1712 107 29 tabell
1163 1712 66 30 och
1247 1712 79 39 fyra
1343 1712 277 39 förteckningar.

102 1759 167 30 Tabellen
296 1769 100 21 avser
423 1770 43 20 av
494 1761 82 30 1951
607 1761 57 30 års
691 1761 144 40 riksdag
862 1762 142 30 avlåtna
1034 1762 190 31 skrivelser
1252 1772 46 20 m.
1325 1772 46 20 m.
1400 1763 11 29 i
1443 1772 179 20 nummer-

102 1810 91 39 följd
216 1811 108 38 enligt
346 1810 180 40 fjortonde
548 1812 197 39 samlingen
768 1821 42 21 av
833 1812 168 39 bihanget
1022 1812 54 30 till
1098 1813 208 39 riksdagens
1328 1813 187 40 protokoll.
1539 1814 83 29 För-

101 1859 251 38 teckningarna
376 1863 151 35 upptaga
551 1861 75 30 dels
650 1871 42 20 av
718 1862 76 29 1951
820 1862 57 29 års
903 1862 143 38 riksdag
1070 1862 54 30 till
1148 1863 194 37 Konungen
1366 1864 142 29 avlåtna
1533 1863 89 30 skri-

103 1910 111 30 velser
237 1910 112 39 jämte
372 1911 179 40 uppgifter
575 1921 58 20 om
658 1912 42 30 de
724 1912 171 39 åtgärder,
921 1922 76 21 som
1022 1913 113 30 under
1159 1914 39 30 år
1225 1913 82 30 1951
1333 1914 166 39 vidtagits
1525 1914 12 29 i
1561 1924 61 20 an-

104 1960 142 39 ledning
270 1970 43 21 av
338 1970 136 21 samma
500 1962 198 34 skrivelser,
726 1963 74 30 dels
827 1963 133 30 sådana
985 1962 11 30 i
1022 1964 237 38 nyssberörda
1284 1964 226 40 förteckning
1534 1973 87 31 upp-

102 2011 106 38 tagna
227 2011 164 34 ärenden,
411 2021 77 20 som
505 2012 58 30 vid
587 2012 175 40 utgången
781 2022 43 21 av
842 2013 39 29 år
902 2013 81 30 1951
1005 2014 96 29 ännu
1120 2023 85 21 voro
1224 2014 11 29 i
1254 2014 55 30 sin
1328 2014 118 32 helhet
1465 2015 84 30 eller
1567 2015 55 30 till

103 2060 115 39 någon
235 2061 56 29 del
308 2062 44 39 på
371 2061 124 38 Kungl.
512 2062 123 36 Maj:ts
651 2063 172 37 prövning
840 2063 182 35 beroende,
1039 2064 75 30 dels
1133 2065 164 34 ärenden,
1317 2074 75 20 som
1409 2065 64 30 hos
1493 2065 127 40 Kungl.

102 2111 106 39 Maj:t
228 2111 291 40 anhängiggjorts
539 2120 126 32 genom
684 2113 187 30 skrivelser
890 2114 82 30 från
991 2114 191 40 riksdagen
1202 2115 76 30 före
1297 2115 38 30 år
1358 2115 81 30 1951
1462 2125 82 20 men
1563 2116 58 30 vid

102 2170 137 21 samma
256 2162 57 29 års
330 2162 126 39 början
473 2172 85 20 voro
575 2163 10 29 i
606 2163 54 30 sin
677 2164 117 29 helhet
811 2164 82 29 eller
911 2164 52 30 till
981 2165 117 39 någon
1114 2165 56 30 del
1187 2165 201 39 oavgjorda,
1405 2166 112 39 jämte
1534 2175 88 31 upp-

103 2211 65 38 gift
193 2220 58 20 om
276 2212 68 29 den
368 2212 215 40 behandling
609 2214 102 29 dessa
735 2214 154 29 ärenden
914 2215 189 39 undergått
1129 2216 112 29 under
1268 2216 39 29 år
1334 2216 95 34 1951,
1455 2216 74 30 dels
1555 2216 66 30 ock

102 2261 162 33 ärenden,
289 2270 74 20 som
385 2261 64 30 hos
472 2262 125 37 Kungl.
622 2263 103 36 Maj:t
748 2263 286 38 anhängiggjorts
1057 2272 123 30 genom
1204 2265 187 30 skrivelser
1415 2265 79 30 från
1520 2265 102 37 justi-

103 2310 357 31 tieombudsmannen
477 2313 75 29 före
568 2313 68 29 den
654 2313 14 29 1
685 2313 143 39 januari
850 2314 81 29 1951
950 2314 66 30 och
1032 2315 75 29 vari
1123 2316 113 29 under
1252 2316 38 29 år
1308 2315 82 30 1951
1409 2316 123 39 åtgärd
1548 2317 73 29 vid-

103 2361 105 38 tagits
231 2361 84 30 eller
336 2361 94 30 vilka
451 2362 58 29 vid
531 2372 137 21 samma
691 2363 56 30 års
769 2364 70 29 slut
860 2365 96 29 ännu
978 2373 85 21 voro
1083 2365 46 40 på
1150 2365 127 39 Kungl.
1301 2365 124 39 Maj:ts
1448 2366 173 40 prövning

102 2410 173 30 beroende
297 2410 111 40 jämte
429 2412 198 30 kortfattad
650 2413 138 40 uppgift
809 2423 57 20 om
888 2415 197 30 ärendenas
1107 2415 224 40 behandling.

148 2466 65 30 Fill
232 2466 348 30 ämbetsberättelsen
598 2467 64 29 har
679 2466 163 39 slutligen
859 2467 115 38 fogats
990 2468 49 29 ett
1058 2466 222 40 sakregister,
1297 2467 220 31 omfattande
1536 2467 84 31 1943

102 2515 132 30 —1952
261 2516 57 29 års
345 2516 352 30 ämbetsberättelser.
