1884 2818
273 136 17 30 2
694 135 114 29 Första
825 135 220 34 lagutskottets
1061 136 165 29 utlåtande
1244 135 47 29 Nr
1318 135 49 30 42.

272 217 98 32 stånd
404 228 43 21 av
480 217 172 32 fordonets
676 222 112 36 ägare,
812 217 142 32 brukare
979 217 81 32 eller
1082 218 121 37 förare,
1230 217 147 32 medföra
1400 220 72 29 rätt
1495 220 50 29 att
1568 218 217 33 utbekomma

271 268 244 32 skadeståndet
548 278 43 21 av
617 267 369 43 försäkringsgivaren,
1011 268 71 32 dels
1106 268 71 38 ock,
1201 268 12 31 i
1237 268 62 31 den
1323 269 78 31 mån
1425 268 358 43 försäkringsgivaren

271 318 29 42 ej
336 318 93 42 gjort
462 320 104 30 annat
599 318 176 38 förbehåll,
809 318 52 32 för
888 319 356 41 försäkringstagaren
1267 319 93 41 gälla
1383 322 69 29 mot
1475 312 62 38 den
1561 319 224 41 ansvarighet

271 369 52 31 för
345 369 116 38 skada,
486 379 69 21 som
579 369 67 31 kan
670 368 53 32 för
747 368 119 32 honom
889 369 204 41 uppkomma
1115 369 13 31 i
1150 368 87 42 följd
1261 380 42 20 av
1327 369 106 31 sådan
1455 369 114 32 trafik.

313 418 91 32 Utan
437 419 143 32 särskilt
603 419 172 41 åtagande
800 424 38 26 är
860 418 83 32 dock
965 418 360 42 försäkringsgivaren
1350 419 75 32 icke
1448 420 162 41 ansvarig
1634 421 12 30 i
1669 420 114 31 anled-

271 469 85 42 ning
389 480 42 21 av
465 469 107 32 skada
606 470 19 30 å
647 469 157 32 fordonet
826 469 82 32 eller
931 470 19 31 å
973 470 172 41 egendom,
1169 480 72 21 som
1265 469 74 32 med
1362 469 156 33 fordonet
1541 469 188 40 befordras,
1753 470 27 42 ej

271 519 106 32 heller
409 520 12 31 i
456 519 187 42 anledning
676 530 43 21 av
753 519 107 32 skada
890 521 19 30 å
943 530 128 32 person,
1096 530 70 21 som
1189 520 116 31 färdas
1328 520 11 31 i
1363 520 166 39 fordonet,
1553 520 75 32 med
1651 520 132 32 mindre

271 570 355 42 försäkringstagaren
652 575 38 27 är
713 571 52 30 för
788 570 129 31 skadan
942 571 174 41 ansvarig.

990 648 71 38 48.

313 705 320 43 Försäkringsplikt
667 706 133 41 åligger
833 705 72 32 icke
940 705 142 32 medlem
1116 716 42 21 av
1182 704 269 42 konungahuset,
1475 705 29 42 ej
1529 705 106 32 heller
1658 709 123 35 staten,

271 758 171 36 kommun,
471 756 210 33 främmande
701 756 294 38 statsöverhuvud,
1012 756 141 32 medlem
1171 766 43 21 av
1230 756 210 31 främmande
1455 756 184 41 regerande
1656 756 126 32 furste-

271 808 64 31 hus
368 808 93 38 eller,
496 807 109 42 enligt
640 807 64 32 vad
739 806 189 42 Konungen
962 807 107 31 under
1099 806 126 32 villkor
1247 817 44 21 av
1313 806 241 42 ömsesidighet
1576 806 115 32 därom
1715 807 67 31 för-

271 859 133 38 ordnar,
427 858 193 42 utlänning,
644 869 70 20 som
738 857 122 32 tillhör
882 857 208 32 främmande
1113 859 90 30 stats
1226 857 212 32 härvarande
1461 857 223 42 beskickning
1701 856 82 33 eller

272 905 169 50 konsulat.
1522 912 3 3 |

315 959 74 32 Har
422 959 104 32 sådan
561 963 101 37 ägare
696 969 43 21 av
770 958 232 39 motorfordon
1024 957 75 32 icke
1121 958 91 41 tagit
1234 957 300 42 trafikförsäkring
1556 957 59 32 och
1638 958 145 42 uppstår

272 1011 12 30 i
307 1010 86 42 följd
417 1020 43 21 av
482 1009 106 32 trafik
611 1009 74 31 med
708 1008 152 32 fordonet
883 1008 115 38 skada,
1022 1008 52 31 för
1096 1008 115 31 vilken
1235 1012 123 37 ägaren
1382 1007 98 43 eljest
1502 1008 74 31 icke
1597 1008 111 41 enligt
1724 1008 59 42 lag

273 1066 37 26 är
343 1060 172 41 ansvarig,
550 1064 37 27 är
621 1064 125 37 ägaren
779 1058 130 43 pliktig
942 1061 53 29 att
1028 1058 58 32 till
1113 1058 73 37 dén,
1211 1069 69 20 som
1303 1057 82 32 lidit
1409 1058 139 38 skadan,
1572 1059 122 40 utgiva
1716 1058 66 32 vad

272 1111 105 32 denne
400 1113 61 39 ägt
486 1111 72 31 utfå
581 1121 42 21 av
646 1109 367 42 försäkringsgivaren,
1037 1120 51 20 om
1113 1107 301 43 trafikförsäkring
1438 1108 141 32 funnits.

991 1186 18 30 5
1034 1186 28 37 8.

314 1246 313 41 Trafikförsäkring
650 1246 64 37 må,
739 1244 145 32 förutom
908 1255 42 21 av
973 1243 141 38 anstalt,
1139 1254 69 20 som
1231 1243 162 31 inrättats
1414 1253 43 21 av
1473 1245 120 37 staten,
1611 1243 170 32 meddelas

271 1298 120 32 endast
414 1308 41 21 av
478 1295 355 43 försäkringsanstalt,
857 1306 69 20 som
951 1294 118 32 därtill
1093 1293 142 32 erhållit
1259 1293 209 41 Konungens
1491 1292 174 33 tillstånd.

312 1346 370 43 Försäkringsanstalt,
706 1357 70 20 som
799 1344 138 33 erhållit
960 1344 122 32 sådant
1103 1344 169 38 tillstånd,
1298 1349 36 26 är
1356 1343 129 43 pliktig
1507 1346 52 29 att
1574 1345 43 41 på
1633 1345 148 41 begäran

271 1399 154 32 meddela
447 1398 312 40 trafikförsäkring.

312 1450 190 41 Angående
536 1448 174 32 meddelad
744 1446 195 41 försäkring
965 1445 90 32 skall
1079 1444 156 32 utfärdas
1258 1445 93 31 bevis
1375 1444 110 42 enligt
1507 1444 174 39 formulär,
1710 1456 70 21 som

271 1501 193 41 Konungen
487 1498 201 33 fastställer.

313 1550 237 38 Motorfordon,
586 1550 82 31 varå
701 1548 194 41 försäkring
923 1552 37 26 är
983 1546 158 43 gällande
1165 1545 60 32 hos
1248 1545 163 32 utländsk
1434 1545 347 42 försäkringsgivare,

270 1603 55 30 må
358 1605 82 28 utan
473 1599 300 41 trafikförsäkring
806 1598 125 32 brukas
961 1598 12 31 i
996 1596 160 42 tillfällig
1178 1595 103 33 trafik
1303 1595 63 32 här
1388 1595 11 32 i
1423 1596 101 38 riket,
1548 1596 145 32 såframt
1715 1596 65 31 för-

269 1651 301 43 säkringsanstalt,
605 1660 68 22 som
698 1655 80 36 äger
800 1647 153 33 meddela
976 1647 311 40 trafikförsäkring,
1310 1649 12 28 i
1345 1646 332 32 överensstämmelse
1706 1647 75 31 med

270 1704 39 31 de
347 1702 216 32 föreskrifter
600 1701 192 41 Konungen
826 1698 170 32 meddelar
1027 1697 175 32 förbundit
1235 1698 55 40 sig
1323 1700 52 28 att
1410 1699 90 29 emot
1533 1708 38 20 en
1606 1707 71 28 var,
1710 1708 69 21 som

269 1756 12 29 i
315 1752 83 43 följd
425 1764 42 20 av
490 1751 150 32 trafiken
664 1755 38 27 är
724 1749 191 41 berättigad
939 1749 57 30 till
1020 1748 216 37 skadestånd,
1261 1757 144 22 ansvara
1428 1747 109 31 såsom
1560 1757 77 21 vore
1660 1746 120 32 trafik-

270 1802 197 42 försäkring
490 1800 185 34 meddelad.

993 1852 18 29 6
1034 1852 29 37 8.

311 1915 72 31 Har
406 1912 162 33 tillstånd
591 1913 52 31 för
667 1909 343 42 försäkringsanstalt
1033 1910 53 30 att
1109 1908 154 31 meddela
1285 1906 305 42 trafikförsäkring
1612 1904 106 34 blivit
1737 1918 43 20 av

268 1965 192 42 Konungen
494 1962 196 42 återkallat,
723 1967 38 26 är
783 1972 40 20 en
846 1971 71 27 var,
942 1971 70 21 som
1036 1959 60 31 hos
1119 1958 64 32 den
1206 1957 131 33 anstalt
1359 1958 95 40 tagit
1476 1956 304 43 trafikförsäkring

269 2017 20 30 å
322 2014 226 33 motorfordon
575 2013 59 32 och
657 2011 212 33 fortfarande
888 2010 140 43 jämlikt
1053 2011 16 30 1
1093 2012 19 37 &
1135 2009 63 31 har
1221 2010 54 29 att
1298 2008 94 31 hålla
1414 2008 106 31 sådan
1543 2007 196 42 försäkring
1762 2008 19 30 å

267 2065 157 33 fordonet
457 2065 59 32 vid
550 2064 105 37 makt,
687 2062 130 43 pliktig
839 2064 52 29 att
914 2062 89 30 inom
1026 2060 122 31 trettio
1172 2059 107 41 dagar
1302 2058 86 32 efter
1412 2058 58 31 det
1493 2057 210 42 Konungens
1726 2058 53 31 be-

269 2117 69 31 slut
360 2115 205 42 kungjordes
589 2115 12 30 i
624 2114 174 31 allmänna
819 2111 224 42 tidningarna
1065 2112 83 39 taga
1172 2121 46 30 ny
1242 2107 303 42 trafikförsäkring
1568 2109 19 30 å
1610 2108 169 31 fordonet.

311 2164 363 42 Försäkringsavtalet
696 2163 125 32 mellan
844 2162 121 32 honom
988 2160 60 33 och
1073 2161 62 31 den
1152 2158 357 42 försäkringsanstalt,
1526 2168 78 21 vars
1620 2158 159 31 tillstånd

268 2217 212 37 återkallats,
515 2216 98 38 skall,
649 2214 88 32 ändå
764 2216 52 29 att
838 2213 55 31 det
916 2211 99 43 eljest
1038 2211 111 31 skolat
1172 2210 145 31 fortfara
1341 2211 51 29 att
1415 2208 102 41 gälla,
1541 2208 154 42 upphöra
1718 2212 62 27 när

268 2280 46 31 ny
338 2266 348 42 försäkringsgivares
711 2263 219 41 ansvarighet
953 2263 133 30 inträtt.

991 2339 69 38 78.

308 2402 397 42 Försäkringsgivarens
729 2397 220 43 ansvarighet
964 2396 92 33 skall
1072 2397 52 31 för
1140 2395 96 43 varje
1252 2394 169 38 händelse,
1439 2405 66 21 som
1525 2394 129 32 medför
1670 2393 108 32 skada

268 2455 101 32 täcka
391 2452 207 34 skadestånd
622 2462 51 21 om
697 2449 146 42 tillhopa
866 2450 107 30 sextio
995 2449 99 29 tusen
1119 2446 123 31 kronor
1264 2445 12 31 i
1293 2444 183 41 anledning
1492 2455 41 21 av
1548 2444 230 42 personskada
