2226 2620
712 152 263 34 Statsutskottets
996 151 167 32 memorial
1184 152 53 31 Nr
1259 154 48 29 13.
1763 155 15 28 1

943 527 58 40 Nr
1031 526 61 42 13.

665 678 118 31 Ankom
805 680 43 28 till
871 680 174 38 riksdagens
1069 680 95 29 kansli
1187 680 58 28 den
1270 681 37 28 16
1327 679 66 39 juni
1418 681 80 28 1914
1522 680 37 29 kl.
1586 682 17 26 2
1629 689 25 20 e.
1679 690 37 19 m.

408 824 198 48 Memorial,
634 825 13 34 i
673 823 189 45 anledning
885 835 42 24 av
955 824 208 35 kamrarnas
1189 824 199 45 skiljaktiga
1417 824 107 35 beslut
1550 825 12 34 i
1580 826 92 33 vissa
1687 824 128 45 frågor

611 883 150 34 rörande
784 882 123 45 anslag
934 883 111 35 under
1070 883 203 34 riksstatens
1296 883 168 34 åttonde
1487 883 202 35 huvudtitel.

1520 1029 75 47 (2:a
1623 1029 96 47 avd.)

311 1181 308 47 Statsutskottet,
661 1194 83 24 som
792 1180 153 38 erhållit
985 1180 62 37 del
1081 1193 47 24 av
1161 1180 225 36 kamrarnas
1414 1179 129 37 beslut
1571 1178 10 37 i
1613 1179 210 49 anledning

208 1245 48 24 av
295 1232 211 37 utskottets
529 1231 200 38 utlåtande
757 1245 45 23 nr
830 1233 21 35 8
881 1231 201 49 angående
1106 1230 247 49 regleringen
1382 1243 46 23 av
1456 1230 214 48 utgifterna
1698 1230 123 36 under

207 1283 229 37 riksstatens
466 1282 157 38 åttonde
651 1281 230 47 huvudtitel,
911 1282 59 37 får
996 1282 69 37 här
1093 1282 127 37 nedan
1248 1280 214 37 framställa
1485 1280 48 37 de
1561 1280 159 49 förslag,
1736 1294 85 23 var-

206 1333 58 36 till
293 1346 148 24 samma
469 1333 129 37 beslut
625 1332 199 37 befunnits
852 1331 211 38 föranleda.

979 1481 85 48 1:0).

308 1585 17 36 I
347 1586 159 44 punkten
544 1587 51 33 28
634 1583 124 37 under
787 1582 155 38 åttonde
970 1582 246 37 huvudtiteln
1240 1595 47 24 av
1314 1580 505 50 statsverkspropositionen

207 1635 99 37 hade
349 1634 142 49 Kungl.
534 1633 107 49 Maj:t
673 1633 203 49 föreslagit
903 1633 211 49 riksdagen
1143 1638 56 31 att
1225 1632 58 37 till
1311 1631 242 38 anställande
1580 1631 123 36 under
1730 1635 90 33 åren

209 1686 248 36 1915—1917
488 1698 47 23 av
562 1690 58 31 tre
646 1684 413 49 kontraktsadjunkter
1087 1683 103 37 inom
1218 1683 257 37 Norrbottens
1499 1695 114 23 norra
1641 1682 181 36 kontrakt

207 1742 101 31 samt
345 1734 246 50 Juckasjärvi
629 1735 72 37 och
739 1734 253 38 Karesuando
1021 1733 274 49 församlingar
1323 1746 47 24 av
1398 1732 273 50 lappmarkens
1698 1732 123 48 tredje

206 1786 185 38 kontrakt
429 1785 142 49 bevilja
612 1787 135 46 18,000
768 1785 172 47 kronor,
982 1785 120 37 därav
1143 1785 111 46 6,000
1277 1784 142 37 kronor
1445 1787 50 46 på
1523 1788 108 32 extra
1659 1788 74 31 stat
1761 1783 59 37 för

208 1840 41 34 år
279 1838 112 44 1915;

309 1891 56 33 att
403 1886 57 36 till
501 1885 498 49 resekostnadsersättning
1042 1888 37 34 åt
1119 1885 114 37 dessa
1261 1884 393 48 kontraksadjunkter
1681 1883 140 49 bevilja

208 1938 113 45 2,400
349 1937 154 46 kronor,
531 1936 120 37 därav
680 1937 72 35 800
776 1936 142 37 kronor
945 1939 49 46 på
1022 1941 110 31 extra
1159 1940 78 32 stat
1261 1935 60 36 för
1348 1938 40 33 år
1418 1936 114 43 1915;
1562 1939 100 31 samt

310 1992 56 32 att
406 1986 58 37 till
500 1992 57 31 tre
598 1985 211 50 stipendier
850 1986 60 36 för
944 1985 227 37 utbildande
1212 1985 63 36 vid
1316 1984 226 37 universitet
1581 1997 48 23 av
1656 1989 162 44 präster,

207 2037 201 49 förtrogna
436 2037 87 36 med
559 2036 125 37 finska
712 2036 168 49 språket,
910 2035 141 49 bevilja
1079 2037 111 45 6,750
1218 2036 152 44 kronor,
1399 2035 119 37 därav
1545 2036 112 45 2,250
1681 2034 140 37 kronor

206 2090 50 46 på
284 2093 109 31 extra
420 2092 78 32 stat
521 2087 59 36 för
609 2090 40 33 år
679 2088 110 45 1915,

310 2137 87 37 med
438 2142 77 32 rätt
550 2137 61 37 för
646 2136 144 50 Kungl.
819 2136 108 49 Maj:t
955 2141 55 32 att
1034 2135 176 37 meddela
1238 2134 48 37 de
1313 2139 177 32 närmare
1518 2133 304 48 bestämmelser,

208 2201 82 24 som
320 2191 61 34 må
408 2187 196 38 erfordras
628 2187 165 37 rörande
823 2186 207 50 anslagens
1059 2185 267 38 användande.

292 2245 134 41 Bihang
449 2245 53 32 till
524 2255 114 22 senare
660 2244 195 41 riksdagens
871 2243 163 41 protokoll
1057 2245 92 30 1914.
1194 2245 20 29 6
1236 2242 91 32 saml.
1374 2244 39 30 11
1437 2241 84 41 häft.
1571 2241 68 41 (Nr
1661 2240 67 40 13)
