2312 2692
567 95 36 29 12
1008 90 83 42 Lag-
1101 85 180 52 Utskottets
1296 89 169 34 Utlåtande
1487 89 60 32 N:o
1576 91 48 30 74.

657 174 16 31 I
701 172 92 41 fråga
822 172 71 32 åter
920 182 51 22 om
1001 172 63 32 den
1094 172 56 35 tid,
1179 181 39 22 en
1248 171 84 32 hvar
1362 170 34 32 af
1421 170 39 33 de
1480 170 136 33 valbare
1645 169 53 32 må
1728 179 78 22 vara
1836 169 130 42 skyldig
1986 174 49 28 att
2055 170 62 32 för-

525 229 87 30 rätta
640 226 155 41 tjensten,
824 225 61 31 har
911 225 52 31 väl
1004 224 72 32 icke
1106 223 108 41 någon
1258 223 143 40 ändring
1428 223 10 32 i
1466 223 156 41 gällande
1663 222 232 32 bestämmelse
1935 233 44 22 nu
2009 222 108 32 blifvit

525 278 196 40 föreslagen,
750 277 59 32 och
840 276 109 32 såsom
979 277 87 39 regel
1086 276 94 32 torde
1209 275 129 32 derföre
1367 276 79 31 böra
1480 274 197 40 bibehållas,
1716 277 47 28 att
1792 275 224 32 nämndeman
2046 274 71 32 icke

525 330 66 32 förr
619 334 41 27 än
690 329 82 32 efter
799 328 55 32 två
883 328 53 32 års
965 328 220 40 tjenstgöring
1213 326 53 32 må
1296 327 116 40 afsäga
1442 327 48 40 sig
1518 326 245 40 befattningen;
1793 336 74 21 men
1897 330 81 29 enär
2008 330 111 28 nämn-

526 382 285 40 demanstjensten
844 381 26 40 ej
901 381 59 31 bör
986 380 195 32 förblandas
1211 380 74 31 med
1314 380 89 31 vissa
1446 379 105 32 andra
1583 379 169 31 allmänna
1783 377 236 41 skyldigheter,
2049 387 69 23 som

527 437 134 37 utgöras
687 433 115 40 turvis,
830 432 59 32 och
919 432 49 31 till
996 432 78 40 följd
1103 431 35 32 af
1164 432 62 31 den
1257 431 195 40 förändring
1480 431 7 31 i
1519 430 156 32 afseende
1704 429 41 40 på
1774 430 185 40 valbarhet,
1988 431 134 32 Utskot-

526 489 47 29 tet
599 485 179 40 föreslagit,
807 484 55 32 det
890 493 97 32 synes
1017 484 176 39 angeläget
1232 486 47 28 att
1310 482 34 32 åt
1371 483 198 31 valfriheten
1599 482 111 32 lemna
1740 484 103 29 större
1873 486 174 37 utrymme,
2077 485 41 29 än

528 549 61 27 om,
618 537 109 33 såsom
759 547 43 21 nu
832 540 36 28 är
895 536 102 40 fallet,
1026 536 184 39 ordningen
1242 535 107 31 skulle
1379 534 39 41 gå
1451 535 70 31 hela
1552 535 144 31 socknen
1728 534 141 39 igenom,
1903 535 103 31 innan
2037 544 83 21 sam-

528 600 52 22 ma
609 599 118 31 person
758 589 112 32 kunde
900 588 71 32 åter
998 588 116 40 väljas,
1143 588 61 31 har
1232 587 171 32 Utskottet
1422 591 80 27 trott
1531 587 48 38 sig
1607 586 79 32 böra
1712 585 129 35 föreslå,
1871 590 48 28 att
1947 587 74 32 den,
2050 596 70 21 som

528 653 40 21 ur
596 642 167 32 nämnden
794 640 115 41 afgått,
938 639 53 32 må
1018 641 117 30 kunna
1177 638 82 32 efter
1291 648 55 22 sex
1375 638 54 31 års
1458 638 129 40 förlopp
1617 637 84 40 ånyo
1735 638 152 39 inväljas,
1916 638 208 40 öfvertygadt

529 705 68 22 som
626 694 172 32 Utskottet
825 697 46 30 är,
900 695 48 29 att
974 691 99 41 ingen
1104 692 8 30 i
1143 701 37 21 en
1211 690 150 32 landsort
1397 691 112 31 bosatt
1536 700 74 21 man
1658 689 83 31 skall
1772 689 91 31 finna
1891 691 55 31 det
1974 690 147 31 särdeles

527 745 213 39 betungande
770 748 58 36 att,
857 753 52 21 om
939 743 65 30 han
1034 743 35 30 af
1096 742 235 38 medborgares
1360 741 188 31 förtroende
1577 741 123 30 dertill:
1718 741 117 35 kallas,
1864 741 82 31 efter
1978 741 34 31 så
2041 740 80 39 lång

528 798 64 32 tids
620 796 129 40 förlopp
778 795 71 32 åter
876 793 112 34 ikläda
1010 794 48 39 sig
1078 792 238 41 befattningen.

680 849 64 31 Det
771 848 175 37 undantag
986 845 206 32 beträffande
1232 844 174 32 valbarhet
1432 845 48 30 till
1524 844 235 38 nämndeman,
1797 853 67 21 som
1895 844 7 30 i
1934 844 188 39 Lag-komi-

530 902 91 32 téens
645 900 124 40 förslag
797 900 49 31 till
866 896 286 41 Rättegångsbalk
1180 895 98 32 fanns
1306 896 137 39 intaget,
1474 895 163 40 nemligen
1661 894 48 32 för
1738 905 168 29 personer,
1937 895 112 31 hvilka
2074 895 46 31 in-

530 952 142 34 nehafva
700 951 206 40 Konungens
936 949 80 32 eller
1044 948 114 32 Rikets
1188 948 111 40 tjenst,
1327 948 60 31 och
1418 947 129 31 hvilket
1575 947 61 31 har
1664 947 49 30 sin
1750 946 183 40 anledning
1962 947 81 34 deri,
2073 950 49 28 att

531 1004 195 33 utöfvandet
754 1003 36 31 af
814 1003 62 32 den
906 1001 87 32 förra
1032 1000 229 39 befattningen
1299 999 111 31 kunde
1454 998 81 32 råka
1565 999 7 30 i
1603 998 152 31 kollision
1787 998 73 31 med
1892 998 96 31 deras
2017 998 102 40 öfriga

530 1054 336 44 tjensteåligganden,
907 1053 61 32 har
995 1052 172 32 Utskottet
1206 1052 67 31 lika
1304 1051 73 31 med
1417 1051 206 31 motionären
1666 1054 111 27 ansett
1812 1050 78 31 böra
1920 1049 202 40 fastställas;

530 1109 244 34 hemställande
802 1107 180 34 Utskottet,
1011 1104 74 31 med
1114 1104 72 31 stöd
1216 1102 34 33 af
1275 1103 85 31 hvad
1392 1112 43 21 nu
1465 1102 134 31 anfördt
1626 1101 121 32 blifvit.

929 1159 49 29 att
1004 1155 203 40 Riksdagen,
1237 1154 71 32 med
1340 1153 106 40 afslag
1475 1153 18 32 å
1522 1153 87 32 Herr
1636 1153 193 40 Brunbergs
1858 1154 10 30 i
1903 1152 220 33 förevarande

933 1212 96 27 ämne
1057 1206 210 31 framställda
1296 1205 133 39 förslag,
1457 1205 76 31 ville
1554 1204 41 40 på
1624 1205 55 31 det
1707 1208 66 28 sätt
1791 1204 114 32 bifalla
1933 1205 87 31 Herr
2036 1204 87 32 Uhrs

927 1258 219 32 omförmälda
1175 1257 135 38 motion,
1339 1260 49 28 att
1415 1255 191 40 Riksdagen
1636 1255 49 33 för
1719 1256 48 31 sin
1800 1256 51 32 del
1880 1256 158 32 beslutar,
2069 1255 57 31 det

930 1312 14 30 1
974 1310 84 39 Kap.
1091 1310 14 30 I
1134 1310 18 38 &
1180 1306 339 42 Rättegångs-balken
1546 1307 87 32 skall
1676 1306 128 32 erhålla
1843 1307 146 40 följande
2017 1307 107 32 förän-

930 1361 103 32 drade
1060 1361 141 39 lydelse:

1033 1411 202 33 <Underrätt
1263 1410 17 31 å
1301 1410 115 31 landet
1444 1413 36 27 är
1502 1410 209 31 Häradsrätt.
1759 1410 64 30 Der
1838 1410 113 31 dömer
1980 1410 144 32 Härads-

929 1464 137 39 höfding
1095 1463 73 31 med
1198 1463 61 30 tolf
1285 1466 85 34 män.
1401 1470 67 22 som
1499 1461 10 31 i
1538 1461 138 31 häradet
1717 1461 39 30 bo
1786 1462 58 31 och
1888 1462 108 31 dertill
2028 1462 96 31 valde

931 1520 66 27 äro.
1052 1515 46 31 De
1128 1513 63 32 tolf
1215 1513 109 31 kallas
1354 1512 271 32 Häradsnämnd.
1681 1512 46 31 Då
1761 1512 102 40 ledigt
1884 1522 70 22 rum
1986 1514 8 31 i
2011 1517 112 28 nämn-

931 1567 62 31 den
1022 1567 97 39 fyllas
1148 1566 97 38 skall,
1286 1565 100 30 varde
1415 1564 9 31 i
1453 1564 61 31 den
1544 1565 80 30 eller
1664 1564 39 30 de
1740 1565 152 39 socknar,
1921 1564 49 32 för
2011 1565 114 31 hvilka

930 1618 188 39 ledigheten
1147 1617 159 38 inträffat,
1336 1616 51 30 val
1418 1615 102 31 hållet
1548 1614 18 32 å
1595 1616 347 31 kommunalstämma.
2004 1616 36 40 Ej
2073 1615 51 32 må

932 1679 111 22 annan
1084 1668 108 32 dertill
1222 1668 104 39 väljas
1356 1671 40 27 än
1427 1667 74 34 den,
1532 1676 67 21 som
1634 1667 103 39 enligt
1768 1667 34 31 19
1830 1668 18 37 8
1876 1667 251 40 Riksdags-ord-

932 1722 122 39 ningen
1085 1724 35 27 är
1148 1720 116 31 valbar
1292 1719 48 31 till
1369 1718 208 40 Riksdagens
1607 1718 113 32 Andra
1750 1719 195 40 Kammare;
1974 1719 26 40 ej
2023 1720 103 31 heller

932 1773 75 39 den,
1035 1781 69 22 som
1134 1771 143 31 innehar
1305 1769 186 40 befattning
1511 1770 9 31 i
1541 1770 207 39 Konungens
1770 1771 80 30 eller
1870 1770 115 32 Rikets
2015 1771 108 40 tjenst.

931 1824 82 40 Den,
1043 1833 68 21 som
1141 1823 39 31 de
1208 1821 95 32 flesta
1345 1824 150 28 rösterna
1525 1820 142 32 erhållit,
1697 1831 77 21 vare
1817 1820 107 33 såsom
1969 1823 158 31 nämnde-

934 1885 77 22 man
1041 1874 136 32 ansedd.
1232 1873 49 31 En
1313 1873 90 40 hvar,
1433 1882 67 22 som
1532 1882 76 30 eger
1650 1875 135 29 rösträtt
1825 1873 52 31 vid
1920 1874 204 31 kommunal-

934 1930 151 36 stämma,
1114 1935 57 30 ege
1210 1925 54 31 vid
1301 1925 88 31 valet
1430 1925 64 31 lika
1526 1927 76 29 röst.
1667 1924 149 41 Uppstår
1853 1923 93 42 fråga
1982 1934 50 22 om
2064 1926 61 32 den

932 1978 115 32 valdes
1067 1977 204 39 behörighet,
1293 1976 78 31 eller
1390 1985 51 21 om
1464 1976 89 31 valet
1568 1976 175 40 rätteligen
1761 1977 98 38 skett,
1879 1976 85 40 gifve
1980 1976 146 33 Härads-

933 2033 106 28 rätten
1071 2029 110 39 utslag
1208 2027 159 32 deröfver,
1396 2027 59 32 och
1484 2026 105 41 gånge
1619 2028 56 31 det
1702 2027 138 41 utslag
1829 2022 20 52 i
1868 2028 258 42 verkställighet,

932 2080 88 33 ändå
1049 2084 49 28 att
1127 2080 123 39 klagan
1280 2079 9 31 i
1320 2078 98 40 högre
1452 2078 78 32 Rätt
1557 2078 94 32 föres.
1707 2079 82 40 Den,
1819 2088 69 23 som
1917 2079 113 33 kallad
2059 2090 68 22 var-

933 2133 58 31 der
1020 2136 47 28 att
1095 2132 9 31 i
1132 2131 121 32 Rätten
1284 2130 88 40 sitta,
1400 2129 42 41 på
1472 2134 66 28 sätt
1565 2140 44 22 nu
1639 2130 97 39 sagdt
1763 2134 46 31 är,
1837 2141 78 21 vare
1944 2131 116 41 pligtig
2078 2136 49 28 att

934 2184 101 31 minst
1063 2182 54 32 två
1146 2182 36 31 år
1210 2183 61 30 den
1302 2182 101 38 tjenst
1432 2181 149 33 förrätta,
1609 2182 58 31 der
1695 2182 64 30 han
1791 2183 26 39 ej
1848 2181 72 32 från
1952 2187 90 27 orten
2060 2182 68 42 fyt-
