1904 2824
81 238 156 24 Medicinal-

93 273 142 30 styrelsens

73 307 125 25 skrivelse
217 308 31 24 år

127 343 73 23 1913.

59 498 68 24 1916
139 498 45 23 års
196 497 67 24 riks-

134 533 57 30 dag.

98 1070 66 23 1916
182 1070 45 23 års

94 1104 138 24 kommitte.

325 152 18 29 2
676 150 127 31 Andra
818 148 256 37 lagutskottets
1090 146 190 32 utlåtande
1294 146 53 31 Nr
1367 144 52 31 253.

324 238 62 31 Ett
419 238 83 35 nytt
525 236 160 31 initiativ
710 235 59 31 till
792 235 147 35 frågans
963 233 142 36 lösning
1128 234 78 34 togs
1229 232 41 30 år
1293 231 83 31 1913
1399 241 44 20 av
1469 229 316 37 medicinalstyrel-

283 299 70 27 sen,
380 299 76 21 som
480 289 12 30 i
515 287 172 32 skrivelse
710 286 58 31 till
792 286 136 35 Kungl.
952 285 104 36 Maj:t
1079 284 65 31 den
1168 284 40 30 15
1233 283 193 36 september
1450 281 158 32 nämnda
1630 282 39 30 år
1692 281 92 31 hem-

282 341 127 31 ställde
437 350 56 22 om
516 338 222 33 tillsättande
762 348 44 21 av
830 347 44 21 en
897 337 186 31 kommitté
1105 336 76 31 med
1206 335 160 37 uppdrag
1390 336 52 29 att
1466 334 163 30 utarbeta
1654 333 131 36 förslag

282 393 59 31 till
364 403 48 26 ny
436 392 64 32 och
523 390 172 37 utvidgad
720 388 444 37 livsmedelslagstiftning.

335 496 68 32 Vid
440 496 83 31 1916
558 496 57 30 års
650 494 143 36 riksdag
829 494 151 35 upptogs
1015 492 124 35 frågan
1173 492 92 34 ånyo
1302 499 123 27 genom
1461 489 172 31 motioner
1662 489 11 30 i
1698 488 88 32 båda

282 549 201 35 kamrarna,
508 548 13 30 i
544 548 111 30 första
688 546 204 31 kammaren
925 554 46 21 av
1007 544 78 30 herr
1118 542 218 36 Wavrinsky
1372 538 146 36 (motion
1553 550 43 21 nr
1631 538 32 36 3)
1687 541 62 30 och
1775 540 11 30 i

281 600 111 31 andra
415 600 207 30 kammaren
645 608 45 21 av
715 598 80 30 herr
817 597 149 30 Persson
990 596 12 30 i
1026 594 190 32 Västervik
1240 604 46 21 m.
1312 593 32 31 fl.
1370 590 147 36 (motion
1541 602 43 21 nr
1609 590 64 35 10).

324 651 121 33 Under
481 650 217 36 hänvisning
733 649 58 32 till
825 650 52 30 att
917 648 127 35 frågan
1073 656 124 27 genom
1221 645 382 36 medicinalstyrelsens
1627 644 159 30 initiativ

282 714 83 21 vore
388 703 149 31 föremål
559 703 53 30 för
629 702 134 36 Kungl.
780 701 119 36 Maj:ts
915 699 279 36 handläggning,
1211 696 208 33 hemställde
1436 697 113 31 första
1565 697 222 30 kammarens

282 756 111 31 andra
416 755 190 36 tillfälliga
629 754 134 31 utskott
787 754 12 29 i
823 752 185 31 utlåtande
1032 761 42 21 nr
1097 751 30 36 9,
1150 751 53 30 att
1227 750 179 31 motionen
1429 748 59 31 I1:3
1511 749 77 30 icke
1605 749 107 30 måtte
1729 747 58 31 till

283 808 115 36 någon
431 807 224 31 kammarens
683 805 125 37 åtgärd
833 804 192 32 föranleda.
1071 803 122 30 Andra
1217 802 221 30 kammarens
1463 800 113 30 andra
1600 800 188 36 tillfälliga

284 860 136 31 utskott
453 858 120 37 gjorde
597 857 183 31 enahanda
804 855 213 32 hemställan
1040 855 12 30 i
1077 854 61 31 sitt
1162 853 182 32 utlåtande
1368 862 42 21 nr
1434 853 18 30 6
1477 851 219 31 beträffande
1720 861 69 21 mo-

283 912 121 31 tionen
427 911 110 31 II:10.
577 910 199 30 Kamrarna
804 908 133 31 fattade
961 907 115 31 beslut
1093 906 12 30 i
1121 905 345 32 överensstämmelse
1491 903 79 31 med
1591 903 198 31 utskottens

284 964 143 34 förslag.

328 1067 131 31 Genom
494 1066 116 31 beslut
645 1064 65 31 den
735 1065 18 30 5
778 1064 70 36 maj
885 1064 83 30 1916
1004 1062 158 36 uppdrog
1191 1061 137 36 Kungl.
1353 1060 101 35 Maj:t
1477 1060 37 30 åt
1538 1069 44 21 en
1606 1060 183 30 kommitté

285 1120 53 30 att
373 1118 195 31 verkställa
602 1116 192 36 utredning
823 1116 62 30 och
909 1115 131 35 avgiva
1064 1113 132 36 förslag
1220 1112 178 37 angående
1421 1111 171 36 enhetlig,
1617 1110 173 36 utvidgad

285 1169 445 36 livsmedelslagstiftning.
776 1168 75 30 Den
886 1168 39 30 28
960 1166 188 31 november
1182 1165 84 31 1921
1301 1164 98 30 avlät
1427 1163 156 31 nämnda
1607 1163 183 30 kommitté

286 1221 221 32 betänkande
530 1220 78 31 med
633 1220 133 36 förslag
790 1220 12 30 i
826 1220 129 30 ämnet.

328 1274 67 31 Det
426 1275 36 29 åt
495 1273 210 31 kommittén
729 1271 160 31 lämnade
914 1270 196 36 uppdraget
1133 1268 86 32 hade
1244 1268 94 35 givit
1361 1267 212 31 kommittén
1596 1266 193 36 anledning

285 1327 52 30 att
361 1326 161 31 utarbeta
545 1326 51 29 ett
619 1324 218 31 omfattande
861 1323 132 35 förslag
1018 1321 58 31 till
1098 1319 231 37 lagstiftning
1352 1320 44 34 på
1418 1319 168 36 området,
1611 1319 121 30 vilken
1750 1338 39 3 —

287 1379 53 30 för
362 1379 54 29 att
439 1377 115 36 enligt
577 1376 228 31 kommitténs
821 1375 93 31 åsikt
931 1374 91 36 fylla
1039 1372 139 32 därmed
1195 1373 115 29 avsett
1327 1371 163 31 ändamål
1509 1391 40 2 —
1567 1371 75 30 icke
1659 1371 131 30 ansetts

287 1430 122 30 kunna
425 1428 211 32 inskränkas
658 1428 57 31 till
729 1428 95 30 vissa
842 1427 151 30 allmänt
1014 1425 121 31 hållna
1155 1423 218 36 stadganden
1393 1425 87 29 utan
1497 1423 85 30 böra
1594 1422 197 31 utsträckas

287 1482 57 30 till
368 1491 43 21 en
435 1479 193 38 detaljerad
653 1480 177 36 reglering
854 1489 44 20 av
923 1477 345 35 förutsättningarna
1293 1475 54 31 för
1370 1474 250 36 tillverkning,
1637 1474 154 30 saluhål-

286 1533 102 31 lande
423 1533 64 31 och
523 1531 228 32 utlämnande
786 1541 45 20 av
863 1532 50 29 ett
936 1531 89 30 stort
1049 1529 96 30 antal
1169 1528 158 36 angivna
1350 1526 195 31 livsmedel.
1592 1526 17 30 I
1632 1528 159 29 överens-

286 1585 201 32 stämmelse
521 1583 144 32 härmed
700 1583 88 31 hade
816 1582 211 31 kommittén
1051 1581 119 30 funnit
1194 1579 273 36 grundlinjerna
1492 1579 56 30 för
1572 1578 66 31 den
1661 1578 130 35 ifråga-

286 1639 92 29 satta
412 1636 277 36 lagstiftningen
723 1636 85 30 böra
836 1635 12 30 i
876 1634 79 31 kort
988 1632 248 35 sammandrag
1272 1631 191 30 innefattas
1488 1631 11 30 i
1524 1630 95 31 vissa
1654 1629 136 31 huvud-

286 1689 256 36 författningar
564 1698 45 20 av
633 1697 94 21 mera
751 1685 201 38 principiell
977 1684 178 36 innebörd,
1173 1683 112 31 under
1301 1683 57 31 det
1373 1684 52 29 att
1441 1682 58 31 till
1517 1682 273 35 komplettering

286 1741 110 30 härav
420 1738 531 38 detaljregleringsföreskrifter
975 1735 216 33 beträffande
1216 1735 40 31 de
1274 1735 93 30 olika
1384 1734 186 31 livsmedel
1587 1733 84 31 eller
1688 1742 103 27 grup-

286 1802 60 27 per
368 1802 44 21 av
437 1792 134 36 dylika,
594 1791 100 30 vilka
717 1792 131 29 ansetts
872 1791 83 30 böra
980 1791 101 34 göras
1104 1788 56 30 till
1186 1786 146 32 föremål
1356 1786 52 30 för
1424 1786 192 36 reglering,
1633 1785 158 36 stadgats

287 1845 10 30 i
322 1844 174 31 särskilda
520 1843 396 36 specialförfattningar.

328 1896 67 31 Det
428 1906 45 20 av
508 1895 209 31 kommittén
741 1895 157 35 avgivna
923 1892 233 32 betänkandet
1181 1890 197 31 innehåller
1400 1890 153 31 sålunda
1576 1889 132 36 förslag
1733 1889 57 30 till

287 1947 156 37 följande
467 1947 268 35 författningar,
759 1946 197 35 nämligen:

329 2000 73 31 dels
437 1999 265 35 livsmedelslag
737 1998 76 31 med
849 1995 362 33 straffbestämmelser
1241 1995 31 36 ej
1298 1994 136 31 mindre
1459 1993 62 31 vid
1546 1993 244 31 saluhållande

286 2052 86 30 eller
394 2050 232 32 utlämnande
650 2060 42 20 av
717 2049 195 36 livsmedel,
936 2048 100 31 vilka
1060 2050 59 28 äro
1142 2048 51 30 att
1217 2056 83 21 anse
1324 2047 112 29 såsom
1460 2044 163 37 skadliga
1647 2046 52 29 att
1722 2045 69 30 för-

287 2104 76 30 tära
387 2103 86 30 eller
497 2103 101 36 eljest
622 2104 60 28 äro
705 2102 174 36 otjänliga
902 2101 58 30 till
984 2098 280 36 människoföda,
1288 2100 45 29 än
1350 2100 88 28 även
1455 2096 62 31 vid
1534 2096 256 35 saluhållande,

287 2155 214 36 försäljning
525 2155 58 30 till
606 2154 240 30 allmänheten
861 2153 85 31 eller
963 2151 228 32 utlämnande
1207 2152 73 29 mot
1297 2149 163 36 vederlag
1477 2149 59 30 till
1552 2148 239 31 allmänheten

287 2217 45 21 av
367 2206 186 31 livsmedel
588 2205 111 32 under
723 2204 311 37 omständigheter,
1057 2213 73 21 som
1154 2205 59 28 äro
1237 2202 133 36 ägnade
1394 2202 51 30 att
1470 2200 170 31 vilseleda
1664 2200 127 36 köpare

288 2259 84 31 eller
396 2259 195 35 mottagare
615 2268 55 20 om
694 2267 128 21 varans
846 2256 249 35 beskaffenhet,
1119 2254 210 37 myckenhet
1352 2253 84 31 eller
1459 2261 191 27 ursprung,

330 2310 74 32 dels
427 2309 341 36 livsmedelsstadga,
791 2319 75 21 som
889 2311 39 28 är
951 2306 130 32 avsedd
1105 2308 51 30 att
1180 2306 137 36 reglera
1341 2304 275 36 tillämpningen
1639 2314 45 20 av
1706 2304 84 30 livs-

288 2362 254 36 medelslagens
558 2362 260 31 bestämmelser
835 2360 62 31 och
911 2360 11 31 i
935 2360 119 36 övrigt
1071 2358 234 36 fullständiga
1321 2357 152 31 nämnda
1486 2356 79 36 lags
1577 2356 213 36 jämförelse-

288 2415 54 30 vis
365 2413 215 32 kortfattade
603 2413 63 31 och
690 2413 181 32 abstrakta
894 2411 185 36 straffbud,
