1904 2798
523 128 406 40 Bevillningsutskottets
947 128 220 31 betänkande
1183 137 44 20 nr
1243 128 52 30 59.
1645 129 19 30 9

201 213 908 38 Brännvinstillverkningsskatten,
1152 221 75 20 som
1266 212 10 29 i
1317 212 159 39 gällande
1515 212 145 29 riksstat

156 264 178 39 upptagits
352 264 52 29 till
426 264 38 29 21
486 264 164 38 miljoner
670 264 140 33 kronor,
831 263 173 29 beräknas
1023 272 42 20 av
1084 263 328 38 kontrollstyrelsen
1432 263 127 38 inflyta
1580 263 80 28 med

158 315 40 29 19
215 315 165 39 miljoner
396 315 142 29 kronor.
556 314 67 29 För
643 313 204 40 budgetåret
868 313 150 36 1948/49
1037 313 64 30 har
1121 313 169 39 styrelsen
1311 313 170 30 beräknat
1499 313 161 29 intäkten

155 365 54 30 till
233 366 39 29 21
296 365 166 39 miljoner
482 365 141 29 kronor.
646 364 72 30 Mot
740 364 113 30 denna
878 364 256 40 uppskattning
1157 364 65 29 har
1244 363 417 40 riksräkenskapsverket

156 416 77 30 icke
253 416 78 30 haft
351 416 116 39 någon
488 416 151 29 erinran.

202 469 246 30 Inkomsterna
465 477 42 21 av
541 467 522 40 partihandelsbolag
1099 467 46 29 ha
1163 466 55 30 för
1237 466 238 30 innevarande
1494 466 169 39 budgetår

157 520 179 39 upptagits
354 519 81 30 med
451 519 40 30 25
508 518 166 39 miljoner
690 519 141 29 kronor.
859 517 334 40 Kontrollstyrelsen
1213 517 65 30 har
1295 526 48 20 nu
1360 517 171 30 beräknat
1547 517 117 30 denna

157 570 156 30 inkomst
328 570 53 29 till
399 569 42 30 30
458 569 165 39 miljoner
638 570 131 29 kronor
785 569 55 30 för
856 569 148 39 löpande
1022 569 65 29 och
1106 568 39 30 27
1162 568 166 39 miljoner
1346 568 132 30 kronor
1495 568 56 30 för
1568 569 96 28 näst-

157 620 212 30 kommande
390 620 179 38 budgetår,
591 619 95 30 vilka
703 619 235 39 beräkningar
955 619 418 40 riksräkenskapsverket
1392 619 163 39 godtagit.

202 669 246 29 Inkomsterna
468 678 43 20 av
542 668 551 40 detaljhandelsbolag
1123 669 47 29 ha
1190 669 12 28 i
1224 668 191 30 riksstaten
1436 668 56 30 för
1511 668 150 40 löpande

157 719 170 39 budgetår
351 720 179 39 upptagits
553 719 80 30 med
657 719 41 30 45
724 719 165 39 miljoner
915 719 141 30 kronor.
1082 719 13 29 I
1120 718 206 40 anslutning
1348 719 53 29 till
1427 728 42 21 av
1492 718 169 31 kontroll-

158 770 170 39 styrelsen
350 770 124 39 gjorda
495 770 235 39 beräkningar
751 770 209 39 uppskattar
982 769 418 40 riksräkenskapsverket
1423 769 65 30 här
1510 769 151 30 avsedda

157 821 195 30 inkomster
377 821 56 29 för
457 820 238 30 innevarande
721 820 169 39 budgetår
916 820 53 29 till
996 819 41 30 43
1063 819 166 40 miljoner
1255 820 131 29 kronor
1412 819 64 30 och
1502 820 158 33 föreslår,

156 875 51 28 att
225 873 260 30 inkomsttiteln
504 873 55 30 för
577 874 102 29 nästa
697 872 169 39 budgetår
887 874 170 38 upptages
1075 872 53 30 till
1148 872 41 30 30
1208 871 166 40 miljoner
1393 871 141 30 kronor.
1556 871 109 31 Sänk-

159 924 129 39 ningen
314 924 199 29 föranledes
538 933 42 20 av
605 923 222 39 antaganden
851 932 57 20 om
934 923 74 29 dels
1033 923 94 29 vissa
1151 922 285 39 förskjutningar
1460 922 12 29 i
1496 922 169 30 konsum-

158 974 117 30 tionen
300 974 65 30 och
390 974 74 30 dels
492 974 119 30 starka
636 974 322 39 utgiftsstegringar
983 974 55 29 för
1064 973 408 39 detaljhandelsbolagen
1494 973 53 29 till
1573 972 91 40 följd

158 1033 43 21 av
216 1024 254 39 löneökningar
486 1024 65 30 och
567 1024 237 40 skärpningen
821 1034 42 20 av
878 1025 68 28 den
962 1024 140 39 statliga
1121 1024 498 39 aktiebolagsbeskattningen.

203 1073 347 39 Omsättnings-
579 1074 87 28 och
698 1074 603 38 utskänkningsskatten
1334 1074 20 29 å
1387 1073 276 39 spritdryc-

157 1124 81 29 ker
267 1124 65 29 har
353 1123 11 30 i
384 1124 191 29 riksstaten
596 1124 56 29 för
672 1124 149 39 löpande
842 1123 169 40 budgetår
1034 1124 164 40 uppförts
1219 1124 79 29 med
1320 1126 48 27 ett
1389 1123 124 40 belopp
1535 1133 42 20 av
1598 1123 64 30 370

157 1174 165 39 miljoner
352 1174 141 30 kronor.
524 1175 74 29 Den
629 1174 110 30 totala
770 1175 243 29 inleveransen
1043 1184 42 20 av
1116 1174 249 39 omsättnings-
1396 1174 65 30 och
1491 1174 171 29 utskänk-

157 1225 201 39 ningsskatt
386 1225 20 30 å
435 1225 238 40 spritdrycker
700 1225 65 30 har
796 1235 42 20 av
865 1225 328 39 kontrollstyrelsen
1222 1225 189 30 beräknats
1440 1225 143 30 komma
1611 1226 51 28 att

157 1276 113 30 under
294 1276 205 39 budgetåret
526 1276 151 35 1947/48
701 1276 117 40 uppgå
840 1276 53 30 till
918 1276 61 30 375
1004 1276 166 39 miljoner
1194 1276 142 29 kronor.
1361 1276 68 29 För
1452 1276 102 29 nästa
1576 1275 87 30 bud-

158 1327 97 39 getår
274 1327 64 29 har
359 1327 170 38 styrelsen
549 1344 45 4 —
614 1327 10 29 i
644 1327 230 29 betraktande
895 1336 41 20 av
956 1327 67 29 den
1043 1326 256 39 omsvängning
1318 1326 53 30 till
1392 1328 48 28 ett
1463 1326 93 39 lägre
1576 1326 87 30 kon-

159 1377 261 39 sumtionsläge,
446 1386 75 21 som
544 1377 112 29 under
680 1386 199 21 sommaren
905 1377 82 29 1947
1012 1377 125 39 tydligt
1162 1377 181 29 framträtt
1366 1377 96 29 inom
1487 1377 67 29 den
1576 1377 87 29 kon-

156 1427 316 40 junkturkänsliga
497 1428 287 38 utskänkningen
809 1445 44 3 —
876 1428 11 28 i
912 1427 175 30 avvaktan
1113 1427 45 40 på
1182 1428 163 29 närmare
1369 1428 148 38 översyn
1542 1436 42 20 av
1607 1426 57 30 be-

158 1478 240 39 räkningarna
423 1478 58 29 vid
507 1478 212 39 tidpunkten
747 1478 55 29 för
831 1477 209 30 riksstatens
1066 1477 246 30 fastställande
1339 1478 128 29 räknat
1492 1477 80 30 med
1599 1477 63 30 360

157 1528 166 39 miljoner
350 1528 141 29 kronor.
522 1528 428 39 Riksräkenskapsverket
979 1527 148 30 föreslår
1155 1528 169 33 däremot,
1353 1529 51 28 att
1433 1527 229 30 förevarande

158 1578 244 35 inkomsttitel,
425 1587 74 21 som
520 1578 111 30 under
644 1579 49 29 'de
715 1580 136 28 senaste
873 1578 214 39 budgetåren
1110 1578 90 30 varit
1221 1578 11 29 i
1255 1578 113 39 stadig
1392 1578 161 39 stegring,
1576 1586 87 31 upp-

158 1631 97 37 tages
278 1629 12 29 i
313 1628 192 30 riksstaten
528 1629 53 29 till
607 1638 136 20 samma
769 1628 124 40 belopp
920 1637 75 21 som
1019 1628 190 30 beräknats
1233 1628 128 39 inflyta
1386 1628 112 30 under
1522 1628 142 30 inneva-

158 1679 109 30 rande
291 1679 170 39 budgetår
486 1679 82 30 eller
594 1679 62 30 375
681 1679 165 39 miljoner
871 1680 141 29 kronor.

204 1729 370 39 Omsättnings-
613 1730 88 29 och
741 1729 603 39 utskänkningsskatten
1384 1729 21 30 å
1443 1729 79 29 vin
1558 1729 65 30 har
1652 1729 11 29 i

158 1780 191 30 riksstaten
369 1780 56 30 för
445 1780 149 40 löpande
615 1780 170 39 budgetår
807 1781 178 39 upptagits
1005 1780 53 29 till
1079 1780 41 30 30
1140 1780 166 39 miljoner
1326 1780 131 29 kronor
1478 1780 65 29 och
1565 1779 98 30 torde

159 1830 108 39 enligt
294 1839 42 21 av
364 1830 329 39 kontrollstyrelsen
722 1839 49 20 nu
801 1831 123 38 gjorda
952 1830 236 39 beräkningar
1218 1838 39 31 ge
1286 1830 116 29 denna
1429 1830 125 29 intäkt.
1585 1830 79 29 Med

157 1881 140 38 hänsyn
315 1881 52 29 till
386 1881 68 29 den
472 1881 115 29 ovissa
605 1880 472 39 konjunkturutvecklingen
1096 1881 65 28 har
1184 1880 170 39 styrelsen
1375 1882 114 27 ansett
1508 1880 156 29 inkoms-

158 1933 101 27 terna
276 1931 56 29 för
349 1932 102 28 nästa
468 1930 170 39 budgetår
657 1931 85 29 böra
761 1931 71 29 tills
851 1931 117 29 vidare
986 1932 173 37 upptagas
1178 1931 80 28 med
1277 1930 40 30 25
1337 1930 165 38 miljoner
1521 1930 142 29 kronor.

159 1981 439 40 Riksräkenskapsverket,
627 1990 74 20 som
729 1981 170 29 beräknat
927 1981 244 29 inkomsterna
1198 1981 55 29 för
1280 1980 204 39 budgetåret
1513 1980 150 35 1947/48

158 2032 54 30 till
235 2032 41 30 30
299 2032 166 39 miljoner
486 2032 141 33 kronor,
649 2032 65 29 har
735 2031 55 30 för
812 2032 100 29 nästa
935 2031 169 39 budgetår
1127 2031 128 29 räknat
1278 2031 79 29 med
1380 2030 206 30 oförändrat
1608 2030 57 30 be-

159 2082 92 40 lopp,
273 2082 41 29 30
334 2082 166 39 miljoner
521 2082 141 29 kronor.

205 2132 549 39 Maltdrycksskatten,
800 2141 74 20 som
908 2132 11 28 i
952 2131 159 39 gällande
1144 2131 146 29 riksstat
1323 2131 179 39 upptagits
1535 2131 52 29 till
1621 2130 41 30 50

159 2182 165 39 miljoner
341 2183 141 33 kronor,
500 2182 174 29 beräknas
692 2191 42 20 av
751 2181 327 39 kontrollstyrelsen
1095 2181 129 38 inflyta
1243 2181 80 29 med
1342 2181 41 29 52
1403 2181 164 38 miljoner
1585 2181 80 29 kro-

159 2242 75 24 nor,
253 2232 52 30 till
323 2233 108 29 vilket
449 2232 124 39 belopp
593 2232 170 38 styrelsen
785 2232 205 38 uppskattat
1010 2231 202 29 inkomsten
1230 2231 132 38 jämväl
1382 2231 55 29 för
1458 2232 102 28 nästa
1579 2230 86 29 bud-

160 2283 106 39 getår.
293 2282 429 39 Riksräkenskapsverket
747 2281 64 29 har
836 2281 170 29 beräknat
1032 2281 243 29 inkomsterna
1302 2290 42 20 av
1371 2281 138 29 skatten
1536 2281 55 29 för
1616 2280 49 29 lö-

159 2333 115 39 pande
303 2332 170 38 budgetår
499 2332 53 28 till
580 2332 40 28 52
648 2331 165 38 miljoner
840 2331 131 28 kronor
998 2340 80 19 men
1107 2332 116 27 ansett
1253 2330 51 38 sig
1332 2330 84 29 böra
1444 2331 111 28 räkna
1584 2330 80 29 med

160 2383 105 38 något
288 2382 93 38 lägre
403 2382 194 29 inkomster
618 2381 113 29 under
752 2382 100 28 nästa
874 2380 168 39 budgetår
1064 2381 65 29 och
1152 2380 158 34 föreslår,
1333 2382 50 28 att
1407 2380 258 29 inkomsttiteln

160 2434 170 38 upptages
353 2432 51 29 till
426 2432 41 29 50
489 2431 164 39 miljoner
674 2431 141 29 kronor.
