1888 2810
500 157 117 31 Andra
638 158 238 36 lagutskottets
899 160 176 31 utlåtande
1096 171 41 21 nr
1159 162 50 30 26.
1585 159 14 29 1

775 354 60 41 Nr
863 355 62 41 26.

501 459 125 27 Ankom
648 460 48 27 till
719 460 179 35 riksdagens
920 461 99 27 kansli
1043 462 58 26 den
1126 462 38 27 26
1189 463 77 33 april
1291 463 78 28 1946
1393 463 42 27 kl.
1456 464 17 26 4
1498 471 59 19 em.

312 567 181 32 Utlåtande
520 571 10 29 i
556 569 185 38 anledning
771 580 41 20 av
838 571 126 30 väckta
989 572 170 30 motioner
1183 572 176 37 angående
1388 573 135 31 ändrad
1548 574 48 36 ly-

531 619 93 31 delse
638 630 42 21 av
701 621 41 30 10
758 622 20 37 $
796 623 11 28 i
823 621 250 38 förordningen
1090 631 58 22 om
1166 625 179 36 uttagning
1362 624 109 32 under
1488 624 108 37 freds-

531 671 50 29 tid
617 681 43 20 av
701 672 91 30 vissa
830 672 268 36 förnödenheter
1123 674 56 37 för
1206 675 253 36 krigsmaktens
1487 675 109 31 behov

531 721 448 39 (uttagningsförordning).

133 820 118 30 Andra
271 821 221 35 lagutskottet
516 822 65 30 har
604 822 52 31 till
677 823 211 37 behandling
912 824 153 31 förehaft
1087 824 58 32 två
1168 825 96 31 inom
1285 827 185 36 riksdagen
1494 827 101 31 väck-

88 874 45 32 ta,
164 870 51 31 till
243 872 187 35 lagutskott
460 873 190 31 hänvisade
678 874 179 36 motioner,
886 884 43 21 nr
959 876 40 29 29
1027 876 11 30 i
1069 876 109 31 första
1209 878 205 30 kammaren
1442 888 43 21 av
1517 879 79 29 herr

91 919 172 40 Elofsson,
282 922 130 38 Gustaf,
429 933 45 22 m.
492 924 36 37 fl.
545 925 66 30 och
628 934 41 21 nr
687 926 39 29 18
740 925 12 30 i
769 926 109 31 andra
895 927 206 30 kammaren
1117 936 43 22 av
1175 929 80 29 herr
1273 929 323 31 Pehrsson-Brams-

89 977 77 34 torp
186 985 44 20 m.
250 975 36 38 fl.

133 1022 14 30 I
170 1023 226 37 motionerna,
419 1024 92 32 vilka
534 1027 61 29 äro
616 1025 230 38 likalydande,
871 1028 65 29 har
958 1028 203 37 hemställts,
1189 1033 68 28 »att
1277 1030 182 38 riksdagen
1481 1032 10 30 i
1513 1031 84 30 skri-

89 1073 90 30 velse
201 1072 49 33 till
274 1074 122 37 Kungl.
423 1075 100 36 Maj:t
544 1076 107 31 måtte
675 1078 127 36 begära
825 1081 49 29 att
898 1080 41 29 10
963 1079 17 37 8
1005 1080 11 30 i
1041 1080 122 36 Kungl.
1190 1080 118 37 Maj:ts
1331 1081 204 38 förordning
1556 1091 42 21 nr

88 1119 162 42 832/1942
272 1124 106 31 måtte
400 1125 130 32 erhålla
554 1126 156 37 följande
731 1129 155 30 ändrade
905 1129 143 37 lydelse:

132 1174 79 31 Med
237 1175 139 37 ledning
401 1185 43 21 av
473 1177 513 38 hästuttagningsnämndernas
1013 1181 184 36 yttranden
1225 1181 210 32 bestämmer
1463 1183 131 30 hästut-

86 1225 416 38 tagningsmyndigheten,
528 1228 93 31 vilka
649 1229 120 32 hästar
793 1239 76 21 som
893 1231 99 30 skola
1017 1231 195 37 besiktigas.
1244 1232 112 31 Sedan
1383 1233 210 37 uttagnings-

85 1276 246 37 myndigheten
349 1277 173 32 inhämtat
540 1280 162 35 yttrande
721 1279 80 31 från
821 1281 259 32 vederbörande
1096 1282 394 39 hushållningssällskap
1510 1284 83 32 fast-

87 1327 117 30 ställer
230 1327 66 30 den
322 1328 51 31 tid
398 1329 66 30 och
494 1329 90 36 plats
611 1330 55 31 för
694 1331 252 37 besiktningen,
976 1333 122 30 därvid
1128 1334 88 30 skall
1244 1334 114 37 tillses,
1389 1338 50 28 att
1466 1335 127 31 minsta

86 1377 143 37 möjliga
255 1379 182 36 olägenhet
462 1381 65 29 och
557 1380 212 32 tidsutdräkt
794 1381 107 32 vållas
925 1383 219 37 hästägarna.

131 1428 92 30 Plats
248 1428 55 31 för
325 1429 196 38 besiktning
543 1448 45 4 —
611 1449 44 4 —
675 1449 44 4 —
740 1433 252 31 kommunvis.>

131 1520 82 31 Som
237 1522 75 29 skäl
337 1522 55 30 för
412 1523 114 30 denna
552 1524 209 31 hemställan
782 1527 47 29 ha
853 1526 256 31 motionärerna
1132 1528 129 30 anfört:

130 1579 115 36 Enligt
268 1581 160 35 gällande
448 1581 152 31 militära
623 1584 404 38 uttagningsförordning
1055 1596 43 20 av
1124 1587 65 30 den
1214 1588 20 29 9
1261 1588 144 31 oktober
1432 1589 82 30 1942
1543 1593 50 26 ut-

86 1625 96 32 tagas
202 1622 10 30 i
230 1622 145 31 fredstid
392 1624 120 31 hästar
531 1624 57 32 för
606 1625 230 38 tjänstgöring
855 1627 111 31 under
985 1628 146 36 krigstid
1150 1629 58 30 vid
1226 1631 130 30 armén.
1377 1631 74 30 Den
1471 1632 122 30 nämn-

86 1665 44 30 da
150 1664 248 38 förordningen
419 1666 218 37 föreskriver,
657 1672 50 27 att
729 1669 195 37 besiktning
945 1670 57 30 för
1022 1671 181 37 uttagning
1222 1682 42 20 av
1286 1673 118 30 hästar
1425 1674 88 30 skall
1534 1675 61 30 ske

85 1706 97 31 inom
205 1709 41 29 de
264 1708 92 31 olika
374 1709 479 38 hästuttagningsområdena.
874 1713 80 29 Med
973 1713 141 37 ledning
1133 1724 42 20 av
1193 1711 400 45 hästuttagningsnämn-

87 1749 124 31 dernas
241 1752 184 34 yttranden
454 1752 210 31 bestämmer
692 1754 528 38 hästuttagningsmyndigheten
1249 1758 93 31 vilka
1373 1759 119 30 hästar
1519 1769 75 21 som

86 1793 98 29 skola
208 1793 195 37 besiktigas.
431 1794 453 39 Uttagningsmyndigheten
909 1798 210 31 bestämmer
1144 1799 166 32 likaledes
1336 1802 89 35 plats
1451 1802 65 30 och
1545 1802 50 30 tid

85 1834 56 30 för
165 1835 248 37 besiktningen.
441 1837 115 36 Enligt
576 1839 166 35 paragraf
770 1840 38 30 10
832 1839 10 30 i
865 1840 67 30 den
954 1841 155 30 nämnda
1134 1841 248 38 förordningen
1405 1844 88 30 skall
1514 1845 79 30 där-

85 1877 58 30 vid
166 1877 114 36 tillses,
307 1882 50 26 att
381 1879 128 30 minsta
535 1880 142 36 möjliga
705 1882 181 35 olägenhet
912 1883 66 30 och
1004 1883 209 31 tidsutdräkt
1238 1884 107 31 vållas
1372 1886 220 36 hästägarna.

130 1919 100 30 Trots
251 1921 111 29 denna
384 1921 180 31 föreskrift
583 1923 135 30 händer
739 1925 55 29 det
816 1924 88 30 dock
925 1924 83 35 ofta,
1029 1929 49 26 att
1098 1925 195 38 besiktning
1314 1928 141 30 utsättes
1477 1928 44 36 på
1540 1928 51 31 så-

86 1961 69 30 dan
178 1962 58 35 tid,
263 1966 49 26 att
334 1963 55 30 det
415 1964 38 29 är
477 1963 136 32 förenat
638 1966 80 29 med
743 1969 93 28 stora
859 1966 269 37 besvärligheter
1152 1968 56 31 för
1232 1969 66 30 den
1324 1970 155 31 enskilde
1500 1971 92 30 häst-

85 2004 128 35 ägaren
235 2007 48 27 att
302 2005 120 30 kunna
442 2006 145 36 uppvisa
610 2007 67 30 den
698 2008 82 31 eller
800 2008 41 30 de
862 2009 128 35 hästar,
1012 2019 74 21 som
1107 2011 97 29 skola
1225 2011 195 37 besiktigas.
1444 2013 64 31 Det
1529 2014 64 29 har

85 2049 21 26 t.
127 2056 49 21 ex.
196 2048 85 28 hänt
300 2048 10 29 i
331 2048 102 30 södra
455 2048 144 37 Sverige,
621 2053 50 27 att
690 2050 197 36 besiktning
907 2054 123 28 utsatts
1052 2056 48 26 att
1123 2053 62 36 äga
1204 2063 77 21 rum
1305 2054 56 32 vid
1381 2055 210 36 tidpunkter,

85 2087 44 31 då
151 2089 250 31 lantbrukarna
423 2091 87 29 varit
532 2092 132 35 strängt
683 2095 178 33 upptagna
882 2094 79 29 med
983 2094 280 37 höstplöjningen
1286 2097 65 30 och
1373 2097 218 31 betskörden.

85 2131 13 29 I
120 2130 123 31 sådant
259 2131 61 30 fall
338 2132 144 30 innebär
503 2133 240 37 besiktningen
762 2135 69 30 inte
850 2135 87 31 bara
953 2145 42 21 en
1016 2140 71 27 stor
1107 2138 181 35 olägenhet
1309 2139 55 30 för
1383 2136 208 45 hästägarna

85 2176 84 26 utan
192 2174 70 29 kan
284 2175 86 28 även
392 2174 145 31 åsamka
562 2176 78 30 dem
662 2177 227 30 ekonomiska
912 2178 170 31 förluster.
1108 2179 53 30 En
1183 2180 56 31 för
1260 2180 203 36 jordbruket
1486 2183 107 36 viktig

85 2215 182 36 arbetsdag
285 2216 69 29 kan
375 2215 44 36 på
439 2217 92 30 detta
553 2218 66 29 sätt
641 2217 41 37 gå
705 2219 164 35 förlorad,
892 2220 75 29 ifall
990 2221 55 29 det
1064 2222 40 29 är
1125 2222 134 30 relativt
1279 2222 94 37 långt
1398 2224 49 31 till
1466 2225 125 30 besikt-

84 2257 234 35 ningsplatsen
340 2259 65 29 och
429 2258 126 36 många
577 2261 119 28 hästar
719 2262 97 29 skola
838 2262 195 35 besiktigas.
1059 2263 131 30 Endast
1212 2273 57 21 om
1292 2265 299 37 besiktningsplat-

85 2308 59 20 sen
173 2299 104 35 ligger
303 2309 96 21 mera
427 2301 44 29 än
500 2300 55 31 två
582 2302 60 29 mil
673 2302 80 30 från
779 2303 223 35 hästägarens
1034 2305 135 30 hemort
1196 2306 70 29 kan
1294 2308 190 37 ersättning
1512 2309 80 30 med

85 2341 197 30 statsmedel
307 2343 213 29 utanordnas
545 2342 35 30 åt
605 2345 113 29 denne
740 2344 55 31 för
818 2345 209 31 inställelsen
1050 2347 57 29 vid
1130 2348 261 36 uppvisningen.

130 2383 63 29 Det
215 2384 38 28 är
275 2387 46 26 ett
342 2384 128 34 rimligt
493 2385 95 34 krav,
612 2389 48 26 att
684 2386 195 36 besiktning
903 2397 44 20 av
967 2388 119 31 hästar
1110 2389 56 29 för
1187 2391 180 36 uttagning
1392 2392 49 29 till
1463 2393 128 30 militär

85 2424 228 36 tjänstgöring
337 2425 77 30 icke
438 2427 80 34 äger
542 2437 77 20 rum
646 2427 44 36 på
716 2427 111 32 sådan
852 2429 169 36 lidpunkt,
1046 2430 44 30 då
1113 2431 320 35 jordbruksarbetet
1458 2436 40 29 är
1522 2436 68 29 sär-

85 2468 79 29 skilt
189 2467 228 33 brådskande.
445 2468 51 30 Då
524 2469 40 31 de
588 2470 150 30 militära
766 2471 286 36 myndigheterna
1077 2473 76 30 icke
1180 2475 95 30 torde
1300 2477 63 34 äga
1390 2477 202 36 erforderlig

131 2524 110 31 Bihang
253 2525 41 24 till
305 2525 167 31 riksdagens
484 2527 146 30 protokoll
645 2528 72 24 1946.
749 2528 14 23 9
782 2529 79 24 saml.
890 2529 16 23 2
920 2530 56 22 avd.
1009 2530 38 23 Nr
1064 2531 40 23 26.
1551 2534 7 23 1
