2190 2664
373 243 19 31 6
832 237 247 33 Statsutskottets
1109 235 172 34 Utlåtande
1303 235 66 32 N:o
1392 237 52 29 40.

329 321 140 51 gjorda
509 318 297 50 vetenskapliga
837 317 254 49 iakttagelser
1118 316 144 49 bevilja
1288 318 51 46 på
1366 320 108 32 extra
1502 319 76 32 stat
1606 313 57 37 för
1691 316 39 34 år
1760 314 96 36 1903
1885 317 57 32 ett

331 373 135 49 anslag
494 372 41 37 af
559 372 137 46 62,000
724 370 153 37 kronor.

464 424 75 38 Vid
566 422 107 38 bifall
697 421 127 38 härtill
851 420 100 37 lärer
978 419 138 38 hinder
1145 419 33 50 ej
1210 417 211 38 förefinnas
1449 416 60 38 för
1527 416 123 37 Eders
1669 415 141 49 Kongl.
1831 415 110 49 Maj:t

329 482 55 32 att
410 476 77 37 låta
514 474 122 37 under
665 477 40 33 år
735 475 94 35 1902
850 472 41 37 af
908 471 246 49 tillgängliga
1174 470 127 37 medel
1317 469 234 37 förskottera
1570 468 60 36 för
1647 466 292 49 ifrågavarande

330 527 177 38 ändamål
536 525 250 48 erforderliga
813 523 175 50 belopp.»

464 630 210 44 Utskottet,
709 640 82 24 som
821 626 207 37 framdeles
1056 625 176 36 kommer
1260 629 56 31 att
1343 622 147 49 afgifva
1516 621 181 50 yttrande
1727 621 109 37 öfver
1865 620 74 37 den

329 683 41 36 af
394 681 140 48 Kongl.
564 680 106 48 Maj:t
702 680 4 35 i
737 678 173 49 punkten
941 679 71 34 114
1040 677 42 36 af
1101 675 156 38 åttonde
1276 674 259 37 hufvudtiteln
1554 673 13 35 i
1588 675 101 34 årets
1709 672 231 36 statsverks-

328 732 241 51 proposition
597 730 138 49 gjorda
764 727 288 49 framställning
1079 740 61 23 om
1169 725 221 50 beviljande
1419 728 21 33 å
1468 728 108 33 extra
1604 728 76 31 stat
1707 723 59 36 för
1785 725 40 34 år
1846 723 96 36 1903

330 785 42 37 af
408 789 55 32 ett
504 782 136 49 anslag
682 784 21 34 å
746 782 110 45 9,495
884 780 143 36 kronor
1054 779 59 37 för
1139 777 194 49 gäldande
1362 776 41 38 af
1427 789 46 23 en
1501 774 88 38 utaf
1608 774 152 37 lektorn
1787 772 155 38 Edvard

328 835 161 38 Jäderin
516 834 12 37 i
555 833 211 47 anledning
793 832 43 37 af
861 831 74 37 den
963 830 124 37 under
1111 832 41 34 år
1181 831 97 35 1898
1306 828 203 47 företagna
1529 826 281 37 förberedande
1829 824 114 49 grad-

329 885 472 50 mätningsexpeditionen
844 883 56 36 till
942 881 266 50 Spetsbergen
1250 879 183 39 åsamkad
1474 877 113 38 skuld
1618 877 58 37 till
1699 877 147 47 flottan,
1873 876 70 36 har

330 939 120 36 redan
490 952 51 22 nu
581 936 103 37 velat
723 934 57 37 till
820 934 240 48 behandling
1097 932 177 48 företaga
1303 930 281 38 ofvanberörda
1611 927 242 52 proposition
1881 940 61 24 om

331 990 137 48 anslag
508 988 58 37 till
604 986 345 51 gradmätningens
991 983 252 50 fortsättning
1271 983 72 37 och
1372 981 235 45 afslutande;
1638 981 73 36 och
1740 992 115 24 anser
1883 978 61 48 sig

331 1042 191 37 utskottet
574 1040 84 36 icke
700 1038 129 36 kunna
871 1036 170 50 afstyrka
1081 1035 107 37 bifall
1228 1034 59 37 till
1329 1046 144 24 samma
1513 1032 254 50 proposition,
1809 1030 134 37 dervid

330 1093 190 37 utskottet
560 1089 213 39 emellertid
806 1090 234 42 förutsätter,
1070 1092 55 31 att
1152 1089 129 45 någon
1308 1084 285 49 framställning
1620 1097 61 23 om
1710 1081 234 48 statsanslag

331 1145 59 36 för
419 1144 65 37 det
509 1140 292 50 ifrågavarande
829 1138 467 50 gradmätningsarbetets
1325 1136 223 48 ytterligare
1575 1133 254 39 fortsättande
1857 1133 86 37 icke

334 1195 98 37 skall
459 1193 289 49 ifrågakomma.

468 1295 201 39 Utskottet
697 1291 224 39 hemställer
948 1291 122 46 alltså,

836 1399 55 31 att
918 1391 238 48 Riksdagen,
1185 1390 87 36 med
1292 1389 106 37 bifall
1418 1389 57 36 till
1494 1388 140 48 Kongl.
1656 1387 130 49 Maj:ts
1805 1386 140 48 ifråga-

735 1445 168 38 varande
945 1441 295 49 framställning,
1273 1444 61 33 må
1361 1440 59 37 till
1447 1438 248 38 bestridande
1725 1438 41 36 af
1788 1438 158 36 kostna-

733 1497 120 37 derna
880 1496 58 36 för
964 1493 253 48 fortsättning
1236 1492 72 37 och
1328 1491 216 38 afslutande
1566 1490 41 37 af
1621 1488 324 50 gradmätningen

736 1552 20 33 å
800 1547 269 50 Spetsbergen
1107 1549 99 31 samt
1246 1542 231 49 utgifvande
1505 1542 12 35 i
1546 1541 109 49 tryck
1684 1541 42 35 af
1750 1540 46 36 de
1825 1539 120 36 under

736 1600 46 36 de
800 1598 169 37 svenska
982 1593 613 52 gradmätningsexpeditionerna
1610 1592 57 36 till
1681 1591 264 50 Spetsbergen

735 1650 139 49 gjorda
901 1646 297 50 vetenskapliga
1225 1644 251 49 iakttagelser
1504 1643 141 49 bevilja
1672 1647 49 45 på
1742 1647 107 32 extra
1869 1646 74 32 stat

735 1702 60 36 för
819 1704 39 33 år
889 1701 95 35 1903
1014 1703 54 32 ett
1092 1697 136 48 anslag
1256 1696 41 37 af
1321 1697 136 46 62,000
1486 1695 153 37 kronor.

474 1805 224 37 Stockholm
728 1804 75 36 den
834 1804 43 35 11
908 1801 96 49 april
1036 1802 107 35 1902.

854 1904 53 36 På
935 1902 307 37 statsutskottets
1270 1905 162 43 vägnar:

989 2004 39 36 P.
1058 2000 244 39 PEHRSON.

765 2435 169 25 SIOCKHOLM,
952 2433 25 19 P.
994 2433 25 18 A.
1037 2431 108 20 NYMANS
1162 2430 128 19 EFTERTR,
1306 2429 143 24 TRYCKERI,
1468 2421 72 25 1902,
