1920 2856
466 157 398 32 Jordbruksutskottets
890 156 188 32 utlåtande
1103 156 53 32 Nr
1184 157 51 30 70.
1549 155 18 32 3

106 235 99 32 ifrån
231 236 107 32 alltså
363 236 79 32 med
468 236 74 31 lika
568 236 249 36 berättigande
843 236 90 31 krav
959 236 46 36 på
1030 245 135 22 samma
1192 235 129 36 åtgärd
1347 234 114 32 skulle
1486 234 121 32 kunna

107 289 105 35 göras
235 287 177 37 gällande.

146 338 18 31 I
186 338 159 37 enlighet
367 339 80 32 med
470 349 46 21 av
538 339 173 32 utskottet
733 339 104 37 gjord
860 338 213 32 hemställan
1097 338 208 32 föranledde
1329 338 180 31 motionen
1531 338 76 32 icke

106 391 120 35 någon
246 390 212 37 riksdagens
479 391 139 36 åtgärd.

146 482 104 33 Även
271 485 62 31 vid
359 485 78 31 1930
462 486 59 30 års
546 485 146 37 riksdag
716 486 146 31 väcktes
886 495 44 22 en
954 485 134 32 motion
1113 486 12 30 i
1151 486 99 31 detta
1275 488 112 34 ämne,
1409 486 81 31 vari
1515 486 92 31 hem-

107 535 157 38 ställdes,
284 538 53 30 att
354 536 194 37 riksdagen
567 537 85 31 ville
672 537 12 31 i
704 537 172 32 skrivelse
895 538 57 31 till
972 537 133 37 Kungl.
1124 537 112 37 Maj:t
1254 538 147 31 anhålla
1420 548 58 21 om
1496 538 112 32 sådan

107 588 155 36 ändring
291 588 12 30 i
332 589 167 35 gällande
527 589 218 37 jaktstadga,
773 591 54 30 att
856 589 341 37 fridlysningstiden
1226 590 55 31 för
1310 590 204 37 skogsfågel
1543 591 64 31 och

106 638 80 37 ripa
207 639 97 32 inom
325 639 237 33 Karesuando
582 640 128 32 socken
728 651 46 21 av
795 641 233 32 Norrbottens
1049 642 61 31 län
1131 642 64 31 och
1218 642 114 32 andra
1353 643 148 31 därmed
1521 642 86 37 jäm-

107 689 134 38 förliga
265 691 99 31 delar
389 702 46 21 av
459 692 131 36 landet,
621 692 5 31 i
652 692 66 32 den
743 693 218 37 omfattning
986 693 133 37 Kungl.
1144 694 110 36 Maj:t
1280 694 110 32 funne
1415 695 60 31 det
1498 695 110 36 lämp-

106 741 78 37 ligt,
208 742 222 32 fastställdes
455 743 56 31 till
534 743 98 32 tiden
657 744 84 31 från
764 745 64 31 och
851 745 81 32 med
955 746 67 31 den
1046 746 39 30 22
1108 756 96 21 mars
1228 746 57 31 till
1310 756 43 21 en
1376 756 125 22 senare
1526 747 82 32 från

108 792 67 32 den
196 793 38 31 21
257 794 146 36 augusti
426 794 231 37 framflyttad
679 796 54 31 tid
755 798 93 30 samt
867 798 54 30 att
941 797 64 32 vid
1028 797 121 37 fångst
1172 808 47 21 av
1241 799 112 35 sagda
1375 799 119 36 fåglar
1517 800 22 31 å
1559 809 49 21 nu

107 844 281 37 ifrågavarande
411 846 138 32 trakter
571 857 106 21 snara
699 849 110 30 måtte
832 849 38 31 få
891 850 195 31 användas.

145 896 19 31 I
184 896 196 38 anledning
401 908 46 21 av
469 898 116 32 denna
603 899 136 32 motion
760 900 149 32 anförde
931 901 368 36 jordbruksutskottet
1320 902 170 38 följande.

149 947 124 32 Såsom
297 951 167 30 närmare
487 951 162 36 framgår
673 962 47 20 av
745 952 67 31 den
836 963 48 20 nu
910 953 237 32 förevarande
1171 954 200 32 motionens
1394 952 218 45 motivering

106 991 67 31 har
202 992 69 31 den
297 1002 136 22 samma
462 994 181 37 egentliga
672 995 95 36 syfte
796 1006 74 21 som
901 997 243 37 förenämnda,
1173 998 63 32 vid
1266 999 78 31 1929
1372 1000 60 31 års
1460 999 148 38 riksdag

105 1035 131 31 väckta
256 1036 144 37 motion,
421 1037 182 37 nämligen
624 1040 54 30 att
697 1039 97 31 inom
814 1040 235 32 Karesuando
1070 1041 137 37 socken,
1227 1050 126 28 genom
1372 1052 45 22 en
1437 1043 171 36 förskjut-

105 1078 89 37 ning
212 1089 47 21 av
275 1079 190 37 jakttiden,
482 1082 21 30 å
520 1091 67 21 ena
604 1082 103 31 sidan
724 1082 197 33 inskränka
939 1084 77 36 den,
1034 1085 290 37 huvudsakligen
1341 1097 45 20 av
1404 1097 25 21 s.
1447 1087 33 31 k.
1497 1089 111 34 sport-

106 1121 135 38 Jägare,
266 1124 112 31 under
403 1124 126 31 hösten
552 1125 173 32 bedrivna
749 1126 184 37 ripjakten
958 1128 55 31 för
1038 1129 145 31 stående
1209 1129 99 32 hund
1332 1132 92 30 samt
1449 1131 21 30 å
1495 1131 113 32 andra

106 1165 104 32 sidan
231 1167 153 36 utvidga
407 1168 68 31 den
499 1179 46 21 av
567 1168 68 32 den
658 1169 141 32 bofasta
822 1171 254 36 befolkningen
1100 1173 113 31 under
1237 1173 247 37 eftervintern,
1509 1174 11 31 i
1545 1174 63 32 all-

105 1209 147 32 mänhet
274 1211 79 31 med
375 1221 118 26 snara,
515 1212 129 31 idkade
667 1213 237 37 ripfångsten.
948 1214 83 32 Med
1053 1215 142 37 hänsyn
1219 1216 162 37 tydligen
1404 1217 57 32 till
1483 1218 12 30 i
1519 1227 88 22 sam-

108 1253 182 37 manhang
321 1255 80 30 med
430 1255 265 37 behandlingen
725 1267 46 21 av
802 1258 98 31 förra
930 1258 95 31 årets
1054 1259 136 32 motion
1220 1260 162 32 uttalade
1411 1261 200 38 betänklig-

105 1296 100 32 heter
230 1300 74 29 mot
328 1300 53 29 att
406 1299 208 35 genomföra
639 1310 44 21 en
707 1300 101 36 dylik
834 1301 293 38 särlagstiftning
1154 1303 55 31 för
1234 1303 153 33 allenast
1412 1315 43 21 en
1480 1305 128 32 socken

106 1339 66 32 har
197 1340 317 38 framställningen
534 1361 41 5 —
599 1343 88 31 dock
712 1345 89 30 utan
822 1347 54 30 att
901 1346 119 36 någon
1043 1347 212 36 ytterligare
1280 1348 193 37 utredning
1500 1349 107 31 fram-

105 1383 124 37 lägges
251 1404 40 3 —
312 1395 49 21 nu
383 1385 186 37 utvidgats
591 1388 54 30 att
667 1387 97 36 gälla
786 1390 92 29 även
899 1389 115 31 andra
1036 1390 80 32 med
1138 1391 238 32 Karesuando
1398 1391 210 38 jämförliga

107 1427 99 31 delar
230 1438 46 21 av
300 1428 122 32 landet
445 1429 12 30 i
482 1429 67 31 den
573 1430 219 37 omfattning
815 1431 135 37 Kungl.
974 1433 110 36 Maj:t
1108 1433 121 32 finner
1253 1435 176 37 lämpligt.
1473 1436 134 32 Vidare

106 1470 115 36 gäller
244 1471 317 38 framställningen
584 1483 49 21 nu
658 1476 92 29 även
774 1474 203 38 skogsfågel
1002 1476 64 31 och
1092 1476 199 33 innefattar
1317 1478 136 36 jämväl
1479 1489 44 21 en
1547 1489 60 22 an-

106 1514 124 31 hållan
248 1524 56 21 om
321 1516 54 30 att
391 1515 64 32 vid
473 1516 122 36 fångst
613 1527 46 21 av
676 1517 99 36 ripor
793 1518 64 31 och
876 1519 203 37 skogsfågel
1098 1520 12 31 i
1131 1520 299 37 »ifrågavarande
1450 1523 154 31 trakter»

107 1567 108 22 snara
242 1559 110 30 måtte
382 1559 37 31 få
447 1560 196 36 användas,
670 1562 149 31 varmed
846 1562 60 31 väl
935 1563 100 31 torde
1062 1573 111 27 avses,
1201 1567 55 30 att
1285 1565 79 36 jakt
1391 1566 80 31 med
1500 1576 107 22 snara

107 1601 114 31 skulle
240 1602 39 30 få
298 1604 68 34 äga
385 1612 79 21 rum
484 1603 137 36 jämväl
640 1604 113 31 under
773 1605 68 31 den
859 1605 62 37 tid,
940 1606 45 31 då
1005 1607 68 31 den
1090 1607 104 36 eljest
1210 1609 47 35 på
1277 1609 117 36 grund
1413 1620 46 21 av
1477 1610 131 32 harens

107 1644 222 37 fridlysning
350 1645 77 32 icke
447 1646 114 32 skulle
581 1657 89 21 vara
691 1647 151 33 tillåten.

146 1688 18 31 I
188 1688 210 37 anslutning
421 1689 57 32 till
502 1690 67 31 den
592 1691 223 36 ståndpunkt
837 1692 174 33 utskottet
1034 1694 147 32 förlidet
1204 1696 41 30 år
1268 1695 100 38 intog
1392 1696 57 32 till
1473 1697 133 37 ifråga-

104 1732 161 32 varande
287 1733 183 37 spörsmål,
492 1733 59 32 får
570 1734 174 32 utskottet
766 1735 202 38 framhålla,
991 1739 53 30 att
1065 1738 194 37 utredning
1282 1739 225 34 fortfarande
1529 1741 78 32 sak-

106 1785 64 22 nas
192 1785 57 22 om
272 1776 257 37 lämpligheten
551 1788 45 21 av
619 1778 117 36 dylikt
758 1780 178 31 utsträckt
959 1781 236 36 medgivande
1219 1782 56 32 till
1298 1783 78 37 jakt
1396 1785 81 31 med
1499 1795 109 21 snara

106 1821 169 29 ävensom
297 1819 56 31 till
376 1820 139 32 ändrad
538 1821 294 37 fridlysningstid
856 1823 56 31 för
935 1824 213 37 skogsfågel.
1192 1825 83 32 Icke
1298 1826 110 33 heller
1430 1838 50 21 nu
1503 1838 103 22 anser

106 1862 54 37 sig
182 1863 174 32 utskottet
377 1863 123 32 därför
521 1864 123 33 kunna
665 1865 145 32 förorda
830 1867 136 31 sådana
988 1868 158 32 ändrade
1167 1869 354 39 jaktbestämmelser,
1542 1873 64 30 och

106 1906 112 31 redan
237 1916 47 21 av
306 1906 115 31 denna
442 1907 194 37 anledning
656 1908 72 31 kan
749 1909 174 33 utskottet
943 1910 33 36 ej
999 1911 185 37 tillstyrka
1206 1913 235 32 förevarande
1463 1916 143 30 motion.

82 1965 2 4 »
105 1949 184 31 Utskottet
311 1949 66 31 vill
402 1950 197 31 emellertid
623 1954 92 28 även
740 1952 203 37 framhålla,
967 1955 53 30 att
1045 1954 136 36 jämväl
1205 1956 12 30 i
1242 1957 70 31 vad
1336 1959 113 34 angår
1475 1959 131 30 förhål-

105 1992 155 32 landena
281 1993 229 31 beträffande
532 1993 183 37 ripjakten
737 1995 11 30 i
771 1996 236 32 Karesuando
1028 1998 128 31 socken
1177 1999 214 38 erforderlig
1413 2002 193 36 utredning

107 2036 225 31 fortfarande
355 2036 78 32 icke
457 2036 203 37 föreligger.
703 2038 82 32 Med
808 2039 140 37 hänsyn
971 2040 124 32 härtill
1119 2052 105 21 anser
1248 2043 54 36 sig
1326 2044 173 32 utskottet
1521 2046 85 31 böra

106 2079 126 36 uttala,
259 2081 54 30 att
338 2079 281 37 ifrågavarande
646 2082 260 36 angelägenhet
930 2083 195 37 lämpligen
1153 2086 99 31 torde
1279 2087 195 33 behandlas
1500 2089 11 30 i
1539 2090 68 30 den

106 2122 164 36 ordning,
294 2124 53 30 att
373 2124 68 30 den
465 2124 92 30 efter
583 2124 214 38 fullständig
822 2126 95 31 lokal
944 2128 192 37 utredning
1161 2129 12 31 i
1201 2130 114 31 första
1339 2131 96 32 hand
1460 2132 145 37 bringas

106 2166 113 31 under
240 2167 134 35 Kungl.
396 2167 128 36 Maj:ts
545 2168 188 37 prövning.

144 2235 379 34 Jordbruksutskottet
547 2238 111 35 ansåg
684 2238 54 36 sig
762 2240 46 34 på
832 2239 152 32 sålunda
1008 2242 154 31 anförda
1186 2242 78 31 skäl
1289 2243 77 32 icke
1389 2244 123 32 kunna
1537 2246 67 30 till-

105 2286 125 36 styrka
255 2287 192 31 avlåtande
470 2298 46 20 av
541 2288 171 32 skrivelse
737 2289 56 31 till
818 2291 134 35 Kungl.
977 2292 109 36 Maj:t
1111 2294 79 30 med
1216 2294 171 32 anhållan
1412 2306 57 21 om
1493 2297 112 31 sådan

104 2337 156 37 ändring
282 2338 11 29 i
316 2338 166 35 gällande
504 2338 218 38 jaktstadga,
743 2351 74 20 som
838 2341 11 31 i
871 2342 180 31 motionen
1072 2344 194 35 åsyftades.
1307 2346 18 30 I
1347 2347 157 36 enlighet
1526 2349 79 31 med

106 2387 190 32 utskottets
322 2388 119 31 tillika
467 2389 127 36 gjorda
619 2390 215 32 hemställan
860 2393 206 32 föranledde
1093 2395 76 32 icke
1195 2395 110 32 heller
1332 2398 115 31 denna
1472 2400 134 31 motion

104 2439 119 35 någon
247 2440 210 36 riksdagens
481 2441 138 36 åtgärd.

1654 488 104 24 Motion
1776 489 45 23 vid

1630 522 70 25 1930
1713 524 45 23 års
1770 523 69 24 riks-

1709 559 58 32 dag.
