2216 2553
705 150 104 32 Stats-
818 149 167 32 Utskottets
1014 148 170 30 Utlåtande
1206 146 63 32 N:o
1293 146 51 31 29.
1778 146 18 26 7

217 241 162 37 varande
419 238 260 38 beskaffenhet
720 251 43 22 en
804 237 53 35 fix
898 235 249 46 köpeskilling
1188 232 212 37 bestämdes
1437 233 10 34 i
1481 232 127 36 stället
1650 229 56 36 för
1745 229 94 47 årlig

219 292 148 48 afgäld;
410 292 67 35 och
522 291 67 34 har
625 290 103 35 detta
756 294 104 42 synts
888 285 196 36 Utskottet
1112 288 38 31 så
1181 284 149 48 mycket
1360 283 370 47 ändamålsenligare,
1760 293 78 22 som

220 343 70 35 den
334 347 118 32 åsatta
495 340 175 48 afgälden
714 342 159 43 mången
915 339 100 45 gång
1043 338 112 43 utgår
1184 335 85 35 med
1299 337 39 32 så
1367 335 107 46 ringa
1502 334 150 47 belopp,
1684 337 55 30 att
1768 331 70 35 den

220 394 218 47 derigenom
474 391 167 36 erhållna
669 390 211 34 inkomsten
911 388 184 46 knappast
1125 387 69 33 kan
1224 398 104 22 anses
1359 391 175 40 motväga
1562 384 173 35 besväret
1756 381 83 35 med

221 445 84 35 dess
335 442 215 46 debitering
577 441 67 35 och
674 438 185 49 uppbörd.

355 492 199 36 Utskottet
582 491 212 35 hemställer
824 489 122 35 alltså:

488 545 56 33 1:o
587 547 53 30 att
682 540 212 47 Riksdagen
946 541 58 32 må
1049 537 81 36 med
1174 537 101 36 bifall
1317 537 57 35 till
1418 536 96 36 hvad
1558 535 135 47 Kongl.
1737 533 104 46 Maj:t

601 592 202 46 föreslagit,
834 587 202 50 medgifva,

563 642 35 45 a)
627 648 55 30 att
710 641 78 35 från
821 639 405 48 fanjunkarebostället
1259 638 119 48 Stoby
1412 636 76 36 N:is
1519 638 20 33 2
1570 635 68 36 och
1670 636 20 34 3
1712 637 58 32 må
1786 633 58 36 för

628 692 107 36 ofvan
765 690 149 49 angifna
943 689 172 36 ändamål
1145 688 196 36 afsöndras
1371 686 250 37 omförmälda
1642 684 202 49 jordrymd

629 743 39 37 af
695 745 19 33 3
745 740 220 50 gvadratref
992 742 46 33 64
1067 740 311 48 qvadratstänger
1407 742 100 31 emot
1535 737 95 46 årlig
1647 735 124 47 afgäld
1789 739 55 31 att

629 797 47 44 på
704 793 205 45 föreslaget
936 796 74 30 sätt
1040 794 106 43 utgå;

566 843 39 47 b)
635 850 54 30 att
729 842 82 36 från
854 842 184 46 indragna
1080 840 369 36 hautboistbostället
1493 837 192 47 Ingeshult
1718 835 69 36 N:o
1825 837 17 33 1

628 899 71 40 må,
728 893 57 36 för
814 892 232 47 utvidgande
1075 891 38 35 af
1138 890 154 48 Seglora
1319 889 244 46 församlings
1592 887 254 35 skolhustomt

628 944 194 37 afsöndras
864 943 126 35 dertill
1033 941 210 48 föreslagna
1274 941 44 34 19
1349 938 217 49 qvadratref
1593 939 43 34 56
1667 936 178 48 qvadrat-

628 1002 155 39 stänger
825 997 47 44 på
914 992 113 36 ofvan
1069 991 153 49 angifna
1263 991 122 35 vilkor
1426 988 192 49 angående
1659 987 187 48 stängsels

633 1045 238 50 uppförande
914 1043 69 35 och
1026 1041 311 44 underhållande;
1379 1040 94 36 dock
1502 1045 55 30 att
1586 1038 175 48 afgälden
1789 1036 58 36 för

632 1097 120 35 denna
792 1094 220 48 afsöndring
1048 1096 59 32 må
1136 1093 226 35 bestämmas
1391 1103 137 35 genom
1558 1102 49 34 ny
1636 1088 210 45 värdering,

632 1146 131 36 dervid
805 1145 144 48 hänsyn
991 1148 59 31 må
1091 1150 105 39 tagas
1237 1143 56 34 till
1337 1142 69 35 den
1442 1139 224 37 afsöndrade
1691 1137 156 48 jordens

633 1196 230 37 förhållande
903 1195 57 35 till
1003 1195 176 35 bostället
1206 1194 10 34 i
1247 1193 83 35 dess
1364 1192 128 35 helhet
1521 1194 40 31 så
1590 1190 58 35 väl
1677 1188 86 36 med
1793 1186 54 36 af-

633 1248 134 36 seende
809 1249 20 32 å
871 1246 229 34 hemmanets
1135 1243 196 47 utskylder
1365 1255 80 23 som
1475 1240 109 36 äfven
1613 1237 234 38 beträffande

634 1299 83 35 dess
747 1296 236 46 afkastning;

571 1348 35 47 c)
636 1356 54 30 att
719 1348 81 36 från
830 1347 183 46 indragna
1042 1344 376 36 hautboistbostället
1445 1341 169 49 Båraryd
1638 1333 210 55 Östergård

636 1400 67 36 N:o
733 1402 19 33 2
783 1401 59 31 må
876 1396 58 36 för
967 1395 249 37 omförmälda
1245 1394 172 36 ändamål
1447 1392 195 36 afsöndras
1672 1404 43 22 en
1741 1389 108 48 jord-

634 1450 110 49 rymd
774 1447 38 37 af
839 1461 44 22 en
914 1445 226 49 qvadratref,
1172 1451 100 30 emot
1301 1445 94 45 årlig
1423 1442 124 48 afgäld
1577 1441 39 36 af
1630 1454 66 23 sex
1714 1441 136 34 kronor

637 1504 45 33 28
711 1508 80 36 öre;

573 1551 39 46 d)
642 1557 53 30 att
740 1551 81 34 från
871 1548 182 46 indragna
1104 1543 499 38 häradsskrifvarebostället
1651 1542 199 35 Vattensta

635 1602 67 35 N:o
731 1604 20 32 4
782 1602 59 33 må
869 1598 57 35 för
956 1597 153 46 angifna
1131 1596 172 36 ändamål
1325 1594 193 36 afsöndras
1540 1599 53 30 ett
1605 1591 244 48 jordområde

637 1651 40 37 af
701 1654 21 32 4
752 1648 220 51 qvadratref
998 1650 45 33 76
1074 1647 314 48 qvadratstänger
1417 1650 102 30 emot
1547 1644 96 45 årlig
1668 1641 121 48 afgitt,
1806 1644 44 44 på

636 1708 72 30 sätt
749 1700 112 37 ofvan
902 1707 41 27 är
983 1697 255 43 omförmäldt,
1281 1696 68 35 och
1380 1696 11 35 i
1420 1694 116 48 öfrigt
1564 1697 47 44 på
1640 1693 210 46 föreslagna

634 1754 138 43 vilkor;
799 1751 66 36 och

573 1802 38 46 e)
640 1809 55 30 att
721 1803 85 35 från
835 1800 337 36 kronohemmanet
1201 1797 123 36 Nedre
1352 1795 128 37 Jerfva
1510 1795 69 35 N:o
1611 1797 19 32 2
1662 1796 70 41 må,
1750 1798 101 30 emot

638 1853 252 48 köpeskilling
918 1850 38 35 af
982 1856 53 29 ett
1058 1856 105 29 tusen
1181 1848 139 35 kronor
1336 1848 66 34 och
1421 1845 109 36 ofvan
1550 1843 148 49 angifna
1714 1844 136 41 vilkor,

638 1905 56 35 till
722 1901 237 37 bandlanden
989 1901 169 45 Ahlberg
1187 1898 171 46 försäljas
1388 1897 69 34 den
1488 1894 237 37 omförmälda
1743 1893 108 47 jord-

638 1954 110 48 rymd
777 1967 60 21 om
867 1956 19 32 &
918 1950 216 49 qvadratref
1161 1951 45 34 50
1229 1948 319 48 gvadratstänger,
1565 1952 55 30 att
1637 1946 72 35 den
1726 1943 126 36 härför

639 2004 208 48 inflytande
877 2002 294 47 köpeskillingen
1193 2003 59 32 må
1278 2002 46 44 på
1340 1998 203 47 föreslaget
1558 2002 75 30 sätt
1649 1994 203 41 användas,

640 2056 195 35 äfvensom
865 2060 54 29 att
947 2052 206 46 ersättning
1174 2051 56 35 till
1246 2050 230 35 hemmanets
1493 2046 217 37 nuvarande
1727 2056 125 24 arren-

642 2106 109 35 dator
780 2106 89 35 eller
900 2105 93 34 hans
1022 2100 340 38 rättsinnehafvare
1392 2103 72 39 må,
1480 2098 120 36 under
1621 2109 50 22 nu
1692 2094 160 48 löpande

640 2155 307 48 arrendeperiod,
990 2153 40 35 af
1055 2152 215 37 statsmedel
1316 2154 88 42 utgå
1438 2149 83 35 med
1554 2147 130 36 femtio
1713 2146 139 34 kronor

640 2207 158 46 årligen;
827 2211 96 30 samt
