1886 2788
441 199 118 29 Andra
583 198 245 39 lagutskottets
852 196 179 30 utlåtande
1053 205 42 20 nr
1117 196 41 29 58
1179 195 40 30 år
1243 195 83 29 1963
1610 192 16 29 7

184 279 167 31 Gällande
372 279 263 30 bestämmelser
656 286 102 31 synes
781 277 159 34 sålunda,
963 276 103 30 anför
1088 275 169 40 styrelsen
1281 272 348 39 sammanfattnings-

142 334 61 33 vis,
221 333 232 39 otillräckliga
471 332 55 29 för
544 334 50 28 att
612 331 44 40 på
673 333 49 28 ett
740 331 102 39 tidigt
861 330 153 30 stadium
1031 331 36 28 ta
1085 328 95 30 hand
1198 337 58 20 om
1275 327 195 39 ungdomar
1488 334 76 21 som
1581 325 48 29 lö-

141 396 61 30 per
219 387 73 29 risk
309 388 51 28 att
378 386 142 29 komma
537 385 44 40 på
598 385 80 39 glid.
696 384 197 29 Problemet
911 383 106 40 gäller
1035 383 71 29 inte
1124 382 84 29 bara
1225 380 301 40 raggarflickorna
1544 380 84 28 utan

142 440 203 30 överhuvud
371 439 195 40 ungdomar
592 447 76 21 som
693 437 192 40 uppträder
911 437 11 29 i
948 436 149 39 miljöer,
1123 435 95 29 vilka
1244 434 102 39 utgör
1373 432 174 41 grogrund
1575 431 55 30 för

141 495 133 32 vanart,
297 496 23 27 t.
343 502 51 20 ex.
417 492 195 40 ungdomar
634 500 75 21 som
731 490 150 30 nattetid
903 490 114 29 driver
1039 488 163 40 omkring
1223 488 10 29 i
1257 487 41 30 de
1322 487 109 29 större
1455 485 173 30 städerna.

143 547 137 29 Polisen
300 547 62 29 bör
382 547 64 28 här
465 546 160 39 rimligen
645 545 71 29 inte
737 544 53 29 stå
811 546 85 27 utan
916 543 221 39 möjligheter
1157 543 51 28 att
1227 541 137 39 ingripa
1385 540 51 29 till
1457 539 41 30 de
1519 546 110 31 ungas

140 600 109 30 bästa.

185 654 65 29 Det
269 653 168 30 framstår
456 652 107 40 enligt
583 651 169 40 styrelsen
774 650 79 29 från
874 650 88 29 flera
982 649 218 39 synpunkter
1221 656 76 21 som
1317 647 135 29 mindre
1472 645 158 40 lämpligt

142 709 50 28 att
208 707 134 39 polisen
360 706 55 30 får
432 706 182 39 möjlighet
631 705 52 30 till
700 705 65 29 här
781 703 148 30 berörda
945 702 232 40 ingripanden
1195 701 107 39 enligt
1320 700 41 30 de
1379 699 251 39 författningar

142 769 75 21 som
239 760 153 39 reglerar
414 759 153 40 polisens
591 757 284 41 primäruppgift,
900 758 51 28 att
974 755 239 40 upprätthålla
1237 754 132 30 allmän
1393 753 149 39 ordning
1566 752 65 29 och

143 814 162 30 säkerhet
336 815 91 28 samt
456 812 186 40 förebygga
671 812 103 29 brott.
803 811 71 29 När
903 810 57 30 det
990 809 106 40 gäller
1124 808 254 30 vilsekommen
1407 806 154 40 ungdom
1591 806 40 28 är

142 868 57 29 det
217 868 71 29 inte
308 867 11 29 i
339 867 112 29 första
469 866 95 30 hand
584 875 42 20 en
647 865 99 39 fråga
765 865 124 28 härom
909 865 86 28 utan
1015 872 57 20 om
1093 862 170 40 åtgärder,
1285 870 77 20 som
1381 861 101 39 utgör
1502 861 48 28 ett
1570 869 60 20 na-

141 921 120 39 turligt
280 920 134 30 utflöde
434 929 41 20 av
494 919 66 29 den
579 917 288 31 barnavårdande
886 916 269 30 verksamheten
1173 915 11 29 i
1203 914 122 40 övrigt.
1348 913 174 40 Styrelsen
1542 912 89 30 före-

143 974 78 34 slår,
239 976 50 28 att
305 974 154 39 polisens
475 972 231 40 ingripanden
723 971 55 29 för
794 973 51 27 att
862 970 166 39 avlägsna
1045 969 153 39 ungdom
1215 968 80 29 från
1313 967 186 39 olämpliga
1516 966 115 39 miljö-

143 1037 36 20 er
201 1028 54 29 får
278 1028 61 29 ske
361 1027 80 29 med
463 1026 77 29 stöd
562 1035 42 20 av
626 1027 48 28 ett
695 1024 121 39 tillägg
837 1024 52 29 till
912 1023 40 29 33
978 1023 15 36 $
1017 1021 328 39 barnavårdslagen.
1368 1021 103 29 Detta
1493 1020 62 28 bör
1578 1021 53 27 ut-

143 1082 131 28 formas
291 1081 11 29 i
319 1080 205 39 anslutning
540 1079 52 29 till
610 1079 66 29 den
693 1078 129 39 praxis,
841 1086 75 20 som
933 1076 45 40 på
993 1076 94 29 vissa
1103 1075 71 30 håll
1192 1075 109 29 redan
1319 1074 167 29 utbildats
1503 1073 11 29 i
1532 1072 99 40 fråga

141 1143 57 21 om
221 1134 154 39 polisens
399 1131 370 40 brottsförebyggande
794 1130 233 30 verksamhet.
1053 1128 267 39 Förutsättning
1345 1127 55 29 för
1424 1125 206 40 ingripande

142 1188 62 29 bör
223 1197 84 20 vara
329 1189 50 28 att
401 1186 67 30 den
490 1185 206 39 underårige
718 1183 176 31 anträffas
917 1182 112 30 under
1051 1182 132 30 sådana
1205 1180 256 34 förhållanden,
1484 1181 51 28 att
1557 1179 74 29 risk

144 1240 70 30 kan
231 1242 146 37 antagas
395 1238 167 39 föreligga
580 1238 55 29 för
652 1238 89 28 hans
759 1236 101 30 hälsa
878 1235 82 30 eller
978 1234 199 39 utveckling
1195 1234 83 29 eller
1297 1233 55 29 för
1369 1232 160 39 brottslig
1547 1231 83 30 eller

143 1303 117 21 annan
277 1293 137 40 skadlig
430 1292 223 31 verksamhet
669 1291 80 30 från
766 1291 90 29 hans
875 1290 85 29 sida.
980 1289 137 30 Sådana
1133 1288 113 30 risker
1264 1287 55 30 får
1336 1287 107 39 enligt
1461 1286 170 39 styrelsen

143 1357 100 20 anses
264 1347 168 39 föreligga
449 1348 23 27 t.
492 1355 51 20 ex.
562 1344 221 31 beträffande
803 1343 206 40 ungdomar,
1029 1351 75 20 som
1125 1343 76 28 sent
1220 1341 45 39 på
1284 1340 182 30 kvällarna
1485 1339 83 29 eller
1587 1338 45 39 på

143 1401 161 29 nätterna
322 1400 115 29 driver
454 1399 162 39 omkring
632 1398 11 29 i
662 1397 175 33 städerna,
857 1396 142 30 särskilt
1017 1395 44 39 på
1079 1395 130 39 platser
1227 1403 76 20 som
1321 1392 312 31 erfarenhetsmäs-

143 1454 66 39 sigt
226 1454 39 29 är
281 1453 127 30 tillhåll
426 1453 55 29 för
498 1451 136 30 mindre
652 1451 218 29 skötsamma
886 1457 176 31 personer.
1081 1448 203 29 Detsamma
1302 1446 107 40 gäller
1426 1445 206 39 ungdomar,

144 1516 74 21 som
237 1507 10 29 i
267 1506 47 30 bil
334 1506 115 29 driver
468 1505 162 38 omkring
649 1504 11 29 i
680 1503 175 30 städerna.
876 1501 279 40 Uppenbarligen
1174 1501 39 29 är
1232 1500 161 29 riskerna
1413 1498 105 30 också
1538 1500 93 27 stora

143 1561 11 29 i
170 1560 98 39 fråga
285 1569 57 20 om
359 1559 68 29 den
444 1559 94 29 förut
555 1557 147 30 berörda
719 1555 183 40 kategorin
919 1554 205 40 ungdomar,
1142 1553 143 30 särskilt
1303 1552 111 30 under
1434 1552 37 29 15
1489 1551 48 34 år,
1557 1560 75 20 som

144 1614 156 30 ansluter
316 1613 52 39 sig
382 1612 52 30 till
450 1612 41 29 de
507 1621 26 20 s.
548 1611 33 29 k.
597 1610 271 40 raggargängen.

190 1666 175 40 Styrelsen
385 1666 117 29 finner
522 1664 57 30 det
599 1664 174 29 tveksamt
794 1671 57 21 om
872 1661 231 40 ingripanden
1123 1669 43 21 av
1184 1660 65 29 här
1270 1660 112 29 avsett
1403 1659 73 39 slag
1496 1658 62 29 bör
1577 1657 57 30 be-

145 1720 144 39 gränsas
307 1719 53 30 till
379 1718 208 39 underåriga
605 1717 11 29 i
635 1717 41 30 de
694 1717 93 38 lägre
806 1715 175 30 åldrarna.
1000 1714 157 30 Gränsen
1175 1713 63 30 bör
1256 1713 10 29 i
1286 1712 38 30 så
1343 1712 61 30 fall
1424 1711 111 30 under
1553 1711 80 39 inga

145 1772 246 31 förhållanden
409 1772 109 29 sättas
535 1771 94 39 lägre
647 1771 45 28 än
713 1770 37 29 15
769 1769 49 30 år.
838 1769 51 29 En
908 1767 204 40 lämpligare
1130 1766 221 39 åldersgräns
1371 1774 101 31 synes
1491 1774 83 20 vara
1594 1764 39 30 18

144 1827 48 29 år.
214 1825 225 40 Ingripandet
460 1824 63 30 bör
542 1824 72 29 inte
635 1824 46 29 ha
701 1823 138 29 formen
861 1831 43 21 av
924 1823 49 28 ett
995 1819 344 39 omhändertagande
1361 1819 10 29 i
1393 1818 149 40 egentlig
1563 1826 71 21 me-

147 1879 92 39 ning.
265 1879 111 39 Syftet
400 1878 62 29 bör
485 1877 124 30 endast
631 1885 84 21 vara
737 1877 51 28 att
813 1875 55 29 för
892 1874 152 30 stunden
1068 1873 165 39 avlägsna
1257 1872 67 29 den
1348 1879 90 31 unge
1462 1871 80 29 från
1567 1870 66 30 den

145 1933 98 39 miljö
266 1932 70 29 han
360 1931 79 30 sökt
462 1930 51 40 sig
535 1930 62 30 till.
621 1928 184 31 Anträffas
828 1928 67 29 den
918 1935 89 31 unge
1031 1926 111 29 under
1165 1925 246 30 förhållanden
1435 1933 75 20 som
1533 1923 101 30 moti-

144 1995 100 20 verar
267 1986 48 29 ett
340 1984 216 39 ingripande,
580 1983 63 29 bör
666 1983 69 29 han
761 1981 102 30 alltså
888 1988 124 32 genom
1036 1979 153 39 polisens
1214 1978 137 39 försorg
1376 1977 94 30 föras
1495 1976 51 30 till
1573 1976 60 30 sitt

144 2040 80 28 hem
240 2038 85 30 eller
344 2038 51 29 till
414 2037 104 39 något
537 2035 266 40 ungdomshem,
823 2034 108 29 sedan
949 2034 89 29 hans
1057 2031 160 30 identitet
1237 2031 65 30 och
1321 2030 96 30 ålder
1436 2030 197 30 fastställts.

145 2092 173 29 Anmälan
333 2091 53 29 till
401 2088 395 31 barnavårdsnämnden
812 2087 62 29 bör
890 2087 60 29 ske
966 2086 11 29 i
993 2085 99 40 fråga
1107 2094 57 20 om
1180 2084 68 30 alla
1264 2083 232 40 ingripanden
1513 2092 41 21 av
1570 2083 64 29 här

145 2144 266 40 ifrågavarande
430 2143 83 39 slag.

189 2198 65 28 Det
270 2206 41 21 av
328 2196 169 39 styrelsen
514 2195 197 38 föreslagna
727 2194 154 38 tillägget
898 2193 52 29 till
967 2192 40 29 33
1028 2192 14 36 $
1061 2191 317 39 barnavårdslagen
1395 2191 64 29 har
1477 2189 156 39 följande

145 2250 139 39 lydelse.

188 2310 184 30 Anträffas
397 2309 196 38 underårig,
619 2317 75 20 som
718 2308 30 38 ej
777 2307 78 39 fyllt
879 2306 146 30 aderton
1049 2305 49 34 år,
1124 2305 110 29 under
1261 2304 254 33 förhållanden,
1540 2303 94 29 vilka

145 2356 110 29 måste
272 2356 146 37 antagas
436 2353 169 29 innebära
622 2352 74 29 risk
715 2351 54 29 för
787 2351 67 29 den
874 2349 224 39 underåriges
1116 2349 100 29 hälsa
1233 2348 84 29 eller
1335 2347 198 39 utveckling
1551 2347 83 29 eller

146 2400 54 29 för
218 2399 161 39 brottslig
397 2398 82 29 eller
498 2406 117 21 annan
634 2395 137 39 skadlig
789 2394 224 30 verksamhet
1032 2393 80 29 från
1130 2393 89 29 hans
1239 2392 86 33 sida,
1345 2391 56 30 må
1420 2392 69 29 han
1510 2399 123 31 genom

145 2442 357 41 polismyndighetens
525 2441 136 39 försorg
681 2442 97 37 tagas
799 2448 57 20 om
878 2438 94 30 hand
993 2438 64 29 och
1079 2437 43 39 på
1143 2436 159 39 lämpligt
1324 2436 68 29 sätt
1414 2436 221 29 överantvar-

146 2488 61 30 das
228 2488 50 29 till
300 2486 221 30 föräldrarna
540 2485 83 30 eller
642 2493 117 21 annan
781 2484 159 29 fostrare.
961 2482 173 29 Anmälan
1155 2490 56 20 om
1232 2480 122 39 åtgärd
1376 2489 75 20 som
1472 2488 47 21 nu
1540 2481 94 37 sagts

146 2532 87 30 skall
249 2532 100 38 göras
363 2531 51 29 till
428 2528 406 32 barnavårdsnämnden.
