1882 2788
413 173 120 31 Andra
555 172 247 41 lagutskottets
825 171 180 32 utlåtande
1026 180 43 21 nr
1090 171 42 31 58
1153 170 40 31 år
1216 170 84 30 1963
1585 167 14 30 1

793 435 65 41 Nr
880 435 56 42 58

316 549 184 31 Utlåtande
522 549 11 30 i
553 547 189 40 anledning
763 556 42 21 av
846 546 105 30 dels
992 545 126 40 Kungl.
1139 544 125 40 Maj:ts
1285 542 217 41 proposition
1523 540 80 31 med

513 602 133 40 förslag
667 601 53 30 till
740 601 55 40 lag
816 609 56 21 om
894 598 135 31 ändrad
1051 598 128 40 lydelse
1200 607 42 20 av
1263 597 41 30 33
1325 596 64 30 och
1411 595 41 31 87
1465 594 43 38 $$
1530 594 74 31 bar-

514 654 254 40 navårdslagen
795 653 66 30 den
887 653 43 30 29
956 652 91 40 april
1074 652 83 29 1960
1188 651 60 34 (nr
1274 649 73 37 97),
1374 649 106 30 dels
1518 647 87 31 ock

516 709 11 30 t
540 709 119 30 ämnet
675 707 123 31 väckta
814 707 183 30 motioner.

163 818 132 30 Genom
312 826 43 21 en
374 817 66 30 den
460 816 18 30 5
497 816 89 40 april
608 815 82 30 1963
710 813 219 41 dagtecknad
947 812 228 40 proposition,
1195 820 42 21 nr
1259 810 71 35 145,
1349 809 117 30 vilken
1484 808 121 30 hänvi-

120 874 70 28 sats
210 871 52 30 till
283 870 193 40 lagutskott
495 870 65 29 och
580 868 206 31 behandlats
807 877 43 20 av
869 866 112 31 andra
999 865 238 40 lagutskottet,
1259 864 65 30 har
1343 863 125 40 Kungl.
1488 862 116 40 Maj:t,

123 925 109 30 under
252 923 220 41 åberopande
493 932 43 21 av
556 921 262 41 propositionen
839 919 140 40 bilagda
999 919 11 30 i
1034 918 187 31 statsrådet
1242 918 65 29 och
1329 916 156 40 lagrådet
1506 915 100 30 förda

124 978 181 41 protokoll,
322 977 178 39 föreslagit
514 976 187 39 riksdagen
716 977 51 28 att
782 976 127 37 antaga
925 972 158 40 följande

795 1169 137 41 Förslag

841 1240 53 31 till

812 1326 102 55 Lag

125 1443 55 20 om
195 1431 126 32 ändrad
336 1431 120 43 lydelse
471 1441 42 20 av
529 1430 41 31 33
587 1429 63 31 och
665 1428 42 31 87
723 1428 46 41 88
797 1425 299 43 barnavårdslagen
1111 1425 64 31 den
1190 1424 41 31 29
1260 1423 82 43 april
1364 1422 84 32 1960
1470 1423 59 43 (nr
1549 1421 60 43 97)

171 1529 212 39 Härigenom
410 1527 196 34 förordnas,
633 1527 51 29 att
712 1525 40 30 33
781 1524 65 30 och
874 1523 40 31 87
945 1523 38 37 $$
1012 1521 317 39 barnavårdslagen
1356 1521 67 29 den
1451 1519 40 30 29
1520 1518 85 40 april

129 1583 82 31 1960
225 1582 99 31 skola
337 1582 131 31 erhålla
480 1580 135 31 ändrad
628 1579 130 41 lydelse
771 1578 44 41 på
829 1578 69 30 sätt
912 1577 115 30 nedan
1040 1576 152 40 angives.

310 1688 184 36 (Gällande
511 1687 147 41 lydelse)
1061 1682 225 40 (Föreslagen
1304 1680 147 41 lydelse)

823 1738 40 30 33
891 1738 28 37 8.

171 1805 150 30 Innebär
334 1803 203 40 underårigs
572 1820 23 4 —
604 1817 265 7 ———-—
833 1799 39 48 —
880 1797 368 33 barnavårdsnämnds
1262 1796 123 30 beslut.

171 1858 52 31 Då
236 1857 188 40 underårig
457 1874 22 4 —
506 1873 81 5 ——
611 1872 142 5 ———
764 1863 119 21 annan
897 1853 160 29 fostrare.

942 1904 189 40 Föreligga,
1152 1906 83 28 utan
1255 1906 52 28 att
1324 1904 77 39 fara
1420 1912 75 21 som
1514 1912 98 21 avses

899 1958 12 30 i
923 1959 112 39 första
1050 1957 135 40 stycket
1199 1958 40 29 är
1252 1957 57 40 för
1322 1956 151 37 handen,
1487 1964 126 22 sanno-

899 2012 70 30 lika
1000 2011 78 30 skäl
1105 2011 57 39 för
1192 2009 205 41 ingripande
1427 2009 79 30 med
1535 2009 79 29 stöd

897 2074 43 21 av
972 2065 42 29 25
1035 2064 21 37 $
1088 2063 64 31 och
1186 2063 70 31 kan
1289 2063 66 30 den
1390 2062 224 40 underåriges

897 2126 120 28 namn,
1042 2117 97 30 ålder
1164 2117 82 30 eller
1273 2116 122 30 bostad
1420 2115 76 31 icke
1522 2115 93 30 utrö-

898 2180 75 27 nas,
994 2170 57 30 må
1071 2170 70 30 han
1164 2170 69 29 tills
1255 2169 187 39 utredning
1463 2168 11 30 i
1491 2168 124 29 nämn-

898 2224 44 30 da
963 2223 198 30 hänseende
1184 2222 141 30 vunnits
1348 2223 96 38 tagas
1466 2221 12 30 i
1497 2221 118 39 förvar

899 2286 43 20 av
959 2275 295 40 polismyndighet
1273 2275 83 29 eller
1375 2274 11 29 i
1403 2273 149 31 avbidan
1570 2273 44 39 på

900 2329 78 30 dess
1000 2328 112 30 beslut
1132 2337 43 21 av
1193 2327 185 40 polisman.
1399 2327 72 29 Har
1491 2325 125 30 under-

900 2382 75 39 årig
991 2381 102 40 tagits
1110 2381 12 29 i
1135 2381 119 39 förvar
1268 2389 43 21 av
1324 2379 186 40 polisman,
1525 2378 91 31 skall

899 2435 165 30 anmälan
1084 2433 208 40 skyndsamt
1310 2433 101 39 göras
1429 2432 64 29 hos
1512 2431 104 40 polis-

901 2487 260 40 myndigheten.

134 2557 13 29 1
162 2574 44 4 —
218 2556 136 39 Bihang
369 2555 51 30 till
433 2554 205 39 riksdagens
651 2551 177 42 protokoll
844 2551 94 29 1963.
953 2550 20 29 9
987 2548 100 31 saml.
1101 2549 20 29 2
1135 2547 76 31 avd.
1225 2548 50 29 Nr
1289 2548 41 29 58
