1856 2780
274 146 35 29 12
599 150 123 28 Första
744 150 244 39 lagutskottets
1009 152 178 31 utlåtande
1208 164 42 19 nr
1271 156 14 28 7
1306 155 38 29 år
1368 156 81 29 1956

272 239 43 19 m.
337 239 44 22 m.
404 233 90 27 samt
515 232 131 30 sådana
667 233 533 42 byggnadsforskningsavgifter
1222 238 106 39 enligt
1351 239 249 41 förordningen
1623 244 153 37 angåen-

271 280 41 29 de
327 280 495 42 byggnadsforskningsavgift
839 284 92 31 vilka
949 286 74 29 icke
1040 287 173 39 uppbäres
1231 298 41 20 av
1288 285 485 49 riksförsäkringsanstalten.

315 330 391 41 Arbetsgivarbidragen
731 334 105 39 enligt
860 334 101 40 lagen
986 345 56 20 om
1067 337 418 42 yrkesskadeförsäkring
1510 343 195 30 motsvaras
1732 353 42 20 av

272 381 232 39 försäkrings-
524 383 63 28 och
609 383 286 40 tilläggsavgifter
916 386 106 38 enligt
1042 387 67 29 den
1130 397 146 21 numera
1296 390 186 38 upphävda
1504 391 100 39 lagen
1625 402 56 20 om
1703 393 71 30 för-

271 430 142 41 säkring
433 432 55 29 för
508 432 183 39 olycksfall
712 435 10 29 i
744 434 124 30 arbete.
889 435 241 32 Förmånsrätt
1151 438 54 29 för
1226 439 147 38 avgifter
1393 440 106 40 enligt
1520 442 67 29 den
1608 443 95 29 äldre
1725 443 48 29 la-

271 488 62 31 gen
353 482 38 29 är
411 482 217 30 föreskriven
648 483 10 29 i
681 484 37 29 17
739 484 78 40 kap.
840 485 38 29 12
901 485 15 37 8
936 486 286 31 handelsbalken.

314 532 13 28 I
346 532 95 30 detta
461 534 255 39 sammanhang
735 535 58 29 må
811 536 157 34 nämnas,
989 538 50 28 att
1059 537 40 30 63
1122 537 14 37 $
1159 539 98 38 lagen
1278 549 55 20 om
1353 541 421 41 yrkesskadeförsäkring

270 582 148 39 stadgar,
438 584 51 28 att
506 592 56 20 om
581 584 10 28 i
610 584 56 40 lag
683 585 82 28 eller
784 585 209 41 författning
1011 588 236 30 förekommer
1265 590 211 40 hänvisning
1495 592 51 29 till
1567 589 202 48 stadgande,

271 641 73 20 som
361 634 126 29 ersatts
506 641 123 31 genom
647 635 242 30 bestämmelse
907 637 11 29 i
937 637 98 39 lagen
1054 647 56 21 om
1128 639 428 42 yrkesskadeförsäkring,
1577 643 89 30 skall
1685 644 88 29 hän-

269 682 182 40 visningen
472 684 11 29 i
505 684 114 30 stället
641 685 92 39 gälla
753 685 65 30 den
840 686 278 31 bestämmelsen.

312 733 316 31 Bestämmelserna
653 744 57 20 om
737 735 145 39 avgifter
908 737 52 29 till
987 738 65 29 den
1078 739 178 30 allmänna
1285 740 330 41 sjukförsäkringen
1642 743 127 30 liksom

269 784 146 29 rörande
437 784 533 41 byggnadsforskningsavgifter
991 789 37 29 är
1049 789 242 39 nytillkomna.
1314 791 119 39 Någon
1455 792 230 32 förmånsrätt
1707 794 66 29 har

268 833 29 39 ej
320 834 154 39 stadgats
493 835 53 29 för
564 835 101 30 dessa
685 836 155 39 avgifter.

311 884 117 39 Enligt
450 885 14 29 1
490 884 14 37 $
527 885 110 30 första
658 886 135 39 stycket
811 887 251 41 förordningen
1083 890 66 30 den
1170 891 19 29 4
1209 891 80 39 juni
1310 892 83 29 1954
1419 893 60 33 (nr
1498 893 82 34 341)
1604 903 55 21 om
1682 903 87 31 upp-

269 934 84 30 börd
372 944 43 20 av
437 935 90 30 vissa
547 936 371 41 försäkringsavgifter
939 939 105 40 enligt
1066 940 98 39 lagen
1187 950 55 20 om
1265 942 417 43 yrkesskadeförsäkring
1705 946 65 29 och

267 993 41 20 av
331 984 121 40 bidrag
472 986 79 39 från
574 987 233 39 arbetsgivare
828 988 142 39 jämlikt
992 989 97 39 lagen
1112 1000 55 20 om
1190 991 131 31 allmän
1343 992 289 42 sjukförsäkring
1653 1005 45 20 m.
1722 1005 44 20 m.

268 1034 87 30 skall
377 1035 269 40 förordningens
667 1037 261 30 bestämmelser
950 1040 63 38 äga
1034 1039 223 41 tillämpning
1276 1042 44 39 på
1341 1042 159 39 uppbörd
1522 1052 42 21 av
1584 1044 109 39 avgift
1714 1045 52 29 för

267 1084 225 40 obligatorisk
512 1086 202 40 försäkring
734 1088 10 28 i
764 1087 472 41 riksförsäkringsanstalten
1257 1091 106 40 enligt
1384 1092 99 39 lagen
1505 1102 55 21 om
1582 1094 186 39 yrkesska-

267 1135 253 40 deförsäkring,
540 1137 75 29 däri
635 1137 202 40 inbegripen
858 1138 248 41 tilläggsavgift
1126 1141 107 39 enligt
1253 1142 41 29 39
1317 1142 15 36 $
1354 1144 154 29 nämnda
1528 1144 64 39 lag,
1615 1147 91 28 samt
1727 1155 36 20 av

265 1184 121 41 bidrag
406 1185 80 31 från
506 1187 233 39 arbetsgivare
760 1188 141 39 jämlikt
921 1190 100 39 lagen
1044 1200 56 20 om
1123 1192 132 29 allmän
1275 1192 288 42 sjukförsäkring
1583 1195 65 30 och
1668 1196 101 40 lagen

265 1245 56 20 om
336 1237 342 40 moderskapshjälp.
696 1238 51 29 Av
766 1238 50 37 18
834 1239 109 30 andra
961 1241 134 38 stycket
1112 1242 165 39 framgår,
1295 1245 50 28 att
1362 1244 109 39 avgift
1487 1244 110 39 jämte
1615 1245 152 40 tilläggs-

265 1286 108 39 avgift
393 1287 55 29 för
469 1287 143 40 frivillig
634 1288 199 40 försäkring
855 1289 10 29 i
887 1290 471 41 riksförsäkringsanstalten
1382 1294 106 39 enligt
1511 1295 99 39 lagen
1633 1305 56 21 om
1712 1306 55 30 yr-

265 1336 374 41 kesskadeförsäkring
660 1338 90 30 skall
770 1340 175 39 uppbäras
967 1341 10 29 i
997 1342 66 29 den
1084 1342 150 40 ordning
1254 1343 173 31 anstalten
1449 1344 220 31 bestämmer.

309 1388 12 29 I
343 1387 19 29 2
387 1387 15 36 $
427 1388 149 38 stadgas,
600 1390 51 28 att
673 1389 109 39 avgift
803 1392 63 28 och
888 1390 132 40 bidrag,
1045 1401 73 20 som
1142 1402 98 20 avses
1264 1393 10 29 i
1299 1395 14 29 1
1341 1393 15 37 $
1381 1394 112 30 första
1515 1395 145 39 stycket,
1684 1397 79 30 från

264 1437 233 40 arbetsgivare
519 1439 77 29 med
619 1439 200 40 försäkring
840 1441 11 28 i
872 1440 471 41 riksförsäkringsanstalten
1366 1444 100 35 skall,
1489 1446 79 29 med
1590 1446 10 29 i
1623 1446 18 29 3
1667 1446 14 37 8
1707 1456 61 20 an-

264 1487 100 38 givna
383 1489 189 39 undantag,
591 1489 176 39 uppbäras
786 1490 10 29 i
815 1490 151 39 enlighet
984 1492 77 29 med
1081 1494 64 28 vad
1167 1503 73 19 som
1261 1494 138 39 stadgas
1419 1494 11 29 i
1450 1495 317 39 uppbördsförord-

264 1537 137 40 ningen.
423 1539 13 28 I
457 1538 98 39 fråga
575 1549 56 20 om
652 1540 159 39 uppbörd
831 1541 44 39 på
895 1542 69 29 sätt
984 1551 47 20 nu
1052 1544 140 28 nämnts
1215 1544 87 29 skall
1324 1553 164 22 summan
1509 1554 42 22 av
1572 1555 42 20 en
1635 1547 132 29 arbets-

264 1588 131 38 givares
417 1589 109 39 avgift
546 1590 64 29 och
632 1590 122 39 bidrag
775 1591 190 30 benämnas
987 1592 334 40 arbetsgivaravgift.
1345 1595 64 29 Det
1432 1596 38 29 är
1493 1595 147 31 sålunda
1663 1598 101 29 dessa

263 1638 362 41 arbetsgivaravgifter
643 1649 75 21 som
736 1650 97 21 avses
851 1643 78 29 med
947 1642 254 39 hänvisningen
1220 1644 10 28 i
1251 1646 13 28 1
1287 1645 14 35 $
1321 1645 444 40 uppbördsförordningen.

306 1689 70 29 Har
399 1689 233 40 arbetsgivare
655 1691 79 29 med
757 1691 200 40 försäkring
979 1693 10 29 i
1012 1693 472 40 riksförsäkringsanstalten
1506 1696 11 28 i
1541 1698 91 37 regel
1657 1697 105 29 minst

263 1739 70 29 fem
354 1740 235 39 arbetstagare
611 1741 11 28 i
645 1741 55 29 sin
723 1741 109 39 tjänst
854 1741 82 30 eller
959 1743 115 30 finner
1097 1744 175 30 anstalten
1295 1745 101 39 eljest
1419 1746 344 39 omständigheterna

263 1790 180 29 föranleda
470 1790 126 34 därtill,
624 1791 89 29 skall
740 1791 104 39 enligt
871 1792 17 30 3
918 1792 15 37 $
962 1793 108 39 avgift
1096 1794 64 29 och
1187 1794 131 39 bidrag,
1345 1804 119 23 varom
1493 1797 139 38 stadgas
1660 1798 10 28 i
1701 1799 13 28 1
1747 1798 15 35 8

262 1840 110 30 första
393 1840 144 39 stycket,
560 1841 142 39 påföras
725 1842 256 39 arbetsgivaren
1003 1844 62 28 och
1088 1845 175 39 uppbäras
1285 1846 10 28 i
1317 1846 65 29 den
1405 1846 149 39 ordning
1576 1856 85 25 som,
1684 1849 78 28 med

261 1890 224 39 iakttagande
509 1901 41 20 av
575 1891 92 30 vissa
692 1893 10 29 i
728 1892 248 40 förordningen
1002 1895 201 29 meddelade
1229 1895 230 35 föreskrifter,
1485 1896 210 31 bestämmes
1722 1907 42 20 av

261 1940 482 40 riksförsäkringsanstalten.

304 1991 500 39 Byggnadsforskningsavgift
826 1993 100 39 utgår
947 1994 106 39 enligt
1072 1995 250 40 förordningen
1345 1996 65 30 den
1433 1998 42 28 22
1496 1998 75 39 maj
1594 1997 83 31 1953
1703 1998 61 34 (nr

262 2041 78 34 269)
368 2041 178 39 angående
571 2042 496 42 byggnadsforskningsavgift
1091 2045 51 29 till
1167 2045 198 39 främjande
1389 2056 42 19 av
1453 2047 219 39 forsknings-
1696 2048 64 29 och

261 2091 524 39 rationaliseringsverksamhet
807 2094 93 30 inom
923 2095 307 39 byggnadsfacket.
1254 2096 262 40 Avgiftspliktig
1538 2099 37 28 är
1597 2099 67 29 den
1688 2108 73 21 som

260 2141 155 29 bedriver
436 2142 402 39 byggnadsverksamhet
860 2145 110 29 under
992 2146 130 29 sådana
1144 2147 244 29 förhållanden
1411 2150 49 27 att
1481 2148 70 30 han
1572 2150 38 28 är
1632 2151 49 27 att
1703 2159 60 19 an-

260 2200 34 20 se
318 2201 74 20 som
418 2193 232 38 arbetsgivare
676 2194 105 38 enligt
806 2195 98 38 lagen
927 2205 57 19 om
1007 2196 417 41 yrkesskadeförsäkring
1449 2199 8 28 i
1482 2198 126 35 arbete,
1635 2200 37 29 så
1696 2200 63 29 ock

259 2242 180 34 kommun,
464 2243 115 29 vilken
604 2244 117 29 såsom
746 2245 231 38 arbetsgivare
1003 2248 8 28 i
1036 2247 154 29 nämnda
1215 2247 72 38 lags
1312 2248 140 38 mening
1476 2248 157 30 bedriver
1659 2250 103 38 bygg-

259 2292 321 30 nadsverksamhet.
606 2294 163 38 Avgiften
792 2295 100 38 utgår
916 2296 78 29 med
1019 2296 99 39 tjugu
1144 2298 129 28 kronor
1297 2298 54 29 för
1376 2298 95 39 varje
1496 2298 81 30 fullt
1600 2299 94 29 antal
1719 2309 42 19 av

258 2342 62 30 300
343 2343 215 38 dagsverken
582 2354 41 20 av
646 2344 87 30 visst
757 2345 71 38 slag
851 2346 110 29 under
984 2347 82 29 året.
1092 2347 73 29 Den
1190 2348 169 29 uträknas
1385 2358 41 20 av
1449 2348 311 39 riksförsäkrings-

258 2393 183 30 anstalten.
465 2394 226 30 Beträffande
713 2395 202 39 uppbörden
938 2397 105 37 gäller
1065 2397 308 30 bestämmelserna
1397 2399 9 28 i
1429 2400 239 37 nyssnämnda
1691 2400 70 29 för-

257 2443 147 39 ordning
423 2444 66 29 den
509 2443 19 29 4
546 2444 78 39 juni
647 2445 82 29 1954
751 2446 9 27 i
780 2445 205 40 tillämpliga
1005 2447 104 29 delar.
1132 2447 11 29 I
1165 2448 98 37 fråga
1284 2457 55 19 om
1360 2449 400 39 byggnadsforsknings-
