2212 2618
430 135 18 30 6
910 133 234 30 Statsutskottets
1169 133 154 29 Utlåtande
1347 133 60 29 N:o
1432 133 68 30 167.

386 214 74 36 och
500 213 211 45 tidsenliga
749 212 150 36 lokaler
932 212 58 46 sig
1022 212 181 44 beredda,
1234 212 74 44 det,
1340 214 41 32 så
1409 211 84 34 vidt
1521 212 174 33 ämbetet
1723 211 129 36 kunde
1881 212 117 45 finna,

384 268 124 33 måste
551 276 108 23 anses
700 264 142 46 billigt,
883 266 60 32 att
972 263 116 35 också
1116 263 76 34 den
1220 262 255 35 musikaliska
1502 262 168 35 konsten
1699 262 101 46 finge
1829 264 83 35 sina
1941 264 59 36 för

386 317 100 35 visso
527 318 146 43 ytterst
713 315 245 46 berättigade
1000 313 333 47 lokalfordringar
1373 313 297 47 tillgodosedda,
1703 314 72 35 och
1816 315 110 36 detta
1959 320 40 31 så

386 368 159 45 mycket
572 379 84 23 mer
683 367 14 34 i
723 366 260 36 betraktande
1012 365 121 46 däraf,
1165 368 61 33 att
1253 366 74 35 den
1354 368 114 42 tomt,
1486 364 120 36 hvarå
1634 368 60 32 ett
1721 368 89 43 nytt
1837 366 89 35 hem
1939 367 63 35 för

386 418 279 47 undervisning
693 418 14 35 i
736 418 72 36 och
849 417 211 36 utöfvande
1103 417 42 35 af
1182 417 195 35 musikens
1415 416 117 36 konst
1559 429 54 22 nu
1642 416 132 36 kunde
1802 417 195 46 uppföras,

385 470 62 35 till
487 469 363 48 hufvudsakligaste
885 469 112 36 delen
1024 468 236 36 förvärfvats
1287 468 61 36 för
1375 468 137 45 medel,
1542 480 82 24 som
1652 468 149 36 influtit
1829 469 65 35 vid
1922 469 77 35 för-

385 522 169 46 säljning
587 521 42 35 af
659 533 48 23 en
734 522 300 46 statsegendom,
1064 522 71 34 där
1163 533 48 23 en
1240 520 145 36 anstalt
1413 520 60 35 för
1502 532 47 23 en
1577 532 131 23 annan
1737 520 41 35 af
1801 521 46 34 de
1877 520 124 36 sköna

384 574 214 35 konsterna
626 573 116 47 länge
771 573 103 35 varit
902 573 139 36 bofast.

517 624 130 36 Skulle
690 625 102 36 dock
833 625 75 35 den
945 624 161 36 sålunda
1135 624 42 35 af
1201 624 172 35 ämbetet
1401 623 270 46 ifrågaställda
1701 624 298 46 användningen

386 676 42 36 af
466 676 254 36 oftanämnda
756 679 103 33 tomt
900 676 154 46 pröfvas
1095 676 88 35 icke
1217 675 171 46 förtjäna
1417 674 188 45 afseende,
1636 675 100 35 hade
1765 675 234 36 öfverinten-

385 729 291 35 dentsämbetet
703 728 130 35 funnit
861 728 59 46 sig
947 729 96 34 böra
1070 727 153 45 föreslå,
1240 729 60 33 att
1328 727 222 35 densamma
1578 726 104 47 finge
1713 727 95 35 afses
1822 727 61 36 för
1902 740 97 34 upp-

383 779 162 36 förande
574 780 41 35 af
640 791 48 24 en
715 780 235 46 nybyggnad
977 779 60 36 för
1065 778 247 37 ämbetsverk
1342 779 73 35 och
1443 778 289 47 myndigheter,
1761 791 82 24 som
1872 782 129 43 syntes

384 843 94 23 vara
506 831 13 35 i
547 831 122 36 behof
707 831 42 35 af
785 833 61 34 att
885 831 62 36 för
988 831 82 36 sina
1112 831 181 35 ändamål
1330 830 148 36 erhålla
1509 830 163 47 värdiga
1709 831 72 35 och
1810 831 189 46 lämpliga

385 883 162 36 lokaler.
604 884 17 34 I
659 883 138 36 sådant
838 883 217 36 hänseende
1093 883 105 35 hölle
1236 883 173 35 ämbetet
1449 882 92 44 före,
1580 885 60 32 att
1678 882 75 35 den
1782 883 218 35 eventuella

385 935 287 46 nybyggnaden
700 956 51 4 —
779 935 94 35 eller
906 934 273 46 tilläfventyrs,
1210 934 234 36 åtminstone
1473 934 62 34 till
1563 946 47 23 en
1639 933 151 46 början,
1823 934 75 35 den
1931 946 69 23 nu-

383 987 172 35 varande
585 1007 47 5 —
663 986 212 47 lämpligen
914 986 123 35 skulle
1065 986 135 35 kunna
1229 986 183 46 upplåtas
1441 988 40 33 åt
1509 987 131 45 någon
1670 985 174 46 enhetlig
1871 997 129 35 grupp

386 1038 43 35 af
452 1038 283 44 institutioner,
765 1038 234 47 exempelvis
1027 1038 46 35 de
1102 1038 63 35 till
1189 1037 340 47 justitieväsendet
1549 1037 12 35 i
1582 1039 88 33 vårt
1698 1037 92 35 land
1808 1037 190 45 hörande;

386 1089 74 36 och
501 1090 99 35 hade
643 1090 172 35 ämbetet
843 1090 13 35 i
885 1090 226 46 anslutning
1152 1089 146 45 härtill,
1333 1092 51 43 på
1413 1092 78 33 sätt
1520 1090 73 34 den
1621 1089 218 46 framlagda
1867 1089 133 35 utred-

384 1141 145 46 ningen
570 1146 179 30 närmare
787 1142 188 45 utvisade,
1006 1141 117 36 tänkt
1153 1141 69 47 sig,
1253 1143 59 33 att
1342 1141 58 35 uti
1429 1141 231 46 byggnaden
1689 1140 13 35 i
1730 1141 110 46 fråga
1869 1141 131 35 kunde

384 1192 212 46 inrymmas
624 1193 141 46 Kungl.
795 1193 131 46 Maj:ts
953 1193 140 46 högsta
1122 1193 169 35 domstol
1318 1196 102 32 samt
1448 1192 285 47 regeringsrätt
1762 1193 72 35 och
1862 1193 136 46 lagråd

383 1265 52 4 —
465 1244 48 36 då
543 1245 46 34 de
617 1244 62 36 för
707 1245 45 35 de
780 1245 102 35 båda
906 1245 240 35 sistnämnda
1165 1244 145 35 verken
1329 1244 60 35 för
1409 1244 242 35 närvarande
1681 1243 155 36 afsedda
1850 1244 151 36 lokaler

383 1297 103 45 finge
528 1308 110 23 anses
675 1298 124 34 såsom
840 1308 106 24 mera
988 1296 264 47 provisoriska
1364 1295 132 36 vidare
1530 1295 471 47 justitiedepartementet

382 1348 89 34 med
499 1347 82 36 sina
610 1348 150 45 byråer,
791 1348 116 35 nedre
932 1348 383 46 justitierevisionen,
1336 1347 517 47 justitiekanslersämbetet,
1874 1347 126 47 krigs-

382 1398 213 45 hofrätten,
633 1398 398 47 fångvårdsstyrelsen
1074 1399 74 36 och
1189 1399 346 47 lagberedningen;
1566 1399 73 35 och
1667 1399 91 36 ville
1787 1399 172 36 ämbetet
1987 1399 10 35 i

384 1451 109 35 detta
539 1451 282 47 sammanhang
870 1451 164 35 allenast
1078 1450 219 45 framhålla,
1347 1453 71 42 att,
1468 1450 111 36 äfven
1613 1450 101 36 efter
1742 1451 64 35 det
1851 1453 149 44 utrym-

382 1513 90 24 men
513 1502 156 36 beredts
712 1505 40 33 åt
791 1515 52 23 nu
876 1503 168 35 nämnda
1072 1502 272 36 institutioner
1371 1514 50 23 m.
1451 1515 63 32 m.,
1545 1501 201 48 åtskilliga
1773 1502 228 46 lägenheter

383 1553 126 36 blefve
538 1553 203 47 tillöfvers,
770 1566 87 23 men
887 1557 60 32 att
976 1554 108 35 dessa
1111 1554 132 34 kunde
1271 1553 160 46 utfyllas
1459 1566 140 33 genom
1624 1554 268 45 inrymmande
1913 1554 87 36 där-

383 1606 127 35 städes
552 1606 42 34 af
631 1605 247 37 ämbetsverk
918 1605 91 35 utaf
1040 1605 166 46 lämplig
1235 1605 250 46 omfattning,
1515 1605 135 35 hvilka
1678 1605 14 34 i
1721 1605 171 35 enskilde
1920 1605 80 36 till-

382 1657 140 46 höriga
549 1657 230 46 byggnader
807 1657 196 46 nödgades
1031 1656 160 47 förhyra
1219 1656 150 36 lokaler
1398 1657 94 35 eller
1521 1656 73 36 ock
1609 1669 94 23 vore
1720 1657 131 35 alltför
1865 1659 134 45 trång-

382 1709 141 44 bodda,
554 1708 198 36 äfvensom
780 1711 60 33 att
868 1709 226 46 visserligen
1122 1707 137 37 afsetts
1288 1711 60 33 att
1373 1711 41 32 åt
1443 1708 399 46 fångvårdsstyrelsen
1863 1709 135 36 inreda

383 1759 152 36 lokaler
562 1760 13 35 i
604 1760 66 35 det
705 1760 129 47 gamla
862 1760 305 46 riksdagshuset,
1198 1772 88 23 men
1314 1763 72 42 att,
1417 1761 129 34 därest
1573 1760 130 35 beslut
1731 1760 123 36 skulle
1879 1760 121 36 fattas

382 1811 12 34 i
424 1811 74 35 den
539 1811 191 47 riktning,
768 1812 163 35 hvarom
959 1812 172 35 ämbetet
1159 1811 130 36 funnit
1317 1812 59 46 sig
1403 1812 96 35 böra
1526 1811 72 35 här
1626 1814 129 33 senast
1782 1811 217 45 hemställa,

382 1863 47 34 de
451 1863 13 34 i
484 1863 237 36 sistberörda
749 1863 183 46 byggnad
960 1863 60 36 för
1050 1864 182 35 bemälda
1260 1863 160 46 styrelse
1449 1863 228 35 tillämnade
1706 1876 86 22 rum
1820 1863 180 47 gifvetvis

382 1914 131 36 kunde
557 1914 318 47 iordningställas
923 1915 60 35 för
1024 1918 121 32 annat
1183 1915 92 35 eller
1309 1916 122 34 andra
1460 1915 62 35 till
1549 1914 186 46 förhyrda
1763 1915 150 36 lokaler
1939 1914 62 36 för

382 1966 244 35 närvarande
654 1965 210 36 hänvisade
893 1967 259 44 ämbetsverk,
1184 1967 94 34 eller
1306 1967 156 44 sådana,
1493 1979 80 23 som
1602 1966 114 47 eljest
1740 1979 90 23 vore
1851 1967 13 34 i
1883 1967 123 35 behof

384 2017 43 35 af
450 2017 245 36 förbättrade
722 2017 239 47 lägenheter.

512 2069 52 35 På
625 2071 80 33 sätt
756 2069 509 37 öfverintendentsämbetet
1317 2073 213 42 omnämnt,
1582 2071 73 34 har
1707 2071 172 35 ämbetet
1929 2071 71 35 hos

382 2120 257 36 musikaliska
681 2121 230 35 akademien
953 2121 105 48 gjort
1098 2121 213 47 förfrågan,
1354 2122 205 45 huruvida,
1601 2122 61 35 för
1714 2123 72 34 den
1815 2122 183 36 händelse

382 2172 146 46 förslag
556 2172 257 36 framkomme
843 2175 59 33 att
932 2176 21 32 å
983 2173 256 36 omförmälda
1267 2173 189 47 fastighet
1484 2173 92 36 eller
1605 2174 62 35 del
1698 2174 113 35 däraf
1826 2173 60 36 för
1907 2173 92 36 aka-
