<?xml version="1.0" encoding="UTF-8"?>
<alto xmlns="http://www.loc.gov/standards/alto/ns-v3#" xmlns:xlink="http://www.w3.org/1999/xlink" xmlns:xsi="http://www.w3.org/2001/XMLSchema-instance" xsi:schemaLocation="http://www.loc.gov/standards/alto/ns-v3# http://www.loc.gov/alto/v3/alto-3-0.xsd">
	<Description>
		<MeasurementUnit>pixel</MeasurementUnit>
		<sourceImageInformation>
			<fileName>/tmp/tess_seujkxhz_input.PNG</fileName>
		</sourceImageInformation>
		<OCRProcessing ID="OCR_0">
			<ocrProcessingStep>
				<processingSoftware>
					<softwareName>tesseract 5.3.0</softwareName>
				</processingSoftware>
			</ocrProcessingStep>
		</OCRProcessing>
	</Description>
	<Layout>
		<Page WIDTH="2208" HEIGHT="2690" PHYSICAL_IMG_NR="0" ID="page_0">
			<PrintSpace HPOS="0" VPOS="0" WIDTH="2208" HEIGHT="2690">
				<ComposedBlock ID="cblock_0" HPOS="424" VPOS="168" WIDTH="1082" HEIGHT="35">
					<TextBlock ID="block_0" HPOS="424" VPOS="168" WIDTH="1082" HEIGHT="35">
						<TextLine ID="line_0" HPOS="424" VPOS="168" WIDTH="1082" HEIGHT="35">
							<String ID="string_0" HPOS="424" VPOS="168" WIDTH="19" HEIGHT="31" WC="0.96" CONTENT="2"/><SP WIDTH="386" VPOS="168" HPOS="443"/>
							<String ID="string_1" HPOS="829" VPOS="168" WIDTH="343" HEIGHT="33" WC="0.90" CONTENT="Jordbruksutskottets"/><SP WIDTH="22" VPOS="168" HPOS="1172"/>
							<String ID="string_2" HPOS="1194" VPOS="168" WIDTH="162" HEIGHT="34" WC="0.96" CONTENT="utlåtande"/><SP WIDTH="23" VPOS="168" HPOS="1356"/>
							<String ID="string_3" HPOS="1379" VPOS="169" WIDTH="52" HEIGHT="32" WC="0.91" CONTENT="Nr"/><SP WIDTH="23" VPOS="169" HPOS="1431"/>
							<String ID="string_4" HPOS="1454" VPOS="170" WIDTH="52" HEIGHT="33" WC="0.95" CONTENT="30."/>
						</TextLine>
					</TextBlock>
				</ComposedBlock>
				<ComposedBlock ID="cblock_1" HPOS="373" VPOS="248" WIDTH="1607" HEIGHT="2094">
					<TextBlock ID="block_1" HPOS="379" VPOS="248" WIDTH="1601" HEIGHT="210">
						<TextLine ID="line_1" HPOS="513" VPOS="248" WIDTH="1467" HEIGHT="52">
							<String ID="string_5" HPOS="513" VPOS="249" WIDTH="74" HEIGHT="36" WC="0.95" CONTENT="dels"/><SP WIDTH="42" VPOS="249" HPOS="587"/>
							<String ID="string_6" HPOS="629" VPOS="250" WIDTH="62" HEIGHT="35" WC="0.96" CONTENT="ock"/><SP WIDTH="43" VPOS="250" HPOS="691"/>
							<String ID="string_7" HPOS="734" VPOS="254" WIDTH="54" HEIGHT="31" WC="0.95" CONTENT="att"/><SP WIDTH="43" VPOS="254" HPOS="788"/>
							<String ID="string_8" HPOS="831" VPOS="248" WIDTH="44" HEIGHT="38" WC="0.95" CONTENT="de"/><SP WIDTH="37" VPOS="248" HPOS="875"/>
							<String ID="string_9" HPOS="912" VPOS="262" WIDTH="139" HEIGHT="36" WC="0.95" CONTENT="genom"/><SP WIDTH="43" VPOS="262" HPOS="1051"/>
							<String ID="string_10" HPOS="1094" VPOS="250" WIDTH="276" HEIGHT="50" WC="0.95" CONTENT="försäljningen"/><SP WIDTH="41" VPOS="250" HPOS="1370"/>
							<String ID="string_11" HPOS="1411" VPOS="250" WIDTH="210" HEIGHT="50" WC="0.96" CONTENT="inflytande"/><SP WIDTH="28" VPOS="250" HPOS="1621"/>
							<String ID="string_12" HPOS="1649" VPOS="252" WIDTH="121" HEIGHT="37" WC="0.96" CONTENT="medel"/><SP WIDTH="27" VPOS="252" HPOS="1770"/>
							<String ID="string_13" HPOS="1797" VPOS="254" WIDTH="117" HEIGHT="35" WC="0.96" CONTENT="måtte"/><SP WIDTH="29" VPOS="254" HPOS="1914"/>
							<String ID="string_14" HPOS="1943" VPOS="253" WIDTH="37" HEIGHT="37" WC="0.96" CONTENT="få"/>
						</TextLine>
						<TextLine ID="line_2" HPOS="380" VPOS="302" WIDTH="1598" HEIGHT="51">
							<String ID="string_15" HPOS="380" VPOS="302" WIDTH="195" HEIGHT="37" WC="0.96" CONTENT="användas"/><SP WIDTH="43" VPOS="302" HPOS="575"/>
							<String ID="string_16" HPOS="618" VPOS="304" WIDTH="46" HEIGHT="47" WC="0.96" CONTENT="på"/><SP WIDTH="43" VPOS="304" HPOS="664"/>
							<String ID="string_17" HPOS="707" VPOS="315" WIDTH="143" HEIGHT="23" WC="0.95" CONTENT="samma"/><SP WIDTH="41" VPOS="315" HPOS="850"/>
							<String ID="string_18" HPOS="891" VPOS="307" WIDTH="74" HEIGHT="32" WC="0.96" CONTENT="sätt"/><SP WIDTH="42" VPOS="307" HPOS="965"/>
							<String ID="string_19" HPOS="1007" VPOS="316" WIDTH="80" HEIGHT="23" WC="0.88" CONTENT="som"/><SP WIDTH="42" VPOS="316" HPOS="1087"/>
							<String ID="string_20" HPOS="1129" VPOS="303" WIDTH="349" HEIGHT="50" WC="0.88" CONTENT="köpeskillingarna"/><SP WIDTH="35" VPOS="303" HPOS="1478"/>
							<String ID="string_21" HPOS="1513" VPOS="304" WIDTH="58" HEIGHT="36" WC="0.96" CONTENT="för"/><SP WIDTH="33" VPOS="304" HPOS="1571"/>
							<String ID="string_22" HPOS="1604" VPOS="305" WIDTH="179" HEIGHT="37" WC="0.93" CONTENT="områden"/><SP WIDTH="29" VPOS="305" HPOS="1783"/>
							<String ID="string_23" HPOS="1812" VPOS="305" WIDTH="166" HEIGHT="37" WC="0.91" CONTENT="försålda"/>
						</TextLine>
						<TextLine ID="line_3" HPOS="381" VPOS="354" WIDTH="1597" HEIGHT="55">
							<String ID="string_24" HPOS="381" VPOS="355" WIDTH="83" HEIGHT="37" WC="0.96" CONTENT="från"/><SP WIDTH="30" VPOS="355" HPOS="464"/>
							<String ID="string_25" HPOS="494" VPOS="355" WIDTH="44" HEIGHT="37" WC="0.96" CONTENT="de"/><SP WIDTH="28" VPOS="355" HPOS="538"/>
							<String ID="string_26" HPOS="566" VPOS="355" WIDTH="118" HEIGHT="37" WC="0.93" CONTENT="under"/><SP WIDTH="28" VPOS="355" HPOS="684"/>
							<String ID="string_27" HPOS="712" VPOS="354" WIDTH="348" HEIGHT="52" WC="0.91" CONTENT="domänstyrelsens"/><SP WIDTH="21" VPOS="354" HPOS="1060"/>
							<String ID="string_28" HPOS="1081" VPOS="355" WIDTH="231" HEIGHT="51" WC="0.96" CONTENT="förvaltning"/><SP WIDTH="20" VPOS="355" HPOS="1312"/>
							<String ID="string_29" HPOS="1332" VPOS="356" WIDTH="145" HEIGHT="49" WC="0.96" CONTENT="ställda,"/><SP WIDTH="21" VPOS="356" HPOS="1477"/>
							<String ID="string_30" HPOS="1498" VPOS="361" WIDTH="124" HEIGHT="33" WC="0.96" CONTENT="staten"/><SP WIDTH="15" VPOS="361" HPOS="1622"/>
							<String ID="string_31" HPOS="1637" VPOS="356" WIDTH="194" HEIGHT="52" WC="0.88" CONTENT="tillhöriga"/><SP WIDTH="13" VPOS="356" HPOS="1831"/>
							<String ID="string_32" HPOS="1844" VPOS="358" WIDTH="134" HEIGHT="51" WC="0.88" CONTENT="skogs-"/>
						</TextLine>
						<TextLine ID="line_4" HPOS="379" VPOS="381" WIDTH="1138" HEIGHT="82">
							<String ID="string_33" HPOS="379" VPOS="408" WIDTH="233" HEIGHT="50" WC="0.95" CONTENT="egendomar"/><SP WIDTH="29" VPOS="408" HPOS="612"/>
							<String ID="string_34" HPOS="641" VPOS="408" WIDTH="89" HEIGHT="37" WC="0.93" CONTENT="eller"/><SP WIDTH="28" VPOS="408" HPOS="730"/>
							<String ID="string_35" HPOS="758" VPOS="399" WIDTH="286" HEIGHT="46" WC="0.91" CONTENT="utarrenderade"/><SP WIDTH="25" VPOS="399" HPOS="1044"/>
							<String ID="string_36" HPOS="1069" VPOS="381" WIDTH="448" HEIGHT="82" WC="0.91" CONTENT="jordbruksegendomar."/>
						</TextLine>
					</TextBlock>
					<TextBlock ID="block_2" HPOS="379" VPOS="419" WIDTH="1598" HEIGHT="144">
						<TextLine ID="line_5" HPOS="508" VPOS="419" WIDTH="1469" HEIGHT="96">
							<String ID="string_37" HPOS="508" VPOS="461" WIDTH="74" HEIGHT="36" WC="0.91" CONTENT="Till"/><SP WIDTH="42" VPOS="461" HPOS="582"/>
							<String ID="string_38" HPOS="624" VPOS="461" WIDTH="161" HEIGHT="36" WC="0.96" CONTENT="berörda"/><SP WIDTH="41" VPOS="461" HPOS="785"/>
							<String ID="string_39" HPOS="826" VPOS="419" WIDTH="372" HEIGHT="96" WC="0.62" CONTENT="statsrädsprotokoll"/><SP WIDTH="42" VPOS="419" HPOS="1198"/>
							<String ID="string_40" HPOS="1240" VPOS="461" WIDTH="67" HEIGHT="37" WC="0.93" CONTENT="har"/><SP WIDTH="33" VPOS="461" HPOS="1307"/>
							<String ID="string_41" HPOS="1340" VPOS="462" WIDTH="413" HEIGHT="49" WC="0.91" CONTENT="departementschefen"/><SP WIDTH="28" VPOS="462" HPOS="1753"/>
							<String ID="string_42" HPOS="1781" VPOS="463" WIDTH="13" HEIGHT="36" WC="0.96" CONTENT="i"/><SP WIDTH="29" VPOS="463" HPOS="1794"/>
							<String ID="string_43" HPOS="1823" VPOS="464" WIDTH="154" HEIGHT="37" WC="0.96" CONTENT="ärendet"/>
						</TextLine>
						<TextLine ID="line_6" HPOS="379" VPOS="514" WIDTH="330" HEIGHT="49">
							<String ID="string_44" HPOS="379" VPOS="515" WIDTH="125" HEIGHT="37" WC="0.95" CONTENT="anfört"/><SP WIDTH="29" VPOS="515" HPOS="504"/>
							<String ID="string_45" HPOS="533" VPOS="514" WIDTH="176" HEIGHT="49" WC="0.96" CONTENT="följande."/>
						</TextLine>
					</TextBlock>
					<TextBlock ID="block_3" HPOS="378" VPOS="566" WIDTH="1600" HEIGHT="313">
						<TextLine ID="line_7" HPOS="509" VPOS="566" WIDTH="1468" HEIGHT="50">
							<String ID="string_46" HPOS="509" VPOS="567" WIDTH="36" HEIGHT="36" WC="0.89" CONTENT="»I"/><SP WIDTH="42" VPOS="567" HPOS="545"/>
							<String ID="string_47" HPOS="587" VPOS="566" WIDTH="183" HEIGHT="37" WC="0.92" CONTENT="särskilda"/><SP WIDTH="28" VPOS="566" HPOS="770"/>
							<String ID="string_48" HPOS="798" VPOS="566" WIDTH="259" HEIGHT="50" WC="0.91" CONTENT="underdåniga"/><SP WIDTH="28" VPOS="566" HPOS="1057"/>
							<String ID="string_49" HPOS="1085" VPOS="567" WIDTH="219" HEIGHT="38" WC="0.91" CONTENT="skrifvelser"/><SP WIDTH="28" VPOS="567" HPOS="1304"/>
							<String ID="string_50" HPOS="1332" VPOS="567" WIDTH="73" HEIGHT="38" WC="0.96" CONTENT="den"/><SP WIDTH="28" VPOS="567" HPOS="1405"/>
							<String ID="string_51" HPOS="1433" VPOS="569" WIDTH="21" HEIGHT="36" WC="0.96" CONTENT="8"/><SP WIDTH="31" VPOS="569" HPOS="1454"/>
							<String ID="string_52" HPOS="1485" VPOS="581" WIDTH="100" HEIGHT="24" WC="0.95" CONTENT="mars"/><SP WIDTH="32" VPOS="581" HPOS="1585"/>
							<String ID="string_53" HPOS="1617" VPOS="570" WIDTH="96" HEIGHT="35" WC="0.95" CONTENT="1909"/><SP WIDTH="30" VPOS="570" HPOS="1713"/>
							<String ID="string_54" HPOS="1743" VPOS="569" WIDTH="114" HEIGHT="37" WC="0.95" CONTENT="hafva"/><SP WIDTH="27" VPOS="569" HPOS="1857"/>
							<String ID="string_55" HPOS="1884" VPOS="570" WIDTH="93" HEIGHT="37" WC="0.95" CONTENT="Karl"/>
						</TextLine>
						<TextLine ID="line_8" HPOS="379" VPOS="619" WIDTH="1598" HEIGHT="52">
							<String ID="string_56" HPOS="379" VPOS="620" WIDTH="163" HEIGHT="50" WC="0.93" CONTENT="Magnus"/><SP WIDTH="42" VPOS="620" HPOS="542"/>
							<String ID="string_57" HPOS="584" VPOS="619" WIDTH="233" HEIGHT="49" WC="0.91" CONTENT="Helgstrand"/><SP WIDTH="44" VPOS="619" HPOS="817"/>
							<String ID="string_58" HPOS="861" VPOS="620" WIDTH="69" HEIGHT="36" WC="0.96" CONTENT="och"/><SP WIDTH="45" VPOS="620" HPOS="930"/>
							<String ID="string_59" HPOS="975" VPOS="619" WIDTH="86" HEIGHT="37" WC="0.73" CONTENT="Carl"/><SP WIDTH="42" VPOS="619" HPOS="1061"/>
							<String ID="string_60" HPOS="1103" VPOS="619" WIDTH="149" HEIGHT="38" WC="0.94" CONTENT="Conrad"/><SP WIDTH="36" VPOS="619" HPOS="1252"/>
							<String ID="string_61" HPOS="1288" VPOS="620" WIDTH="140" HEIGHT="37" WC="0.95" CONTENT="Wallin"/><SP WIDTH="37" VPOS="620" HPOS="1428"/>
							<String ID="string_62" HPOS="1465" VPOS="624" WIDTH="124" HEIGHT="34" WC="0.92" CONTENT="såsom"/><SP WIDTH="28" VPOS="624" HPOS="1589"/>
							<String ID="string_63" HPOS="1617" VPOS="621" WIDTH="258" HEIGHT="50" WC="0.91" CONTENT="innehafvare,"/><SP WIDTH="29" VPOS="621" HPOS="1875"/>
							<String ID="string_64" HPOS="1904" VPOS="623" WIDTH="73" HEIGHT="37" WC="0.96" CONTENT="den"/>
						</TextLine>
						<TextLine ID="line_9" HPOS="380" VPOS="672" WIDTH="1597" HEIGHT="53">
							<String ID="string_65" HPOS="380" VPOS="672" WIDTH="262" HEIGHT="38" WC="0.96" CONTENT="förstnämnda"/><SP WIDTH="42" VPOS="672" HPOS="642"/>
							<String ID="string_66" HPOS="684" VPOS="672" WIDTH="40" HEIGHT="36" WC="0.95" CONTENT="af"/><SP WIDTH="38" VPOS="672" HPOS="724"/>
							<String ID="string_67" HPOS="762" VPOS="678" WIDTH="122" HEIGHT="43" WC="0.93" CONTENT="torpet"/><SP WIDTH="41" VPOS="678" HPOS="884"/>
							<String ID="string_68" HPOS="925" VPOS="672" WIDTH="199" HEIGHT="49" WC="0.92" CONTENT="Nygärdet"/><SP WIDTH="41" VPOS="672" HPOS="1124"/>
							<String ID="string_69" HPOS="1165" VPOS="687" WIDTH="44" HEIGHT="22" WC="0.95" CONTENT="nr"/><SP WIDTH="39" VPOS="687" HPOS="1209"/>
							<String ID="string_70" HPOS="1248" VPOS="675" WIDTH="18" HEIGHT="34" WC="0.95" CONTENT="1"/><SP WIDTH="39" VPOS="675" HPOS="1266"/>
							<String ID="string_71" HPOS="1305" VPOS="674" WIDTH="71" HEIGHT="36" WC="0.96" CONTENT="och"/><SP WIDTH="47" VPOS="674" HPOS="1376"/>
							<String ID="string_72" HPOS="1423" VPOS="673" WIDTH="71" HEIGHT="37" WC="0.96" CONTENT="den"/><SP WIDTH="29" VPOS="673" HPOS="1494"/>
							<String ID="string_73" HPOS="1523" VPOS="674" WIDTH="236" HEIGHT="37" WC="0.96" CONTENT="sistnämnda"/><SP WIDTH="28" VPOS="674" HPOS="1759"/>
							<String ID="string_74" HPOS="1787" VPOS="675" WIDTH="41" HEIGHT="36" WC="0.96" CONTENT="af"/><SP WIDTH="19" VPOS="675" HPOS="1828"/>
							<String ID="string_75" HPOS="1847" VPOS="681" WIDTH="130" HEIGHT="44" WC="0.96" CONTENT="torpet"/>
						</TextLine>
						<TextLine ID="line_10" HPOS="380" VPOS="725" WIDTH="1596" HEIGHT="50">
							<String ID="string_76" HPOS="380" VPOS="725" WIDTH="156" HEIGHT="48" WC="0.92" CONTENT="Sörtorp"/><SP WIDTH="42" VPOS="725" HPOS="536"/>
							<String ID="string_77" HPOS="578" VPOS="738" WIDTH="44" HEIGHT="22" WC="0.81" CONTENT="ur"/><SP WIDTH="46" VPOS="738" HPOS="622"/>
							<String ID="string_78" HPOS="668" VPOS="728" WIDTH="32" HEIGHT="42" WC="0.94" CONTENT="1,"/><SP WIDTH="43" VPOS="728" HPOS="700"/>
							<String ID="string_79" HPOS="743" VPOS="725" WIDTH="128" HEIGHT="35" WC="0.96" CONTENT="hvilka"/><SP WIDTH="41" VPOS="725" HPOS="871"/>
							<String ID="string_80" HPOS="912" VPOS="730" WIDTH="84" HEIGHT="42" WC="0.96" CONTENT="torp"/><SP WIDTH="42" VPOS="730" HPOS="996"/>
							<String ID="string_81" HPOS="1038" VPOS="730" WIDTH="64" HEIGHT="30" WC="0.93" CONTENT="äro"/><SP WIDTH="42" VPOS="730" HPOS="1102"/>
							<String ID="string_82" HPOS="1144" VPOS="726" WIDTH="390" HEIGHT="48" WC="0.87" CONTENT="dagsverksskyldiga"/><SP WIDTH="40" VPOS="726" HPOS="1534"/>
							<String ID="string_83" HPOS="1574" VPOS="727" WIDTH="119" HEIGHT="35" WC="0.94" CONTENT="under"/><SP WIDTH="42" VPOS="727" HPOS="1693"/>
							<String ID="string_84" HPOS="1735" VPOS="726" WIDTH="241" HEIGHT="49" WC="0.96" CONTENT="Gripsholms"/>
						</TextLine>
						<TextLine ID="line_11" HPOS="379" VPOS="775" WIDTH="1599" HEIGHT="51">
							<String ID="string_85" HPOS="379" VPOS="776" WIDTH="311" HEIGHT="50" WC="0.92" CONTENT="kungsladugård"/><SP WIDTH="29" VPOS="776" HPOS="690"/>
							<String ID="string_86" HPOS="719" VPOS="776" WIDTH="11" HEIGHT="36" WC="0.93" CONTENT="i"/><SP WIDTH="30" VPOS="776" HPOS="730"/>
							<String ID="string_87" HPOS="760" VPOS="775" WIDTH="133" HEIGHT="37" WC="0.92" CONTENT="Selebo"/><SP WIDTH="35" VPOS="775" HPOS="893"/>
							<String ID="string_88" HPOS="928" VPOS="776" WIDTH="115" HEIGHT="37" WC="0.96" CONTENT="härad"/><SP WIDTH="29" VPOS="776" HPOS="1043"/>
							<String ID="string_89" HPOS="1072" VPOS="776" WIDTH="41" HEIGHT="36" WC="0.96" CONTENT="af"/><SP WIDTH="25" VPOS="776" HPOS="1113"/>
							<String ID="string_90" HPOS="1138" VPOS="775" WIDTH="316" HEIGHT="39" WC="0.94" CONTENT="Södermanlands"/><SP WIDTH="28" VPOS="775" HPOS="1454"/>
							<String ID="string_91" HPOS="1482" VPOS="778" WIDTH="73" HEIGHT="43" WC="0.96" CONTENT="län,"/><SP WIDTH="32" VPOS="778" HPOS="1555"/>
							<String ID="string_92" HPOS="1587" VPOS="777" WIDTH="155" HEIGHT="38" WC="0.95" CONTENT="anhållit"/><SP WIDTH="30" VPOS="777" HPOS="1742"/>
							<String ID="string_93" HPOS="1772" VPOS="783" WIDTH="54" HEIGHT="32" WC="0.95" CONTENT="att"/><SP WIDTH="29" VPOS="783" HPOS="1826"/>
							<String ID="string_94" HPOS="1855" VPOS="779" WIDTH="37" HEIGHT="37" WC="0.95" CONTENT="få"/><SP WIDTH="28" VPOS="779" HPOS="1892"/>
							<String ID="string_95" HPOS="1920" VPOS="779" WIDTH="58" HEIGHT="37" WC="0.95" CONTENT="till"/>
						</TextLine>
						<TextLine ID="line_12" HPOS="378" VPOS="829" WIDTH="1207" HEIGHT="50">
							<String ID="string_96" HPOS="378" VPOS="830" WIDTH="123" HEIGHT="36" WC="0.96" CONTENT="skatte"/><SP WIDTH="28" VPOS="830" HPOS="501"/>
							<String ID="string_97" HPOS="529" VPOS="829" WIDTH="141" HEIGHT="49" WC="0.96" CONTENT="inköpa"/><SP WIDTH="29" VPOS="829" HPOS="670"/>
							<String ID="string_98" HPOS="699" VPOS="842" WIDTH="47" HEIGHT="23" WC="0.96" CONTENT="en"/><SP WIDTH="28" VPOS="842" HPOS="746"/>
							<String ID="string_99" HPOS="774" VPOS="829" WIDTH="93" HEIGHT="36" WC="0.96" CONTENT="hvar"/><SP WIDTH="29" VPOS="829" HPOS="867"/>
							<String ID="string_100" HPOS="896" VPOS="829" WIDTH="63" HEIGHT="36" WC="0.96" CONTENT="det"/><SP WIDTH="29" VPOS="829" HPOS="959"/>
							<String ID="string_101" HPOS="988" VPOS="830" WIDTH="41" HEIGHT="35" WC="0.96" CONTENT="af"/><SP WIDTH="24" VPOS="830" HPOS="1029"/>
							<String ID="string_102" HPOS="1053" VPOS="829" WIDTH="138" HEIGHT="37" WC="0.92" CONTENT="honom"/><SP WIDTH="28" VPOS="829" HPOS="1191"/>
							<String ID="string_103" HPOS="1219" VPOS="830" WIDTH="204" HEIGHT="36" WC="0.91" CONTENT="innehafda"/><SP WIDTH="27" VPOS="830" HPOS="1423"/>
							<String ID="string_104" HPOS="1450" VPOS="836" WIDTH="135" HEIGHT="43" WC="0.95" CONTENT="torpet."/>
						</TextLine>
					</TextBlock>
					<TextBlock ID="block_4" HPOS="378" VPOS="881" WIDTH="1598" HEIGHT="103">
						<TextLine ID="line_13" HPOS="509" VPOS="881" WIDTH="1467" HEIGHT="52">
							<String ID="string_105" HPOS="509" VPOS="881" WIDTH="55" HEIGHT="36" WC="0.95" CONTENT="Af"/><SP WIDTH="25" VPOS="881" HPOS="564"/>
							<String ID="string_106" HPOS="589" VPOS="881" WIDTH="73" HEIGHT="36" WC="0.96" CONTENT="den"/><SP WIDTH="34" VPOS="881" HPOS="662"/>
							<String ID="string_107" HPOS="696" VPOS="881" WIDTH="86" HEIGHT="36" WC="0.96" CONTENT="med"/><SP WIDTH="29" VPOS="881" HPOS="782"/>
							<String ID="string_108" HPOS="811" VPOS="881" WIDTH="206" HEIGHT="49" WC="0.96" CONTENT="anledning"/><SP WIDTH="28" VPOS="881" HPOS="1017"/>
							<String ID="string_109" HPOS="1045" VPOS="881" WIDTH="40" HEIGHT="36" WC="0.96" CONTENT="af"/><SP WIDTH="25" VPOS="881" HPOS="1085"/>
							<String ID="string_110" HPOS="1110" VPOS="881" WIDTH="108" HEIGHT="37" WC="0.96" CONTENT="dessa"/><SP WIDTH="30" VPOS="881" HPOS="1218"/>
							<String ID="string_111" HPOS="1248" VPOS="881" WIDTH="257" HEIGHT="50" WC="0.96" CONTENT="ansökningar"/><SP WIDTH="27" VPOS="881" HPOS="1505"/>
							<String ID="string_112" HPOS="1532" VPOS="882" WIDTH="12" HEIGHT="36" WC="0.93" CONTENT="i"/><SP WIDTH="29" VPOS="882" HPOS="1544"/>
							<String ID="string_113" HPOS="1573" VPOS="883" WIDTH="154" HEIGHT="36" WC="0.93" CONTENT="ärendet"/><SP WIDTH="28" VPOS="883" HPOS="1727"/>
							<String ID="string_114" HPOS="1755" VPOS="883" WIDTH="221" HEIGHT="50" WC="0.92" CONTENT="förebragta"/>
						</TextLine>
						<TextLine ID="line_14" HPOS="378" VPOS="934" WIDTH="964" HEIGHT="50">
							<String ID="string_115" HPOS="378" VPOS="934" WIDTH="254" HEIGHT="48" WC="0.96" CONTENT="utredningen"/><SP WIDTH="29" VPOS="934" HPOS="632"/>
							<String ID="string_116" HPOS="661" VPOS="934" WIDTH="179" HEIGHT="48" WC="0.96" CONTENT="framgår,"/><SP WIDTH="29" VPOS="934" HPOS="840"/>
							<String ID="string_117" HPOS="869" VPOS="934" WIDTH="115" HEIGHT="36" WC="0.96" CONTENT="bland"/><SP WIDTH="28" VPOS="934" HPOS="984"/>
							<String ID="string_118" HPOS="1012" VPOS="939" WIDTH="125" HEIGHT="41" WC="0.95" CONTENT="annat,"/><SP WIDTH="30" VPOS="939" HPOS="1137"/>
							<String ID="string_119" HPOS="1167" VPOS="934" WIDTH="175" HEIGHT="59" WC="0.96" CONTENT="följande."/>
						</TextLine>
					</TextBlock>
					<TextBlock ID="block_5" HPOS="373" VPOS="959" WIDTH="1603" HEIGHT="1330">
						<TextLine ID="line_15" HPOS="507" VPOS="959" WIDTH="1469" HEIGHT="80">
							<String ID="string_120" HPOS="507" VPOS="972" WIDTH="293" HEIGHT="64" WC="0.91" CONTENT="Ifrågavarande"/><SP WIDTH="42" VPOS="972" HPOS="800"/>
							<String ID="string_121" HPOS="842" VPOS="989" WIDTH="63" HEIGHT="34" WC="0.94" CONTENT="två"/><SP WIDTH="41" VPOS="989" HPOS="905"/>
							<String ID="string_122" HPOS="946" VPOS="992" WIDTH="84" HEIGHT="43" WC="0.94" CONTENT="torp"/><SP WIDTH="42" VPOS="992" HPOS="1030"/>
							<String ID="string_123" HPOS="1072" VPOS="959" WIDTH="108" HEIGHT="80" WC="0.96" CONTENT="hade,"/><SP WIDTH="36" VPOS="959" HPOS="1180"/>
							<String ID="string_124" HPOS="1216" VPOS="987" WIDTH="121" HEIGHT="49" WC="0.96" CONTENT="jämte"/><SP WIDTH="42" VPOS="987" HPOS="1337"/>
							<String ID="string_125" HPOS="1379" VPOS="987" WIDTH="192" HEIGHT="50" WC="0.96" CONTENT="åtskilliga"/><SP WIDTH="37" VPOS="987" HPOS="1571"/>
							<String ID="string_126" HPOS="1608" VPOS="987" WIDTH="114" HEIGHT="38" WC="0.96" CONTENT="andra"/><SP WIDTH="29" VPOS="987" HPOS="1722"/>
							<String ID="string_127" HPOS="1751" VPOS="994" WIDTH="96" HEIGHT="44" WC="0.95" CONTENT="torp,"/><SP WIDTH="29" VPOS="994" HPOS="1847"/>
							<String ID="string_128" HPOS="1876" VPOS="989" WIDTH="100" HEIGHT="37" WC="0.96" CONTENT="varit"/>
						</TextLine>
						<TextLine ID="line_16" HPOS="380" VPOS="1016" WIDTH="1594" HEIGHT="73">
							<String ID="string_129" HPOS="380" VPOS="1039" WIDTH="173" HEIGHT="50" WC="0.96" CONTENT="nyttjade"/><SP WIDTH="32" VPOS="1039" HPOS="553"/>
							<String ID="string_130" HPOS="585" VPOS="1016" WIDTH="134" HEIGHT="59" WC="0.93" CONTENT="såsom"/><SP WIDTH="43" VPOS="1016" HPOS="719"/>
							<String ID="string_131" HPOS="762" VPOS="1038" WIDTH="293" HEIGHT="50" WC="0.91" CONTENT="dagsverkstorp"/><SP WIDTH="33" VPOS="1038" HPOS="1055"/>
							<String ID="string_132" HPOS="1088" VPOS="1039" WIDTH="118" HEIGHT="37" WC="0.96" CONTENT="under"/><SP WIDTH="28" VPOS="1039" HPOS="1206"/>
							<String ID="string_133" HPOS="1234" VPOS="1038" WIDTH="240" HEIGHT="50" WC="0.95" CONTENT="Gripsholms"/><SP WIDTH="29" VPOS="1038" HPOS="1474"/>
							<String ID="string_134" HPOS="1503" VPOS="1040" WIDTH="201" HEIGHT="49" WC="0.95" CONTENT="tegelbruk"/><SP WIDTH="28" VPOS="1040" HPOS="1704"/>
							<String ID="string_135" HPOS="1732" VPOS="1054" WIDTH="87" HEIGHT="23" WC="0.95" CONTENT="men"/><SP WIDTH="27" VPOS="1054" HPOS="1819"/>
							<String ID="string_136" HPOS="1846" VPOS="1041" WIDTH="128" HEIGHT="37" WC="0.95" CONTENT="blefvo"/>
						</TextLine>
						<TextLine ID="line_17" HPOS="379" VPOS="1091" WIDTH="1596" HEIGHT="51">
							<String ID="string_137" HPOS="379" VPOS="1096" WIDTH="41" HEIGHT="33" WC="0.96" CONTENT="år"/><SP WIDTH="44" VPOS="1096" HPOS="420"/>
							<String ID="string_138" HPOS="464" VPOS="1093" WIDTH="97" HEIGHT="36" WC="0.96" CONTENT="1750"/><SP WIDTH="33" VPOS="1093" HPOS="561"/>
							<String ID="string_139" HPOS="594" VPOS="1092" WIDTH="12" HEIGHT="36" WC="0.95" CONTENT="i"/><SP WIDTH="37" VPOS="1092" HPOS="606"/>
							<String ID="string_140" HPOS="643" VPOS="1105" WIDTH="144" HEIGHT="23" WC="0.96" CONTENT="samma"/><SP WIDTH="33" VPOS="1105" HPOS="787"/>
							<String ID="string_141" HPOS="820" VPOS="1091" WIDTH="192" HEIGHT="50" WC="0.93" CONTENT="egenskap"/><SP WIDTH="30" VPOS="1091" HPOS="1012"/>
							<String ID="string_142" HPOS="1042" VPOS="1091" WIDTH="184" HEIGHT="50" WC="0.92" CONTENT="anslagna"/><SP WIDTH="28" VPOS="1091" HPOS="1226"/>
							<String ID="string_143" HPOS="1254" VPOS="1091" WIDTH="242" HEIGHT="51" WC="0.92" CONTENT="Gripsholms"/><SP WIDTH="28" VPOS="1091" HPOS="1496"/>
							<String ID="string_144" HPOS="1524" VPOS="1092" WIDTH="322" HEIGHT="50" WC="0.91" CONTENT="kungsladugård."/><SP WIDTH="56" VPOS="1092" HPOS="1846"/>
							<String ID="string_145" HPOS="1902" VPOS="1094" WIDTH="73" HEIGHT="38" WC="0.96" CONTENT="Vid"/>
						</TextLine>
						<TextLine ID="line_18" HPOS="378" VPOS="1144" WIDTH="1595" HEIGHT="50">
							<String ID="string_146" HPOS="378" VPOS="1144" WIDTH="381" HEIGHT="50" WC="0.91" CONTENT="kungsladugårdens"/><SP WIDTH="41" VPOS="1144" HPOS="759"/>
							<String ID="string_147" HPOS="800" VPOS="1144" WIDTH="288" HEIGHT="48" WC="0.79" CONTENT="utarrendering"/><SP WIDTH="40" VPOS="1144" HPOS="1088"/>
							<String ID="string_148" HPOS="1128" VPOS="1148" WIDTH="48" HEIGHT="46" WC="0.94" CONTENT="på"/><SP WIDTH="40" VPOS="1148" HPOS="1176"/>
							<String ID="string_149" HPOS="1216" VPOS="1145" WIDTH="126" HEIGHT="36" WC="0.96" CONTENT="trettio"/><SP WIDTH="42" VPOS="1145" HPOS="1342"/>
							<String ID="string_150" HPOS="1384" VPOS="1147" WIDTH="40" HEIGHT="34" WC="0.96" CONTENT="år"/><SP WIDTH="32" VPOS="1147" HPOS="1424"/>
							<String ID="string_151" HPOS="1456" VPOS="1145" WIDTH="82" HEIGHT="37" WC="0.96" CONTENT="från"/><SP WIDTH="28" VPOS="1145" HPOS="1538"/>
							<String ID="string_152" HPOS="1566" VPOS="1145" WIDTH="74" HEIGHT="37" WC="0.96" CONTENT="den"/><SP WIDTH="32" VPOS="1145" HPOS="1640"/>
							<String ID="string_153" HPOS="1672" VPOS="1147" WIDTH="46" HEIGHT="35" WC="0.96" CONTENT="14"/><SP WIDTH="29" VPOS="1147" HPOS="1718"/>
							<String ID="string_154" HPOS="1747" VPOS="1159" WIDTH="99" HEIGHT="23" WC="0.96" CONTENT="mars"/><SP WIDTH="30" VPOS="1159" HPOS="1846"/>
							<String ID="string_155" HPOS="1876" VPOS="1148" WIDTH="97" HEIGHT="35" WC="0.96" CONTENT="1828"/>
						</TextLine>
						<TextLine ID="line_19" HPOS="378" VPOS="1196" WIDTH="1597" HEIGHT="51">
							<String ID="string_156" HPOS="378" VPOS="1198" WIDTH="96" HEIGHT="36" WC="0.96" CONTENT="hade"/><SP WIDTH="43" VPOS="1198" HPOS="474"/>
							<String ID="string_157" HPOS="517" VPOS="1197" WIDTH="162" HEIGHT="36" WC="0.92" CONTENT="därefter"/><SP WIDTH="40" VPOS="1197" HPOS="679"/>
							<String ID="string_158" HPOS="719" VPOS="1196" WIDTH="391" HEIGHT="48" WC="0.90" CONTENT="kammarkollegium,"/><SP WIDTH="38" VPOS="1196" HPOS="1110"/>
							<String ID="string_159" HPOS="1148" VPOS="1197" WIDTH="85" HEIGHT="36" WC="0.96" CONTENT="med"/><SP WIDTH="38" VPOS="1197" HPOS="1233"/>
							<String ID="string_160" HPOS="1271" VPOS="1196" WIDTH="85" HEIGHT="37" WC="0.96" CONTENT="stöd"/><SP WIDTH="29" VPOS="1196" HPOS="1356"/>
							<String ID="string_161" HPOS="1385" VPOS="1197" WIDTH="40" HEIGHT="35" WC="0.96" CONTENT="af"/><SP WIDTH="24" VPOS="1197" HPOS="1425"/>
							<String ID="string_162" HPOS="1449" VPOS="1197" WIDTH="140" HEIGHT="49" WC="0.96" CONTENT="nådiga"/><SP WIDTH="27" VPOS="1197" HPOS="1589"/>
							<String ID="string_163" HPOS="1616" VPOS="1198" WIDTH="258" HEIGHT="49" WC="0.96" CONTENT="kungörelsen"/><SP WIDTH="28" VPOS="1198" HPOS="1874"/>
							<String ID="string_164" HPOS="1902" VPOS="1199" WIDTH="73" HEIGHT="36" WC="0.95" CONTENT="den"/>
						</TextLine>
						<TextLine ID="line_20" HPOS="378" VPOS="1248" WIDTH="1597" HEIGHT="50">
							<String ID="string_165" HPOS="378" VPOS="1252" WIDTH="21" HEIGHT="34" WC="0.95" CONTENT="3"/><SP WIDTH="44" VPOS="1252" HPOS="399"/>
							<String ID="string_166" HPOS="443" VPOS="1248" WIDTH="198" HEIGHT="37" WC="0.96" CONTENT="december"/><SP WIDTH="45" VPOS="1248" HPOS="641"/>
							<String ID="string_167" HPOS="686" VPOS="1249" WIDTH="109" HEIGHT="46" WC="0.93" CONTENT="1810,"/><SP WIDTH="43" VPOS="1249" HPOS="795"/>
							<String ID="string_168" HPOS="838" VPOS="1248" WIDTH="205" HEIGHT="47" WC="0.91" CONTENT="förordnat,"/><SP WIDTH="30" VPOS="1248" HPOS="1043"/>
							<String ID="string_169" HPOS="1073" VPOS="1253" WIDTH="55" HEIGHT="32" WC="0.92" CONTENT="att"/><SP WIDTH="28" VPOS="1253" HPOS="1128"/>
							<String ID="string_170" HPOS="1156" VPOS="1249" WIDTH="497" HEIGHT="49" WC="0.91" CONTENT="dagsverksskyldighetens"/><SP WIDTH="28" VPOS="1249" HPOS="1653"/>
							<String ID="string_171" HPOS="1681" VPOS="1249" WIDTH="211" HEIGHT="49" WC="0.96" CONTENT="utgörande"/><SP WIDTH="27" VPOS="1249" HPOS="1892"/>
							<String ID="string_172" HPOS="1919" VPOS="1250" WIDTH="56" HEIGHT="37" WC="0.96" CONTENT="till"/>
						</TextLine>
						<TextLine ID="line_21" HPOS="377" VPOS="1301" WIDTH="1599" HEIGHT="51">
							<String ID="string_173" HPOS="377" VPOS="1301" WIDTH="361" HEIGHT="49" WC="0.89" CONTENT="kungsladugården"/><SP WIDTH="28" VPOS="1301" HPOS="738"/>
							<String ID="string_174" HPOS="766" VPOS="1301" WIDTH="84" HEIGHT="35" WC="0.96" CONTENT="från"/><SP WIDTH="28" VPOS="1301" HPOS="850"/>
							<String ID="string_175" HPOS="878" VPOS="1301" WIDTH="177" HEIGHT="49" WC="0.95" CONTENT="samtliga"/><SP WIDTH="28" VPOS="1301" HPOS="1055"/>
							<String ID="string_176" HPOS="1083" VPOS="1301" WIDTH="112" HEIGHT="36" WC="0.96" CONTENT="dessa"/><SP WIDTH="27" VPOS="1301" HPOS="1195"/>
							<String ID="string_177" HPOS="1222" VPOS="1307" WIDTH="84" HEIGHT="44" WC="0.96" CONTENT="torp"/><SP WIDTH="29" VPOS="1307" HPOS="1306"/>
							<String ID="string_178" HPOS="1335" VPOS="1301" WIDTH="121" HEIGHT="37" WC="0.96" CONTENT="skulle"/><SP WIDTH="26" VPOS="1301" HPOS="1456"/>
							<String ID="string_179" HPOS="1482" VPOS="1302" WIDTH="174" HEIGHT="49" WC="0.96" CONTENT="upphöra"/><SP WIDTH="20" VPOS="1302" HPOS="1656"/>
							<String ID="string_180" HPOS="1676" VPOS="1302" WIDTH="84" HEIGHT="37" WC="0.96" CONTENT="med"/><SP WIDTH="20" VPOS="1302" HPOS="1760"/>
							<String ID="string_181" HPOS="1780" VPOS="1302" WIDTH="196" HEIGHT="50" WC="0.96" CONTENT="undantag"/>
						</TextLine>
						<TextLine ID="line_22" HPOS="378" VPOS="1352" WIDTH="1597" HEIGHT="52">
							<String ID="string_182" HPOS="378" VPOS="1356" WIDTH="59" HEIGHT="35" WC="0.93" CONTENT="för"/><SP WIDTH="40" VPOS="1356" HPOS="437"/>
							<String ID="string_183" HPOS="477" VPOS="1353" WIDTH="209" HEIGHT="50" WC="0.91" CONTENT="Nygärdet,"/><SP WIDTH="43" VPOS="1353" HPOS="686"/>
							<String ID="string_184" HPOS="729" VPOS="1352" WIDTH="145" HEIGHT="38" WC="0.96" CONTENT="hvilket"/><SP WIDTH="36" VPOS="1352" HPOS="874"/>
							<String ID="string_185" HPOS="910" VPOS="1354" WIDTH="13" HEIGHT="35" WC="0.96" CONTENT="i"/><SP WIDTH="29" VPOS="1354" HPOS="923"/>
							<String ID="string_186" HPOS="952" VPOS="1353" WIDTH="142" HEIGHT="37" WC="0.96" CONTENT="olikhet"/><SP WIDTH="27" VPOS="1353" HPOS="1094"/>
							<String ID="string_187" HPOS="1121" VPOS="1353" WIDTH="87" HEIGHT="37" WC="0.96" CONTENT="med"/><SP WIDTH="29" VPOS="1353" HPOS="1208"/>
							<String ID="string_188" HPOS="1237" VPOS="1354" WIDTH="45" HEIGHT="36" WC="0.96" CONTENT="de"/><SP WIDTH="28" VPOS="1354" HPOS="1282"/>
							<String ID="string_189" HPOS="1310" VPOS="1353" WIDTH="123" HEIGHT="49" WC="0.96" CONTENT="öfriga"/><SP WIDTH="27" VPOS="1353" HPOS="1433"/>
							<String ID="string_190" HPOS="1460" VPOS="1358" WIDTH="136" HEIGHT="45" WC="0.96" CONTENT="torpen"/><SP WIDTH="27" VPOS="1358" HPOS="1596"/>
							<String ID="string_191" HPOS="1623" VPOS="1368" WIDTH="89" HEIGHT="23" WC="0.93" CONTENT="vore"/><SP WIDTH="28" VPOS="1368" HPOS="1712"/>
							<String ID="string_192" HPOS="1740" VPOS="1354" WIDTH="235" HEIGHT="50" WC="0.91" CONTENT="oskattlagdt"/>
						</TextLine>
						<TextLine ID="line_23" HPOS="377" VPOS="1405" WIDTH="1597" HEIGHT="51">
							<String ID="string_193" HPOS="377" VPOS="1412" WIDTH="98" HEIGHT="31" WC="0.96" CONTENT="samt"/><SP WIDTH="36" VPOS="1412" HPOS="475"/>
							<String ID="string_194" HPOS="511" VPOS="1409" WIDTH="48" HEIGHT="46" WC="0.96" CONTENT="på"/><SP WIDTH="37" VPOS="1409" HPOS="559"/>
							<String ID="string_195" HPOS="596" VPOS="1406" WIDTH="118" HEIGHT="35" WC="0.96" CONTENT="sådan"/><SP WIDTH="27" VPOS="1406" HPOS="714"/>
							<String ID="string_196" HPOS="741" VPOS="1405" WIDTH="127" HEIGHT="49" WC="0.96" CONTENT="grund"/><SP WIDTH="28" VPOS="1405" HPOS="868"/>
							<String ID="string_197" HPOS="896" VPOS="1406" WIDTH="71" HEIGHT="36" WC="0.96" CONTENT="och"/><SP WIDTH="28" VPOS="1406" HPOS="967"/>
							<String ID="string_198" HPOS="995" VPOS="1409" WIDTH="125" HEIGHT="33" WC="0.96" CONTENT="såsom"/><SP WIDTH="28" VPOS="1409" HPOS="1120"/>
							<String ID="string_199" HPOS="1148" VPOS="1406" WIDTH="153" HEIGHT="49" WC="0.96" CONTENT="beläget"/><SP WIDTH="27" VPOS="1406" HPOS="1301"/>
							<String ID="string_200" HPOS="1328" VPOS="1407" WIDTH="104" HEIGHT="36" WC="0.95" CONTENT="inom"/><SP WIDTH="28" VPOS="1407" HPOS="1432"/>
							<String ID="string_201" HPOS="1460" VPOS="1419" WIDTH="48" HEIGHT="23" WC="0.95" CONTENT="en"/><SP WIDTH="28" VPOS="1419" HPOS="1508"/>
							<String ID="string_202" HPOS="1536" VPOS="1407" WIDTH="65" HEIGHT="35" WC="0.96" CONTENT="mil"/><SP WIDTH="29" VPOS="1407" HPOS="1601"/>
							<String ID="string_203" HPOS="1630" VPOS="1407" WIDTH="84" HEIGHT="36" WC="0.93" CONTENT="från"/><SP WIDTH="26" VPOS="1407" HPOS="1714"/>
							<String ID="string_204" HPOS="1740" VPOS="1407" WIDTH="234" HEIGHT="49" WC="0.91" CONTENT="kungsladu-"/>
						</TextLine>
						<TextLine ID="line_24" HPOS="376" VPOS="1457" WIDTH="1598" HEIGHT="49">
							<String ID="string_205" HPOS="376" VPOS="1458" WIDTH="144" HEIGHT="48" WC="0.96" CONTENT="gården"/><SP WIDTH="41" VPOS="1458" HPOS="520"/>
							<String ID="string_206" HPOS="561" VPOS="1457" WIDTH="120" HEIGHT="37" WC="0.96" CONTENT="skulle"/><SP WIDTH="40" VPOS="1457" HPOS="681"/>
							<String ID="string_207" HPOS="721" VPOS="1471" WIDTH="92" HEIGHT="23" WC="0.96" CONTENT="vara"/><SP WIDTH="42" VPOS="1471" HPOS="813"/>
							<String ID="string_208" HPOS="855" VPOS="1461" WIDTH="41" HEIGHT="34" WC="0.93" CONTENT="så"/><SP WIDTH="40" VPOS="1461" HPOS="896"/>
							<String ID="string_209" HPOS="936" VPOS="1458" WIDTH="221" HEIGHT="36" WC="0.91" CONTENT="dädanefter"/><SP WIDTH="30" VPOS="1458" HPOS="1157"/>
							<String ID="string_210" HPOS="1187" VPOS="1471" WIDTH="81" HEIGHT="24" WC="0.96" CONTENT="som"/><SP WIDTH="30" VPOS="1471" HPOS="1268"/>
							<String ID="string_211" HPOS="1298" VPOS="1458" WIDTH="101" HEIGHT="37" WC="0.96" CONTENT="förut"/><SP WIDTH="28" VPOS="1458" HPOS="1399"/>
							<String ID="string_212" HPOS="1427" VPOS="1459" WIDTH="186" HEIGHT="36" WC="0.96" CONTENT="därunder"/><SP WIDTH="26" VPOS="1459" HPOS="1613"/>
							<String ID="string_213" HPOS="1639" VPOS="1459" WIDTH="214" HEIGHT="37" WC="0.94" CONTENT="bibehållet."/><SP WIDTH="56" VPOS="1459" HPOS="1853"/>
							<String ID="string_214" HPOS="1909" VPOS="1460" WIDTH="65" HEIGHT="37" WC="0.92" CONTENT="Uti"/>
						</TextLine>
						<TextLine ID="line_25" HPOS="376" VPOS="1509" WIDTH="1597" HEIGHT="51">
							<String ID="string_215" HPOS="376" VPOS="1515" WIDTH="55" HEIGHT="32" WC="0.96" CONTENT="ett"/><SP WIDTH="42" VPOS="1515" HPOS="431"/>
							<String ID="string_216" HPOS="473" VPOS="1510" WIDTH="72" HEIGHT="36" WC="0.96" CONTENT="den"/><SP WIDTH="44" VPOS="1510" HPOS="545"/>
							<String ID="string_217" HPOS="589" VPOS="1512" WIDTH="43" HEIGHT="34" WC="0.96" CONTENT="12"/><SP WIDTH="31" VPOS="1512" HPOS="632"/>
							<String ID="string_218" HPOS="663" VPOS="1509" WIDTH="85" HEIGHT="50" WC="0.96" CONTENT="juni"/><SP WIDTH="35" VPOS="1509" HPOS="748"/>
							<String ID="string_219" HPOS="783" VPOS="1511" WIDTH="98" HEIGHT="35" WC="0.93" CONTENT="1834"/><SP WIDTH="29" VPOS="1511" HPOS="881"/>
							<String ID="string_220" HPOS="910" VPOS="1510" WIDTH="163" HEIGHT="49" WC="0.91" CONTENT="afgifvet"/><SP WIDTH="27" VPOS="1510" HPOS="1073"/>
							<String ID="string_221" HPOS="1100" VPOS="1510" WIDTH="254" HEIGHT="50" WC="0.96" CONTENT="underdånigt"/><SP WIDTH="28" VPOS="1510" HPOS="1354"/>
							<String ID="string_222" HPOS="1382" VPOS="1510" WIDTH="193" HEIGHT="37" WC="0.96" CONTENT="utlåtande"/><SP WIDTH="29" VPOS="1510" HPOS="1575"/>
							<String ID="string_223" HPOS="1604" VPOS="1511" WIDTH="154" HEIGHT="37" WC="0.93" CONTENT="anförde"/><SP WIDTH="27" VPOS="1511" HPOS="1758"/>
							<String ID="string_224" HPOS="1785" VPOS="1511" WIDTH="188" HEIGHT="37" WC="0.91" CONTENT="kammar-"/>
						</TextLine>
						<TextLine ID="line_26" HPOS="375" VPOS="1562" WIDTH="1598" HEIGHT="51">
							<String ID="string_225" HPOS="375" VPOS="1563" WIDTH="208" HEIGHT="48" WC="0.94" CONTENT="kollegium"/><SP WIDTH="42" VPOS="1563" HPOS="583"/>
							<String ID="string_226" HPOS="625" VPOS="1562" WIDTH="223" HEIGHT="47" WC="0.92" CONTENT="sedermera,"/><SP WIDTH="40" VPOS="1562" HPOS="848"/>
							<String ID="string_227" HPOS="888" VPOS="1568" WIDTH="53" HEIGHT="31" WC="0.96" CONTENT="att"/><SP WIDTH="42" VPOS="1568" HPOS="941"/>
							<String ID="string_228" HPOS="983" VPOS="1562" WIDTH="45" HEIGHT="37" WC="0.96" CONTENT="de"/><SP WIDTH="35" VPOS="1562" HPOS="1028"/>
							<String ID="string_229" HPOS="1063" VPOS="1562" WIDTH="85" HEIGHT="37" WC="0.92" CONTENT="från"/><SP WIDTH="33" VPOS="1562" HPOS="1148"/>
							<String ID="string_230" HPOS="1181" VPOS="1563" WIDTH="173" HEIGHT="36" WC="0.92" CONTENT="arrendet"/><SP WIDTH="28" VPOS="1563" HPOS="1354"/>
							<String ID="string_231" HPOS="1382" VPOS="1563" WIDTH="155" HEIGHT="36" WC="0.96" CONTENT="sålunda"/><SP WIDTH="27" VPOS="1563" HPOS="1537"/>
							<String ID="string_232" HPOS="1564" VPOS="1564" WIDTH="248" HEIGHT="48" WC="0.96" CONTENT="undantagna"/><SP WIDTH="27" VPOS="1564" HPOS="1812"/>
							<String ID="string_233" HPOS="1839" VPOS="1570" WIDTH="134" HEIGHT="43" WC="0.96" CONTENT="torpen"/>
						</TextLine>
						<TextLine ID="line_27" HPOS="376" VPOS="1614" WIDTH="1597" HEIGHT="51">
							<String ID="string_234" HPOS="376" VPOS="1627" WIDTH="89" HEIGHT="24" WC="0.95" CONTENT="vore"/><SP WIDTH="41" VPOS="1627" HPOS="465"/>
							<String ID="string_235" HPOS="506" VPOS="1614" WIDTH="163" HEIGHT="48" WC="0.95" CONTENT="belägna"/><SP WIDTH="42" VPOS="1614" HPOS="669"/>
							<String ID="string_236" HPOS="711" VPOS="1614" WIDTH="78" HEIGHT="36" WC="0.90" CONTENT="dels"/><SP WIDTH="39" VPOS="1614" HPOS="789"/>
							<String ID="string_237" HPOS="828" VPOS="1617" WIDTH="20" HEIGHT="33" WC="0.89" CONTENT="å"/><SP WIDTH="34" VPOS="1617" HPOS="848"/>
							<String ID="string_238" HPOS="882" VPOS="1615" WIDTH="418" HEIGHT="48" WC="0.92" CONTENT="häradsallmänningar"/><SP WIDTH="32" VPOS="1615" HPOS="1300"/>
							<String ID="string_239" HPOS="1332" VPOS="1615" WIDTH="70" HEIGHT="36" WC="0.96" CONTENT="och"/><SP WIDTH="29" VPOS="1615" HPOS="1402"/>
							<String ID="string_240" HPOS="1431" VPOS="1615" WIDTH="80" HEIGHT="36" WC="0.93" CONTENT="dels"/><SP WIDTH="30" VPOS="1615" HPOS="1511"/>
							<String ID="string_241" HPOS="1541" VPOS="1615" WIDTH="157" HEIGHT="50" WC="0.92" CONTENT="afgärda"/><SP WIDTH="27" VPOS="1615" HPOS="1698"/>
							<String ID="string_242" HPOS="1725" VPOS="1618" WIDTH="48" HEIGHT="47" WC="0.96" CONTENT="på"/><SP WIDTH="28" VPOS="1618" HPOS="1773"/>
							<String ID="string_243" HPOS="1801" VPOS="1615" WIDTH="172" HEIGHT="37" WC="0.96" CONTENT="enskilda"/>
						</TextLine>
						<TextLine ID="line_28" HPOS="375" VPOS="1666" WIDTH="1598" HEIGHT="51">
							<String ID="string_244" HPOS="375" VPOS="1667" WIDTH="196" HEIGHT="37" WC="0.92" CONTENT="hemmans"/><SP WIDTH="41" VPOS="1667" HPOS="571"/>
							<String ID="string_245" HPOS="612" VPOS="1671" WIDTH="94" HEIGHT="43" WC="0.96" CONTENT="ägor"/><SP WIDTH="28" VPOS="1671" HPOS="706"/>
							<String ID="string_246" HPOS="734" VPOS="1667" WIDTH="85" HEIGHT="36" WC="0.96" CONTENT="med"/><SP WIDTH="26" VPOS="1667" HPOS="819"/>
							<String ID="string_247" HPOS="845" VPOS="1667" WIDTH="197" HEIGHT="48" WC="0.96" CONTENT="undantag"/><SP WIDTH="28" VPOS="1667" HPOS="1042"/>
							<String ID="string_248" HPOS="1070" VPOS="1667" WIDTH="41" HEIGHT="36" WC="0.96" CONTENT="af"/><SP WIDTH="24" VPOS="1667" HPOS="1111"/>
							<String ID="string_249" HPOS="1135" VPOS="1672" WIDTH="123" HEIGHT="44" WC="0.93" CONTENT="torpet"/><SP WIDTH="30" VPOS="1672" HPOS="1258"/>
							<String ID="string_250" HPOS="1288" VPOS="1666" WIDTH="170" HEIGHT="50" WC="0.92" CONTENT="Sörtorp,"/><SP WIDTH="30" VPOS="1666" HPOS="1458"/>
							<String ID="string_251" HPOS="1488" VPOS="1667" WIDTH="144" HEIGHT="37" WC="0.93" CONTENT="hvilket"/><SP WIDTH="27" VPOS="1667" HPOS="1632"/>
							<String ID="string_252" HPOS="1659" VPOS="1668" WIDTH="84" HEIGHT="49" WC="0.91" CONTENT="låge"/><SP WIDTH="28" VPOS="1668" HPOS="1743"/>
							<String ID="string_253" HPOS="1771" VPOS="1667" WIDTH="101" HEIGHT="37" WC="0.96" CONTENT="inom"/><SP WIDTH="29" VPOS="1667" HPOS="1872"/>
							<String ID="string_254" HPOS="1901" VPOS="1668" WIDTH="72" HEIGHT="37" WC="0.95" CONTENT="den"/>
						</TextLine>
						<TextLine ID="line_29" HPOS="375" VPOS="1718" WIDTH="1596" HEIGHT="51">
							<String ID="string_255" HPOS="375" VPOS="1722" WIDTH="42" HEIGHT="34" WC="0.96" CONTENT="så"/><SP WIDTH="32" VPOS="1722" HPOS="417"/>
							<String ID="string_256" HPOS="449" VPOS="1718" WIDTH="148" HEIGHT="37" WC="0.93" CONTENT="kallade"/><SP WIDTH="27" VPOS="1718" HPOS="597"/>
							<String ID="string_257" HPOS="624" VPOS="1718" WIDTH="275" HEIGHT="49" WC="0.92" CONTENT="Kungshagen,"/><SP WIDTH="31" VPOS="1718" HPOS="899"/>
							<String ID="string_258" HPOS="930" VPOS="1719" WIDTH="90" HEIGHT="36" WC="0.96" CONTENT="eller"/><SP WIDTH="28" VPOS="1719" HPOS="1020"/>
							<String ID="string_259" HPOS="1048" VPOS="1732" WIDTH="143" HEIGHT="23" WC="0.96" CONTENT="samma"/><SP WIDTH="28" VPOS="1732" HPOS="1191"/>
							<String ID="string_260" HPOS="1219" VPOS="1719" WIDTH="270" HEIGHT="49" WC="0.96" CONTENT="kungsgården"/><SP WIDTH="29" VPOS="1719" HPOS="1489"/>
							<String ID="string_261" HPOS="1518" VPOS="1719" WIDTH="193" HEIGHT="49" WC="0.93" CONTENT="tillhöriga"/><SP WIDTH="29" VPOS="1719" HPOS="1711"/>
							<String ID="string_262" HPOS="1740" VPOS="1720" WIDTH="231" HEIGHT="49" WC="0.92" CONTENT="skogstrakt,"/>
						</TextLine>
						<TextLine ID="line_30" HPOS="375" VPOS="1770" WIDTH="1598" HEIGHT="51">
							<String ID="string_263" HPOS="375" VPOS="1771" WIDTH="116" HEIGHT="36" WC="0.92" CONTENT="hvarå"/><SP WIDTH="42" VPOS="1771" HPOS="491"/>
							<String ID="string_264" HPOS="533" VPOS="1770" WIDTH="200" HEIGHT="50" WC="0.92" CONTENT="Nygärdet"/><SP WIDTH="35" VPOS="1770" HPOS="733"/>
							<String ID="string_265" HPOS="768" VPOS="1771" WIDTH="144" HEIGHT="49" WC="0.96" CONTENT="jämväl"/><SP WIDTH="42" VPOS="1771" HPOS="912"/>
							<String ID="string_266" HPOS="954" VPOS="1771" WIDTH="125" HEIGHT="36" WC="0.95" CONTENT="blifvit"/><SP WIDTH="41" VPOS="1771" HPOS="1079"/>
							<String ID="string_267" HPOS="1120" VPOS="1776" WIDTH="196" HEIGHT="45" WC="0.95" CONTENT="upptaget."/><SP WIDTH="58" VPOS="1776" HPOS="1316"/>
							<String ID="string_268" HPOS="1374" VPOS="1771" WIDTH="55" HEIGHT="36" WC="0.96" CONTENT="Då"/><SP WIDTH="36" VPOS="1771" HPOS="1429"/>
							<String ID="string_269" HPOS="1465" VPOS="1772" WIDTH="234" HEIGHT="36" WC="0.96" CONTENT="sistnämnda"/><SP WIDTH="32" VPOS="1772" HPOS="1699"/>
							<String ID="string_270" HPOS="1731" VPOS="1776" WIDTH="86" HEIGHT="44" WC="0.96" CONTENT="torp"/><SP WIDTH="28" VPOS="1776" HPOS="1817"/>
							<String ID="string_271" HPOS="1845" VPOS="1771" WIDTH="128" HEIGHT="38" WC="0.96" CONTENT="blifvit"/>
						</TextLine>
						<TextLine ID="line_31" HPOS="375" VPOS="1823" WIDTH="1598" HEIGHT="50">
							<String ID="string_272" HPOS="375" VPOS="1823" WIDTH="11" HEIGHT="36" WC="0.96" CONTENT="i"/><SP WIDTH="40" VPOS="1823" HPOS="386"/>
							<String ID="string_273" HPOS="426" VPOS="1823" WIDTH="62" HEIGHT="36" WC="0.96" CONTENT="det"/><SP WIDTH="41" VPOS="1823" HPOS="488"/>
							<String ID="string_274" HPOS="529" VPOS="1828" WIDTH="126" HEIGHT="31" WC="0.96" CONTENT="senast"/><SP WIDTH="31" VPOS="1828" HPOS="655"/>
							<String ID="string_275" HPOS="686" VPOS="1823" WIDTH="197" HEIGHT="36" WC="0.93" CONTENT="utfärdade"/><SP WIDTH="29" VPOS="1823" HPOS="883"/>
							<String ID="string_276" HPOS="912" VPOS="1823" WIDTH="376" HEIGHT="37" WC="0.91" CONTENT="arrendekontraktet"/><SP WIDTH="28" VPOS="1823" HPOS="1288"/>
							<String ID="string_277" HPOS="1316" VPOS="1824" WIDTH="119" HEIGHT="36" WC="0.93" CONTENT="under"/><SP WIDTH="27" VPOS="1824" HPOS="1435"/>
							<String ID="string_278" HPOS="1462" VPOS="1823" WIDTH="511" HEIGHT="50" WC="0.91" CONTENT="kungsladugårdsarrendet"/>
						</TextLine>
						<TextLine ID="line_32" HPOS="375" VPOS="1875" WIDTH="1598" HEIGHT="50">
							<String ID="string_279" HPOS="375" VPOS="1875" WIDTH="214" HEIGHT="49" WC="0.96" CONTENT="inbegripet"/><SP WIDTH="37" VPOS="1875" HPOS="589"/>
							<String ID="string_280" HPOS="626" VPOS="1879" WIDTH="97" HEIGHT="32" WC="0.96" CONTENT="samt"/><SP WIDTH="29" VPOS="1879" HPOS="723"/>
							<String ID="string_281" HPOS="752" VPOS="1875" WIDTH="197" HEIGHT="37" WC="0.96" CONTENT="enahanda"/><SP WIDTH="27" VPOS="1875" HPOS="949"/>
							<String ID="string_282" HPOS="976" VPOS="1875" WIDTH="95" HEIGHT="47" WC="0.96" CONTENT="skäl,"/><SP WIDTH="31" VPOS="1875" HPOS="1071"/>
							<String ID="string_283" HPOS="1102" VPOS="1889" WIDTH="81" HEIGHT="23" WC="0.93" CONTENT="som"/><SP WIDTH="29" VPOS="1889" HPOS="1183"/>
							<String ID="string_284" HPOS="1212" VPOS="1875" WIDTH="187" HEIGHT="37" WC="0.92" CONTENT="föranledt"/><SP WIDTH="28" VPOS="1875" HPOS="1399"/>
							<String ID="string_285" HPOS="1427" VPOS="1875" WIDTH="56" HEIGHT="37" WC="0.96" CONTENT="till"/><SP WIDTH="29" VPOS="1875" HPOS="1483"/>
							<String ID="string_286" HPOS="1512" VPOS="1876" WIDTH="123" HEIGHT="36" WC="0.96" CONTENT="denna"/><SP WIDTH="27" VPOS="1876" HPOS="1635"/>
							<String ID="string_287" HPOS="1662" VPOS="1876" WIDTH="85" HEIGHT="37" WC="0.93" CONTENT="med"/><SP WIDTH="27" VPOS="1876" HPOS="1747"/>
							<String ID="string_288" HPOS="1774" VPOS="1876" WIDTH="199" HEIGHT="49" WC="0.92" CONTENT="Nygärdet"/>
						</TextLine>
						<TextLine ID="line_33" HPOS="377" VPOS="1927" WIDTH="1595" HEIGHT="51">
							<String ID="string_289" HPOS="377" VPOS="1927" WIDTH="182" HEIGHT="49" WC="0.95" CONTENT="vidtagna"/><SP WIDTH="33" VPOS="1927" HPOS="559"/>
							<String ID="string_290" HPOS="592" VPOS="1927" WIDTH="144" HEIGHT="49" WC="0.96" CONTENT="åtgärd,"/><SP WIDTH="30" VPOS="1927" HPOS="736"/>
							<String ID="string_291" HPOS="766" VPOS="1928" WIDTH="109" HEIGHT="36" WC="0.96" CONTENT="äfven"/><SP WIDTH="30" VPOS="1928" HPOS="875"/>
							<String ID="string_292" HPOS="905" VPOS="1940" WIDTH="91" HEIGHT="24" WC="0.96" CONTENT="vore"/><SP WIDTH="28" VPOS="1940" HPOS="996"/>
							<String ID="string_293" HPOS="1024" VPOS="1928" WIDTH="176" HEIGHT="48" WC="0.96" CONTENT="gällande"/><SP WIDTH="27" VPOS="1928" HPOS="1200"/>
							<String ID="string_294" HPOS="1227" VPOS="1927" WIDTH="13" HEIGHT="36" WC="0.96" CONTENT="i"/><SP WIDTH="29" VPOS="1927" HPOS="1240"/>
							<String ID="string_295" HPOS="1269" VPOS="1927" WIDTH="175" HEIGHT="37" WC="0.96" CONTENT="afseende"/><SP WIDTH="28" VPOS="1927" HPOS="1444"/>
							<String ID="string_296" HPOS="1472" VPOS="1930" WIDTH="48" HEIGHT="47" WC="0.91" CONTENT="på"/><SP WIDTH="30" VPOS="1930" HPOS="1520"/>
							<String ID="string_297" HPOS="1550" VPOS="1927" WIDTH="168" HEIGHT="51" WC="0.91" CONTENT="Sörtorp,"/><SP WIDTH="29" VPOS="1927" HPOS="1718"/>
							<String ID="string_298" HPOS="1747" VPOS="1927" WIDTH="225" HEIGHT="37" WC="0.91" CONTENT="hemställde"/>
						</TextLine>
						<TextLine ID="line_34" HPOS="373" VPOS="1979" WIDTH="1599" HEIGHT="51">
							<String ID="string_299" HPOS="373" VPOS="1979" WIDTH="221" HEIGHT="49" WC="0.95" CONTENT="kollegium,"/><SP WIDTH="43" VPOS="1979" HPOS="594"/>
							<String ID="string_300" HPOS="637" VPOS="1979" WIDTH="185" HEIGHT="37" WC="0.96" CONTENT="huruvida"/><SP WIDTH="37" VPOS="1979" HPOS="822"/>
							<String ID="string_301" HPOS="859" VPOS="1980" WIDTH="82" HEIGHT="36" WC="0.96" CONTENT="icke"/><SP WIDTH="37" VPOS="1980" HPOS="941"/>
							<String ID="string_302" HPOS="978" VPOS="1980" WIDTH="85" HEIGHT="36" WC="0.92" CONTENT="med"/><SP WIDTH="43" VPOS="1980" HPOS="1063"/>
							<String ID="string_303" HPOS="1106" VPOS="1979" WIDTH="157" HEIGHT="50" WC="0.46" CONTENT="WNörtorp"/><SP WIDTH="40" VPOS="1979" HPOS="1263"/>
							<String ID="string_304" HPOS="1303" VPOS="1980" WIDTH="104" HEIGHT="49" WC="0.93" CONTENT="finge"/><SP WIDTH="42" VPOS="1980" HPOS="1407"/>
							<String ID="string_305" HPOS="1449" VPOS="1980" WIDTH="158" HEIGHT="36" WC="0.92" CONTENT="förfaras"/><SP WIDTH="34" VPOS="1980" HPOS="1607"/>
							<String ID="string_306" HPOS="1641" VPOS="1983" WIDTH="48" HEIGHT="47" WC="0.96" CONTENT="på"/><SP WIDTH="32" VPOS="1983" HPOS="1689"/>
							<String ID="string_307" HPOS="1721" VPOS="1993" WIDTH="144" HEIGHT="24" WC="0.95" CONTENT="samma"/><SP WIDTH="32" VPOS="1993" HPOS="1865"/>
							<String ID="string_308" HPOS="1897" VPOS="1984" WIDTH="75" HEIGHT="32" WC="0.96" CONTENT="sätt"/>
						</TextLine>
						<TextLine ID="line_35" HPOS="373" VPOS="2031" WIDTH="1599" HEIGHT="51">
							<String ID="string_309" HPOS="373" VPOS="2045" WIDTH="83" HEIGHT="23" WC="0.96" CONTENT="som"/><SP WIDTH="41" VPOS="2045" HPOS="456"/>
							<String ID="string_310" HPOS="497" VPOS="2031" WIDTH="86" HEIGHT="37" WC="0.93" CONTENT="med"/><SP WIDTH="41" VPOS="2031" HPOS="583"/>
							<String ID="string_311" HPOS="624" VPOS="2031" WIDTH="199" HEIGHT="50" WC="0.92" CONTENT="Nygärdet"/><SP WIDTH="42" VPOS="2031" HPOS="823"/>
							<String ID="string_312" HPOS="865" VPOS="2038" WIDTH="98" HEIGHT="30" WC="0.94" CONTENT="samt"/><SP WIDTH="34" VPOS="2038" HPOS="963"/>
							<String ID="string_313" HPOS="997" VPOS="2032" WIDTH="240" HEIGHT="49" WC="0.93" CONTENT="följaktligen"/><SP WIDTH="30" VPOS="2032" HPOS="1237"/>
							<String ID="string_314" HPOS="1267" VPOS="2031" WIDTH="167" HEIGHT="51" WC="0.92" CONTENT="Sörtorp,"/><SP WIDTH="30" VPOS="2031" HPOS="1434"/>
							<String ID="string_315" HPOS="1464" VPOS="2035" WIDTH="124" HEIGHT="34" WC="0.96" CONTENT="såsom"/><SP WIDTH="27" VPOS="2035" HPOS="1588"/>
							<String ID="string_316" HPOS="1615" VPOS="2032" WIDTH="152" HEIGHT="49" WC="0.96" CONTENT="beläget"/><SP WIDTH="27" VPOS="2032" HPOS="1767"/>
							<String ID="string_317" HPOS="1794" VPOS="2032" WIDTH="103" HEIGHT="37" WC="0.95" CONTENT="inom"/><SP WIDTH="29" VPOS="2032" HPOS="1897"/>
							<String ID="string_318" HPOS="1926" VPOS="2045" WIDTH="46" HEIGHT="24" WC="0.94" CONTENT="en"/>
						</TextLine>
						<TextLine ID="line_36" HPOS="374" VPOS="2083" WIDTH="1598" HEIGHT="51">
							<String ID="string_319" HPOS="374" VPOS="2083" WIDTH="66" HEIGHT="37" WC="0.95" CONTENT="mil"/><SP WIDTH="41" VPOS="2083" HPOS="440"/>
							<String ID="string_320" HPOS="481" VPOS="2084" WIDTH="84" HEIGHT="36" WC="0.90" CONTENT="från"/><SP WIDTH="41" VPOS="2084" HPOS="565"/>
							<String ID="string_321" HPOS="606" VPOS="2084" WIDTH="363" HEIGHT="50" WC="0.90" CONTENT="kungsladugården"/><SP WIDTH="41" VPOS="2084" HPOS="969"/>
							<String ID="string_322" HPOS="1010" VPOS="2084" WIDTH="70" HEIGHT="37" WC="0.96" CONTENT="och"/><SP WIDTH="36" VPOS="2084" HPOS="1080"/>
							<String ID="string_323" HPOS="1116" VPOS="2087" WIDTH="47" HEIGHT="46" WC="0.96" CONTENT="på"/><SP WIDTH="39" VPOS="2087" HPOS="1163"/>
							<String ID="string_324" HPOS="1202" VPOS="2085" WIDTH="85" HEIGHT="36" WC="0.95" CONTENT="dess"/><SP WIDTH="38" VPOS="2085" HPOS="1287"/>
							<String ID="string_325" HPOS="1325" VPOS="2090" WIDTH="106" HEIGHT="43" WC="0.96" CONTENT="ägor,"/><SP WIDTH="31" VPOS="2090" HPOS="1431"/>
							<String ID="string_326" HPOS="1462" VPOS="2084" WIDTH="180" HEIGHT="38" WC="0.96" CONTENT="återföras"/><SP WIDTH="30" VPOS="2084" HPOS="1642"/>
							<String ID="string_327" HPOS="1672" VPOS="2084" WIDTH="57" HEIGHT="37" WC="0.96" CONTENT="till"/><SP WIDTH="28" VPOS="2084" HPOS="1729"/>
							<String ID="string_328" HPOS="1757" VPOS="2084" WIDTH="75" HEIGHT="37" WC="0.92" CONTENT="den"/><SP WIDTH="28" VPOS="2084" HPOS="1832"/>
							<String ID="string_329" HPOS="1860" VPOS="2084" WIDTH="112" HEIGHT="49" WC="0.92" CONTENT="dags-"/>
						</TextLine>
						<TextLine ID="line_37" HPOS="373" VPOS="2135" WIDTH="1598" HEIGHT="51">
							<String ID="string_330" HPOS="373" VPOS="2135" WIDTH="335" HEIGHT="50" WC="0.91" CONTENT="verksskyldighet"/><SP WIDTH="46" VPOS="2135" HPOS="708"/>
							<String ID="string_331" HPOS="754" VPOS="2136" WIDTH="199" HEIGHT="47" WC="0.95" CONTENT="därunder,"/><SP WIDTH="47" VPOS="2136" HPOS="953"/>
							<String ID="string_332" HPOS="1000" VPOS="2149" WIDTH="80" HEIGHT="24" WC="0.93" CONTENT="som"/><SP WIDTH="39" VPOS="2149" HPOS="1080"/>
							<String ID="string_333" HPOS="1119" VPOS="2136" WIDTH="97" HEIGHT="37" WC="0.91" CONTENT="åbon"/><SP WIDTH="40" VPOS="2136" HPOS="1216"/>
							<String ID="string_334" HPOS="1256" VPOS="2137" WIDTH="158" HEIGHT="49" WC="0.95" CONTENT="utgjort,"/><SP WIDTH="41" VPOS="2137" HPOS="1414"/>
							<String ID="string_335" HPOS="1455" VPOS="2137" WIDTH="116" HEIGHT="36" WC="0.94" CONTENT="innan"/><SP WIDTH="42" VPOS="2137" HPOS="1571"/>
							<String ID="string_336" HPOS="1613" VPOS="2142" WIDTH="148" HEIGHT="31" WC="0.93" CONTENT="senaste"/><SP WIDTH="41" VPOS="2142" HPOS="1761"/>
							<String ID="string_337" HPOS="1802" VPOS="2142" WIDTH="169" HEIGHT="31" WC="0.88" CONTENT="utarren-"/>
						</TextLine>
						<TextLine ID="line_38" HPOS="374" VPOS="2188" WIDTH="1598" HEIGHT="50">
							<String ID="string_338" HPOS="374" VPOS="2188" WIDTH="184" HEIGHT="49" WC="0.90" CONTENT="deringen"/><SP WIDTH="42" VPOS="2188" HPOS="558"/>
							<String ID="string_339" HPOS="600" VPOS="2188" WIDTH="112" HEIGHT="47" WC="0.96" CONTENT="skett,"/><SP WIDTH="43" VPOS="2188" HPOS="712"/>
							<String ID="string_340" HPOS="755" VPOS="2188" WIDTH="197" HEIGHT="37" WC="0.93" CONTENT="hvaremot"/><SP WIDTH="42" VPOS="2188" HPOS="952"/>
							<String ID="string_341" HPOS="994" VPOS="2189" WIDTH="97" HEIGHT="36" WC="0.92" CONTENT="åbon"/><SP WIDTH="42" VPOS="2189" HPOS="1091"/>
							<String ID="string_342" HPOS="1133" VPOS="2189" WIDTH="116" HEIGHT="36" WC="0.96" CONTENT="borde"/><SP WIDTH="27" VPOS="2189" HPOS="1249"/>
							<String ID="string_343" HPOS="1276" VPOS="2189" WIDTH="139" HEIGHT="36" WC="0.96" CONTENT="befrias"/><SP WIDTH="29" VPOS="2189" HPOS="1415"/>
							<String ID="string_344" HPOS="1444" VPOS="2189" WIDTH="84" HEIGHT="36" WC="0.93" CONTENT="från"/><SP WIDTH="28" VPOS="2189" HPOS="1528"/>
							<String ID="string_345" HPOS="1556" VPOS="2189" WIDTH="249" HEIGHT="49" WC="0.91" CONTENT="erläggandet"/><SP WIDTH="30" VPOS="2189" HPOS="1805"/>
							<String ID="string_346" HPOS="1835" VPOS="2188" WIDTH="40" HEIGHT="37" WC="0.96" CONTENT="af"/><SP WIDTH="25" VPOS="2188" HPOS="1875"/>
							<String ID="string_347" HPOS="1900" VPOS="2189" WIDTH="72" HEIGHT="36" WC="0.96" CONTENT="den"/>
						</TextLine>
						<TextLine ID="line_39" HPOS="374" VPOS="2240" WIDTH="625" HEIGHT="49">
							<String ID="string_348" HPOS="374" VPOS="2245" WIDTH="125" HEIGHT="44" WC="0.93" CONTENT="torpet"/><SP WIDTH="28" VPOS="2245" HPOS="499"/>
							<String ID="string_349" HPOS="527" VPOS="2242" WIDTH="121" HEIGHT="34" WC="0.92" CONTENT="åsatta"/><SP WIDTH="23" VPOS="2242" HPOS="648"/>
							<String ID="string_350" HPOS="671" VPOS="2240" WIDTH="328" HEIGHT="48" WC="0.91" CONTENT="jordeboksränta."/>
						</TextLine>
					</TextBlock>
					<TextBlock ID="block_6" HPOS="504" VPOS="2291" WIDTH="1468" HEIGHT="51">
						<TextLine ID="line_40" HPOS="504" VPOS="2291" WIDTH="1468" HEIGHT="51">
							<String ID="string_351" HPOS="504" VPOS="2292" WIDTH="17" HEIGHT="36" WC="0.96" CONTENT="I"/><SP WIDTH="27" VPOS="2292" HPOS="521"/>
							<String ID="string_352" HPOS="548" VPOS="2292" WIDTH="161" HEIGHT="37" WC="0.96" CONTENT="berörda"/><SP WIDTH="28" VPOS="2292" HPOS="709"/>
							<String ID="string_353" HPOS="737" VPOS="2292" WIDTH="192" HEIGHT="38" WC="0.96" CONTENT="utlåtande"/><SP WIDTH="28" VPOS="2292" HPOS="929"/>
							<String ID="string_354" HPOS="957" VPOS="2292" WIDTH="68" HEIGHT="38" WC="0.96" CONTENT="har"/><SP WIDTH="28" VPOS="2292" HPOS="1025"/>
							<String ID="string_355" HPOS="1053" VPOS="2292" WIDTH="206" HEIGHT="50" WC="0.96" CONTENT="kollegium"/><SP WIDTH="29" VPOS="2292" HPOS="1259"/>
							<String ID="string_356" HPOS="1288" VPOS="2293" WIDTH="128" HEIGHT="37" WC="0.96" CONTENT="vidare"/><SP WIDTH="27" VPOS="2293" HPOS="1416"/>
							<String ID="string_357" HPOS="1443" VPOS="2292" WIDTH="13" HEIGHT="37" WC="0.95" CONTENT="1"/><SP WIDTH="29" VPOS="2292" HPOS="1456"/>
							<String ID="string_358" HPOS="1485" VPOS="2293" WIDTH="276" HEIGHT="49" WC="0.96" CONTENT="sammanhang"/><SP WIDTH="28" VPOS="2293" HPOS="1761"/>
							<String ID="string_359" HPOS="1789" VPOS="2292" WIDTH="85" HEIGHT="37" WC="0.92" CONTENT="med"/><SP WIDTH="25" VPOS="2292" HPOS="1874"/>
							<String ID="string_360" HPOS="1899" VPOS="2291" WIDTH="73" HEIGHT="38" WC="0.87" CONTENT="till-"/>
						</TextLine>
					</TextBlock>
				</ComposedBlock>
			</PrintSpace>
		</Page>
	</Layout>
</alto>
