2250 2679
460 147 38 31 12
935 143 232 44 Lagutskottets
1190 143 162 32 utlåtande
1375 143 52 31 Nr
1452 143 52 31 66.

417 236 158 37 varande
614 236 322 36 bestämmelserna
975 234 66 37 och
1084 234 103 36 deras
1227 233 211 37 nuvarande
1479 232 200 50 affattning
1719 232 64 36 har
1810 231 127 38 chefen
1967 231 58 37 för

416 288 437 49 justitiedepartementet
892 288 82 34 låtit
1015 286 169 36 utarbeta
1224 291 51 31 ett
1317 285 136 49 förslag
1493 285 59 35 till
1583 286 61 47 lag
1671 284 188 49 angående
1887 284 139 36 ändrad

419 340 139 50 lydelse
599 338 40 37 af
679 341 42 34 15
763 340 81 46 kap.
889 340 44 34 22
975 339 68 35 och
1085 340 45 33 24
1159 336 48 46 $$
1235 338 217 47 strafflagen,
1482 337 138 36 hvilket
1647 335 149 50 förslag,
1826 336 111 36 sedan
1964 336 61 35 det

419 392 258 36 underkastats
718 390 179 49 lagrådets
939 390 241 48 granskning,
1216 389 85 36 med
1328 388 240 37 förevarande
1596 389 228 48 proposition
1853 387 172 48 förelagts

419 443 208 49 Riksdagen
654 443 57 35 till
739 442 217 49 antagande.

553 545 232 36 Beträffande
825 545 226 36 innebörden
1092 545 12 34 i
1137 544 66 36 och
1232 544 44 35 de
1303 551 169 28 närmare
1499 544 124 34 skälen
1651 541 58 37 för
1736 541 136 48 Kungl.
1903 543 124 47 Maj:ts

421 597 138 49 förslag
589 597 57 36 får
674 597 181 36 utskottet
882 597 152 35 hänvisa
1060 596 58 35 till
1146 595 70 37 den
1245 596 126 48 kungl.
1401 596 274 48 propositionen
1706 600 93 30 samt
1827 593 45 37 de
1899 594 128 36 därvid

421 649 144 49 fogade,
594 651 12 34 i
634 649 197 36 statsrådet
858 649 67 35 och
952 647 166 49 lagrådet
1146 646 105 37 förda
1278 647 194 48 protokoll.

555 750 127 48 Enligt
722 751 200 35 utskottets
963 748 240 50 uppfattning
1243 755 61 29 äro
1345 748 44 35 de
1429 748 246 48 olägenheter,
1705 759 78 23 som
1809 746 147 36 vidlåda
1983 746 44 36 de

420 802 213 36 nuvarande
672 802 393 48 lagbestämmelserna,
1107 799 40 37 af
1185 803 38 33 så
1263 800 166 48 allvarlig
1469 804 67 39 art,
1565 803 54 31 att
1646 811 42 23 en
1717 797 159 48 ändring
1902 797 41 36 af
1966 798 62 35 de-

421 867 140 23 samma
599 853 80 35 icke
719 853 65 36 bör
823 853 126 47 längre
991 852 279 47 undanskjutas.
1327 851 13 35 I
1383 851 102 35 detta
1523 849 207 36 hänseende
1764 848 54 37 får
1846 850 181 35 utskottet

421 905 157 48 åberopa
618 904 71 36 den
729 903 241 47 fullständiga
1010 903 66 36 och
1117 902 264 49 öfvertygande
1413 901 211 48 utredning,
1654 913 77 23 som
1760 899 267 49 föredragande

422 955 404 50 departementschefen
852 956 140 34 lämnat
1019 956 12 33 i
1059 954 64 36 sitt
1150 952 110 38 ofvan
1288 952 242 37 omförmälda
1558 952 172 49 yttrande
1757 952 58 35 till
1834 950 194 37 statsråds-

422 1008 222 49 protokollet
672 1007 71 35 den
773 1008 44 34 29
847 1019 98 23 mars
977 1007 105 35 1912.

556 1059 14 35 I
597 1057 104 49 fråga
728 1071 57 22 om
816 1062 109 32 sättet
953 1057 58 36 för
1038 1057 222 48 ändringens
1289 1055 325 36 åstadkommande
1642 1067 105 23 anser
1771 1054 180 35 utskottet
1971 1052 57 36 för

421 1111 58 35 sin
521 1110 69 44 del,
630 1114 53 31 att
722 1109 61 35 det
823 1108 39 37 af
901 1108 133 48 Kungl.
1065 1108 101 47 Maj:t
1192 1121 51 22 nu
1271 1107 205 48 framlagda
1502 1106 175 48 förslaget
1704 1106 59 35 till
1791 1104 200 48 ändringar
2017 1106 12 33 i

424 1164 44 34 15
510 1162 80 46 kap.
620 1162 45 34 22
694 1161 65 35 och
795 1162 45 34 24
869 1158 48 46 $$
945 1159 218 47 strafflagen,
1192 1159 66 35 bör
1285 1171 88 23 vara
1400 1157 136 48 ägnadt
1558 1163 54 30 att
1640 1156 231 47 undanrödja
1898 1155 44 36 de
1970 1162 60 28 vä-

422 1212 214 48 sentligaste
664 1210 39 37 af
727 1211 45 36 de
801 1211 144 42 brister,
974 1223 77 23 som
1079 1209 148 36 vidlåda
1254 1222 50 23 nu
1332 1208 172 49 gällande
1531 1209 70 47 lag.

556 1262 109 37 Hvad
691 1265 114 45 angår
832 1262 62 35 det
920 1261 39 36 af
983 1262 125 35 herrar
1136 1261 193 47 Lindqvist
1357 1273 47 22 m.
1433 1260 35 35 fl.
1497 1261 12 33 i
1537 1259 103 35 deras
1669 1257 267 49 ofvanintagna
1955 1270 76 22 mo-

421 1315 80 35 tion
528 1313 227 36 framställda
781 1313 190 49 yrkandet,
1001 1318 53 30 att
1076 1312 209 48 Riksdagen
1305 1314 113 32 måtte
1437 1311 156 43 besluta,
1614 1314 54 31 att
1687 1309 44 35 de
1750 1308 281 47 ifrågavarande

422 1367 231 46 lagrummen
693 1365 119 35 skulle
853 1365 202 35 återställas
1082 1363 57 35 till
1167 1363 71 35 den
1265 1362 150 49 lydelse,
1444 1362 45 35 de
1516 1361 91 36 hade
1636 1359 79 37 före
1746 1361 93 35 1893
1869 1363 59 32 års
1955 1360 76 45 lag-

422 1416 167 48 ändring,
618 1416 120 35 finner
764 1415 181 36 utskottet
973 1419 63 39 att,
1066 1413 104 36 äfven
1200 1426 58 23 om
1288 1413 99 36 såväl
1414 1413 197 35 teoretiska
1640 1424 77 23 som
1746 1410 188 49 praktiska
1953 1409 79 36 skäl

422 1467 123 36 kunde
584 1468 74 34 tala
697 1465 58 37 för
793 1479 45 22 en
878 1466 113 35 sådan
1035 1465 139 48 åtgärd,
1224 1466 223 34 åtminstone
1493 1467 38 32 så
1574 1463 56 35 till
1674 1462 87 36 vida
1787 1467 54 30 att
1867 1463 164 45 lagrum-

423 1531 83 23 men
546 1518 177 48 återfinge
764 1517 71 35 den
874 1517 142 48 lydelse
1057 1516 43 36 de
1129 1515 91 36 hade
1248 1515 79 36 före
1355 1514 268 49 lagändringen
1651 1513 69 36 den
1752 1513 44 35 10
1821 1512 73 48 juli
1924 1513 105 41 1899,

423 1569 60 36 det
522 1570 123 43 likväl,
686 1567 40 36 af
761 1569 88 42 skäl,
892 1581 77 22 som
1005 1567 136 47 jämväl
1182 1565 40 37 af
1255 1564 403 50 departementschefen
1686 1563 232 43 framhållits,
1945 1575 86 22 vara

423 1620 171 48 lämpligt
634 1624 52 31 att
727 1624 131 31 stanna
891 1618 66 48 vid
990 1631 45 23 en
1067 1618 112 36 sådan
1207 1617 229 47 förändring,
1466 1629 77 23 som
1573 1615 39 36 af
1640 1615 136 47 Kungl.
1806 1614 104 46 Maj:t
1937 1612 94 37 före-

424 1672 138 45 slagits.
618 1669 79 37 Och
737 1669 96 36 hvad
873 1670 85 34 herr
998 1669 169 49 Thyréns
1208 1670 141 33 motion
1382 1670 123 45 angår,
1534 1667 119 35 finner
1681 1666 181 35 utskottet
1888 1663 58 37 för
1973 1665 58 34 sin

423 1722 60 36 del
522 1721 113 36 redan
676 1721 71 36 den
787 1721 223 48 utvidgning
1049 1719 39 37 af
1126 1719 168 37 området
1331 1718 58 36 för
1429 1718 61 36 det
1530 1716 193 38 straffbara
1750 1715 174 44 försöket,
1953 1728 78 23 som

424 1774 90 35 hans
555 1772 139 48 förslag
732 1772 165 44 innebär,
940 1776 133 43 utgöra
1114 1776 51 31 ett
1205 1770 183 36 bestämdt
1415 1769 133 36 hinder
1575 1773 77 31 mot
1680 1773 53 30 att
1760 1780 49 23 nu
1838 1766 195 49 godkänna

425 1824 100 35 detta
551 1823 149 46 förslag.

558 1874 51 35 På
646 1874 123 48 grund
809 1872 106 36 häraf
944 1874 65 35 och
1038 1872 117 36 under
1182 1872 223 48 hänvisning
1431 1872 13 34 i
1472 1870 115 48 öfrigt
1614 1871 57 34 till
1699 1869 44 36 de
1771 1869 90 43 skäl,
1890 1881 78 22 som
1996 1866 40 36 af

425 1925 267 49 föredragande
732 1923 402 50 departementschefen
1175 1923 198 48 andragits,
1416 1923 65 34 har
1509 1922 179 35 utskottet
1716 1924 119 31 ansett
1861 1920 57 47 sig
1943 1919 90 35 böra

425 1977 187 49 tillstyrka
639 1976 135 48 Kungl.
803 1975 120 47 Maj:ts
952 1975 137 48 förslag
1116 1974 66 36 och
1211 1973 56 37 får
1294 1974 180 36 utskottet
1502 1973 105 35 alltså
1628 1972 202 43 hemställa,
