2222 2624
652 157 369 43 Bevillningsutskottete
1045 158 197 34 betänkande
1267 157 51 34 Nr
1345 165 50 28 20.
1791 164 35 31 17

992 239 116 34 1911/12
1228 239 115 36 1912/13
1464 242 113 31 1913/14
1699 241 114 31 1914/15

1005 276 88 27 Pund
1239 276 87 27 Pund
1475 277 89 27 Pund
1710 278 90 27 Pund

227 319 196 42 Nettovinst
446 347 123 5 ....ssss.
594 345 228 8 sorsserssssesees
834 346 92 7 inresa
980 322 140 37 183,016
1216 322 140 37 126,614
1472 323 119 37 83,889
1685 324 143 38 367,865

227 363 160 33 Överfört
412 364 75 31 från
515 364 207 42 föregående
748 366 35 31 år
804 391 123 7 .........
981 366 139 34 114,789
1217 367 140 36 146,930
1453 368 141 32 174.640
1689 368 140 34 159,684

228 425 143 33 SUMMA
403 451 525 9 oososrrretrrsrerrrrtrresrress
836 421 38 49 ers
879 421 7 49 0
891 421 41 49 rna
980 428 142 39 297,805
1215 429 142 38 273,544
1449 429 143 37 258,529
1685 431 144 37 527,549

232 487 184 42 Utdelning
441 499 39 31 pr
504 488 423 42 preferensakt.............
1001 491 122 37 28,250
1236 491 123 37 28,250
1474 491 120 38 28,250
1709 493 120 37 27,562

228 532 66 31 "Till
318 533 246 31 reservfonden
581 560 347 6 ......ssssssssssoeir
878 528 54 48 res
1001 534 122 39 52,000
1260 553 40 4 —
1506 553 40 4 —
1690 537 141 37 150,000

229 576 188 42 Utdelning
449 603 480 8 sissmmsssrsssresrersrerererersesa
1004 579 119 38 70,62
1239 579 119 38 70,625
1476 580 118 37 70,625
1710 581 120 37 91,875

231 621 19 42 I
271 626 140 37 procent
452 647 479 8 sosssssserrererestrer
762 617 39 51 rer
807 617 52 51 rsrs
864 617 71 51 sneda
1086 623 39 31 15
1320 625 38 30 15
1555 626 39 30 15
1788 625 42 31 20

229 666 160 33 Overfört
413 666 50 33 till
487 666 166 33 framtida
678 666 250 34 ändamål......
982 668 143 32 146.930
1219 668 140 39 174,670
1454 668 140 36 159,684
1686 669 144 38 238,112

337 754 294 48 Årsberättelsen
674 767 96 36 visar
813 770 52 32 att
909 766 142 48 bolaget
1093 768 66 34 har
1187 769 79 33 åtta
1294 767 214 44 direktörer,
1539 768 110 37 därav
1678 772 56 32 tre
1762 769 69 35 för-

232 820 179 35 valtande.
468 820 265 35 Direktörerna
775 821 47 34 ha
863 820 146 36 erhållit
1050 820 13 35 i
1104 820 152 36 tantiem
1288 823 140 42 26,392
1459 822 99 45 pund
1589 835 41 11 =
1662 824 169 41 475,056

232 874 133 34 kronor
384 873 56 35 för
460 874 44 34 de
524 876 54 33 tre
599 876 87 33 åren
709 876 272 32 1912—1914.
1013 873 205 47 Tidningen
1234 879 102 42 säger
1365 878 53 32 att
1447 875 235 47 synbarligen
1708 881 38 29 är
1762 876 70 34 den

232 926 105 36 delad
379 926 133 36 mellan
555 927 44 35 de
641 927 74 35 fem
758 927 81 35 icke
876 927 228 35 förvaltande
1133 927 263 44 direktörerna,
1427 940 76 23 som
1532 928 37 34 få
1598 934 86 31 över
1717 931 114 42 5,000

232 980 100 47 pund
359 992 65 23 var
451 980 57 35 för
537 980 44 35 de
609 983 56 32 tre
694 983 87 32 åren
809 981 129 34 medan
967 980 162 36 däremot
1158 981 148 36 arvodet
1325 981 57 35 för
1402 982 199 35 arbetsåret
1624 984 207 33 1914—15

232 1033 225 36 förklarades
484 1033 82 36 icke
594 1046 87 23 vara
709 1034 156 35 bestämt
893 1034 56 35 till
972 1034 130 47 belopp
1123 1040 66 29 när
1209 1035 280 35 årsberättelsen
1509 1035 321 48 offentliggjordes.

233 1086 208 37 Economist
464 1087 123 48 frågar
615 1087 123 37 varför
767 1089 39 34 så
834 1087 80 36 icke
943 1087 105 37 blivit
1075 1088 115 44 fallet,
1221 1088 163 36 befinnes
1412 1088 146 36 vinsten
1587 1089 150 35 abnorm
1766 1089 66 36 och

233 1141 195 36 omoralisk
469 1141 13 35 i
524 1141 242 36 betraktande
800 1153 43 23 av
872 1143 71 34 den
971 1145 97 32 stora
1095 1142 66 35 rad
1190 1142 164 36 arbetare
1383 1142 13 35 i
1424 1143 100 35 detta
1553 1143 125 47 bolags
1706 1143 125 48 tjänst,

233 1195 99 35 vilka
374 1195 112 35 redan
527 1195 62 37 vid
618 1195 299 36 årsberättelsens
955 1195 325 48 offentliggörande
1309 1197 79 35 dött
1417 1198 46 45 på
1492 1197 194 47 slagfältet,
1718 1197 115 35 under

234 1249 60 35 det
322 1250 104 34 deras
455 1248 245 47 arbetsgivare
728 1248 149 48 fördyra
905 1249 124 49 mjölet
1045 1250 67 35 och
1137 1249 129 36 brödet
1285 1253 94 32 samt
1397 1250 180 48 tillägger,
1599 1254 53 32 att
1671 1250 162 47 bolagets

234 1302 116 36 aktier
393 1305 100 45 stego
536 1302 82 36 med
663 1305 18 32 7
725 1303 51 34 sh.
812 1304 20 32 6
863 1303 47 45 d.,
941 1303 46 35 då
1015 1303 190 36 resultatet
1233 1303 310 49 offentliggjordes
1572 1308 47 42 på
1647 1304 184 47 lördagen,

238 1368 103 23 »men
384 1357 44 34 de
469 1356 87 35 föllo
599 1358 77 33 åter
718 1358 46 44 på
793 1357 212 45 måndagen,
1036 1362 67 29 när
1132 1357 185 35 siffrornas
1346 1357 172 47 politiska
1547 1358 114 35 moral
1688 1358 145 35 konsta-

232 1413 149 32 terats».

338 1464 69 46 Jag
430 1463 66 35 har
526 1463 121 35 anfört
676 1464 244 35 ovanstående
948 1463 56 36 för
1033 1466 53 33 att
1115 1463 88 44 visa,
1235 1467 54 32 att
1317 1463 131 36 kvarn-
1479 1465 66 35 och
1574 1463 260 49 bagerirörelse

233 1518 73 35 kan
334 1529 87 24 vara
449 1529 46 23 en
524 1516 299 48 utomordentligt
851 1517 154 36 lönande
1035 1518 90 35 affär
1154 1523 91 30 även
1274 1517 12 35 i
1315 1518 44 35 de
1389 1518 136 44 länder,
1557 1518 64 35 där
1650 1530 84 24 man
1754 1518 79 36 sak-

234 1584 64 23 nar
327 1571 110 36 tullar
467 1573 46 45 på
542 1570 87 49 mjöl
659 1571 67 35 och
754 1571 100 35 bröd.

339 1618 107 42 Även
487 1625 12 35 i
542 1625 189 35 Danmark
774 1637 45 23 m.
864 1625 34 35 fl.
929 1624 141 36 tullfria
1108 1625 126 36 länder
1263 1637 57 24 ser
1349 1637 96 32 man,
1476 1628 54 33 att
1559 1626 61 35 det
1649 1626 101 35 lönar
1780 1625 54 47 sig

232 1679 164 35 utmärkt
438 1681 53 33 att
532 1678 151 36 bedriva
725 1678 251 36 kvarnrörelse
1019 1682 89 32 utan
1150 1678 211 49 mjöltullar.
1433 1679 160 36 Sålunda
1634 1680 48 35 ha
1719 1683 25 32 t.
1776 1692 54 23 ex.

231 1732 243 36 Köbenhavns
515 1731 250 47 Dampmöller
802 1732 141 36 kunnat
972 1733 116 35 under
1117 1733 119 35 nedan
1266 1733 151 35 anförda
1447 1736 39 32 år
1514 1745 44 34 ge
1587 1733 162 47 följande
1778 1737 54 31 ut-

234 1786 203 47 delningar:

234 1881 47 43 ÅT
319 1918 168 7 sunsssesensn
540 1893 85 32 1905
675 1893 85 32 1906
810 1893 82 32 1907
944 1893 83 32 1908
1077 1893 85 32 1909
1212 1893 85 32 1910
1346 1894 83 32 1911
1481 1893 83 48 1912
1615 1893 85 31 1913
1749 1894 86 31 1914

234 1955 145 33 Procent
411 1981 80 8 ......
578 1957 19 30 6
714 1957 18 31 8
826 1953 62 44 Ta
973 1956 39 31 14
1107 1957 39 30 14
1242 1957 38 31 15
1377 1957 38 30 18
1512 1956 39 31 10
1645 1957 41 30 14
1772 1958 40 30 14

340 2286 109 35 Bihang
468 2286 43 28 till
530 2287 158 34 riksdagens
703 2287 138 34 protokoll
861 2289 77 27 1917.
979 2290 16 25 7?
1013 2288 77 29 saml.
1129 2290 34 26 18
1181 2288 70 34 häft.
1271 2288 55 34 (Nr
1347 2289 58 34 20)
1820 2290 16 27 3
