1918 2842
256 158 19 30 8
534 162 405 42 Bevillningsutskottets
958 167 218 32 betänkande
1195 179 42 20 nr
1255 170 39 29 31
1315 171 39 30 år
1373 171 84 30 1967

254 243 50 28 att
326 242 149 40 inbjuda
496 244 53 30 till
573 245 216 41 skatteflykt.
813 247 175 32 Utskottet
1012 249 189 37 förväntar,
1226 253 50 29 att
1300 252 94 31 detta
1418 255 171 39 spörsmål
1613 258 127 38 upptas

253 287 53 30 till
332 289 172 40 prövning
529 290 11 29 i
568 291 170 30 samband
763 293 80 29 med
870 293 518 45 departementsbehandlingen
1415 309 43 20 av
1483 300 257 42 beskattnings-

253 333 309 41 myndigheternas
587 338 241 38 nyssnämnda
852 338 131 42 förslag
1007 340 52 31 till
1084 337 389 52 författningsändring.

298 451 154 31 Härmed
479 453 178 39 åsyftades
684 457 47 28 ett
761 456 131 40 förslag
919 467 42 20 av
988 458 326 41 kontrollstyrelsen
1342 462 53 30 till
1425 463 148 41 ändring
1601 474 42 21 av
1671 465 69 30 för-

256 506 543 44 säljningsskatteförordningen
824 511 12 30 i
863 512 90 39 syfte
980 515 50 28 att
1057 513 144 31 komma
1225 516 53 30 till
1305 517 92 30 rätta
1423 518 79 30 med
1529 528 43 20 en
1598 519 141 40 påtalad

254 561 207 40 skatteflykt
487 563 46 39 på
559 564 459 39 guldsmedsvaruområdet.
1047 568 13 29 I
1089 570 169 30 samband
1285 571 79 30 med
1393 572 277 41 framläggandet
1698 584 41 21 av

253 615 266 40 ifrågavarande
547 618 301 42 ändringsförslag
874 621 53 30 till
957 621 81 31 1965
1067 623 56 30 års
1150 624 224 42 höstriksdag
1402 628 154 30 uttalade
1583 628 155 41 departe-

254 671 242 30 mentschefen
525 674 49 28 att
605 673 66 30 den
702 684 42 20 av
772 675 380 41 bevillningsutskottet
1183 679 185 32 förordade
1399 682 268 41 omläggningen
1698 694 41 20 av

252 724 268 42 beskattningen
542 727 186 32 förutsatte
749 730 273 40 överväganden,
1045 742 74 21 som
1140 734 44 30 då
1205 735 95 29 ännu
1320 736 72 30 inte
1412 737 128 30 hunnit
1561 738 177 31 slutföras.

253 779 110 40 Något
381 780 130 41 förslag
528 782 63 30 har
609 783 95 30 ännu
722 784 71 30 inte
811 785 193 41 framlagts.

298 834 195 32 Slutsatsen
517 846 42 20 av
582 837 57 30 det
664 847 89 21 ovan
779 840 106 39 sagda
908 841 71 30 kan
1003 842 123 31 endast
1150 844 48 29 bli
1222 846 50 28 att
1298 845 371 41 försäljningsskatten
1694 849 45 39 på

252 887 305 39 guldsmedsvaror
574 891 62 29 bör
654 893 182 29 avvecklas
855 896 137 28 snarast
1009 896 148 39 möjligt.
1176 896 209 40 Budgetåret
1406 899 139 33 1965/66
1563 901 176 39 inbringa-

253 941 40 30 de
311 942 139 31 skatten
465 944 46 39 på
526 944 119 41 dylika
661 955 101 21 varor
778 946 75 36 45,4
869 949 164 39 miljoner
1050 950 139 31 kronor.
1206 951 117 32 Härav
1339 953 98 31 torde
1453 954 224 31 huvuddelen
1693 956 45 30 ha

253 996 89 30 fallit
359 997 46 39 på
422 999 175 38 smycken.
617 1000 65 30 Vid
700 1003 202 39 avveckling
919 1013 43 20 av
979 1005 137 29 skatten
1135 1006 66 29 blir
1219 1006 67 30 den
1303 1008 108 29 totala
1429 1009 250 40 minskningen
1697 1020 42 20 av

253 1050 316 33 skatteintäkterna
596 1054 89 30 dock
712 1056 137 30 mindre
877 1057 46 30 än
949 1058 57 30 det
1033 1059 124 40 belopp
1186 1069 74 21 som
1288 1061 372 41 försäljningsskatten
1687 1073 51 21 re-

251 1108 230 35 presenterar.
505 1107 12 29 I
541 1108 68 29 den
630 1109 84 30 mån
738 1111 181 39 slopandet
943 1122 42 20 av
1008 1114 139 30 skatten
1169 1115 94 30 leder
1286 1116 53 29 till
1363 1119 50 27 att
1436 1117 117 40 inköp,
1579 1127 75 21 som
1677 1119 61 29 all-

253 1159 189 31 mänheten
467 1170 48 20 nu
541 1163 60 38 gör
626 1163 10 29 i
661 1164 168 35 utlandet,
855 1166 11 29 i
893 1167 114 29 stället
1032 1167 160 31 kommer
1217 1171 49 28 att
1293 1170 60 30 ske
1378 1171 11 29 i
1416 1170 136 41 Sverige
1578 1172 159 30 kommer

251 1213 179 31 bortfallet
456 1224 43 20 av
523 1216 372 41 försäljningsskatten
921 1223 50 28 att
997 1221 52 30 till
1076 1232 43 20 en
1145 1223 53 29 del
1225 1224 250 39 kompenseras
1501 1236 44 20 av
1570 1227 90 29 ökad
1686 1227 51 30 in-

251 1267 76 29 täkt
348 1277 43 20 av
410 1269 132 30 allmän
562 1272 183 30 varuskatt
766 1273 65 29 och
852 1274 45 39 på
917 1275 119 39 längre
1058 1276 69 30 sikt
1146 1294 46 4 —
1211 1278 45 39 på
1276 1278 114 39 grund
1411 1288 41 21 av
1474 1280 91 29 ökad
1586 1281 151 29 lönsam-

250 1321 58 29 het
330 1322 94 30 inom
447 1324 400 38 guldsmedsbranschen
867 1346 45 3 —
933 1339 42 20 av
996 1330 261 31 inkomstskatt.

295 1375 78 30 Med
391 1376 138 40 hänsyn
545 1378 53 30 till
614 1379 221 41 budgetläget
853 1391 101 21 anser
972 1384 260 31 motionärerna
1250 1385 50 40 sig
1317 1387 193 30 emellertid
1527 1388 72 30 inte
1616 1389 121 30 kunna

251 1428 143 31 förorda
410 1440 43 20 en
468 1432 198 31 omedelbar
683 1436 203 40 avveckling
903 1446 42 20 av
962 1438 148 30 skatten.
1127 1439 123 30 Denna
1266 1440 62 30 bör
1345 1442 194 29 emellertid
1556 1443 181 29 avskaffas

251 1482 38 31 så
307 1486 97 28 snart
422 1485 41 30 de
483 1487 289 32 statsfinansiella
791 1489 341 43 förutsättningarna
1150 1493 192 40 föreligger.

908 1698 168 32 Utskottet

295 1774 13 28 I
332 1775 220 31 motionerna
575 1777 28 30 I:
623 1778 59 30 152
706 1779 64 29 och
794 1779 45 30 11:
854 1779 62 30 404
939 1780 183 31 hemställs
1145 1791 57 20 om
1225 1782 332 40 riksdagsskrivelse
1580 1784 79 30 med
1683 1786 53 28 ut-

253 1819 137 30 talande
413 1823 50 27 att
485 1822 125 39 Kungl.
633 1824 106 39 Maj:t
762 1825 10 28 i
797 1826 170 29 samband
990 1827 78 29 med
1090 1827 237 40 beredningen
1349 1838 42 20 av
1414 1828 131 40 förslag
1567 1839 58 20 om
1648 1839 88 20 mer-

251 1873 201 31 värdeskatt
478 1875 107 31 måtte
613 1877 167 40 överväga
806 1879 243 39 borttagandet
1077 1890 42 20 av
1145 1881 67 29 den
1239 1882 173 30 särskilda
1438 1883 228 29 varuskatten
1693 1883 44 39 på

251 1927 163 31 tekniska
442 1932 173 36 preparat,
646 1932 127 29 medan
802 1933 260 31 motionärerna
1091 1935 12 28 i
1131 1935 220 31 motionerna
1380 1936 106 30 1:583
1516 1937 65 29 och
1612 1937 123 30 II:727

250 1980 202 31 hemställer
480 1992 57 21 om
564 1984 332 39 riksdagsskrivelse
924 1988 78 29 med
1030 1988 152 39 begäran
1210 1998 57 20 om
1296 1990 203 39 avveckling
1527 2000 42 20 av
1597 1990 139 40 försälj-

251 2035 245 39 ningsskatten
517 2037 44 39 på
584 2038 305 38 guldsmedsvaror
912 2041 38 29 så
972 2044 97 27 snart
1092 2042 60 29 ske
1175 2042 80 30 kan.

295 2089 13 28 I
329 2090 136 39 princip
487 2091 183 40 föreligger
692 2094 102 29 alltså
815 2094 66 29 den
903 2095 197 30 skillnaden
1120 2097 129 29 mellan
1270 2097 101 30 dessa
1391 2098 183 39 yrkanden
1595 2100 49 28 att
1667 2098 68 30 för-

251 2143 314 40 säljningsskatten
589 2146 43 39 på
657 2147 305 38 guldsmedsvaror
986 2148 147 31 föreslås
1157 2150 189 30 avvecklad
1370 2151 38 30 så
1433 2154 96 27 snart
1553 2152 56 29 det
1635 2154 100 28 stats-

251 2196 200 32 finansiella
466 2199 89 38 läget
573 2199 56 31 det
646 2201 149 39 medger,
814 2202 126 29 medan
955 2202 173 40 yrkandet
1145 2203 9 30 i
1173 2204 98 39 fråga
1287 2213 56 21 om
1361 2205 67 29 den
1446 2205 173 30 särskilda
1635 2215 100 21 varu-

251 2251 140 30 skatten
419 2253 123 29 endast
572 2263 98 20 avser
700 2257 47 27 ett
777 2256 181 30 önskemål
988 2266 56 20 om
1074 2257 195 30 beaktande
1300 2268 42 20 av
1370 2259 109 30 redan
1509 2259 117 30 kända
1657 2257 77 47 Syn-

249 2305 162 39 punkter.

294 2359 66 30 Vid
383 2369 43 20 en
449 2360 204 39 jämförelse
677 2363 129 29 mellan
831 2363 41 30 de
898 2364 75 30 skäl
1000 2364 53 30 för
1079 2366 203 39 avveckling
1307 2375 75 21 som
1407 2366 167 40 åberopas
1598 2367 10 30 i
1634 2368 102 30 dessa

250 2414 171 29 motioner
451 2414 166 30 framstår
647 2419 229 36 argumenten
906 2418 54 29 för
989 2428 43 20 en
1061 2419 203 40 avveckling
1292 2430 43 20 av
1364 2420 371 40 försäljningsskatten

250 2467 44 39 på
313 2468 305 38 guldsmedsvaror
639 2479 76 20 som
735 2471 157 29 starkare
913 2472 44 29 än
976 2472 42 29 de
1039 2481 76 21 som
1134 2473 184 40 åberopats
1338 2474 51 30 till
1412 2475 78 29 stöd
1510 2474 54 30 för
1585 2477 150 28 motsva-

248 2521 109 29 rande
376 2521 160 39 åtgärder
557 2523 10 29 i
589 2523 99 39 fråga
706 2532 56 21 om
783 2524 66 29 den
871 2525 174 31 särskilda
1063 2526 229 30 varuskatten
1313 2527 44 39 på
1377 2528 163 30 tekniska
1560 2529 174 39 preparat.
