1884 2840
121 1309 128 27 Utskottet.

281 165 21 30 8
712 163 275 33 Statsutskottets
1014 160 172 32 utlåtande
1211 160 50 32 Nr
1285 160 70 31 226.

945 442 62 41 Nr
1036 441 86 42 226.

850 547 110 24 Ankom
977 545 44 24 till
1039 545 152 29 riksdagens
1210 543 89 24 kansli
1316 543 52 23 den
1385 539 33 27 26
1437 541 55 30 maj
1513 537 64 27 1939
1595 540 34 23 kl.
1649 538 14 25 1
1682 546 21 17 e.
1723 545 37 17 m.

515 635 180 32 Utlåtande
716 636 10 29 i
748 634 186 37 anledning
954 643 44 21 av
1020 632 100 31 väckt
1138 631 134 30 motion
1291 638 57 25 om
1368 627 372 39 flyttningsersättning
1760 625 35 30 åt

733 685 237 38 fanjunkaren
992 683 39 30 E.
1056 682 33 32 C.
1112 682 36 31 A.
1171 681 187 31 Johnsson.

1566 736 68 38 (1:a
1655 734 90 40 avd.)

339 848 55 31 Uti
424 847 5 30 i
454 857 44 20 en
522 847 95 30 inom
641 846 110 31 andra
775 845 204 30 kammaren
1004 852 43 21 av
1070 842 79 30 herr
1174 841 38 31 R.
1239 840 191 36 Lundqvist
1455 838 103 31 väckt
1581 836 132 31 motion
1744 835 53 38 (nr

296 899 51 38 77)
379 899 63 30 har
467 897 202 35 hemställts,
696 899 50 28 att
771 895 183 36 riksdagen
981 892 108 32 måtte
1112 892 145 35 besluta,
1286 894 48 28 att
1360 889 239 36 fanjunkaren
1624 887 58 30 vid
1709 886 87 36 flyg-

294 952 126 34 vapnet
443 949 38 30 E.
507 948 35 30 C.
567 948 36 30 A.
627 947 177 30 Johnsson
826 945 224 31 tillerkännes
1073 942 190 37 ersättning
1284 958 45 4 —
1350 940 87 31 efter
1459 938 170 38 prövning
1652 938 11 29 i
1688 936 108 32 admi-

296 999 155 31 nistrativ
474 998 149 37 ordning
646 1007 42 21 av
712 996 237 36 vederbörliga
973 993 262 32 verifikationer
1255 1009 46 5 —
1322 991 56 31 för
1401 1000 43 21 av
1467 990 131 30 honom
1621 986 177 32 bestridda

295 1051 186 30 kostnader
506 1049 57 31 för
585 1048 162 37 flyttning
771 1046 81 31 från
874 1045 202 32 Stockholm
1098 1044 51 31 till
1172 1043 180 36 Hägernäs
1374 1041 12 30 i
1410 1040 171 31 samband
1604 1039 79 30 med
1706 1037 88 37 åläg-

297 1102 125 36 gandet
443 1103 50 28 att
514 1099 46 38 på
582 1098 215 32 sistnämnda
817 1101 53 28 ort
890 1096 89 31 bebo
1000 1095 143 31 anvisad
1165 1092 262 38 tjänstebostad.

341 1152 15 30 I
378 1151 99 36 fråga
500 1160 59 21 om
581 1151 41 29 de
644 1149 84 35 skäl,
752 1148 218 30 motionären
992 1145 117 32 anfört
1130 1145 51 30 till
1204 1144 77 31 stöd
1303 1143 55 30 för
1380 1142 53 31 sin
1455 1139 266 36 framställning,
1746 1137 55 31 får

297 1203 164 30 utskottet
479 1201 148 30 hänvisa
646 1200 51 31 till
717 1199 186 30 motionen.

343 1302 120 31 Såsom
485 1312 45 20 av
553 1301 175 30 motionen
751 1297 154 38 framgår
926 1298 66 30 har
1015 1295 123 37 frågan
1160 1304 58 22 om
1242 1293 222 31 utbetalande
1486 1292 51 31 till
1561 1291 176 31 Johnsson
1760 1298 42 22 av

298 1351 373 40 flyttningsersättning
688 1350 90 31 varit
797 1347 146 33 föremål
962 1347 57 31 för
1040 1346 120 36 Kungl.
1182 1344 120 37 Maj:ts
1320 1343 180 38 prövning.
1543 1341 130 31 Genom
1689 1340 114 30 beslut

300 1405 67 30 den
386 1404 39 30 18
443 1402 188 32 november
650 1401 84 30 1938
752 1400 162 31 lämnade
932 1398 126 36 Kungl.
1078 1396 99 37 Maj:t
1196 1394 148 32 sålunda
1362 1404 43 20 en
1421 1403 43 21 av
1482 1393 176 30 Johnsson
1675 1391 11 30 i
1705 1392 96 29 ären-

300 1456 57 30 det
377 1454 99 37 gjord
497 1452 256 36 framställning
774 1453 84 28 utan
877 1449 110 31 bifall.

345 1504 49 32 På
417 1504 114 37 grund
553 1504 107 29 härav
682 1502 67 30 och
771 1501 79 30 med
872 1501 139 35 hänsyn
1034 1499 50 30 till
1106 1498 41 30 de
1170 1496 266 34 konsekvenser,
1461 1503 76 21 som
1560 1496 46 28 ett
1629 1491 100 32 bifall
1753 1491 51 31 till

301 1556 177 31 motionen
501 1554 111 31 skulle
632 1552 169 35 medföra,
823 1551 116 30 finner
960 1550 165 30 utskottet
1147 1547 50 37 sig
1218 1547 86 30 böra
1325 1545 163 37 avstyrka
1509 1544 185 30 motionen.

346 1606 172 31 Utskottet
539 1603 55 32 får
614 1602 99 32 alltså
732 1602 192 34 hemställa,

655 1690 49 28 att
724 1686 177 31 motionen
922 1685 45 30 II:
983 1685 40 29 77
1045 1684 75 30 icke
1140 1681 58 31 må
1219 1692 43 21 av
1283 1680 185 36 riksdagen
1487 1678 148 31 bifallas.

349 1791 202 32 Stockholm
571 1790 65 30 den
658 1789 41 30 26
719 1787 72 37 maj
816 1787 92 30 1939.

802 1886 48 32 På
873 1885 267 32 statsutskottets
1161 1884 144 35 vägnar:

847 1986 177 32 ANDERS
1048 1979 211 37 RÅSTOCK.

341 2225 196 27 Närvarande:
557 2232 29 17 se
606 2223 89 25 under
714 2221 159 26 utlåtandet
891 2227 36 18 nr
946 2219 61 25 224.
