1870 2794
399 159 388 30 Jordbruksutskottets
809 158 179 30 utlåtande
1009 167 42 20 nr
1070 158 41 29 24
1131 158 39 29 år
1196 158 81 28 1955
1554 155 38 31 27

88 255 43 21 en
153 245 137 31 relativt
313 244 231 40 självständig
564 243 177 39 ställning,
761 243 10 29 i
792 243 57 30 det
872 244 50 28 att
944 243 42 29 de
1007 242 77 29 icke
1106 242 39 29 är
1166 242 136 29 knutna
1325 241 51 29 till
1398 240 115 39 någon
1535 240 57 29 be-

90 297 115 30 stämd
224 296 185 39 avdelning
428 296 82 29 eller
529 294 201 30 institution
749 295 95 29 inom
864 292 383 41 lantbrukshögskolan
1267 293 64 29 och
1351 293 131 29 statens
1503 290 89 31 lant-

89 346 233 31 bruksförsök
353 348 84 28 utan
468 347 37 29 är
537 346 115 30 direkt
681 345 241 30 underställda
951 343 351 41 högskolestyrelsen.
1334 343 121 30 Såsom
1486 343 106 29 fram-

90 398 60 39 går
171 407 41 20 av
232 397 65 30 den
320 398 94 29 förut
436 397 162 29 lämnade
619 396 242 39 redogörelsen
882 396 63 29 har
967 395 56 29 det
1044 395 107 29 sedan
1172 393 87 30 flera
1280 394 38 29 år
1337 393 145 30 tillbaka
1502 392 89 31 visat

90 448 52 40 sig
164 448 92 29 svårt
278 449 50 28 att
350 447 92 30 hålla
463 446 192 40 utgifterna
678 446 54 30 för
754 445 172 41 gårdarna
947 445 96 30 inom
1065 444 41 31 de
1128 445 134 39 belopp,
1285 453 75 21 som
1382 443 178 41 upptagits
1582 443 11 28 i

90 498 54 30 för
168 498 78 30 dem
270 498 131 39 årligen
426 496 197 41 uppgjorda
646 498 117 28 stater.
788 495 126 40 Kungl.
939 495 106 39 Maj:t
1070 495 65 29 har
1159 494 219 30 fördenskull
1402 493 42 30 de
1470 501 122 22 senare

89 549 214 40 budgetåren
327 549 91 30 måst
443 549 209 39 bemyndiga
675 547 339 39 högskolestyrelsen
1040 548 50 28 att
1115 546 78 30 med
1217 545 11 30 i
1251 545 93 31 vissa
1369 544 60 32 fall
1455 544 137 30 relativt

89 599 195 40 betydande
309 599 123 41 belopp
458 598 204 31 överskrida
686 598 56 30 det
767 598 121 40 anslag
913 598 19 30 å
955 597 203 35 riksstaten,
1187 596 106 31 vilket
1319 596 54 31 för
1398 595 194 40 respektive

90 651 169 39 budgetår
288 650 161 39 beviljats
480 648 425 40 försöksgårdsväsendet.
935 648 63 40 Jag
1029 648 96 29 delar
1154 647 120 30 därför
1304 645 289 41 högskolestyrel-

92 710 79 20 sens
200 701 101 33 åsikt,
330 702 50 28 att
407 700 56 29 det
492 702 37 28 är
557 699 220 40 erforderligt
806 700 50 29 att
881 699 278 29 statsmakterna
1185 699 86 28 utan
1299 696 169 40 dröjsmål
1497 698 97 38 tager

91 751 166 41 ställning
284 750 52 30 till
361 750 217 40 spörsmålet,
603 749 94 32 vilka
721 747 506 41 organisationsförändringar
1252 756 75 21 som
1351 748 61 29 bör
1434 746 159 39 vidtagas

90 802 12 29 i
129 802 98 40 fråga
255 811 55 21 om
340 801 94 30 såväl
461 801 411 30 försöksverksamheten
900 808 76 21 som
1002 798 325 41 jordbruksdriften
1355 797 56 31 vid
1439 797 155 31 försöks-

91 852 173 39 gårdarna
288 852 54 30 för
367 853 50 28 att
442 861 41 20 en
506 851 326 30 tillfredsställande
857 850 148 40 ordning
1029 850 11 29 i
1065 849 221 30 ekonomiskt
1311 847 168 31 avseende
1504 847 90 30 skall

91 903 120 30 kunna
238 902 136 40 uppnås
400 904 85 28 utan
511 904 50 28 att
588 902 100 29 deras
715 901 178 40 uppgifter
923 901 208 29 eftersättes.
1158 899 346 39 Högskolestyrelsen
1530 898 64 29 har

92 953 201 41 visserligen
319 953 163 40 påbörjat
509 961 41 21 en
579 952 186 40 utredning
791 952 10 29 i
829 951 90 40 syfte
946 952 49 29 att
1023 950 199 31 undersöka
1248 950 269 40 möjligheterna
1544 949 50 29 att

91 1012 123 31 genom
239 1003 377 40 besparingsåtgärder,
642 1002 190 40 ändringar
855 1003 9 29 i
890 1000 345 41 driftsinriktningen
1261 1000 81 30 eller
1367 1000 109 29 andra
1500 999 94 40 åtgö-

92 1055 132 29 randen
253 1054 171 30 förbättra
456 1054 55 29 det
540 1053 228 30 ekonomiska
797 1051 288 32 driftsresultatet
1111 1051 58 30 vid
1196 1051 96 39 varje
1320 1049 151 31 särskild
1499 1049 95 40 gård.

92 1105 117 39 Enligt
229 1104 73 30 min
322 1104 141 39 mening
483 1104 146 30 innebär
649 1104 93 29 detta
764 1103 192 30 emellertid
976 1102 76 30 icke
1072 1102 104 39 något
1197 1102 123 29 hinder
1341 1101 55 30 för
1416 1102 50 29 att
1486 1100 108 30 redan

92 1165 47 21 nu
165 1155 52 30 till
241 1155 171 40 prövning
438 1156 153 38 upptaga
617 1154 56 30 det
699 1163 41 21 av
765 1152 339 41 högskolestyrelsen
1131 1152 195 39 framlagda
1351 1151 166 40 förslaget
1543 1150 51 30 till

92 1205 308 40 omorganisation.

137 1257 177 39 Förslaget
335 1256 145 30 innebär
499 1257 12 29 i
533 1255 197 33 huvudsak,
752 1257 50 28 att
824 1255 93 30 vissa
937 1254 247 40 förändringar
1206 1254 88 29 skall
1314 1253 158 39 vidtagas
1494 1252 10 29 i
1526 1252 70 30 för-

93 1307 370 30 söksverksamhetens
495 1306 237 39 organisation
764 1306 10 29 i
806 1305 90 40 syfte
928 1306 50 29 att
1009 1305 111 30 bättre
1152 1303 188 30 samordna
1371 1305 115 29 denna
1516 1302 79 31 med

93 1358 245 29 motsvarande
358 1357 232 34 verksamhet,
611 1365 75 21 som
705 1356 157 30 bedrives
883 1365 42 21 av
944 1356 132 29 statens
1095 1354 315 40 jordbruksförsök
1429 1353 166 39 antingen

92 1409 12 28 i
125 1416 84 31 egen
230 1408 69 39 regi
322 1408 83 29 eller
425 1408 10 29 i
457 1407 194 29 samarbete
672 1407 79 30 med
772 1405 460 40 hushållningssällskapen.
1254 1404 125 30 Vidare
1401 1412 97 22 avses
1518 1403 78 40 går-

92 1459 129 30 darnas
247 1457 365 30 försöksverksamhet
638 1456 98 30 skola
761 1456 10 29 i
797 1455 223 30 ekonomiskt
1047 1454 197 30 hänseende
1271 1454 38 29 så
1335 1454 95 38 långt
1457 1452 138 39 möjligt

93 1508 125 40 skiljas
241 1508 78 30 från
344 1507 112 40 själva
476 1506 335 40 jordbruksdriften.

138 1585 72 29 Vad
231 1584 87 30 först
337 1584 107 39 angår
464 1584 41 29 de
526 1583 207 39 ifrågasatta
752 1582 238 39 ändringarna
1010 1580 221 31 beträffande
1263 1578 334 31 försöksverk-

94 1635 287 29 samhetens
410 1633 357 40 organisation
796 1641 102 32 synes
915 1632 93 31 vissa
1025 1632 152 30 fördelar
1195 1633 119 29 kunna
1330 1630 124 32 vinnas
1471 1638 125 32 genom

94 1687 50 28 att
165 1686 236 39 programmet
421 1686 55 29 för
496 1685 115 30 denna
632 1684 222 29 verksamhet
875 1685 173 38 uppgöres
1071 1683 11 29 i
1103 1684 95 28 ännu
1220 1684 160 28 närmare
1402 1681 194 30 samarbete

93 1736 79 29 med
196 1737 132 28 statens
348 1734 316 40 jordbruksförsök
686 1735 44 29 än
753 1734 54 29 för
831 1733 228 30 närvarande.
1083 1732 65 39 Jag
1168 1732 152 29 biträder
1345 1731 147 31 sålunda
1514 1731 83 38 hög-

94 1785 287 40 skolestyrelsens
406 1785 140 39 förslag,
571 1787 50 28 att
646 1786 54 29 för
725 1784 410 31 försöksverksamheten
1160 1782 88 30 skall
1272 1784 174 39 uppgöras
1471 1783 47 28 ett
1544 1790 53 32 ge-

94 1838 174 27 mensamt
288 1843 173 32 program,
482 1835 107 30 vilket
610 1835 90 29 skall
720 1843 80 21 avse
820 1834 76 29 icke
917 1833 87 30 blott
1025 1832 162 39 samtliga
1208 1832 267 39 försöksgårdar
1497 1832 101 29 även-

95 1895 74 21 som
189 1885 566 40 jordbruksförsöksavdelningen
775 1885 57 29 vid
856 1883 264 30 Röbäcksdalen
1140 1884 85 28 utan
1246 1884 86 28 även
1353 1883 131 28 statens
1504 1881 94 39 jord-

94 1937 242 29 bruksförsök.
359 1936 129 30 Genom
510 1945 41 20 en
574 1936 98 39 dylik
693 1935 195 40 anordning
909 1934 171 30 undvikes
1102 1935 106 29 bland
1230 1935 106 28 annat
1358 1934 65 29 den
1445 1933 76 30 fara
1543 1933 54 29 för

95 1987 185 39 splittring,
303 1996 74 20 som
399 1986 106 40 enligt
526 1987 66 29 vad
614 1986 243 29 erfarenheten
878 1986 90 29 visat
990 1985 55 30 för
1066 1985 217 29 närvarande
1306 1983 182 40 föreligger
1509 1984 88 28 trots

95 2039 50 28 att
166 2037 138 30 samråd
326 2039 78 37 äger
424 2047 77 20 rum
523 2037 78 28 med
623 2038 131 28 statens
774 2035 317 40 jordbruksförsök
1111 2034 56 30 vid
1188 2033 258 31 fastställandet
1467 2043 42 20 av
1528 2033 70 30 för-

95 2088 276 39 söksgårdarnas
397 2096 172 31 program.
598 2087 119 30 Såsom
745 2086 339 40 högskolestyrelsen
1112 2084 193 31 framhållit
1331 2085 61 29 bör
1419 2086 84 28 även
1532 2084 66 29 den

96 2138 155 29 fördelen
274 2138 120 29 kunna
415 2137 134 33 vinnas,
572 2139 49 28 att
644 2137 171 39 gårdarna
837 2136 158 29 kommer
1018 2137 9 28 i
1049 2137 112 29 bättre
1183 2135 147 29 kontakt
1352 2135 78 29 med
1454 2135 66 28 den
1542 2135 56 29 öv-

95 2187 73 39 riga
192 2188 94 29 inom
310 2188 101 28 deras
435 2187 195 39 respektive
653 2185 410 31 verksamhetsområden
1089 2185 166 29 bedrivna
1281 2184 137 38 statliga
1443 2183 156 30 försöks-

96 2238 277 33 verksamheten,
391 2238 198 38 varigenom
609 2238 99 28 deras
728 2236 238 39 samhörighet
984 2236 77 29 med
1079 2236 133 38 bygden
1233 2236 145 28 stärkes.
1396 2235 48 28 De
1462 2234 10 28 i
1491 2235 108 38 några

96 2288 311 38 remissyttranden
437 2287 153 30 uttalade
620 2287 210 38 farhågorna
859 2286 55 30 för
940 2287 50 28 att
1018 2287 46 28 ett
1092 2286 82 29 ökat
1203 2285 194 39 inflytande
1426 2284 78 30 från
1532 2284 66 29 den

95 2337 155 29 centrala
274 2336 347 39 försöksledningens
645 2335 74 31 sida
743 2336 44 39 på
812 2335 334 39 försöksgårdarnas
1171 2334 221 30 verksamhet
1416 2333 112 29 skulle
1551 2332 48 29 bli

96 2387 53 30 till
166 2387 139 39 förfång
321 2386 54 30 för
391 2388 41 29 de
448 2386 114 29 lokala
577 2386 195 29 intressena
790 2394 102 30 synes
908 2384 71 39 mig
995 2394 81 20 vara
1093 2383 216 30 överdrivna.
1326 2382 273 40 Försöksgårds-

97 2437 268 30 föreståndarna
392 2437 88 29 skall
507 2436 181 29 inkomma
715 2436 76 29 med
820 2435 140 39 förslag,
987 2444 105 21 envar
1119 2433 220 31 beträffande
1366 2433 53 29 sin
1446 2433 155 29 försöks-
