1862 2790
263 146 41 30 38
579 149 387 31 Jordbruksutskottets
987 151 178 30 utlåtande
1185 161 42 20 nr
1246 153 41 29 24
1307 152 38 31 år
1369 153 83 29 1955

267 232 50 28 att
343 231 122 40 frågan
490 241 56 20 om
574 233 40 29 de
641 233 136 40 statliga
805 233 330 41 försöksgårdarnas
1162 236 235 39 organisation
1430 237 86 30 skall
1544 238 47 30 bli
1618 239 146 30 föremål

267 279 54 30 för
345 290 41 21 en
410 281 148 39 förnyad
582 283 155 39 översyn.
761 284 66 29 Till
852 285 75 29 stöd
951 285 120 30 härför
1094 286 149 34 anföres,
1267 287 106 29 bland
1396 289 117 33 annat,
1539 290 48 29 att
1611 289 40 29 de
1676 289 88 31 före-

266 330 121 40 slagna
406 332 236 39 ändringarna
661 334 144 30 innebär
826 344 41 20 en
887 336 270 40 centralisering,
1177 337 116 30 vilken
1314 338 110 30 måste
1444 339 158 31 medföra
1624 341 50 28 att
1695 340 68 30 för-

265 380 275 40 söksgårdarnas
566 383 113 32 lokala
703 385 220 41 anknytning
945 386 198 40 ytterligare
1168 387 175 30 försvåras
1369 389 62 29 och
1456 389 192 31 försämras
1673 392 90 28 samt

264 431 51 29 att
338 431 65 30 den
427 434 245 39 ursprungliga
694 435 132 30 tanken
849 437 49 30 att
922 436 312 40 försöksgårdarna
1258 438 125 30 främst
1408 439 110 31 skulle
1542 449 83 21 vara
1648 441 114 30 lokala

264 480 309 34 försöksanstalter
596 484 53 31 för
670 486 193 39 respektive
886 486 145 40 bygders
1054 488 158 39 speciella
1232 489 349 40 jordbruksproblem
1603 491 158 30 kommer

264 532 50 29 att
337 531 151 41 frångås.
513 533 126 31 Vidare
662 536 149 34 anföres,
836 538 49 28 att
908 537 66 30 den
997 538 195 39 föreslagna
1216 540 266 39 omläggningen
1505 541 76 30 icke
1605 542 156 30 kommer

263 584 50 28 att
330 583 166 31 innebära
512 585 114 39 någon
643 586 209 41 förbättring
868 587 10 29 i
897 587 96 40 fråga
1010 597 55 21 om
1082 589 270 31 handhavandet
1370 600 41 21 av
1428 591 332 40 försöksgårdarnas

262 632 227 32 ekonomiska
510 635 295 39 angelägenheter,
826 637 163 31 eftersom
1008 639 140 40 ledning
1167 640 63 29 och
1250 650 125 21 ansvar
1397 641 53 30 för
1470 642 191 39 gårdarnas
1682 644 78 29 eko-

262 683 95 29 nomi
378 683 151 40 alltjämt
550 685 157 31 kommer
728 689 49 28 att
799 688 9 28 i
829 688 108 30 minst
956 689 71 30 lika
1047 690 66 39 hög
1135 691 83 38 grad
1240 700 74 21 som
1336 691 145 40 tidigare
1502 702 82 21 vara
1607 694 152 39 splittrat

258 733 65 29 och
345 734 175 39 uppdelat.
543 735 66 30 Det
632 736 203 31 framhålles
858 739 95 33 även,
977 740 49 28 att
1049 740 217 39 synpunkter
1289 742 368 30 överensstämmande
1679 744 79 28 med

261 782 41 30 de
330 785 9 28 i
363 784 218 32 motionerna
605 786 145 31 anförda
775 788 182 31 framförts
982 798 41 21 av
1047 790 85 30 flera
1157 800 41 21 av
1222 791 40 30 de
1286 792 10 29 i
1321 792 141 30 ärendet
1486 793 109 31 hörda
1620 794 139 30 remiss-

261 832 231 33 instanserna.

305 883 120 32 Såsom
448 886 154 39 framgår
626 898 40 20 av
689 889 63 29 vad
776 889 170 31 utskottet
968 890 248 40 inledningsvis
1241 892 117 30 anfört
1381 893 93 30 delar
1498 895 169 30 utskottet
1692 896 65 29 den

259 932 10 29 i
291 935 216 31 motionerna
531 937 152 31 uttalade
705 939 271 40 uppfattningen
999 950 54 21 om
1074 941 201 40 betydelsen
1298 951 40 22 av
1361 945 48 28 att
1432 944 40 29 de
1495 945 115 30 lokala
1636 946 121 30 intres-

260 992 81 23 sena
364 986 9 29 i
395 985 96 41 fråga
512 996 56 21 om
591 987 404 33 försöksverksamheten
1017 991 199 40 tillgodoses
1238 993 9 29 i
1270 995 127 28 största
1419 995 144 40 möjliga
1585 997 172 29 utsträck-

259 1034 83 41 ning
367 1037 62 29 och
454 1039 50 28 att
529 1038 65 30 den
619 1039 182 39 praktiska
824 1040 323 39 jordbruksdriften
1172 1043 56 30 vid
1254 1044 172 40 gårdarna
1455 1046 160 30 handhas
1640 1047 44 39 på
1709 1049 48 28 ett

257 1084 122 41 riktigt
400 1087 76 29 sätt.
499 1089 13 28 I
534 1088 98 40 fråga
654 1098 54 21 om
730 1089 406 33 försöksverksamheten
1159 1103 101 22 anser
1282 1095 169 31 utskottet
1473 1096 147 31 sålunda
1643 1100 50 28 att
1715 1107 40 21 en

257 1136 263 42 centralisering
539 1148 42 21 av
600 1139 65 30 den
684 1142 62 32 art,
767 1150 75 20 som
862 1151 97 21 avses
979 1142 10 29 i
1008 1143 227 37 motionerna,
1258 1145 38 30 så
1316 1145 94 40 långt
1431 1147 137 39 möjligt
1588 1147 61 30 bör
1670 1149 85 29 und-

256 1185 110 31 vikas.
384 1188 109 40 Något
512 1189 125 33 sådant
653 1191 83 30 ökat
752 1191 193 40 inflytande
964 1193 79 31 från
1061 1194 66 30 den
1143 1196 154 29 centrala
1316 1196 344 41 försöksledningens
1680 1199 75 30 sida

256 1235 52 31 till
334 1237 139 42 förfång
499 1239 53 31 för
578 1241 41 29 de
644 1241 112 31 lokala
783 1242 334 32 försöksintressena
1142 1246 97 29 torde
1266 1247 106 39 enligt
1398 1248 187 31 utskottets
1615 1249 140 40 mening

256 1285 75 32 icke
351 1288 105 31 heller
475 1290 133 31 behöva
627 1291 136 31 befaras
782 1293 58 31 vid
859 1295 47 28 ett
925 1295 271 39 genomförande
1216 1306 41 19 av
1277 1297 40 29 de
1338 1297 9 28 i
1366 1299 262 38 propositionen
1648 1299 106 31 fram-

255 1336 102 40 lagda
384 1339 185 40 förslagen.
597 1342 110 30 Bland
734 1346 108 28 annat
870 1353 96 22 avses
994 1345 185 31 initiativet
1208 1347 50 30 till
1293 1347 308 41 försöksplanerna
1630 1350 55 30 för
1713 1351 40 29 de

255 1387 94 31 olika
368 1390 171 39 gårdarna
560 1391 150 40 alltjämt
730 1393 97 31 skola
848 1394 139 32 komma
1008 1396 78 29 från
1107 1397 525 40 försöksgårdsföreståndarna.
1653 1401 101 30 Dess-

256 1439 96 30 utom
368 1440 63 30 har
450 1441 9 29 i
476 1443 260 38 propositionen
755 1445 142 29 särskilt
915 1446 183 30 förutsatts
1116 1449 49 29 att
1183 1448 136 39 hänsyn
1339 1449 38 30 så
1394 1449 96 40 långt
1507 1451 138 40 möjligt
1664 1452 88 29 skall

254 1490 95 35 tagas
367 1490 52 29 till
435 1492 118 29 dessas
570 1493 158 36 speciella
745 1494 178 30 önskemål
940 1496 10 28 i
969 1496 90 30 detta
1077 1498 177 29 avseende.
1270 1499 48 29 De
1335 1499 9 29 i
1362 1499 218 31 motionerna
1598 1501 156 36 påtalade

253 1538 182 38 bristerna,
460 1552 72 20 som
557 1553 45 20 nu
627 1544 8 29 i
659 1545 68 29 viss
752 1546 81 29 mån
857 1546 108 30 måste
989 1557 100 20 anses
1112 1548 166 41 föreligga
1302 1552 10 29 i
1335 1550 97 39 fråga
1456 1560 56 21 om
1536 1551 216 41 försöksgår-

253 1589 128 32 darnas
401 1593 236 39 samhörighet
657 1596 77 29 med
753 1596 145 39 bygden,
918 1598 97 29 torde
1034 1598 116 30 vidare
1171 1600 114 30 såsom
1306 1601 135 30 anförts
1459 1601 12 29 i
1490 1598 261 49 propositionen

253 1640 142 32 komma
421 1645 49 28 att
496 1644 9 28 i
533 1644 75 30 icke
637 1646 97 39 ringa
761 1648 244 40 utsträckning
1028 1649 120 30 kunna
1175 1651 182 40 avhjälpas
1384 1660 121 31 genom
1534 1653 55 31 det
1617 1661 134 31 gemen-

252 1699 135 23 samma
405 1693 386 41 försöksprogrammet.
810 1697 130 31 Genom
959 1699 93 30 detta
1070 1700 60 30 bör
1149 1701 176 40 nämligen
1343 1702 407 32 försöksverksamheten

251 1741 56 29 vid
329 1742 172 39 gårdarna
521 1744 113 30 bättre
657 1747 43 28 än
721 1746 53 30 för
798 1749 217 29 närvarande
1036 1749 120 30 kunna
1177 1752 207 30 samordnas
1406 1753 77 29 med
1504 1753 96 40 övrig
1622 1764 42 20 av
1684 1756 68 28 sta-

250 1792 77 30 tens
346 1792 314 40 jordbruksförsök
680 1796 162 31 bedriven
864 1799 91 30 lokal
976 1800 362 33 försöksverksamhet
1360 1803 62 29 och
1445 1804 142 30 särskilt
1606 1805 45 29 då
1672 1806 77 30 med

251 1841 77 36 den,
346 1853 74 20 som
436 1845 157 31 bedrives
610 1846 10 29 i
638 1848 193 30 samarbete
848 1850 78 29 med
943 1851 455 41 hushållningssällskapen.
1416 1853 93 30 Även
1527 1854 10 30 i
1554 1855 112 39 övrigt
1681 1859 68 28 tor-

250 1892 42 31 de
310 1894 42 30 de
370 1894 10 30 i
397 1896 261 39 propositionen
678 1898 195 40 framlagda
891 1900 173 41 förslagen
1083 1902 220 32 beträffande
1322 1904 427 32 försöksverksamhetens

250 1943 237 39 organisation
512 1946 106 40 enligt
641 1949 188 30 utskottets
854 1950 139 41 mening
1016 1952 139 29 komma
1182 1955 49 29 att
1257 1954 128 39 främja
1410 1954 56 32 det
1490 1956 78 29 med
1594 1952 155 48 omorga-

250 1993 197 33 nisationen
475 1997 151 30 avsedda
654 1999 114 39 syftet.
797 2001 13 29 I
839 2000 97 40 fråga
964 2010 56 21 om
1046 2003 67 29 den
1142 2004 168 40 egentliga
1341 2005 407 33 försöksverksamheten

249 2053 103 21 anser
380 2046 167 31 utskottet
573 2048 146 31 sålunda
744 2050 76 30 icke
847 2051 217 41 erforderligt
1091 2055 49 30 att
1170 2054 114 39 någon
1311 2055 148 39 förnyad
1486 2058 147 38 översyn
1661 2058 87 30 före-

249 2095 95 38 tages
361 2097 10 29 i
388 2097 149 40 enlighet
555 2099 77 30 med
651 2100 276 32 motionärernas
944 2103 218 30 hemställan.
1181 2105 77 29 Med
1276 2106 137 39 hänsyn
1430 2107 51 29 till
1499 2107 41 30 de
1558 2108 8 29 i
1586 2108 55 30 det
1659 2108 88 30 före-

246 2144 132 39 gående
404 2149 155 29 uttalade
586 2150 225 31 önskemålen
839 2155 49 28 att
915 2153 180 40 tillgodose
1123 2155 56 29 det
1206 2156 115 29 lokala
1349 2157 162 32 intresset
1538 2158 44 39 på
1615 2159 131 30 föreva-

246 2197 108 30 rande
374 2199 139 30 område
532 2200 59 29 vill
610 2201 87 29 dock
716 2202 168 31 utskottet
903 2203 186 31 framhålla
1108 2206 293 39 angelägenheten
1422 2217 40 21 av
1482 2210 49 28 att
1552 2209 93 30 såväl
1665 2210 82 39 hög-

247 2246 268 40 skolestyrelsen
532 2260 75 20 som
622 2251 123 40 Kungl.
762 2253 106 39 Maj:t
885 2254 10 29 i
912 2254 268 41 fortsättningen
1197 2257 63 29 har
1278 2258 52 28 sin
1348 2259 313 39 uppmärksamhet
1677 2260 69 31 rik-

247 2297 57 30 tad
324 2298 44 39 på
387 2299 93 30 vilka
500 2300 171 40 åtgärder,
692 2311 72 21 som
786 2304 187 39 lämpligen
992 2305 62 30 bör
1073 2306 156 40 vidtagas
1252 2307 54 30 för
1326 2310 50 28 att
1395 2309 198 40 ytterligare
1615 2310 130 40 främja

245 2346 194 32 kontakten
459 2351 128 30 mellan
609 2352 39 29 de
669 2353 137 40 statliga
829 2353 312 42 försöksgårdarna
1161 2358 64 28 och
1246 2358 41 29 de
1308 2359 115 29 lokala
1445 2359 204 31 intressena.
1671 2361 74 29 Vad

245 2396 152 32 därefter
418 2401 106 39 angår
545 2402 66 30 den
633 2404 181 38 praktiska
834 2404 322 39 jordbruksdriften
1178 2407 56 31 vid
1256 2408 312 41 försöksgårdarna
1592 2411 152 39 framgår

244 2457 42 20 av
309 2450 273 38 propositionen,
607 2454 49 28 alt
678 2453 92 30 vissa
793 2454 127 30 brister
944 2455 182 40 föreligger
1150 2458 9 29 i
1184 2457 98 40 fråga
1307 2468 57 20 om
1389 2460 149 30 driftens
1563 2461 183 29 rationella

243 2498 66 29 och
327 2499 223 33 ekonomiskt
568 2502 127 40 riktiga
713 2504 247 41 uppläggning.
979 2507 12 29 I
1008 2507 262 39 propositionen
1288 2509 63 32 har
1370 2509 197 42 föreslagits
1584 2511 92 31 vissa
1695 2511 50 29 åt-
