2226 2626
419 209 118 30 Andra
560 208 220 30 kammarens
804 206 123 33 andra
954 207 173 39 tillfälliga
1151 207 142 30 utskotts
1316 205 176 31 utlåtande
1517 205 50 30 Nr
1592 207 28 27 1.
1802 204 16 30 1

969 766 60 41 Nr
1055 767 34 40 1.

798 928 110 24 Ankom
926 928 46 24 till
992 928 173 30 Riksdagens
1185 927 92 24 kansli
1295 927 53 24 den
1369 925 33 26 19
1422 926 121 26 februari
1564 924 69 26 1914
1652 926 37 24 kl.
1710 923 16 26 2
1745 932 23 17 e.
1788 932 37 18 m.

439 1071 130 36 Andra
598 1072 219 34 kammarens
847 1071 136 34 andra
1012 1070 183 44 tillfälliga
1222 1071 143 35 utskotts
1393 1069 180 35 utlåtande
1600 1080 45 23 nr
1672 1070 33 42 1,
1731 1068 14 35 i
1765 1080 59 23 an-

654 1143 139 44 ledning
834 1154 44 23 av
911 1142 100 35 väckt
1043 1142 128 35 motion
1200 1154 53 23 om
1280 1141 163 35 skrivelse
1471 1140 54 35 till
1552 1140 131 44 Kungl.
1715 1139 112 43 Maj:t

655 1215 177 43 angående
861 1214 163 43 åtgärder
1051 1217 69 31 mot
1146 1213 185 45 spridning
1359 1224 44 22 av
1423 1212 266 35 tuberkelsmitta
1704 1222 123 33 genom

647 1284 221 44 försäljning
898 1295 44 24 av
972 1283 406 36 tuberkulinundersökta
1407 1283 92 42 djur.

441 1444 230 24 Närvarande:
710 1444 102 23 Herrar
832 1443 177 30 Enderstedt,
1029 1442 112 31 Hallén,
1161 1443 117 24 Larsson
1296 1442 10 24 i
1320 1442 152 30 Bondarve,
1487 1442 139 24 Svensson
1638 1441 10 24 i
1662 1441 166 30 Skönsberg,

548 1489 152 30 Westman,
720 1488 147 31 Lundgren
886 1488 10 24 i
916 1488 109 30 Björna,
1046 1488 140 30 Mörtsell,
1205 1487 105 30 Sterne,
1332 1487 101 24 Olsson
1446 1487 9 24 i
1469 1486 130 25 Järnsida
1611 1487 51 24 och
1677 1486 151 30 Mossberg.

335 1631 19 35 I
384 1643 46 23 en
459 1631 100 35 inom
590 1631 114 34 andra
733 1630 216 35 kammaren
978 1630 122 44 väckt,
1130 1629 57 35 till
1217 1630 83 34 dess
1331 1630 115 34 andra
1477 1628 186 47 tillfälliga
1683 1628 145 35 utskott

228 1685 183 35 hänvisad
440 1684 150 43 motion,
620 1696 44 22 nr
696 1686 86 41 267,
813 1684 68 34 har
908 1684 86 34 herr
1026 1683 124 35 Olsson
1178 1683 13 34 i
1221 1683 67 35 See
1317 1683 202 43 hemställt,
1551 1686 53 31 att
1623 1682 205 46 riksdagen

228 1739 88 35 ville
343 1738 146 35 besluta
519 1740 54 32 att
600 1737 13 34 i
643 1736 178 35 skrivelse
850 1736 58 35 till
937 1736 141 46 Kungl.
1109 1735 108 48 Maj:t
1245 1736 161 43 anhålla,
1438 1736 62 35 det
1519 1735 144 36 täcktes
1684 1735 144 46 Kungl.

229 1791 109 48 Maj:t
364 1791 76 35 låta
468 1791 143 43 utreda,
643 1792 46 44 på
719 1790 71 35 vad
819 1792 73 32 sätt
920 1789 346 35 tuberkelsmittans
1294 1788 201 47 spridande
1525 1801 132 34 genom
1687 1787 142 48 försälj-

230 1844 92 47 ning
352 1856 45 23 av
425 1843 445 36 tuberkulinundersökta
896 1842 84 48 djur
1009 1845 112 33 måtte
1150 1841 220 44 förhindras,
1398 1845 95 32 samt
1523 1842 150 46 vidtaga
1705 1842 44 34 de
1780 1844 50 32 åt-

230 1899 143 45 gärder,
405 1910 77 23 som
513 1897 113 35 därav
656 1897 127 34 kunna
812 1896 223 35 föranledas.

337 2003 19 35 I
384 2004 104 46 fråga
518 2015 57 23 om
598 2003 270 46 motiveringen
890 2002 139 35 tillåter
1046 2002 57 46 sig
1119 2002 183 36 utskottet
1318 2005 54 33 att
1387 2001 156 37 hänvisa
1559 2001 56 35 till
1631 2001 199 35 motionen.

338 2109 84 34 Den
458 2120 45 24 av
534 2108 228 35 motionären
791 2107 135 36 väckta
955 2107 130 46 frågan
1115 2120 57 22 om
1198 2109 172 45 åtgärder
1398 2107 58 35 till
1484 2107 265 35 förhindrande
1779 2119 46 23 av
1844 2105 174 62 Föregående

231 2161 317 37 tuberkelsmittas
578 2161 197 46 spridande
805 2173 132 33 genom
968 2160 220 48 försäljning
1217 2173 44 23 av
1276 2161 230 42 nötkreatur,
1525 2172 76 23 som
1620 2160 60 35 vid
1695 2145 119 68 under-
1835 2177 17 25 ;
1870 2149 158 60 riksdagen.

232 2214 161 47 sökning
434 2214 191 35 befunnits
668 2226 87 24 vara
797 2213 197 36 behäftade
1039 2214 83 35 med
1165 2214 204 43 tuberkler,
1415 2225 65 24 var
1508 2214 115 34 redan
1653 2215 39 33 år
1725 2215 100 33 1904

233 2268 154 35 föremål
414 2267 57 36 för
498 2267 221 47 riksdagens
748 2267 240 45 behandling.

279 2331 135 38 Bihang
439 2330 51 30 till
512 2330 201 39 riksdagens
733 2329 163 39 protokoll
921 2331 96 29 1914.
1065 2332 42 28 13
1132 2330 96 30 saml.
1262 2331 21 28 2
1307 2331 73 29 avd.
1417 2331 17 28 1
1460 2330 81 38 häft.
1577 2329 62 37 (Nr
1664 2329 42 37 1)
1773 2328 14 29 1
