2185 2650
423 186 20 31 4
563 185 237 35 Sammansatta
822 187 100 35 Stats-
947 190 55 32 och
1025 191 213 43 Bevillnings-
1248 192 162 34 Utskottets
1433 194 211 33 Betänkande
1668 199 62 30 N:o
1752 199 29 30 2.

836 271 69 36 Vid
949 272 140 37 utförsel
1131 273 38 36 af
1191 275 158 48 bränvin,
1381 276 53 36 för
1471 276 134 36 hvilket
1637 278 148 48 stadgad
1819 279 155 37 tillverk-

785 324 204 49 ningsafgift
1029 325 112 37 blifvit
1181 327 130 47 erlagd,
1354 329 151 48 åtnjutes
1546 330 196 37 restitution
1782 332 75 37 med
1900 336 76 45 81,7

785 382 57 32 öre
879 377 51 37 för
963 378 120 48 hvarje
1118 380 116 36 kanna
1263 382 123 36 renadt
1413 382 64 36 och
1506 383 76 36 med
1612 386 46 34 80
1687 388 58 32 öre
1772 385 53 36 för
1854 386 121 49 hvarje

784 431 118 36 kanna
937 431 76 36 icke
1049 433 124 35 renadt
1201 433 147 36 bränvin
1376 435 38 35 af
1437 435 269 49 normalstyrka,
1735 437 84 36 ofter
1846 438 93 37 hvad
1966 439 11 35 i

785 483 148 36 särskild
961 484 206 48 författning
1195 490 38 31 är
1261 486 83 36 eller
1372 487 125 37 varder
1525 489 171 47 stadgadt.

834 537 166 47 Bränvin,
1029 537 105 37 hvars
1163 539 157 48 verkliga
1348 541 120 47 styrka
1496 541 58 36 vid
1583 554 42 23 en
1659 546 212 45 temperatur
1895 544 39 36 af
1950 554 25 27 +

788 591 44 34 15
862 590 126 47 grader
1016 590 20 35 å
1064 590 104 36 Celsii
1195 595 221 33 termometer
1444 593 135 49 uppgår
1606 594 54 37 till
1691 597 44 35 93
1765 600 141 44 procent
1925 597 49 37 al-

784 642 106 36 kohol
905 642 96 36 eller
1029 643 207 49 derutöfver,
1257 657 100 24 anses
1376 646 114 36 såsom
1510 648 142 47 renadt;
1673 648 180 37 hvaremot
1873 650 102 35 brän-

785 695 70 46 vin,
888 707 73 23 som
995 695 57 35 vid
1088 697 151 35 nämnda
1273 701 211 44 temperatur
1522 699 152 37 befinnes
1709 701 105 35 hafva
1841 702 134 36 mindre

785 747 120 48 styrka
934 751 44 32 än
1009 749 44 35 93
1083 752 144 44 procent
1255 749 151 49 alkohol,
1435 754 38 32 är
1501 755 51 32 att
1579 751 160 38 betrakta
1767 754 113 36 såsom
1899 754 76 37 icke

784 800 133 35 renadt.

511 902 90 36 [Herr
629 903 194 37 Forssbeck
851 904 64 36 har
938 906 131 47 jemväl
1103 907 50 35 uti
1188 908 52 35 sin
1269 908 227 37 förenämnda
1527 910 129 36 motion
1686 911 188 49 föreslagit,
1911 913 66 35 ”att

375 953 194 37 restitution
614 956 37 35 af
688 956 120 48 erlagd
850 958 264 36 bränvinsskatt
1149 966 122 41 genast
1303 961 33 35 af
1369 962 212 36 föreskrifna
1614 963 243 48 myndigheter
1885 965 91 35 skall

376 1006 53 35 till
458 1012 166 43 exportör
653 1009 182 47 utbetalas,
864 1010 44 36 då
935 1010 70 36 han
1035 1011 127 37 företer
1191 1013 288 37 tullkammarens
1508 1015 95 36 bevis
1632 1016 94 36 öfver
1754 1020 50 33 att
1831 1016 66 37 den
1926 1017 50 35 af-

376 1059 135 36 lastade
540 1074 108 23 varan
677 1062 263 49 vederbörligen
969 1064 137 48 afgått.”

503 1112 123 48 Enligt
654 1115 235 36 motionärens
921 1118 225 35 förmenande
1181 1119 111 35 skulle
1321 1120 175 47 nemligen
1524 1120 66 35 den
1619 1133 47 22 nu
1694 1121 162 45 gällande
1887 1122 88 36 före-

375 1163 157 49 skriften,
562 1170 50 31 att
640 1171 164 42 exportör
832 1168 90 35 skall
947 1169 52 34 för
1032 1170 317 47 tillgodonjutande
1384 1172 33 34 af
1444 1172 318 46 afgiftsrestitution
1789 1174 107 34 förete
1925 1174 51 34 in-

376 1217 60 45 tyg
477 1217 180 47 angående
687 1231 125 34 varans
845 1219 156 48 lossning
1029 1221 44 48 på
1101 1221 66 36 den
1201 1222 186 36 utländska
1421 1223 338 49 destinationsorten,
1788 1225 11 35 i
1827 1225 54 35 sin
1922 1225 55 35 til-

375 1266 181 50 lämpning
585 1269 157 37 medföra
769 1276 92 32 stora
890 1272 216 48 svårigheter
1134 1275 64 36 och
1228 1275 224 48 olägenheter
1472 1280 89 32 samt
1579 1276 108 37 verka
1706 1277 209 37 hämmande
1935 1278 43 48 på

375 1325 176 43 exporten.

504 1374 76 36 Den
610 1375 269 47 ifrågavarande
908 1377 221 37 föreskriften
1158 1380 71 35 står
1257 1380 191 36 emellertid
1468 1380 10 35 i
1498 1380 197 49 fullkomlig
1714 1382 263 36 öfverensstäm-

377 1426 103 36 melse
523 1428 76 34 med
642 1428 91 36 hvad
769 1429 10 34 i
810 1431 18 33 9
859 1430 19 46 $&
906 1430 468 38 tulltaxeunderrättelserna
1410 1433 52 35 för
1495 1435 219 34 närvarande
1746 1435 110 36 finnes
1884 1435 92 35 stad-

375 1478 85 44 gadt
487 1480 179 46 angående
694 1481 159 35 vilkoren
881 1482 52 35 för
962 1483 202 47 åtnjutande
1193 1485 38 35 af
1255 1485 73 35 deri
1348 1485 174 46 medgifna
1541 1486 194 36 restitution
1756 1487 56 35 vid
1833 1487 143 36 utförsel

375 1530 38 34 af
437 1531 92 35 vissa
557 1533 79 34 utat
660 1533 197 47 utländska,
875 1534 61 35 tull
966 1536 261 36 underkastade
1257 1537 55 34 rå-
1342 1537 62 35 och
1436 1538 335 46 beredningsämnen
1799 1539 178 36 härstädes

377 1582 177 37 förädlade
581 1596 113 25 varor.

505 1635 46 36 Så
578 1636 102 47 länge
708 1638 57 34 det
793 1650 100 23 anses
920 1639 121 46 nödigt
1068 1643 50 32 att
1146 1641 52 34 till
1230 1641 238 48 betryggande
1497 1641 38 35 af
1560 1643 226 35 statsverkets
1814 1642 163 36 säkerhet

376 1691 71 31 mot
474 1688 175 35 missbruk
676 1689 177 36 bibehålla
886 1690 149 36 vilkoret
1068 1692 37 34 af
1138 1692 273 47 lossningsbevis
1445 1694 77 34 från
1556 1694 57 34 det
1640 1694 215 36 främmande
1884 1695 93 45 land,

376 1739 50 35 dit
460 1740 169 36 utförseln
671 1741 101 46 skett,
806 1741 10 35 1
844 1742 160 36 afseende
1037 1743 20 34 å
1085 1744 131 36 sådana
1244 1745 282 47 exportartiklar,
1555 1758 73 23 som
1655 1746 11 35 i
1694 1747 238 47 nyssnämnda
1959 1747 19 47 $

376 1792 234 45 omförmälas,
626 1793 64 35 och
718 1794 51 35 för
796 1793 122 37 hvilka
946 1795 208 36 åtminstone
1182 1797 122 35 hittills
1332 1797 123 35 endast
1477 1798 251 47 jemförelsevis
1755 1799 135 35 mindre
1917 1799 59 36 be-

376 1844 133 47 tydliga
538 1845 340 49 restitutionsbelopp
906 1847 75 35 lära
1009 1848 52 35 till
1092 1849 220 47 utbetalning
1331 1849 268 48 ifrågakommit,
1628 1850 62 36 vill
1709 1850 57 36 det
1786 1863 105 35 synas
1911 1851 65 36 Ut-

376 1896 129 35 skottet
533 1897 159 35 hvarken
720 1898 211 48 följdriktigt
958 1899 84 36 eller
1071 1900 184 48 tillrådligt
1283 1904 50 31 att
1361 1901 11 35 i
1390 1901 100 47 fråga
1518 1914 56 23 om
1593 1903 66 34 den
1680 1903 38 35 så
1735 1903 85 47 högt
1839 1903 138 36 beskat-

375 1948 79 35 tade
483 1949 64 35 och
575 1949 65 36 lätt
668 1950 246 45 smuggelbara
950 1952 151 36 artikeln
1136 1953 158 47 bränvin,
1323 1953 142 37 hvilken
1494 1953 199 38 förutsättes
1722 1955 119 37 kunna
1869 1955 107 36 blifva

377 2001 145 35 föremål
550 2001 53 36 för
631 2002 156 48 betydlig
815 2007 132 44 export,
977 2004 182 48 eftergifva
1188 2006 152 35 nämnda
1368 2006 290 48 kontrollåtgärd.

505 2054 136 35 Endast
675 2055 84 34 efter
793 2056 182 47 sorgfällig
1009 2057 62 35 och
1107 2058 213 35 omfattande
1355 2059 149 35 revision
1538 2060 34 34 af
1600 2060 41 35 de
1671 2060 10 34 i
1710 2060 172 35 särskilda
1909 2060 69 35 för-

375 2105 191 48 fattningar
594 2107 205 36 meddelade
827 2108 215 47 stadganden
1072 2110 180 47 angående
1281 2110 197 37 kontrollen
1512 2111 95 35 öfver
1640 2111 109 36 sådan
1782 2112 195 36 varuutför-

375 2158 60 46 sel,
465 2157 134 48 hvarpå
626 2159 166 47 antingen
822 2160 158 36 befrielse
1008 2161 77 36 från
1109 2162 84 36 celler
1221 2163 197 36 restitution
1437 2163 38 35 af
1497 2163 117 47 någon
1630 2164 92 36 skatt
1737 2168 39 31 är
1795 2164 182 48 beroende,

374 2209 92 36 lärer
482 2211 55 34 det
553 2210 69 36 låta
639 2212 52 46 sig
709 2216 85 42 göra
809 2217 50 31 att
874 2212 134 37 utfinna
1023 2214 64 35 och
1103 2214 141 48 vidtaga
1260 2215 246 49 anordningar,
1521 2228 125 34 genom
1666 2216 131 47 hvilka,
1811 2220 84 32 utan
1910 2217 66 35 åsi-

375 2262 206 35 dosättande
610 2263 38 35 af
671 2265 232 35 statskassans
939 2265 162 36 säkerhet
1128 2271 92 31 emot
1247 2267 189 44 underslef,
1455 2267 166 48 möjligen
1637 2268 56 35 må
1707 2268 121 36 kunna
1842 2269 134 36 undan-

374 2314 115 46 rödjas
517 2314 92 35 vissa
638 2316 284 47 besvärligheter,
953 2329 73 23 som
1056 2330 48 23 nu
1124 2318 160 47 gällande
1301 2319 368 36 kontrollföreskrifter
1684 2320 173 36 förmenas
1872 2321 106 47 lägga

372 2365 11 34 i
413 2370 112 43 vägen
555 2366 52 36 för
636 2367 169 48 utvidgad
834 2368 190 48 afsättning
1052 2370 51 35 till
1133 2370 156 36 utlandet
1317 2371 34 35 af
1378 2371 181 36 härstädes
1586 2372 78 35 med
1692 2372 65 36 tull
1783 2372 84 36 eller
1886 2373 91 36 accis
