2144 2648
418 195 19 30 2
568 193 234 33 Sammansatta
826 193 100 33 Stats-
950 193 54 31 och
1028 193 216 42 Bevillnings-
1255 193 163 33 Utskottets
1441 194 210 32 Betänkande
1674 194 65 33 N:o
1762 196 28 31 2.

504 275 166 48 Bränvin,
713 275 103 37 hvars
857 275 159 48 verkliga
1058 275 120 49 styrka
1207 275 54 37 vid
1291 288 43 24 en
1366 279 215 46 temperatur
1609 277 38 35 af
1672 287 24 27 +
1730 280 43 34 15
1804 277 125 48 grader
1956 278 20 35 å

375 328 105 38 Celsii
508 332 217 32 termometer
753 329 135 48 uppgår
916 329 53 35 till
1000 330 44 34 93
1074 333 143 44 procent
1244 329 141 37 alkohol
1413 330 83 35 eller
1516 330 207 48 derutöfver,
1743 343 100 24 anses
1863 330 113 36 såsom

374 383 138 46 renadt;
554 382 181 36 hvaremot
775 382 161 46 bränvin,
965 394 71 24 som
1068 382 57 35 vid
1153 383 151 35 nämnda
1332 387 213 44 temperatur
1574 383 152 36 befinnes
1753 383 106 37 hafva
1887 383 88 36 min-

374 436 60 35 dre
463 435 120 48 styrka
611 439 44 31 än
686 436 43 34 93
759 438 143 44 procent
929 434 151 48 ulkohol,
1109 438 38 32 är
1176 438 50 33 att
1254 435 161 36 betrakta
1443 436 112 35 såsom
1583 435 76 36 icke
1686 436 150 36 renadt.”

502 487 93 37 Herr
636 487 194 37 Forssbeck
872 488 73 35 åter
985 488 64 36 har
1086 488 10 35 i
1133 488 52 35 sin
1215 488 141 44 motion,
1385 488 9 35 i
1422 488 99 48 fråga
1550 501 55 24 om
1633 489 56 36 det
1717 489 125 49 belopp
1870 489 105 36 hvar-

374 541 77 36 med
493 540 333 46 afoifis-restitution
869 541 54 35 vid
968 541 141 35 utförsel
1138 541 37 34 af
1199 541 149 35 bränvin
1377 542 113 35 skulle
1518 542 35 35 få
1581 542 276 48 tillgodonjutas,
1885 543 89 35 före-

373 594 118 47 slagit:
535 594 66 34 ”att
642 593 58 35 vid
743 597 123 44 export
907 593 37 35 af
982 593 147 36 bränvin
1171 598 209 43 exportören
1409 593 132 37 lemnas
1581 594 65 36 fem
1683 600 161 43 procents
1872 595 102 48 godt-

372 646 144 47 görelse,
555 646 113 36 såsom
708 646 193 46 ersättnimg
942 646 51 36 för
1034 646 65 36 den
1142 647 92 35 skatt
1274 646 70 36 han
1373 646 121 47 erlagt,
1523 659 79 24 men
1642 660 72 23 som
1743 648 76 36 icke
1848 647 128 37 återfås

373 699 114 34 såsom
527 698 151 35 varande
719 677 227 57 bortdunstad
990 699 109 34 innan
1143 710 106 23 varan
1290 699 125 34 hinner
1448 676 213 70 exporteras,
1691 700 167 35 skolande
1887 701 88 34 dock

374 752 93 35 detta
495 750 122 47 afdrag
645 750 122 36 endast
794 750 194 36 tillkomma
1017 750 211 37 rectificerad
1257 751 87 48 sprit
1372 764 54 22 om
1455 751 105 36 minst
1581 753 44 34 95
1647 729 162 70 procents
1829 751 146 49 styrka.”

502 802 51 36 AT
591 804 67 35 den
700 804 129 45 nådiga
870 803 257 48 propositionen
1172 803 179 45 inhemtas,
1394 808 49 31 att
1488 804 126 46 Kongl.
1661 804 95 47 Maj:t
1789 805 77 35 från
1895 805 79 36 sak-

372 856 135 45 kunnig
536 856 214 48 myndighet,
790 856 260 48 Teknologiska
1084 856 181 46 institutet,
1303 856 171 36 infordrat
1501 856 162 49 yttrande
1691 857 182 47 angående
1903 857 72 36 dels

372 909 66 35 den
466 909 121 35 förlust
632 909 38 34 af
707 908 152 47 alkohol,
897 921 72 23 som
999 913 38 31 är
1066 909 143 35 förenad
1240 909 74 35 med
1344 909 202 36 bränvinets
1575 909 124 47 rening
1726 909 77 36 från
1832 910 41 36 de
1902 909 73 36 deri

371 961 284 36 förekommande
696 961 251 46 finkeloljorna,
989 962 73 34 dels
1103 962 76 45 ock,
1207 984 49 2 —
1285 962 110 35 under
1429 962 195 46 antagande
1658 965 50 32 att
1738 962 131 47 jemväl
1904 962 70 35 rått

372 1014 83 36 eller
485 1014 194 36 oförädladt
707 1014 147 35 bränvin
885 1014 115 35 kunde
1029 1014 139 35 komma
1196 1018 49 31 att
1274 1014 139 45 utföras,
1442 1014 52 36 för
1514 1014 143 47 hvilket,
1678 1014 10 35 i
1709 1014 37 36 så
1766 1014 69 47 fall,
1855 1014 118 47 någon

373 1066 198 48 förhöjning
612 1067 9 34 1
664 1066 379 42 afegifts-restitulionen
1085 1066 136 36 utöfver
1265 1066 430 48 tillverknings-afeiftens
1733 1066 124 49 belopp
1895 1067 79 36 icke

371 1120 106 35 borde
518 1131 63 35 ega
616 1132 75 22 rum
720 1141 48 4 —
800 1122 48 31 ett
881 1119 158 47 lämpligt
1076 1123 67 31 sätt
1171 1123 49 30 att
1247 1119 131 47 afgöra,
1408 1119 170 36 huruvida
1610 1131 41 23 en
1682 1119 49 35 till
1761 1123 124 44 export
1912 1131 60 24 an-

371 1171 92 35 rmäld
492 1171 85 47 sprit
607 1183 78 22 vore
714 1171 106 35 renad
849 1171 83 34 eller
960 1172 85 33 icke.

504 1224 8 33 I
558 1223 92 36 förra
692 1223 213 36 hänseendet
933 1222 63 36 har
1025 1223 56 35 det
1110 1222 111 36 blifvit
1250 1223 152 47 upplyst,
1432 1227 49 31 att
1510 1224 65 35 den
1606 1223 56 36 vid
1692 1223 201 36 bränvmets
1921 1235 52 23 re-

370 1277 85 46 ung
498 1276 280 47 uppkommande
818 1274 268 37 alkoholförlust
1127 1275 154 36 varierar
1321 1275 78 36 från
1436 1276 163 47 omkring
1635 1278 20 33 8
1686 1279 142 45 procent
1857 1275 36 36 af
1919 1276 53 35 rå-

370 1340 126 24 varans
538 1328 212 35 alkoholhalt
795 1328 52 35 till
886 1329 19 33 2
950 1336 142 39 procent
1140 1328 107 46 deraf,
1290 1328 9 34 i
1328 1328 83 47 följd
1441 1328 128 35 hvaraf
1577 1305 227 59 "Professorn
1838 1329 11 34 i
1881 1329 91 34 kemi

369 1381 64 36 och
468 1380 136 35 kemisk
638 1380 178 47 teknologi
850 1380 55 35 vid
934 1379 262 45 Teknologiska
1224 1357 172 58 institutet
1424 1380 38 35 F.
1493 1381 37 34 I.
1560 1380 150 47 Ekman,
1738 1393 72 23 som
1838 1380 136 37 afeifvit

371 1433 152 36 nämnda
564 1433 171 47 yttrande,
779 1411 112 57 ansett
920 1436 59 43 att,
1008 1433 78 34 med
1115 1433 160 35 afseende
1305 1433 82 35 derå
1415 1437 49 32 att
1492 1433 344 63 spritfabrikationen
1864 1437 38 31 är
1930 1445 42 23 en

371 1486 158 46 industri,
559 1497 72 23 som
660 1485 62 36 allt
751 1497 71 24 mer
850 1485 64 35 och
943 1497 71 23 mer
1045 1484 219 48 fullkomnas,
1297 1487 17 33 3
1346 1489 143 44 procent
1516 1486 38 35 af
1571 1486 165 35 råvarans
1757 1484 216 37 alkoholhalt

371 1516 160 68 rimligen
558 1538 117 34 kunde
703 1541 147 43 antagas
878 1538 113 34 såsom
1019 1536 123 36 förlust
1170 1538 54 34 vid
1256 1515 419 70 reningsoporationerna.

503 1590 9 34 |
545 1589 98 44 fråga
671 1592 73 33 åter
774 1602 55 23 om
859 1593 101 32 sättet
988 1593 50 31 att
1067 1590 120 46 afgöra
1214 1589 172 35 huruvida
1415 1590 52 34 till
1496 1594 122 43 export
1646 1589 139 36 anmäld
1815 1590 86 47 sprit
1933 1593 39 32 är

371 1647 50 31 att
449 1655 82 23 anse
560 1642 113 35 såsom
701 1642 107 35 renad
840 1641 85 36 eller
953 1642 86 46 icke,
1068 1619 64 57 har
1161 1642 225 35 förenämnde
1415 1642 291 47 vetenskapsman
1726 1642 167 35 förklarat
1913 1646 58 42 att,

370 1695 44 35 då
454 1694 57 35 det
551 1694 112 35 skulle
704 1694 108 34 blifva
853 1697 122 43 ytterst
1010 1694 94 35 svårt
1132 1698 52 30 att
1213 1694 189 35 bestämma
1431 1694 115 45 någon
1577 1694 68 35 viss
1673 1695 87 46 grad
1789 1694 37 34 af
1850 1694 122 35 renhet

371 1747 77 35 från
490 1746 186 47 finkelolja,
723 1745 54 35 vid
806 1745 143 36 hvilken
979 1758 106 23 varan
1115 1746 105 35 borde
1249 1745 33 35 få
1312 1758 101 23 anses
1442 1746 111 35 såsom
1583 1746 195 46 raffinerad,
1807 1757 79 23 men
1914 1745 58 36 vid

371 1800 168 46 reningen
564 1798 131 47 jemväl
725 1811 42 21 en
796 1798 205 44 förändring
1029 1799 9 34 i
1068 1797 163 37 afseende
1261 1798 43 47 på
1332 1799 145 47 styrkan
1498 1798 82 35 eller
1601 1798 262 35 alkoholhalten
1885 1798 86 47 egde

371 1864 86 34 rum,
500 1864 37 22 så
578 1855 49 31 att
655 1850 43 35 då
728 1850 168 48 råspriten
924 1851 150 47 plägade
1104 1851 62 35 hos
1195 1863 54 23 oss
1277 1839 212 47 framställas
1520 1851 77 35 med
1626 1850 161 47 omkring
1817 1853 45 33 75
1893 1862 78 35 pro-

370 1912 95 27 cents
494 1902 228 47 alkoholhalt,
752 1902 66 36 den
846 1914 125 34 genom
1000 1903 124 47 rening
1152 1915 118 22 vunna
1298 1903 179 47 finspriten
1510 1902 89 36 hade
1628 1915 42 23 en
1699 1902 220 35 alkoholhalt
1938 1901 39 35 af

371 1958 45 33 92
447 1956 53 35 till
531 1957 44 34 96
605 1958 151 45 procent,
786 1955 70 35 han
885 1955 108 47 ansåg
1021 1959 49 32 ett
1098 1955 38 36 af
1159 1955 119 35 ehefen
1308 1956 51 35 för
1383 1954 464 48 Bränvins-kontrollbyrån
1865 1954 105 36 fram-

369 2009 106 35 stäldt
514 2007 140 47 förslag,
696 2011 50 31 att
785 2008 65 35 den
879 2008 201 47 ifrågasatta
1111 2007 246 48 förhöjningen
1386 2008 9 34 1
1423 2007 195 36 restitution
1647 2007 38 35 af
1710 2007 261 46 tillverknings-

368 2061 94 35 skatt
504 2060 75 35 icke
620 2060 114 35 skulle
776 2060 144 47 beviljas
954 2060 52 35 för
1038 2073 116 22 annan
1188 2060 87 47 sprit
1302 2064 45 31 än
1375 2060 119 47 sådan,
1523 2072 72 23 som
1624 2059 111 36 håller
1763 2059 209 36 åtminstone

370 2115 45 34 93
458 2116 145 45 procent
643 2112 150 46 alkohol,
823 2112 83 36 böra
934 2125 85 23 vara
1048 2112 207 47 tullräckhigt
1282 2112 53 36 för
1363 2115 50 32 att
1441 2112 215 36 förekomma
1684 2116 51 32 att
1763 2112 205 36 oraffinerad

368 2166 85 47 sprit
480 2165 60 35 vid
569 2169 123 43 export
719 2165 116 35 kuude
864 2165 141 35 komma
1033 2166 9 34 i
1071 2165 205 47 åtnjutande
1305 2165 38 35 af
1367 2177 131 23 samma
1527 2164 144 36 förmån.

497 2217 79 36 Med
606 2218 258 43 godkännande
898 2218 38 34 af
961 2218 66 35 den
1056 2217 146 35 sålunda
1231 2217 198 58 föreslagna
1459 2217 262 36 bestämmelsen
1750 2217 10 35 i
1787 2217 100 45 fråga
1916 2229 55 23 om

367 2269 216 48 urskiljande
612 2270 38 35 af
673 2269 123 36 renadt
824 2269 64 36 och
918 2269 191 36 oförädladt
1137 2270 160 43 bränvin,
1325 2269 64 36 har
1416 2268 130 48 Kongl.
1576 2268 98 48 Maj:t
1700 2269 110 35 likväl
1838 2269 11 35 i
1872 2268 100 48 fråga

367 2334 55 22 om
451 2322 122 46 sjelfva
602 2322 159 46 beloppet
789 2321 38 35 af
851 2322 63 34 den
945 2322 202 46 förhöjning
1173 2322 11 34 i
1213 2301 370 67 atgiftsrestitutionen,
1610 2333 72 23 som
1703 2321 186 46 rätteligen
1909 2298 62 57 bör

366 2374 190 34 fastställas
595 2373 65 35 och
693 2373 145 34 hvilken
873 2374 160 46 betingas
1069 2374 37 34 af
1136 2373 174 35 storleken
1348 2373 38 35 af
1420 2373 65 35 den
1520 2373 279 46 alkoholförlust,
1827 2373 143 34 hvilken
