1894 2838
86 2035 165 23 Minoritets-

98 2070 134 31 förslaget.

342 165 18 30 6
669 171 397 35 Jordbruksutskottets
1095 176 186 32 utlåtande
1306 178 53 31 Nr
1387 181 50 29 72.

298 243 212 37 vårdslagen.
557 247 189 37 Begreppet
782 250 271 38 svårföryngrad
1092 255 100 30 mark
1230 256 110 37 enligt
1377 259 152 31 nämnda
1568 261 57 36 lag
1663 263 141 31 tarvade

296 296 189 32 emellertid
521 308 42 21 en
597 299 167 37 ingående
800 303 159 37 revision,
994 306 126 31 varvid
1156 307 103 31 borde
1282 310 100 35 utgås
1406 310 79 32 från
1508 312 65 31 den
1597 315 207 36 grundprin-

296 348 109 37 cipen,
437 352 51 29 att
510 351 113 31 såsom
645 354 273 37 svårföryngrad
941 358 174 31 avskildes
1139 360 109 36 mark,
1273 361 63 31 där
1358 364 43 34 på
1425 364 113 35 grund
1562 376 45 19 av
1630 367 173 31 naturför-

296 401 185 31 hållanden
506 405 49 29 ett
578 405 78 30 med
680 405 134 38 hänsyn
838 408 56 30 till
917 408 250 39 föryngringen
1190 412 291 40 ändamålsenligt
1495 418 309 37 avverkningssätt

295 455 109 29 måste
437 455 43 35 på
514 456 143 31 särskilt
680 459 65 29 sätt
769 459 183 37 betryggas
977 462 135 35 (genom
1137 465 189 38 utsyning).
1372 466 275 34 Reservanterna
1670 471 133 36 anföra,

294 508 52 28 att
380 507 59 30 vid
474 507 66 31 den
574 510 195 35 avgörande
805 513 202 36 voteringen
1035 525 57 19 om
1116 515 63 31 den
1204 517 53 30 för
1281 518 100 36 lagen
1406 520 283 38 grundläggande
1712 524 92 35 prin-

294 558 109 36 cipen,
438 560 47 30 fri
517 561 217 37 avverkning
758 563 82 31 eller
865 565 83 35 icke,
972 565 148 32 flertalet
1142 578 45 20 av
1210 568 40 31 de
1273 570 218 37 sakkunniga
1515 574 133 31 anslöto
1671 575 53 36 sig
1748 576 55 30 till

294 610 67 31 den
383 612 152 37 mening,
560 615 52 29 att
635 616 324 36 avverkningarnas
981 619 128 31 storlek
1133 621 111 31 skulle
1267 632 44 20 av
1334 624 203 36 myndighet
1561 627 205 32 bestämmas
1792 630 11 29 i

292 664 332 37 avverkningsplan.
671 667 121 31 Ehuru
827 669 110 37 enligt
972 674 277 30 reservanternas
1282 676 222 38 uppfattning
1528 678 57 31 det
1607 680 196 31 allmännas

292 716 144 31 intresse
470 718 114 31 skulle
619 730 84 20 vara
726 721 222 37 tillgodosett,
972 734 55 20 om
1052 724 40 31 de
1116 725 54 31 för
1193 726 311 39 skogsvårdslagen
1528 731 160 36 gällande
1711 734 92 34 prin-

292 769 138 35 ciperna
464 770 94 31 lades
593 772 55 30 till
684 773 112 35 grund
832 774 52 31 för
917 775 274 38 lagstiftningen,
1225 779 87 31 hade
1335 784 256 30 reservanterna
1615 787 112 29 ansett
1750 786 52 35 sig

293 820 82 30 böra
407 822 136 36 deltaga
567 824 12 29 i
603 825 238 31 utarbetandet
864 837 45 20 av
932 829 49 29 ett
1003 828 199 38 lagförslag,
1227 841 71 21 som
1323 833 93 30 inom
1439 834 63 30 den
1527 836 145 31 sålunda
1695 837 108 30 beslu-

292 873 78 31 tade
393 884 117 21 ramen
527 876 11 29 i
555 877 124 30 största
703 878 142 36 möjliga
869 880 81 30 mån
973 881 131 31 anslöte
1121 882 52 36 sig
1190 883 55 31 till
1262 884 317 39 skogsvårdslagen.
1615 887 188 33 Reservan-

292 927 98 29 terna
424 929 83 33 göra
531 928 191 32 emellertid
746 931 174 37 gällande,
944 935 50 28 att
1018 933 245 33 förberedelser
1286 940 136 29 snarast
1444 940 139 36 möjligt
1607 941 101 31 borde
1730 942 74 30 vid-

293 979 97 35 tagas
418 980 53 29 för
495 981 224 32 utarbetande
742 993 45 20 av
811 993 41 21 en
877 984 223 38 lagstiftning
1124 987 53 30 för
1201 988 385 36 lappmarksområdena
1610 994 42 35 på
1676 995 127 34 grund-

292 1031 60 30 val
381 1041 43 20 av
447 1032 328 39 skogsvårdslagens
799 1036 184 37 principer.
1030 1038 67 31 För
1120 1040 62 30 den
1207 1040 161 33 händelse
1392 1043 111 31 denna
1527 1048 278 29 reservanternas

291 1083 219 37 principiella
535 1086 214 36 ståndpunkt
772 1088 74 31 icke
870 1089 112 31 skulle
1006 1091 108 30 vinna
1139 1092 198 37 beaktande,
1360 1104 82 22 anse
1464 1096 50 35 de,
1531 1098 51 29 att
1599 1098 147 31 framför
1762 1109 42 21 en

293 1136 231 37 lagstiftning,
561 1138 143 32 baserad
740 1141 112 30 såsom
884 1141 66 31 den
985 1144 202 31 nuvarande
1210 1147 43 33 på
1277 1148 225 36 ransonering
1525 1150 61 29 och
1610 1151 195 35 utsynings-

291 1189 120 36 tvång,
435 1189 103 31 borde
562 1190 199 38 föredragas
784 1203 40 20 en
850 1194 105 30 friare
979 1195 224 37 lagstiftning
1220 1198 8 29 i
1248 1200 338 32 överensstämmelse
1607 1203 76 30 med
1699 1204 105 35 majo-

290 1241 275 37 ritetsförslaget.
612 1244 276 32 Reservanterna
923 1246 154 32 förklara
1102 1249 126 36 vidare,
1252 1252 51 28 att
1327 1261 54 20 om
1405 1252 62 30 den
1491 1263 45 20 av
1560 1253 77 31 dem
1660 1255 12 30 i
1696 1255 108 31 första

290 1293 93 31 hand
407 1293 181 33 förordade
612 1296 229 37 utredningen
866 1299 209 31 omedelbart
1100 1301 217 37 igångsattes,
1343 1303 101 32 borde
1465 1307 46 28 ett
1528 1305 109 37 därpå
1653 1308 150 35 grundat

292 1346 187 36 lagförslag
502 1347 121 31 kunna
646 1359 34 20 se
703 1349 110 36 dagen
837 1351 93 30 inom
947 1352 106 30 sådan
1071 1353 61 32 tid,
1149 1355 51 29 att
1216 1355 113 35 någon
1345 1356 188 37 anledning
1550 1358 55 30 till
1623 1359 180 31 införande

290 1408 45 20 av
369 1400 49 29 ett
452 1400 232 35 provisorium
718 1402 73 30 icke
815 1403 159 37 förelåge.
1021 1405 119 31 Såsom
1165 1406 123 31 sådant
1311 1408 101 31 borde
1435 1409 108 36 eljest,
1567 1411 109 36 enligt
1700 1422 103 20 reser-

291 1452 185 30 vanternas
500 1452 233 37 förmenande,
758 1456 361 37 majoritetsförslaget
1143 1459 118 30 kunna
1285 1460 142 36 erbjuda
1450 1462 63 35 sig.

334 1503 91 30 Herr
448 1504 163 32 Näslund
635 1506 107 36 anför,
767 1509 52 29 att
843 1508 80 36 han,
948 1509 10 30 i
982 1509 109 31 likhet
1115 1510 77 31 med
1216 1511 119 31 herrar
1358 1513 159 36 Lövgren
1541 1515 61 30 och
1624 1514 177 38 Carlgren,

290 1556 134 35 ansåge,
452 1557 51 30 att
527 1557 12 29 i
564 1558 134 36 princip
722 1569 41 20 en
787 1561 281 36 särlagstiftning
1093 1562 54 31 för
1170 1564 174 31 enskildas
1367 1566 123 35 skogar
1515 1567 93 30 inom
1631 1564 172 45 lappmar-

291 1608 105 30 kerna
424 1611 89 28 samt
538 1609 112 32 Särna
673 1612 60 30 och
758 1612 77 31 Idre
858 1613 146 31 socknar
1026 1615 76 30 icke
1125 1625 80 21 vore
1229 1618 203 31 motiverad.
1479 1619 95 30 Dock
1598 1630 99 20 anser
1720 1617 81 44 han,

289 1659 78 31 med
390 1660 135 37 hänsyn
549 1662 57 31 till
630 1663 293 37 skogsbeståndets
946 1666 95 30 inom
1065 1667 268 35 ifrågavarande
1356 1671 162 30 områden
1542 1672 179 31 onormala
1737 1673 65 30 för-

290 1712 141 36 delning
455 1715 42 34 på
521 1715 210 36 mogenhets-
754 1717 62 30 och
840 1717 252 37 åldersklasser,
1114 1729 41 21 en
1173 1720 113 31 direkt
1302 1723 174 35 övergång
1493 1723 79 30 från
1590 1723 211 37 lappmarks-

288 1765 102 36 lagen
414 1766 55 30 till
493 1776 43 21 en
561 1767 222 37 lagstiftning
808 1769 11 29 i
843 1772 339 30 överensstämmelse
1205 1773 77 30 med
1307 1773 307 38 skogsvårdslagen
1638 1777 74 30 icke
1732 1778 69 30 till-

288 1818 125 35 rådlig.
453 1819 80 30 Han
558 1820 193 36 tillstyrker
774 1821 118 30 därför
916 1832 42 20 en
982 1823 69 30 viss
1075 1825 254 35 övergångstid,
1354 1826 110 31 under
1487 1828 118 30 vilken
1629 1838 43 21 en
1687 1830 114 36 skogs-

288 1869 67 37 lag,
380 1871 158 31 avfattad
564 1872 11 29 i
599 1872 152 36 enlighet
775 1873 76 31 med
875 1874 366 38 majoritetsförslaget,
1265 1877 103 31 borde
1391 1879 187 36 tillämpas.
1614 1881 112 36 Sagda
1744 1882 56 36 lag

287 1922 104 31 borde
414 1923 100 31 alltså
539 1924 34 30 få
597 1934 43 21 en
663 1925 211 35 provisorisk
900 1927 173 31 karaktär.

333 2027 372 38 Minoritetsförslaget,
739 2040 72 20 som
836 2031 9 29 i
873 2031 91 30 vissa
989 2032 216 31 hänseenden
1230 2036 306 30 överensstämmer
1559 2037 79 31 med
1661 2035 138 44 majori-

285 2080 244 36 tetsförslaget,
553 2081 147 31 avviker
724 2083 192 31 emellertid
939 2084 80 30 från
1043 2085 94 30 detta
1153 2086 11 29 i
1182 2086 261 36 betydelsefulla
1461 2089 158 35 punkter.
1655 2090 17 30 I
1689 2090 110 31 likhet

283 2132 79 31 med
397 2133 217 35 majoriteten
650 2135 99 35 utgår
785 2136 219 30 minoriteten
1038 2137 80 30 från
1152 2139 50 29 att
1236 2139 261 37 avverkningen
1527 2141 61 30 bör
1612 2143 185 35 regleras
1775 2135 24 47 i

283 2185 100 31 såväl
407 2185 234 31 kvantitativt
665 2196 69 20 som
760 2187 206 32 kvalitativt
988 2190 176 30 avseende.
1204 2190 218 32 Beträffande
1446 2192 63 31 den
1534 2194 180 35 praktiska
1730 2195 69 30 till-

284 2237 225 36 lämpningen
534 2248 44 20 av
602 2238 112 31 denna
738 2239 137 36 princip
900 2242 42 34 gå
966 2241 192 31 emellertid
1182 2242 40 31 de
1246 2243 88 30 båda
1351 2244 172 37 förslagen
1540 2246 79 30 isär.
1655 2246 143 32 Minori-

284 2289 233 36 tetsförslaget
541 2291 96 35 tager
661 2291 147 31 sålunda
832 2292 55 30 till
912 2302 40 21 en
976 2293 126 36 början
1125 2295 147 30 avstånd
1296 2296 81 30 från
1402 2297 165 37 förslaget
1589 2308 56 21 om
1661 2300 138 35 uppdel-

283 2342 88 34 ning
394 2352 43 20 av
462 2343 270 31 virkesförrådet
755 2345 12 29 i
791 2353 124 27 mogen
938 2346 62 30 och
1024 2346 76 30 icke
1124 2356 122 27 mogen
1270 2348 84 36 skog
1378 2351 89 29 samt
1482 2350 157 31 förordar
1655 2351 12 30 i
1684 2352 114 30 stället

283 2394 40 30 de
358 2403 122 26 genom
515 2395 311 37 skogsvårdslagen
862 2397 137 31 införda
1028 2398 191 37 begreppen
1242 2410 108 26 yngre
1373 2401 60 30 och
1458 2402 95 31 äldre
1577 2403 93 36 skog.
1717 2403 17 30 I
1757 2404 41 30 de

282 2446 369 37 avverkningsplaner,
695 2458 73 20 som
807 2449 110 36 enligt
955 2451 364 37 minoritetsförslaget
1356 2454 95 30 skola
1489 2457 181 34 uppgöras,
1707 2456 89 30 skall

283 2499 146 35 angivas
453 2498 65 30 den
542 2500 206 35 myckenhet
773 2501 98 30 virke
895 2511 43 20 av
962 2502 176 36 barrskog,
1162 2513 82 26 som,
1271 2504 294 32 husbehovsvirke
1590 2507 205 37 inbegripet,
