2184 2618
723 143 252 33 Statsutskottets
997 145 165 32 utlåtande
1185 146 52 31 Nr
1259 149 50 28 24.
1793 149 19 30 3

927 374 66 39 Nr
1023 375 76 39 24.

663 477 125 28 Ankom
812 479 48 27 till
885 479 186 36 riksdagens
1095 480 105 27 kansli
1224 481 62 27 den
1311 481 37 27 24
1373 481 139 28 februari
1538 482 79 27 1920
1640 482 40 27 kl.
1709 483 37 26 12
1770 492 40 18 m.

523 541 194 38 Utlåtande
743 543 14 35 i
785 543 193 49 anledning
1006 558 44 22 av
1079 546 135 47 Kungl.
1244 546 128 48 Maj:ts
1383 547 225 47 proposition
1627 548 185 47 angående

613 603 163 36 tillstånd
796 605 67 47 för
892 604 282 49 tygförvaltaren
1206 604 38 37 C.
1270 607 43 34 A.
1334 606 42 35 F.
1399 607 178 47 Almquist
1596 613 49 28 att
1657 607 66 48 för
1741 611 70 31 rätt

613 670 52 28 att
705 664 141 48 åtnjuta
888 664 245 49 ålderstillägg
1174 665 265 48 tillgodoräkna
1480 666 54 47 sig
1574 666 70 35 viss
1685 667 126 47 tjänst-

610 726 137 48 göring.
1505 724 75 49 (1:a
1608 725 97 48 avd.)

315 827 64 37 Uti
408 841 45 23 en
481 828 56 36 till
565 828 203 48 riksdagen
797 828 158 46 avlåten,
985 827 72 36 den
1087 828 47 35 30
1159 827 149 49 januari
1339 828 98 35 1920
1467 827 238 48 dagtecknad
1724 841 86 35 pro-

211 879 166 49 position
418 879 58 49 (nr
503 879 77 48 46),
608 879 126 36 vilken
762 879 193 36 hänvisats
983 879 56 35 till
1068 878 269 36 förberedande
1365 878 232 49 behandling
1624 892 46 22 av
1698 884 112 31 stats-

210 931 194 46 utskottet,
441 931 67 36 har
543 931 141 48 Kungl.
713 930 118 48 Maj:t,
860 930 118 36 under
1006 929 237 49 åberopande
1271 943 48 22 av
1347 930 62 36 det
1436 930 63 36 vid
1527 930 283 49 propositionen

211 982 139 48 fogade
378 982 411 49 statsrådsprotokollet
817 987 89 31 över
933 982 415 35 lantförsvarsärenden
1367 982 57 35 för
1443 995 142 23 samma
1605 981 86 49 dag,
1713 982 96 36 före-

211 1034 115 48 slagit
353 1033 202 50 riksdagen
583 1034 189 48 medgiva,
803 1039 54 30 att
884 1033 298 49 tygförvaltaren
1211 1046 46 23 av
1286 1032 115 37 andra
1420 1033 149 36 klassen
1589 1033 62 36 vid
1672 1033 137 37 artille-

209 1086 90 36 riets
328 1085 163 37 fabriker
518 1086 70 36 och
614 1085 252 50 tyganstalter
886 1084 85 37 Carl
990 1084 133 37 Alfred
1142 1084 212 37 Ferdinand
1373 1085 190 49 Almquist
1580 1087 60 34 må
1661 1085 57 36 för
1736 1090 73 31 rätt

210 1138 55 35 till
304 1137 221 49 åtnjutande
562 1137 81 36 från
680 1136 70 37 och
777 1137 85 36 med
891 1139 41 33 år
961 1138 97 35 1920
1088 1150 46 22 av
1162 1136 63 36 det
1254 1137 84 36 med
1366 1136 95 37 hans
1490 1137 217 48 befattning
1735 1137 73 36 för-

210 1189 117 36 enade
365 1189 261 48 ålderstillägg
661 1188 279 49 tillgodoräkna
979 1188 61 49 sig
1081 1188 71 36 den
1180 1188 65 48 tid,
1274 1188 186 37 varunder
1487 1188 75 36 han
1588 1191 48 46 på
1665 1188 143 37 förord-

210 1240 123 37 nande
360 1241 208 49 uppehållit
596 1240 289 49 ifrågavarande
912 1240 225 48 befattning.

313 1292 235 36 Beträffande
575 1292 253 48 utredningen
856 1292 12 35 i
896 1292 153 36 ärendet
1068 1292 57 35 får
1143 1291 186 37 utskottet
1349 1291 158 36 hänvisa
1525 1291 55 36 till
1599 1291 210 49 åberopade

210 1343 416 49 statsrådsprotokollet.

312 1446 208 47 Utskottet,
550 1459 80 23 som
659 1446 83 36 icke
770 1446 82 36 haft
879 1448 117 45 något
1025 1451 54 31 att
1107 1446 120 35 erinra
1247 1451 77 30 mot
1344 1445 142 49 Kungl.
1507 1445 125 49 Maj:ts
1652 1445 154 49 förslag,

208 1498 58 36 får
293 1497 208 48 hemställa,

710 1580 54 30 att
799 1574 201 49 riksdagen
1037 1577 61 34 må
1133 1574 188 49 medgiva,
1355 1580 53 31 att
1436 1575 296 49 tygförvaltaren
1761 1587 46 23 av

608 1626 116 36 andra
738 1626 152 37 klassen
906 1627 63 35 vid
980 1626 209 37 artilleriets
1201 1626 164 36 fabriker
1376 1626 70 36 och
1457 1627 252 48 tyganstalter
1720 1626 87 37 Carl

607 1677 131 37 Alfred
754 1678 211 37 Ferdinand
981 1678 189 49 Almquist
1185 1681 61 33 må
1261 1678 57 36 för
1331 1683 75 31 rätt
1420 1678 54 36 till
1490 1678 218 49 åtnjutande
1723 1679 84 36 från

608 1730 69 36 och
705 1730 85 36 med
818 1733 40 33 år
885 1732 97 35 1920
1011 1743 47 23 av
1087 1730 62 36 det
1177 1730 85 36 med
1282 1730 95 36 hans
1392 1729 216 48 befattning
1627 1730 180 37 förenade

608 1781 261 49 ålderstillägg
896 1781 278 50 tillgodoräkna
1201 1782 62 48 sig
1282 1781 72 37 den
1374 1781 65 47 tid,
1459 1782 186 37 varunder
1664 1783 75 36 han
1757 1787 50 45 på

607 1833 252 36 förordnande
886 1833 208 49 uppehållit
1120 1832 289 50 ifrågavarande
1437 1833 223 50 befattning.

311 1899 219 38 Stockholm
559 1900 71 37 den
659 1903 48 34 24
737 1901 161 37 februari
929 1903 109 35 1920.

722 1987 54 36 På
804 1988 296 37 statsutskottets
1128 1993 161 44 vägnar:

749 2072 36 37 S.
814 2073 48 36 H.
891 2073 371 39 KVARNZELIUS.

311 2228 218 29 Närvarande:
554 2238 33 19 se
609 2230 102 28 under
733 2230 184 28 utlåtandet
938 2240 38 18 nr
1000 2231 48 27 23.
