2226 2614
412 182 57 28 192
940 180 230 29 Statsutskottets
1199 180 154 28 Utlåtande
1376 180 57 28 N:o
1457 181 25 27 9.

408 271 72 33 gen
521 258 62 36 vid
625 256 167 47 Uplands
833 262 217 41 regemente,
1090 257 128 36 hvilka
1254 256 96 36 båda
1386 255 258 50 myndigheter
1679 254 182 37 förklarat
1896 255 54 47 sig
1977 254 38 36 så

408 309 149 47 mycket
584 308 144 36 mindre
754 306 112 37 hafva
893 307 113 47 något
1033 313 53 30 att
1114 308 121 35 erinra
1262 313 78 29 mot
1363 307 303 35 riksarkivariens
1689 319 52 22 nu
1759 306 131 45 gjorda
1907 305 109 36 fram-

409 360 186 45 ställning,
628 371 78 22 som
739 358 62 36 det
827 371 88 23 vore
940 357 58 36 för
1026 363 225 42 regementet
1278 357 247 46 fördelaktigt,
1553 362 53 30 att
1635 356 80 36 dess
1742 355 126 37 förråd
1900 356 116 36 hölles

409 409 164 36 samlade
612 408 47 47 på
690 410 272 45 mötesplatsen,
991 408 65 36 der
1082 408 216 46 byggnader
1334 407 58 37 för
1427 407 211 36 ändamålet
1673 406 125 36 kunde
1830 406 186 48 uppföras.

409 459 496 47 Regementsförvaltningen
920 459 94 36 hade
1029 459 173 36 särskildt
1215 458 213 45 framhållit,
1438 463 63 40 att,
1517 458 120 36 derest
1651 462 79 31 mot
1739 458 206 45 beräkning
1956 457 60 36 det

408 512 56 34 till
491 510 233 48 uppförande
764 509 41 36 af
841 509 214 36 förrådshus
1094 509 210 46 föreslagna
1335 510 181 45 beloppet,
1551 510 131 41 31,000
1714 509 151 43 kronor,
1898 508 119 36 skulle

408 562 78 35 visa
514 562 55 46 sig
596 561 78 35 icke
700 560 87 36 fullt
813 561 227 45 tillräckligt,
1068 560 69 36 den
1167 560 213 48 obetydliga
1408 560 137 36 bristen
1566 559 115 36 borde
1699 559 130 35 kunna
1847 557 40 36 af
1902 560 116 34 armé-

408 611 276 46 förvaltningen
725 612 162 44 beviljas,
920 611 46 36 då
993 611 214 36 densamma
1234 609 123 37 blefve
1384 615 112 30 ersatt
1522 623 132 32 genom
1682 609 268 46 inbesparande
1978 608 40 36 af

408 667 226 41 regementet
660 662 131 35 hittills
811 662 196 45 åliggande
1025 661 398 46 transportkostnader,
1442 661 127 35 hvilka
1587 661 126 46 plägat
1732 661 141 44 årligen
1892 659 126 47 uppgå

412 714 58 35 till
497 713 173 45 omkring
698 716 70 32 400
797 713 147 35 kronor.
990 712 71 35 För
1080 725 90 33 egen
1191 711 60 36 del
1265 711 96 36 bade
1375 711 377 45 arméförvaltningen
1766 709 183 37 förklarat
1963 711 55 45 sig

408 765 78 35 icke
535 763 111 36 hafva
693 762 115 48 något
857 768 54 30 att
950 763 122 36 erinra
1112 768 75 30 mot
1230 762 70 35 den
1342 762 41 35 af
1415 762 284 36 riksarkivarien
1736 761 132 47 gjorda
1908 760 110 36 fram-

408 815 236 46 ställningen,
684 813 93 36 dock
806 813 118 36 under
951 814 130 43 vilkor,
1110 819 53 29 att
1190 812 19 35 å
1238 812 167 47 Uplands
1433 818 223 40 regementes
1684 812 217 46 mötesplats
1928 824 90 35 upp-

408 864 121 37 fördes
581 864 136 45 nödiga
765 863 215 37 förrådshus
1016 863 58 36 för
1108 863 259 48 inrymmande
1403 862 40 36 af
1481 867 242 42 regementets
1764 862 255 45 munderings-

409 916 67 35 och
503 914 330 48 gevärspersedlar,
869 920 93 30 samt
1000 914 117 36 under
1143 914 277 46 förutsättning,
1448 919 64 40 att,
1546 914 5 35 i
1578 913 176 36 händelse
1782 912 147 36 utöfver
1957 912 62 35 det

408 966 146 46 belopp,
592 967 131 41 31,000
764 966 146 42 kronor,
951 979 79 22 som
1067 963 202 48 uppgifvits
1305 965 105 35 skola
1435 963 57 37 för
1519 964 158 36 berörda
1704 962 171 37 ändamål
1902 961 116 37 blifva

408 1017 227 45 tillgängligt
662 1015 39 36 af
737 1016 44 35 de
821 1015 130 44 medel,
991 1015 208 45 Riksdagen
1240 1016 162 44 anslagit
1433 1015 56 35 till
1517 1014 210 36 inrättande
1755 1013 41 36 af
1819 1019 52 31 ett
1897 1013 122 36 lands

409 1068 104 34 arkiv
540 1067 12 35 i
582 1066 145 46 Upsala,
768 1071 51 30 ctt
860 1066 159 35 tillskott
1050 1066 119 35 skulle
1196 1066 58 34 till
1282 1064 94 47 följd
1404 1064 41 36 af
1469 1065 167 46 stegrade
1663 1065 181 35 material-
1871 1064 68 35 och
1966 1077 53 22 ar-

409 1118 156 45 betspris
593 1118 77 35 visa
696 1117 54 45 sig
777 1130 90 22 vara
892 1116 185 45 behöfligt,
1105 1116 132 45 Kongl.
1266 1115 100 46 Maj:t
1394 1115 83 36 med
1510 1116 143 48 hänsyn
1685 1116 59 35 till
1776 1115 45 36 de
1845 1113 173 45 fördelar,

412 1181 79 22 som
532 1181 134 33 genom
707 1167 71 36 den
819 1166 216 46 ifrågasatta
1075 1165 370 48 byggnudsatgärden
1484 1167 68 34 och
1585 1165 107 37 deraf
1715 1165 304 46 uppkommande

408 1218 198 48 besparing
645 1218 11 35 i
688 1217 389 46 transportkostnader
1111 1216 271 48 tillskyndades
1410 1222 233 40 regementet,
1672 1216 46 47 på
1744 1215 276 46 framställning

409 1268 40 36 af
472 1268 381 45 arméförvaltningen
881 1268 175 35 anvisade
1083 1267 124 36 dertill
1235 1267 136 46 nödiga
1397 1267 130 36 medel.

510 1312 498 49 Öfverintendentsembetet,
1041 1331 77 22 som
1141 1318 139 45 jemväl
1309 1316 144 37 erhållit
1482 1317 204 46 befallning
1715 1322 54 30 att
1796 1322 101 39 yttra
1925 1316 54 45 sig
2006 1316 12 35 i

411 1370 100 35 detta
544 1369 143 44 ärende,
705 1369 97 35 hade
822 1369 8 34 i
851 1368 190 37 skrifvelse
1056 1369 55 34 till
1134 1368 134 47 Kongl.
1290 1368 100 45 Maj:t
1408 1367 40 35 af
1465 1367 72 37 den
1559 1372 43 32 22
1623 1367 185 36 nästlidne
1828 1367 191 35 december

410 1419 132 45 anfört,
570 1426 55 29 att
643 1419 46 36 då
707 1420 63 35 det
789 1433 51 21 nu
858 1419 209 46 framlagda
1085 1418 391 46 inredningsförslaget
1496 1424 124 42 syntes
1639 1419 160 35 embetet
1817 1417 202 47 uppgjordt

409 1471 84 35 med
533 1471 189 47 synnerlig
762 1483 148 32 omsorg
950 1470 69 35 och
1047 1470 109 45 insigt
1194 1476 95 29 samt
1321 1469 97 35 blott
1446 1468 193 37 föranleda
1666 1468 69 37 den
1766 1470 160 43 erinran,
1955 1474 64 38 att,

410 1529 67 28 när
517 1521 71 37 den
622 1520 165 37 öfversta
813 1520 193 46 våningen,
1036 1533 77 22 som
1141 1519 58 36 för
1225 1519 232 36 närvarande
1484 1520 29 46 ej
1543 1532 88 23 vore
1659 1519 135 35 ämnad
1822 1524 54 30 att
1903 1517 115 37 förses

410 1572 84 36 med
521 1572 134 47 hyllor,
682 1571 198 36 framdeles
907 1576 102 40 toges
1037 1571 10 35 i
1076 1570 104 44 bruk,
1209 1569 125 47 någon
1362 1570 174 45 isolering
1559 1569 123 43 måtte,
1701 1570 59 35 till
1779 1568 240 37 undvikande

411 1622 40 35 af
488 1621 96 46 fukt,
626 1622 197 45 anbringas
864 1620 104 37 öfver
1008 1620 288 37 betonhvalfven
1324 1621 12 35 i
1363 1620 146 44 vinden,
1551 1620 47 35 då
1636 1620 129 36 vidare
1791 1632 135 34 genom
1952 1618 62 37 föl-

404 1673 129 45 jandet
573 1672 41 36 af
648 1671 178 47 förslaget
870 1672 11 35 i
912 1671 105 47 fråga
1046 1684 43 22 ur
1116 1672 99 35 olika
1242 1671 232 48 synpunkter
1501 1670 186 36 afsevärdt
1713 1676 117 30 större
1856 1669 164 37 fördelar

408 1722 58 37 för
492 1723 300 36 arkivlokalerna
831 1723 119 35 skulle
983 1723 127 34 kunna
1140 1722 142 44 vinnas,
1311 1729 46 27 än
1386 1735 60 22 om
1474 1721 103 37 dessa
1603 1720 161 37 förlades
1791 1722 12 35 i
1830 1721 189 44 rikssalen,

410 1773 46 36 då
484 1773 44 37 de
556 1773 220 36 hithörande
816 1772 485 46 kostnadsberäkningarna,
1334 1771 169 37 slutande
1531 1772 20 35 å
1579 1776 50 32 ett
1656 1772 136 46 belopp
1820 1770 41 36 af
1887 1772 132 44 75,000

409 1824 148 44 kronor,
598 1824 80 35 icke
709 1823 81 36 från
821 1824 175 35 embetets
1023 1822 79 36 sida
1128 1822 108 46 gifvit
1263 1823 110 35 orsak
1399 1823 58 35 till
1484 1823 257 45 anmärkning,
1769 1827 95 30 samt
1892 1821 48 36 då
1967 1834 53 23 er-

409 1875 163 45 sättning
600 1874 58 36 för
684 1874 134 35 mistad
846 1874 311 46 dispositionsrätt
1182 1874 57 34 till
1270 1874 95 35 vissa
1387 1873 212 46 lägenheter
1616 1873 102 35 inom
1736 1872 283 45 ifrågavarande

410 1924 58 36 del
507 1924 41 36 af
585 1926 125 35 slottet
749 1930 124 42 syntes
913 1925 126 35 kunna
1078 1924 277 36 vederbörande
1390 1923 151 37 beredas
1575 1923 76 36 dels
1679 1936 134 33 genom
1840 1922 180 46 vidtagna

410 1975 253 48 anordningar
694 1976 102 35 inom
823 1974 117 36 andra
968 1974 102 37 delar
1098 1973 39 36 af
1162 1974 234 48 byggnaden,
1424 1974 76 36 dels
1528 1975 69 35 ock
1625 1987 132 33 genom
1786 1972 234 48 uppförande

410 2025 40 36 af
481 2031 50 30 ett
560 2026 172 35 särskildt
759 2024 213 37 förrådshus
1013 2024 57 37 för
1097 2024 168 46 Uplands
1292 2031 224 40 regementes
1544 2023 118 43 behof,
1691 2023 329 37 öfverintendents-

410 2076 159 36 embetet
594 2076 116 36 funne
737 2076 55 46 sig
819 2076 91 35 böra
936 2076 47 46 på
1010 2075 62 36 det
1098 2075 170 45 lifligaste
1295 2076 197 44 tillstyrka,
1520 2080 52 30 att
1597 2074 61 36 det
1675 2074 255 48 föreliggande
1948 2073 71 36 för-

410 2128 115 45 slaget
551 2126 115 36 måtte
693 2126 116 37 blifva
834 2127 59 34 till
919 2125 197 36 utförande
1142 2125 201 46 godkändt.

512 2177 72 36 För
611 2190 91 33 egen
729 2177 59 36 del
816 2176 68 36 har
911 2175 405 50 departementschefen
1344 2175 122 37 anfört
1494 2175 174 48 följande.

510 2227 55 36 Då
591 2227 207 47 Riksdagen
827 2227 63 36 vid
916 2227 209 46 beviljande
1152 2225 41 37 af
1215 2225 245 38 förenäranda
1487 2227 128 44 anslag
1643 2225 20 36 å
1693 2227 156 43 106,000
1877 2225 140 35 kronor
