2232 2626
759 199 229 29 Statsutskottets
1015 200 151 29 Utlåtande
1189 201 57 28 N:o
1271 202 27 27 9.
1767 203 59 28 303

220 272 150 36 bunden
398 273 175 47 företaga,
601 288 43 23 en
673 274 218 50 förändring
917 277 223 36 härutinnan
1170 277 115 37 måtte
1311 277 177 48 vidtagas,
1516 283 95 31 samt
1638 284 54 30 att
1711 278 116 37 direk-

219 324 137 44 tionen,
391 325 85 36 med
512 326 105 35 bifall
653 327 57 35 till
736 325 283 48 församlingens
1047 329 170 46 begäran,
1246 329 160 44 beslutit,
1435 335 54 30 att
1517 335 125 42 pastor
1669 329 158 37 derefter

219 374 120 36 skulle
378 375 115 36 blifva
533 377 162 46 ständigt
734 378 144 36 boende
917 379 62 35 vid
1011 378 394 49 moderförsamlingen
1433 380 206 36 Jockmock
1667 381 69 35 och
1764 381 62 35 vid

220 424 228 38 dervarande
476 428 104 35 skola
607 428 144 47 besörja
778 429 311 46 undervisningen
1118 431 10 34 i
1157 431 122 35 stället
1306 430 58 35 för
1390 431 232 46 kapellanen,
1650 444 79 23 som
1749 432 77 36 der-

219 482 99 29 emot
352 475 200 50 förflyttats
584 479 56 35 till
667 492 168 23 annexen
866 479 209 47 Qvickjock.
1128 480 15 35 TI
1171 481 265 36 statskontoret
1461 480 194 37 förvarade
1683 483 144 35 anteck-

218 526 133 46 ningar
386 528 178 42 utvisade,
600 535 54 30 att
697 530 121 48 kyrka
861 530 11 35 i
917 529 200 48 Qvickjock
1162 532 94 35 skall
1299 531 109 36 hafva
1449 531 126 37 blifvit
1613 533 127 47 byggd
1786 532 41 36 år

224 579 92 34 1660
358 578 68 35 och
468 578 40 36 är
552 583 104 41 1764,
692 580 120 36 såsom
840 580 96 49 ånyo
965 581 198 49 ombyggd,
1190 581 131 47 färdig.
1373 582 72 36 För
1473 582 70 36 den
1572 583 173 36 händelse
1773 589 54 30 att

218 627 132 46 Kongl.
392 629 102 47 Maj:t
538 631 118 35 skulle
700 631 85 36 med
829 630 170 38 afseende
1043 632 19 36 å
1106 632 96 36 hvad
1251 632 130 48 Kongl.
1427 632 118 47 Maj:ts
1590 633 236 48 befallnings-

218 677 185 38 hafvande
440 679 125 37 anfört
592 682 101 35 finna
721 682 71 35 den
820 682 210 46 utredning,
1058 695 79 23 som
1164 683 292 45 åstadkommits,
1483 683 187 50 tillfyllest
1696 684 130 48 ådaga-

217 729 110 47 lägga
362 730 174 37 behofvet
571 731 40 36 af
644 732 70 36 den
751 732 209 49 föreslagna
996 734 286 47 ombyggnaden
1318 734 40 36 af
1381 733 220 49 Qvickjocks
1628 735 198 47 kapellför-

216 780 176 47 samlings
429 782 127 48 kyrka,
592 783 86 35 ville
714 784 287 44 embetsverken,
1038 784 116 36 under
1189 784 233 47 åberopande
1450 784 40 36 af
1514 786 63 34 sitt
1604 785 221 48 föregående

217 830 191 37 utlåtande
451 834 9 33 i
507 839 132 39 ämnet,
678 833 127 37 vidare
844 834 141 45 anföra,
1038 840 55 30 att
1140 836 116 45 enligt
1300 836 202 35 statistiska
1546 836 278 49 centralbyråns

218 881 191 36 berättelse
461 882 58 36 för
564 883 39 36 år
650 886 93 35 1895
791 885 10 34 i
840 884 221 36 Jockmocks
1104 885 219 48 församling
1368 886 85 35 med
1498 885 220 48 Qvickjocks
1765 888 60 34 ka-

215 932 76 45 pell
327 932 297 49 utdebiteringen
660 948 66 34 per
768 934 86 49 fyrk
893 935 58 36 för
985 936 162 35 nämnda
1183 937 40 35 år
1250 937 126 46 belöpt
1403 937 55 47 sig
1484 938 58 34 till
1582 940 66 33 159
1678 945 61 29 öre
1766 937 59 37 för

216 982 10 34 i
255 984 142 34 mantal
432 989 72 30 satt
526 985 87 46 jord
640 986 69 35 och
737 986 58 35 till
824 989 44 33 63
898 993 62 29 öre
985 986 59 35 för
1071 1000 123 22 annan
1222 986 175 47 fastighet
1424 988 68 35 och
1520 986 120 49 öfriga
1667 989 157 35 beskatt-

215 1032 273 46 ningsföremål,
525 1040 55 30 att
614 1035 410 48 kapellförsamlingens
1061 1036 190 49 oförmåga
1287 1045 55 28 att
1376 1038 12 35 i
1419 1038 125 47 någon
1581 1040 244 45 väsentligare

215 1083 87 35 mån
330 1084 154 47 bidraga
510 1087 59 34 till
595 1086 347 50 kyrkobyggnaden
971 1094 122 42 syntes
1120 1102 90 22 vara
1236 1088 218 48 ådagalagd,
1481 1095 55 29 att
1555 1090 30 46 ej
1606 1090 116 35 heller
1739 1089 83 36 från

214 1133 224 38 Jockmocks
473 1135 219 48 församling
727 1143 124 43 syntes
885 1151 89 23 vara
1009 1144 54 30 att
1096 1138 166 47 påräkna
1289 1139 122 46 någon
1438 1139 226 37 medverkan
1692 1141 12 35 i
1731 1139 92 37 före-

214 1185 163 36 varande
418 1187 205 50 hänseendg
660 1187 148 37 utöfver
843 1188 70 36 den
951 1189 429 49 underhållsskyldighet
1414 1189 265 48 församlingen
1708 1191 115 48 åtagit

214 1235 65 47 sig,
316 1241 54 30 att
397 1237 9 34 i
434 1236 104 47 fråga
574 1251 59 22 om
670 1240 185 35 storleken
891 1239 40 35 af
964 1239 61 36 det
1062 1241 136 44 anslag,
1231 1253 80 22 som
1339 1240 114 36 borde
1480 1241 162 47 beviljas,
1671 1242 154 36 embets-

215 1286 136 36 verken
392 1288 165 36 uttalade
588 1289 70 35 den
686 1290 160 45 mening,
874 1295 54 30 att
954 1290 112 47 något
1093 1290 131 47 bidrag
1251 1290 41 36 af
1320 1291 187 35 allmänna
1534 1292 119 36 medel
1679 1293 58 34 till
1764 1306 60 22 an-

215 1336 193 37 skaffande
444 1337 40 36 af
516 1345 51 29 ett
594 1340 338 44 orgelharmonium
961 1341 79 35 icke
1066 1340 116 36 borde
1210 1340 230 37 förekomma
1467 1342 69 35 och
1563 1342 122 47 någon
1713 1349 111 42 ytter-

214 1386 115 48 ligare
365 1388 223 37 medverkan
622 1389 83 36 från
733 1390 389 48 kapellförsamlingen
1153 1390 147 38 utöfver
1327 1392 80 44 den,
1431 1392 152 36 hvartill
1611 1393 114 46 några
1752 1393 72 36 för-

215 1438 421 46 samlingsmedlemmar
662 1439 195 38 förbundit
883 1442 64 46 sig,
974 1442 163 47 skäligen
1162 1447 124 43 syntes
1306 1443 128 35 kunna
1452 1442 182 49 påräknas
1654 1444 83 35 utaf
1752 1444 70 36 den

214 1488 11 34 i
253 1487 494 40 öfverintendentsembetets
775 1491 318 49 kostnadsförslag
1111 1498 192 42 upptagna
1321 1506 180 31 summan,
1526 1496 127 43 13,000
1673 1495 149 44 kronor,

215 1538 130 36 endast
368 1545 51 30 ett
442 1541 135 48 belopp
598 1541 40 36 af
658 1544 128 41 12,000
802 1543 137 35 kronor
954 1543 113 35 borde
1081 1543 163 46 beviljas.
1299 1543 182 47 Slutligen
1498 1545 93 36 hade
1606 1546 217 36 embetsver-

215 1589 69 35 ken
315 1589 180 47 hemstält,
523 1598 53 29 att
602 1591 266 48 församlingen
896 1593 112 36 måtte
1035 1594 198 46 berättigas
1260 1600 55 30 att
1340 1593 83 37 från
1447 1595 223 46 närbelägen
1689 1597 134 34 krono-

214 1638 321 49 öfverloppsmark
576 1642 92 37 efter
707 1642 40 36 af
785 1643 275 36 vederbörande
1094 1645 224 44 jägmästare
1356 1645 188 36 verkstäld
1581 1648 241 45 utstämpling

214 1690 261 37 kostnadsfritt
514 1692 79 35 utfå
632 1693 62 36 det
733 1693 58 36 för
830 1694 343 47 kyrkobyggnaden
1214 1694 241 49 erforderliga
1482 1696 112 44 virke,
1623 1696 94 36 dock
1746 1705 77 27 imot

213 1740 213 47 skyldighet
463 1741 59 37 för
561 1742 261 48 församlingen
865 1749 54 30 att
958 1744 110 45 gälda
1108 1744 70 36 den
1219 1746 213 46 ersättning,
1464 1758 87 31 som,
1580 1747 116 46 enligt
1723 1747 99 36 hvad

214 1789 315 50 domänstyrelsen
565 1792 160 46 förmält,
762 1793 114 36 borde
910 1795 209 34 tillkomma
1152 1795 430 47 utsyningsförrättaren,
1608 1797 12 35 i
1647 1796 174 37 händelse

213 1843 290 46 utstämplingen
541 1844 28 45 ej
608 1844 124 36 kunde
767 1845 216 36 verkställas
1016 1845 6 35 i
1049 1846 269 48 sammanhang
1352 1846 82 36 med
1465 1860 122 22 annan
1615 1846 207 47 tjensteför-

212 1892 167 47 rättning
405 1894 11 34 i
444 1899 114 31 orten.

315 1941 71 37 För
419 1957 90 32 egen
537 1945 59 36 del
623 1945 67 35 har
718 1944 400 47 departementschefen
1147 1945 135 46 anfört,
1309 1952 51 30 att
1390 1947 70 36 den
1489 1947 249 47 åvägabragta
1766 1954 55 30 ut-

213 1993 204 46 redningen
446 2002 124 36 syntes
598 1995 137 36 honom
763 1995 184 49 tillfyllest
973 1995 228 48 ådagalägga
1228 1996 174 37 behofvet
1426 1997 41 35 af
1483 1997 69 36 den
1574 1998 247 36 omförmälda

214 2043 360 49 kapellbyggnaden.
628 2045 50 36 På
718 2046 120 44 grund
882 2045 39 36 af
954 2046 98 35 hvad
1088 2046 132 45 Kongl.
1257 2046 117 46 Maj:ts
1412 2047 408 47 befallningshafvande

214 2093 124 36 anfört
365 2094 134 47 ansåge
527 2095 403 46 departementschefen
959 2096 155 35 särskild
1142 2109 79 34 syn,
1249 2097 112 35 hvars
1382 2098 230 36 anställande
1632 2099 47 47 på
1698 2099 122 35 denna

213 2144 164 46 aflägsna
404 2151 59 28 ort
488 2146 119 35 skulle
634 2145 169 36 medföra
829 2146 236 47 synnerligen
1089 2145 194 36 afsevärda
1309 2147 208 44 kostnader,
1548 2149 29 44 cj
1602 2162 90 22 vara
1710 2148 110 36 erfor-

214 2195 126 45 derlig.
396 2194 12 35 I
437 2195 240 36 betraktande
706 2195 40 35 af
769 2195 406 48 kapellförsamlingens
1203 2197 107 44 ringa
1336 2196 218 47 folkmängd
1582 2199 66 36 och
1677 2198 45 36 de
1749 2206 70 27 sär-
