2240 2620
760 187 231 31 Statsutskottets
1020 190 151 29 Utlåtande
1194 190 58 29 N:o
1276 192 27 27 9.
1773 195 59 27 283

323 261 127 37 Redan
480 262 110 47 tidigt
617 263 94 37 hade
740 265 121 36 denna
888 278 105 36 corps
1020 267 96 36 varit
1142 265 88 38 fullt
1258 267 194 37 medveten
1480 282 62 23 om
1569 274 53 31 att
1637 269 78 48 just
1729 270 103 36 inom

220 312 83 36 dess
339 312 76 37 kall
450 313 300 49 nedsjunkandet
776 316 13 36 i
816 317 176 36 slentrian
1029 330 87 24 vore
1152 331 45 24 en
1229 318 47 48 på
1303 331 141 24 samma
1470 319 98 47 gång
1595 320 238 48 ödesdigrare

221 362 67 37 och
326 371 170 29 närmare
532 365 59 36 till
627 365 118 36 hands
782 367 174 48 liggande
987 366 82 38 fara
1096 375 44 29 än
1168 369 104 36 inom
1301 369 44 37 de
1372 370 102 37 flesta
1504 371 117 36 andra
1648 372 183 36 verksam-

219 413 271 39 hetsområden.
543 415 136 48 Många
713 417 140 47 gånger
880 418 95 37 hade
1003 419 60 36 det
1092 418 124 38 derför
1243 420 81 36 från
1356 421 79 36 dess
1463 421 80 36 sida
1570 421 125 38 blifvit
1721 422 111 37 fram-

217 463 125 47 hållet,
369 472 55 30 att
449 466 229 48 beviljandet
704 467 41 36 af
769 469 279 47 resestipendier
1074 470 37 36 åt
1137 469 294 48 folkskollärare,
1459 485 78 23 som
1566 474 86 35 ville
1680 474 151 36 studera

218 514 362 40 folkskoleväsendet
608 518 11 34 i
648 518 81 36 vårt
766 520 69 35 och
872 519 233 38 främmande
1131 521 100 46 land,
1259 522 121 36 skulle
1406 523 156 47 kraftigt
1590 524 155 47 bidraga
1773 525 58 36 till

217 564 234 40 folkskolans
488 568 70 36 och
594 567 317 49 folkbildningens
948 571 169 48 höjande.
1170 571 281 39 Studieresorna
1488 575 121 35 skulle
1644 576 187 46 nemligen

217 617 152 36 komma
405 624 53 30 att
490 619 72 36 öka
589 619 164 37 lärarnes
780 621 154 37 intresse
961 621 59 37 för
1047 623 148 36 skolans
1223 624 158 46 uppgift,
1407 625 113 47 vidga
1548 625 104 37 deras
1680 626 151 47 andliga

217 669 170 44 synkrets
422 670 68 35 och
518 669 154 47 bidraga
699 672 58 34 till
784 673 199 36 utrotande
1011 673 40 36 af
1074 674 157 48 mycken
1260 675 178 36 slentrian
1466 676 11 35 i
1505 676 325 48 undervisningen,

217 719 69 36 och
316 719 100 37 detta
443 720 196 47 gagnande
666 721 208 48 inflytande
902 724 120 36 skulle
1049 738 133 32 genom
1210 726 308 46 stipendiaternas
1545 726 285 48 redogörelser
1811 715 21 63 i

214 782 150 34 pressen
401 771 68 36 och
504 771 48 47 på
587 772 206 37 skolmöten
826 773 106 37 äfven
962 776 144 35 sträcka
1132 776 55 46 sig
1213 777 60 35 till
1301 782 52 31 ett
1379 783 94 30 stort
1499 777 120 37 flertal
1647 778 41 36 af
1711 778 120 47 öfriga

215 821 131 36 lärare.

317 873 70 35 För
414 878 55 30 att
496 873 103 48 gifva
626 879 54 30 ett
709 876 153 48 uttryck
890 879 37 32 åt
955 876 105 36 dessa
1086 878 101 35 inom
1216 880 156 34 svenska
1416 878 414 50 folskollärarecorpsen

216 924 184 35 allmänna
437 924 139 47 åsigter
610 925 66 35 och
705 927 226 47 önskningar
959 927 93 36 hade
1080 929 233 36 motionären
1342 929 271 37 Hammarlund
1641 932 63 35 vid
1735 933 94 34 1886

215 977 58 32 ärs
314 974 150 48 riksdag
502 974 177 49 framlagt
719 989 45 22 en
792 978 142 34 motion
968 976 75 44 (n:o
1073 980 69 43 78),
1172 980 103 35 hvari
1305 980 204 45 hemstälts,
1538 986 55 30 att
1620 981 211 49 Riksdagen

216 1028 116 32 måtte
360 1028 20 32 å
407 1030 108 31 extra
543 1030 72 30 stat
643 1025 58 36 för
729 1030 40 32 år
800 1029 94 34 1887
928 1027 157 49 uppföra
1113 1030 67 35 och
1208 1031 57 35 till
1295 1030 133 49 Kongl.
1457 1031 125 48 Maj:ts
1610 1031 220 50 förfogande

215 1076 109 35 ställa
363 1081 53 31 ett
457 1077 128 46 anslag
625 1075 40 36 af
699 1078 109 43 6,000
841 1079 139 35 kronor
1007 1084 55 31 att
1091 1080 144 36 utdelas
1264 1094 79 23 som
1370 1083 287 47 resestipendier
1684 1087 20 32 &
1731 1083 98 36 folk-

215 1127 199 35 skollärare
455 1127 68 35 och
563 1126 373 39 folkskollärarinnor
976 1133 46 45 på
1059 1130 44 36 de
1136 1131 119 36 vilkor
1283 1132 133 48 Kongl.
1444 1132 107 49 Maj:t
1578 1134 124 36 kunde
1729 1135 101 35 finna

215 1177 137 47 skäligt
380 1177 213 36 bestämma.

315 1227 188 37 Motionen
532 1227 92 36 hade
656 1229 100 35 inom
777 1231 281 36 statsutskottet
1076 1233 135 34 vunnit
1232 1233 203 35 understöd
1454 1233 40 36 af
1510 1234 85 36 herr
1614 1234 95 37 Sven
1728 1235 101 36 Nils-

214 1290 67 23 son
321 1279 9 34 i
373 1277 171 45 Efveröd,
586 1291 84 22 men
709 1279 127 36 blifvit
876 1280 41 35 af
951 1282 201 36 utskottets
1190 1284 190 46 majoritet
1407 1283 173 49 afstyrkt.
1635 1285 194 37 Utskottet

213 1328 94 36 hade
340 1329 128 35 dervid
496 1333 130 44 yttrat,
654 1334 55 30 att
737 1333 114 45 något
870 1331 225 37 allmännare
1123 1333 116 36 kändt
1267 1333 115 36 behof
1405 1334 40 35 af
1470 1335 127 48 dylika
1624 1337 204 47 resetipen-

213 1379 91 44 dier,
334 1380 224 35 åtminstone
586 1382 37 32 så
652 1380 79 35 vidt
760 1382 141 35 utrikes
929 1395 103 23 resor
1059 1384 170 48 anginge,
1258 1385 203 48 veterligen
1489 1386 80 35 icke
1593 1392 146 43 yppats,
1760 1388 68 35 och

212 1435 56 30 att
310 1430 115 35 ovisst
465 1443 100 31 vore,
612 1443 58 22 om
713 1444 78 22 mer
827 1439 46 28 än
908 1433 108 48 högst
1044 1433 37 36 få
1108 1433 281 38 folkskollärare
1417 1435 146 46 funnes,
1593 1449 78 23 som
1700 1451 88 22 vore
1816 1439 12 34 i

213 1481 109 35 stånd
362 1486 54 30 att
457 1481 12 35 i
509 1479 99 46 land,
650 1480 65 37 der
756 1484 155 34 svenska
952 1485 146 47 språket
1139 1485 79 36 icke
1256 1486 154 35 allmänt
1437 1486 196 45 förstodes,
1662 1489 167 35 inhemta

212 1534 117 45 några
356 1530 58 36 för
442 1531 106 36 deras
576 1531 73 35 kall
677 1533 150 48 nyttiga
854 1534 220 49 kunskaper.

313 1581 242 48 Väsentligen
593 1584 46 45 på
671 1582 105 36 dessa
815 1585 165 47 grunder
1008 1586 92 36 hade
1130 1587 184 36 utskottet
1342 1588 184 44 hemstält,
1556 1594 55 30 att
1638 1590 189 35 motionen

211 1632 32 47 ej
288 1635 114 33 måtte
441 1631 160 44 bifallas,
644 1633 68 35 och
752 1634 13 34 i
801 1634 382 38 öfverensstämmelse
1220 1638 152 35 härmed
1401 1638 92 36 hade
1521 1640 66 35 ock
1617 1640 210 36 kamrarnes

210 1682 125 36 beslut
364 1682 150 36 utfallit.

313 1732 235 36 Beträffande
589 1732 45 35 de
672 1731 58 37 för
775 1735 92 35 1886
909 1739 59 31 års
1005 1738 240 35 statsutskott
1273 1738 277 36 bestämmande
1579 1740 124 35 skälen
1732 1741 93 35 hade

211 1783 232 36 motionären
488 1783 271 36 Hammarlund
803 1785 13 34 i
863 1786 56 35 sin
966 1785 241 37 förenämnda
1248 1789 142 35 motion
1431 1793 46 44 på
1512 1788 158 37 förhand
1706 1796 120 43 yttrat

210 1832 180 49 följande:

320 1884 93 36 »Mot
430 1885 315 48 resestipendiers
776 1887 282 36 utanordnande
1085 1888 58 35 för
1170 1888 281 37 folkskollärare
1483 1896 107 42 göres
1619 1894 57 32 må
1705 1891 120 36 hända

210 1934 71 36 den
310 1935 289 49 invändningen,
628 1942 55 30 att
710 1938 97 35 blott
835 1942 54 31 ett
916 1937 89 36 fåtal
1034 1938 282 37 folkskollärare
1344 1941 154 34 besitter
1526 1941 70 35 den
1616 1942 207 47 språkkun-

211 1986 102 46 skap,
350 1998 81 22 som
448 1991 61 29 "är
536 1987 114 47 nödig
677 1986 57 36 för
762 1993 54 30 att
845 1989 264 47 exempelvis"
1099 1982 20 61 i
1137 1989 188 48 Tyskland
1354 1991 126 34 kunna
1506 1997 91 41 göra
1624 1995 114 44 några
1766 2005 57 22 er-

209 2034 221 37 farenheter.
485 2036 153 36 Antalet
665 2036 292 45 folkskollärare,
987 2039 174 35 särskildt
1188 2040 112 34 bland
1330 2040 44 35 de
1394 2053 129 36 yngre,
1544 2054 76 22 som
1641 2042 183 35 inhemtat

209 2086 225 35 åtminstone
463 2092 45 28 ett
535 2086 232 36 främmande
795 2087 170 36 lefvande
994 2090 119 45 språk,
1143 2096 40 27 är
1211 2090 93 34 dock
1333 2091 111 34 redan
1473 2103 50 22 nu
1552 2093 139 45 ganska
1716 2097 106 39 stort,

210 2136 78 35 helt
328 2136 92 35 visst
457 2141 118 31 större
604 2144 45 28 än
678 2137 97 35 hvad
804 2137 44 35 de
877 2137 153 50 utanför
1055 2140 125 34 skolan
1210 2140 151 35 stående
1389 2153 79 31 ana,
1499 2141 66 35 och
1594 2141 230 36 inrättandet

210 2185 40 35 af
287 2186 285 48 resestipendier
613 2187 119 36 skulle
773 2188 260 48 ovilkorligen;
1057 2188 117 46 hafva”
1187 2190 57 34 till
1273 2189 105 48 följd,
1407 2195 56 30 att
1491 2197 45 28 än
1564 2192 86 36 flere
1679 2193 145 34 komme

311 2248 61 27 Bih.
392 2248 44 27 till
455 2248 98 28 Riksd.
574 2250 73 26 Prot.
668 2251 75 26 1899.
781 2250 15 26 4
818 2250 85 26 Saml.
943 2252 13 24 1
976 2251 69 31 Afd.
1081 2253 17 23 9
1116 2251 82 32 Häft.
1688 2253 33 27 30
