2226 2622
743 180 228 29 Statsutskottets
1001 178 152 29 Utlåtande
1176 177 57 28 N:o
1257 177 26 27 9.
1756 172 60 27 149

207 262 172 35 kontoret
406 258 181 38 anbefalts
616 263 53 31 att
695 256 163 37 nämnda
885 256 134 47 belopp
1046 255 57 35 till
1121 252 387 47 medicinalstyrelsen,
1528 248 44 48 på
1591 248 225 48 reqvisition,

206 311 232 37 förskottsvis
468 310 163 36 utbetala
659 307 39 37 af
721 308 118 36 under
866 307 141 36 händer
1033 304 187 38 hafvande
1247 303 130 36 medel.

306 362 107 36 Hvad
443 362 159 45 anginge
629 359 217 37 förberörda
874 357 40 37 af
936 356 334 37 barnbördshusets
1295 353 184 36 direktion
1498 351 66 36 hos
1584 349 232 37 Stockholms

207 412 337 46 stadsfullmägtige
584 410 125 48 gjorda
751 409 285 45 framställning,
1076 407 152 35 hvilken
1259 404 109 36 afsett
1395 400 312 38 utbekommande
1733 399 82 37 från

207 463 234 37 Stockholms
483 462 82 36 stad
601 461 40 36 af
664 466 51 30 ett
742 461 110 47 årligt
879 459 131 47 bidrag
1038 458 57 35 till
1122 456 314 36 barnbördshuset
1462 452 79 37 från
1572 452 67 36 och
1667 451 82 36 med
1777 451 40 35 är

212 517 103 41 1899,
342 514 96 36 hade
465 514 222 42 densamma,
715 511 111 36 sedan
854 509 147 36 stadens
1035 505 356 39 helsovårdsnämnd
1419 503 86 37 derå
1524 502 159 50 afstyrkt
1699 497 117 53 bifall,

208 564 124 37 blifvit
358 564 41 36 af
422 562 335 46 stadsfullmägtige
786 561 172 45 afslagen.
1011 556 431 39 Helsovårdsnämndens
1469 554 203 45 yttrande
1661 550 20 62 i
1694 558 123 31 ämnet

207 616 198 44 innehölle,
433 620 54 30 att
513 613 206 37 nämndens
746 612 193 36 utlåtande
966 611 12 35 i
1005 609 202 46 anledning
1235 607 40 36 af
1300 607 250 36 direktionens
1573 603 244 37 förevarande

208 667 274 45 framställning
519 666 9 35 i
563 663 213 37 hufvudsak
812 663 79 35 icke
925 661 123 36 kunde
1075 659 117 37 blifva
1219 659 112 45 något
1358 662 114 31 annat
1500 664 46 27 än
1575 655 69 45 det,
1672 668 78 22 som
1778 653 41 36 af

209 718 186 36 nämnden
422 716 164 46 afgifvits
614 715 70 36 den
714 718 17 32 1
758 714 83 46 juni
872 716 92 33 1894
985 711 119 36 såsom
1124 723 83 23 svar
1225 710 21 35 å
1265 709 46 36 då
1331 708 107 47 gjord
1464 706 273 45 framställning
1757 718 59 22 om

208 768 133 47 bidrag
381 767 84 36 från
506 765 234 37 Stockholms
780 764 81 36 stad
902 764 57 35 till
999 763 191 35 allmänna
1224 759 332 37 barnbördshusets
1584 752 233 54 utvidgning.

210 819 65 45 Då,
303 819 135 35 liksom
466 831 59 30 nu,
553 816 96 36 hade
678 815 83 36 från
790 815 250 36 direktionens
1068 812 79 36 sida
1175 811 117 36 säsom
1321 810 61 36 det
1410 809 183 47 egentliga
1617 807 117 35 skälet
1759 806 59 36 för

208 871 247 34 kommunens
469 867 219 49 ingripande
702 865 221 37 framhållits
933 864 166 36 fördelen
1115 862 58 36 för
1188 863 245 34 kommunens
1445 864 81 41 eget
1540 857 278 37 barnbördshus

210 920 40 36 af
265 921 190 35 allmänna
478 917 333 38 barnbördshusets
836 915 232 46 utvidgning.
1110 913 177 36 Häremot
1304 911 96 36 hade
1418 908 399 38 helsovårdsnämnden

209 971 173 46 genmält,
423 969 115 37 bland
578 973 123 37 annat,
743 972 54 30 att
837 965 84 37 från
954 964 237 49 synpunkten
1228 962 40 36 af
1291 962 148 36 stadens
1466 960 121 36 fördel
1615 959 61 36 det
1702 958 117 37 borde

209 1028 102 39 tagas
338 1022 13 34 i
379 1019 282 46 öfvervägande,
688 1018 142 36 hvilket
858 1030 79 23 som
963 1029 89 23 vore
1080 1020 55 30 att
1161 1013 207 47 föredraga,
1397 1012 173 45 antirgen
1592 1015 54 31 att
1663 1009 156 46 bidraga

210 1073 57 35 till
308 1072 272 47 utvidgningen
616 1069 41 36 af
689 1070 189 34 allmänna
905 1066 314 37 barnbördshuset
1249 1065 88 36 eller
1365 1069 53 30 att
1446 1062 187 37 eventuelt
1660 1060 159 36 förstora

209 1123 146 36 stadens
384 1135 89 33 egen
502 1121 142 36 anstalt.
690 1119 194 49 Utrymme
911 1118 57 35 för
996 1117 70 36 den
1095 1129 126 23 senare
1248 1114 178 47 åtgärden
1454 1113 133 36 funnes
1605 1113 13 34 i
1636 1116 184 42 qvarteret

210 1173 202 44 Grimman,
454 1172 65 36 der
558 1170 333 37 barnbördshusets
930 1166 456 45 konvalescentafdelning
1426 1177 86 22 vore
1551 1164 164 44 belägen,
1749 1162 70 35 och

210 1231 114 40 utväg
362 1223 133 36 funnes
533 1228 54 29 att
626 1221 197 36 verkställa
864 1219 270 45 utvidgningen
1161 1217 48 46 på
1236 1217 99 35 olika
1363 1220 80 31 sätt.
1499 1213 256 48 Uppförandet
1783 1211 41 37 af

211 1288 43 23 en
283 1287 49 34 ny
359 1274 201 46 paviljong,
587 1271 315 47 hufvudsakligen
932 1270 54 35 lik
1014 1268 71 35 den
1112 1267 227 44 nuvarande,
1365 1278 89 23 vore
1482 1270 51 31 ett
1555 1263 265 48 jemförelsevis

210 1325 123 47 billigt
373 1329 81 31 sätt.
506 1323 63 35 Ett
608 1327 114 31 annat
748 1334 88 23 vore
865 1326 52 30 att
944 1321 125 44 bygga
1096 1331 44 23 en
1169 1315 334 48 hufvudbyggnad,
1531 1320 116 30 större
1674 1321 46 28 än
1748 1313 71 36 den

211 1375 225 43 nuvarande,
465 1374 67 36 och
551 1378 53 31 att
623 1372 172 36 använda
814 1371 71 36 den
905 1369 228 38 sistnämnda
1152 1369 56 35 till
1229 1368 223 45 utvidgning
1471 1365 41 36 af
1523 1365 115 35 Maria
1657 1364 163 46 sjukhus,

212 1425 133 37 hvaraf
368 1423 112 39 behof
508 1424 211 47 antagligen
747 1423 148 35 komme
923 1426 54 30 att
1003 1428 90 38 göra
1120 1420 55 45 sig
1201 1418 172 47 gällande
1399 1418 11 35 i
1439 1430 43 23 en
1509 1417 82 35 icke
1605 1415 37 36 så
1661 1415 159 47 aflägsen

211 1476 161 37 framtid.
425 1476 16 35 I
469 1475 140 36 saknad
637 1474 40 36 af
700 1473 200 47 utredning
926 1470 231 38 beträffande
1183 1469 204 36 kostnaden
1415 1467 58 37 för
1501 1467 104 35 dessa
1633 1466 98 35 olika
1749 1471 98 29 sätt:

211 1528 58 36 för
298 1527 279 47 utvidgningen,
604 1525 126 35 kunde
756 1523 189 37 nämnden
973 1523 60 34 väl
1060 1522 80 35 icke
1168 1521 46 35 då
1242 1520 38 36 så
1307 1533 98 32 noga
1423 1518 157 37 bedöma
1599 1517 70 36 den
1689 1517 132 35 ekono-

212 1579 118 35 miska
355 1577 168 36 fördelen
551 1575 111 37 deraf.
716 1574 82 36 Men
827 1574 38 36 så
892 1574 149 43 mycket
1069 1572 114 47 ansåg
1211 1571 93 36 dock
1332 1569 185 36 nämnden
1545 1581 78 23 som
1641 1568 98 43 visst,
1767 1572 54 30 att

213 1642 44 22 en
285 1628 224 45 utvidgning
535 1627 84 35 med
650 1629 42 32 22?
723 1633 143 38 sängar,
895 1625 89 35 eller
1011 1636 142 23 samma
1180 1623 111 42 antal,
1311 1620 179 37 hvarmed
1509 1620 187 35 allmänna
1714 1618 107 35 barn-

212 1679 220 35 bördshuset
473 1678 115 44 enligt
628 1676 46 36 då
700 1675 203 48 uppgjordt
932 1674 139 45 förslag
1098 1673 118 35 skulle
1242 1672 159 42 tillökas,
1429 1670 83 36 med
1539 1669 131 36 lätthet
1697 1668 125 35 kunde

214 1729 273 36 åstadkommas
527 1740 133 32 genom
701 1725 235 47 uppförande
967 1723 40 36 af
1031 1737 44 23 en
1103 1723 144 35 mindre
1273 1722 192 46 paviljong
1492 1726 93 29 samt
1613 1724 54 30 att
1693 1718 128 36 staden

213 1793 132 32 genom
383 1784 55 30 att
464 1779 205 35 bestämma
696 1778 54 45 sig
776 1775 59 36 för
863 1774 281 47 utvidgningen,
1173 1773 46 35 då
1246 1772 113 35 sådan
1386 1770 122 37 blefve
1534 1769 222 45 nödvändig,
1785 1768 41 36 af

214 1831 79 35 dess
322 1842 91 36 ogen
442 1829 135 35 anstalt
605 1826 227 37 förskaffade
860 1826 55 45 sig
946 1824 101 47 långt
1075 1823 112 36 friare
1214 1823 141 35 händer
1383 1829 43 28 än
1457 1834 132 33 genom
1619 1825 51 30 att
1698 1820 125 35 lemna

213 1880 131 46 bidrag
384 1880 57 35 till
483 1880 188 46 allmänna
710 1876 325 43 barnbördshusct,
1076 1873 199 37 hvaröfver
1315 1873 126 36 staden
1475 1872 79 35 icke
1582 1870 90 46 egde
1698 1870 122 46 någon

214 1931 228 48 myndighet.
495 1928 126 37 Äfven
662 1928 68 36 den
774 1926 330 46 omständigheten,
1142 1930 53 30 att
1224 1922 417 37 underhållskostnaden
1669 1921 61 36 vid
1759 1921 65 35 all-

216 1989 133 28 männa
376 1980 316 36 barnbördshuset
717 1978 57 35 för
802 1978 72 46 dag
902 1977 66 35 och
997 1977 151 47 patient,
1177 1973 229 37 oberäknadt
1425 1966 167 42 läkarnes
1612 1973 113 42 löner,
1744 1972 79 35 icke

216 2032 38 35 så
294 2031 205 47 obetydligt
531 2029 237 37 öfverskridit
795 2027 261 36 motsvarande
1084 2025 158 36 kostnad
1270 2025 62 35 vid
1362 2023 146 36 stadens
1536 2022 286 43 barnbördshus,

216 2087 122 43 syntes
374 2080 185 36 nämnden
597 2081 76 34 tala
708 2079 57 34 till
803 2077 145 36 förmån
988 2076 57 36 för
1083 2089 44 22 en
1154 2075 173 36 framtida
1359 2073 223 45 utvidgning
1610 2071 39 36 af
1675 2071 147 36 stadens

216 2138 81 40 eget
324 2130 156 36 framför
507 2131 132 44 bidrag
668 2129 54 35 till
751 2126 275 49 ombyggandet
1054 2125 40 36 af
1118 2126 185 35 allmänna
1332 2122 323 37 barnbördshuset.

316 2181 109 36 Hvad
464 2181 182 35 nämnden
683 2178 156 37 sålunda
873 2178 40 34 är
952 2179 89 33 1894
1082 2180 118 43 yttrat
1236 2174 91 46 egde
1355 2174 52 35 sin
1438 2173 89 35 fulla
1559 2172 166 45 giltighet
1754 2171 69 35 och

217 2231 266 48 tillämplighet
511 2230 106 36 äfven
647 2231 9 34 i
685 2228 169 37 afseende
882 2229 20 34 å
930 2228 58 35 det
1017 2240 49 22 nu
1095 2226 215 47 ifrågasatta
1338 2224 180 47 bidraget,
1545 2223 142 36 hvilket
1705 2223 40 44 ju
1766 2221 59 35 för
