2234 2614
421 175 40 28 40
954 174 228 28 Statsutskottets
1211 174 152 28 Utlåtande
1386 174 60 29 N:o
1469 176 29 28 9,

421 249 243 47 genomföras,
700 250 185 45 nemligen
926 249 132 46 frågan
1094 263 60 22 om
1182 250 117 47 skälig
1326 251 204 47 ersättning
1556 249 37 36 åt
1621 249 44 35 de
1694 249 180 43 docenter,
1903 249 128 35 hvilka

419 300 241 36 förordnades
701 305 56 30 att
796 313 78 23 som
913 301 161 40 vikarier
1113 300 198 47 uppehålla
1350 300 185 36 ordinarie
1569 299 371 47 lärarebefattningar
1967 299 63 36 vid

421 352 274 35 universiteten.

522 402 54 35 De
616 401 185 36 ordinarie
841 401 144 36 lärarne
1025 400 120 37 blefve
1176 400 158 47 mången
1361 401 100 47 gång
1488 402 126 44 längre
1642 402 92 34 eller
1760 401 148 35 kortare
1935 400 95 36 tider

421 458 114 39 tagna
573 453 10 34 i
624 451 161 47 anspråk
811 451 59 36 för
903 452 117 35 andra
1045 451 85 37 värf
1154 453 12 34 i
1192 452 112 36 rikets
1330 453 120 44 tjenst.
1505 451 45 37 Så
1576 452 60 35 väl
1663 452 12 34 i
1703 451 127 49 dylika
1856 450 68 36 fall
1952 464 78 22 som

421 504 71 34 ock
519 510 66 28 när
611 503 171 45 sjukdom
811 503 87 35 eller
925 516 123 22 annan
1076 503 107 35 orsak
1210 502 214 36 föranledde
1445 502 184 36 ordinarie
1648 503 136 34 lärares
1804 501 227 47 tjenstledig-

421 554 71 44 het,
528 566 83 23 men
639 552 157 36 framför
823 554 66 34 allt
916 553 47 35 då
990 554 138 35 vakans
1155 554 12 34 i
1195 558 51 31 ett
1273 554 139 35 embete
1440 552 178 44 inträdde,
1647 552 145 46 gjordes
1826 552 119 35 städse
1972 552 58 35 be-

421 604 70 35 hot
517 603 39 36 af
581 616 41 23 en
652 617 118 35 yngre
798 616 103 35 corps
935 603 40 36 af
998 604 272 45 vetenskapligt
1295 603 150 36 bildade
1471 605 127 40 lärare,
1627 603 127 36 hvilka
1781 602 124 36 kunde
1924 602 108 35 träda

422 655 37 35 in
489 653 119 37 såsom
633 655 170 35 vikarier.
843 654 71 36 För
941 660 55 29 att
1023 655 127 35 kunna
1176 655 63 35 vid
1266 654 126 47 hvarje
1419 653 149 37 tillfälle
1585 654 103 35 finna
1707 654 154 45 lämplig
1879 653 151 44 vikarie,

421 711 124 42 syntes
572 705 262 36 universiteten
862 704 159 37 behöfva
1048 705 223 36 åtminstone
1296 705 76 35 lika
1398 705 136 45 många
1561 704 173 36 docenter
1760 717 79 22 som
1872 703 45 36 de
1935 703 96 35 ordi-

421 756 104 35 narie
559 756 329 35 lärareembetenas
925 756 112 34 antal.
1089 754 128 37 Skulle
1254 755 221 36 docenterna
1511 755 107 35 alltid
1652 768 92 22 vara
1778 754 162 36 beredda
1976 759 55 30 att

422 811 185 40 emottaga
646 806 168 44 vikariat,
856 806 125 36 kunde
1022 806 44 35 de
1093 807 11 34 i
1131 807 101 45 regel
1264 807 28 44 ej
1322 819 92 33 egna
1442 807 55 44 sig
1524 805 37 36 åt
1587 805 116 36 andra
1729 818 101 23 mera
1857 805 175 35 inkomst-

422 857 205 45 bringande
669 858 333 47 sysselsättningar.
1055 856 54 36 De
1149 856 159 36 behöfde
1331 858 68 34 ock
1427 857 12 35 i
1466 859 90 34 våra
1592 856 115 47 dagar
1742 856 87 35 vida
1855 868 102 23 mera
1983 862 46 28 än

421 907 104 35 förut
551 907 143 36 ostördt
721 920 95 34 egna
834 908 55 46 sig
917 907 37 36 åt
981 907 249 47 vetenskapen
1257 906 58 37 för
1341 913 54 30 att
1413 908 129 34 kunna
1559 905 89 48 följa
1667 906 85 36 med
1770 905 260 46 forskningens

422 958 145 45 hastiga
592 957 187 48 framsteg.

524 1008 124 36 Under
674 1008 233 36 närvarande
933 1007 258 37 förhållanden
1220 1021 88 23 vore
1336 1008 94 35 dock
1459 1008 71 35 den
1558 1008 213 45 ersättning,
1790 1008 159 35 vikarier
1968 1006 62 36 vid

422 1060 262 35 universiteten
721 1059 98 45 finge
854 1059 179 47 uppbära,
1068 1059 109 47 högst
1203 1059 120 44 ojemn
1351 1058 69 35 och
1448 1058 117 35 sällan
1592 1059 207 44 tillräcklig.
1852 1057 178 36 Vikarien

421 1110 100 45 finge
546 1110 60 35 väl
632 1110 13 34 i
671 1110 102 45 regel
800 1110 54 44 sig
880 1109 225 35 tillerkända
1132 1108 45 36 de
1202 1109 59 35 till
1288 1107 256 46 befattningen
1571 1108 164 36 hörande
1757 1109 274 46 tjenstgörings-

422 1161 262 45 penningarne,
724 1172 85 23 men
844 1159 114 36 redan
986 1159 225 36 härutinnan
1239 1159 93 35 hade
1360 1159 187 36 saknaden
1575 1158 39 36 af
1635 1158 97 36 fasta
1758 1159 274 35 bestämmelser

422 1210 163 36 medfört
612 1211 150 35 olikhet.
811 1209 57 36 Då
893 1209 86 37 med
1012 1210 108 45 högst
1155 1208 39 37 få
1228 1209 192 46 undantag
1448 1209 487 48 examinationsskyldighet
1965 1222 66 22 nu-

422 1274 102 23 mera
561 1274 86 22 vore
674 1260 156 36 förenad
866 1260 109 37 äfven
1012 1260 84 36 med
1123 1260 45 35 de
1195 1266 106 30 extra
1328 1260 185 36 ordinarie
1541 1259 287 48 professurerna,
1857 1259 69 36 och
1955 1259 76 36 der-

422 1312 86 35 med
547 1310 210 37 förbunden
797 1310 458 48 föreläsningsskyldighet
1294 1324 87 23 vore
1419 1311 74 35 lika
1532 1310 84 36 med
1657 1310 71 36 den
1756 1310 61 36 vid
1847 1309 185 36 ordinarie

422 1361 197 49 professur,
659 1362 38 35 så
737 1361 162 46 förelåge
938 1362 86 35 med
1063 1360 170 37 afseende
1271 1361 46 46 på
1356 1361 184 36 vikariens
1576 1361 221 47 åligganden
1825 1361 67 35 alls
1920 1361 110 44 ingen

424 1413 149 43 olikhet,
596 1425 86 23 vare
710 1413 56 45 sig
793 1412 235 48 professuren
1054 1425 88 23 vore
1170 1411 40 36 af
1235 1425 67 22 ena
1320 1412 89 35 eller
1428 1412 117 35 andra
1563 1413 124 45 slaget,
1708 1419 86 28 enär
1809 1412 42 46 ju
1871 1410 70 37 den
1961 1410 70 36 för-

423 1468 146 30 nämsta
604 1463 194 36 skilnaden
834 1463 137 35 mellan
1008 1462 105 37 dessa
1149 1463 167 35 embeten
1352 1462 151 36 bestode
1538 1463 12 34 i
1584 1460 447 47 konsistoriegöromäåälen,

423 1514 128 36 hvilka
586 1514 30 45 ej
658 1514 138 35 sköttes
828 1513 40 36 af
891 1514 176 35 vikarien.
1095 1513 84 36 Icke
1206 1513 115 35 heller
1347 1513 126 36 kunde
1504 1526 86 22 man
1617 1513 187 47 uppställa
1831 1512 122 46 någon
1983 1512 49 35 åt-

424 1564 147 36 skilnad
606 1565 157 35 emellan
799 1564 183 45 graderna
1017 1563 39 35 af
1090 1563 71 36 den
1197 1564 278 45 vetenskapliga
1506 1564 228 44 skicklighet,
1768 1576 77 23 som
1879 1565 152 43 ansåges

425 1614 217 46 erforderlig
668 1614 59 36 för
754 1614 211 36 erhållande
994 1614 67 36 och
1082 1614 178 36 skötande
1283 1613 40 36 af
1337 1615 160 35 vikariat
1514 1613 58 36 för
1589 1613 190 47 professur
1798 1613 40 36 af
1855 1626 67 23 ena
1943 1614 89 34 eller

424 1665 118 35 andra
561 1666 124 45 slaget.
705 1665 131 36 Likväl
856 1664 130 37 utfölle
1006 1665 249 45 ersättningen
1282 1664 56 36 för
1365 1665 142 35 arbetet
1535 1665 107 35 olika.
1696 1663 53 36 Af
1773 1664 44 35 de
1846 1663 185 36 ordinarie

424 1714 294 48 professorernas
763 1716 63 35 lön
866 1715 181 36 räknades
1087 1716 186 47 nemligen
1313 1716 116 44 enligt
1460 1714 169 36 faststäld
1656 1720 73 30 stat
1760 1717 103 42 1,500
1891 1715 140 35 kronor

424 1766 122 36 såsom
572 1767 482 47 tjenstgöringspenningar,
1081 1765 133 36 medan
1243 1765 103 36 dessa
1372 1766 58 34 till
1459 1765 45 36 de
1523 1771 105 29 extra
1647 1765 185 35 ordinarie
1850 1764 181 46 professo-

424 1830 110 23 rerna
561 1817 152 45 utginge
740 1817 85 35 med
858 1820 102 41 1,000
988 1817 148 34 kronor.
1180 1816 54 36 De
1259 1828 142 24 senares
1428 1816 159 36 vikarier
1614 1816 138 35 erhölle
1780 1815 137 36 således
1946 1816 85 34 alle-

426 1873 83 30 nast
547 1867 63 36 två
648 1867 222 47 tredjedelar
909 1868 11 34 i
961 1866 232 36 förhållande
1232 1867 55 35 till
1322 1866 97 36 hvad
1455 1867 165 35 vikarien
1660 1865 59 36 för
1759 1879 44 23 en
1844 1866 187 35 ordinarie

425 1917 186 47 professor
638 1917 148 46 åtnjöte,
815 1918 115 36 ehuru
959 1918 140 35 arbetet
1124 1930 89 23 vore
1240 1918 83 34 lika.

526 1968 215 36 Emellertid
781 1968 114 36 rådde
935 1975 100 28 ännu
1075 1968 88 36 flera
1201 1967 346 36 missförhållanden
1587 1968 12 34 i
1638 1966 106 50 fråga
1784 1980 58 22 om
1878 1967 154 35 vikaric-

427 2018 211 37 arfvodena.
691 2019 55 35 De
784 2019 236 36 akademiska
1055 2019 161 35 lärarnes
1252 2018 470 47 tjenstgöringspenningar
1753 2018 151 45 utginge
1941 2016 91 36 efter

426 2069 218 37 kalenderår
684 2069 71 36 och
794 2069 208 36 fördelades
1037 2068 47 47 på
1120 2069 79 36 dess
1227 2068 73 36 tolf
1323 2068 184 36 månader.
1560 2067 111 36 Detta
1697 2068 96 36 hade
1820 2068 210 44 naturligen

426 2120 112 47 ingen
573 2120 187 45 betydelse
796 2118 58 37 för
889 2120 71 36 den
998 2119 183 36 ordinarie
1216 2118 408 47 tjensteinnehafvaren,
1661 2132 79 22 som
1775 2119 171 45 uppbure
1980 2118 52 35 in-

426 2171 170 35 komsten
630 2170 58 36 för
723 2170 83 36 hela
841 2170 87 45 året,
965 2183 84 23 men
1084 2170 60 36 väl
1171 2169 59 35 för
1257 2171 217 40 vikarierna,
1502 2169 142 35 hvilkas
1671 2169 245 47 tjenstgöring
1943 2181 88 23 vore

426 2221 204 46 begränsad
650 2222 58 34 till
727 2221 318 36 läseterminernas
1063 2220 76 36 åtta
1156 2219 185 46 månader,
1359 2220 132 36 medan
1511 2219 521 48 tjenstgöringspenningarna
