2220 2616
394 173 39 27 92
926 173 228 29 Statsutskottets
1183 174 153 28 Utlåtande
1360 174 57 28 N:o
1442 176 26 27 9.

393 248 54 35 till
492 247 194 37 aflönande
719 247 40 37 af
787 249 158 36 vikarier
977 248 58 37 för
1062 249 139 36 sådana
1228 250 117 36 lärare
1372 250 70 36 och
1470 251 211 43 lärarinnor
1707 251 62 36 vid
1798 251 204 37 småskolor

394 298 68 36 och
490 299 143 35 mindre
659 298 206 37 folkskolor
892 305 95 30 samt
1012 299 221 37 biträdande
1260 300 67 36 och
1355 306 105 30 extra
1488 301 184 36 ordinarie
1691 302 118 36 lärare
1828 303 67 35 och
1911 304 89 34 lära-

392 349 131 36 rinnor
548 349 63 36 vid
638 348 215 45 folkskolor,
882 363 79 23 som
988 350 41 36 af
1051 351 172 46 sjukdom
1251 351 267 36 urståndsättas
1545 357 54 30 att
1626 352 55 35 sin
1701 353 111 45 tjenst
1830 352 169 49 fullgöra,

394 404 96 31 samt
523 404 54 31 att
603 399 133 46 Kongl.
765 400 100 48 Maj:t
891 401 114 35 måtte
1031 400 58 36 för
1116 401 209 46 Riksdagen
1353 401 206 49 framlägga
1586 402 62 36 det
1675 401 148 47 förslag,
1851 404 150 35 hvartill

394 450 247 47 utredningen
668 450 125 37 kunde
820 450 200 37 föranleda.

494 500 73 36 Till
606 500 82 36 stöd
728 500 59 37 för
820 500 319 48 framställningen
1167 503 69 35 har
1262 504 11 34 i
1300 503 189 36 motionen
1518 502 312 47 hufvudsakligen
1858 503 142 37 anförts

393 549 177 49 följande.

493 600 237 37 Småskolans
758 602 290 46 lärarepersonal
1074 603 127 46 intoge
1228 610 99 29 ännu
1350 604 12 35 i
1388 604 89 36 flera
1496 603 198 37 afseenden
1714 617 44 23 en
1777 605 224 47 undantags-

393 652 177 46 ställning
597 657 87 40 gent
715 658 99 30 emot
840 651 119 48 öfriga
986 654 117 35 lärare
1131 654 70 35 och
1229 655 217 35 lärarinnor.
1500 655 70 35 Väl
1597 654 96 36 hade
1720 655 12 35 i
1758 654 93 48 följd
1878 655 41 36 af
1943 656 57 36 be-

392 703 76 35 slut
507 702 41 36 af
587 705 92 33 1897
722 703 57 35 års
811 703 163 46 Riksdag
1012 705 109 35 lönen
1149 705 10 34 i
1187 704 123 46 någon
1337 705 85 36 mån
1450 704 123 37 blifvit
1602 705 98 45 höjd,
1729 705 38 36 så
1794 711 54 30 att
1874 707 126 45 hvarje

391 753 280 45 vederbörligen
699 754 236 35 examinerad
964 755 118 36 lärare
1109 756 91 35 eller
1227 755 186 36 lärarinna
1439 755 261 37 tillförsäkrats
1729 769 43 22 en
1792 757 208 35 minimilön

392 803 41 36 af
470 807 71 33 300
581 804 140 35 kronor
756 804 113 47 jemte
909 810 52 30 ett
996 805 253 47 ålderstillägg
1289 806 47 47 på
1378 810 44 32 509
1451 807 139 35 kronor
1617 805 95 37 efter
1738 808 51 34 tio
1818 808 182 45 tjensteår.

392 853 84 37 Men
505 854 61 36 det
592 853 183 37 återstode
803 855 91 35 dock
923 855 184 47 åtskilliga
1134 856 199 36 önskemål.
1385 856 64 36 Ett
1476 856 41 37 af
1532 857 44 35 de
1595 862 94 30 mest
1706 857 206 48 trängande
1932 858 67 36 och

391 905 12 34 1
432 911 145 39 ögonen
608 904 166 37 fallande
800 918 87 23 vore
915 906 224 36 beredandet
1167 906 42 36 af
1231 908 175 45 rättighet
1433 907 59 36 för
1519 907 162 36 nämnda
1708 909 291 45 lärarepersonal

391 960 56 30 att
472 955 64 35 vid
564 954 258 48 sjukdomsfall
849 955 38 36 få
916 956 144 36 behålla
1087 970 44 22 en
1160 957 61 36 del
1248 957 41 35 af
1311 959 119 34 lönen.

492 1005 84 36 Med
616 1006 144 48 hänsyn
800 1007 57 34 till
897 1007 229 36 småskolans
1166 1008 170 36 växande
1376 1008 189 49 betydelse
1605 1008 120 36 såsom
1761 1009 70 36 den
1858 1010 141 46 grund-

392 1056 183 46 läggande
613 1056 374 48 bildningsanstalten
1026 1057 59 36 för
1123 1059 195 35 nationens
1350 1059 93 35 barn
1471 1058 133 49 ansåge
1630 1060 276 36 motionärerna
1932 1060 69 36 tid-

390 1107 168 45 punkten
585 1119 49 22 nu
665 1120 89 22 vara
781 1107 84 35 inne
892 1113 53 30 att
972 1109 78 34 lösa
1077 1108 122 36 denna
1225 1107 114 47 fråga.

493 1156 144 37 Statens
676 1158 219 47 tjenstemän
932 1157 142 37 afstode
1101 1160 10 34 i
1140 1159 202 36 allmänhet
1369 1159 63 36 vid
1460 1159 257 48 sjukdomsfall
1745 1161 95 35 blott
1868 1174 43 23 en
1941 1161 58 36 del

392 1206 40 37 af
456 1208 122 44 lönen,
607 1208 68 35 och
703 1208 174 35 särskildt
903 1208 94 36 hade
1024 1222 154 23 numera
1205 1215 130 30 nästan
1365 1211 75 34 alla
1467 1211 337 45 lärarekategorier,
1832 1219 104 28 utom
1956 1212 44 36 de

392 1258 62 37 vid
482 1258 210 36 småskolan
720 1259 284 47 tjenstgörande,
1032 1259 261 37 tillförsäkrats
1321 1274 44 22 en
1394 1260 103 48 dylik
1525 1260 156 37 förmån.

493 1309 128 48 Enligt
654 1309 173 46 gällande
858 1310 320 48 läroverksstadga
1210 1310 41 36 af
1277 1311 69 36 den
1378 1315 13 32 1
1424 1312 202 35 november
1657 1314 94 34 1878
1780 1313 98 45 finge
1906 1312 93 36 ordi-

391 1360 103 35 narie
534 1360 127 44 lärare,
701 1372 80 23 som
816 1360 12 35 i
867 1359 91 48 följd
1002 1360 39 36 af
1072 1361 171 46 sjukdom
1271 1361 139 47 åtnjöte
1437 1362 288 47 tjenstledighet,
1753 1363 118 36 under
1898 1363 99 36 tiden

391 1410 169 47 uppbära
585 1415 55 31 tre
666 1409 221 46 fjerdedelar
914 1410 41 36 af
980 1411 69 36 den
1075 1412 58 35 till
1160 1412 255 46 befattningen
1442 1412 165 37 hörande
1634 1414 121 43 lönen,
1774 1427 84 23 men
1882 1414 118 36 skulle

392 1459 95 37 afstå
523 1460 70 36 den
621 1460 229 37 återstående
876 1460 224 47 fjerdedelen
1128 1462 59 35 till
1215 1463 157 36 vikaries
1401 1463 173 46 aflöning.
1628 1463 192 37 Liknande
1847 1465 152 35 bestäm-

391 1511 133 36 melser
551 1511 107 47 gälde
685 1511 59 35 för
771 1511 185 37 ordinarie
983 1513 313 36 seminarielärare
1322 1527 47 21 m.
1397 1514 35 34 fl.

493 1561 126 37 Under
659 1562 61 35 det
760 1568 141 30 senaste
944 1562 183 36 årtiondet
1154 1564 96 36 hade
1277 1564 209 46 Riksdagen
1515 1565 183 35 utsträckt
1725 1564 192 37 förmånen
1946 1570 53 31 att

391 1612 63 36 vid
490 1611 262 49 sjukdomsfall
779 1611 37 37 få
842 1612 147 36 behålla
1017 1626 42 23 en
1089 1614 60 35 del
1177 1613 42 36 af
1243 1615 110 35 lönen
1381 1616 56 34 till
1466 1615 89 35 flera
1581 1615 118 35 andra
1727 1616 208 48 kategorier
1962 1615 40 36 af

391 1663 120 35 lärare
554 1683 40 2 —
631 1662 38 35 så
696 1663 61 35 väl
784 1663 186 36 ordinarie
997 1676 78 23 som
1103 1669 115 31 extra.
1271 1661 51 40 År
1348 1668 93 33 1894
1471 1665 95 36 hade
1595 1665 104 45 dylik
1729 1665 144 37 förmån
1902 1667 96 35 med-

391 1712 126 46 gifvits
546 1712 57 36 för
631 1718 105 31 extra
764 1714 185 36 ordinarie
976 1715 117 35 lärare
1119 1715 64 35 vid
1210 1716 217 35 läroverken
1456 1721 95 31 samt
1578 1716 186 36 ordinarie
1791 1717 118 36 lärare
1935 1718 63 35 vid

390 1762 264 46 folkskolorna,
682 1763 40 36 år
754 1766 91 35 1895
873 1763 59 37 för
958 1765 339 47 teckningslärarne
1320 1766 62 35 vid
1402 1766 44 36 de
1465 1767 190 35 allmänna
1675 1767 216 36 läroverken
1912 1767 86 42 (för-

392 1814 157 48 höjning
588 1815 12 34 i
640 1813 265 38 förutvarande
945 1812 157 48 förmån)
1146 1816 68 35 och
1243 1816 39 35 år
1314 1819 90 33 1897
1434 1816 58 36 för
1520 1816 268 49 öfningslärare
1816 1818 61 35 vid
1905 1817 93 36 folk-

391 1865 461 36 skolelärareseminarium
891 1871 95 30 samt
1024 1867 119 35 lärare
1182 1866 63 36 vid
1286 1867 83 35 med
1410 1867 121 48 dylikt
1570 1868 238 35 seminarium
1844 1867 153 37 förenad

391 1914 262 47 öfningsskola.

493 1965 83 37 Men
608 1966 45 36 de
684 1967 97 46 lägst
813 1966 167 36 aflönade
1007 1967 144 36 lärarne
1180 1968 69 35 och
1277 1968 265 44 lärarinnorna,
1572 1968 31 35 d.
1631 1982 33 22 v.
1693 1982 25 22 s.
1746 1968 45 37 de
1818 1969 62 36 vid
1908 1970 90 35 små-

392 2016 126 36 skolor
546 2017 67 35 och
642 2017 143 36 mindre
811 2016 206 37 folkskolor
1036 2018 177 43 anstälda,
1233 2017 187 37 äfvensom
1441 2018 45 37 de
1501 2018 83 36 med
1600 2018 84 37 dem
1699 2020 12 34 i
1728 2018 270 38 löneförmåner

391 2067 175 35 likstälda
604 2067 219 37 biträdande
855 2068 144 36 lärarne
1031 2068 68 35 och
1127 2069 257 35 lärarinnorna
1411 2069 63 36 vid
1501 2068 264 46 folkskolorna,
1794 2070 114 35 måste
1934 2070 62 35 vid

392 2117 260 46 sjukdomsfall
684 2117 129 48 sjelfva
840 2119 120 35 aflöna
988 2120 53 34 sin
1070 2119 149 41 vikarie,
1247 2119 119 36 derest
1393 2120 29 45 cj
1527 2119 118 36 såsom
1674 2120 174 35 stundom
1876 2120 121 36 hände

467 2167 277 38 vederbörande
771 2169 230 35 skoldistrikt
1027 2169 130 36 trädde
1185 2170 167 36 emellan.
1406 2170 55 36 Då
1488 2170 109 35 lönen
1617 2170 97 36 blott
1732 2170 171 48 utgjorde
1924 2173 71 34 300
