2220 2614
412 185 58 27 110
943 185 227 29 Statsutskottets
1198 185 154 29 Utlåtande
1375 186 56 28 N:o
1456 187 27 28 9.

510 261 57 35 till
595 260 248 48 upprättande
870 260 41 36 af
934 266 52 31 ett
1012 267 82 42 nytt
1122 262 160 35 lektorat
1308 262 12 35 i
1347 262 272 36 elektroteknik
1645 294 59 4 ......

510 311 58 35 till
608 311 153 47 höjning
796 311 41 36 af
870 312 210 46 aflöningen
1107 311 59 36 för
1202 325 44 22 en
1274 312 113 36 andre
1414 313 117 36 lärare
1557 313 12 35 i
1596 318 111 31 mate-

408 362 118 35 matik
552 361 81 36 från
667 364 101 41 1,000
796 362 140 36 kronor
962 363 59 34 till
1048 365 107 42 3,000
1184 363 137 35 kronor
1455 395 3 3 |

510 412 56 35 till
598 390 156 68 höjning
781 411 40 36 af
845 413 211 46 aflöningen
1071 391 71 57 "för
1169 426 44 22 en
1241 412 114 37 andre
1382 395 143 54 lärare
1528 414 12 35 i
1557 395 148 55 allmän

408 462 100 35 kemi
533 461 81 36 från
646 465 105 42 2,000
779 463 138 35 kronor
944 464 58 35 till
1031 466 106 41 3,000
1165 464 168 35 kronor.
1391 457 77 56 co
1511 496 59 3 oc

509 513 58 35 till
594 513 155 46 höjning
775 512 41 37 af
839 514 211 46 aflöningen
1079 514 57 35 till
1164 527 44 22 en
1237 496 119 53 andre
1376 495 120 55 lärare
1522 515 13 35 i
1562 493 144 73 skepps-

409 563 153 47 byggeri
588 562 83 37 från
704 566 101 41 1,800
834 564 139 35 kronor
1000 564 57 35 till
1085 567 107 41 3,000
1220 565 138 35 kronor
1386 596 47 4 ...
1465 596 26 3 ..

510 614 56 35 till
594 614 155 47 höjning
776 613 40 36 af
839 614 211 46 aflöningen
1076 592 57 57 för
1153 627 43 23 en
1216 615 118 35 lärare
1352 615 13 35 i
1387 622 79 41 väg-
1483 597 74 53 och
1567 597 140 55 vatten-

409 664 307 48 byggnadskonst
741 663 83 37 från
854 667 106 42 1,200
988 665 138 35 kronor
1152 665 59 35 till
1240 667 110 55 2,000
1373 665 140 36 kronor

511 715 57 35 till
594 715 156 47 höjning
776 714 41 37 af
831 716 212 45 aflöningen
1065 715 58 36 för
1142 728 45 23 en
1205 716 145 35 lärare
1343 710 18 56 i
1373 716 140 35 allmän
1533 698 173 54 mekanik

409 763 84 37 från
523 767 104 43 1,500
655 766 138 35 kronor
819 766 59 35 till
909 768 104 43 2,500
1040 767 140 35 kronor

511 816 57 35 till
595 816 165 46 aflöning
785 815 58 37 för
871 830 44 22 en
942 817 119 35 lärare
1088 817 11 34 i
1126 795 197 72 mekanisk
1346 798 190 65 teknologi

511 867 58 34 till
596 867 165 45 aflöning
786 866 58 37 för
872 880 45 22 en
936 867 421 36 lärare
1067 862 18 54 i
1104 867 251 36 konstruktion
1374 866 41 37 af
1425 847 111 56 enkla
1550 868 157 36 maskin-

409 916 105 37 delar
703 950 14 2 -

510 968 59 34 till
596 946 163 71 aflöning
781 950 70 54 för
870 981 46 23 en
917 950 170 53 lärare
1086 968 13 35 i
1118 949 210 54 elementär
1354 950 207 54 mekanik

510 1018 58 35 till
596 1018 163 46 aflöning
784 1018 59 36 för
871 1032 45 22 en
943 1019 117 35 lärare
1086 1019 13 35 1
1126 1019 241 35 elektrokemi

511 1069 57 35 till
596 1069 163 45 aflöning
786 1068 59 36 för
872 1082 45 22 en
945 1069 118 35 lärare
1090 1070 12 34 i
1132 1069 238 35 landtmäteri
1398 1101 3 3 .

511 1119 57 35 till
595 1119 154 46 höjning
775 1118 40 37 af
839 1119 210 45 aflöningen
1077 1118 60 36 för
1155 1132 45 23 en
1219 1119 144 35 lärare
1357 1114 18 56 i
1386 1119 156 36 svenska
1560 1100 148 65 språket

410 1169 68 35 och
508 1168 197 48 bokföring
731 1169 81 36 från
842 1173 72 33 400
942 1170 137 34 kronor
1105 1170 60 35 till
1193 1171 71 34 900
1292 1170 139 35 kronor

512 1220 57 35 till
605 1201 154 65 höjning
795 1219 41 36 af
859 1220 212 45 aflöningen
1098 1219 58 36 för
1183 1232 45 23 en
1255 1220 119 35 lärare
1401 1220 12 35 i
1440 1201 266 55 frihandsteck-

410 1270 92 45 ning
527 1269 81 37 från
642 1274 102 41 1,040
772 1271 140 35 kronor
938 1271 60 34 till
1026 1273 105 41 2,500
1159 1271 139 34 kronor
1331 1302 71 4 ....

512 1321 57 35 till
605 1299 155 69 höjning
795 1320 41 37 af
868 1321 210 45 aflöningen
1113 1319 59 37 för
1207 1333 44 23 en
1279 1321 117 35 lärare
1423 1321 12 35 i
1456 1302 252 65 modellering

410 1370 83 36 från
523 1374 69 33 300
621 1372 139 35 kronor
786 1372 56 35 till
876 1374 103 41 1,200
1007 1372 138 35 kronor
1175 1403 3 3 .
1242 1403 124 3 oscv.
1690 1404 2 3 .

512 1422 57 35 till
604 1422 155 46 höjning
786 1421 41 37 af
852 1422 301 36 bibliotekariens
1181 1420 151 37 arfvode
1358 1420 83 37 från
1466 1403 81 54 300
1569 1403 139 54 kronor

411 1472 56 35 till
497 1475 71 33 800
595 1473 140 35 kronor

512 1523 58 35 till
605 1523 155 46 höjning
791 1522 39 37 af
854 1504 212 64 aflöningen
1075 1504 104 53 för
1177 1535 44 23 en
1221 1504 276 54 vaktmästare
1524 1504 84 54 från
1636 1504 71 55 750

411 1574 139 35 kronor
567 1574 59 34 till
652 1575 101 42 !,290
768 1574 148 43 kronor,
931 1573 85 36 med
1030 1572 258 36 bibehållande
1303 1572 40 35 af
1354 1578 75 30 rätt
1443 1574 58 34 till
1515 1572 47 36 fri
1576 1573 132 35 bostad

512 1624 59 35 till
597 1623 155 48 höjning
780 1623 39 36 af
842 1598 167 75 anslaget
1036 1624 56 35 till
1111 1624 216 45 repetitörer
1344 1622 84 37 från
1453 1626 101 41 1,200
1569 1624 139 34 kronor

412 1674 60 35 till
500 1676 105 43 2,000
633 1675 138 35 kronor

1736 266 106 42 1,500
1867 264 148 44 kronor,

1737 367 106 41 2.000

1739 466 103 42 1,000

1701 568 142 41 1,200

1772 669 71 34 300

1739 769 104 42 1,000

1740 819 103 43 1,500

1776 1577 70 32 100

1774 1676 71 34 300

1942 1688 12 14 »

514 1703 73 57 dels
614 1720 174 54 förklara,
806 1707 55 53 att
873 1706 81 54 för
956 1705 289 64 ifrågavarande
1257 1705 393 64 lektorsbefattningar
1669 1702 209 87 aflöningen
1899 1724 119 35 skulle

411 1774 159 36 fördelas
597 1775 12 35 i
637 1776 63 34 lön
728 1754 67 56 och
824 1775 468 46 tjenstgöringspenningar
1318 1774 83 36 med
1433 1777 104 42 2,600
1566 1775 137 35 kronor
1730 1774 118 36 såsom
1869 1775 62 35 lön
1951 1774 67 36 och

417 1828 104 42 1,900
547 1826 139 35 kronor
713 1825 119 36 såsom
859 1826 482 46 tjenstgöringspenningar;

514 1876 75 36 dels
617 1877 61 38 ock
704 1875 203 47 medgifva:

515 1933 50 29 att
591 1928 169 44 samtlige
786 1927 162 35 lektorer
975 1926 68 36 och
1070 1926 145 36 läraren
1242 1926 12 35 i
1280 1925 319 36 verkstadsarbete
1626 1925 62 35 vid
1716 1925 184 36 anstalten
1920 1926 99 45 finge

413 1975 93 37 efter
544 1976 75 37 fem
659 1977 57 36 års
751 1977 61 36 väl
847 1976 190 37 vitsordad
1063 1977 244 45 tjenstgöring
1334 1975 145 46 åtnjuta
1505 1980 52 30 ett
1583 1974 251 47 ålderstillägg
1861 1975 20 36 å
1909 1976 107 35 lönen

414 2026 40 36 af
479 2030 70 33 500
576 2028 141 35 kronor
753 2027 66 36 och
856 2027 93 37 efter
979 2027 215 49 ytterligare
1222 2026 74 36 fem
1322 2026 58 35 års
1409 2026 114 36 sådan
1550 2025 246 47 tjenstgöring
1823 2031 52 31 ett
1902 2026 117 35 andra

414 2077 251 47 ålderstillägg
691 2077 175 37 likaledes
895 2077 41 36 af
961 2081 69 33 300
1058 2078 149 43 kronor,
1235 2076 81 36 med
1344 2081 75 31 rätt
1444 2076 58 36 för
1528 2076 216 36 nuvarande
1771 2077 161 35 lektorer
1950 2076 68 35 och

414 2129 145 34 läraren
585 2129 12 34 i
625 2128 319 37 verkstadsarbete
972 2134 54 30 att
1051 2128 12 35 i
1089 2127 106 46 fråga
1210 2141 61 22 om
1285 2126 217 46 åtnjutande
1522 2125 39 36 af
1578 2125 251 47 ålderstillägg
1847 2126 172 47 tillgodo-

414 2179 116 35 räkna
557 2179 54 45 sig
640 2179 70 36 den
738 2178 54 36 tid
819 2178 45 36 de
893 2178 91 37 efter
1010 2179 55 35 sin
1094 2179 219 45 utnämning
1339 2178 10 34 i
1378 2177 113 36 sådan
1518 2177 184 47 egenskap
1729 2177 209 46 tjenstgjort
1956 2176 63 36 vid

415 2229 183 36 anstalten
608 2242 8 31 ;
