2242 2618
741 170 228 29 Statsutskottets
996 168 152 28 Utlåtande
1171 167 59 27 N:o
1254 167 27 26 9.
1777 161 38 28 37

210 264 102 25 anses
352 256 134 41 utgöra
527 249 155 36 orsaken
722 248 59 36 till
821 244 271 38 uteblifvandet
1124 242 41 37 af
1190 242 45 37 de
1262 242 60 37 väl
1349 240 186 46 behöfliga
1562 237 182 38 reformer
1771 237 48 48 på

211 304 62 36 det
300 302 174 48 politiska
502 299 175 45 området,
706 311 79 23 som
812 311 87 22 man
926 301 131 31 väntat
1083 295 55 46 sig
1165 307 80 23 som
1273 306 45 23 en
1344 291 94 46 följd
1466 290 39 36 af
1529 290 70 36 den
1627 302 76 35 nya
1729 289 91 35 riks-

212 353 317 48 dagsordningens
570 349 219 47 antagande,
826 349 67 36 och
921 348 58 35 till
1007 347 61 35 det
1094 359 79 23 mer
1200 344 69 36 och
1297 356 76 23 mer
1400 341 153 37 insedda
1579 340 158 44 faktum,
1765 344 55 31 att

211 405 69 36 den
321 404 173 46 politiska
521 401 112 37 nivån
660 403 102 34 inom
789 399 228 45 Riksdagens
1044 396 96 37 båda
1166 396 151 35 kamrar
1342 393 119 36 under
1488 391 164 37 nämnda
1678 390 55 37 tid
1761 390 58 36 be-

210 456 124 36 funnit
375 455 54 45 sig
460 454 56 35 uti
543 458 51 31 ett
621 451 191 36 oafbrutet
839 448 215 48 sjunkande.
1106 446 212 46 Riksdagen
1345 444 125 36 kunde
1498 443 29 47 ej
1557 442 116 36 heller
1701 441 119 36 såsom

211 505 189 37 tillförene
439 504 119 35 under
597 503 72 35 den
710 501 39 36 så
789 500 149 36 kallade
965 498 229 38 ståndstiden
1221 497 114 36 verka
1362 494 108 37 äfven
1497 493 119 36 såsom
1644 498 52 30 ett
1724 492 96 46 slags

213 557 152 48 politisk
391 554 340 46 bildningsanstalt,
759 557 91 30 utan
876 551 118 36 måste
1021 548 184 50 fyllandet
1232 546 41 37 af
1295 547 71 35 den
1392 543 195 49 uppgiften
1606 556 53 23 nu
1676 543 12 35 i
1708 543 113 47 högre

212 608 93 46 grad
345 615 46 27 än
431 605 148 37 fordom
619 604 210 36 tillkomma
869 601 263 37 universiteten
1168 599 68 35 och
1264 597 71 36 den
1362 595 83 37 från
1474 595 83 36 dem
1584 593 238 49 rekryterade

212 658 324 47 tidningspressen,
577 669 58 22 om
677 655 80 35 icke
797 653 62 37 det
899 653 189 35 allmänna
1127 651 105 35 bästa
1271 648 117 36 skulle
1427 645 116 38 blifva
1578 640 244 56 tillbakasatt.

215 709 149 46 Sverige
390 708 116 36 borde
533 706 233 36 fördenskull
791 705 81 35 icke
898 704 129 45 längre
1054 701 56 36 stå
1138 700 91 36 efter
1255 698 187 37 utlandets
1469 697 246 35 kulturstater
1741 695 12 35 i
1772 694 51 36 af

217 760 131 37 seende
375 759 48 47 på
450 758 71 36 den
549 756 371 47 statsvetenskapliga
945 753 237 45 bildningens
1210 749 217 47 främjande.

315 810 83 36 Med
439 809 200 45 anledning
679 806 41 36 af
753 806 69 36 den
859 811 99 30 stora
998 804 69 35 och
1107 802 58 36 för
1193 800 113 47 öfrigt
1333 799 162 45 ständigt
1520 796 223 47 tilltagande
1770 800 54 31 ut-

214 862 181 44 veckling,
423 859 383 45 statsvetenskaperna
832 857 11 35 i
871 858 65 34 vår
963 855 54 35 tid
1045 853 156 43 erhållit,
1222 851 133 47 ansåge
1373 850 233 36 motionären
1624 846 201 37 hvartdera

215 913 270 35 universitetets
521 909 202 36 filosofiska
762 907 159 36 fakultet
960 906 78 35 helt
1073 904 90 36 visst
1188 915 91 24 vara
1305 903 11 34 i
1343 899 116 39 behof
1484 899 40 36 af
1550 904 53 31 att
1629 898 116 36 redan
1773 910 52 22 nu

222 962 116 37 undfå
372 961 165 48 följande
562 973 75 35 nya
663 957 247 48 professioner
937 955 60 37 för
1023 954 317 45 undervisningen
1367 953 11 34 i
1406 963 140 24 samma
1572 949 254 45 vetenskaper,

216 1014 185 45 nemligen
430 1026 44 22 en
501 1012 13 35 i
540 1009 342 37 nationalekonomi
910 1007 68 36 och
1006 1004 326 45 socialvetenskap,
1360 1016 44 23 en
1431 1003 12 34 i
1469 1000 154 37 folkrätt
1652 1000 68 35 och
1736 1000 91 45 jem-

218 1064 157 37 förande
415 1061 414 45 statsförfattningsrätt,
870 1072 44 23 en
954 1059 13 35 i
1003 1055 233 49 jemförande
1276 1052 414 46 statsförvaltningsrätt
1718 1050 109 35 och
1806 1046 24 64 i

218 1113 472 48 statsförvaltningspolitik
731 1119 95 27 samt
865 1123 45 22 en
951 1110 12 34 i
1002 1108 151 46 politisk
1181 1105 163 47 geografi
1372 1104 68 36 och
1467 1102 174 44 statistik;
1669 1114 85 23 men
1782 1100 46 35 då

218 1167 39 35 så
297 1165 133 46 många
471 1164 185 35 ordinarie
696 1161 255 46 lärareplatser
979 1160 183 44 knappast
1189 1155 126 37 kunde
1341 1160 129 31 väntas
1497 1152 184 48 beviljade
1708 1151 48 47 på
1783 1164 44 22 en

219 1217 98 46 gång
356 1216 68 35 och
463 1216 12 34 i
511 1215 74 35 alla
611 1213 197 36 händelser
834 1212 79 34 icke
939 1210 49 46 på
1015 1208 122 47 grund
1164 1206 41 37 af
1229 1206 142 36 enskild
1398 1205 151 44 motion,
1577 1203 96 36 hade
1700 1202 129 35 motio-

220 1275 114 28 nären
368 1265 159 46 nödgats
567 1263 202 37 inskränka
796 1262 54 47 sig
876 1262 58 35 till
962 1265 55 31 att
1044 1266 89 39 göra
1161 1258 71 36 den
1258 1256 230 43 hemställan,
1516 1267 79 23 som
1621 1254 69 35 här
1717 1252 109 36 ofvan

221 1317 125 37 blifvit
373 1316 182 46 angifven.

324 1418 194 42 Utskottet,
559 1428 79 23 som
677 1413 206 48 ingalunda
922 1411 261 36 underskattar
1223 1409 126 46 vigten
1388 1406 112 45 deraf,
1533 1410 55 31 att
1615 1405 45 36 de
1687 1412 144 35 ämnen,

222 1483 80 23 som
329 1470 11 34 i
367 1469 189 35 motionen
583 1467 160 42 beröras,
771 1464 116 36 varda
916 1461 272 37 underkastade
1215 1458 255 46 vetenskaplig
1496 1455 239 46 behandling,
1764 1455 67 35 och

223 1526 55 30 att
318 1520 44 36 de
389 1517 221 38 studerande
636 1516 65 37 vid
729 1515 264 36 universiteten
1021 1518 110 31 sättas
1159 1512 11 35 i
1198 1509 147 37 tillfälle
1372 1513 55 31 att
1454 1507 139 37 erhålla
1619 1506 115 46 nödig
1760 1505 72 36 led-

223 1572 91 45 ning
354 1569 58 37 för
451 1570 80 34 sina
571 1567 141 36 studier
752 1565 107 36 äfven
900 1566 103 34 inom
1044 1563 103 36 dessa
1173 1562 333 46 kunskapsgrenar,
1533 1559 68 34 har
1628 1552 205 56 emellertid

224 1627 92 30 trott
355 1621 55 47 sig
440 1621 111 43 finna,
579 1624 53 29 att
660 1617 45 36 de
732 1616 40 36 af
795 1617 230 34 motionären
1054 1612 224 37 framhållna
1306 1609 234 38 önskemålen
1569 1608 81 36 icke
1676 1608 157 35 lemnats

226 1670 206 48 opåaktade
471 1670 64 36 vid
562 1666 309 48 genomförandet
898 1664 39 36 af
961 1665 71 35 den
1059 1677 51 22 nu
1138 1661 197 38 bestående
1362 1660 299 47 organisationen
1690 1657 40 36 af
1752 1658 82 34 uni-

226 1723 207 42 versiteten,
474 1733 61 22 om
575 1726 46 28 än
662 1718 63 35 det
764 1722 81 39 sätt,
884 1715 142 46 hvarpå
1065 1727 86 22 man
1192 1713 83 35 sökt
1314 1711 196 47 tillgodose
1538 1709 93 42 dem,
1659 1708 97 36 varit
1783 1712 52 30 ett

227 1777 114 31 annat
367 1779 46 27 än
442 1771 61 35 det
530 1769 40 36 af
593 1769 234 35 motionären
854 1765 216 44 förordade;
1098 1764 67 35 och
1193 1763 180 35 utskottet
1401 1761 67 35 har
1485 1760 80 36 icke
1584 1771 133 34 genom
1736 1757 99 36 hvad

227 1825 8 34 i
279 1823 190 35 motionen
509 1819 140 37 anförts
690 1818 126 36 funnit
855 1818 55 46 sig
938 1814 237 50 öfvertygadt
1203 1826 60 23 om
1291 1810 403 47 ändamålsenligheten
1723 1807 113 45 deraf,

228 1879 54 30 att
309 1873 69 36 den
406 1870 282 47 ifrågavarande
715 1877 295 38 ämnesgruppen
1037 1865 134 37 blifver
1199 1865 117 45 enligt
1343 1864 12 35 i
1377 1862 187 36 motionen
1585 1859 144 49 antydd
1748 1859 86 47 plan

205 1923 207 37 -inordnad
452 1921 112 37 bland
604 1919 122 48 öfriga
765 1920 102 35 inom
907 1918 45 35 de
979 1917 202 35 filosofiska
1207 1914 251 36 fakulteterna
1485 1912 61 36 vid
1576 1911 260 35 universiteten

221 1973 222 38 företrädda
482 1974 225 41 läroämnen,
760 1970 140 36 hvilket
946 1968 119 35 skulle
1109 1965 168 37 medföra
1322 1977 44 22 en
1406 1963 181 44 väsentlig
1628 1961 210 45 omgestalt-

229 2026 91 44 ning
359 2023 39 36 af
434 2022 280 36 universitetens
754 2018 216 38 nuvarande
998 2017 261 45 organisation.
1315 2014 57 35 Då
1399 2014 179 35 utskottet
1605 2011 126 36 vidare
1758 2011 80 34 icke

230 2078 120 33 finner
398 2073 61 35 det
511 2085 87 23 vara
651 2071 40 35 af
742 2071 228 34 motionären
1026 2067 133 43 utredt,
1217 2066 149 35 hvilken
1419 2063 176 43 ställning
1648 2061 44 35 de
1746 2060 92 36 före-

233 2127 127 44 slagna
399 2136 74 35 nya
514 2121 276 48 professurerna
829 2119 212 46 lämpligast
1080 2117 118 35 skulle
1239 2114 138 37 erhålla
1410 2115 9 34 i
1451 2111 232 37 förhållande
1711 2111 57 35 till
1796 2110 44 35 de

232 2175 231 48 professurer
503 2174 8 33 i
552 2170 280 46 närbeslägtade
874 2176 142 36 ämnen,
1057 2180 78 23 som
1176 2165 114 36 redan
1325 2166 119 34 finnas
1476 2162 62 37 vid
1569 2162 270 41 universiteten,
