2238 2620
750 183 229 28 Statsutskottets
1007 183 153 29 Utlåtande
1183 184 58 28 N:o
1266 184 25 28 9.
1766 184 57 28 257

227 261 89 33 1900
344 258 134 46 bevilja
506 258 78 37 dels
612 259 56 35 till
694 258 251 47 förstärkning
972 259 40 36 af
1035 258 311 38 lärarekrafterna
1372 259 61 36 vid
1457 259 170 37 tekniska
1654 260 129 36 skolan
1813 261 11 34 i

219 307 217 38 Stockholm
464 311 109 41 2,09009
605 310 145 43 kronor,
778 309 76 37 dels
882 310 57 35 till
966 310 114 47 inköp
1109 311 68 36 och
1209 310 196 37 underhåll
1438 309 41 37 af
1502 311 225 36 inventarier
1755 311 68 36 och

218 359 453 46 undervisningsmateriel
706 360 62 36 vid
803 361 131 35 skolan
970 364 129 41 10,750
1127 362 148 45 kronor,
1303 362 90 35 eller
1419 361 244 36 tillsammans
1695 365 128 41 12,750

217 410 147 36 kronor.

319 511 197 45 Utskottet,
545 525 79 23 som
651 512 81 37 icke
759 513 67 35 har
852 513 114 49 något
993 518 55 31 att
1066 514 120 35 erinra
1205 519 79 30 mot
1298 512 133 49 Kongl.
1448 513 118 48 Maj:ts
1580 512 244 38 förevarande

217 561 285 47 framställning,
529 562 222 45 hemställer,

720 670 54 30 att
801 664 210 49 Riksdagen
1041 665 58 36 må
1126 673 47 40 på
1201 671 106 32 extra
1335 671 74 31 stat
1434 665 58 37 för
1518 666 41 36 år
1582 669 94 34 1900
1696 667 128 35 anvisa

720 714 36 47 a)
783 716 58 35 till
875 715 253 47 förstärkning
1162 716 40 36 af
1229 715 309 38 lärarekrafterna
1564 716 63 37 vid
1655 717 169 36 tekniska

620 766 130 36 skolan
777 767 11 35 i
816 765 215 38 Stockholm
1060 770 106 41 2,000
1196 768 147 44 kronor,
1370 774 95 29 samt

720 817 39 42 b)
785 817 57 35 till
870 818 114 46 inköp
1004 817 67 37 och
1089 817 199 37 underhåll
1307 817 41 37 af
1363 818 224 37 inventarier
1606 818 68 36 och
1695 818 128 37 under-

618 867 332 47 visningsmateriel
976 868 62 36 vid
1067 869 130 35 skolan
1230 872 130 41 10,750
1387 869 150 42 kronor,

720 919 88 36 eller
834 919 243 36 tillsammans
1109 921 129 42 12,750
1267 920 148 35 kronor.

318 1019 97 45 91:0)
455 1019 84 37 Med
579 1019 202 49 anledning
821 1019 41 36 af
898 1019 133 47 Kongl.
1071 1020 119 48 Maj:ts
1230 1020 128 37 derom
1389 1021 132 46 gjorda
1546 1020 275 48 framställning

216 1069 212 37 hemställer
456 1071 189 44 utskottet,

718 1127 54 30 att
799 1121 219 47 Riksdagen,
1044 1123 12 34 i
1088 1122 119 36 likhet
1234 1122 83 36 med
1346 1123 97 36 hvad
1470 1122 58 37 för
1555 1123 87 36 åren
1677 1126 142 34 1896—

620 1174 92 34 1899
742 1177 61 41 egt
829 1186 93 29 rum,
951 1172 61 36 må
1038 1173 59 35 till
1124 1174 195 35 understöd
1346 1173 36 35 åt
1409 1174 98 47 lägre
1530 1174 157 36 tekniska
1704 1175 117 45 yrkes-

616 1222 117 36 skolor
774 1223 68 36 och
882 1223 58 35 till
978 1223 237 36 bestridande
1256 1223 41 36 af
1328 1224 198 36 kostnader
1552 1223 59 37 för
1638 1223 104 37 deras
1770 1225 52 35 in-

617 1273 171 46 spektion
814 1273 49 48 på
890 1278 106 31 extra
1023 1279 72 30 stat
1122 1273 58 36 för
1208 1274 40 35 år
1279 1276 94 34 1900
1402 1275 127 35 anvisa
1557 1280 52 31 ett
1636 1275 128 46 anslag
1783 1274 41 36 af

616 1326 132 42 45,000
776 1324 147 44 kronor,
952 1324 118 36 under
1096 1325 122 35 vilkor
1246 1330 54 30 att
1324 1325 62 36 det
1403 1325 140 46 bidrag,
1564 1339 79 22 som
1662 1324 40 37 af
1717 1325 103 37 dessa

615 1373 120 36 medel
775 1374 166 36 kommer
980 1380 56 30 att
1075 1375 183 36 utbetalas
1297 1376 59 35 till
1396 1375 203 37 understöd
1634 1375 36 36 åt
1706 1376 113 36 sådan

614 1425 113 44 skola,
768 1425 80 35 icke
881 1424 56 37 får
973 1424 200 48 öfverstiga
1209 1425 97 36 hvad
1335 1426 278 37 vederbörande
1640 1427 179 36 kommun

615 1475 158 36 kontant
799 1476 202 46 tillskjuter
1027 1475 58 37 för
1113 1476 140 36 skolan.

666 1625 286 45 Gymnastiska
981 1627 388 36 centralinstitutet.

315 1728 97 43 92:0)
453 1726 132 46 Kongl.
621 1727 102 45 Maj:t
758 1728 66 35 har
860 1727 191 46 föreslagit
1082 1728 209 46 Riksdagen
1321 1735 53 29 att
1400 1729 57 35 till
1485 1729 195 35 aflönande
1707 1729 40 36 af
1771 1743 43 22 en

213 1783 98 29 extra
340 1777 122 35 lärare
497 1777 13 35 i
536 1777 280 48 sjukgymnastik
844 1779 61 35 vid
928 1779 246 47 gymnastiska
1202 1779 309 36 centralinstitutet
1541 1779 46 47 på
1614 1786 104 29 extra
1745 1785 71 30 stat

212 1826 57 36 för
295 1826 41 36 år
367 1829 94 34 1900
489 1827 135 46 bevilja
651 1832 52 31 ett
730 1829 127 45 anslag
884 1827 40 37 af
950 1830 105 43 2,500
1083 1829 147 36 kronor.

312 1878 73 35 Till
413 1877 61 36 det
500 1878 11 35 i
539 1878 151 36 ärendet
716 1878 108 36 förda
850 1878 362 48 statsrådsprotokoll
1243 1880 65 35 har
1337 1879 402 48 departementschefen
1764 1894 50 23 er-

212 1928 105 44 inrat,
353 1933 56 30 att
448 1928 111 36 sedan
600 1929 231 36 direktionen
871 1929 103 36 öfver
1013 1931 253 47 gymnastiska
1301 1931 327 35 centralinstitutet
1665 1932 8 33 i
1710 1930 104 36 skrif-

211 1979 97 35 velse
334 1979 59 34 till
420 1978 133 46 Kongl.
581 1979 102 47 Maj:t
710 1979 69 36 den
813 1983 40 33 12
883 1980 156 36 oktober
1070 1983 92 34 1897
1188 1981 99 47 gjort
1314 1980 274 46 framställning
1607 1994 59 22 om
1687 1982 128 45 anslag

212 2029 56 35 till
295 2028 195 36 aflönande
517 2028 41 36 af
580 2030 214 46 ytterligare
822 2043 43 22 en
894 2031 118 34 lärare
1040 2031 10 35 i
1074 2031 294 45 sjukgymnastik
1389 2031 62 36 vid
1472 2032 192 43 institutet,
1683 2031 131 45 Kongl.

213 2078 99 46 Maj:t
338 2077 190 49 föreslagit
555 2085 121 30 senast
703 2079 222 37 församlade
953 2080 162 46 Riksdag
1143 2085 54 31 att
1223 2080 57 36 för
1308 2081 210 36 ändamålet
1538 2082 132 45 bevilja
1692 2087 51 30 ett
1763 2082 51 35 år-

212 2130 68 46 ligt
305 2129 130 45 anslag
466 2128 39 36 af
530 2133 105 40 2,500
666 2130 145 35 kronor.

312 2178 208 46 Riksdagen
555 2179 95 36 hade
685 2180 212 45 visserligen
932 2179 124 37 funnit
1091 2179 97 36 hvad
1221 2180 230 37 direktionen
1481 2181 56 35 till
1565 2181 81 36 stöd
1675 2180 58 36 för
1759 2181 52 35 sin

212 2229 155 37 berörda
393 2228 274 48 framställning
685 2229 124 37 anfört
827 2230 236 47 ädagalägga,
1083 2236 56 30 att
1156 2230 312 49 undervisningen
1488 2232 11 34 i
1519 2231 292 48 sjukgymnastik

311 2293 62 25 Bik.
394 2292 42 26 till
458 2292 91 26 Riked.
574 2292 70 27 Prot.
665 2293 77 26 1899.
779 2293 16 26 4
815 2293 83 26 Saml.
939 2295 12 23 1
972 2293 62 33 Afd
1076 2294 19 25 9
1115 2293 81 32 Häft.
1681 2294 32 25 33

1843 1033 58 27 Ang.
1921 1030 84 31 anslag

1863 1064 35 23 till
1915 1065 68 30 lägre

1868 1099 107 22 tekniska

1840 1132 159 29 yrkesskolor.

1876 1172 89 48 [74]

1839 1747 58 26 Ang,
1917 1746 83 31 anslag

1877 1780 35 22 till
1930 1787 27 15 en

1835 1817 69 18 extra
1922 1814 83 22 lärare

1872 1848 8 20 i
1897 1847 63 30 sjuk-

1843 1881 138 28 gymnastik.

1870 1920 91 48 [75.]
