2226 2616
406 185 67 29 324
940 185 228 29 Statsutekottets
1197 185 153 29 Utlåtande
1372 186 57 28 N:o
1451 187 27 28 9.

516 257 115 47 133:o0)
661 260 14 35 I
704 273 45 23 en
777 261 100 35 inom
905 259 135 37 Andra
1070 261 221 36 Kammaren
1319 263 108 35 väckt
1452 263 142 35 motion
1621 261 73 47 (n:o
1729 261 83 47 154)
1841 264 66 36 har
1933 265 84 36 herr

412 310 40 36 0.
496 309 40 37 G.
576 311 157 43 Eklund,
775 310 82 37 med
897 311 151 37 hvilken
1087 312 63 37 två
1190 312 118 36 andra
1343 312 203 37 ledamöter
1573 312 40 37 af
1638 314 163 36 nämnda
1828 315 188 37 kammare

410 360 147 37 förenat
583 361 62 46 sig,
680 360 199 49 föreslagit,
915 367 54 31 att
996 362 210 48 Riksdagen
1235 363 114 36 måtte
1376 363 47 48 på
1451 369 105 31 extra
1583 369 71 31 stat
1680 364 59 36 för
1765 364 40 36 år
1835 368 94 33 1900
1957 379 59 22 an-

410 412 79 35 visa
529 416 51 31 ett
617 412 137 47 belopp
795 410 40 37 af
870 415 106 41 5,000
1004 413 138 36 kronor
1169 418 55 30 att
1251 414 126 35 ställas
1404 414 58 35 till
1491 414 131 46 Kongl.
1649 414 120 49 Maj:ts
1796 414 219 47 förfogande

408 461 60 37 för
504 467 63 39 att,
603 462 115 47 enligt
759 462 131 48 Kongl.
931 463 118 46 Maj:ts
1091 463 286 45 bestämmande,
1414 464 190 36 användas
1638 466 58 35 till
1735 465 206 48 främjande
1977 466 41 36 af

410 511 167 47 Sveriges
604 512 223 48 deltagande
858 514 54 34 uti
953 514 70 36 den
1063 514 12 35 i
1115 514 181 36 samband
1336 515 82 36 med
1455 515 389 47 verldsutställningen
1873 517 11 35 i
1911 517 104 36 Paris

411 563 39 36 år
495 564 94 35 1900
625 562 215 37 anordnade
878 564 229 46 utställning,
1152 564 85 37 med
1273 565 153 48 uppgift
1462 571 55 30 att
1543 567 123 35 lemna
1694 580 44 22 en
1767 566 248 47 öfverskådlig

409 612 275 48 framställning
724 613 41 36 af
801 614 396 47 nykterhetsrörelsens
1234 616 11 35 i
1282 616 73 35 alla
1390 616 227 37 civiliserade
1649 617 129 37 länder
1804 618 211 46 uppkomst,

411 664 224 46 utveckling,
662 664 232 36 närvarande
921 666 176 45 ställning
1124 666 69 35 och
1222 667 164 35 resultat.

510 714 17 35 I
566 713 103 47 fråga
709 728 62 22 om
811 715 44 36 de
890 716 89 44 skäl,
1016 716 138 47 hvarpå
1182 716 123 37 denna
1331 717 219 36 hemställan
1578 717 190 46 grundats,
1796 718 137 36 tillåter
1960 719 55 46 sig

410 765 180 36 utskottet
616 765 154 36 hänvisa
796 766 57 35 till
880 767 199 36 motionen.

510 848 57 36 Då
585 849 119 36 medel
723 848 59 37 för
809 848 166 47 Sveriges
1004 850 221 47 deltagande
1252 852 9 34 i
1295 853 93 34 1900
1416 851 58 36 års
1501 852 346 47 verldsutställning
1874 853 11 35 i
1913 852 101 37 Paris

409 898 127 37 blifvit
550 898 39 36 af
599 899 211 47 Riksdagen
824 900 184 46 beviljade
1022 901 68 35 och
1107 901 207 37 sedermera
1327 903 57 35 till
1399 901 227 47 förvaltning
1640 902 262 37 öfverlemnats
1918 903 37 36 åt
1969 917 44 23 en

409 948 43 37 af
467 948 133 47 Kongl.
627 950 103 47 Maj:t
756 951 131 35 tillsatt
914 951 147 45 komité,
1090 957 95 30 samt
1213 953 179 36 utskottet
1417 953 81 35 icke
1517 966 106 23 anser
1642 954 78 35 skäl
1739 953 199 37 förefinnas
1957 954 58 36 för

408 999 210 48 Riksdagen
659 1006 55 30 att
754 1001 135 47 bevilja
924 1001 115 46 något
1074 1002 174 36 särskildt
1275 1004 126 45 anslag
1427 1002 59 37 för
1512 1003 63 36 det
1601 1003 40 36 af
1664 1004 231 37 motionären
1924 1018 90 35 upp-

408 1049 106 46 gifna
542 1051 217 45 ändamålet,
787 1051 55 36 får
869 1053 181 35 utskottet
1075 1053 204 44 hemställa,

911 1142 56 30 att
1005 1136 85 36 herr
1130 1136 169 37 Eklunds
1337 1137 241 37 förevarande
1617 1139 142 36 motion
1796 1139 29 46 ej
1863 1139 59 36 må
1958 1140 56 35 till

811 1186 123 46 någon
962 1187 227 48 Riksdagens
1217 1187 130 46 åtgärd
1374 1187 201 38 föranleda.

208 1295 58 28 Ang.
278 1294 83 30 anslag
371 1295 35 22 till
513 1284 119 48 134:0)
676 1285 54 37 Af
766 1286 403 48 statsrådsprotokollet
1194 1289 193 45 inhemtas,
1414 1293 55 31 att
1495 1290 265 36 statskontoret
1785 1291 13 35 i
1825 1290 189 37 skrifvelse

207 1331 145 54 mma
381 1326 103 65 ”till
493 1336 132 47 Kongl.
652 1336 103 47 Maj:t
782 1337 69 37 den
880 1340 46 34 30
953 1339 202 36 november
1187 1341 92 35 1898
1307 1340 58 35 till
1392 1341 202 45 ersättning
1620 1341 142 35 anmält
1787 1341 129 43 medel,
1935 1354 79 23 som

255 1401 112 49 [114].
407 1387 58 35 till
493 1386 72 37 den
592 1386 39 37 af
653 1386 137 47 Kongl.
819 1387 101 47 Maj:t
946 1388 71 36 den
1046 1393 20 31 4
1090 1389 83 47 juni
1205 1392 92 34 1897
1326 1390 154 36 tillsatta
1505 1391 130 35 komité
1651 1391 66 47 för
1739 1391 214 48 afgifvande
1972 1392 46 47 af

407 1437 219 36 betänkande
666 1438 60 36 och
747 1438 148 49 förslag
928 1439 183 46 angående
1139 1440 232 48 afskaffande
1398 1442 82 34 eller
1513 1441 266 36 inskränkande
1810 1442 44 46 af
1882 1443 133 35 lärare-

402 1487 158 47 profven
591 1502 43 21 m.
666 1502 46 22 m.
746 1489 273 44 statskontoret,
1051 1489 47 47 på
1128 1490 124 46 grund
1288 1490 41 36 af
1351 1492 122 47 kongl.
1510 1490 152 38 brefven
1690 1491 41 36 af
1753 1492 163 36 nämnda
1942 1493 72 45 dag

407 1538 68 35 och
519 1538 69 36 den
630 1541 43 34 26
716 1540 157 45 augusti,
909 1540 71 36 den
1009 1544 20 32 8
1058 1541 155 36 oktober
1232 1542 67 35 och
1328 1541 70 37 den
1426 1545 19 33 3
1476 1541 192 37 december
1699 1546 92 34 1897
1822 1548 94 31 samt
1942 1543 71 37 den

409 1591 44 33 13
496 1589 84 47 maj,
619 1588 70 37 den
732 1592 46 34 20
818 1590 71 46 maj
932 1591 66 35 och
1041 1591 69 36 den
1152 1595 42 32 12
1229 1592 146 46 augusti
1405 1595 104 42 1898,
1538 1592 40 36 af
1600 1591 58 38 för
1685 1593 141 37 händer
1851 1594 163 37 varande

406 1639 123 36 medel
554 1638 232 38 förskottsvis
813 1641 168 44 utbetalt,
1008 1642 199 47 nemligen:

406 1707 462 46 resekostnadsersättning
907 1709 69 35 och
1012 1709 248 36 traktamente
1296 1715 94 30 samt
1422 1709 178 38 arfvoden
1626 1711 60 35 till

508 1758 182 35 komiténs
719 1757 226 38 ordförande
972 1759 68 36 och
1068 1759 204 37 ledamöter
1291 1753 25 55 .
1344 1792 2 2 .
1432 1792 104 4 osce.ocvs
1599 1793 15 5 on.
1725 1762 53 35 kr.
1807 1764 116 42 4,029:
1954 1766 43 33 65

406 1809 205 45 ersättning
645 1809 58 35 till
730 1809 65 35 två
825 1809 204 36 ledamöter
1055 1810 12 35 i
1093 1811 166 35 komitén
1285 1810 58 36 för
1369 1811 177 46 mistning
1573 1811 41 36 af
1636 1811 49 36 af-

507 1859 335 46 löningsförmåner
974 1892 2 2 .
1242 1893 27 5 va
1398 1894 104 2 a
1750 1878 4 6 »
1845 1866 79 33 118:
1956 1867 41 32 13

406 1908 179 37 arfvoden
613 1909 38 36 åt
676 1910 162 36 vikarier
863 1910 58 36 för
947 1911 203 36 ledamöter
1176 1912 12 35 i
1215 1912 165 35 komitén
1746 1932 6 9 >»
1843 1915 80 35 539:
1953 1917 45 33 70

405 1959 153 36 arfvode
584 1960 57 36 till
667 1961 184 36 komiténs
879 1962 222 35 sekreterare
1182 1994 2 2 —.
1262 1994 2 2 ..
1738 1975 12 15 >
1809 1967 113 41 1,779:
1952 1967 44 33 59

405 2011 59 35 till
491 2010 235 37 bestridande
754 2011 42 36 af
818 2011 186 46 tillfälliga
1021 2011 153 47 utgifter
1230 2046 14 2 =.
1296 2046 80 2 00000
1440 2044 26 4 oc
1530 2044 70 4 oc
1745 2027 7 15 »
1841 2017 82 33 500:
1952 2035 18 3 —

405 2061 58 35 till
491 2061 197 36 kostnader
714 2061 60 36 för
799 2063 198 45 tryckning
1025 2062 40 36 af
1088 2063 184 36 komiténs
1304 2063 231 36 betänkande
1740 2078 12 15 >
1842 2067 81 34 905:
1953 2068 44 32 20

1410 2131 89 36 eller
1525 2131 159 45 tillhopa
1723 2132 53 35 kr.
1805 2135 118 41 7,872:
1954 2135 56 33 27.

507 2178 14 36 I
548 2179 213 48 ytterligare
789 2179 188 37 skrifvelse
1005 2179 40 36 af
1070 2194 140 22 samma
1238 2180 72 46 dag
1336 2180 94 37 hade
1450 2182 264 35 statskontoret
1732 2183 57 34 till
1809 2183 202 44 ersättning

404 2230 140 35 anmält
578 2229 130 45 medel,
751 2243 79 23 som
870 2231 58 35 till
968 2231 70 36 den
1079 2230 40 37 af
1155 2231 134 47 Kongl.
1327 2231 100 48 Maj:t
1454 2232 69 36 den
1554 2235 40 33 21
1626 2232 73 47 maj
1733 2236 91 34 1897
1854 2233 156 35 tillsatta
