2244 2618
759 173 227 29 Statsutskottets
1016 174 151 28 Utlåtande
1190 173 57 40 N:o
1271 173 26 28 9.
1792 171 38 28 25

229 271 42 3 -—
311 251 40 35 år
392 253 90 33 1877
523 270 47 4 —
606 256 89 30 utan
736 255 54 31 att
826 250 165 36 deremot
1027 250 121 46 någon
1188 254 77 31 röst
1304 248 108 48 höjts,
1452 248 154 36 inrättat
1645 260 44 23 en
1730 246 102 49 dylik

225 303 95 47 plats
360 301 59 36 för
457 300 417 46 handskriftsamlingen
910 300 64 37 vid
1010 301 124 46 kongl.
1167 300 216 36 biblioteket
1410 299 12 35 i
1450 297 226 46 Stockholm,
1716 297 116 36 ehuru

225 353 121 36 denna
380 352 160 46 samling
575 352 63 36 vid
671 352 70 36 den
768 352 102 36 tiden
898 352 205 46 säkerligen
1131 351 31 48 ej
1192 351 136 36 hunnit
1355 363 63 23 ens
1445 350 59 35 till
1531 348 139 37 hälften
1698 347 40 37 af
1762 348 70 36 den

224 403 148 43 storlek,
414 415 79 24 som
535 402 137 49 Upsala
712 403 433 35 universitetsbiblioteks
1173 400 371 46 handskriftsamling
1578 412 51 24 nu
1664 398 169 49 uppnått,

225 454 161 36 förutom
408 459 54 30 att
481 453 118 36 denna
621 466 127 23 senare
766 454 159 35 sträckte
943 454 57 45 sig
1019 452 102 37 öfver
1139 452 88 36 vida
1245 453 87 35 flere
1349 451 279 46 vetenskapliga
1647 449 186 36 områden.

326 503 169 37 Härefter
513 503 169 37 fortsatte
700 504 297 36 bibliotekarien:
1019 503 106 36 äfven
1150 517 44 22 ur
1217 502 118 36 andra
1358 502 231 48 synpunkter
1608 500 80 37 sedt
1706 500 128 49 gjorde

225 556 55 45 sig
320 555 174 37 behofvet
530 555 40 35 af
602 568 44 23 en
682 568 51 35 ny
768 555 77 35 vice
880 555 357 47 bibliotekarieplats
1273 553 181 46 gällande.
1507 551 183 37 Särskildt
1721 551 115 36 borde

224 606 216 36 framhållas
477 605 70 36 den
584 612 100 29 stora
720 606 125 45 vigten
879 605 41 36 af
949 611 55 30 att
1031 605 146 47 dugligt
1202 604 77 36 folk
1308 603 142 36 bundes
1478 602 62 37 vid
1568 602 267 43 institutionen,

224 658 142 35 hvilket
393 658 29 45 ej
454 669 86 23 vore
567 657 145 46 möjligt
738 657 11 35 i
778 656 172 47 längden,
979 656 119 36 derest
1124 669 90 22 man
1242 655 43 47 ej,
1315 667 133 35 genom
1468 653 248 48 tillskapande
1735 652 39 37 af
1789 666 45 22 en

224 721 61 32 ny,
311 708 115 45 något
453 708 119 35 bättre
599 706 146 37 aflönad
773 707 104 46 plats,
907 706 171 49 öppnade
1105 707 115 45 utsigt
1246 706 59 35 till
1331 704 199 37 befordran
1558 704 59 36 för
1642 703 95 46 dem,
1756 716 78 23 som

224 772 51 34 nu
311 760 11 34 i
358 759 45 35 de
436 759 102 45 lägre
570 758 180 46 graderna
776 758 147 46 tjenade
949 757 59 36 för
1035 770 45 24 en
1107 756 104 49 långt
1238 755 95 36 ifrån
1360 756 202 45 tillräcklig
1589 755 71 35 lön.
1713 754 84 36 Men
1824 755 10 34 i

225 808 229 37 sistnämnda
495 808 205 37 hänseende
739 821 88 23 vore
868 808 63 36 det
966 807 59 37 för
1060 807 232 37 närvarande
1325 806 104 46 långt
1456 805 96 36 ifrån
1579 805 60 36 väl
1665 804 171 37 bestäldt.

226 860 125 36 Under
379 860 294 44 bibliotekarien,
701 872 77 23 som
805 859 140 47 åtnjöte
974 858 268 47 professorslön
1271 857 66 36 och
1357 856 139 37 således
1515 869 87 23 vore
1620 856 216 46 tillräckligt

225 911 157 44 aflönad,
421 909 135 37 funnes
590 923 51 22 nu
679 923 43 23 en
750 910 77 35 vice
856 910 267 37 bibliotekarie,
1158 921 79 23 som
1265 908 95 35 blott
1387 907 138 46 åtnjöte
1553 910 107 41 4,000
1688 907 147 35 kronor.

224 961 73 36 För
336 974 294 23 amanuenserna
667 960 161 48 förelåge
868 973 52 23 nu
961 960 71 36 den
1068 960 153 45 möjliga
1256 959 171 45 utsigten,
1456 963 54 30 att
1536 957 121 48 någon
1687 956 40 36 af
1752 957 82 36 dem

224 1012 124 36 kunde
384 1013 11 35 i
430 1011 202 36 framtiden
672 1011 114 36 varda
818 1010 201 37 befordrad
1055 1011 55 35 till
1144 1023 45 23 en
1223 1008 40 37 af
1287 1009 104 36 dessa
1417 1010 149 45 platser,
1594 1008 116 36 ehuru
1739 1007 96 36 hvad

224 1063 417 46 bibliotekarietjensten
669 1063 157 45 anginge
852 1062 162 47 utsigten
1042 1060 202 48 ingalunda
1266 1073 88 23 vore
1372 1060 115 44 säker,
1507 1058 239 37 alldenstund
1765 1057 71 46 det,

224 1114 85 35 med
344 1114 145 43 hänsyn
524 1114 58 35 till
608 1114 163 45 platsens
799 1119 100 30 stora
925 1113 89 47 vigt,
1042 1112 68 36 lätt
1136 1113 73 34 läte
1236 1111 114 36 tänka
1376 1111 65 48 sig,
1470 1116 54 30 att
1551 1123 86 22 man
1664 1108 62 38 vid
1755 1109 81 36 dess

225 1164 214 36 besättande
466 1165 148 35 komme
641 1170 54 29 att
721 1170 86 39 taga
834 1177 45 22 en
906 1175 136 35 person
1069 1169 103 30 utom
1196 1162 268 36 institutionen.
1504 1160 216 37 Emellertid
1738 1160 99 45 finge

226 1214 103 37 dessa
365 1228 252 30 amanuenser,
656 1214 116 36 under
803 1214 70 36 den
907 1214 133 36 osäkra
1066 1218 140 31 väntan
1235 1212 48 47 på
1310 1225 44 23 en
1383 1212 105 48 dylik
1515 1210 208 43 befordran,
1751 1211 87 46 nöja

225 1267 55 44 sig
307 1266 84 35 med
419 1271 55 30 att
501 1266 118 35 under
646 1278 44 23 en
718 1271 77 29 stor
822 1265 60 36 del
909 1263 41 37 af
966 1265 64 34 sitt
1048 1263 52 46 lif,
1115 1264 41 47 ja
1175 1264 139 35 kanske
1335 1263 117 35 under
1471 1262 85 36 hela
1573 1260 113 44 lifvet,
1706 1266 132 30 stanna

225 1316 61 35 vid
315 1315 138 37 sådana
480 1317 104 35 löner
612 1328 78 23 som
721 1318 115 42 2,500,
866 1318 107 42 2,000
1002 1315 68 35 och
1102 1317 106 42 1,506
1237 1315 148 41 kronor,
1412 1313 137 44 hvilka,
1573 1313 11 35 i
1607 1311 231 37 förhållande

225 1367 57 35 till
322 1379 243 34 personernas
604 1365 293 46 bildningsgrad,
939 1365 355 44 samhällsställning
1329 1364 68 35 och
1430 1364 134 44 arbete,
1592 1362 114 36 måste
1733 1374 104 24 anses

226 1431 88 22 vara
341 1416 88 49 föga
455 1416 351 37 tillfredsställande.
860 1415 440 46 Lärarebefattningarna
1326 1414 63 36 vid
1408 1414 113 36 rikets
1541 1414 188 35 allmänna
1747 1414 91 35 läro-

225 1468 89 36 verk
355 1468 149 46 erbjöde
544 1467 86 36 vida
664 1468 120 35 bättre
820 1467 242 36 ekonomiska
1098 1467 164 45 utsigter.
1314 1465 85 36 Men
1432 1465 62 36 det
1525 1464 115 36 måste
1662 1465 43 44 ju
1733 1477 104 23 anses

226 1519 163 45 önskligt
428 1519 69 35 och
538 1518 187 46 behöfligt,
765 1523 53 30 att
857 1518 217 35 biblioteket
1110 1516 127 36 kunde
1266 1516 62 36 vid
1357 1517 54 45 sig
1438 1514 98 37 fästa
1561 1527 175 34 personer
1762 1515 75 35 lika

227 1569 174 46 dugande
428 1582 79 22 som
535 1569 54 43 de,
617 1569 128 35 hvilka
772 1569 103 35 sökte
903 1569 226 46 anställning
1156 1568 64 36 vid
1247 1567 228 35 läroverken.
1519 1566 111 35 Detta
1658 1565 93 35 hade
1770 1565 64 35 ock

226 1620 131 35 hittills
393 1620 12 35 i
442 1619 62 36 det
539 1620 80 36 hela
655 1620 153 47 lyckats,
836 1619 46 35 då
910 1619 235 36 bibliotekets
1174 1617 234 36 verksamhet
1435 1616 147 36 utöfvat
1610 1628 43 24 en
1681 1616 154 35 särskild

226 1669 313 48 dragningskraft.
593 1669 83 36 Men
717 1669 61 36 det
817 1669 115 36 borde
972 1682 91 22 vara
1100 1668 147 48 tydligt,
1284 1673 54 29 att
1372 1680 61 22 om
1461 1668 10 34 i
1501 1667 158 45 längden
1692 1666 146 47 dugligt

225 1720 80 36 folk
340 1721 120 35 skulle
495 1721 129 34 kunna
660 1719 190 36 fasthållas
882 1719 49 46 på
957 1718 287 36 underordnade
1272 1719 136 46 platser
1436 1717 83 36 med
1547 1718 68 34 allt
1640 1716 58 36 för
1724 1728 114 34 svaga

225 1770 280 44 löneförmåner,
533 1769 233 37 erfordrades
794 1769 233 43 åtminstone,
1055 1775 55 29 att
1138 1769 114 45 utsigt
1279 1767 175 37 bereddes
1481 1766 275 37 vederbörande
1783 1772 54 30 att

225 1822 174 47 slutligen
435 1821 186 48 förflyttas
647 1821 57 34 till
732 1821 119 34 bättre
878 1821 161 45 tjenster.
1092 1818 79 37 Och
1199 1819 109 45 ingen
1337 1818 124 36 kunde
1488 1818 60 35 väl
1575 1823 57 30 tro
1661 1817 62 36 det
1749 1830 88 23 vara

225 1871 58 37 för
322 1871 201 36 framtiden
563 1871 146 47 möjligt
749 1876 53 30 att
842 1871 141 35 erhålla
1020 1870 67 35 och
1121 1869 187 36 bibehålla
1335 1868 231 37 akademiskt
1597 1867 145 36 bildade
1769 1868 66 35 och

226 1923 179 44 skickliga
432 1934 184 36 personer,
644 1935 58 22 om
732 1921 44 35 de
802 1921 92 35 först
922 1921 121 35 skulle
1071 1921 10 34 i
1109 1925 54 30 ett
1189 1920 108 35 tiotal
1321 1919 41 35 af
1377 1919 38 35 år
1435 1918 278 47 genomvandra
1732 1924 106 30 extra

226 1972 185 36 ordinarie
438 1972 341 46 amanuensgraden
811 1972 81 35 med
921 1970 190 44 arfvoden,
1139 1970 169 47 stigande
1326 1969 82 36 från
1431 1973 71 32 350
1521 1969 59 35 till
1601 1972 69 32 950
1689 1969 148 43 kronor,

227 2023 123 45 derpå,
378 2036 59 22 om
466 2023 135 46 lyckan
630 2035 86 22 vore
744 2021 81 36 dem
854 2034 167 35 gynsam,
1048 2021 119 34 under
1195 2027 52 29 ett
1270 2020 163 46 följande
1452 2020 105 34 tiotal
1577 2018 41 36 af
1632 2018 39 36 år
1690 2031 148 35 genom-

227 2073 47 45 gå
306 2073 185 34 ordinarie
532 2072 354 44 amanucnsgraden,
929 2070 169 36 aflönade
1143 2071 84 35 med
1273 2071 266 42 1,500—2,500
1582 2070 147 41 kronor,
1770 2070 66 34 och

228 2124 8 33 i
271 2123 218 47 lyckligaste
518 2122 66 36 fall
614 2121 189 37 befordras
830 2122 56 34 till
927 2121 267 42 bibliotekarie,
1235 2120 133 35 medan
1410 2119 60 35 det
1513 2119 94 35 dock
1648 2131 87 23 vore
1771 2119 67 35 allt

227 2172 57 36 för
311 2173 154 46 möjligt,
494 2178 55 29 att
578 2185 75 22 mer
681 2179 43 28 än
755 2184 44 22 en
828 2171 119 35 under
974 2171 82 35 hela
1083 2172 63 33 sitt
1175 2170 44 35 lif
1243 2170 121 45 aldrig
1390 2170 127 34 hunne
1546 2181 62 23 ens
1634 2169 58 35 till
1712 2182 42 22 en
1776 2170 59 34 lön

227 2223 40 35 af
295 2224 105 42 2,500
430 2223 148 34 kronor.
631 2221 300 48 Uppenbarligen
960 2222 120 34 skulle
1106 2219 62 37 vid
1194 2233 43 22 en
1259 2227 76 28 stor
1353 2220 258 45 vetenskaplig
1629 2219 205 35 institution

327 2286 64 24 Bih.
412 2285 42 25 till
474 2285 95 25 Riksd.
593 2285 69 25 Prot.
687 2285 74 25 1899.
799 2284 18 25 5
837 2284 86 26 Saml.
961 2285 15 24 1
996 2284 66 32 Afd.
1098 2285 17 24 9
1134 2283 81 32 Häft.
1721 2283 15 23 4
