2222 2620
756 182 225 29 Statsutskottets
1009 180 152 30 Utlåtande
1185 180 56 28 N:o
1267 181 25 27 9.
1751 177 57 27 119

197 262 59 35 till
296 261 39 35 så
371 261 59 35 väl
466 260 138 36 storlek
632 273 79 23 som
738 261 79 34 titel
846 257 207 38 öfverfördt
1079 260 47 44 på
1152 256 275 43 läroanstalten,
1456 254 46 48 på
1529 252 121 49 grund
1678 252 135 37 hvaraf

197 311 233 37 fortfarande
457 312 58 35 till
541 310 279 37 föreståndaren
848 310 58 36 för
932 322 142 23 samma
1101 308 138 35 anstalt
1266 307 152 46 utginge
1450 310 53 31 ett
1537 304 109 46 ärligt
1682 304 128 45 anslag

199 362 40 36 af
271 365 72 33 300
380 363 139 35 kronor
553 361 58 36 för
647 362 117 36 ökade
800 360 165 47 göromål
1000 360 58 35 till
1088 358 92 47 följd
1209 357 40 36 af
1274 355 439 50 skeppsbyggeriskolans
1740 353 70 37 för-

199 414 111 46 ening
343 413 84 36 med
464 414 192 35 anstalten.
709 412 55 36 Då
800 413 117 45 enligt
944 411 196 49 styrelsens
1167 409 141 45 förslag
1335 406 296 38 föreståndarens
1658 406 152 35 lektors-

198 464 166 46 aflöning
404 464 118 36 skulle
560 464 105 47 höjas
705 463 84 36 med
834 465 105 42 1,000
980 463 146 42 kronor,
1169 460 116 36 borde
1321 458 164 36 nämnda
1511 456 152 37 arfvode
1690 456 20 35 å
1738 458 72 34 300

199 516 139 35 kronor
365 515 118 35 under
509 514 267 45 förutsättning
803 512 40 37 af
867 512 106 37 bifall
1000 513 59 35 till
1087 511 100 36 detta
1215 510 140 46 förslag
1382 510 30 47 ej
1442 510 128 46 längre
1597 507 98 46 utgå.

300 566 127 36 Lönen
466 565 58 36 för
566 565 196 36 lektorerna
799 567 134 42 ansåge
969 563 176 48 styrelsen
1178 562 91 35 böra
1296 560 103 48 höjas
1426 559 82 36 från
1538 560 106 43 3,500
1672 558 139 35 kronor

198 618 58 34 till
298 620 107 42 4,500
446 617 148 44 kronor,
630 615 108 36 äfven
772 615 85 36 med
893 615 142 47 hänsyn
1071 613 135 45 dertill,
1234 617 54 30 att
1314 612 212 35 lektorerna
1552 609 63 36 vid
1641 609 171 35 tekniska

199 668 205 46 högskolan
425 667 139 47 åtnjöte
584 680 43 22 en
647 667 175 47 aflöning,
850 678 78 23 som
955 678 88 23 vore
1065 663 191 47 jemförlig
1283 662 83 36 med
1394 662 89 36 eller
1510 659 202 46 öfverstege
1739 660 73 35 lek-

199 724 167 31 torernas
393 718 60 36 vid
483 717 237 36 Chalmerska
748 716 274 44 läroanstalten,
1051 715 116 37 ehuru
1197 713 45 36 de
1269 712 94 36 hade
1391 726 45 23 en
1460 712 184 45 betydligt
1667 710 145 36 mindre

201 770 254 47 tjenstgöring,
482 770 12 34 i
522 768 200 36 allmänhet
751 768 31 47 ej
812 767 219 48 uppgående
1058 766 58 35 till
1142 764 127 36 halfva
1296 764 141 35 antalet
1464 764 158 42 timmar,
1642 762 68 35 och
1729 761 83 36 oak-

199 820 82 35 tadt
315 820 105 35 deras
448 818 268 47 undervisning
744 817 202 37 omfattade
974 817 44 36 de
1045 815 269 37 förberedande
1341 822 142 36 ämnen,
1511 826 79 23 som
1616 812 63 36 vid
1708 811 104 37 Chal-

200 872 147 35 merska
381 871 265 35 läroanstalten
674 870 80 35 icke
781 870 138 34 sköttes
946 867 41 36 af
1010 868 221 37 lektorerna,
1258 871 91 30 utan
1377 864 41 36 af
1441 864 45 36 de
1513 863 118 46 öfriga
1657 864 155 34 lärarne.

302 920 119 37 Sedan
459 920 134 46 Kongl.
628 920 101 47 Maj:t
760 919 48 47 på
834 919 139 45 förslag
1001 918 40 36 af
1065 919 178 47 styrelsen
1272 917 58 35 till
1361 918 93 34 1893
1485 915 58 36 års
1570 914 164 46 Riksdag
1762 913 51 35 af-

200 972 82 36 låtit
321 972 231 47 proposition
589 984 60 22 om
681 970 251 48 upprättande
960 968 39 37 af
1023 974 52 31 ctt
1101 969 149 35 lektorat
1278 968 13 34 i
1318 966 285 48 byggnadskonst
1630 965 63 36 vid
1720 965 92 34 läro-

200 1024 195 43 anstalten,
428 1023 143 35 hvilket
601 1021 138 46 förslag
772 1022 96 35 dock
897 1021 80 35 icke
1000 1020 134 36 vunnit
1160 1018 228 48 Riksdagens
1407 1015 283 47 godkännande,
1718 1015 95 35 hade

200 1075 11 35 i
252 1074 125 36 stället
416 1074 162 35 anvisats
607 1078 51 30 ett
697 1072 111 46 årligt
848 1072 128 45 anslag
1013 1070 40 36 af
1091 1072 107 43 2,000
1240 1069 140 35 kronor
1412 1067 57 36 för
1496 1066 252 46 befrämjande
1775 1065 40 36 af

200 1124 316 46 undervisningen
549 1124 12 35 i
593 1123 307 47 byggnadskonst
941 1122 69 35 och
1051 1119 365 46 ornamentsritning.
1468 1117 55 36 Af
1551 1117 100 36 detta
1683 1117 131 45 anslag

200 1176 97 35 hade
323 1176 145 35 läraren
495 1176 12 34 i
535 1174 304 48 byggnadskonst
866 1173 180 47 uppburit
1076 1174 104 42 1,500
1209 1171 148 43 kronor,
1385 1169 39 36 så
1451 1174 54 30 att
1531 1169 91 35 hans
1650 1168 164 45 aflöning

203 1227 142 46 utgjort
377 1226 160 47 tillhopa
565 1226 106 43 3,000
700 1224 150 44 kronor,
876 1223 120 36 under
1023 1222 61 36 det
1112 1226 55 31 att
1193 1222 144 34 läraren
1366 1221 10 34 i
1403 1219 345 46 frihandsteckning
1776 1217 40 36 af

201 1276 165 36 nämnda
406 1277 129 46 anslag
574 1275 179 47 uppburit
796 1276 71 34 500
907 1274 147 35 kronor.
1107 1272 179 35 Lärarens
1315 1272 8 33 i
1352 1269 306 49 byggnadskonst
1689 1269 126 45 tjenst-

201 1328 134 45 göring
361 1327 94 35 hade
483 1324 172 50 omfattat
678 1325 76 36 dels
777 1322 95 47 11'/,
891 1325 149 35 timmar
1066 1323 12 35 i
1106 1323 113 45 högre
1246 1321 256 45 afdelningens
1521 1320 116 47 tredje
1656 1319 157 43 årskurs,

203 1377 106 37 deraf
348 1380 18 34 6
395 1378 12 35 i
434 1376 385 50 husbyggnadskonst,
859 1372 70 48 1'/.
961 1375 11 34 i
998 1372 372 50 byggnadskonstens
1397 1371 154 35 historia
1577 1370 69 36 och
1673 1370 142 35 stillära

202 1434 96 30 samt
327 1431 20 32 4
377 1429 10 34 i
414 1427 365 46 ornamentsritning,
809 1425 77 36 dels
923 1425 67 35 ock
1028 1427 18 33 6
1080 1424 149 35 timmar
1255 1423 13 35 i
1294 1435 141 23 samma
1462 1420 207 48 afdelnings
1697 1420 118 36 andra

202 1479 150 36 årskurs
379 1479 12 35 i
418 1479 138 35 allmän
583 1477 275 50 byggnadslära
877 1477 88 35 eller
982 1475 158 45 tillhopa
1163 1472 95 48 17”/>
1276 1474 159 39 timmar,
1454 1472 203 46 hvarjemte
1677 1470 137 46 afsetts,

203 1536 55 29 att
298 1528 109 38 äfven
444 1529 45 36 de
521 1533 21 32 4
570 1529 149 35 timmar
759 1526 345 45 frihandsteckning
1141 1525 67 35 och
1248 1524 263 44 kroki-ritning
1547 1524 11 34 i
1586 1522 229 36 sistnämnda

203 1580 159 45 årskurg,
401 1593 79 22 som
513 1593 51 22 nu
591 1578 183 38 bestredes
802 1577 40 36 af
865 1578 145 35 läraren
1050 1577 13 34 i
1095 1575 356 46 frihandsteckning,
1480 1574 119 35 skulle
1626 1574 123 35 skötas
1777 1571 40 37 af

202 1632 146 35 läraren
389 1632 11 34 i
439 1630 315 48 byggnadskonst.
808 1629 17 35 I
865 1628 71 36 den
976 1628 134 46 inlaga,
1144 1639 79 22 som
1259 1626 99 45 legat
1392 1625 58 35 till
1482 1623 122 47 grund
1631 1623 58 36 för
1719 1625 94 35 1893

203 1682 58 35 års
302 1682 230 47 proposition
576 1682 12 34 i
629 1679 103 46 fråga
773 1692 60 22 om
872 1677 212 37 inrättande
1129 1675 39 36 af
1210 1689 43 22 en
1295 1675 252 47 lektorstjenst
1590 1675 55 34 uti
1683 1673 131 46 ifråga-

204 1732 163 36 varande
408 1739 142 36 ämnen,
591 1730 93 36 hade
719 1730 180 48 styrelsen
934 1727 213 44 framhållit,
1184 1732 54 29 att
1272 1732 99 29 stora
1405 1725 164 36 fördelar
1600 1725 118 34 skulle
1744 1724 70 34 till-

205 1782 162 45 skyndas
408 1783 182 34 anstalten
628 1793 133 33 genom
803 1785 51 30 ett
893 1779 160 35 lektorat
1084 1778 9 34 i
1126 1776 309 49 byggnadskonst
1475 1776 69 34 och
1588 1779 227 31 ornaments-

205 1834 140 44 ritning
385 1833 82 36 med
507 1831 253 49 nyssnämnda
799 1829 254 47 tjenstgöring,
1094 1835 87 28 enär
1221 1827 183 35 anstalten
1445 1826 119 35 skulle
1604 1838 67 35 ega
1698 1829 116 31 större

205 1885 187 46 garantier
431 1888 54 30 att
525 1883 59 35 för
623 1881 197 37 framtiden
854 1881 127 34 kunna
1012 1877 228 37 tillförsäkra
1266 1878 55 45 sig
1349 1877 152 47 dugliga
1527 1877 117 35 lärare
1671 1876 12 35 i
1711 1875 104 36 dessa

206 1942 145 28 ämnen.
381 1934 55 35 En
459 1931 498 48 undervisningsskyldighet
982 1929 49 47 på
1052 1927 105 47 17'/5,
1183 1928 187 36 eventuelt
1399 1925 97 48 217'/,
1514 1928 149 34 timmar
1690 1925 46 48 på
1764 1932 51 30 ett

206 1985 39 35 så
285 1985 91 45 högt
411 1984 158 36 stadium
614 1996 76 23 som
726 1982 62 35 det
815 1980 251 48 föreliggande
1094 1992 87 23 vore
1210 1979 38 35 så
1276 1977 246 46 betungande,
1551 1982 53 30 att
1632 1977 69 35 den
1729 1981 86 42 toge

206 2033 421 49 tjensteinnehafvarens
641 2033 94 35 fulla
748 2031 140 37 krafter
906 2032 12 34 i
937 2030 171 46 anspråk,
1125 2030 96 34 helst
1240 2029 83 35 med
1343 2029 143 46 platsen
1506 2027 112 45 följde
1637 2027 176 47 tillsynen

207 2087 70 34 och
305 2085 137 36 vården
472 2084 40 35 af
538 2084 43 35 de
609 2083 140 47 ganska
778 2082 197 44 rikhaltiga
1001 2081 211 46 samlingar,
1240 2079 184 35 anstalten
1452 2079 11 34 i
1487 2077 101 36 detta
1610 2076 84 36 fack
1714 2076 101 46 egde,

206 2141 96 31 samt
328 2136 177 42 tillsynen
534 2134 68 35 och
631 2133 273 47 granskningen
934 2130 39 35 af
998 2132 186 35 elevernas
1211 2129 183 45 ritningar
1424 2128 102 35 inom
1546 2127 99 35 detta
1665 2126 150 36 område

207 2187 130 36 kräfde
377 2185 38 36 så
454 2185 157 43 mycken
652 2183 62 43 tid,
747 2188 55 30 att
833 2182 140 45 ganska
1004 2179 210 50 betydande
1242 2180 125 35 arbete
1395 2178 134 36 mellan
1559 2177 44 36 de
1631 2177 184 35 ordinarie

209 2237 230 35 lektionerna
454 2233 107 38 deraf
571 2233 272 36 framkallades.
884 2231 185 45 Styrelsen
1086 2230 95 36 hade
1197 2230 134 36 erinrat
1349 2229 137 43 derom,
1503 2233 53 30 att
1570 2227 60 37 vid
1646 2227 169 36 tekniska
