2228 2614
417 179 58 28 200
944 178 229 29 Statsutskottets
1203 178 154 29 Utlåtande
1380 178 55 28 N:o
1460 179 28 27 9.

415 254 314 46 Konstantinopel
756 255 67 35 och
852 254 167 46 Egypten
1048 253 41 36 af
1113 267 248 23 amanuenscn
1389 254 38 35 F.
1446 254 41 36 R.
1506 254 147 35 Martin.
1697 252 224 49 Samlingen,
1940 266 79 22 som

415 305 163 36 räknade
615 305 171 46 omkring
830 309 67 32 100
934 318 179 31 nummer,
1148 305 125 36 visade
1308 304 89 47 prof
1427 305 47 47 på
1502 305 99 35 olika
1629 305 78 44 slag
1734 303 41 36 af
1797 304 125 35 teknik
1951 304 69 35 och

415 355 409 46 materialbehandling.
876 355 273 36 Metallarbetet
1187 355 316 47 representerades
1534 368 135 33 genom
1697 360 52 30 ett
1775 359 116 31 större
1918 355 103 34 antal

415 406 154 37 föremal
610 404 79 48 (49)
730 405 40 36 af
802 407 151 45 koppar,
989 407 170 44 messing,
1195 407 121 44 brons,
1352 411 89 31 tenn
1477 406 68 35 och
1575 407 95 44 jern,
1706 404 230 37 förarbetadt
1961 405 60 35 till

417 458 151 44 kannor,
595 456 63 45 fat,
686 457 131 45 skålar,
844 457 206 45 ljusstakar,
1077 458 199 45 lampställ,
1296 456 158 48 skriftyg
1481 470 47 22 m.
1551 470 48 22 m.
1625 455 42 36 af
1680 455 184 37 vexlande
1883 454 139 36 former

417 509 66 34 och
524 508 322 44 dekorationssätt,
880 508 59 35 till
975 521 44 22 en
1056 507 61 36 del
1144 506 40 37 af
1208 508 73 45 hög
1309 507 103 36 ålder
1438 505 235 48 (1400-talet)
1701 507 69 35 och
1799 507 137 43 dyrbar
1964 506 57 35 be-

416 558 216 36 skaffenhet.
684 558 121 36 Jemte
844 558 63 35 sitt
943 558 181 35 material-
1161 558 68 35 och
1264 558 182 49 typvärde
1482 558 170 36 lemnade
1680 557 121 36 denna
1827 570 120 32 grupp
1976 569 44 23 en

416 609 73 46 god
515 608 259 46 föreställning
802 622 60 22 om
891 609 99 35 olika
1016 607 275 47 förfaringssätt
1313 608 48 47 på
1379 609 324 35 metallteknikens
1723 607 159 46 område,
1901 607 120 35 såsom

417 660 124 44 smide,
569 660 182 46 gjutning,
779 659 177 47 drifning,
984 660 206 47 gravering,
1215 660 140 43 ciselyr,
1383 660 251 45 inkrustering
1654 660 88 35 eller
1771 658 250 44 damascering

416 711 12 35 i
467 710 89 46 guld
590 711 70 35 och
688 710 133 44 silfver,
849 711 68 35 och
945 710 114 35 måste
1085 723 46 22 ur
1158 711 75 34 alla
1260 710 105 36 dessa
1393 711 232 47 synpunkter
1652 723 104 23 anses
1784 709 236 48 synnerligen

417 762 138 35 lärorik
581 761 13 35 i
621 761 324 35 konstindustrielt
970 760 217 36 hänseende.

517 811 53 36 Af
592 812 208 36 keramiska
826 811 155 36 föremål
1007 811 97 36 hade
1131 812 338 35 nationalmuseum
1496 810 115 36 redan
1639 810 156 45 tidigare
1818 808 205 37 förvärfvat

417 868 52 30 ett
495 868 117 30 större
640 863 104 34 antal
771 861 87 49 prof
880 861 47 47 på
953 861 100 36 såväl
1081 862 103 36 äldre
1211 875 78 22 som
1316 861 179 36 moderna
1522 861 316 36 centralasiatiska
1863 859 158 46 lergods-

416 912 166 46 föremål,
622 912 193 37 hemförda
853 912 82 36 från
975 912 183 45 Bokhara,
1196 911 241 45 Samarkand,
1472 911 169 45 Kokand,
1668 910 215 37 Taschkend
1913 924 46 21 m.
1987 910 34 35 fl.

418 970 97 30 orter
555 962 41 36 af
636 977 137 22 samme
811 962 379 47 forskningsresande.
1242 963 131 35 Denna
1410 963 159 45 samling
1604 963 119 35 skulle
1758 962 263 47 kompletteras

417 1027 134 33 genom
578 1013 188 46 åtskilliga
792 1014 55 35 uti
876 1027 49 22 nu
944 1013 284 46 ifrågavarande
1247 1015 160 43 samling
1425 1013 203 45 befintliga,
1647 1012 82 36 från
1745 1011 145 37 Mindre
1908 1011 111 35 Asien

418 1065 66 36 och
511 1065 150 35 Persien
689 1064 299 36 härstammande
1014 1064 166 44 föremål,
1208 1064 75 35 dels
1311 1064 101 35 äldre
1438 1063 83 36 från
1554 1064 210 45 1400-talet,
1793 1062 76 37 dels
1896 1075 125 30 nyare.

417 1115 203 36 Deribland
660 1115 86 36 ville
785 1114 186 36 nämnden
1006 1114 175 36 särskildt
1215 1113 198 36 framhålla
1448 1113 45 36 de
1528 1126 25 23 s.
1590 1114 32 34 k.
1650 1112 372 46 Rhodosfajanserna,

418 1166 203 36 värderade
647 1164 59 37 för
732 1166 54 35 sin
815 1166 115 45 lifliga
957 1165 218 35 dekoration
1203 1165 67 35 och
1295 1165 81 35 sina
1406 1165 177 45 briljanta
1609 1163 131 46 färger.
1786 1163 236 37 Sistnämnda

418 1222 58 30 art
501 1230 89 23 vore
617 1216 131 35 hittills
782 1217 6 34 i
814 1221 139 31 museet
980 1214 191 37 företrädd
1197 1228 134 35 genom
1358 1215 97 36 blott
1482 1219 52 31 ett
1561 1214 96 36 enda
1683 1213 93 48 prof.

517 1268 56 35 En
617 1267 147 49 mycket
807 1267 199 35 intressant
1050 1266 68 35 och
1162 1266 178 45 rikhaltig
1387 1264 191 47 afdelning
1617 1265 149 36 bildade
1806 1264 45 36 de
1890 1264 133 36 textila

418 1318 174 36 arbetena
627 1316 84 37 från
745 1317 149 36 Persien
930 1317 68 35 och
1033 1316 146 36 Mindre
1213 1317 113 35 Asien
1354 1313 62 47 (29
1455 1314 194 47 nummer).
1701 1315 203 36 Deribland
1932 1314 90 36 före-

418 1370 146 34 komme
592 1373 53 31 ett
672 1381 67 34 par
756 1367 274 36 mattväfnader
1050 1366 40 36 af
1104 1367 75 45 hög
1197 1367 102 36 ålder
1318 1367 69 35 och
1407 1367 258 45 egendomliga
1682 1366 149 47 typiska
1849 1372 173 38 mönster,

418 1433 83 22 men
542 1418 109 37 äfven
685 1418 88 47 prof
807 1418 48 47 på
891 1418 116 36 andra
1034 1418 104 35 äldre
1165 1417 289 36 konstväfnader
1480 1417 12 35 i
1518 1418 93 35 silke
1638 1417 89 36 eller
1752 1417 76 47 ylle
1854 1416 85 36 med
1965 1416 57 35 rik

419 1470 218 36 dekoration
676 1470 13 34 i
724 1469 158 48 figurala
916 1473 164 31 mönster
1115 1473 96 31 samt
1248 1473 52 31 ett
1331 1468 104 35 antal
1461 1468 183 45 märkliga
1670 1468 188 35 broderier
1884 1468 11 34 i
1923 1467 97 35 olika

418 1521 137 44 teknik,
583 1521 76 34 alla
686 1518 40 37 af
750 1518 357 47 anmärkningsvärd
1134 1519 306 36 konstindustriel
1466 1518 200 44 betydelse.

518 1571 75 35 Till
621 1571 205 45 samlingen
855 1570 113 36 hörde
994 1569 129 36 vidare
1150 1569 185 48 åtskilliga
1363 1569 185 45 bokband,
1572 1569 57 35 till
1648 1582 43 22 en
1713 1569 59 35 del
1790 1567 233 36 omslutande

419 1620 244 37 handskrifna
703 1621 68 35 och
811 1620 218 36 kolorerade
1069 1624 130 41 texter,
1235 1621 204 46 hvarjemte
1466 1619 227 36 förekomme
1721 1618 118 36 andra
1865 1618 157 36 läderar-

419 1673 107 35 beten
553 1673 13 34 i
594 1672 239 35 orientaliska
859 1676 171 31 mönster.
1075 1671 262 35 Tillsammans
1356 1670 172 36 lemnade
1548 1670 44 36 de
1612 1683 44 22 en
1675 1670 73 45 god
1767 1669 256 47 föreställning

421 1736 59 22 om
508 1722 71 36 den
607 1722 58 36 för
692 1723 54 34 sin
775 1721 240 36 smakfullhet
1040 1721 202 36 värderade
1268 1722 278 43 bokutstyrseln
1573 1721 12 35 i
1620 1720 30 36 de
1668 1719 355 37 muhammedanska

419 1773 179 36 länderna
627 1773 68 35 och
722 1786 61 22 om
809 1772 137 36 lädrets
975 1771 240 48 användning
1243 1771 187 37 derstädes
1458 1771 58 36 för
1543 1771 217 36 dekorativa
1788 1769 182 36 ändamål.

520 1822 182 47 Slutligen
742 1822 225 37 förekomme
1007 1822 112 36 också
1154 1822 116 48 några
1306 1823 153 35 enstaka
1495 1821 88 48 prof
1605 1821 47 46 på
1679 1821 153 36 föremål
1858 1822 13 34 1
1899 1834 124 22 annan

420 1874 125 35 teknik
582 1881 48 28 än
658 1873 44 36 de
728 1872 250 46 förenämnda,
1005 1873 120 35 såsom
1153 1872 139 37 fönster
1319 1873 85 36 med
1431 1872 178 36 infattadt
1635 1873 78 46 glas
1739 1872 13 35 i
1779 1872 244 45 geometriska

420 1930 162 30 mönster
610 1930 96 30 samt
733 1938 44 21 en
806 1924 95 45 dörr,
929 1922 157 38 ornerad
1112 1923 85 36 med
1224 1923 191 47 upphöjda
1441 1923 245 46 geometriska
1711 1922 137 36 former
1874 1923 12 34 i
1912 1927 68 30 trä.

521 1974 303 38 Museinämnden
860 1975 95 35 hade
990 1975 147 42 erinrat,
1165 1974 177 35 hurusom
1370 1974 70 35 den
1468 1973 238 37 orientaliska
1732 1972 253 48 konstslöjden
2014 1973 11 34 i

421 2024 87 37 våra
543 2025 116 46 dagar
694 2025 181 45 tilldragit
910 2026 54 44 sig
999 2025 156 48 mycken
1190 2025 329 48 uppmärksamhet
1554 2036 134 33 genom
1716 2025 55 34 sin
1799 2023 225 46 originalitet

422 2076 67 35 och
515 2076 252 42 smakfullhet,
794 2089 132 32 genom
955 2075 262 45 omvexlingen
1244 2076 12 34 i
1283 2075 138 36 former
1448 2075 68 35 och
1543 2074 124 45 färger
1685 2082 95 28 samt
1798 2087 134 34 genom
1950 2073 74 35 tek-

421 2128 129 34 nikens
579 2126 307 46 egendomlighet,
914 2125 112 37 oftast
1052 2125 154 36 förenad
1233 2126 85 35 med
1345 2124 302 47 omsorgsfullhet
1674 2125 67 35 och
1761 2125 161 35 soliditet
1940 2124 12 34 i
1970 2128 54 30 ut-

422 2176 179 37 förandet.
659 2177 281 47 Bekantskapen
982 2176 84 36 med
1107 2176 121 35 denna
1267 2176 208 46 konstslöjd
1515 2175 93 36 hade
1649 2175 109 36 också
1796 2174 144 36 utöfvat
1980 2186 44 23 en

423 2228 239 44 omisskänlig
703 2228 172 36 inverkan
920 2241 44 34 på
997 2227 69 35 den
1095 2225 176 37 moderna
1301 2227 215 45 curopeiska
1542 2225 482 49 ytmönsterdekorationen.
