<?xml version="1.0" encoding="UTF-8"?>
<alto xmlns="http://www.loc.gov/standards/alto/ns-v3#" xmlns:xlink="http://www.w3.org/1999/xlink" xmlns:xsi="http://www.w3.org/2001/XMLSchema-instance" xsi:schemaLocation="http://www.loc.gov/standards/alto/ns-v3# http://www.loc.gov/alto/v3/alto-3-0.xsd">
	<Description>
		<MeasurementUnit>pixel</MeasurementUnit>
		<sourceImageInformation>
			<fileName>/tmp/tess_tjtz3u0x_input.PNG</fileName>
		</sourceImageInformation>
		<OCRProcessing ID="OCR_0">
			<ocrProcessingStep>
				<processingSoftware>
					<softwareName>tesseract 5.3.0</softwareName>
				</processingSoftware>
			</ocrProcessingStep>
		</OCRProcessing>
	</Description>
	<Layout>
		<Page WIDTH="1872" HEIGHT="2782" PHYSICAL_IMG_NR="0" ID="page_0">
			<PrintSpace HPOS="0" VPOS="0" WIDTH="1872" HEIGHT="2782">
				<ComposedBlock ID="cblock_0" HPOS="433" VPOS="168" WIDTH="1135" HEIGHT="31">
					<TextBlock ID="block_0" HPOS="433" VPOS="168" WIDTH="1135" HEIGHT="31">
						<TextLine ID="line_0" HPOS="433" VPOS="168" WIDTH="1135" HEIGHT="31">
							<String ID="string_0" HPOS="433" VPOS="169" WIDTH="283" HEIGHT="30" WC="0.89" CONTENT="Statsutskottets"/><SP WIDTH="23" VPOS="169" HPOS="716"/>
							<String ID="string_1" HPOS="739" VPOS="169" WIDTH="180" HEIGHT="30" WC="0.96" CONTENT="utlåtande"/><SP WIDTH="21" VPOS="169" HPOS="919"/>
							<String ID="string_2" HPOS="940" VPOS="178" WIDTH="43" HEIGHT="20" WC="0.96" CONTENT="nr"/><SP WIDTH="23" VPOS="178" HPOS="983"/>
							<String ID="string_3" HPOS="1006" VPOS="169" WIDTH="41" HEIGHT="29" WC="0.96" CONTENT="35"/><SP WIDTH="23" VPOS="169" HPOS="1047"/>
							<String ID="string_4" HPOS="1070" VPOS="169" WIDTH="40" HEIGHT="29" WC="0.96" CONTENT="år"/><SP WIDTH="24" VPOS="169" HPOS="1110"/>
							<String ID="string_5" HPOS="1134" VPOS="169" WIDTH="80" HEIGHT="29" WC="0.96" CONTENT="1961"/><SP WIDTH="336" VPOS="169" HPOS="1214"/>
							<String ID="string_6" HPOS="1550" VPOS="168" WIDTH="18" HEIGHT="30" WC="0.96" CONTENT="3"/>
						</TextLine>
					</TextBlock>
				</ComposedBlock>
				<ComposedBlock ID="cblock_1" HPOS="758" VPOS="491" WIDTH="146" HEIGHT="40">
					<TextBlock ID="block_1" HPOS="758" VPOS="491" WIDTH="146" HEIGHT="40">
						<TextLine ID="line_1" HPOS="758" VPOS="491" WIDTH="146" HEIGHT="40">
							<String ID="string_7" HPOS="758" VPOS="491" WIDTH="62" HEIGHT="39" WC="0.96" CONTENT="Nr"/><SP WIDTH="21" VPOS="491" HPOS="820"/>
							<String ID="string_8" HPOS="841" VPOS="492" WIDTH="63" HEIGHT="39" WC="0.95" CONTENT="35"/>
						</TextLine>
					</TextBlock>
				</ComposedBlock>
				<ComposedBlock ID="cblock_2" HPOS="261" VPOS="597" WIDTH="1308" HEIGHT="142">
					<TextBlock ID="block_2" HPOS="261" VPOS="597" WIDTH="1308" HEIGHT="142">
						<TextLine ID="line_2" HPOS="261" VPOS="597" WIDTH="1308" HEIGHT="38">
							<String ID="string_9" HPOS="261" VPOS="598" WIDTH="184" HEIGHT="31" WC="0.96" CONTENT="Utlåtande"/><SP WIDTH="25" VPOS="598" HPOS="445"/>
							<String ID="string_10" HPOS="470" VPOS="598" WIDTH="11" HEIGHT="30" WC="0.96" CONTENT="i"/><SP WIDTH="21" VPOS="598" HPOS="481"/>
							<String ID="string_11" HPOS="502" VPOS="598" WIDTH="189" HEIGHT="37" WC="0.96" CONTENT="anledning"/><SP WIDTH="22" VPOS="598" HPOS="691"/>
							<String ID="string_12" HPOS="713" VPOS="607" WIDTH="42" HEIGHT="21" WC="0.96" CONTENT="av"/><SP WIDTH="24" VPOS="607" HPOS="755"/>
							<String ID="string_13" HPOS="779" VPOS="598" WIDTH="123" HEIGHT="30" WC="0.96" CONTENT="väckta"/><SP WIDTH="24" VPOS="598" HPOS="902"/>
							<String ID="string_14" HPOS="926" VPOS="597" WIDTH="173" HEIGHT="30" WC="0.96" CONTENT="motioner"/><SP WIDTH="23" VPOS="597" HPOS="1099"/>
							<String ID="string_15" HPOS="1122" VPOS="606" WIDTH="54" HEIGHT="21" WC="0.96" CONTENT="om"/><SP WIDTH="25" VPOS="606" HPOS="1176"/>
							<String ID="string_16" HPOS="1201" VPOS="597" WIDTH="214" HEIGHT="38" WC="0.96" CONTENT="försäljning"/><SP WIDTH="22" VPOS="597" HPOS="1415"/>
							<String ID="string_17" HPOS="1437" VPOS="606" WIDTH="43" HEIGHT="21" WC="0.93" CONTENT="av"/><SP WIDTH="22" VPOS="606" HPOS="1480"/>
							<String ID="string_18" HPOS="1502" VPOS="598" WIDTH="67" HEIGHT="29" WC="0.92" CONTENT="sta-"/>
						</TextLine>
						<TextLine ID="line_3" HPOS="482" VPOS="651" WIDTH="513" HEIGHT="36">
							<String ID="string_19" HPOS="482" VPOS="654" WIDTH="73" HEIGHT="28" WC="0.96" CONTENT="tens"/><SP WIDTH="20" VPOS="654" HPOS="555"/>
							<String ID="string_20" HPOS="575" VPOS="652" WIDTH="114" HEIGHT="30" WC="0.95" CONTENT="aktier"/><SP WIDTH="33" VPOS="652" HPOS="689"/>
							<String ID="string_21" HPOS="722" VPOS="651" WIDTH="1" HEIGHT="30" WC="0.93" CONTENT="i"/><SP WIDTH="17" VPOS="651" HPOS="723"/>
							<String ID="string_22" HPOS="740" VPOS="652" WIDTH="128" HEIGHT="35" WC="0.82" CONTENT="LEAB,"/><SP WIDTH="22" VPOS="652" HPOS="868"/>
							<String ID="string_23" HPOS="890" VPOS="660" WIDTH="105" HEIGHT="21" WC="0.65" CONTENT="m.m."/>
						</TextLine>
						<TextLine ID="line_4" HPOS="1378" VPOS="703" WIDTH="187" HEIGHT="36">
							<String ID="string_24" HPOS="1378" VPOS="704" WIDTH="74" HEIGHT="35" WC="0.91" CONTENT="(5:e"/><SP WIDTH="19" VPOS="704" HPOS="1452"/>
							<String ID="string_25" HPOS="1471" VPOS="703" WIDTH="94" HEIGHT="35" WC="0.93" CONTENT="avd.)"/>
						</TextLine>
					</TextBlock>
				</ComposedBlock>
				<ComposedBlock ID="cblock_3" HPOS="83" VPOS="812" WIDTH="1489" HEIGHT="1166">
					<TextBlock ID="block_3" HPOS="84" VPOS="812" WIDTH="1486" HEIGHT="147">
						<TextLine ID="line_5" HPOS="129" VPOS="812" WIDTH="1441" HEIGHT="40">
							<String ID="string_26" HPOS="129" VPOS="815" WIDTH="11" HEIGHT="29" WC="0.88" CONTENT="I"/><SP WIDTH="19" VPOS="815" HPOS="140"/>
							<String ID="string_27" HPOS="159" VPOS="814" WIDTH="55" HEIGHT="31" WC="0.96" CONTENT="två"/><SP WIDTH="15" VPOS="814" HPOS="214"/>
							<String ID="string_28" HPOS="229" VPOS="813" WIDTH="223" HEIGHT="39" WC="0.96" CONTENT="likalydande"/><SP WIDTH="17" VPOS="813" HPOS="452"/>
							<String ID="string_29" HPOS="469" VPOS="814" WIDTH="180" HEIGHT="35" WC="0.96" CONTENT="motioner,"/><SP WIDTH="17" VPOS="814" HPOS="649"/>
							<String ID="string_30" HPOS="666" VPOS="813" WIDTH="124" HEIGHT="31" WC="0.96" CONTENT="väckta"/><SP WIDTH="16" VPOS="813" HPOS="790"/>
							<String ID="string_31" HPOS="806" VPOS="813" WIDTH="68" HEIGHT="31" WC="0.96" CONTENT="den"/><SP WIDTH="17" VPOS="813" HPOS="874"/>
							<String ID="string_32" HPOS="891" VPOS="823" WIDTH="64" HEIGHT="21" WC="0.96" CONTENT="ena"/><SP WIDTH="17" VPOS="823" HPOS="955"/>
							<String ID="string_33" HPOS="972" VPOS="813" WIDTH="94" HEIGHT="30" WC="0.96" CONTENT="inom"/><SP WIDTH="19" VPOS="813" HPOS="1066"/>
							<String ID="string_34" HPOS="1085" VPOS="813" WIDTH="109" HEIGHT="30" WC="0.96" CONTENT="första"/><SP WIDTH="16" VPOS="813" HPOS="1194"/>
							<String ID="string_35" HPOS="1210" VPOS="813" WIDTH="206" HEIGHT="30" WC="0.96" CONTENT="kammaren"/><SP WIDTH="17" VPOS="813" HPOS="1416"/>
							<String ID="string_36" HPOS="1433" VPOS="821" WIDTH="42" HEIGHT="21" WC="0.96" CONTENT="av"/><SP WIDTH="15" VPOS="821" HPOS="1475"/>
							<String ID="string_37" HPOS="1490" VPOS="812" WIDTH="80" HEIGHT="30" WC="0.95" CONTENT="herr"/>
						</TextLine>
						<TextLine ID="line_6" HPOS="84" VPOS="866" WIDTH="1485" HEIGHT="40">
							<String ID="string_38" HPOS="84" VPOS="868" WIDTH="133" HEIGHT="38" WC="0.96" CONTENT="Sjönell"/><SP WIDTH="20" VPOS="868" HPOS="217"/>
							<String ID="string_39" HPOS="237" VPOS="868" WIDTH="96" HEIGHT="38" WC="0.59" CONTENT="m.fl."/><SP WIDTH="26" VPOS="868" HPOS="333"/>
							<String ID="string_40" HPOS="359" VPOS="868" WIDTH="48" HEIGHT="34" WC="0.86" CONTENT="(1:"/><SP WIDTH="16" VPOS="868" HPOS="407"/>
							<String ID="string_41" HPOS="423" VPOS="868" WIDTH="80" HEIGHT="34" WC="0.86" CONTENT="249)"/><SP WIDTH="26" VPOS="868" HPOS="503"/>
							<String ID="string_42" HPOS="529" VPOS="867" WIDTH="64" HEIGHT="31" WC="0.96" CONTENT="och"/><SP WIDTH="22" VPOS="867" HPOS="593"/>
							<String ID="string_43" HPOS="615" VPOS="867" WIDTH="66" HEIGHT="31" WC="0.96" CONTENT="den"/><SP WIDTH="22" VPOS="867" HPOS="681"/>
							<String ID="string_44" HPOS="703" VPOS="867" WIDTH="109" HEIGHT="30" WC="0.96" CONTENT="andra"/><SP WIDTH="23" VPOS="867" HPOS="812"/>
							<String ID="string_45" HPOS="835" VPOS="867" WIDTH="96" HEIGHT="30" WC="0.96" CONTENT="inom"/><SP WIDTH="22" VPOS="867" HPOS="931"/>
							<String ID="string_46" HPOS="953" VPOS="866" WIDTH="109" HEIGHT="31" WC="0.95" CONTENT="andra"/><SP WIDTH="22" VPOS="866" HPOS="1062"/>
							<String ID="string_47" HPOS="1084" VPOS="867" WIDTH="205" HEIGHT="30" WC="0.96" CONTENT="kammaren"/><SP WIDTH="24" VPOS="867" HPOS="1289"/>
							<String ID="string_48" HPOS="1313" VPOS="876" WIDTH="42" HEIGHT="21" WC="0.96" CONTENT="av"/><SP WIDTH="21" VPOS="876" HPOS="1355"/>
							<String ID="string_49" HPOS="1376" VPOS="866" WIDTH="80" HEIGHT="30" WC="0.91" CONTENT="herr"/><SP WIDTH="22" VPOS="866" HPOS="1456"/>
							<String ID="string_50" HPOS="1478" VPOS="866" WIDTH="91" HEIGHT="37" WC="0.91" CONTENT="Mag-"/>
						</TextLine>
						<TextLine ID="line_7" HPOS="84" VPOS="920" WIDTH="1355" HEIGHT="39">
							<String ID="string_51" HPOS="84" VPOS="930" WIDTH="132" HEIGHT="22" WC="0.91" CONTENT="nusson"/><SP WIDTH="24" VPOS="930" HPOS="216"/>
							<String ID="string_52" HPOS="240" VPOS="922" WIDTH="10" HEIGHT="30" WC="0.96" CONTENT="i"/><SP WIDTH="23" VPOS="922" HPOS="250"/>
							<String ID="string_53" HPOS="273" VPOS="921" WIDTH="108" HEIGHT="30" WC="0.93" CONTENT="Borås"/><SP WIDTH="23" VPOS="921" HPOS="381"/>
							<String ID="string_54" HPOS="404" VPOS="916" WIDTH="41" HEIGHT="47" WC="0.91" CONTENT="m."/><SP WIDTH="13" VPOS="916" HPOS="445"/>
							<String ID="string_55" HPOS="458" VPOS="921" WIDTH="41" HEIGHT="38" WC="0.90" CONTENT="fl."/><SP WIDTH="29" VPOS="921" HPOS="499"/>
							<String ID="string_56" HPOS="528" VPOS="922" WIDTH="62" HEIGHT="34" WC="0.82" CONTENT="(II:"/><SP WIDTH="18" VPOS="922" HPOS="590"/>
							<String ID="string_57" HPOS="608" VPOS="921" WIDTH="95" HEIGHT="35" WC="0.96" CONTENT="361),"/><SP WIDTH="25" VPOS="921" HPOS="703"/>
							<String ID="string_58" HPOS="728" VPOS="921" WIDTH="63" HEIGHT="30" WC="0.93" CONTENT="har"/><SP WIDTH="24" VPOS="921" HPOS="791"/>
							<String ID="string_59" HPOS="815" VPOS="920" WIDTH="207" HEIGHT="35" WC="0.91" CONTENT="hemställts,"/><SP WIDTH="25" VPOS="920" HPOS="1022"/>
							<String ID="string_60" HPOS="1047" VPOS="922" WIDTH="51" HEIGHT="29" WC="0.96" CONTENT="att"/><SP WIDTH="24" VPOS="922" HPOS="1098"/>
							<String ID="string_61" HPOS="1122" VPOS="920" WIDTH="186" HEIGHT="37" WC="0.96" CONTENT="riksdagen"/><SP WIDTH="23" VPOS="920" HPOS="1308"/>
							<String ID="string_62" HPOS="1331" VPOS="920" WIDTH="108" HEIGHT="30" WC="0.96" CONTENT="måtte"/>
						</TextLine>
					</TextBlock>
					<TextBlock ID="block_4" HPOS="83" VPOS="973" WIDTH="1488" HEIGHT="360">
						<TextLine ID="line_8" HPOS="131" VPOS="973" WIDTH="1439" HEIGHT="39">
							<String ID="string_63" HPOS="131" VPOS="976" WIDTH="28" HEIGHT="30" WC="0.96" CONTENT="1."/><SP WIDTH="25" VPOS="976" HPOS="159"/>
							<String ID="string_64" HPOS="184" VPOS="975" WIDTH="144" HEIGHT="35" WC="0.96" CONTENT="besluta,"/><SP WIDTH="21" VPOS="975" HPOS="328"/>
							<String ID="string_65" HPOS="349" VPOS="977" WIDTH="51" HEIGHT="29" WC="0.96" CONTENT="att"/><SP WIDTH="22" VPOS="977" HPOS="400"/>
							<String ID="string_66" HPOS="422" VPOS="984" WIDTH="42" HEIGHT="22" WC="0.96" CONTENT="av"/><SP WIDTH="21" VPOS="984" HPOS="464"/>
							<String ID="string_67" HPOS="485" VPOS="976" WIDTH="132" HEIGHT="29" WC="0.96" CONTENT="statens"/><SP WIDTH="22" VPOS="976" HPOS="617"/>
							<String ID="string_68" HPOS="639" VPOS="975" WIDTH="52" HEIGHT="30" WC="0.95" CONTENT="till"/><SP WIDTH="22" VPOS="975" HPOS="691"/>
							<String ID="string_69" HPOS="713" VPOS="983" WIDTH="40" HEIGHT="21" WC="0.96" CONTENT="ca"/><SP WIDTH="22" VPOS="983" HPOS="753"/>
							<String ID="string_70" HPOS="775" VPOS="975" WIDTH="63" HEIGHT="30" WC="0.96" CONTENT="479"/><SP WIDTH="24" VPOS="975" HPOS="838"/>
							<String ID="string_71" HPOS="862" VPOS="974" WIDTH="89" HEIGHT="37" WC="0.95" CONTENT="milj."/><SP WIDTH="22" VPOS="974" HPOS="951"/>
							<String ID="string_72" HPOS="973" VPOS="975" WIDTH="52" HEIGHT="29" WC="0.96" CONTENT="kr."/><SP WIDTH="23" VPOS="975" HPOS="1025"/>
							<String ID="string_73" HPOS="1048" VPOS="974" WIDTH="204" HEIGHT="38" WC="0.96" CONTENT="uppgående"/><SP WIDTH="22" VPOS="974" HPOS="1252"/>
							<String ID="string_74" HPOS="1274" VPOS="974" WIDTH="152" HEIGHT="29" WC="0.96" CONTENT="innehav"/><SP WIDTH="22" VPOS="974" HPOS="1426"/>
							<String ID="string_75" HPOS="1448" VPOS="983" WIDTH="41" HEIGHT="21" WC="0.93" CONTENT="av"/><SP WIDTH="24" VPOS="983" HPOS="1489"/>
							<String ID="string_76" HPOS="1513" VPOS="973" WIDTH="57" HEIGHT="30" WC="0.92" CONTENT="ak-"/>
						</TextLine>
						<TextLine ID="line_9" HPOS="83" VPOS="1027" WIDTH="1487" HEIGHT="39">
							<String ID="string_77" HPOS="83" VPOS="1029" WIDTH="66" HEIGHT="30" WC="0.91" CONTENT="tier"/><SP WIDTH="26" VPOS="1029" HPOS="149"/>
							<String ID="string_78" HPOS="175" VPOS="1029" WIDTH="2" HEIGHT="30" WC="0.95" CONTENT="i"/><SP WIDTH="22" VPOS="1029" HPOS="177"/>
							<String ID="string_79" HPOS="199" VPOS="1029" WIDTH="117" HEIGHT="30" WC="0.96" CONTENT="LKAB"/><SP WIDTH="22" VPOS="1029" HPOS="316"/>
							<String ID="string_80" HPOS="338" VPOS="1029" WIDTH="112" HEIGHT="30" WC="0.96" CONTENT="aktier"/><SP WIDTH="21" VPOS="1029" HPOS="450"/>
							<String ID="string_81" HPOS="471" VPOS="1029" WIDTH="51" HEIGHT="29" WC="0.95" CONTENT="till"/><SP WIDTH="22" VPOS="1029" HPOS="522"/>
							<String ID="string_82" HPOS="544" VPOS="1031" WIDTH="48" HEIGHT="28" WC="0.96" CONTENT="ett"/><SP WIDTH="21" VPOS="1031" HPOS="592"/>
							<String ID="string_83" HPOS="613" VPOS="1028" WIDTH="182" HEIGHT="31" WC="0.96" CONTENT="nominellt"/><SP WIDTH="21" VPOS="1028" HPOS="795"/>
							<String ID="string_84" HPOS="816" VPOS="1028" WIDTH="125" HEIGHT="38" WC="0.96" CONTENT="belopp"/><SP WIDTH="19" VPOS="1028" HPOS="941"/>
							<String ID="string_85" HPOS="960" VPOS="1037" WIDTH="42" HEIGHT="21" WC="0.96" CONTENT="av"/><SP WIDTH="22" VPOS="1037" HPOS="1002"/>
							<String ID="string_86" HPOS="1024" VPOS="1028" WIDTH="62" HEIGHT="30" WC="0.96" CONTENT="228"/><SP WIDTH="22" VPOS="1028" HPOS="1086"/>
							<String ID="string_87" HPOS="1108" VPOS="1027" WIDTH="89" HEIGHT="38" WC="0.94" CONTENT="milj."/><SP WIDTH="22" VPOS="1027" HPOS="1197"/>
							<String ID="string_88" HPOS="1219" VPOS="1028" WIDTH="51" HEIGHT="29" WC="0.96" CONTENT="kr."/><SP WIDTH="24" VPOS="1028" HPOS="1270"/>
							<String ID="string_89" HPOS="1294" VPOS="1028" WIDTH="88" HEIGHT="30" WC="0.95" CONTENT="skall"/><SP WIDTH="23" VPOS="1028" HPOS="1382"/>
							<String ID="string_90" HPOS="1405" VPOS="1027" WIDTH="165" HEIGHT="37" WC="0.95" CONTENT="erbjudas"/>
						</TextLine>
						<TextLine ID="line_10" HPOS="83" VPOS="1081" WIDTH="1487" HEIGHT="39">
							<String ID="string_91" HPOS="83" VPOS="1083" WIDTH="236" HEIGHT="30" WC="0.95" CONTENT="allmänheten"/><SP WIDTH="18" VPOS="1083" HPOS="319"/>
							<String ID="string_92" HPOS="337" VPOS="1083" WIDTH="9" HEIGHT="29" WC="0.96" CONTENT="i"/><SP WIDTH="18" VPOS="1083" HPOS="346"/>
							<String ID="string_93" HPOS="364" VPOS="1083" WIDTH="134" HEIGHT="30" WC="0.96" CONTENT="valörer"/><SP WIDTH="17" VPOS="1083" HPOS="498"/>
							<String ID="string_94" HPOS="515" VPOS="1083" WIDTH="43" HEIGHT="37" WC="0.96" CONTENT="på"/><SP WIDTH="19" VPOS="1083" HPOS="558"/>
							<String ID="string_95" HPOS="577" VPOS="1083" WIDTH="39" HEIGHT="30" WC="0.96" CONTENT="50"/><SP WIDTH="19" VPOS="1083" HPOS="616"/>
							<String ID="string_96" HPOS="635" VPOS="1083" WIDTH="51" HEIGHT="29" WC="0.95" CONTENT="kr."/><SP WIDTH="18" VPOS="1083" HPOS="686"/>
							<String ID="string_97" HPOS="704" VPOS="1091" WIDTH="60" HEIGHT="29" WC="0.96" CONTENT="per"/><SP WIDTH="18" VPOS="1091" HPOS="764"/>
							<String ID="string_98" HPOS="782" VPOS="1082" WIDTH="93" HEIGHT="31" WC="0.96" CONTENT="aktie"/><SP WIDTH="18" VPOS="1082" HPOS="875"/>
							<String ID="string_99" HPOS="893" VPOS="1082" WIDTH="52" HEIGHT="30" WC="0.96" CONTENT="till"/><SP WIDTH="19" VPOS="1082" HPOS="945"/>
							<String ID="string_100" HPOS="964" VPOS="1091" WIDTH="42" HEIGHT="21" WC="0.92" CONTENT="en"/><SP WIDTH="18" VPOS="1091" HPOS="1006"/>
							<String ID="string_101" HPOS="1024" VPOS="1082" WIDTH="281" HEIGHT="35" WC="0.91" CONTENT="emissionskurs,"/><SP WIDTH="20" VPOS="1082" HPOS="1305"/>
							<String ID="string_102" HPOS="1325" VPOS="1081" WIDTH="245" HEIGHT="31" WC="0.96" CONTENT="motsvarande"/>
						</TextLine>
						<TextLine ID="line_11" HPOS="84" VPOS="1135" WIDTH="1486" HEIGHT="39">
							<String ID="string_103" HPOS="84" VPOS="1138" WIDTH="48" HEIGHT="28" WC="0.96" CONTENT="ett"/><SP WIDTH="15" VPOS="1138" HPOS="132"/>
							<String ID="string_104" HPOS="147" VPOS="1136" WIDTH="72" HEIGHT="38" WC="0.96" CONTENT="pris"/><SP WIDTH="15" VPOS="1136" HPOS="219"/>
							<String ID="string_105" HPOS="234" VPOS="1146" WIDTH="42" HEIGHT="21" WC="0.96" CONTENT="av"/><SP WIDTH="15" VPOS="1146" HPOS="276"/>
							<String ID="string_106" HPOS="291" VPOS="1136" WIDTH="62" HEIGHT="30" WC="0.95" CONTENT="225"/><SP WIDTH="17" VPOS="1136" HPOS="353"/>
							<String ID="string_107" HPOS="370" VPOS="1136" WIDTH="52" HEIGHT="31" WC="0.96" CONTENT="kr."/><SP WIDTH="17" VPOS="1136" HPOS="422"/>
							<String ID="string_108" HPOS="439" VPOS="1136" WIDTH="53" HEIGHT="30" WC="0.96" CONTENT="för"/><SP WIDTH="15" VPOS="1136" HPOS="492"/>
							<String ID="string_109" HPOS="507" VPOS="1136" WIDTH="97" HEIGHT="37" WC="0.96" CONTENT="varje"/><SP WIDTH="18" VPOS="1136" HPOS="604"/>
							<String ID="string_110" HPOS="622" VPOS="1136" WIDTH="108" HEIGHT="30" WC="0.96" CONTENT="sådan"/><SP WIDTH="16" VPOS="1136" HPOS="730"/>
							<String ID="string_111" HPOS="746" VPOS="1136" WIDTH="102" HEIGHT="35" WC="0.95" CONTENT="aktie,"/><SP WIDTH="18" VPOS="1136" HPOS="848"/>
							<String ID="string_112" HPOS="866" VPOS="1136" WIDTH="65" HEIGHT="30" WC="0.96" CONTENT="och"/><SP WIDTH="17" VPOS="1136" HPOS="931"/>
							<String ID="string_113" HPOS="948" VPOS="1136" WIDTH="10" HEIGHT="30" WC="0.96" CONTENT="i"/><SP WIDTH="16" VPOS="1136" HPOS="958"/>
							<String ID="string_114" HPOS="974" VPOS="1136" WIDTH="111" HEIGHT="37" WC="0.96" CONTENT="övrigt"/><SP WIDTH="15" VPOS="1136" HPOS="1085"/>
							<String ID="string_115" HPOS="1100" VPOS="1135" WIDTH="44" HEIGHT="38" WC="0.96" CONTENT="på"/><SP WIDTH="16" VPOS="1135" HPOS="1144"/>
							<String ID="string_116" HPOS="1160" VPOS="1136" WIDTH="10" HEIGHT="29" WC="0.96" CONTENT="i"/><SP WIDTH="17" VPOS="1136" HPOS="1170"/>
							<String ID="string_117" HPOS="1187" VPOS="1135" WIDTH="218" HEIGHT="31" WC="0.96" CONTENT="motionerna"/><SP WIDTH="17" VPOS="1135" HPOS="1405"/>
							<String ID="string_118" HPOS="1422" VPOS="1135" WIDTH="148" HEIGHT="37" WC="0.95" CONTENT="angivna"/>
						</TextLine>
						<TextLine ID="line_12" HPOS="85" VPOS="1189" WIDTH="1485" HEIGHT="38">
							<String ID="string_119" HPOS="85" VPOS="1190" WIDTH="134" HEIGHT="36" WC="0.96" CONTENT="villkor,"/><SP WIDTH="27" VPOS="1190" HPOS="219"/>
							<String ID="string_120" HPOS="246" VPOS="1190" WIDTH="118" HEIGHT="30" WC="0.95" CONTENT="varvid"/><SP WIDTH="31" VPOS="1190" HPOS="364"/>
							<String ID="string_121" HPOS="395" VPOS="1190" WIDTH="141" HEIGHT="31" WC="0.90" CONTENT="särskilt"/><SP WIDTH="27" VPOS="1190" HPOS="536"/>
							<String ID="string_122" HPOS="563" VPOS="1189" WIDTH="110" HEIGHT="31" WC="0.90" CONTENT="tillses"/><SP WIDTH="28" VPOS="1189" HPOS="673"/>
							<String ID="string_123" HPOS="701" VPOS="1191" WIDTH="49" HEIGHT="29" WC="0.95" CONTENT="att"/><SP WIDTH="27" VPOS="1191" HPOS="750"/>
							<String ID="string_124" HPOS="777" VPOS="1190" WIDTH="131" HEIGHT="37" WC="0.96" CONTENT="köpare"/><SP WIDTH="28" VPOS="1190" HPOS="908"/>
							<String ID="string_125" HPOS="936" VPOS="1199" WIDTH="42" HEIGHT="20" WC="0.96" CONTENT="av"/><SP WIDTH="28" VPOS="1199" HPOS="978"/>
							<String ID="string_126" HPOS="1006" VPOS="1189" WIDTH="93" HEIGHT="38" WC="0.96" CONTENT="lägre"/><SP WIDTH="27" VPOS="1189" HPOS="1099"/>
							<String ID="string_127" HPOS="1126" VPOS="1189" WIDTH="94" HEIGHT="30" WC="0.96" CONTENT="antal"/><SP WIDTH="28" VPOS="1189" HPOS="1220"/>
							<String ID="string_128" HPOS="1248" VPOS="1189" WIDTH="113" HEIGHT="31" WC="0.96" CONTENT="aktier"/><SP WIDTH="29" VPOS="1189" HPOS="1361"/>
							<String ID="string_129" HPOS="1390" VPOS="1189" WIDTH="89" HEIGHT="30" WC="0.96" CONTENT="skall"/><SP WIDTH="28" VPOS="1189" HPOS="1479"/>
							<String ID="string_130" HPOS="1507" VPOS="1189" WIDTH="63" HEIGHT="36" WC="0.95" CONTENT="äga"/>
						</TextLine>
						<TextLine ID="line_13" HPOS="85" VPOS="1242" WIDTH="1486" HEIGHT="39">
							<String ID="string_131" HPOS="85" VPOS="1244" WIDTH="114" HEIGHT="30" WC="0.96" CONTENT="förtur"/><SP WIDTH="18" VPOS="1244" HPOS="199"/>
							<String ID="string_132" HPOS="217" VPOS="1244" WIDTH="58" HEIGHT="30" WC="0.93" CONTENT="vid"/><SP WIDTH="21" VPOS="1244" HPOS="275"/>
							<String ID="string_133" HPOS="296" VPOS="1244" WIDTH="245" HEIGHT="37" WC="0.91" CONTENT="överteckning"/><SP WIDTH="21" VPOS="1244" HPOS="541"/>
							<String ID="string_134" HPOS="562" VPOS="1243" WIDTH="64" HEIGHT="31" WC="0.96" CONTENT="och"/><SP WIDTH="22" VPOS="1243" HPOS="626"/>
							<String ID="string_135" HPOS="648" VPOS="1246" WIDTH="50" HEIGHT="29" WC="0.96" CONTENT="att"/><SP WIDTH="21" VPOS="1246" HPOS="698"/>
							<String ID="string_136" HPOS="719" VPOS="1253" WIDTH="42" HEIGHT="21" WC="0.96" CONTENT="en"/><SP WIDTH="20" VPOS="1253" HPOS="761"/>
							<String ID="string_137" HPOS="781" VPOS="1243" WIDTH="84" HEIGHT="31" WC="0.96" CONTENT="bred"/><SP WIDTH="24" VPOS="1243" HPOS="865"/>
							<String ID="string_138" HPOS="889" VPOS="1243" WIDTH="181" HEIGHT="38" WC="0.96" CONTENT="spridning"/><SP WIDTH="22" VPOS="1243" HPOS="1070"/>
							<String ID="string_139" HPOS="1092" VPOS="1253" WIDTH="42" HEIGHT="21" WC="0.93" CONTENT="av"/><SP WIDTH="20" VPOS="1253" HPOS="1134"/>
							<String ID="string_140" HPOS="1154" VPOS="1243" WIDTH="209" HEIGHT="38" WC="0.91" CONTENT="aktieköpen"/><SP WIDTH="22" VPOS="1243" HPOS="1363"/>
							<String ID="string_141" HPOS="1385" VPOS="1242" WIDTH="105" HEIGHT="31" WC="0.92" CONTENT="bland"/><SP WIDTH="20" VPOS="1242" HPOS="1490"/>
							<String ID="string_142" HPOS="1510" VPOS="1242" WIDTH="61" HEIGHT="30" WC="0.88" CONTENT="all-"/>
						</TextLine>
						<TextLine ID="line_14" HPOS="84" VPOS="1297" WIDTH="345" HEIGHT="36">
							<String ID="string_143" HPOS="84" VPOS="1297" WIDTH="187" HEIGHT="31" WC="0.91" CONTENT="mänheten"/><SP WIDTH="20" VPOS="1297" HPOS="271"/>
							<String ID="string_144" HPOS="291" VPOS="1298" WIDTH="138" HEIGHT="35" WC="0.95" CONTENT="vinnes;"/>
						</TextLine>
					</TextBlock>
					<TextBlock ID="block_5" HPOS="84" VPOS="1350" WIDTH="1487" HEIGHT="92">
						<TextLine ID="line_15" HPOS="129" VPOS="1350" WIDTH="1442" HEIGHT="39">
							<String ID="string_145" HPOS="129" VPOS="1351" WIDTH="29" HEIGHT="30" WC="0.96" CONTENT="2."/><SP WIDTH="25" VPOS="1351" HPOS="158"/>
							<String ID="string_146" HPOS="183" VPOS="1352" WIDTH="145" HEIGHT="34" WC="0.95" CONTENT="besluta,"/><SP WIDTH="19" VPOS="1352" HPOS="328"/>
							<String ID="string_147" HPOS="347" VPOS="1353" WIDTH="52" HEIGHT="29" WC="0.96" CONTENT="att"/><SP WIDTH="17" VPOS="1353" HPOS="399"/>
							<String ID="string_148" HPOS="416" VPOS="1351" WIDTH="255" HEIGHT="38" WC="0.96" CONTENT="försäljningen"/><SP WIDTH="18" VPOS="1351" HPOS="671"/>
							<String ID="string_149" HPOS="689" VPOS="1351" WIDTH="111" HEIGHT="30" WC="0.96" CONTENT="under"/><SP WIDTH="18" VPOS="1351" HPOS="800"/>
							<String ID="string_150" HPOS="818" VPOS="1351" WIDTH="204" HEIGHT="37" WC="0.93" CONTENT="budgetåret"/><SP WIDTH="21" VPOS="1351" HPOS="1022"/>
							<String ID="string_151" HPOS="1043" VPOS="1351" WIDTH="149" HEIGHT="35" WC="0.92" CONTENT="1961/62"/><SP WIDTH="19" VPOS="1351" HPOS="1192"/>
							<String ID="string_152" HPOS="1211" VPOS="1351" WIDTH="210" HEIGHT="30" WC="0.96" CONTENT="bestämmes"/><SP WIDTH="20" VPOS="1351" HPOS="1421"/>
							<String ID="string_153" HPOS="1441" VPOS="1350" WIDTH="51" HEIGHT="31" WC="0.93" CONTENT="till"/><SP WIDTH="20" VPOS="1350" HPOS="1492"/>
							<String ID="string_154" HPOS="1512" VPOS="1359" WIDTH="59" HEIGHT="21" WC="0.92" CONTENT="no-"/>
						</TextLine>
						<TextLine ID="line_16" HPOS="84" VPOS="1404" WIDTH="1422" HEIGHT="38">
							<String ID="string_155" HPOS="84" VPOS="1405" WIDTH="136" HEIGHT="30" WC="0.91" CONTENT="minellt"/><SP WIDTH="22" VPOS="1405" HPOS="220"/>
							<String ID="string_156" HPOS="242" VPOS="1405" WIDTH="60" HEIGHT="30" WC="0.96" CONTENT="100"/><SP WIDTH="21" VPOS="1405" HPOS="302"/>
							<String ID="string_157" HPOS="323" VPOS="1405" WIDTH="88" HEIGHT="37" WC="0.92" CONTENT="milj."/><SP WIDTH="21" VPOS="1405" HPOS="411"/>
							<String ID="string_158" HPOS="432" VPOS="1405" WIDTH="61" HEIGHT="35" WC="0.91" CONTENT="kr.,"/><SP WIDTH="22" VPOS="1405" HPOS="493"/>
							<String ID="string_159" HPOS="515" VPOS="1404" WIDTH="244" HEIGHT="31" WC="0.96" CONTENT="motsvarande"/><SP WIDTH="21" VPOS="1404" HPOS="759"/>
							<String ID="string_160" HPOS="780" VPOS="1407" WIDTH="49" HEIGHT="28" WC="0.93" CONTENT="ett"/><SP WIDTH="20" VPOS="1407" HPOS="829"/>
							<String ID="string_161" HPOS="849" VPOS="1405" WIDTH="312" HEIGHT="37" WC="0.90" CONTENT="emissionsbelopp"/><SP WIDTH="21" VPOS="1405" HPOS="1161"/>
							<String ID="string_162" HPOS="1182" VPOS="1414" WIDTH="42" HEIGHT="20" WC="0.96" CONTENT="av"/><SP WIDTH="20" VPOS="1414" HPOS="1224"/>
							<String ID="string_163" HPOS="1244" VPOS="1405" WIDTH="62" HEIGHT="30" WC="0.96" CONTENT="450"/><SP WIDTH="22" VPOS="1405" HPOS="1306"/>
							<String ID="string_164" HPOS="1328" VPOS="1404" WIDTH="89" HEIGHT="37" WC="0.93" CONTENT="milj."/><SP WIDTH="22" VPOS="1404" HPOS="1417"/>
							<String ID="string_165" HPOS="1439" VPOS="1404" WIDTH="67" HEIGHT="35" WC="0.90" CONTENT="kr.;"/>
						</TextLine>
					</TextBlock>
					<TextBlock ID="block_6" HPOS="83" VPOS="1458" WIDTH="1489" HEIGHT="251">
						<TextLine ID="line_17" HPOS="129" VPOS="1458" WIDTH="1442" HEIGHT="38">
							<String ID="string_166" HPOS="129" VPOS="1459" WIDTH="29" HEIGHT="30" WC="0.96" CONTENT="3."/><SP WIDTH="26" VPOS="1459" HPOS="158"/>
							<String ID="string_167" HPOS="184" VPOS="1458" WIDTH="207" HEIGHT="38" WC="0.96" CONTENT="bemyndiga"/><SP WIDTH="19" VPOS="1458" HPOS="391"/>
							<String ID="string_168" HPOS="410" VPOS="1458" WIDTH="124" HEIGHT="37" WC="0.95" CONTENT="Kungl."/><SP WIDTH="19" VPOS="1458" HPOS="534"/>
							<String ID="string_169" HPOS="553" VPOS="1458" WIDTH="106" HEIGHT="37" WC="0.96" CONTENT="Maj:t"/><SP WIDTH="18" VPOS="1458" HPOS="659"/>
							<String ID="string_170" HPOS="677" VPOS="1460" WIDTH="50" HEIGHT="28" WC="0.96" CONTENT="att"/><SP WIDTH="16" VPOS="1460" HPOS="727"/>
							<String ID="string_171" HPOS="743" VPOS="1458" WIDTH="140" HEIGHT="37" WC="0.95" CONTENT="vidtaga"/><SP WIDTH="20" VPOS="1458" HPOS="883"/>
							<String ID="string_172" HPOS="903" VPOS="1458" WIDTH="41" HEIGHT="31" WC="0.92" CONTENT="de"/><SP WIDTH="20" VPOS="1458" HPOS="944"/>
							<String ID="string_173" HPOS="964" VPOS="1458" WIDTH="394" HEIGHT="37" WC="0.91" CONTENT="förberedelseåtgärder"/><SP WIDTH="19" VPOS="1458" HPOS="1358"/>
							<String ID="string_174" HPOS="1377" VPOS="1467" WIDTH="74" HEIGHT="21" WC="0.93" CONTENT="som"/><SP WIDTH="20" VPOS="1467" HPOS="1451"/>
							<String ID="string_175" HPOS="1471" VPOS="1458" WIDTH="100" HEIGHT="30" WC="0.92" CONTENT="emis-"/>
						</TextLine>
						<TextLine ID="line_18" HPOS="84" VPOS="1511" WIDTH="1487" HEIGHT="37">
							<String ID="string_176" HPOS="84" VPOS="1512" WIDTH="121" HEIGHT="30" WC="0.96" CONTENT="sionen"/><SP WIDTH="16" VPOS="1512" HPOS="205"/>
							<String ID="string_177" HPOS="221" VPOS="1511" WIDTH="186" HEIGHT="36" WC="0.96" CONTENT="erfordrar,"/><SP WIDTH="17" VPOS="1511" HPOS="407"/>
							<String ID="string_178" HPOS="424" VPOS="1512" WIDTH="118" HEIGHT="30" WC="0.96" CONTENT="varvid"/><SP WIDTH="18" VPOS="1512" HPOS="542"/>
							<String ID="string_179" HPOS="560" VPOS="1512" WIDTH="141" HEIGHT="30" WC="0.96" CONTENT="särskilt"/><SP WIDTH="14" VPOS="1512" HPOS="701"/>
							<String ID="string_180" HPOS="715" VPOS="1512" WIDTH="61" HEIGHT="29" WC="0.96" CONTENT="bör"/><SP WIDTH="16" VPOS="1512" HPOS="776"/>
							<String ID="string_181" HPOS="792" VPOS="1512" WIDTH="145" HEIGHT="30" WC="0.96" CONTENT="beaktas"/><SP WIDTH="15" VPOS="1512" HPOS="937"/>
							<String ID="string_182" HPOS="952" VPOS="1511" WIDTH="65" HEIGHT="30" WC="0.96" CONTENT="vad"/><SP WIDTH="17" VPOS="1511" HPOS="1017"/>
							<String ID="string_183" HPOS="1034" VPOS="1512" WIDTH="10" HEIGHT="30" WC="0.96" CONTENT="i"/><SP WIDTH="15" VPOS="1512" HPOS="1044"/>
							<String ID="string_184" HPOS="1059" VPOS="1511" WIDTH="220" HEIGHT="31" WC="0.96" CONTENT="motionerna"/><SP WIDTH="15" VPOS="1511" HPOS="1279"/>
							<String ID="string_185" HPOS="1294" VPOS="1511" WIDTH="137" HEIGHT="30" WC="0.96" CONTENT="anförts"/><SP WIDTH="15" VPOS="1511" HPOS="1431"/>
							<String ID="string_186" HPOS="1446" VPOS="1512" WIDTH="11" HEIGHT="30" WC="0.96" CONTENT="i"/><SP WIDTH="17" VPOS="1512" HPOS="1457"/>
							<String ID="string_187" HPOS="1474" VPOS="1511" WIDTH="97" HEIGHT="37" WC="0.96" CONTENT="fråga"/>
						</TextLine>
						<TextLine ID="line_19" HPOS="83" VPOS="1565" WIDTH="1489" HEIGHT="38">
							<String ID="string_188" HPOS="83" VPOS="1574" WIDTH="57" HEIGHT="21" WC="0.91" CONTENT="om"/><SP WIDTH="17" VPOS="1574" HPOS="140"/>
							<String ID="string_189" HPOS="157" VPOS="1565" WIDTH="205" HEIGHT="37" WC="0.90" CONTENT="valordning"/><SP WIDTH="17" VPOS="1565" HPOS="362"/>
							<String ID="string_190" HPOS="379" VPOS="1566" WIDTH="55" HEIGHT="29" WC="0.96" CONTENT="för"/><SP WIDTH="15" VPOS="1566" HPOS="434"/>
							<String ID="string_191" HPOS="449" VPOS="1565" WIDTH="136" HEIGHT="37" WC="0.96" CONTENT="bolaget"/><SP WIDTH="18" VPOS="1565" HPOS="585"/>
							<String ID="string_192" HPOS="603" VPOS="1568" WIDTH="89" HEIGHT="28" WC="0.96" CONTENT="samt"/><SP WIDTH="17" VPOS="1568" HPOS="692"/>
							<String ID="string_193" HPOS="709" VPOS="1574" WIDTH="56" HEIGHT="21" WC="0.96" CONTENT="om"/><SP WIDTH="17" VPOS="1574" HPOS="765"/>
							<String ID="string_194" HPOS="782" VPOS="1565" WIDTH="270" HEIGHT="38" WC="0.96" CONTENT="möjligheterna"/><SP WIDTH="17" VPOS="1565" HPOS="1052"/>
							<String ID="string_195" HPOS="1069" VPOS="1567" WIDTH="51" HEIGHT="29" WC="0.96" CONTENT="att"/><SP WIDTH="18" VPOS="1567" HPOS="1120"/>
							<String ID="string_196" HPOS="1138" VPOS="1566" WIDTH="180" HEIGHT="30" WC="0.96" CONTENT="stimulera"/><SP WIDTH="17" VPOS="1566" HPOS="1318"/>
							<String ID="string_197" HPOS="1335" VPOS="1565" WIDTH="237" HEIGHT="30" WC="0.96" CONTENT="allmänheten"/>
						</TextLine>
						<TextLine ID="line_20" HPOS="83" VPOS="1619" WIDTH="1489" HEIGHT="38">
							<String ID="string_198" HPOS="83" VPOS="1620" WIDTH="52" HEIGHT="29" WC="0.96" CONTENT="att"/><SP WIDTH="21" VPOS="1620" HPOS="135"/>
							<String ID="string_199" HPOS="156" VPOS="1619" WIDTH="184" HEIGHT="37" WC="0.93" CONTENT="disponera"/><SP WIDTH="22" VPOS="1619" HPOS="340"/>
							<String ID="string_200" HPOS="362" VPOS="1619" WIDTH="272" HEIGHT="37" WC="0.92" CONTENT="överskjutande"/><SP WIDTH="23" VPOS="1619" HPOS="634"/>
							<String ID="string_201" HPOS="657" VPOS="1619" WIDTH="92" HEIGHT="31" WC="0.96" CONTENT="skatt"/><SP WIDTH="23" VPOS="1619" HPOS="749"/>
							<String ID="string_202" HPOS="772" VPOS="1619" WIDTH="55" HEIGHT="30" WC="0.96" CONTENT="för"/><SP WIDTH="21" VPOS="1619" HPOS="827"/>
							<String ID="string_203" HPOS="848" VPOS="1619" WIDTH="177" HEIGHT="38" WC="0.96" CONTENT="placering"/><SP WIDTH="21" VPOS="1619" HPOS="1025"/>
							<String ID="string_204" HPOS="1046" VPOS="1620" WIDTH="11" HEIGHT="29" WC="0.96" CONTENT="i"/><SP WIDTH="22" VPOS="1620" HPOS="1057"/>
							<String ID="string_205" HPOS="1079" VPOS="1619" WIDTH="112" HEIGHT="30" WC="0.94" CONTENT="aktier"/><SP WIDTH="32" VPOS="1619" HPOS="1191"/>
							<String ID="string_206" HPOS="1223" VPOS="1620" WIDTH="1" HEIGHT="29" WC="0.94" CONTENT="i"/><SP WIDTH="21" VPOS="1620" HPOS="1224"/>
							<String ID="string_207" HPOS="1245" VPOS="1619" WIDTH="128" HEIGHT="36" WC="0.93" CONTENT="LKAB,"/><SP WIDTH="23" VPOS="1619" HPOS="1373"/>
							<String ID="string_208" HPOS="1396" VPOS="1619" WIDTH="176" HEIGHT="37" WC="0.92" CONTENT="utbjudna"/>
						</TextLine>
						<TextLine ID="line_21" HPOS="84" VPOS="1674" WIDTH="191" HEIGHT="35">
							<String ID="string_209" HPOS="84" VPOS="1681" WIDTH="44" HEIGHT="22" WC="0.96" CONTENT="av"/><SP WIDTH="20" VPOS="1681" HPOS="128"/>
							<String ID="string_210" HPOS="148" VPOS="1674" WIDTH="127" HEIGHT="35" WC="0.96" CONTENT="staten;"/>
						</TextLine>
					</TextBlock>
					<TextBlock ID="block_7" HPOS="84" VPOS="1726" WIDTH="1488" HEIGHT="252">
						<TextLine ID="line_22" HPOS="128" VPOS="1726" WIDTH="1443" HEIGHT="38">
							<String ID="string_211" HPOS="128" VPOS="1727" WIDTH="30" HEIGHT="29" WC="0.94" CONTENT="4."/><SP WIDTH="26" VPOS="1727" HPOS="158"/>
							<String ID="string_212" HPOS="184" VPOS="1727" WIDTH="9" HEIGHT="29" WC="0.96" CONTENT="i"/><SP WIDTH="22" VPOS="1727" HPOS="193"/>
							<String ID="string_213" HPOS="215" VPOS="1726" WIDTH="165" HEIGHT="31" WC="0.96" CONTENT="skrivelse"/><SP WIDTH="21" VPOS="1726" HPOS="380"/>
							<String ID="string_214" HPOS="401" VPOS="1726" WIDTH="52" HEIGHT="31" WC="0.96" CONTENT="till"/><SP WIDTH="21" VPOS="1726" HPOS="453"/>
							<String ID="string_215" HPOS="474" VPOS="1727" WIDTH="125" HEIGHT="37" WC="0.95" CONTENT="Kungl."/><SP WIDTH="21" VPOS="1727" HPOS="599"/>
							<String ID="string_216" HPOS="620" VPOS="1727" WIDTH="106" HEIGHT="37" WC="0.96" CONTENT="Maj:t"/><SP WIDTH="20" VPOS="1727" HPOS="726"/>
							<String ID="string_217" HPOS="746" VPOS="1727" WIDTH="141" HEIGHT="30" WC="0.96" CONTENT="anhålla"/><SP WIDTH="20" VPOS="1727" HPOS="887"/>
							<String ID="string_218" HPOS="907" VPOS="1736" WIDTH="57" HEIGHT="21" WC="0.96" CONTENT="om"/><SP WIDTH="22" VPOS="1736" HPOS="964"/>
							<String ID="string_219" HPOS="986" VPOS="1727" WIDTH="186" HEIGHT="36" WC="0.96" CONTENT="utredning"/><SP WIDTH="20" VPOS="1727" HPOS="1172"/>
							<String ID="string_220" HPOS="1192" VPOS="1736" WIDTH="42" HEIGHT="21" WC="0.96" CONTENT="av"/><SP WIDTH="20" VPOS="1736" HPOS="1234"/>
							<String ID="string_221" HPOS="1254" VPOS="1727" WIDTH="167" HEIGHT="37" WC="0.96" CONTENT="lämpliga"/><SP WIDTH="21" VPOS="1727" HPOS="1421"/>
							<String ID="string_222" HPOS="1442" VPOS="1727" WIDTH="129" HEIGHT="30" WC="0.96" CONTENT="former"/>
						</TextLine>
						<TextLine ID="line_23" HPOS="84" VPOS="1779" WIDTH="1488" HEIGHT="39">
							<String ID="string_223" HPOS="84" VPOS="1779" WIDTH="56" HEIGHT="31" WC="0.96" CONTENT="för"/><SP WIDTH="23" VPOS="1779" HPOS="140"/>
							<String ID="string_224" HPOS="163" VPOS="1779" WIDTH="210" HEIGHT="38" WC="0.96" CONTENT="försäljning"/><SP WIDTH="24" VPOS="1779" HPOS="373"/>
							<String ID="string_225" HPOS="397" VPOS="1790" WIDTH="42" HEIGHT="21" WC="0.96" CONTENT="av"/><SP WIDTH="22" VPOS="1790" HPOS="439"/>
							<String ID="string_226" HPOS="461" VPOS="1780" WIDTH="112" HEIGHT="30" WC="0.96" CONTENT="aktier"/><SP WIDTH="22" VPOS="1780" HPOS="573"/>
							<String ID="string_227" HPOS="595" VPOS="1781" WIDTH="10" HEIGHT="29" WC="0.96" CONTENT="i"/><SP WIDTH="26" VPOS="1781" HPOS="605"/>
							<String ID="string_228" HPOS="631" VPOS="1780" WIDTH="138" HEIGHT="37" WC="0.96" CONTENT="statliga"/><SP WIDTH="24" VPOS="1780" HPOS="769"/>
							<String ID="string_229" HPOS="793" VPOS="1781" WIDTH="135" HEIGHT="37" WC="0.96" CONTENT="företag"/><SP WIDTH="24" VPOS="1781" HPOS="928"/>
							<String ID="string_230" HPOS="952" VPOS="1780" WIDTH="51" HEIGHT="30" WC="0.96" CONTENT="till"/><SP WIDTH="24" VPOS="1780" HPOS="1003"/>
							<String ID="string_231" HPOS="1027" VPOS="1780" WIDTH="236" HEIGHT="31" WC="0.95" CONTENT="allmänheten"/><SP WIDTH="24" VPOS="1780" HPOS="1263"/>
							<String ID="string_232" HPOS="1287" VPOS="1781" WIDTH="122" HEIGHT="29" WC="0.93" CONTENT="utöver"/><SP WIDTH="24" VPOS="1781" HPOS="1409"/>
							<String ID="string_233" HPOS="1433" VPOS="1780" WIDTH="139" HEIGHT="37" WC="0.92" CONTENT="försälj-"/>
						</TextLine>
						<TextLine ID="line_24" HPOS="84" VPOS="1833" WIDTH="1488" HEIGHT="37">
							<String ID="string_234" HPOS="84" VPOS="1833" WIDTH="129" HEIGHT="37" WC="0.96" CONTENT="ningen"/><SP WIDTH="15" VPOS="1833" HPOS="213"/>
							<String ID="string_235" HPOS="228" VPOS="1842" WIDTH="43" HEIGHT="21" WC="0.96" CONTENT="av"/><SP WIDTH="14" VPOS="1842" HPOS="271"/>
							<String ID="string_236" HPOS="285" VPOS="1833" WIDTH="113" HEIGHT="30" WC="0.96" CONTENT="aktier"/><SP WIDTH="19" VPOS="1833" HPOS="398"/>
							<String ID="string_237" HPOS="417" VPOS="1834" WIDTH="4" HEIGHT="29" WC="0.95" CONTENT="i"/><SP WIDTH="17" VPOS="1834" HPOS="421"/>
							<String ID="string_238" HPOS="438" VPOS="1834" WIDTH="126" HEIGHT="35" WC="0.95" CONTENT="LKAB,"/><SP WIDTH="16" VPOS="1834" HPOS="564"/>
							<String ID="string_239" HPOS="580" VPOS="1834" WIDTH="119" HEIGHT="30" WC="0.96" CONTENT="varvid"/><SP WIDTH="18" VPOS="1834" HPOS="699"/>
							<String ID="string_240" HPOS="717" VPOS="1834" WIDTH="142" HEIGHT="30" WC="0.96" CONTENT="särskilt"/><SP WIDTH="15" VPOS="1834" HPOS="859"/>
							<String ID="string_241" HPOS="874" VPOS="1834" WIDTH="144" HEIGHT="30" WC="0.96" CONTENT="beaktas"/><SP WIDTH="16" VPOS="1834" HPOS="1018"/>
							<String ID="string_242" HPOS="1034" VPOS="1836" WIDTH="50" HEIGHT="28" WC="0.96" CONTENT="att"/><SP WIDTH="17" VPOS="1836" HPOS="1084"/>
							<String ID="string_243" HPOS="1101" VPOS="1834" WIDTH="130" HEIGHT="29" WC="0.95" CONTENT="sådana"/><SP WIDTH="17" VPOS="1834" HPOS="1231"/>
							<String ID="string_244" HPOS="1248" VPOS="1834" WIDTH="130" HEIGHT="30" WC="0.96" CONTENT="former"/><SP WIDTH="16" VPOS="1834" HPOS="1378"/>
							<String ID="string_245" HPOS="1394" VPOS="1834" WIDTH="55" HEIGHT="30" WC="0.93" CONTENT="för"/><SP WIDTH="17" VPOS="1834" HPOS="1449"/>
							<String ID="string_246" HPOS="1466" VPOS="1834" WIDTH="106" HEIGHT="30" WC="0.92" CONTENT="aktie-"/>
						</TextLine>
						<TextLine ID="line_25" HPOS="85" VPOS="1886" WIDTH="1486" HEIGHT="38">
							<String ID="string_247" HPOS="85" VPOS="1886" WIDTH="256" HEIGHT="38" WC="0.96" CONTENT="försäljningen"/><SP WIDTH="20" VPOS="1886" HPOS="341"/>
							<String ID="string_248" HPOS="361" VPOS="1887" WIDTH="139" HEIGHT="35" WC="0.96" CONTENT="ordnas,"/><SP WIDTH="25" VPOS="1887" HPOS="500"/>
							<String ID="string_249" HPOS="525" VPOS="1896" WIDTH="73" HEIGHT="21" WC="0.96" CONTENT="som"/><SP WIDTH="23" VPOS="1896" HPOS="598"/>
							<String ID="string_250" HPOS="621" VPOS="1889" WIDTH="202" HEIGHT="35" WC="0.96" CONTENT="garanterar"/><SP WIDTH="23" VPOS="1889" HPOS="823"/>
							<String ID="string_251" HPOS="846" VPOS="1896" WIDTH="42" HEIGHT="21" WC="0.96" CONTENT="en"/><SP WIDTH="22" VPOS="1896" HPOS="888"/>
							<String ID="string_252" HPOS="910" VPOS="1888" WIDTH="83" HEIGHT="29" WC="0.96" CONTENT="bred"/><SP WIDTH="24" VPOS="1888" HPOS="993"/>
							<String ID="string_253" HPOS="1017" VPOS="1887" WIDTH="182" HEIGHT="37" WC="0.96" CONTENT="spridning"/><SP WIDTH="22" VPOS="1887" HPOS="1199"/>
							<String ID="string_254" HPOS="1221" VPOS="1896" WIDTH="42" HEIGHT="21" WC="0.96" CONTENT="av"/><SP WIDTH="23" VPOS="1896" HPOS="1263"/>
							<String ID="string_255" HPOS="1286" VPOS="1887" WIDTH="158" HEIGHT="30" WC="0.96" CONTENT="aktierna"/><SP WIDTH="22" VPOS="1887" HPOS="1444"/>
							<String ID="string_256" HPOS="1466" VPOS="1887" WIDTH="105" HEIGHT="30" WC="0.95" CONTENT="bland"/>
						</TextLine>
						<TextLine ID="line_26" HPOS="85" VPOS="1940" WIDTH="1486" HEIGHT="38">
							<String ID="string_257" HPOS="85" VPOS="1940" WIDTH="236" HEIGHT="30" WC="0.96" CONTENT="allmänheten"/><SP WIDTH="18" VPOS="1940" HPOS="321"/>
							<String ID="string_258" HPOS="339" VPOS="1941" WIDTH="65" HEIGHT="29" WC="0.96" CONTENT="och"/><SP WIDTH="19" VPOS="1941" HPOS="404"/>
							<String ID="string_259" HPOS="423" VPOS="1949" WIDTH="73" HEIGHT="22" WC="0.96" CONTENT="som"/><SP WIDTH="18" VPOS="1949" HPOS="496"/>
							<String ID="string_260" HPOS="514" VPOS="1941" WIDTH="70" HEIGHT="30" WC="0.96" CONTENT="kan"/><SP WIDTH="18" VPOS="1941" HPOS="584"/>
							<String ID="string_261" HPOS="602" VPOS="1950" WIDTH="82" HEIGHT="21" WC="0.96" CONTENT="vara"/><SP WIDTH="18" VPOS="1950" HPOS="684"/>
							<String ID="string_262" HPOS="702" VPOS="1941" WIDTH="132" HEIGHT="36" WC="0.96" CONTENT="ägnade"/><SP WIDTH="18" VPOS="1941" HPOS="834"/>
							<String ID="string_263" HPOS="852" VPOS="1943" WIDTH="51" HEIGHT="27" WC="0.96" CONTENT="att"/><SP WIDTH="19" VPOS="1943" HPOS="903"/>
							<String ID="string_264" HPOS="922" VPOS="1940" WIDTH="130" HEIGHT="37" WC="0.96" CONTENT="främja"/><SP WIDTH="19" VPOS="1940" HPOS="1052"/>
							<String ID="string_265" HPOS="1071" VPOS="1940" WIDTH="57" HEIGHT="31" WC="0.96" CONTENT="det"/><SP WIDTH="19" VPOS="1940" HPOS="1128"/>
							<String ID="string_266" HPOS="1147" VPOS="1940" WIDTH="207" HEIGHT="38" WC="0.96" CONTENT="långsiktiga"/><SP WIDTH="21" VPOS="1940" HPOS="1354"/>
							<String ID="string_267" HPOS="1375" VPOS="1941" WIDTH="196" HEIGHT="37" WC="0.96" CONTENT="sparandet."/>
						</TextLine>
					</TextBlock>
				</ComposedBlock>
				<ComposedBlock ID="cblock_4" HPOS="86" VPOS="2047" WIDTH="1487" HEIGHT="85">
					<TextBlock ID="block_8" HPOS="86" VPOS="2047" WIDTH="1487" HEIGHT="85">
						<TextLine ID="line_27" HPOS="130" VPOS="2047" WIDTH="1443" HEIGHT="38">
							<String ID="string_268" HPOS="130" VPOS="2047" WIDTH="226" HEIGHT="30" WC="0.96" CONTENT="Beträffande"/><SP WIDTH="20" VPOS="2047" HPOS="356"/>
							<String ID="string_269" HPOS="376" VPOS="2048" WIDTH="251" HEIGHT="37" WC="0.96" CONTENT="motiveringen"/><SP WIDTH="22" VPOS="2048" HPOS="627"/>
							<String ID="string_270" HPOS="649" VPOS="2048" WIDTH="53" HEIGHT="30" WC="0.96" CONTENT="för"/><SP WIDTH="19" VPOS="2048" HPOS="702"/>
							<String ID="string_271" HPOS="721" VPOS="2048" WIDTH="267" HEIGHT="37" WC="0.96" CONTENT="ifrågavarande"/><SP WIDTH="22" VPOS="2048" HPOS="988"/>
							<String ID="string_272" HPOS="1010" VPOS="2048" WIDTH="129" HEIGHT="36" WC="0.95" CONTENT="förslag"/><SP WIDTH="22" VPOS="2048" HPOS="1139"/>
							<String ID="string_273" HPOS="1161" VPOS="2047" WIDTH="54" HEIGHT="31" WC="0.96" CONTENT="får"/><SP WIDTH="20" VPOS="2047" HPOS="1215"/>
							<String ID="string_274" HPOS="1235" VPOS="2048" WIDTH="172" HEIGHT="30" WC="0.96" CONTENT="utskottet"/><SP WIDTH="20" VPOS="2048" HPOS="1407"/>
							<String ID="string_275" HPOS="1427" VPOS="2048" WIDTH="146" HEIGHT="30" WC="0.96" CONTENT="hänvisa"/>
						</TextLine>
						<TextLine ID="line_28" HPOS="86" VPOS="2100" WIDTH="407" HEIGHT="32">
							<String ID="string_276" HPOS="86" VPOS="2100" WIDTH="52" HEIGHT="30" WC="0.95" CONTENT="till"/><SP WIDTH="21" VPOS="2100" HPOS="138"/>
							<String ID="string_277" HPOS="159" VPOS="2101" WIDTH="178" HEIGHT="30" WC="0.96" CONTENT="motionen"/><SP WIDTH="22" VPOS="2101" HPOS="337"/>
							<String ID="string_278" HPOS="359" VPOS="2102" WIDTH="45" HEIGHT="29" WC="0.93" CONTENT="II:"/><SP WIDTH="17" VPOS="2102" HPOS="404"/>
							<String ID="string_279" HPOS="421" VPOS="2102" WIDTH="72" HEIGHT="30" WC="0.96" CONTENT="361."/>
						</TextLine>
					</TextBlock>
				</ComposedBlock>
				<ComposedBlock ID="cblock_5" HPOS="87" VPOS="2207" WIDTH="1487" HEIGHT="299">
					<TextBlock ID="block_9" HPOS="87" VPOS="2207" WIDTH="1487" HEIGHT="299">
						<TextLine ID="line_29" HPOS="131" VPOS="2207" WIDTH="1442" HEIGHT="38">
							<String ID="string_280" HPOS="131" VPOS="2210" WIDTH="184" HEIGHT="30" WC="0.96" CONTENT="Utskottet."/><SP WIDTH="49" VPOS="2210" HPOS="315"/>
							<String ID="string_281" HPOS="364" VPOS="2210" WIDTH="50" HEIGHT="29" WC="0.88" CONTENT="De"/><SP WIDTH="26" VPOS="2210" HPOS="414"/>
							<String ID="string_282" HPOS="440" VPOS="2209" WIDTH="237" HEIGHT="36" WC="0.93" CONTENT="föreliggande"/><SP WIDTH="24" VPOS="2209" HPOS="677"/>
							<String ID="string_283" HPOS="701" VPOS="2208" WIDTH="358" HEIGHT="37" WC="0.92" CONTENT="motionsyrkandena"/><SP WIDTH="26" VPOS="2208" HPOS="1059"/>
							<String ID="string_284" HPOS="1085" VPOS="2217" WIDTH="99" HEIGHT="21" WC="0.96" CONTENT="avser"/><SP WIDTH="26" VPOS="2217" HPOS="1184"/>
							<String ID="string_285" HPOS="1210" VPOS="2207" WIDTH="72" HEIGHT="30" WC="0.96" CONTENT="dels"/><SP WIDTH="28" VPOS="2207" HPOS="1282"/>
							<String ID="string_286" HPOS="1310" VPOS="2210" WIDTH="51" HEIGHT="28" WC="0.96" CONTENT="att"/><SP WIDTH="26" VPOS="2210" HPOS="1361"/>
							<String ID="string_287" HPOS="1387" VPOS="2208" WIDTH="186" HEIGHT="37" WC="0.96" CONTENT="riksdagen"/>
						</TextLine>
						<TextLine ID="line_30" HPOS="87" VPOS="2261" WIDTH="1486" HEIGHT="37">
							<String ID="string_288" HPOS="87" VPOS="2263" WIDTH="108" HEIGHT="30" WC="0.95" CONTENT="måtte"/><SP WIDTH="19" VPOS="2263" HPOS="195"/>
							<String ID="string_289" HPOS="214" VPOS="2263" WIDTH="134" HEIGHT="30" WC="0.96" CONTENT="besluta"/><SP WIDTH="20" VPOS="2263" HPOS="348"/>
							<String ID="string_290" HPOS="368" VPOS="2271" WIDTH="57" HEIGHT="21" WC="0.96" CONTENT="om"/><SP WIDTH="22" VPOS="2271" HPOS="425"/>
							<String ID="string_291" HPOS="447" VPOS="2261" WIDTH="210" HEIGHT="37" WC="0.95" CONTENT="försäljning"/><SP WIDTH="23" VPOS="2261" HPOS="657"/>
							<String ID="string_292" HPOS="680" VPOS="2262" WIDTH="50" HEIGHT="29" WC="0.93" CONTENT="till"/><SP WIDTH="21" VPOS="2262" HPOS="730"/>
							<String ID="string_293" HPOS="751" VPOS="2262" WIDTH="237" HEIGHT="29" WC="0.96" CONTENT="allmänheten"/><SP WIDTH="21" VPOS="2262" HPOS="988"/>
							<String ID="string_294" HPOS="1009" VPOS="2270" WIDTH="42" HEIGHT="21" WC="0.95" CONTENT="av"/><SP WIDTH="21" VPOS="2270" HPOS="1051"/>
							<String ID="string_295" HPOS="1072" VPOS="2270" WIDTH="42" HEIGHT="21" WC="0.95" CONTENT="en"/><SP WIDTH="22" VPOS="2270" HPOS="1114"/>
							<String ID="string_296" HPOS="1136" VPOS="2261" WIDTH="53" HEIGHT="30" WC="0.96" CONTENT="del"/><SP WIDTH="22" VPOS="2261" HPOS="1189"/>
							<String ID="string_297" HPOS="1211" VPOS="2270" WIDTH="43" HEIGHT="20" WC="0.96" CONTENT="av"/><SP WIDTH="22" VPOS="2270" HPOS="1254"/>
							<String ID="string_298" HPOS="1276" VPOS="2263" WIDTH="132" HEIGHT="28" WC="0.96" CONTENT="statens"/><SP WIDTH="22" VPOS="2263" HPOS="1408"/>
							<String ID="string_299" HPOS="1430" VPOS="2262" WIDTH="111" HEIGHT="29" WC="0.96" CONTENT="aktier"/><SP WIDTH="21" VPOS="2262" HPOS="1541"/>
							<String ID="string_300" HPOS="1562" VPOS="2262" WIDTH="11" HEIGHT="29" WC="0.96" CONTENT="i"/>
						</TextLine>
						<TextLine ID="line_31" HPOS="87" VPOS="2314" WIDTH="1486" HEIGHT="39">
							<String ID="string_301" HPOS="87" VPOS="2316" WIDTH="118" HEIGHT="30" WC="0.95" CONTENT="LKAB"/><SP WIDTH="21" VPOS="2316" HPOS="205"/>
							<String ID="string_302" HPOS="226" VPOS="2316" WIDTH="43" HEIGHT="37" WC="0.96" CONTENT="på"/><SP WIDTH="22" VPOS="2316" HPOS="269"/>
							<String ID="string_303" HPOS="291" VPOS="2315" WIDTH="69" HEIGHT="30" WC="0.96" CONTENT="sätt"/><SP WIDTH="20" VPOS="2315" HPOS="360"/>
							<String ID="string_304" HPOS="380" VPOS="2315" WIDTH="11" HEIGHT="30" WC="0.96" CONTENT="i"/><SP WIDTH="21" VPOS="2315" HPOS="391"/>
							<String ID="string_305" HPOS="412" VPOS="2315" WIDTH="218" HEIGHT="30" WC="0.96" CONTENT="motionerna"/><SP WIDTH="22" VPOS="2315" HPOS="630"/>
							<String ID="string_306" HPOS="652" VPOS="2315" WIDTH="160" HEIGHT="29" WC="0.95" CONTENT="närmare"/><SP WIDTH="22" VPOS="2315" HPOS="812"/>
							<String ID="string_307" HPOS="834" VPOS="2322" WIDTH="115" HEIGHT="29" WC="0.95" CONTENT="anges,"/><SP WIDTH="23" VPOS="2322" HPOS="949"/>
							<String ID="string_308" HPOS="972" VPOS="2314" WIDTH="72" HEIGHT="29" WC="0.96" CONTENT="dels"/><SP WIDTH="23" VPOS="2314" HPOS="1044"/>
							<String ID="string_309" HPOS="1067" VPOS="2314" WIDTH="64" HEIGHT="30" WC="0.96" CONTENT="ock"/><SP WIDTH="23" VPOS="2314" HPOS="1131"/>
							<String ID="string_310" HPOS="1154" VPOS="2316" WIDTH="49" HEIGHT="28" WC="0.96" CONTENT="att"/><SP WIDTH="22" VPOS="2316" HPOS="1203"/>
							<String ID="string_311" HPOS="1225" VPOS="2314" WIDTH="186" HEIGHT="37" WC="0.96" CONTENT="riksdagen"/><SP WIDTH="23" VPOS="2314" HPOS="1411"/>
							<String ID="string_312" HPOS="1434" VPOS="2315" WIDTH="107" HEIGHT="29" WC="0.96" CONTENT="måtte"/><SP WIDTH="22" VPOS="2315" HPOS="1541"/>
							<String ID="string_313" HPOS="1563" VPOS="2315" WIDTH="10" HEIGHT="29" WC="0.96" CONTENT="i"/>
						</TextLine>
						<TextLine ID="line_32" HPOS="88" VPOS="2367" WIDTH="1486" HEIGHT="38">
							<String ID="string_314" HPOS="88" VPOS="2369" WIDTH="165" HEIGHT="31" WC="0.95" CONTENT="skrivelse"/><SP WIDTH="17" VPOS="2369" HPOS="253"/>
							<String ID="string_315" HPOS="270" VPOS="2369" WIDTH="51" HEIGHT="30" WC="0.95" CONTENT="till"/><SP WIDTH="18" VPOS="2369" HPOS="321"/>
							<String ID="string_316" HPOS="339" VPOS="2368" WIDTH="125" HEIGHT="37" WC="0.95" CONTENT="Kungl."/><SP WIDTH="18" VPOS="2368" HPOS="464"/>
							<String ID="string_317" HPOS="482" VPOS="2368" WIDTH="104" HEIGHT="37" WC="0.95" CONTENT="Maj:t"/><SP WIDTH="17" VPOS="2368" HPOS="586"/>
							<String ID="string_318" HPOS="603" VPOS="2368" WIDTH="139" HEIGHT="29" WC="0.96" CONTENT="anhålla"/><SP WIDTH="18" VPOS="2368" HPOS="742"/>
							<String ID="string_319" HPOS="760" VPOS="2377" WIDTH="55" HEIGHT="21" WC="0.96" CONTENT="om"/><SP WIDTH="18" VPOS="2377" HPOS="815"/>
							<String ID="string_320" HPOS="833" VPOS="2367" WIDTH="188" HEIGHT="37" WC="0.96" CONTENT="utredning"/><SP WIDTH="17" VPOS="2367" HPOS="1021"/>
							<String ID="string_321" HPOS="1038" VPOS="2377" WIDTH="41" HEIGHT="21" WC="0.96" CONTENT="av"/><SP WIDTH="19" VPOS="2377" HPOS="1079"/>
							<String ID="string_322" HPOS="1098" VPOS="2367" WIDTH="174" HEIGHT="30" WC="0.96" CONTENT="formerna"/><SP WIDTH="19" VPOS="2367" HPOS="1272"/>
							<String ID="string_323" HPOS="1291" VPOS="2367" WIDTH="55" HEIGHT="30" WC="0.96" CONTENT="för"/><SP WIDTH="17" VPOS="2367" HPOS="1346"/>
							<String ID="string_324" HPOS="1363" VPOS="2367" WIDTH="211" HEIGHT="37" WC="0.96" CONTENT="försäljning"/>
						</TextLine>
						<TextLine ID="line_33" HPOS="89" VPOS="2420" WIDTH="1483" HEIGHT="38">
							<String ID="string_325" HPOS="89" VPOS="2423" WIDTH="50" HEIGHT="30" WC="0.95" CONTENT="till"/><SP WIDTH="20" VPOS="2423" HPOS="139"/>
							<String ID="string_326" HPOS="159" VPOS="2423" WIDTH="236" HEIGHT="29" WC="0.96" CONTENT="allmänheten"/><SP WIDTH="19" VPOS="2423" HPOS="395"/>
							<String ID="string_327" HPOS="414" VPOS="2431" WIDTH="41" HEIGHT="21" WC="0.96" CONTENT="av"/><SP WIDTH="20" VPOS="2431" HPOS="455"/>
							<String ID="string_328" HPOS="475" VPOS="2422" WIDTH="111" HEIGHT="30" WC="0.95" CONTENT="aktier"/><SP WIDTH="20" VPOS="2422" HPOS="586"/>
							<String ID="string_329" HPOS="606" VPOS="2422" WIDTH="10" HEIGHT="29" WC="0.96" CONTENT="i"/><SP WIDTH="22" VPOS="2422" HPOS="616"/>
							<String ID="string_330" HPOS="638" VPOS="2421" WIDTH="137" HEIGHT="37" WC="0.95" CONTENT="statliga"/><SP WIDTH="22" VPOS="2421" HPOS="775"/>
							<String ID="string_331" HPOS="797" VPOS="2421" WIDTH="134" HEIGHT="37" WC="0.96" CONTENT="företag"/><SP WIDTH="21" VPOS="2421" HPOS="931"/>
							<String ID="string_332" HPOS="952" VPOS="2421" WIDTH="120" HEIGHT="29" WC="0.96" CONTENT="utöver"/><SP WIDTH="21" VPOS="2421" HPOS="1072"/>
							<String ID="string_333" HPOS="1093" VPOS="2420" WIDTH="255" HEIGHT="37" WC="0.96" CONTENT="försäljningen"/><SP WIDTH="21" VPOS="2420" HPOS="1348"/>
							<String ID="string_334" HPOS="1369" VPOS="2430" WIDTH="41" HEIGHT="20" WC="0.96" CONTENT="av"/><SP WIDTH="21" VPOS="2430" HPOS="1410"/>
							<String ID="string_335" HPOS="1431" VPOS="2421" WIDTH="112" HEIGHT="30" WC="0.95" CONTENT="aktier"/><SP WIDTH="21" VPOS="2421" HPOS="1543"/>
							<String ID="string_336" HPOS="1564" VPOS="2421" WIDTH="8" HEIGHT="29" WC="0.97" CONTENT="i"/>
						</TextLine>
						<TextLine ID="line_34" HPOS="89" VPOS="2476" WIDTH="127" HEIGHT="30">
							<String ID="string_337" HPOS="89" VPOS="2476" WIDTH="127" HEIGHT="30" WC="0.95" CONTENT="LKAB."/>
						</TextLine>
					</TextBlock>
				</ComposedBlock>
				<ComposedBlock ID="cblock_6" HPOS="89" VPOS="2580" WIDTH="1125" HEIGHT="39">
					<TextBlock ID="block_10" HPOS="89" VPOS="2580" WIDTH="1125" HEIGHT="39">
						<TextLine ID="line_35" HPOS="89" VPOS="2580" WIDTH="1125" HEIGHT="39">
							<String ID="string_338" HPOS="89" VPOS="2583" WIDTH="134" HEIGHT="36" WC="0.92" CONTENT="Bihang"/><SP WIDTH="21" VPOS="2583" HPOS="223"/>
							<String ID="string_339" HPOS="244" VPOS="2582" WIDTH="52" HEIGHT="30" WC="0.96" CONTENT="till"/><SP WIDTH="21" VPOS="2582" HPOS="296"/>
							<String ID="string_340" HPOS="317" VPOS="2582" WIDTH="204" HEIGHT="37" WC="0.95" CONTENT="riksdagens"/><SP WIDTH="21" VPOS="2582" HPOS="521"/>
							<String ID="string_341" HPOS="542" VPOS="2581" WIDTH="173" HEIGHT="37" WC="0.89" CONTENT="protokoll"/><SP WIDTH="24" VPOS="2581" HPOS="715"/>
							<String ID="string_342" HPOS="739" VPOS="2582" WIDTH="92" HEIGHT="29" WC="0.96" CONTENT="1961."/><SP WIDTH="24" VPOS="2582" HPOS="831"/>
							<String ID="string_343" HPOS="855" VPOS="2582" WIDTH="19" HEIGHT="28" WC="0.96" CONTENT="6"/><SP WIDTH="20" VPOS="2582" HPOS="874"/>
							<String ID="string_344" HPOS="894" VPOS="2580" WIDTH="100" HEIGHT="31" WC="0.95" CONTENT="saml."/><SP WIDTH="22" VPOS="2580" HPOS="994"/>
							<String ID="string_345" HPOS="1016" VPOS="2581" WIDTH="49" HEIGHT="29" WC="0.93" CONTENT="Nr"/><SP WIDTH="21" VPOS="2581" HPOS="1065"/>
							<String ID="string_346" HPOS="1086" VPOS="2581" WIDTH="128" HEIGHT="29" WC="0.79" CONTENT="34—36"/>
						</TextLine>
					</TextBlock>
				</ComposedBlock>
			</PrintSpace>
		</Page>
	</Layout>
</alto>
