1918 2784
510 123 287 31 Statsutskottets
815 121 180 31 utlåtande
1012 130 44 20 nr
1072 120 42 30 44
1130 120 40 30 år
1188 119 85 30 1960
1625 118 19 29 5

145 209 243 39 utsträckning
423 207 155 31 bestrida
612 206 399 40 domstolspersonalens
1045 204 190 30 kostnader
1272 203 55 30 för
1352 211 95 21 resor
1471 201 53 30 till
1548 201 98 30 dom-

144 258 349 32 stolssammanträde
520 257 84 30 eller
631 257 273 39 undersökning.
932 256 76 29 Den
1038 254 39 31 18
1105 254 183 30 december
1316 252 83 30 1959
1427 253 65 29 har
1519 252 125 39 Kungl.

144 310 106 40 Maj:t
270 309 106 30 fattat
395 309 114 30 beslut
530 317 57 21 om
607 307 126 31 remiss
753 307 52 30 till
826 306 156 40 lagrådet
1003 315 43 20 av
1065 305 132 38 förslag
1218 304 52 30 till
1291 303 44 32 bl.
1358 312 29 21 a.
1409 303 66 29 den
1497 302 149 39 ändring

143 361 11 29 i
177 359 242 42 nyssnämnda
439 358 165 41 paragraf
627 367 75 22 som
726 357 197 31 föranledes
947 365 42 21 av
1011 355 127 40 Kungl.
1161 354 125 40 Maj:ts
1310 352 336 41 ställningstagande

144 411 52 30 till
221 410 68 31 vad
312 409 364 40 utredningsmannen
702 407 149 31 sålunda
875 406 168 31 förordat.
1068 403 397 42 Departementschefen
1490 403 157 30 anmäler

144 463 51 28 att
214 462 71 29 han
305 470 100 21 avser
425 461 50 29 att
495 459 131 30 föreslå
645 459 126 39 Kungl.
792 458 105 39 Maj:t
918 459 51 29 att
990 457 67 30 den
1077 456 210 40 ifrågasatta
1306 454 194 40 ändringen
1521 453 127 30 under-

145 512 118 30 ställes
284 511 83 30 1960
386 511 56 30 års
459 510 155 39 riksdag.
633 510 125 29 Därest
777 509 165 39 förslaget
962 507 114 31 skulle
1093 507 108 29 vinna
1217 505 207 40 riksdagens
1443 504 99 30 bifall
1561 504 86 30 ökas

144 561 281 31 medelsbehovet
460 560 114 30 under
610 559 229 31 förevarande
877 559 130 39 anslag,
1046 558 125 39 posten
1207 555 324 40 reseersättningar,
1568 554 79 30 med

147 612 61 30 100
223 612 62 30 000
306 612 140 30 kronor.
465 611 127 30 Denna
610 609 305 40 kostnadsökning
934 609 71 29 kan
1024 607 195 31 emellertid
1238 625 45 3 —
1303 606 117 31 såsom
1438 605 179 30 redovisas
1638 605 10 28 i

145 663 68 30 den
233 662 156 30 nämnda
409 661 311 40 lagrådsremissen
739 679 44 3 —
802 660 251 39 kompenseras
1073 666 126 32 genom
1219 666 45 21 en
1283 656 150 40 höjning
1454 665 42 21 av
1515 657 134 28 vatten-

146 712 336 40 domstolsavgiften.

190 761 395 42 Departementschefen
604 761 158 36 föreslår,
780 762 51 28 att
849 760 267 40 anslagsposten
1133 759 52 29 till
1204 757 172 41 sjukvård
1393 757 159 29 minskas
1571 755 78 30 med

148 814 94 30 1500
261 814 141 30 kronor.

192 865 109 31 Såvitt
327 863 109 41 angår
460 864 125 39 posten
610 863 53 29 till
690 861 312 39 reseersättningar
1029 859 205 31 framhålles
1261 861 51 28 att
1338 858 67 30 den
1431 857 219 40 anslagshöj-

147 915 84 40 ning
254 924 58 21 om
337 914 61 30 100
413 913 62 31 000
499 914 131 30 kronor
654 922 56 21 om
735 913 74 30 året
833 921 75 21 som
932 911 114 30 skulle
1069 910 178 31 erfordras
1270 909 60 31 vid
1354 909 66 29 den
1443 908 209 40 ifrågasatta

148 965 194 40 ändringen
361 965 12 29 i
395 965 36 29 11
454 964 80 40 kap.
556 964 39 30 97
619 963 15 38 8
656 963 222 39 vattenlagen
899 961 113 31 skulle
1032 960 149 40 ungefär
1201 960 52 30 till
1276 959 40 31 75
1331 959 62 30 000
1415 959 131 30 kronor
1566 958 84 30 hän-

147 1016 78 30 föra
244 1015 51 40 sig
312 1015 54 30 till
384 1014 261 30 traktamenten
664 1013 66 30 och
748 1013 51 30 till
818 1012 200 31 återstoden
1036 1012 126 38 utgöra
1179 1010 279 30 resekostnader.
1477 1009 66 30 Det
1562 1008 89 30 före-

148 1066 70 31 slås
240 1068 50 28 att
311 1067 125 38 posten
458 1064 52 32 till
531 1064 315 39 reseersättningar
866 1063 56 30 för
943 1061 206 41 budgetåret
1173 1060 147 37 1960/61
1346 1060 204 40 uppräknas
1571 1059 79 29 med

153 1116 80 34 (100
247 1115 120 31 000
334 1105 23 52 —
380 1115 41 30 28
435 1114 80 37 000)
543 1115 40 29 72
598 1114 63 30 000
682 1114 140 34 kronor,
843 1113 124 30 därvid
986 1113 140 39 hänsyn
1147 1111 104 40 tagits
1272 1111 53 30 till
1346 1110 242 39 belastningen
1610 1109 41 30 de

148 1168 137 28 senaste
318 1165 215 40 budgetåren
565 1165 66 30 och
663 1164 53 30 till
748 1164 68 30 den
847 1163 200 30 beräknade
1068 1161 281 40 förbrukningen
1371 1160 55 30 för
1447 1159 205 41 budgetåret

151 1217 159 36 1960/61.

193 1267 229 31 Beträffande
438 1268 124 38 posten
580 1265 53 31 till
652 1265 119 40 övriga
787 1273 169 31 expenser
973 1272 103 22 anses
1095 1265 51 28 att
1163 1262 113 31 medel
1294 1262 62 30 bör
1375 1261 120 31 ställas
1513 1261 53 30 till
1584 1260 71 30 för-

150 1318 150 40 fogande
326 1318 56 29 för
408 1316 237 30 anskaffande
672 1325 42 20 av
739 1315 93 30 vissa
858 1314 165 31 tekniska
1048 1313 215 40 hjälpmedel
1290 1312 57 31 för
1371 1311 283 38 rationalisering

149 1370 66 29 och
235 1367 278 39 effektivisering
535 1376 42 20 av
596 1364 590 40 vattendomstolsorganisationen.
1208 1364 68 29 För
1298 1364 94 29 detta
1414 1362 163 30 ändamål
1598 1361 57 30 be-

150 1419 130 29 räknas
302 1418 99 29 cirka
423 1417 39 30 32
477 1416 63 31 000
563 1417 132 30 kronor
718 1417 90 29 samt
831 1415 56 31 för
908 1414 112 31 andra
1041 1414 146 39 utgifter
1209 1423 43 22 av
1274 1413 262 39 engångsnatur
1557 1412 98 30 cirka

150 1469 41 30 36
206 1468 62 30 000
290 1468 141 33 kronor,
451 1467 149 40 tillhopa
620 1466 42 30 68
677 1466 62 30 300
760 1466 140 31 kronor.
921 1464 133 31 Därvid
1074 1464 64 30 har
1158 1464 77 29 icke
1255 1463 190 30 beräknats
1466 1462 112 30 medel
1600 1462 55 29 för

151 1518 238 31 automatiska
412 1517 253 30 telefonväxlar
689 1517 65 29 och
776 1514 501 42 personsökaranläggningar.
1303 1514 13 30 I
1341 1513 99 40 fråga
1463 1522 57 21 om
1544 1512 112 30 dikte-

150 1569 285 40 ringsapparater
458 1568 66 29 har
548 1566 387 41 departementschefen
959 1565 78 30 icke
1061 1564 172 40 tillstyrkt
1258 1564 80 30 hela
1362 1563 57 31 det
1444 1563 130 30 äskade
1599 1563 56 29 be-

151 1620 127 39 loppet.
305 1618 79 31 Med
408 1618 138 40 hänsyn
571 1618 52 30 till
651 1619 50 28 att
726 1617 112 30 under
860 1615 383 31 vattendomstolarnas
1269 1613 308 41 avlöningsanslag
1600 1613 55 29 be-

150 1670 146 29 räknats
318 1669 113 30 medel
454 1668 54 30 för
532 1668 216 39 arbetshjälp
773 1668 51 30 till
848 1665 298 40 stencildragning
1169 1665 65 30 och
1257 1664 260 40 budskickning
1539 1673 46 21 m.
1608 1673 46 20 m.

150 1720 59 31 vid
225 1721 96 29 vissa
338 1719 315 30 vattendomstolar
673 1727 101 21 anses
794 1717 194 39 utgifterna
1006 1716 55 30 för
1081 1716 150 40 löpande
1251 1714 163 31 ändamål
1435 1715 113 29 under
1566 1714 90 30 före-

150 1770 153 30 varande
326 1771 90 38 post,
440 1769 80 30 från
544 1768 119 30 vilken
686 1768 120 40 dylika
828 1767 191 31 kostnader
1043 1766 56 30 för
1123 1765 219 31 närvarande
1366 1765 181 36 bestrides,
1571 1764 85 30 böra

151 1820 159 31 minskas
333 1820 80 29 med
437 1819 94 30 7900
555 1819 141 30 kronor.
718 1819 66 29 Det
806 1818 111 30 ökade
940 1816 281 31 medelsbehovet
1244 1816 113 29 under
1379 1817 123 38 posten
1525 1815 53 30 till
1600 1815 57 29 öv-

152 1871 75 39 riga
249 1879 169 30 expenser
440 1870 112 29 skulle
576 1868 134 30 således
733 1868 115 40 uppgå
870 1867 52 29 till
951 1866 58 34 (68
1025 1866 150 30 300
1105 1861 31 53 -—
1158 1861 21 53 7
1191 1865 80 34 900)
1300 1865 41 30 60
1355 1865 63 30 400
1441 1866 141 31 kronor.
1605 1865 52 29 Då

152 1920 195 30 emellertid
370 1920 10 29 i
405 1921 124 38 posten
555 1918 55 30 för
634 1918 205 39 budgetåret
866 1916 149 36 1959/60
1040 1916 102 39 ingår
1166 1915 301 40 engångsutgifter
1492 1917 20 30 å
1537 1915 41 30 85
1593 1914 63 30 000

153 1971 140 35 kronor,
314 1969 146 31 innebär
480 1969 168 39 förslaget
669 1970 50 28 att
739 1970 123 38 posten
883 1967 159 30 minskas
1063 1966 80 30 med
1164 1966 41 30 24
1219 1965 63 30 600
1304 1966 140 30 kronor.

197 2021 12 29 I
235 2020 153 39 enlighet
413 2019 79 30 med
517 2020 57 30 det
600 2018 150 30 anförda
774 2017 158 34 föreslås,
959 2019 50 28 att
1035 2017 156 39 anslaget
1217 2016 168 40 uppföres
1409 2016 79 29 med
1515 2015 63 30 624
1592 2015 64 30 000

158 2071 56 37 (+
240 2071 41 29 45
296 2070 80 34 900)
405 2070 140 29 kronor.
569 2069 67 29 Vid
660 2067 381 41 anslagsberäkningen
1064 2067 65 29 har
1153 2066 188 30 förutsatts
1363 2068 50 28 att
1439 2066 38 30 15
1492 2065 63 30 000
1580 2066 79 29 kro-

155 2131 74 25 nor,
257 2121 83 30 eller
367 2129 136 22 samma
528 2119 126 40 belopp
682 2128 74 20 som
785 2118 55 30 för
866 2117 205 40 budgetåret
1102 2116 157 36 1959/60,
1289 2116 54 30 får
1371 2116 205 40 disponeras
1605 2115 54 30 för

154 2170 245 31 oförutsebara
415 2169 145 40 utgifter
578 2169 110 29 under
705 2170 122 38 posten
845 2168 53 29 till
915 2167 119 40 övriga
1051 2176 178 30 expenser.

200 2270 204 31 Sedermera
423 2269 65 29 har
510 2269 126 39 Kungl.
659 2268 105 39 Maj:t
786 2268 10 28 i
818 2267 264 40 propositionen
1104 2275 43 20 nr
1168 2266 51 36 52,
1242 2266 111 30 under
1376 2266 219 39 åberopande
1618 2275 41 20 av

155 2320 107 39 bilagt
288 2320 126 39 utdrag
440 2329 40 19 av
507 2317 384 40 statsrådsprotokollet
917 2318 81 28 över
1023 2316 555 39 justitiedepartementsärenden
1605 2316 55 29 för

156 2371 67 29 den
241 2370 17 30 5
277 2369 155 30 februari
452 2368 94 34 1960,
565 2368 165 39 framlagt
749 2367 130 39 förslag
896 2367 52 29 till
967 2367 55 38 lag
1040 2375 57 20 om
1116 2366 148 38 ändring
1283 2366 9 28 i
1311 2366 221 38 vattenlagen
1550 2375 45 19 m.
1614 2375 45 19 m.
