1912 2826
559 156 276 31 Statsutskottets
861 156 177 31 utlåtande
1064 157 47 30 Nr
1133 157 40 30 10
1597 152 40 30 35

483 243 48 27 att
555 240 186 36 riksdagen
763 239 57 31 må
844 240 55 30 för
925 240 200 37 budgetåret
1156 238 133 41 1940/41
1316 241 121 31 anvisa

485 291 31 39 a)
547 291 116 31 såsom
684 292 125 36 Bidrag
830 292 52 29 till
901 291 273 31 underhållande
1194 301 41 21 av
1256 301 42 21 en
1318 292 57 37 fyr
1409 292 8 30 å
1438 292 75 37 Kap
1534 292 101 36 Spar-

440 343 44 28 tel
503 344 45 27 elt
571 341 267 37 förslagsanslag
859 351 43 20 av
924 343 96 34 3,000
1040 342 142 36 kronor;

483 392 33 39 b)
547 392 115 31 såsom
691 393 125 37 Bidrag
845 393 52 31 till
927 394 290 36 patentunionens
1247 393 276 31 internationella
1552 393 85 37 byrå

440 445 9 28 i
473 444 89 30 Bern
587 446 46 27 elt
658 443 269 37 förslagsanslag
951 453 41 21 av
1017 445 97 35 3,000
1140 444 137 30 kronor.

177 595 88 40 74:0)
303 595 208 38 Avsättning
532 596 52 31 till
608 596 134 31 fonden
765 596 56 31 för
843 596 174 31 idrottens
1039 597 212 36 främjande,
1297 597 124 36 Kungl.
1446 597 100 36 Maj:t
1570 597 65 30 har

132 646 175 36 föreslagit
327 646 185 37 riksdagen
543 646 125 39 (punkt
692 648 51 35 82,
767 647 62 31 sid.
856 646 183 40 156—158)
1068 651 49 27 att
1142 647 50 30 till
1215 648 195 36 avsättning
1434 648 50 30 till
1506 648 130 30 fonden

131 697 56 30 för
204 697 165 30 idrottens
390 697 197 39 främjande
608 697 55 30 för
681 697 201 37 budgetåret
904 695 134 42 1940/41
1060 698 120 31 anvisa
1201 702 44 26 ett
1264 699 120 36 anslag
1402 709 42 20 av
1462 699 174 36 2,000,000

130 748 138 30 kronor.

175 849 66 30 För
264 848 264 37 ifrågavarande
554 849 164 31 ändamål
743 851 37 29 är
802 849 20 32 å
844 850 186 30 riksslaten
1053 850 54 30 för
1130 851 233 30 innevarande
1387 851 168 36 budgetår
1577 861 58 20 an-

131 900 88 30 visat
240 903 46 28 ett
307 900 268 37 förslagsanslag
600 910 42 21 av
668 901 172 36 7,500,000
862 901 140 30 kronor.

175 952 14 29 I
212 950 162 37 förslaget
396 951 51 30 till
468 951 155 30 riktsslat
648 952 56 29 för
727 953 98 29 nästa
848 951 168 37 budgetår
1040 953 64 29 har
1127 952 196 31 inkomsten
1347 962 43 21 av
1414 953 223 36 vadhållning

131 1001 57 31 vid
210 1001 293 37 idrottstävlingar
525 1002 186 30 beräknats
736 1003 49 29 till
814 1003 194 36 10,000,000
1031 1004 139 29 kronor.
1207 1004 113 36 Enligt
1342 1004 42 30 de
1409 1014 42 20 av
1476 1005 82 30 1939
1581 1003 56 31 års

132 1053 140 36 lagtima
302 1053 141 36 riksdag
474 1053 123 36 gillade
628 1053 221 37 principerna
880 1053 56 31 för
967 1053 241 37 fördelningen
1240 1064 42 21 av
1314 1055 100 30 dessa
1448 1055 190 30 inkomster

132 1104 109 30 skulle
269 1104 174 36 5,000,000
473 1104 128 30 kronor
632 1104 147 30 tillföras
806 1104 132 31 fonden
964 1105 55 30 för
1046 1105 167 31 idrottens
1239 1105 207 39 främjande.
1486 1107 14 29 I
1529 1115 107 21 nuva-

131 1154 107 30 rande
260 1155 74 35 läge
357 1154 65 30 har
446 1154 379 36 departementschefen
851 1156 190 30 emellertid
1065 1159 111 27 ansett
1200 1156 235 37 tilldelningen
1459 1166 41 20 av
1526 1157 112 30 medel

131 1204 56 31 för
211 1205 215 30 sistnämnda
452 1205 163 31 ändamål
639 1206 85 30 böra
746 1207 196 35 begränsas.
980 1207 78 30 Med
1080 1208 138 36 hänsyn
1240 1208 50 29 till
1316 1210 49 27 att
1389 1208 42 30 de
1454 1207 107 37 årliga
1584 1217 53 20 or-

132 1256 132 30 dinarie
290 1256 165 36 anslagen
481 1257 51 29 till
561 1256 137 31 idrotts-
729 1258 65 29 och
821 1257 415 37 gymnastikförbundens
1266 1259 221 30 verksamhet
1513 1259 125 36 belöpa

131 1306 50 36 sig
203 1305 46 38 på
272 1307 231 36 sammanlagt
528 1307 161 37 omkring
715 1308 171 36 1,500,000
911 1308 130 31 kronor
1062 1310 66 29 och
1151 1309 55 30 för
1228 1312 49 27 att
1298 1309 205 39 möjliggöra
1530 1310 107 36 tillgo-

132 1357 169 31 doseende
324 1367 43 21 av
391 1358 139 30 särskilt
553 1359 190 36 angelägna
767 1359 122 36 behov,
915 1369 75 20 som
1015 1360 188 30 härutöver
1225 1360 120 30 kunna
1369 1370 93 27 yppa
1489 1361 59 36 sig,
1573 1361 66 30 har

131 1408 358 37 medelsanvisningen
514 1409 49 29 till
591 1409 131 30 fonden
745 1409 54 30 för
823 1411 100 29 nästa
949 1410 166 36 budgetår
1139 1414 94 33 synts
1257 1411 381 36 departementschefen

131 1459 75 30 icke
231 1459 84 30 böra
341 1459 198 37 understiga
567 1461 174 35 2,000,000
767 1460 140 30 kronor.
949 1461 67 29 Om
1042 1461 392 37 inkomstberäkningen
1459 1463 38 29 är
1522 1462 114 36 riktig,

132 1509 110 30 skulle
271 1510 92 30 detta
389 1510 167 36 medföra,
584 1513 50 27 att
662 1510 55 30 för
743 1511 145 30 allmänt
914 1512 189 35 budgetära
1129 1512 163 30 ändamål
1318 1513 111 29 skulle
1454 1512 92 31 bliva
1572 1513 65 29 till-

132 1560 156 36 gängliga
315 1561 174 35 3,000,000
519 1561 130 29 kronor
676 1571 72 20 mer
775 1563 45 29 än
850 1572 57 20 om
938 1562 86 30 först
1051 1562 232 31 omförmälda
1310 1563 174 36 principer
1512 1564 125 29 tilläm-

131 1611 115 35 pades.

176 1661 123 31 Vidare
322 1660 155 37 föreslås,
504 1665 48 27 att
576 1662 370 37 avsättningsanslaget
970 1664 49 29 till
1045 1664 131 30 fonden
1201 1664 54 30 för
1278 1665 167 30 idrottens
1469 1665 164 38 främjan-

127 1712 41 29 de
190 1712 54 30 för
266 1713 99 29 nästa
386 1712 166 37 budgetår
577 1713 147 31 erhåller
746 1714 166 30 karaktär
933 1724 43 21 av
997 1716 205 30 obetecknat
1223 1716 128 36 anslag.

177 1813 169 31 Utskottet
369 1815 65 28 har
458 1814 84 30 intet
566 1818 49 27 att
641 1815 110 31 erinra
778 1819 72 27 mot
878 1816 66 30 den
969 1826 42 20 av
1036 1817 380 36 departementschefen
1442 1817 195 37 föreslagna

131 1864 357 36 medelsanvisningen
514 1865 47 30 till
583 1865 132 31 fonden
736 1866 126 30 liksom
886 1867 31 38 ej
940 1867 106 29 heller
1067 1871 49 26 alt
1138 1868 367 36 avsättningsanslaget
1526 1867 110 31 erhål-

132 1914 46 29 ler
200 1914 164 30 karaktär
387 1924 42 21 av
453 1916 204 29 obetecknat
679 1917 128 36 anslag.

177 1965 168 30 Utskottet
370 1966 207 36 hemställer,

483 2062 45 27 att
556 2059 185 37 riksdagen
766 2060 57 30 må
854 2060 48 30 till
927 2062 202 35 Avsättning
1159 2062 49 29 till
1233 2062 130 37 fonden
1388 2062 55 37 för
1470 2063 166 30 idrottens

440 2109 196 39 främjande
680 2110 54 30 för
775 2111 201 35 budgetåret
1019 2109 130 38 1940/41
1194 2112 118 31 anvisa
1353 2116 46 26 ett
1437 2114 119 35 anslag
1595 2123 42 20 av

435 2161 172 35 2.000,000
639 2161 137 30 kronor.

177 2309 87 39 75:0)
306 2310 206 37 Avsättning
539 2311 50 30 till
617 2312 133 30 fonden
776 2313 55 29 för
858 2313 238 29 friluftslivets
1123 2313 210 34 främjande.
1383 2314 123 36 Kungl.
1534 2314 101 36 Maj:t

136 2360 61 29 har
220 2360 174 36 föreslagit
418 2361 181 36 riksdagen
630 2362 122 38 (punkt
776 2364 50 34 83,
852 2364 61 29 sid.
942 2365 59 28 158
1027 2365 64 28 och
1119 2363 71 39 159)
1219 2367 47 27 att
1290 2365 50 29 till
1364 2365 196 36 avsättning
1581 2366 50 29 till

135 2410 126 30 fonden
286 2411 53 29 för
362 2411 229 31 friluftslivets
615 2412 196 36 främjande
835 2414 52 28 för
911 2413 199 36 budgetåret
1137 2411 132 34 1940/41
1299 2414 120 31 anvisa
1443 2418 45 27 ett
1512 2416 120 35 anslag

132 2470 43 20 av
197 2462 138 34 5300,000
358 2462 137 30 kronor.

1687 1825 122 24 Utskottet.
