<?xml version="1.0" encoding="UTF-8"?>
<alto xmlns="http://www.loc.gov/standards/alto/ns-v3#" xmlns:xlink="http://www.w3.org/1999/xlink" xmlns:xsi="http://www.w3.org/2001/XMLSchema-instance" xsi:schemaLocation="http://www.loc.gov/standards/alto/ns-v3# http://www.loc.gov/alto/v3/alto-3-0.xsd">
	<Description>
		<MeasurementUnit>pixel</MeasurementUnit>
		<sourceImageInformation>
			<fileName>/tmp/tess_xyydz96r_input.PNG</fileName>
		</sourceImageInformation>
		<OCRProcessing ID="OCR_0">
			<ocrProcessingStep>
				<processingSoftware>
					<softwareName>tesseract 5.3.0</softwareName>
				</processingSoftware>
			</ocrProcessingStep>
		</OCRProcessing>
	</Description>
	<Layout>
		<Page WIDTH="1908" HEIGHT="2818" PHYSICAL_IMG_NR="0" ID="page_0">
			<PrintSpace HPOS="0" VPOS="0" WIDTH="1908" HEIGHT="2818">
				<ComposedBlock ID="cblock_0" HPOS="128" VPOS="749" WIDTH="128" HEIGHT="24">
					<TextBlock ID="block_0" HPOS="128" VPOS="749" WIDTH="128" HEIGHT="24">
						<TextLine ID="line_0" HPOS="128" VPOS="749" WIDTH="128" HEIGHT="24">
							<String ID="string_0" HPOS="128" VPOS="749" WIDTH="128" HEIGHT="24" WC="0.74" CONTENT="Utskottet."/>
						</TextLine>
					</TextBlock>
				</ComposedBlock>
				<ComposedBlock ID="cblock_1" HPOS="294" VPOS="144" WIDTH="1074" HEIGHT="36">
					<TextBlock ID="block_1" HPOS="294" VPOS="144" WIDTH="1074" HEIGHT="36">
						<TextLine ID="line_1" HPOS="294" VPOS="144" WIDTH="1074" HEIGHT="36">
							<String ID="string_1" HPOS="294" VPOS="144" WIDTH="40" HEIGHT="31" WC="0.96" CONTENT="30"/><SP WIDTH="410" VPOS="144" HPOS="334"/>
							<String ID="string_2" HPOS="744" VPOS="149" WIDTH="276" HEIGHT="31" WC="0.90" CONTENT="Statsutskottets"/><SP WIDTH="25" VPOS="149" HPOS="1020"/>
							<String ID="string_3" HPOS="1045" VPOS="147" WIDTH="176" HEIGHT="32" WC="0.96" CONTENT="utlåtande"/><SP WIDTH="26" VPOS="147" HPOS="1221"/>
							<String ID="string_4" HPOS="1247" VPOS="148" WIDTH="47" HEIGHT="31" WC="0.96" CONTENT="Nr"/><SP WIDTH="26" VPOS="148" HPOS="1294"/>
							<String ID="string_5" HPOS="1320" VPOS="149" WIDTH="48" HEIGHT="30" WC="0.95" CONTENT="10."/>
						</TextLine>
					</TextBlock>
				</ComposedBlock>
				<ComposedBlock ID="cblock_2" HPOS="297" VPOS="231" WIDTH="1504" HEIGHT="442">
					<TextBlock ID="block_2" HPOS="297" VPOS="231" WIDTH="1502" HEIGHT="140">
						<TextLine ID="line_2" HPOS="298" VPOS="231" WIDTH="1501" HEIGHT="38">
							<String ID="string_6" HPOS="298" VPOS="232" WIDTH="279" HEIGHT="31" WC="0.90" CONTENT="delskammaren"/><SP WIDTH="18" VPOS="232" HPOS="577"/>
							<String ID="string_7" HPOS="595" VPOS="233" WIDTH="10" HEIGHT="29" WC="0.96" CONTENT="i"/><SP WIDTH="18" VPOS="233" HPOS="605"/>
							<String ID="string_8" HPOS="623" VPOS="232" WIDTH="156" HEIGHT="37" WC="0.93" CONTENT="London,"/><SP WIDTH="21" VPOS="232" HPOS="779"/>
							<String ID="string_9" HPOS="800" VPOS="233" WIDTH="116" HEIGHT="35" WC="0.92" CONTENT="12,500"/><SP WIDTH="20" VPOS="233" HPOS="916"/>
							<String ID="string_10" HPOS="936" VPOS="234" WIDTH="130" HEIGHT="29" WC="0.96" CONTENT="kronor"/><SP WIDTH="17" VPOS="234" HPOS="1066"/>
							<String ID="string_11" HPOS="1083" VPOS="232" WIDTH="50" HEIGHT="31" WC="0.96" CONTENT="till"/><SP WIDTH="19" VPOS="232" HPOS="1133"/>
							<String ID="string_12" HPOS="1152" VPOS="232" WIDTH="353" HEIGHT="31" WC="0.94" CONTENT="handelskammaren"/><SP WIDTH="18" VPOS="232" HPOS="1505"/>
							<String ID="string_13" HPOS="1523" VPOS="232" WIDTH="11" HEIGHT="29" WC="0.96" CONTENT="i"/><SP WIDTH="19" VPOS="232" HPOS="1534"/>
							<String ID="string_14" HPOS="1553" VPOS="231" WIDTH="106" HEIGHT="36" WC="0.93" CONTENT="Paris,"/><SP WIDTH="21" VPOS="231" HPOS="1659"/>
							<String ID="string_15" HPOS="1680" VPOS="232" WIDTH="119" HEIGHT="35" WC="0.92" CONTENT="34,000"/>
						</TextLine>
						<TextLine ID="line_3" HPOS="297" VPOS="282" WIDTH="1501" HEIGHT="37">
							<String ID="string_16" HPOS="297" VPOS="283" WIDTH="129" HEIGHT="30" WC="0.96" CONTENT="kronor"/><SP WIDTH="18" VPOS="283" HPOS="426"/>
							<String ID="string_17" HPOS="444" VPOS="283" WIDTH="52" HEIGHT="31" WC="0.95" CONTENT="till"/><SP WIDTH="18" VPOS="283" HPOS="496"/>
							<String ID="string_18" HPOS="514" VPOS="283" WIDTH="351" HEIGHT="30" WC="0.95" CONTENT="handelskammaren"/><SP WIDTH="18" VPOS="283" HPOS="865"/>
							<String ID="string_19" HPOS="883" VPOS="283" WIDTH="10" HEIGHT="30" WC="0.96" CONTENT="i"/><SP WIDTH="22" VPOS="283" HPOS="893"/>
							<String ID="string_20" HPOS="915" VPOS="283" WIDTH="82" HEIGHT="31" WC="0.96" CONTENT="New"/><SP WIDTH="19" VPOS="283" HPOS="997"/>
							<String ID="string_21" HPOS="1016" VPOS="283" WIDTH="102" HEIGHT="36" WC="0.93" CONTENT="York,"/><SP WIDTH="22" VPOS="283" HPOS="1118"/>
							<String ID="string_22" HPOS="1140" VPOS="283" WIDTH="118" HEIGHT="35" WC="0.92" CONTENT="17,500"/><SP WIDTH="19" VPOS="283" HPOS="1258"/>
							<String ID="string_23" HPOS="1277" VPOS="283" WIDTH="129" HEIGHT="30" WC="0.96" CONTENT="kronor"/><SP WIDTH="18" VPOS="283" HPOS="1406"/>
							<String ID="string_24" HPOS="1424" VPOS="282" WIDTH="52" HEIGHT="30" WC="0.93" CONTENT="till"/><SP WIDTH="19" VPOS="282" HPOS="1476"/>
							<String ID="string_25" HPOS="1495" VPOS="282" WIDTH="303" HEIGHT="30" WC="0.90" CONTENT="handelskamma-"/>
						</TextLine>
						<TextLine ID="line_4" HPOS="297" VPOS="332" WIDTH="1199" HEIGHT="39">
							<String ID="string_26" HPOS="297" VPOS="343" WIDTH="60" HEIGHT="21" WC="0.96" CONTENT="ren"/><SP WIDTH="22" VPOS="343" HPOS="357"/>
							<String ID="string_27" HPOS="379" VPOS="334" WIDTH="10" HEIGHT="30" WC="0.96" CONTENT="i"/><SP WIDTH="22" VPOS="334" HPOS="389"/>
							<String ID="string_28" HPOS="411" VPOS="333" WIDTH="139" HEIGHT="38" WC="0.96" CONTENT="Sydney"/><SP WIDTH="21" VPOS="333" HPOS="550"/>
							<String ID="string_29" HPOS="571" VPOS="334" WIDTH="65" HEIGHT="30" WC="0.93" CONTENT="och"/><SP WIDTH="21" VPOS="334" HPOS="636"/>
							<String ID="string_30" HPOS="657" VPOS="334" WIDTH="98" HEIGHT="35" WC="0.92" CONTENT="5,000"/><SP WIDTH="21" VPOS="334" HPOS="755"/>
							<String ID="string_31" HPOS="776" VPOS="334" WIDTH="128" HEIGHT="29" WC="0.96" CONTENT="kronor"/><SP WIDTH="21" VPOS="334" HPOS="904"/>
							<String ID="string_32" HPOS="925" VPOS="334" WIDTH="51" HEIGHT="30" WC="0.96" CONTENT="till"/><SP WIDTH="23" VPOS="334" HPOS="976"/>
							<String ID="string_33" HPOS="999" VPOS="333" WIDTH="351" HEIGHT="30" WC="0.96" CONTENT="handelskammaren"/><SP WIDTH="19" VPOS="333" HPOS="1350"/>
							<String ID="string_34" HPOS="1369" VPOS="333" WIDTH="11" HEIGHT="29" WC="0.96" CONTENT="i"/><SP WIDTH="21" VPOS="333" HPOS="1380"/>
							<String ID="string_35" HPOS="1401" VPOS="332" WIDTH="95" HEIGHT="36" WC="0.96" CONTENT="Riga."/>
						</TextLine>
					</TextBlock>
					<TextBlock ID="block_3" HPOS="297" VPOS="382" WIDTH="1504" HEIGHT="291">
						<TextLine ID="line_5" HPOS="341" VPOS="382" WIDTH="1460" HEIGHT="38">
							<String ID="string_36" HPOS="341" VPOS="384" WIDTH="242" HEIGHT="31" WC="0.91" CONTENT="Omförmälda"/><SP WIDTH="18" VPOS="384" HPOS="583"/>
							<String ID="string_37" HPOS="601" VPOS="384" WIDTH="137" HEIGHT="36" WC="0.92" CONTENT="belopp,"/><SP WIDTH="21" VPOS="384" HPOS="738"/>
							<String ID="string_38" HPOS="759" VPOS="384" WIDTH="138" HEIGHT="35" WC="0.92" CONTENT="101,500"/><SP WIDTH="20" VPOS="384" HPOS="897"/>
							<String ID="string_39" HPOS="917" VPOS="384" WIDTH="139" HEIGHT="35" WC="0.96" CONTENT="kronor,"/><SP WIDTH="19" VPOS="384" HPOS="1056"/>
							<String ID="string_40" HPOS="1075" VPOS="383" WIDTH="63" HEIGHT="30" WC="0.96" CONTENT="har"/><SP WIDTH="17" VPOS="383" HPOS="1138"/>
							<String ID="string_41" HPOS="1155" VPOS="383" WIDTH="186" HEIGHT="30" WC="0.96" CONTENT="beräknats"/><SP WIDTH="18" VPOS="383" HPOS="1341"/>
							<String ID="string_42" HPOS="1359" VPOS="383" WIDTH="111" HEIGHT="30" WC="0.96" CONTENT="under"/><SP WIDTH="17" VPOS="383" HPOS="1470"/>
							<String ID="string_43" HPOS="1487" VPOS="382" WIDTH="247" HEIGHT="38" WC="0.96" CONTENT="förutsättning"/><SP WIDTH="18" VPOS="382" HPOS="1734"/>
							<String ID="string_44" HPOS="1752" VPOS="384" WIDTH="49" HEIGHT="29" WC="0.97" CONTENT="att"/>
						</TextLine>
						<TextLine ID="line_6" HPOS="297" VPOS="433" WIDTH="1501" HEIGHT="38">
							<String ID="string_45" HPOS="297" VPOS="434" WIDTH="107" HEIGHT="37" WC="0.93" CONTENT="några"/><SP WIDTH="23" VPOS="434" HPOS="404"/>
							<String ID="string_46" HPOS="427" VPOS="435" WIDTH="278" HEIGHT="36" WC="0.91" CONTENT="handelskurser,"/><SP WIDTH="26" VPOS="435" HPOS="705"/>
							<String ID="string_47" HPOS="731" VPOS="435" WIDTH="11" HEIGHT="30" WC="0.96" CONTENT="i"/><SP WIDTH="25" VPOS="435" HPOS="742"/>
							<String ID="string_48" HPOS="767" VPOS="438" WIDTH="143" HEIGHT="27" WC="0.96" CONTENT="motsats"/><SP WIDTH="25" VPOS="438" HPOS="910"/>
							<String ID="string_49" HPOS="935" VPOS="435" WIDTH="52" HEIGHT="30" WC="0.96" CONTENT="till"/><SP WIDTH="26" VPOS="435" HPOS="987"/>
							<String ID="string_50" HPOS="1013" VPOS="435" WIDTH="66" HEIGHT="30" WC="0.96" CONTENT="vad"/><SP WIDTH="24" VPOS="435" HPOS="1079"/>
							<String ID="string_51" HPOS="1103" VPOS="434" WIDTH="145" HEIGHT="36" WC="0.96" CONTENT="tidigare"/><SP WIDTH="24" VPOS="434" HPOS="1248"/>
							<String ID="string_52" HPOS="1272" VPOS="435" WIDTH="97" HEIGHT="34" WC="0.96" CONTENT="skett,"/><SP WIDTH="27" VPOS="435" HPOS="1369"/>
							<String ID="string_53" HPOS="1396" VPOS="433" WIDTH="76" HEIGHT="31" WC="0.96" CONTENT="icke"/><SP WIDTH="25" VPOS="433" HPOS="1472"/>
							<String ID="string_54" HPOS="1497" VPOS="434" WIDTH="142" HEIGHT="30" WC="0.96" CONTENT="komma"/><SP WIDTH="26" VPOS="434" HPOS="1639"/>
							<String ID="string_55" HPOS="1665" VPOS="436" WIDTH="50" HEIGHT="28" WC="0.93" CONTENT="att"/><SP WIDTH="25" VPOS="436" HPOS="1715"/>
							<String ID="string_56" HPOS="1740" VPOS="443" WIDTH="58" HEIGHT="21" WC="0.92" CONTENT="an-"/>
						</TextLine>
						<TextLine ID="line_7" HPOS="297" VPOS="482" WIDTH="1501" HEIGHT="34">
							<String ID="string_57" HPOS="297" VPOS="484" WIDTH="126" HEIGHT="31" WC="0.96" CONTENT="ordnas"/><SP WIDTH="21" VPOS="484" HPOS="423"/>
							<String ID="string_58" HPOS="444" VPOS="494" WIDTH="43" HEIGHT="21" WC="0.93" CONTENT="av"/><SP WIDTH="20" VPOS="494" HPOS="487"/>
							<String ID="string_59" HPOS="507" VPOS="485" WIDTH="335" HEIGHT="31" WC="0.91" CONTENT="handelskamrarna"/><SP WIDTH="22" VPOS="485" HPOS="842"/>
							<String ID="string_60" HPOS="864" VPOS="485" WIDTH="10" HEIGHT="29" WC="0.96" CONTENT="i"/><SP WIDTH="20" VPOS="485" HPOS="874"/>
							<String ID="string_61" HPOS="894" VPOS="485" WIDTH="146" HEIGHT="30" WC="0.96" CONTENT="London"/><SP WIDTH="22" VPOS="485" HPOS="1040"/>
							<String ID="string_62" HPOS="1062" VPOS="485" WIDTH="65" HEIGHT="30" WC="0.96" CONTENT="och"/><SP WIDTH="19" VPOS="485" HPOS="1127"/>
							<String ID="string_63" HPOS="1146" VPOS="484" WIDTH="98" HEIGHT="31" WC="0.96" CONTENT="Paris"/><SP WIDTH="20" VPOS="484" HPOS="1244"/>
							<String ID="string_64" HPOS="1264" VPOS="484" WIDTH="109" HEIGHT="30" WC="0.96" CONTENT="under"/><SP WIDTH="22" VPOS="484" HPOS="1373"/>
							<String ID="string_65" HPOS="1395" VPOS="484" WIDTH="94" HEIGHT="30" WC="0.96" CONTENT="1940."/><SP WIDTH="46" VPOS="484" HPOS="1489"/>
							<String ID="string_66" HPOS="1535" VPOS="483" WIDTH="115" HEIGHT="31" WC="0.89" CONTENT="Skulle"/><SP WIDTH="18" VPOS="483" HPOS="1650"/>
							<String ID="string_67" HPOS="1668" VPOS="482" WIDTH="130" HEIGHT="31" WC="0.92" CONTENT="förhål-"/>
						</TextLine>
						<TextLine ID="line_8" HPOS="297" VPOS="532" WIDTH="1501" HEIGHT="41">
							<String ID="string_68" HPOS="297" VPOS="535" WIDTH="149" HEIGHT="31" WC="0.92" CONTENT="landena"/><SP WIDTH="20" VPOS="535" HPOS="446"/>
							<String ID="string_69" HPOS="466" VPOS="534" WIDTH="204" HEIGHT="38" WC="0.93" CONTENT="möjliggöra"/><SP WIDTH="18" VPOS="534" HPOS="670"/>
							<String ID="string_70" HPOS="688" VPOS="535" WIDTH="240" HEIGHT="31" WC="0.91" CONTENT="anordnandet"/><SP WIDTH="20" VPOS="535" HPOS="928"/>
							<String ID="string_71" HPOS="948" VPOS="545" WIDTH="42" HEIGHT="21" WC="0.96" CONTENT="av"/><SP WIDTH="19" VPOS="545" HPOS="990"/>
							<String ID="string_72" HPOS="1009" VPOS="535" WIDTH="117" HEIGHT="38" WC="0.96" CONTENT="dylika"/><SP WIDTH="16" VPOS="535" HPOS="1126"/>
							<String ID="string_73" HPOS="1142" VPOS="536" WIDTH="122" HEIGHT="29" WC="0.96" CONTENT="kurser"/><SP WIDTH="21" VPOS="536" HPOS="1264"/>
							<String ID="string_74" HPOS="1285" VPOS="535" WIDTH="85" HEIGHT="30" WC="0.96" CONTENT="även"/><SP WIDTH="18" VPOS="535" HPOS="1370"/>
							<String ID="string_75" HPOS="1388" VPOS="534" WIDTH="95" HEIGHT="30" WC="0.96" CONTENT="detta"/><SP WIDTH="17" VPOS="534" HPOS="1483"/>
							<String ID="string_76" HPOS="1500" VPOS="532" WIDTH="48" HEIGHT="38" WC="0.96" CONTENT="år,"/><SP WIDTH="20" VPOS="532" HPOS="1548"/>
							<String ID="string_77" HPOS="1568" VPOS="533" WIDTH="104" HEIGHT="37" WC="0.92" CONTENT="torde,"/><SP WIDTH="20" VPOS="533" HPOS="1672"/>
							<String ID="string_78" HPOS="1692" VPOS="533" WIDTH="106" HEIGHT="30" WC="0.92" CONTENT="fram-"/>
						</TextLine>
						<TextLine ID="line_9" HPOS="297" VPOS="582" WIDTH="1502" HEIGHT="41">
							<String ID="string_79" HPOS="297" VPOS="584" WIDTH="109" HEIGHT="32" WC="0.93" CONTENT="håller"/><SP WIDTH="18" VPOS="584" HPOS="406"/>
							<String ID="string_80" HPOS="424" VPOS="586" WIDTH="390" HEIGHT="37" WC="0.90" CONTENT="departementschefen,"/><SP WIDTH="22" VPOS="586" HPOS="814"/>
							<String ID="string_81" HPOS="836" VPOS="585" WIDTH="224" HEIGHT="37" WC="0.96" CONTENT="erforderliga"/><SP WIDTH="22" VPOS="585" HPOS="1060"/>
							<String ID="string_82" HPOS="1082" VPOS="585" WIDTH="119" HEIGHT="36" WC="0.96" CONTENT="anslag"/><SP WIDTH="21" VPOS="585" HPOS="1201"/>
							<String ID="string_83" HPOS="1222" VPOS="585" WIDTH="119" HEIGHT="30" WC="0.96" CONTENT="härför"/><SP WIDTH="20" VPOS="585" HPOS="1341"/>
							<String ID="string_84" HPOS="1361" VPOS="585" WIDTH="120" HEIGHT="30" WC="0.96" CONTENT="kunna"/><SP WIDTH="20" VPOS="585" HPOS="1481"/>
							<String ID="string_85" HPOS="1501" VPOS="583" WIDTH="81" HEIGHT="37" WC="0.96" CONTENT="utgå"/><SP WIDTH="20" VPOS="583" HPOS="1582"/>
							<String ID="string_86" HPOS="1602" VPOS="583" WIDTH="79" HEIGHT="31" WC="0.96" CONTENT="från"/><SP WIDTH="20" VPOS="583" HPOS="1681"/>
							<String ID="string_87" HPOS="1701" VPOS="582" WIDTH="98" HEIGHT="38" WC="0.95" CONTENT="eljest"/>
						</TextLine>
						<TextLine ID="line_10" HPOS="297" VPOS="634" WIDTH="696" HEIGHT="39">
							<String ID="string_88" HPOS="297" VPOS="635" WIDTH="54" HEIGHT="31" WC="0.96" CONTENT="för"/><SP WIDTH="21" VPOS="635" HPOS="351"/>
							<String ID="string_89" HPOS="372" VPOS="636" WIDTH="122" HEIGHT="36" WC="0.94" CONTENT="Kungl."/><SP WIDTH="24" VPOS="636" HPOS="494"/>
							<String ID="string_90" HPOS="518" VPOS="634" WIDTH="101" HEIGHT="38" WC="0.96" CONTENT="Maj:t"/><SP WIDTH="19" VPOS="634" HPOS="619"/>
							<String ID="string_91" HPOS="638" VPOS="636" WIDTH="211" HEIGHT="37" WC="0.96" CONTENT="tillgängliga"/><SP WIDTH="22" VPOS="636" HPOS="849"/>
							<String ID="string_92" HPOS="871" VPOS="636" WIDTH="122" HEIGHT="30" WC="0.96" CONTENT="medel."/>
						</TextLine>
					</TextBlock>
				</ComposedBlock>
				<ComposedBlock ID="cblock_3" HPOS="296" VPOS="743" WIDTH="1504" HEIGHT="90">
					<TextBlock ID="block_4" HPOS="296" VPOS="743" WIDTH="1504" HEIGHT="90">
						<TextLine ID="line_11" HPOS="342" VPOS="743" WIDTH="1458" HEIGHT="38">
							<String ID="string_93" HPOS="342" VPOS="745" WIDTH="181" HEIGHT="36" WC="0.96" CONTENT="Utskottet,"/><SP WIDTH="26" VPOS="745" HPOS="523"/>
							<String ID="string_94" HPOS="549" VPOS="754" WIDTH="74" HEIGHT="22" WC="0.96" CONTENT="som"/><SP WIDTH="25" VPOS="754" HPOS="623"/>
							<String ID="string_95" HPOS="648" VPOS="744" WIDTH="75" HEIGHT="31" WC="0.96" CONTENT="icke"/><SP WIDTH="26" VPOS="744" HPOS="723"/>
							<String ID="string_96" HPOS="749" VPOS="744" WIDTH="116" HEIGHT="31" WC="0.96" CONTENT="funnit"/><SP WIDTH="27" VPOS="744" HPOS="865"/>
							<String ID="string_97" HPOS="892" VPOS="744" WIDTH="186" HEIGHT="37" WC="0.96" CONTENT="anledning"/><SP WIDTH="25" VPOS="744" HPOS="1078"/>
							<String ID="string_98" HPOS="1103" VPOS="744" WIDTH="49" HEIGHT="31" WC="0.95" CONTENT="till"/><SP WIDTH="27" VPOS="744" HPOS="1152"/>
							<String ID="string_99" HPOS="1179" VPOS="744" WIDTH="138" HEIGHT="31" WC="0.96" CONTENT="erinran"/><SP WIDTH="28" VPOS="744" HPOS="1317"/>
							<String ID="string_100" HPOS="1345" VPOS="747" WIDTH="72" HEIGHT="27" WC="0.96" CONTENT="mot"/><SP WIDTH="27" VPOS="747" HPOS="1417"/>
							<String ID="string_101" HPOS="1444" VPOS="744" WIDTH="56" HEIGHT="30" WC="0.96" CONTENT="det"/><SP WIDTH="28" VPOS="744" HPOS="1500"/>
							<String ID="string_102" HPOS="1528" VPOS="743" WIDTH="111" HEIGHT="31" WC="0.93" CONTENT="under"/><SP WIDTH="26" VPOS="743" HPOS="1639"/>
							<String ID="string_103" HPOS="1665" VPOS="743" WIDTH="135" HEIGHT="31" WC="0.92" CONTENT="föreva-"/>
						</TextLine>
						<TextLine ID="line_12" HPOS="296" VPOS="795" WIDTH="955" HEIGHT="38">
							<String ID="string_104" HPOS="296" VPOS="795" WIDTH="106" HEIGHT="31" WC="0.96" CONTENT="rande"/><SP WIDTH="23" VPOS="795" HPOS="402"/>
							<String ID="string_105" HPOS="425" VPOS="796" WIDTH="113" HEIGHT="36" WC="0.93" CONTENT="punkt"/><SP WIDTH="22" VPOS="796" HPOS="538"/>
							<String ID="string_106" HPOS="560" VPOS="796" WIDTH="128" HEIGHT="30" WC="0.91" CONTENT="äskade"/><SP WIDTH="22" VPOS="796" HPOS="688"/>
							<String ID="string_107" HPOS="710" VPOS="795" WIDTH="309" HEIGHT="38" WC="0.90" CONTENT="anslagsbeloppet,"/><SP WIDTH="25" VPOS="795" HPOS="1019"/>
							<String ID="string_108" HPOS="1044" VPOS="795" WIDTH="207" HEIGHT="36" WC="0.96" CONTENT="hemställer,"/>
						</TextLine>
					</TextBlock>
				</ComposedBlock>
				<ComposedBlock ID="cblock_4" HPOS="605" VPOS="884" WIDTH="1192" HEIGHT="141">
					<TextBlock ID="block_5" HPOS="605" VPOS="884" WIDTH="1192" HEIGHT="141">
						<TextLine ID="line_13" HPOS="647" VPOS="884" WIDTH="1150" HEIGHT="40">
							<String ID="string_109" HPOS="647" VPOS="890" WIDTH="49" HEIGHT="28" WC="0.96" CONTENT="att"/><SP WIDTH="27" VPOS="890" HPOS="696"/>
							<String ID="string_110" HPOS="723" VPOS="887" WIDTH="183" HEIGHT="37" WC="0.96" CONTENT="riksdagen"/><SP WIDTH="25" VPOS="887" HPOS="906"/>
							<String ID="string_111" HPOS="931" VPOS="886" WIDTH="59" HEIGHT="31" WC="0.96" CONTENT="må"/><SP WIDTH="25" VPOS="886" HPOS="990"/>
							<String ID="string_112" HPOS="1015" VPOS="886" WIDTH="113" HEIGHT="32" WC="0.96" CONTENT="såsom"/><SP WIDTH="24" VPOS="886" HPOS="1128"/>
							<String ID="string_113" HPOS="1152" VPOS="886" WIDTH="127" HEIGHT="37" WC="0.96" CONTENT="Bidrag"/><SP WIDTH="27" VPOS="886" HPOS="1279"/>
							<String ID="string_114" HPOS="1306" VPOS="886" WIDTH="50" HEIGHT="30" WC="0.96" CONTENT="till"/><SP WIDTH="25" VPOS="886" HPOS="1356"/>
							<String ID="string_115" HPOS="1381" VPOS="885" WIDTH="149" HEIGHT="31" WC="0.91" CONTENT="svenska"/><SP WIDTH="24" VPOS="885" HPOS="1530"/>
							<String ID="string_116" HPOS="1554" VPOS="884" WIDTH="243" HEIGHT="32" WC="0.91" CONTENT="handelskam-"/>
						</TextLine>
						<TextLine ID="line_14" HPOS="605" VPOS="932" WIDTH="1192" HEIGHT="41">
							<String ID="string_117" HPOS="605" VPOS="946" WIDTH="56" HEIGHT="22" WC="0.96" CONTENT="rar"/><SP WIDTH="26" VPOS="946" HPOS="661"/>
							<String ID="string_118" HPOS="687" VPOS="938" WIDTH="10" HEIGHT="29" WC="0.96" CONTENT="i"/><SP WIDTH="27" VPOS="938" HPOS="697"/>
							<String ID="string_119" HPOS="724" VPOS="937" WIDTH="154" HEIGHT="30" WC="0.96" CONTENT="utlandet"/><SP WIDTH="26" VPOS="937" HPOS="878"/>
							<String ID="string_120" HPOS="904" VPOS="937" WIDTH="55" HEIGHT="31" WC="0.96" CONTENT="för"/><SP WIDTH="29" VPOS="937" HPOS="959"/>
							<String ID="string_121" HPOS="988" VPOS="936" WIDTH="200" HEIGHT="37" WC="0.93" CONTENT="budgetåret"/><SP WIDTH="30" VPOS="936" HPOS="1188"/>
							<String ID="string_122" HPOS="1218" VPOS="932" WIDTH="137" HEIGHT="37" WC="0.92" CONTENT="1940/41"/><SP WIDTH="32" VPOS="932" HPOS="1355"/>
							<String ID="string_123" HPOS="1387" VPOS="936" WIDTH="121" HEIGHT="31" WC="0.96" CONTENT="anvisa"/><SP WIDTH="26" VPOS="936" HPOS="1508"/>
							<String ID="string_124" HPOS="1534" VPOS="939" WIDTH="46" HEIGHT="28" WC="0.95" CONTENT="ett"/><SP WIDTH="26" VPOS="939" HPOS="1580"/>
							<String ID="string_125" HPOS="1606" VPOS="936" WIDTH="120" HEIGHT="36" WC="0.96" CONTENT="anslag"/><SP WIDTH="30" VPOS="936" HPOS="1726"/>
							<String ID="string_126" HPOS="1756" VPOS="945" WIDTH="41" HEIGHT="21" WC="0.95" CONTENT="av"/>
						</TextLine>
						<TextLine ID="line_15" HPOS="607" VPOS="989" WIDTH="295" HEIGHT="36">
							<String ID="string_127" HPOS="607" VPOS="989" WIDTH="139" HEIGHT="36" WC="0.91" CONTENT="101,500"/><SP WIDTH="18" VPOS="989" HPOS="746"/>
							<String ID="string_128" HPOS="764" VPOS="989" WIDTH="138" HEIGHT="29" WC="0.96" CONTENT="kronor."/>
						</TextLine>
					</TextBlock>
				</ComposedBlock>
				<ComposedBlock ID="cblock_5" HPOS="294" VPOS="1119" WIDTH="1505" HEIGHT="242">
					<TextBlock ID="block_6" HPOS="294" VPOS="1119" WIDTH="1505" HEIGHT="242">
						<TextLine ID="line_16" HPOS="340" VPOS="1119" WIDTH="1459" HEIGHT="43">
							<String ID="string_129" HPOS="340" VPOS="1121" WIDTH="89" HEIGHT="41" WC="0.90" CONTENT="65:0)"/><SP WIDTH="34" VPOS="1121" HPOS="429"/>
							<String ID="string_130" HPOS="463" VPOS="1121" WIDTH="440" HEIGHT="37" WC="0.91" CONTENT="Förvaltningskostnader"/><SP WIDTH="18" VPOS="1121" HPOS="903"/>
							<String ID="string_131" HPOS="921" VPOS="1121" WIDTH="57" HEIGHT="31" WC="0.96" CONTENT="för"/><SP WIDTH="18" VPOS="1121" HPOS="978"/>
							<String ID="string_132" HPOS="996" VPOS="1123" WIDTH="131" HEIGHT="29" WC="0.93" CONTENT="statens"/><SP WIDTH="19" VPOS="1123" HPOS="1127"/>
							<String ID="string_133" HPOS="1146" VPOS="1119" WIDTH="170" HEIGHT="32" WC="0.91" CONTENT="lånefond"/><SP WIDTH="18" VPOS="1119" HPOS="1316"/>
							<String ID="string_134" HPOS="1334" VPOS="1120" WIDTH="57" HEIGHT="30" WC="0.96" CONTENT="för"/><SP WIDTH="20" VPOS="1120" HPOS="1391"/>
							<String ID="string_135" HPOS="1411" VPOS="1120" WIDTH="68" HEIGHT="30" WC="0.96" CONTENT="den"/><SP WIDTH="20" VPOS="1120" HPOS="1479"/>
							<String ID="string_136" HPOS="1499" VPOS="1119" WIDTH="138" HEIGHT="31" WC="0.93" CONTENT="mindre"/><SP WIDTH="18" VPOS="1119" HPOS="1637"/>
							<String ID="string_137" HPOS="1655" VPOS="1119" WIDTH="144" HEIGHT="36" WC="0.91" CONTENT="skepps-"/>
						</TextLine>
						<TextLine ID="line_17" HPOS="295" VPOS="1169" WIDTH="1504" HEIGHT="38">
							<String ID="string_138" HPOS="295" VPOS="1173" WIDTH="116" HEIGHT="30" WC="0.96" CONTENT="farten"/><SP WIDTH="26" VPOS="1173" HPOS="411"/>
							<String ID="string_139" HPOS="437" VPOS="1174" WIDTH="69" HEIGHT="29" WC="0.96" CONTENT="och"/><SP WIDTH="25" VPOS="1174" HPOS="506"/>
							<String ID="string_140" HPOS="531" VPOS="1175" WIDTH="131" HEIGHT="28" WC="0.93" CONTENT="statens"/><SP WIDTH="25" VPOS="1175" HPOS="662"/>
							<String ID="string_141" HPOS="687" VPOS="1170" WIDTH="352" HEIGHT="33" WC="0.91" CONTENT="sekundärlånefond"/><SP WIDTH="26" VPOS="1170" HPOS="1039"/>
							<String ID="string_142" HPOS="1065" VPOS="1172" WIDTH="55" HEIGHT="30" WC="0.93" CONTENT="för"/><SP WIDTH="27" VPOS="1172" HPOS="1120"/>
							<String ID="string_143" HPOS="1147" VPOS="1170" WIDTH="300" HEIGHT="37" WC="0.89" CONTENT="rederinäringen."/><SP WIDTH="50" VPOS="1170" HPOS="1447"/>
							<String ID="string_144" HPOS="1497" VPOS="1170" WIDTH="14" HEIGHT="30" WC="0.63" CONTENT="I"/><SP WIDTH="27" VPOS="1170" HPOS="1511"/>
							<String ID="string_145" HPOS="1538" VPOS="1170" WIDTH="153" HEIGHT="36" WC="0.96" CONTENT="enlighet"/><SP WIDTH="27" VPOS="1170" HPOS="1691"/>
							<String ID="string_146" HPOS="1718" VPOS="1169" WIDTH="81" HEIGHT="31" WC="0.96" CONTENT="med"/>
						</TextLine>
						<TextLine ID="line_18" HPOS="296" VPOS="1219" WIDTH="1500" HEIGHT="43">
							<String ID="string_147" HPOS="296" VPOS="1224" WIDTH="122" HEIGHT="36" WC="0.95" CONTENT="Kungl."/><SP WIDTH="22" VPOS="1224" HPOS="418"/>
							<String ID="string_148" HPOS="440" VPOS="1222" WIDTH="120" HEIGHT="38" WC="0.96" CONTENT="Maj:ts"/><SP WIDTH="20" VPOS="1222" HPOS="560"/>
							<String ID="string_149" HPOS="580" VPOS="1223" WIDTH="130" HEIGHT="37" WC="0.96" CONTENT="förslag"/><SP WIDTH="23" VPOS="1223" HPOS="710"/>
							<String ID="string_150" HPOS="733" VPOS="1222" WIDTH="123" HEIGHT="40" WC="0.96" CONTENT="(punkt"/><SP WIDTH="20" VPOS="1222" HPOS="856"/>
							<String ID="string_151" HPOS="876" VPOS="1224" WIDTH="51" HEIGHT="34" WC="0.96" CONTENT="70,"/><SP WIDTH="21" VPOS="1224" HPOS="927"/>
							<String ID="string_152" HPOS="948" VPOS="1223" WIDTH="63" HEIGHT="30" WC="0.96" CONTENT="sid."/><SP WIDTH="22" VPOS="1223" HPOS="1011"/>
							<String ID="string_153" HPOS="1033" VPOS="1219" WIDTH="76" HEIGHT="40" WC="0.96" CONTENT="141)"/><SP WIDTH="21" VPOS="1219" HPOS="1109"/>
							<String ID="string_154" HPOS="1130" VPOS="1223" WIDTH="66" HEIGHT="30" WC="0.96" CONTENT="och"/><SP WIDTH="18" VPOS="1223" HPOS="1196"/>
							<String ID="string_155" HPOS="1214" VPOS="1222" WIDTH="109" HEIGHT="30" WC="0.96" CONTENT="under"/><SP WIDTH="21" VPOS="1222" HPOS="1323"/>
							<String ID="string_156" HPOS="1344" VPOS="1222" WIDTH="150" HEIGHT="35" WC="0.96" CONTENT="erinran,"/><SP WIDTH="20" VPOS="1222" HPOS="1494"/>
							<String ID="string_157" HPOS="1514" VPOS="1224" WIDTH="49" HEIGHT="27" WC="0.96" CONTENT="att"/><SP WIDTH="21" VPOS="1224" HPOS="1563"/>
							<String ID="string_158" HPOS="1584" VPOS="1221" WIDTH="54" HEIGHT="30" WC="0.93" CONTENT="för"/><SP WIDTH="19" VPOS="1221" HPOS="1638"/>
							<String ID="string_159" HPOS="1657" VPOS="1221" WIDTH="139" HEIGHT="29" WC="0.91" CONTENT="inneva-"/>
						</TextLine>
						<TextLine ID="line_19" HPOS="295" VPOS="1271" WIDTH="1503" HEIGHT="39">
							<String ID="string_160" HPOS="295" VPOS="1274" WIDTH="106" HEIGHT="30" WC="0.96" CONTENT="rande"/><SP WIDTH="27" VPOS="1274" HPOS="401"/>
							<String ID="string_161" HPOS="428" VPOS="1273" WIDTH="169" HEIGHT="37" WC="0.93" CONTENT="budgetår"/><SP WIDTH="26" VPOS="1273" HPOS="597"/>
							<String ID="string_162" HPOS="623" VPOS="1274" WIDTH="151" HEIGHT="30" WC="0.91" CONTENT="anvisats"/><SP WIDTH="27" VPOS="1274" HPOS="774"/>
							<String ID="string_163" HPOS="801" VPOS="1283" WIDTH="134" HEIGHT="21" WC="0.87" CONTENT="samma"/><SP WIDTH="28" VPOS="1283" HPOS="935"/>
							<String ID="string_164" HPOS="963" VPOS="1273" WIDTH="275" HEIGHT="37" WC="0.87" CONTENT="anslagsbelopp,"/><SP WIDTH="29" VPOS="1273" HPOS="1238"/>
							<String ID="string_165" HPOS="1267" VPOS="1281" WIDTH="74" HEIGHT="21" WC="0.96" CONTENT="som"/><SP WIDTH="29" VPOS="1281" HPOS="1341"/>
							<String ID="string_166" HPOS="1370" VPOS="1282" WIDTH="47" HEIGHT="20" WC="0.93" CONTENT="nu"/><SP WIDTH="29" VPOS="1282" HPOS="1417"/>
							<String ID="string_167" HPOS="1446" VPOS="1272" WIDTH="127" HEIGHT="35" WC="0.92" CONTENT="äskats,"/><SP WIDTH="25" VPOS="1272" HPOS="1573"/>
							<String ID="string_168" HPOS="1598" VPOS="1271" WIDTH="200" HEIGHT="30" WC="0.95" CONTENT="hemställer"/>
						</TextLine>
						<TextLine ID="line_20" HPOS="294" VPOS="1326" WIDTH="175" HEIGHT="35">
							<String ID="string_169" HPOS="294" VPOS="1326" WIDTH="175" HEIGHT="35" WC="0.95" CONTENT="utskottet,"/>
						</TextLine>
					</TextBlock>
				</ComposedBlock>
				<ComposedBlock ID="cblock_6" HPOS="603" VPOS="1413" WIDTH="1195" HEIGHT="191">
					<TextBlock ID="block_7" HPOS="603" VPOS="1413" WIDTH="1195" HEIGHT="191">
						<TextLine ID="line_21" HPOS="647" VPOS="1413" WIDTH="1149" HEIGHT="39">
							<String ID="string_170" HPOS="647" VPOS="1420" WIDTH="49" HEIGHT="27" WC="0.96" CONTENT="att"/><SP WIDTH="20" VPOS="1420" HPOS="696"/>
							<String ID="string_171" HPOS="716" VPOS="1417" WIDTH="184" HEIGHT="35" WC="0.96" CONTENT="riksdagen"/><SP WIDTH="22" VPOS="1417" HPOS="900"/>
							<String ID="string_172" HPOS="922" VPOS="1415" WIDTH="58" HEIGHT="31" WC="0.96" CONTENT="må"/><SP WIDTH="20" VPOS="1415" HPOS="980"/>
							<String ID="string_173" HPOS="1000" VPOS="1416" WIDTH="50" HEIGHT="30" WC="0.92" CONTENT="till"/><SP WIDTH="21" VPOS="1416" HPOS="1050"/>
							<String ID="string_174" HPOS="1071" VPOS="1414" WIDTH="431" HEIGHT="37" WC="0.91" CONTENT="Förvaltningskostnader"/><SP WIDTH="20" VPOS="1414" HPOS="1502"/>
							<String ID="string_175" HPOS="1522" VPOS="1414" WIDTH="54" HEIGHT="37" WC="0.96" CONTENT="för"/><SP WIDTH="22" VPOS="1414" HPOS="1576"/>
							<String ID="string_176" HPOS="1598" VPOS="1414" WIDTH="129" HEIGHT="29" WC="0.93" CONTENT="statens"/><SP WIDTH="22" VPOS="1414" HPOS="1727"/>
							<String ID="string_177" HPOS="1749" VPOS="1413" WIDTH="47" HEIGHT="30" WC="0.91" CONTENT="lå-"/>
						</TextLine>
						<TextLine ID="line_22" HPOS="604" VPOS="1463" WIDTH="1192" HEIGHT="41">
							<String ID="string_178" HPOS="604" VPOS="1466" WIDTH="130" HEIGHT="38" WC="0.91" CONTENT="nefond"/><SP WIDTH="25" VPOS="1466" HPOS="734"/>
							<String ID="string_179" HPOS="759" VPOS="1466" WIDTH="55" HEIGHT="37" WC="0.96" CONTENT="för"/><SP WIDTH="26" VPOS="1466" HPOS="814"/>
							<String ID="string_180" HPOS="840" VPOS="1465" WIDTH="66" HEIGHT="31" WC="0.96" CONTENT="den"/><SP WIDTH="26" VPOS="1465" HPOS="906"/>
							<String ID="string_181" HPOS="932" VPOS="1465" WIDTH="136" HEIGHT="31" WC="0.93" CONTENT="mindre"/><SP WIDTH="23" VPOS="1465" HPOS="1068"/>
							<String ID="string_182" HPOS="1091" VPOS="1465" WIDTH="241" HEIGHT="38" WC="0.91" CONTENT="skeppsfarten"/><SP WIDTH="26" VPOS="1465" HPOS="1332"/>
							<String ID="string_183" HPOS="1358" VPOS="1465" WIDTH="66" HEIGHT="30" WC="0.96" CONTENT="och"/><SP WIDTH="29" VPOS="1465" HPOS="1424"/>
							<String ID="string_184" HPOS="1453" VPOS="1467" WIDTH="128" HEIGHT="28" WC="0.93" CONTENT="statens"/><SP WIDTH="26" VPOS="1467" HPOS="1581"/>
							<String ID="string_185" HPOS="1607" VPOS="1463" WIDTH="189" HEIGHT="30" WC="0.92" CONTENT="sekundär-"/>
						</TextLine>
						<TextLine ID="line_23" HPOS="604" VPOS="1510" WIDTH="1194" HEIGHT="44">
							<String ID="string_186" HPOS="604" VPOS="1516" WIDTH="164" HEIGHT="38" WC="0.90" CONTENT="lånefond"/><SP WIDTH="32" VPOS="1516" HPOS="768"/>
							<String ID="string_187" HPOS="800" VPOS="1517" WIDTH="53" HEIGHT="37" WC="0.93" CONTENT="för"/><SP WIDTH="27" VPOS="1517" HPOS="853"/>
							<String ID="string_188" HPOS="880" VPOS="1515" WIDTH="280" HEIGHT="37" WC="0.91" CONTENT="rederinäringen"/><SP WIDTH="28" VPOS="1515" HPOS="1160"/>
							<String ID="string_189" HPOS="1188" VPOS="1515" WIDTH="56" HEIGHT="31" WC="0.96" CONTENT="för"/><SP WIDTH="29" VPOS="1515" HPOS="1244"/>
							<String ID="string_190" HPOS="1273" VPOS="1514" WIDTH="202" HEIGHT="38" WC="0.93" CONTENT="budgetåret"/><SP WIDTH="33" VPOS="1514" HPOS="1475"/>
							<String ID="string_191" HPOS="1508" VPOS="1510" WIDTH="137" HEIGHT="37" WC="0.92" CONTENT="1940/41"/><SP WIDTH="33" VPOS="1510" HPOS="1645"/>
							<String ID="string_192" HPOS="1678" VPOS="1513" WIDTH="120" HEIGHT="31" WC="0.96" CONTENT="anvisa"/>
						</TextLine>
						<TextLine ID="line_24" HPOS="603" VPOS="1567" WIDTH="533" HEIGHT="37">
							<String ID="string_193" HPOS="603" VPOS="1570" WIDTH="46" HEIGHT="28" WC="0.96" CONTENT="ett"/><SP WIDTH="23" VPOS="1570" HPOS="649"/>
							<String ID="string_194" HPOS="672" VPOS="1568" WIDTH="120" HEIGHT="36" WC="0.96" CONTENT="anslag"/><SP WIDTH="23" VPOS="1568" HPOS="792"/>
							<String ID="string_195" HPOS="815" VPOS="1577" WIDTH="41" HEIGHT="21" WC="0.92" CONTENT="av"/><SP WIDTH="22" VPOS="1577" HPOS="856"/>
							<String ID="string_196" HPOS="878" VPOS="1567" WIDTH="98" HEIGHT="36" WC="0.89" CONTENT="4,000"/><SP WIDTH="22" VPOS="1567" HPOS="976"/>
							<String ID="string_197" HPOS="998" VPOS="1568" WIDTH="138" HEIGHT="29" WC="0.96" CONTENT="kronor."/>
						</TextLine>
					</TextBlock>
				</ComposedBlock>
				<ComposedBlock ID="cblock_7" HPOS="487" VPOS="1761" WIDTH="1120" HEIGHT="52">
					<TextBlock ID="block_8" HPOS="487" VPOS="1761" WIDTH="1120" HEIGHT="52">
						<TextLine ID="line_25" HPOS="487" VPOS="1761" WIDTH="1120" HEIGHT="52">
							<String ID="string_198" HPOS="487" VPOS="1765" WIDTH="47" HEIGHT="39" WC="0.90" CONTENT="E."/><SP WIDTH="55" VPOS="1765" HPOS="534"/>
							<String ID="string_199" HPOS="589" VPOS="1765" WIDTH="176" HEIGHT="38" WC="0.92" CONTENT="Patent-"/><SP WIDTH="29" VPOS="1765" HPOS="765"/>
							<String ID="string_200" HPOS="794" VPOS="1763" WIDTH="81" HEIGHT="40" WC="0.93" CONTENT="och"/><SP WIDTH="28" VPOS="1763" HPOS="875"/>
							<String ID="string_201" HPOS="903" VPOS="1761" WIDTH="532" HEIGHT="52" WC="0.91" CONTENT="registreringsväsendet"/><SP WIDTH="28" VPOS="1761" HPOS="1435"/>
							<String ID="string_202" HPOS="1463" VPOS="1774" WIDTH="58" HEIGHT="26" WC="0.92" CONTENT="m."/><SP WIDTH="30" VPOS="1774" HPOS="1521"/>
							<String ID="string_203" HPOS="1551" VPOS="1774" WIDTH="56" HEIGHT="26" WC="0.87" CONTENT="m."/>
						</TextLine>
					</TextBlock>
				</ComposedBlock>
				<ComposedBlock ID="cblock_8" HPOS="293" VPOS="1883" WIDTH="1504" HEIGHT="445">
					<TextBlock ID="block_9" HPOS="293" VPOS="1883" WIDTH="1504" HEIGHT="95">
						<TextLine ID="line_26" HPOS="338" VPOS="1883" WIDTH="1459" HEIGHT="45">
							<String ID="string_204" HPOS="338" VPOS="1888" WIDTH="89" HEIGHT="40" WC="0.91" CONTENT="66:0)"/><SP WIDTH="37" VPOS="1888" HPOS="427"/>
							<String ID="string_205" HPOS="464" VPOS="1889" WIDTH="140" HEIGHT="31" WC="0.91" CONTENT="Patent-"/><SP WIDTH="21" VPOS="1889" HPOS="604"/>
							<String ID="string_206" HPOS="625" VPOS="1888" WIDTH="67" HEIGHT="31" WC="0.91" CONTENT="och"/><SP WIDTH="22" VPOS="1888" HPOS="692"/>
							<String ID="string_207" HPOS="714" VPOS="1886" WIDTH="379" HEIGHT="38" WC="0.89" CONTENT="registreringsverket:"/><SP WIDTH="23" VPOS="1886" HPOS="1093"/>
							<String ID="string_208" HPOS="1116" VPOS="1885" WIDTH="225" HEIGHT="38" WC="0.92" CONTENT="Avlöningar."/><SP WIDTH="45" VPOS="1885" HPOS="1341"/>
							<String ID="string_209" HPOS="1386" VPOS="1885" WIDTH="125" HEIGHT="37" WC="0.96" CONTENT="Kungl."/><SP WIDTH="25" VPOS="1885" HPOS="1511"/>
							<String ID="string_210" HPOS="1536" VPOS="1884" WIDTH="100" HEIGHT="37" WC="0.96" CONTENT="Maj:t"/><SP WIDTH="21" VPOS="1884" HPOS="1636"/>
							<String ID="string_211" HPOS="1657" VPOS="1885" WIDTH="65" HEIGHT="30" WC="0.90" CONTENT="har"/><SP WIDTH="23" VPOS="1885" HPOS="1722"/>
							<String ID="string_212" HPOS="1745" VPOS="1883" WIDTH="52" HEIGHT="31" WC="0.90" CONTENT="fö-"/>
						</TextLine>
						<TextLine ID="line_27" HPOS="293" VPOS="1933" WIDTH="939" HEIGHT="45">
							<String ID="string_213" HPOS="293" VPOS="1941" WIDTH="137" HEIGHT="35" WC="0.91" CONTENT="reslagit"/><SP WIDTH="21" VPOS="1941" HPOS="430"/>
							<String ID="string_214" HPOS="451" VPOS="1940" WIDTH="184" HEIGHT="35" WC="0.96" CONTENT="riksdagen"/><SP WIDTH="27" VPOS="1940" HPOS="635"/>
							<String ID="string_215" HPOS="662" VPOS="1938" WIDTH="125" HEIGHT="40" WC="0.96" CONTENT="(punkt"/><SP WIDTH="22" VPOS="1938" HPOS="787"/>
							<String ID="string_216" HPOS="809" VPOS="1939" WIDTH="51" HEIGHT="35" WC="0.95" CONTENT="71,"/><SP WIDTH="22" VPOS="1939" HPOS="860"/>
							<String ID="string_217" HPOS="882" VPOS="1938" WIDTH="62" HEIGHT="31" WC="0.93" CONTENT="sid."/><SP WIDTH="26" VPOS="1938" HPOS="944"/>
							<String ID="string_218" HPOS="970" VPOS="1933" WIDTH="186" HEIGHT="40" WC="0.91" CONTENT="141—148)"/><SP WIDTH="25" VPOS="1933" HPOS="1156"/>
							<String ID="string_219" HPOS="1181" VPOS="1940" WIDTH="51" HEIGHT="28" WC="0.96" CONTENT="att"/>
						</TextLine>
					</TextBlock>
					<TextBlock ID="block_10" HPOS="294" VPOS="1985" WIDTH="1503" HEIGHT="93">
						<TextLine ID="line_28" HPOS="338" VPOS="1985" WIDTH="1459" HEIGHT="41">
							<String ID="string_220" HPOS="338" VPOS="1990" WIDTH="72" HEIGHT="30" WC="0.96" CONTENT="dels"/><SP WIDTH="28" VPOS="1990" HPOS="410"/>
							<String ID="string_221" HPOS="438" VPOS="1990" WIDTH="187" HEIGHT="36" WC="0.96" CONTENT="godkänna"/><SP WIDTH="28" VPOS="1990" HPOS="625"/>
							<String ID="string_222" HPOS="653" VPOS="1999" WIDTH="43" HEIGHT="21" WC="0.93" CONTENT="av"/><SP WIDTH="30" VPOS="1999" HPOS="696"/>
							<String ID="string_223" HPOS="726" VPOS="1988" WIDTH="380" HEIGHT="38" WC="0.91" CONTENT="departementschefen"/><SP WIDTH="32" VPOS="1988" HPOS="1106"/>
							<String ID="string_224" HPOS="1138" VPOS="1987" WIDTH="166" HEIGHT="31" WC="0.92" CONTENT="förordad"/><SP WIDTH="28" VPOS="1987" HPOS="1304"/>
							<String ID="string_225" HPOS="1332" VPOS="1986" WIDTH="380" HEIGHT="39" WC="0.92" CONTENT="personalförteckning"/><SP WIDTH="30" VPOS="1986" HPOS="1712"/>
							<String ID="string_226" HPOS="1742" VPOS="1985" WIDTH="55" HEIGHT="30" WC="0.96" CONTENT="för"/>
						</TextLine>
						<TextLine ID="line_29" HPOS="294" VPOS="2040" WIDTH="615" HEIGHT="38">
							<String ID="string_227" HPOS="294" VPOS="2044" WIDTH="131" HEIGHT="34" WC="0.91" CONTENT="patent-"/><SP WIDTH="26" VPOS="2044" HPOS="425"/>
							<String ID="string_228" HPOS="451" VPOS="2041" WIDTH="67" HEIGHT="30" WC="0.92" CONTENT="och"/><SP WIDTH="25" VPOS="2041" HPOS="518"/>
							<String ID="string_229" HPOS="543" VPOS="2040" WIDTH="366" HEIGHT="36" WC="0.90" CONTENT="registreringsverket;"/>
						</TextLine>
					</TextBlock>
					<TextBlock ID="block_11" HPOS="293" VPOS="2087" WIDTH="1504" HEIGHT="143">
						<TextLine ID="line_30" HPOS="338" VPOS="2087" WIDTH="1456" HEIGHT="41">
							<String ID="string_230" HPOS="338" VPOS="2092" WIDTH="71" HEIGHT="30" WC="0.96" CONTENT="dels"/><SP WIDTH="24" VPOS="2092" HPOS="409"/>
							<String ID="string_231" HPOS="433" VPOS="2091" WIDTH="186" HEIGHT="37" WC="0.96" CONTENT="godkänna"/><SP WIDTH="24" VPOS="2091" HPOS="619"/>
							<String ID="string_232" HPOS="643" VPOS="2100" WIDTH="43" HEIGHT="21" WC="0.92" CONTENT="av"/><SP WIDTH="25" VPOS="2100" HPOS="686"/>
							<String ID="string_233" HPOS="711" VPOS="2088" WIDTH="381" HEIGHT="39" WC="0.91" CONTENT="departementschefen"/><SP WIDTH="26" VPOS="2088" HPOS="1092"/>
							<String ID="string_234" HPOS="1118" VPOS="2088" WIDTH="167" HEIGHT="31" WC="0.92" CONTENT="förordad"/><SP WIDTH="22" VPOS="2088" HPOS="1285"/>
							<String ID="string_235" HPOS="1307" VPOS="2088" WIDTH="249" HEIGHT="36" WC="0.92" CONTENT="avlöningsstat"/><SP WIDTH="25" VPOS="2088" HPOS="1556"/>
							<String ID="string_236" HPOS="1581" VPOS="2087" WIDTH="54" HEIGHT="30" WC="0.93" CONTENT="för"/><SP WIDTH="28" VPOS="2087" HPOS="1635"/>
							<String ID="string_237" HPOS="1663" VPOS="2089" WIDTH="131" HEIGHT="35" WC="0.92" CONTENT="patent-"/>
						</TextLine>
						<TextLine ID="line_31" HPOS="293" VPOS="2135" WIDTH="1504" HEIGHT="43">
							<String ID="string_238" HPOS="293" VPOS="2142" WIDTH="66" HEIGHT="30" WC="0.93" CONTENT="och"/><SP WIDTH="25" VPOS="2142" HPOS="359"/>
							<String ID="string_239" HPOS="384" VPOS="2141" WIDTH="364" HEIGHT="37" WC="0.91" CONTENT="registreringsverket,"/><SP WIDTH="28" VPOS="2141" HPOS="748"/>
							<String ID="string_240" HPOS="776" VPOS="2143" WIDTH="49" HEIGHT="28" WC="0.96" CONTENT="att"/><SP WIDTH="27" VPOS="2143" HPOS="825"/>
							<String ID="string_241" HPOS="852" VPOS="2140" WIDTH="175" HEIGHT="37" WC="0.96" CONTENT="tillämpas"/><SP WIDTH="25" VPOS="2140" HPOS="1027"/>
							<String ID="string_242" HPOS="1052" VPOS="2139" WIDTH="68" HEIGHT="30" WC="0.96" CONTENT="tills"/><SP WIDTH="25" VPOS="2139" HPOS="1120"/>
							<String ID="string_243" HPOS="1145" VPOS="2138" WIDTH="119" HEIGHT="31" WC="0.96" CONTENT="vidare"/><SP WIDTH="27" VPOS="2138" HPOS="1264"/>
							<String ID="string_244" HPOS="1291" VPOS="2137" WIDTH="78" HEIGHT="31" WC="0.96" CONTENT="från"/><SP WIDTH="27" VPOS="2137" HPOS="1369"/>
							<String ID="string_245" HPOS="1396" VPOS="2138" WIDTH="67" HEIGHT="30" WC="0.96" CONTENT="och"/><SP WIDTH="25" VPOS="2138" HPOS="1463"/>
							<String ID="string_246" HPOS="1488" VPOS="2137" WIDTH="80" HEIGHT="31" WC="0.96" CONTENT="med"/><SP WIDTH="27" VPOS="2137" HPOS="1568"/>
							<String ID="string_247" HPOS="1595" VPOS="2135" WIDTH="202" HEIGHT="38" WC="0.96" CONTENT="budgetåret"/>
						</TextLine>
						<TextLine ID="line_32" HPOS="296" VPOS="2188" WIDTH="152" HEIGHT="42">
							<String ID="string_248" HPOS="296" VPOS="2188" WIDTH="152" HEIGHT="42" WC="0.92" CONTENT="1940/41;"/>
						</TextLine>
					</TextBlock>
					<TextBlock ID="block_12" HPOS="297" VPOS="2237" WIDTH="1499" HEIGHT="91">
						<TextLine ID="line_33" HPOS="338" VPOS="2237" WIDTH="1458" HEIGHT="40">
							<String ID="string_249" HPOS="338" VPOS="2243" WIDTH="71" HEIGHT="30" WC="0.96" CONTENT="dels"/><SP WIDTH="35" VPOS="2243" HPOS="409"/>
							<String ID="string_250" HPOS="444" VPOS="2243" WIDTH="67" HEIGHT="30" WC="0.96" CONTENT="ock"/><SP WIDTH="34" VPOS="2243" HPOS="511"/>
							<String ID="string_251" HPOS="545" VPOS="2242" WIDTH="51" HEIGHT="30" WC="0.93" CONTENT="till"/><SP WIDTH="33" VPOS="2242" HPOS="596"/>
							<String ID="string_252" HPOS="629" VPOS="2242" WIDTH="137" HEIGHT="30" WC="0.91" CONTENT="Patent-"/><SP WIDTH="34" VPOS="2242" HPOS="766"/>
							<String ID="string_253" HPOS="800" VPOS="2241" WIDTH="65" HEIGHT="30" WC="0.90" CONTENT="och"/><SP WIDTH="23" VPOS="2241" HPOS="865"/>
							<String ID="string_254" HPOS="888" VPOS="2240" WIDTH="367" HEIGHT="37" WC="0.90" CONTENT="registreringsverket:"/><SP WIDTH="27" VPOS="2240" HPOS="1255"/>
							<String ID="string_255" HPOS="1282" VPOS="2239" WIDTH="210" HEIGHT="36" WC="0.91" CONTENT="Avlöningar"/><SP WIDTH="23" VPOS="2239" HPOS="1492"/>
							<String ID="string_256" HPOS="1515" VPOS="2237" WIDTH="54" HEIGHT="32" WC="0.96" CONTENT="för"/><SP WIDTH="25" VPOS="2237" HPOS="1569"/>
							<String ID="string_257" HPOS="1594" VPOS="2237" WIDTH="202" HEIGHT="37" WC="0.96" CONTENT="budgetåret"/>
						</TextLine>
						<TextLine ID="line_34" HPOS="297" VPOS="2289" WIDTH="1062" HEIGHT="39">
							<String ID="string_258" HPOS="297" VPOS="2289" WIDTH="137" HEIGHT="38" WC="0.92" CONTENT="1940/41"/><SP WIDTH="25" VPOS="2289" HPOS="434"/>
							<String ID="string_259" HPOS="459" VPOS="2292" WIDTH="121" HEIGHT="31" WC="0.96" CONTENT="anvisa"/><SP WIDTH="20" VPOS="2292" HPOS="580"/>
							<String ID="string_260" HPOS="600" VPOS="2295" WIDTH="46" HEIGHT="27" WC="0.93" CONTENT="ett"/><SP WIDTH="22" VPOS="2295" HPOS="646"/>
							<String ID="string_261" HPOS="668" VPOS="2291" WIDTH="269" HEIGHT="37" WC="0.90" CONTENT="förslagsanslag"/><SP WIDTH="23" VPOS="2291" HPOS="937"/>
							<String ID="string_262" HPOS="960" VPOS="2300" WIDTH="42" HEIGHT="22" WC="0.93" CONTENT="av"/><SP WIDTH="26" VPOS="2300" HPOS="1002"/>
							<String ID="string_263" HPOS="1028" VPOS="2291" WIDTH="171" HEIGHT="35" WC="0.91" CONTENT="1,345,000"/><SP WIDTH="22" VPOS="2291" HPOS="1199"/>
							<String ID="string_264" HPOS="1221" VPOS="2291" WIDTH="138" HEIGHT="29" WC="0.96" CONTENT="kronor."/>
						</TextLine>
					</TextBlock>
				</ComposedBlock>
				<ComposedBlock ID="cblock_9" HPOS="296" VPOS="2387" WIDTH="1500" HEIGHT="93">
					<TextBlock ID="block_13" HPOS="296" VPOS="2387" WIDTH="1500" HEIGHT="93">
						<TextLine ID="line_35" HPOS="338" VPOS="2387" WIDTH="1458" HEIGHT="41">
							<String ID="string_265" HPOS="338" VPOS="2393" WIDTH="242" HEIGHT="31" WC="0.92" CONTENT="Förevarande"/><SP WIDTH="20" VPOS="2393" HPOS="580"/>
							<String ID="string_266" HPOS="600" VPOS="2392" WIDTH="119" HEIGHT="36" WC="0.96" CONTENT="anslag"/><SP WIDTH="20" VPOS="2392" HPOS="719"/>
							<String ID="string_267" HPOS="739" VPOS="2393" WIDTH="40" HEIGHT="29" WC="0.96" CONTENT="är"/><SP WIDTH="21" VPOS="2393" HPOS="779"/>
							<String ID="string_268" HPOS="800" VPOS="2392" WIDTH="11" HEIGHT="30" WC="0.93" CONTENT="i"/><SP WIDTH="20" VPOS="2392" HPOS="811"/>
							<String ID="string_269" HPOS="831" VPOS="2392" WIDTH="185" HEIGHT="30" WC="0.91" CONTENT="riksstaten"/><SP WIDTH="20" VPOS="2392" HPOS="1016"/>
							<String ID="string_270" HPOS="1036" VPOS="2390" WIDTH="55" HEIGHT="31" WC="0.96" CONTENT="för"/><SP WIDTH="19" VPOS="2390" HPOS="1091"/>
							<String ID="string_271" HPOS="1110" VPOS="2390" WIDTH="233" HEIGHT="31" WC="0.96" CONTENT="innevarande"/><SP WIDTH="20" VPOS="2390" HPOS="1343"/>
							<String ID="string_272" HPOS="1363" VPOS="2388" WIDTH="168" HEIGHT="37" WC="0.96" CONTENT="budgetår"/><SP WIDTH="21" VPOS="2388" HPOS="1531"/>
							<String ID="string_273" HPOS="1552" VPOS="2388" WIDTH="141" HEIGHT="38" WC="0.96" CONTENT="uppfört"/><SP WIDTH="23" VPOS="2388" HPOS="1693"/>
							<String ID="string_274" HPOS="1716" VPOS="2387" WIDTH="80" HEIGHT="31" WC="0.96" CONTENT="med"/>
						</TextLine>
						<TextLine ID="line_36" HPOS="296" VPOS="2444" WIDTH="332" HEIGHT="36">
							<String ID="string_275" HPOS="296" VPOS="2445" WIDTH="172" HEIGHT="35" WC="0.91" CONTENT="1,343,000"/><SP WIDTH="21" VPOS="2445" HPOS="468"/>
							<String ID="string_276" HPOS="489" VPOS="2444" WIDTH="139" HEIGHT="30" WC="0.95" CONTENT="kronor."/>
						</TextLine>
					</TextBlock>
				</ComposedBlock>
			</PrintSpace>
		</Page>
	</Layout>
</alto>
