2146 2620
177 1964 148 24 Utskottets

184 1998 130 31 yttrande.

340 219 19 31 2
827 205 253 35 Statsutskottets
1101 200 168 33 utlåtande
1291 198 52 31 Nr
1364 198 53 30 22.

743 295 57 35 för
828 293 120 36 första
974 289 149 36 klassen
1166 318 50 2 ........
1306 284 45 35 18
1380 281 154 45 kronor,

763 358 18 23 »
830 343 116 37 andra
1439 344 17 23 CI

764 410 18 23 »
830 394 119 48 tredje.
1044 403 17 23 »
1147 420 39 5 oo...
1311 387 46 35 14
1441 396 18 22 oo»

765 461 17 22 »
832 445 120 50 fjärde
1046 455 18 23 »
1150 470 130 7 soccer
1313 438 44 35 11
1443 447 18 23 >

765 512 18 23 »
831 500 115 35 femte
1046 507 17 22 »
1149 524 4 4 oo.
1278 490 79 36 9
1443 498 17 23 oo»

766 564 18 22 »
832 550 111 49 sjätte
1048 558 177 23 Poe
1340 543 18 33 TT
1444 550 18 23 >»

451 652 72 35 Det
552 661 46 24 av
625 646 142 48 Kungl.
797 643 108 49 Maj:t
932 655 51 22 nu
1011 636 212 50 framlagda
1252 634 181 48 förslaget
1461 643 106 24 avser
1593 629 13 35 i
1621 624 217 52 jämförelse
1857 621 87 38 med

348 705 46 36 de
433 699 274 52 ursprungliga
747 691 436 48 traktamentsbeloppen
1225 685 165 51 följande
1431 680 276 50 förhöjningar,
1735 675 209 48 nämligen:

350 791 58 36 för
444 790 115 35 första
594 786 151 36 klassen
782 781 84 37 med
896 782 20 34 9
946 779 139 36 kronor
1112 776 55 35 till
1197 776 49 33 24
1273 773 139 35 kronor
1441 769 88 36 eller
1556 765 85 38 med
1685 764 47 36 60
1793 764 156 47 procent

371 854 17 23 »
447 839 115 37 andra
667 849 17 22 »
815 846 18 22 »
898 834 20 34 99
1008 842 17 23 oo»
1130 840 18 22 »
1195 828 48 34 22
1332 835 18 23 >»
1473 833 17 22 »
1595 830 18 23 »
1679 817 95 45 69,23
1852 825 17 23 »

372 906 17 22 »
446 890 119 49 tredje
666 900 18 23 »
815 897 18 23 »
898 885 21 34 8
1008 893 17 23 >»
1130 891 18 23 »
1197 879 46 34 19
1333 887 17 23 oo»
1473 884 17 23 »
1595 881 18 23 »
1680 869 95 45 12,73
1853 876 18 23 »

373 957 18 23 »
448 942 121 50 fjärde
665 952 18 22 »
816 949 17 22 »
899 938 18 32 T
1009 944 18 23 >»
1131 943 18 22 »
1198 929 46 36 15
1333 939 18 22 >»
1475 935 17 23 »
1597 933 18 22 »
1680 920 96 45 87,50
1853 928 18 22 »

373 1009 18 23 >
448 995 115 36 femte
669 1003 17 22 »
901 988 20 34 6
1011 996 17 23 >»
1133 994 18 23 »
1200 982 46 34 12
1335 990 18 23 oo»
1476 987 17 23 »
1599 985 17 22 »
1657 971 72 35 100
1855 980 17 22 »

375 1060 17 23 »
449 1047 112 48 sjätte
667 1054 17 23 »
817 1051 17 23 »
899 1039 20 34 5
1009 1048 18 23 >»
1131 1046 18 22 >»
1224 1033 20 34 9
1334 1042 18 22 >»
1475 1039 18 23 »
1598 1036 17 22 »
1657 1022 71 36 125
1855 1030 18 23 »

457 1131 132 48 Enligt
618 1127 141 49 Kungl.
787 1124 128 49 Maj:ts
943 1122 144 47 förslag
1115 1118 121 37 skulle
1264 1116 45 36 de
1336 1112 157 39 sålunda
1520 1108 200 39 förordade
1748 1104 206 49 förhöjnin-

356 1197 120 37 garna
504 1183 190 46 tillämpas
724 1179 84 35 från
837 1176 69 36 och
933 1173 84 37 med
1046 1168 254 40 innevarande
1328 1170 59 33 års
1416 1164 145 49 början.

461 1287 17 35 I
512 1282 184 39 samband
723 1280 85 37 med
836 1275 245 40 förevarande
1099 1272 237 51 proposition
1356 1270 68 36 har
1442 1266 184 38 utskottet
1644 1263 58 37 till
1720 1258 236 48 behandling

359 1338 163 38 förehaft
563 1349 46 23 en
645 1335 102 35 inom
783 1333 116 35 första
936 1329 214 36 kammaren
1179 1338 47 22 av
1254 1324 85 35 herr
1371 1320 42 38 G.
1443 1318 201 46 Strömberg
1672 1313 112 37 väckt
1811 1311 145 36 motion

361 1391 58 49 (nr
448 1389 102 48 214),
578 1387 80 36 vari
685 1383 227 49 föreslagits,
941 1386 56 30 att
1023 1378 216 47 riksdagen,
1268 1373 84 37 med
1380 1370 207 47 anledning
1607 1380 46 23 av
1673 1363 285 52 propositionen

361 1444 12 35 i
400 1443 122 47 fråga,
565 1441 118 33 måtte
723 1436 146 36 besluta
910 1432 139 37 sådana
1089 1428 206 47 ändringar
1321 1426 13 35 i
1362 1424 63 36 det
1452 1419 212 49 framlagda
1693 1417 179 46 förslaget
1900 1409 59 57 till

361 1491 232 52 provisorisk
637 1488 162 50 höjning
840 1499 45 22 av
927 1484 45 36 de
1012 1481 117 48 enligt
1165 1477 331 48 resereglementet
1523 1469 192 50 utgående
1743 1466 217 49 dagtrakta-

364 1550 148 32 menten
554 1543 58 35 för
653 1546 105 31 extra
798 1535 270 47 förrättningar
1108 1532 12 35 i
1149 1536 141 31 statens
1318 1526 177 44 ärenden,
1524 1529 55 30 att
1607 1520 268 49 förhöjningen
1903 1517 59 35 för

363 1595 213 50 respektive
603 1593 144 36 klasser
774 1592 60 33 må
860 1590 93 44 utgå
981 1584 83 37 med
1093 1582 168 49 följande
1288 1580 157 48 belopp:
1476 1577 116 35 första
1619 1574 151 35 klassen
1798 1572 48 34 24
1875 1569 87 35 kro-

365 1662 80 33 nor,
488 1646 118 37 andra
646 1644 152 36 klassen
827 1642 47 34 22
904 1639 148 44 kronor,
1081 1634 119 49 tredje
1228 1633 151 35 klassen
1408 1631 47 34 20
1484 1628 150 44 kronor,
1665 1623 118 50 fjärde
1809 1621 153 36 klassen

368 1703 45 34 17
457 1699 150 44 kronor,
648 1696 114 35 femte
802 1693 152 35 klassen
997 1690 45 34 14
1078 1687 141 36 kronor
1247 1684 70 37 och
1344 1683 114 48 sjätte
1485 1680 150 35 klassen
1666 1678 44 34 11
1741 1675 139 35 kronor
1909 1676 55 31 att

368 1752 101 49 gälla
495 1749 99 37 intill
622 1747 87 37 dess
736 1750 85 44 nytt
847 1741 310 49 resereglemente
1185 1737 75 36 kan
1288 1735 152 35 komma
1468 1737 54 30 att
1549 1729 108 37 träda
1684 1728 12 35 i
1724 1725 107 37 kraft.

471 1802 18 36 I
531 1802 106 46 fråga
679 1811 61 23 om
782 1796 45 36 de
855 1795 93 46 skäl,
977 1791 233 37 motionären
1240 1787 123 36 anfört
1389 1785 58 35 till
1475 1781 81 38 stöd
1585 1781 59 36 för
1673 1779 59 36 sin
1760 1774 203 39 framställ-

370 1855 106 48 ning,
505 1853 57 36 får
588 1851 185 37 utskottet
800 1846 159 37 hänvisa
986 1844 56 36 till
1070 1837 205 57 motionen.

474 1955 86 37 Med
600 1955 150 46 hänsyn
785 1950 57 37 till
871 1949 62 36 det
959 1944 217 39 nuvarande
1204 1943 87 47 låga
1317 1935 302 54 penningvärdet
1647 1945 109 25 anser
1782 1930 185 37 utskottet

374 2010 61 36 det
463 2021 90 23 vara
582 2019 45 23 av
655 2005 162 36 behovet
844 2000 178 50 påkallat,
1051 2002 52 31 att
1132 2009 46 23 en
1208 1992 220 48 förhöjning
1456 2002 47 23 av
1530 2001 51 23 nu
1608 1984 188 50 utgående
1823 1981 144 37 trakta-

373 2065 150 32 menten
551 2058 58 36 för
637 2062 104 31 extra
769 2052 268 48 förrättningar
1063 2049 12 35 i
1103 2053 145 31 statens
1277 2045 116 48 tjänst
1421 2045 145 33 snarast
1584 2039 171 35 kommer
1772 2034 55 36 till
1845 2032 123 37 stånd.

374 2112 192 38 Utskottet
593 2110 121 35 finner
743 2107 60 47 sig
831 2103 157 38 sålunda
1015 2101 90 36 böra
1132 2097 188 49 tillstyrka
1348 2100 53 31 att
1428 2094 13 35 i
1469 2091 162 37 avbidan
1653 2091 49 47 på
1722 2083 249 41 slutförandet

376 2177 47 24 av
452 2164 71 36 den
550 2161 165 37 revision
744 2171 45 23 av
816 2155 337 47 resereglementet,
1183 2163 81 23 som
1292 2148 58 36 för
1377 2143 231 39 närvarande
1636 2142 129 48 pågår,
1781 2151 45 23 en
1845 2135 128 50 provi-

377 2215 122 38 sorisk
536 2212 223 49 förhöjning
787 2222 45 23 av
860 2207 298 36 traktamentena
1182 2201 185 47 vidtages.
1405 2196 193 38 Utskottet
1625 2193 68 35 vill
1721 2190 95 37 dock
1843 2186 130 46 uttala,

379 2271 20 33 å
428 2280 69 24 ena
525 2265 119 47 sidan,
675 2268 53 31 att
754 2261 183 36 utskottet
964 2257 80 37 icke
1070 2261 93 30 utan
1192 2252 140 36 tvekan
1360 2254 123 32 ansett
1510 2246 61 49 sig
1598 2245 127 36 kunna
1753 2239 148 39 förorda
1929 2251 48 24 en

380 2322 41 34 så
461 2317 150 38 relativt
651 2316 79 47 hög
769 2306 469 47 traktamentsersättning,
1281 2316 81 24 som
1403 2300 119 47 enligt
1551 2298 45 35 de
1623 2296 13 36 i
1664 2292 313 49 statsrådsproto-
