1876 2840
243 190 115 30 Första
384 189 199 29 kammarens
601 185 136 39 första
762 186 161 39 tillfälliga
948 186 129 30 utskotts
1103 184 160 30 utlåtande
1288 183 50 30 Nr
1365 182 28 30 8.
1553 183 18 29 9

75 280 77 30 med
173 288 45 21 nu
238 279 153 38 gällande
411 277 250 31 bestämmelser
681 276 151 39 omöjligt
854 277 51 28 att
927 275 154 30 effektivt
1101 274 202 38 genomföra.
1325 274 68 28 Det
1413 273 160 29 existerar

74 325 167 37 nämligen
259 324 86 29 intet
363 323 105 37 tvång
485 323 51 29 för
553 322 161 29 föräldrar
732 323 53 28 att
803 321 105 29 sända
927 320 70 29 sina
1016 320 35 29 så
1069 319 193 29 beskaffade
1279 319 84 28 barn
1381 318 51 29 till
1450 317 122 29 sinnes-

76 369 184 30 slöanstalt.
284 369 68 28 Det
375 370 36 27 är
434 367 110 30 därför
566 367 28 38 ej
620 366 59 30 alls
703 366 159 37 ovanligt,
886 367 52 27 att
962 365 42 29 då
1027 365 50 28 ett
1100 363 132 30 skolråd
1254 363 78 29 eller
1355 371 40 21 en
1417 361 156 30 folkskol-

74 415 172 36 inspektör
263 413 101 38 begär
382 412 154 38 åtgärder
552 412 51 29 för
621 413 52 27 att
690 411 34 30 få
742 412 51 28 ett
812 410 108 38 dylikt
938 410 83 29 barn
1038 409 129 37 intaget
1185 408 19 30 å
1223 408 104 30 sådan
1346 406 134 38 anstalt,
1499 407 73 28 bar-

75 461 74 27 nets
173 458 162 30 föräldrar
357 457 71 30 helt
451 456 111 30 enkelt
585 458 102 35 vägra
711 457 52 28 att
786 455 113 30 lämna
923 455 59 29 sitt
1004 454 104 29 bifall.
1132 454 67 29 Det
1222 453 68 29 kan
1313 452 28 38 ej
1368 454 102 35 gärna
1493 451 82 29 råda

76 503 110 38 någon
208 503 105 30 tvivel
334 503 126 36 därom,
484 503 52 28 att
557 510 40 21 en
619 501 92 38 dylik
732 503 126 35 vägran
879 500 74 29 från
974 499 222 29 föräldrarnas
1218 498 72 30 sida
1311 499 36 27 är
1368 497 51 29 till
1439 497 135 29 barnets

77 549 115 36 skada,
213 548 42 29 då
275 548 57 29 det
352 547 190 38 därigenom
560 547 140 29 berövas
720 554 40 20 en
779 544 247 38 undervisning,
1047 552 70 21 som
1137 544 51 29 för
1207 543 72 29 dess
1300 542 53 29 del
1371 541 105 30 skulle
1494 549 82 21 vara

78 594 64 29 den
154 594 107 28 bästa.
275 593 67 29 Det
355 601 97 29 synes
466 592 110 29 därför
587 599 81 21 vara
680 590 160 38 påkallat,
855 591 52 28 att
919 591 111 28 staten
1042 589 113 29 träder
1166 588 140 29 emellan
1317 587 52 29 för
1381 588 52 28 att
1446 585 130 38 skydda

77 639 136 29 barnets
236 638 139 29 intresse
399 637 61 29 och
484 636 134 38 stadgar
642 635 189 38 skyldighet
854 635 51 28 för
928 634 162 29 föräldrar
1114 633 50 29 till
1188 632 113 38 dylika
1323 632 85 29 barn
1432 632 51 28 att
1506 630 70 30 låta

79 683 76 29 dem
177 683 130 36 intagas
329 682 20 29 å
371 681 295 30 sinnesslöanstalt.
688 681 89 28 Från
798 679 186 38 principiell
1005 678 210 37 ståndpunkt
1236 676 107 30 måste
1366 676 94 29 detta
1482 683 94 21 anses

78 728 69 29 lika
169 727 192 37 berättigat,
386 735 71 21 som
480 727 52 28 att
553 725 115 30 blinda
689 725 84 29 barn
796 724 93 30 skola
910 723 195 29 undervisas
1127 723 11 28 i
1159 721 230 31 blindinstitut
1412 720 60 30 och
1496 720 79 29 döv-

79 774 148 28 stumma
250 772 11 28 i
285 771 320 30 dövstumsinstitut.
630 770 103 29 Målet
757 771 108 27 måste
888 777 92 29 vara,
1005 769 52 28 att
1077 776 60 20 var
1160 767 61 29 och
1245 775 41 20 en
1304 766 52 29 får
1376 766 64 28 den
1458 765 118 29 under-

79 817 141 38 visning,
246 825 71 21 som
340 816 78 29 bäst
441 816 128 36 lämpar
593 815 47 37 sig
663 814 51 30 för
736 814 84 29 hans
845 813 133 35 andliga
1002 812 61 30 och
1087 811 190 38 kroppsliga
1299 810 276 37 förmögenheter.

79 863 68 29 Det
168 862 95 29 torde
285 861 111 29 därför
418 861 28 38 ej
470 861 114 29 kunna
605 867 94 22 anses
720 867 82 21 vara
823 860 50 28 ett
895 857 173 37 obehörigt
1089 856 195 38 ingripande
1304 855 11 29 i
1335 855 241 36 föräldramyn-

80 907 155 37 digheten
259 907 52 28 att
333 906 129 37 stadga,
487 906 51 29 att
559 905 94 37 barn,
677 912 70 22 som
770 903 179 38 lämpligen
971 902 29 38 ej
1024 903 115 28 kunna
1161 900 193 30 undervisas
1377 900 11 28 i
1409 899 82 30 folk-
1515 898 61 30 och

81 951 166 30 småskola
270 952 84 28 utan
378 951 82 29 böra
482 949 35 30 få
541 949 103 30 sådan
668 948 248 37 undervisning,
941 956 71 21 som
1037 955 40 21 en
1102 945 286 31 sinnesslöanstalt
1412 944 164 38 erbjuder,

81 995 101 31 också
205 996 93 29 skola
320 996 132 36 intagas
475 995 11 29 i
510 994 91 38 dylik
625 993 158 30 anstalt.”

122 1050 97 29 Efter
242 1049 193 38 tillstyrkan
460 1057 42 21 av
526 1047 249 31 vederbörande
798 1047 134 29 utskott
958 1045 50 38 (A.
1034 1046 65 29 K:s
1123 1045 105 29 första
1251 1044 75 29 tillf.
1351 1043 149 29 utskotts
1525 1043 51 28 ut-

79 1094 137 30 låtande
235 1103 39 20 nr
294 1095 18 28 9
334 1094 61 29 och
416 1095 36 28 F.
475 1094 63 29 K:s
557 1093 105 30 första
682 1092 73 29 tillf.
777 1092 150 29 utskotts
947 1090 177 30 utlåtande
1143 1098 39 20 nr
1201 1090 53 36 19)
1275 1088 108 30 beslöt
1402 1087 176 37 riksdagen

80 1140 11 29 i
110 1139 177 37 anledning
306 1147 43 21 av
370 1139 109 29 denna
497 1138 128 29 motion
644 1146 40 20 en
704 1136 157 30 skrivelse
880 1136 52 29 till
948 1135 125 38 Kungl.
1093 1134 101 39 Maj:t
1214 1142 42 21 av
1274 1133 148 38 följande
1440 1132 137 37 lydelse:

126 1184 37 29 ”T
186 1184 105 29 likhet
313 1184 77 29 med
407 1183 207 29 motionären
631 1182 61 29 och
710 1182 40 29 de
766 1181 78 29 med
861 1180 177 37 anledning
1055 1188 43 20 av
1114 1180 83 28 hans
1213 1177 245 37 framställning
1473 1176 106 29 hörda

80 1229 249 29 vederbörande
346 1237 95 20 anser
455 1228 185 37 riksdagen,
659 1228 51 28 att
727 1227 57 28 det
800 1227 36 28 är
853 1234 42 21 av
912 1225 83 37 vikt,
1013 1226 52 28 att
1080 1224 117 37 frågan
1213 1232 53 20 om
1284 1222 179 30 sinnesslöa
1478 1221 100 29 barns

80 1273 238 38 undervisning
334 1273 52 29 får
403 1281 41 21 en
460 1272 153 30 rationell
628 1271 138 38 lösning.
785 1271 68 29 Det
870 1269 107 30 måste
994 1269 142 38 givetvis
1153 1269 51 28 för
1219 1267 76 30 hela
1312 1266 60 30 vår
1388 1266 189 30 folkunder-

80 1319 131 37 visning
234 1327 81 21 vara
338 1326 42 21 av
404 1319 123 28 största
548 1316 84 38 vikt,
657 1318 52 28 att
731 1316 94 37 barn,
850 1323 71 22 som
943 1314 45 38 på
1010 1314 108 37 grund
1141 1322 42 20 av
1206 1312 218 30 sinnesslöhet
1446 1313 57 27 äro
1525 1319 52 21 ur-

82 1363 192 30 ståndsatta
296 1364 53 28 att
370 1362 83 38 följa
474 1362 76 29 med
573 1362 60 29 och
656 1361 220 37 tillgodogöra
898 1359 48 38 sig
968 1359 132 29 skolans
1123 1357 237 37 undervisning
1382 1356 61 29 och
1468 1355 111 30 därför

81 1408 90 30 vålla
189 1409 50 28 ett
257 1407 87 30 både
362 1407 155 38 psykiskt
534 1406 145 38 pinande
698 1406 62 28 och
779 1404 200 30 tidsödande
997 1403 118 30 hinder
1132 1403 12 28 i
1162 1402 279 36 undervisningen
1460 1409 42 20 av
1522 1402 56 27 öv-

80 1453 72 37 riga
173 1453 93 37 barn,
291 1452 113 38 skiljas
426 1451 74 30 från
523 1451 63 29 den
608 1450 133 37 vanliga
762 1448 280 37 undervisningen
1065 1448 62 29 och
1149 1447 34 29 få
1205 1455 41 21 en
1268 1446 133 38 speciell
1420 1444 159 30 handled-

82 1497 80 37 ning
181 1497 61 29 och
262 1496 94 30 vård.
376 1496 50 29 På
445 1495 239 38 landsbygden,
706 1495 60 28 där
785 1494 216 38 möjligheten
1022 1494 52 28 att
1094 1491 149 30 anordna
1263 1499 24 22 s.
1308 1491 32 29 k.
1361 1489 220 39 hjälpklasser

82 1544 37 27 är
138 1541 36 30 så
193 1543 74 36 gott
287 1549 70 21 som
378 1540 178 37 utesluten,
576 1540 115 29 kunna
711 1539 40 29 de
772 1538 180 30 sinnesslöa
971 1538 126 29 barnen
1117 1538 119 35 utgöra
1255 1544 41 21 en
1314 1535 77 29 hela
1409 1533 170 30 undervis-

81 1587 122 37 ningen
224 1585 238 38 nedtyngande
484 1585 60 29 och
565 1584 221 37 förryckande
807 1583 115 29 börda.
944 1582 78 29 Men
1044 1584 85 27 även
1152 1581 59 29 där
1226 1579 219 40 hjälpklasser
1461 1578 117 33 finnas,

82 1632 74 29 vari
175 1631 40 29 de
235 1630 180 30 sinnesslöa
434 1630 125 29 barnen
578 1629 140 37 intagas,
739 1628 226 29 återkommer
984 1634 128 22 samma
1132 1625 177 38 svårighet.
1330 1625 50 37 Ty
1399 1623 180 39 hjälpklas-

83 1684 96 21 gerna
201 1684 78 21 avse
302 1675 40 29 de
363 1675 130 29 mindre
513 1674 235 37 försigkomna,
772 1672 98 30 alltså
892 1671 136 38 sådana,
1051 1671 108 29 vilkas
1180 1668 243 31 intellektuella
1444 1667 136 30 utveck-

82 1720 68 38 ling
178 1720 191 37 visserligen
397 1721 36 28 är
461 1719 96 38 dålig,
585 1727 77 20 men
688 1718 133 29 likvisst
847 1717 73 29 icke
947 1717 67 28 kan
1041 1715 183 30 rubriceras
1253 1723 70 21 som
1352 1712 227 31 sinnesslöhet.

82 1766 64 29 Att
166 1765 41 29 de
226 1765 181 29 sinnesslöa
426 1764 141 29 barnens
587 1765 142 27 närvaro
749 1762 11 29 i
780 1762 95 30 dessa
894 1761 220 38 hjälpklasser
1132 1760 106 29 under
1257 1759 127 29 sådana
1402 1757 178 30 förhållan-

83 1810 64 29 den
168 1809 85 30 skall
271 1810 104 28 verka
394 1808 218 37 förlamande,
632 1807 186 30 hindrande
839 1807 62 29 och
920 1805 223 38 förryckande
1162 1804 43 38 på
1224 1801 356 41 hjälpklassundervis-

80 1854 123 38 ningen
222 1854 11 28 i
253 1853 72 30 dess
345 1854 124 36 helhet,
490 1853 94 29 torde
604 1852 97 30 alltså
720 1852 87 37 ligga
825 1851 12 30 i
856 1853 110 35 öppen
986 1850 73 37 dag.
1081 1849 192 37 Riksdagen
1292 1848 68 29 kan
1381 1847 110 29 därför
1510 1846 72 29 icke

81 1899 93 29 finna
189 1901 114 34 annat,
320 1900 42 27 än
379 1899 52 28 att
447 1898 56 28 det
519 1898 85 28 enda
617 1897 122 36 riktiga
755 1899 46 29 är,
818 1897 52 28 att
887 1896 40 28 de
942 1894 166 30 notoriskt
1124 1893 179 30 sinnesslöa
1317 1892 71 29 helt
1404 1892 60 28 och
1479 1890 104 30 hållet

84 1943 159 38 avskiljas
267 1943 75 29 från
368 1942 64 29 den
457 1941 133 37 vanliga
613 1940 281 37 undervisningen
919 1940 61 28 och
1005 1939 139 29 beredas
1169 1937 140 30 särskild
1333 1935 247 36 undervisning.

81 1988 78 29 Med
175 1987 163 30 avseende
352 1986 45 38 på
412 1986 41 29 de
467 1986 152 36 grunder,
635 1985 83 29 efter
733 1985 91 28 vilka
839 1985 95 28 detta
949 1983 208 38 avskiljande
1171 1982 60 29 bör
1246 1982 68 36 ske,
1331 1989 94 21 anser
1440 1980 47 37 sig
1501 1979 80 29 riks-

85 2033 107 36 dagen
216 2032 72 29 icke
311 2032 116 28 kunna
450 2031 110 29 uttala
583 2029 110 38 någon
717 2029 155 30 bestämd
896 2028 143 37 mening,
1065 2029 83 27 utan
1172 2026 59 29 vill
1254 2026 119 29 endast
1396 2023 188 37 framhålla,

84 2078 54 28 att
160 2077 40 29 de
222 2076 153 37 grunder,
399 2084 70 21 som
492 2075 10 28 i
524 2075 120 29 sådant
665 2074 189 29 hänseende
876 2073 55 29 må
953 2072 105 30 varda
1073 2071 201 37 fastställda,
1297 2070 82 29 böra
1398 2070 186 37 garantera,

83 2123 53 27 att
157 2121 224 37 avskiljandet
402 2121 74 28 sker
496 2120 75 28 med
592 2119 214 37 sakkunskap
828 2119 61 28 och
910 2118 84 29 efter
1014 2116 183 38 synnerligt
1217 2114 166 38 sorgfällig
1408 2113 174 38 prövning.

127 2166 49 29 På
190 2166 107 37 grund
312 2174 43 20 av
370 2165 67 29 vad
452 2164 139 30 sålunda
606 2164 125 28 anförts
747 2163 51 29 får
811 2163 177 36 riksdagen
1003 2161 143 35 anhålla,
1163 2162 52 28 att
1229 2160 104 29 Eders
1348 2158 124 38 Kungl.
1483 2158 101 37 Maj:t

86 2211 130 28 täcktes
233 2209 70 29 låta
319 2210 157 29 utarbeta
493 2209 60 28 och
570 2208 50 29 för
636 2208 176 37 riksdagen
829 2207 183 37 framlägga
1028 2206 122 37 förslag
1166 2205 51 29 till
1233 2203 215 30 anordnande
1462 2211 41 20 av
1518 2205 65 27 sär-

87 2254 86 29 skild
199 2254 215 37 obligatorisk
439 2253 236 36 undervisning
699 2253 51 28 för
775 2251 181 30 sinnesslöa
980 2249 117 30 barn.”

129 2308 49 28 På
200 2308 107 34 grund
330 2315 42 20 av
396 2307 40 27 de
458 2306 139 29 sålunda
618 2305 149 29 erhållna
788 2304 329 36 framställningarna
1138 2302 108 29 beslöt
1267 2301 115 37 Kungl
1401 2301 100 36 Maj:t
1521 2300 63 28 den

88 2352 39 28 28
152 2352 66 37 maj
244 2352 81 27 1920
349 2350 202 37 bemyndiga
573 2350 116 29 chefen
712 2350 50 27 för
786 2348 191 30 dåvarande
1001 2347 345 36 civildepartementet
1369 2346 52 27 att
1444 2344 142 29 tillkalla

87 2395 210 37 sakkunniga
315 2395 52 28 för
389 2394 243 29 verkställande
653 2402 41 20 av
715 2394 63 28 den
799 2393 145 37 begärda
963 2391 231 35 utredningen.
1216 2391 16 28 I
1253 2390 57 29 det
1330 2389 56 29 vid
1407 2389 94 28 detta
1521 2388 64 28 till-

87 2439 79 29 fälle
182 2440 11 28 i
210 2440 138 28 ärendet
364 2439 96 29 förda
477 2437 366 38 statsrådsprotokollet
861 2437 163 36 anfördes,
1044 2438 52 26 att
1115 2436 56 28 det
1188 2435 95 28 torde
1300 2434 82 29 böra
1399 2433 188 29 tillkomma

89 2484 210 37 landstingen
318 2484 61 28 och
399 2484 40 28 de
457 2483 120 37 städer,
596 2491 69 21 som
684 2482 28 38 ej
733 2482 9 28 i
760 2481 169 36 landsting
947 2481 141 36 deltoge,
1108 2481 61 35 att,
1190 2479 58 28 där
1267 2478 35 29 så
1320 2478 28 38 ej
1368 2478 104 28 redan
1485 2477 100 36 skott,
