2224 2676
663 192 255 32 Statsutskottets
950 192 175 33 Utlåtande
1148 192 63 32 N:o
1235 193 74 30 138.
1780 193 19 31 3

197 281 94 31 samt
318 280 54 31 att
399 274 310 38 rådstufvurätten
728 287 130 36 genom
877 275 118 48 utslag
1015 274 68 36 den
1105 275 47 36 29
1172 274 141 49 januari
1332 273 241 38 innevarande
1592 273 47 45 år,
1659 274 141 37 hvilket

199 330 118 48 utslag
346 330 129 37 vunnit
503 329 81 49 laga
612 329 106 45 kraft,
747 329 54 49 sig
829 329 131 44 utlåtit,
976 334 62 39 att,
1054 328 113 37 ehuru
1188 328 172 37 makarne
1378 328 189 49 Dahlberg
1586 328 211 37 förmedelst

197 383 263 38 ofvanberörda
493 383 166 37 inbördes
689 389 210 31 testamente
927 384 166 43 bestämt,
1123 389 53 30 att
1204 383 68 36 den
1301 383 37 36 af
1365 383 181 44 makarne,
1575 395 77 24 som
1682 383 117 37 öfver-

197 438 96 37 lefde
322 438 68 36 den
420 437 120 45 andra,
570 438 116 36 skulle
715 451 84 23 vara
828 451 122 23 ensam
979 441 105 44 ägare
1112 438 37 35 af
1178 437 48 36 all
1246 437 69 36 den
1334 436 289 49 kvarlåtenskap,
1645 450 82 23 vare
1747 438 54 47 sig

197 492 55 37 lös
295 492 85 36 eller
420 492 81 44 fast,
544 504 76 24 som
657 492 61 37 vid
754 491 148 37 enderas
931 491 72 37 död
1030 492 12 35 i
1071 491 82 37 boet
1180 491 139 44 funnes,
1347 491 114 37 likväl
1490 490 68 37 och
1587 503 77 24 som
1694 491 105 36 efter-

198 546 168 37 lefvande
394 546 130 36 maken
553 546 216 36 försummat
797 545 139 38 bevaka
964 550 229 32 testamentet
1222 550 93 31 samt
1334 545 128 36 hustru
1481 545 204 48 Dahlbergs
1703 545 96 36 släk-

199 601 118 47 tingar
359 599 188 37 uraktlåtit
583 602 86 46 göra
697 601 56 35 sin
781 603 73 33 rätt
882 599 21 37 å
932 600 218 48 egendomen
1179 599 174 48 gällande,
1382 599 234 48 förpliktades
1645 612 154 23 mannen

198 654 186 48 Dahlberg
412 659 53 31 att
492 654 55 36 till
576 654 607 36 kammaradvokatfiskalsämbetet
1210 653 164 37 redovisa
1403 653 167 36 behållna
1595 652 205 37 kvarlåten-

199 709 136 48 skapen
372 708 89 37 efter
498 708 129 37 hustru
654 708 187 48 Dahlberg
869 708 81 36 med
978 707 140 37 hälften
1147 708 37 36 af
1214 707 252 49 behållningen
1495 707 111 47 enligt
1633 707 56 36 till
1717 706 83 37 råd-

198 763 243 37 stufvurätten
468 762 186 36 inlämnad
683 763 301 48 bouppteckning,
1013 762 84 36 eller
1125 762 81 36 med
1237 763 110 43 3,412
1378 762 135 36 kronor
1543 759 93 44 32'/>
1666 763 67 35 öre.

332 816 65 36 Nu
438 816 65 36 har
545 817 12 35 i
600 829 43 23 en
681 816 67 36 den
789 818 46 35 15
875 816 163 37 sistlidne
1070 816 157 37 februari
1255 816 56 36 till
1338 816 136 48 Kungl.
1503 816 108 48 Maj:t
1638 816 162 47 ingifven

199 871 111 37 skrift
351 883 156 24 mannen
545 870 195 49 Dahlberg,
780 870 81 37 med
898 869 261 38 framhållande
1188 870 37 36 af
1253 870 55 36 sin
1337 870 350 49 bekymmersamma
1716 869 84 37 eko-

199 926 167 36 nomiska
409 925 171 49 ställning
622 925 68 36 och
731 925 111 36 under
880 925 225 48 åberopande
1140 925 37 36 af
1204 924 96 37 hvad
1329 924 73 37 han
1430 924 66 37 hos
1527 924 165 36 bemälda
1719 924 81 36 räd-

200 980 199 36 stufvurätt
427 980 130 43 anfört,
586 980 12 35 i
626 979 284 48 underdånighet
938 979 161 44 anhållit,
1119 984 52 31 att
1190 979 156 36 kronans
1365 982 73 33 rätt
1459 979 55 35 till
1532 977 270 49 ifrågavarande

200 1034 161 52 danaarf
378 1033 112 37 måtte
519 1034 248 37 efterskänkas
795 1034 56 36 till
880 1032 143 38 förmån
1050 1034 56 36 för
1134 1033 192 37 sökanden.

333 1088 113 36 Öfver
474 1088 117 36 denna
619 1088 201 47 ansökning
849 1087 65 36 har
942 1087 134 48 Kungl.
1096 1087 123 49 Maj:ts
1239 1086 398 49 befallningshafvande
1655 1088 13 35 i
1687 1087 112 36 Norr-

200 1142 142 37 bottens
370 1142 63 36 län
461 1142 147 48 afgifvit
635 1141 201 37 infordradt
855 1141 238 48 underdånigt
1113 1141 182 36 utlåtande
1315 1141 67 36 och
1402 1140 128 37 därvid
1548 1141 117 36 tillika
1686 1141 114 37 öfver-

200 1197 140 35 lämnat
380 1196 169 48 yttrande
576 1195 83 37 från
688 1196 231 48 magistraten
947 1196 12 34 1
987 1195 111 45 Piteå,
1128 1208 76 24 som
1234 1195 119 36 däruti
1382 1196 126 43 anfört,
1537 1200 53 31 att
1618 1195 183 37 sökanden

202 1251 58 35 för
288 1251 63 35 sitt
378 1250 172 36 framtida
579 1250 198 49 uppehälle,
806 1250 156 36 förutom
991 1249 69 36 den
1089 1249 289 48 arbetsförmåga,
1407 1249 72 36 han
1509 1249 167 49 möjligen
1705 1252 96 33 ännu

203 1304 120 36 kunde
353 1304 138 44 besitta,
520 1317 84 24 vore
633 1303 224 37 uteslutande
885 1303 177 37 hänvisad
1092 1303 55 36 till
1168 1303 67 36 den
1255 1303 297 48 giftorättsandel,
1573 1316 77 24 som
1666 1303 135 36 honom

201 1358 201 37 tillkomme
431 1358 111 49 enligt
570 1357 235 37 förenämnda
833 1357 540 49 bouppteckningsinstrument;
1403 1362 52 31 att
1483 1357 100 36 boets
1611 1356 190 49 tillgångar

201 1412 165 49 uppstått
402 1425 129 35 genom
559 1412 203 37 sökandens
791 1411 112 37 under
932 1424 43 23 en
1003 1410 85 49 lång
1115 1411 91 49 följd
1235 1412 36 35 af
1300 1411 39 36 år
1367 1411 217 48 ådagalagda
1614 1411 186 36 sträfsam-

200 1466 63 36 het
299 1466 68 36 och
400 1466 67 43 fit;
510 1471 94 32 samt
631 1471 54 31 att
712 1465 60 37 det
800 1465 150 37 sålunda
979 1471 121 43 syntes
1128 1464 108 37 hårdt
1265 1465 67 36 och
1360 1465 149 48 obilligt,
1537 1470 53 31 att
1618 1465 183 37 sökanden

201 1520 57 37 för
286 1520 56 36 sin
370 1520 252 48 försumlighet
650 1525 54 31 att
733 1520 138 37 bevaka
898 1524 229 32 testamentet
1155 1520 88 36 efter
1271 1520 55 35 sin
1356 1519 128 36 hustru
1512 1519 117 37 skulle
1656 1518 45 49 gå
1729 1520 72 35 för-

201 1574 111 48 lustig
340 1574 68 36 den
437 1574 199 49 besparing,
665 1574 72 36 han
765 1587 128 35 genom
922 1579 51 31 ett
1001 1574 186 36 sträfsamt
1215 1573 120 37 arbete
1354 1574 57 36 för
1430 1573 247 37 ålderdomens
1693 1572 109 49 dagar

202 1628 216 43 förvärfvat;
448 1628 68 37 och
543 1628 66 36 har
636 1628 135 48 Kungl.
800 1628 122 49 Maj:ts
951 1628 398 48 befallningshafvande
1368 1628 55 36 för
1443 1640 87 36 egen
1549 1627 57 36 del
1626 1627 177 49 tillstyrkt

203 1682 103 36 bifall
335 1682 55 36 till
419 1683 257 47 ansökningen.

336 1736 629 43 Kammaradvokatfiskalsämbetet,
1007 1735 107 37 hvars
1156 1736 168 49 yttrande
1361 1735 135 50 jämväl
1530 1736 12 35 i
1575 1730 146 42 ärendet
1749 1736 53 35 in-

202 1790 166 45 fordrats,
397 1791 65 36 har
490 1791 128 46 anfört,
649 1796 53 31 att
730 1791 157 35 ämbetet
915 1790 81 36 låtit
1024 1790 103 36 anstå
1156 1790 81 36 med
1265 1795 53 31 att
1346 1789 20 36 å
1395 1790 157 36 kronans
1581 1793 136 45 vägnar
1741 1789 62 49 på-

202 1845 97 36 kalla
328 1844 266 37 verkställande
622 1845 37 36 af
687 1844 238 37 omförmälda
952 1844 118 48 utslag
1097 1845 13 35 i
1139 1844 173 37 afvaktan
1339 1843 46 50 på
1413 1843 178 49 utgången
1622 1844 36 36 af
1678 1842 125 49 frågan

202 1911 59 24 om
304 1899 302 37 efterskänkande
643 1899 55 36 till
738 1898 202 37 sökandens
978 1898 140 37 förmån
1148 1899 37 36 af
1214 1899 157 36 kronans
1400 1901 72 33 rätt
1499 1899 56 35 till
1583 1898 219 36 danaarfvet.

335 1953 235 36 Beträffande
613 1953 129 48 själfva
784 1953 246 47 ansökningen
1068 1952 65 36 har
1170 1952 167 45 ämbetet,
1371 1952 113 36 under
1513 1951 225 49 åberopande
1766 1951 37 35 af

201 2006 97 37 hvad
334 2007 233 48 magistraten
595 2008 12 35 i
637 2006 102 37 Piteå
766 2007 12 35 i
807 2006 147 37 ärendet
982 2006 129 44 anfört,
1140 2006 195 45 hemställt,
1365 2011 53 31 att
1444 2005 110 49 nådig
1581 2005 224 50 proposition

201 2060 113 37 måtte
350 2061 12 35 i
400 2061 60 36 det
496 2061 36 36 af
565 2061 181 37 sökanden
778 2061 145 48 angifna
952 2061 111 48 syftet
1091 2061 56 36 till
1175 2060 211 49 Riksdagen
1415 2060 146 44 aflåtas;
1602 2060 204 48 hvarjämte

204 2115 156 36 ämbetet
396 2116 95 47 gjort
527 2114 179 37 förbehåll
744 2128 58 23 om
838 2114 65 37 den
936 2115 157 36 ämbetet
1122 2114 273 37 tillkommande
1424 2114 377 49 aktoratsprovision.>

338 2222 287 45 Statsutskottet,
655 2236 78 23 som
761 2222 69 37 fått
858 2223 98 36 detta
985 2223 129 36 ärende
1143 2224 55 36 för
1226 2222 257 38 förberedande
1512 2222 218 48 behandling
1751 2221 55 36 till

204 2276 54 48 sig
286 2276 230 45 remitteradt,
545 2277 217 44 hemställer,
