1868 2846
275 157 40 31 20
644 160 436 31 Konstitutionsutskottets
1101 160 176 31 utlåtande
1298 160 51 31 Nr
1367 160 53 31 21.

408 245 141 38 (Kungl.
571 246 119 37 Maj:ts
708 245 163 38 förslag:)
1222 243 209 38 (Utskottets
1446 243 162 38 förslag:)

1098 302 38 38 2)
1160 303 209 37 handlingar
1397 303 65 30 och
1488 303 175 37 protokoll
1691 303 10 30 i
1728 302 60 31 äk-

1054 353 247 38 tenskapsmål,
1327 353 71 31 mål
1424 363 57 21 om
1506 353 190 38 faderskap
1723 353 65 31 och

1054 404 399 37 underhållsskyldighet
1486 404 51 30 till
1571 404 87 30 barn
1692 406 95 28 utom

1054 454 193 37 äktenskap
1268 458 92 26 samt
1378 454 71 31 mål
1470 464 56 21 om
1546 454 242 37 äåktenskaplig

1054 505 96 38 börd,
1172 504 91 31 vilka
1284 505 58 30 vid
1362 505 221 30 underrätten
1604 504 183 37 handlagts

1055 556 94 29 inom
1180 555 146 37 stängda
1357 555 122 30 dörrar
1509 555 65 30 och
1606 555 94 30 vilka
1730 564 59 21 an-

1055 606 236 36 hängiggjorts
1320 606 76 37 före
1425 605 114 30 denna
1567 605 72 37 lags
1668 605 122 38 ikraft-

1056 656 178 37 trädande,
1261 656 33 37 ej
1321 656 58 30 må
1406 659 83 27 utan
1516 659 181 33 parternas
1724 656 65 30 till-

1055 706 102 30 stånd
1173 707 174 30 utlämnas
1365 707 51 30 till
1432 716 117 20 annan
1566 707 121 37 förrän
1703 706 87 38 fem-

1056 758 46 28 tio
1123 756 39 31 år
1182 757 86 37 efter
1287 757 102 30 deras
1409 757 78 30 död.

636 847 31 40 2)
698 848 78 30 med
795 848 100 31 bifall
919 848 51 30 till
994 848 123 37 Kungl.
1143 847 117 38 Maj:ts
1288 848 216 38 proposition
1527 858 42 20 nr
1597 850 61 29 108
1685 848 106 31 måtte

591 901 125 35 antaga
737 898 156 37 följande

925 962 37 48 a)
1019 961 126 50 Lag

277 1031 190 41 angående
490 1031 140 32 ändrad
655 1031 140 40 lydelse
820 1041 41 22 av
884 1031 42 32 28
948 1031 67 32 och
1039 1031 41 32 55
1103 1028 46 42 $$
1171 1031 108 40 lagen
1305 1031 71 32 den
1398 1031 21 31 6
1438 1025 84 41 juni
1540 1030 84 32 1930
1638 1028 61 41 (ur
1714 1029 76 40 251)

694 1090 57 24 om
775 1082 376 39 kommunalstyrelse
1175 1083 45 39 på
1243 1082 141 32 landet.

329 1151 211 37 Härigenom
558 1151 194 35 förordnas,
773 1153 50 28 att
841 1151 42 30 28
900 1152 66 29 och
986 1151 41 30 55
1046 1151 44 39 58
1111 1152 98 35 lagen
1227 1151 65 29 den
1313 1151 20 29 6
1351 1151 76 36 juni
1451 1151 82 30 1930
1555 1159 58 21 om
1632 1151 158 30 kommu-

285 1202 200 37 nalstyrelse
500 1201 44 37 på
565 1201 115 31 landet
701 1201 97 30 skola
815 1200 132 31 erhålla
968 1201 134 30 ändrad
1121 1201 127 36 lydelse
1267 1199 45 38 på
1333 1201 67 30 sätt
1421 1201 113 30 nedan
1553 1201 153 37 angives:

988 1285 42 30 28
1051 1282 31 42 8.

328 1343 247 32 Ordföranden
590 1344 88 30 skall
695 1343 96 36 tillse,
809 1346 50 28 att
873 1343 124 37 utdrag
1011 1352 42 21 av
1071 1343 399 30 kommunalstämmans
1484 1342 175 38 justerade
1676 1346 114 34 proto-

285 1396 71 30 koll
373 1396 168 30 tillställes
559 1394 384 31 kommunalnämnden
960 1395 81 30 eller
1058 1394 42 31 de
1116 1395 110 30 andra
1242 1395 170 36 styrelser,
1432 1395 170 31 nämnder
1618 1396 81 30 eller
1716 1404 74 29 per-

284 1454 112 27 soner,
416 1444 35 32 åt
473 1445 94 30 vilka
587 1444 257 37 verkställighet
865 1453 42 21 av
931 1445 190 29 stämmans
1143 1444 111 30 beslut
1274 1444 215 37 uppdragits.

328 1496 75 30 Den
434 1505 74 21 som
529 1495 81 31 med
628 1495 223 36 begagnande
870 1503 42 22 av
928 1495 53 30 sin
1000 1495 68 30 rätt
1088 1495 104 36 enligt
1210 1495 476 37 tryckfrihetsförordningen
1707 1496 85 36 tagit

285 1546 148 31 avskrift
451 1555 43 21 av
513 1546 398 30 kommunalstämmans
933 1545 172 36 protokoll
1127 1546 79 35 äger
1225 1548 49 27 att
1293 1548 86 27 utan
1398 1545 107 37 avgift
1527 1545 37 31 få
1582 1545 210 31 avskriftens

285 1597 162 37 riktighet
463 1597 166 37 bestyrkt.

989 1647 41 30 55
1051 1644 31 41 8.

329 1706 67 30 Vid
415 1705 400 31 kommunalnämndens
830 1722 45 5 —
890 1722 45 4 —
949 1722 45 4 —
1010 1704 76 31 föra
1105 1705 183 37 protokoll.

330 1756 175 38 Justering
522 1765 43 22 av
583 1773 45 5 —
644 1773 45 5 —
706 1773 45 4 -—
768 1756 100 30 nästa
887 1756 267 30 sammanträde.

330 1806 335 38 Tillkännagivande
682 1816 57 21 om
757 1823 45 4 —
817 1823 46 4 —
882 1823 45 5 —
946 1806 217 30 föreskrivna
1183 1806 202 37 ordningen.

329 1857 75 31 Den
437 1867 75 20 som
530 1857 80 31 med
628 1856 224 37 begagnande
871 1865 43 21 av
933 1856 52 30 sin
1005 1857 68 29 rätt
1093 1856 104 37 enligt
1217 1856 476 38 tryckfrihetsförordningen
1708 1857 84 37 tagit

285 1907 148 31 avskrift
452 1917 42 21 av
513 1907 401 31 kommunalnämndens
936 1907 172 36 protokoll
1127 1907 79 36 äger
1224 1909 49 28 att
1294 1909 86 28 utan
1399 1907 107 36 avgift
1526 1907 37 31 få
1582 1907 210 32 avskriftens

285 1958 163 37 riktighet
467 1958 166 37 bestyrkt.

331 2052 123 30 Denna
474 2052 53 36 lag
547 2052 117 30 träder
681 2052 10 29 i
712 2050 93 31 kraft
823 2049 45 32 då
889 2050 191 37 Konungen
1101 2050 73 31 låtit
1191 2050 10 30 i
1219 2051 185 36 riksdagen
1423 2051 146 37 uppläsa
1589 2052 103 37 öppet
1709 2052 83 31 brev

285 2104 50 28 att
359 2102 204 36 kungörelse
588 2101 173 30 utfärdats
785 2110 58 21 om
867 2100 134 31 ändrad
1027 2100 127 37 lydelse
1173 2109 43 22 av
1240 2099 20 41 $
1287 2101 42 30 86
1353 2100 321 37 regeringsformen,
1703 2099 20 42 $&
1750 2102 42 30 38

285 2152 354 37 riksdagsordningen
657 2154 88 28 samt
760 2149 44 41 $$
823 2152 15 29 1
858 2151 67 30 och
940 2152 18 29 2
976 2151 484 37 tryckfrihetsförordningen.

923 2282 40 47 b)
1020 2281 131 49 Lag

280 2352 192 40 angående
495 2351 141 32 ändrad
662 2351 138 40 lydelse
823 2360 43 23 av
887 2350 42 32 32
952 2350 67 33 och
1042 2350 41 32 42
1106 2347 43 42 $$
1171 2351 108 39 lagen
1304 2350 70 33 den
1397 2351 21 31 6
1438 2349 84 42 juni
1542 2350 81 33 1930
1640 2349 60 40 (nr
1715 2348 76 40 252)

726 2410 57 24 om
808 2401 377 40 kommunalstyrelse
1209 2402 13 31 i
1245 2401 96 32 stad.

330 2471 212 37 Härigenom
562 2471 194 35 förordnas,
775 2472 49 28 att
842 2470 42 30 32
903 2470 66 30 och
987 2470 40 29 42
1049 2468 43 41 $$
1114 2470 97 36 lagen
1232 2470 67 31 den
1321 2471 20 30 6
1358 2469 76 38 juni
1458 2471 82 30 1930
1559 2479 58 21 om
1632 2470 159 32 kommu-

283 2522 201 36 nalstyrelse
502 2522 9 29 i
530 2522 77 30 stad
625 2521 97 30 skola
742 2520 131 31 erhålla
888 2521 133 29 ändrad
1041 2521 127 36 Iydelse
1188 2520 45 37 på
1251 2522 65 29 sätt
1336 2522 113 29 nedan
1470 2521 151 36 angives:
