1870 2846
266 145 38 30 12
633 149 438 30 Konstitutionsutskottets
1092 149 176 31 utlåtande
1289 150 49 30 Nr
1357 150 53 30 21.

401 232 141 37 (Kungl.
561 233 119 36 Maj:ts
701 233 159 37 förslag.)
1215 233 208 37 (Utskottets
1443 233 157 38 förslag.)

269 299 76 30 bort
375 300 70 29 ske.
487 298 177 32 Likaledes
693 299 58 31 må
778 300 296 31 utbekommande
1103 310 43 21 av
1174 300 177 37 handling,
1383 300 181 31 utvisande
1593 310 77 21 vem
1700 310 74 21 som

270 349 89 37 gjort
383 350 164 30 anmälan
571 350 10 30 i
608 351 126 30 ärende
759 351 150 30 rörande
933 351 200 31 samhällets
1159 350 197 32 barnavård
1381 352 81 29 eller
1485 351 286 37 ungdomsskydd

269 401 81 30 eller
368 401 148 30 rörande
535 401 211 37 behandling
764 410 43 22 av
828 401 225 31 alkoholister
1072 402 81 30 eller
1171 411 77 21 vem
1268 411 74 21 som
1362 400 97 37 eljest
1481 402 131 30 lämnat
1630 402 140 37 upplys-

270 451 123 37 ningar
412 451 11 30 i
443 450 123 32 sådant
586 452 136 35 ärende,
745 453 134 36 vägras,
901 461 57 21 om
981 452 159 37 grundad
1160 452 188 38 anledning
1371 452 113 30 finnes
1505 455 50 27 att
1576 455 126 34 antaga
1723 455 48 27 att

270 502 75 35 den,
373 510 58 21 om
457 501 114 31 vilken
596 502 164 30 anmälan
786 501 108 37 gjorts
922 503 80 30 eller
1028 502 298 38 upplysningarna
1352 502 161 37 lämnats,
1539 503 110 30 skulle
1676 503 98 30 miss-

269 552 111 30 bruka
400 552 198 30 kännedom
616 551 11 31 i
645 552 146 31 berörda
808 553 198 30 hänseende
1024 552 52 31 till
1094 553 109 30 skada
1221 553 56 30 för
1292 562 117 21 annan
1429 562 133 28 person.

311 603 74 31 Vad
406 603 11 30 i
439 604 112 30 denna
570 603 164 37 paragraf
753 604 139 36 stadgas
913 603 64 31 har
997 603 77 32 icke
1095 604 168 30 avseende
1285 603 20 31 å
1325 603 218 37 myndighets
1565 604 111 30 beslut
1699 613 73 21 som

268 653 140 32 särskilt
429 653 170 31 utfärdats
617 654 82 31 eller
720 654 10 30 i
753 654 174 37 protokoll
948 654 185 37 upptagits,
1155 655 62 30 där
1238 653 96 38 fråga
1353 654 33 38 ej
1409 655 39 30 är
1467 664 58 21 om
1546 653 226 31 barnavårds-

267 705 150 30 nämnds
446 704 80 31 eller
551 705 354 36 nykterhetsnämnds
932 705 110 31 beslut
1070 705 84 31 eller
1183 705 111 30 beslut
1323 705 10 30 i
1364 705 128 31 ärende
1519 714 75 21 som
1622 706 57 30 rör
1708 705 64 30 till-

267 755 180 37 lämpning
468 764 41 21 av
528 755 99 37 lagen
647 755 177 37 angående
845 755 158 37 åtgärder
1025 759 72 27 mot
1117 755 206 37 utbredning
1343 764 43 22 av
1406 755 304 38 könssjukdomar.

313 804 183 37 Uppgifter
516 805 65 30 och
603 805 259 37 anteckningar,
884 805 93 31 vilka
998 806 140 31 tillhöra
1160 806 41 31 de
1231 806 3 30 i
1255 807 255 29 kommunerna
1533 805 100 31 förda
1655 805 120 32 social-

271 854 174 37 registren,
470 854 57 31 må
551 855 30 37 ej
606 855 173 31 utlämnas
803 855 11 31 i
839 856 118 31 vidare
980 855 83 31 mån
1089 858 45 28 än
1158 865 75 22 som
1257 856 103 37 följer
1386 866 42 21 av
1451 857 99 36 lagen
1573 866 57 21 om
1655 856 119 31 social-

268 905 150 38 register.

977 974 39 30 15
1036 972 31 41 8.

314 1040 66 29 Till
393 1040 307 37 överförmyndare
714 1041 81 30 eller
811 1040 413 38 förmyndarkammaren
1241 1041 10 30 i
1269 1041 203 31 Stockholm
1486 1041 167 31 inkomna
1667 1041 110 30 hand-

269 1089 110 38 lingar
404 1090 68 36 må,
498 1091 10 30 i
531 1091 66 30 vad
622 1091 41 31 de
687 1090 89 38 angå
800 1091 177 31 enskildas
1002 1091 228 31 ekonomiska
1253 1090 255 38 förhållanden,
1532 1092 76 30 icke
1632 1092 146 36 tidigare

269 1141 44 30 än
333 1140 101 38 tjugu
455 1140 39 31 år
515 1141 85 31 efter
623 1142 230 36 handlingens
876 1142 121 31 datum
1020 1143 175 29 utlämnas
1220 1142 9 30 i
1251 1142 118 31 vidare
1390 1141 83 32 mån
1494 1143 46 30 än
1564 1142 10 30 i
1597 1142 98 37 lagen
1719 1152 57 20 om

269 1191 291 38 förmynderskap
582 1191 217 32 föreskrives.

978 1261 38 29 16
1037 1260 29 37 8.

314 1325 67 31 För
407 1326 115 38 statlig
545 1327 81 30 eller
652 1327 204 30 kommunal
881 1327 148 30 statistik
1054 1327 161 31 lämnade
1241 1327 186 38 uppgifter,
1451 1337 74 21 som
1550 1336 79 22 avse
1655 1336 121 21 namn-

268 1377 103 37 givna
399 1377 156 31 enskilda
582 1386 175 29 personer,
785 1379 103 36 bolag
916 1378 81 31 eller
1025 1379 110 30 andra
1161 1378 157 31 enskilda
1348 1378 280 38 samfälligheter,
1657 1378 57 31 må
1741 1378 32 37 ej

268 1428 175 30 utlämnas
462 1427 119 31 förrän
602 1427 99 38 tjugu
721 1427 38 32 år
779 1428 81 31 från
881 1428 200 37 uppgiftens
1103 1429 121 30 datum
1244 1428 161 37 förflutit,
1428 1429 114 30 därest
1561 1429 31 37 ej
1612 1429 66 30 den
1701 1438 74 21 som

269 1477 75 31 däri
367 1486 97 22 avses
486 1479 194 36 samtycker
698 1478 50 31 till
769 1482 46 28 ett
837 1478 146 38 tidigare
1003 1480 236 35 utlämnande,
1262 1480 81 30 eller
1366 1481 75 35 ock,
1464 1480 78 31 med
1565 1480 137 37 hänsyn
1724 1480 52 30 till

268 1527 200 38 uppgiftens
491 1531 102 28 natur
615 1529 81 30 eller
721 1529 56 31 det
801 1529 166 31 ändamål
990 1529 54 31 för
1067 1529 106 32 vilket
1196 1531 66 29 den
1287 1529 165 32 åstundas
1476 1531 65 30 och
1565 1529 209 37 omständig-

270 1578 142 31 beterna
429 1578 11 30 i
456 1578 118 37 övrigt,
587 1580 158 36 trygghet
761 1581 70 29 kan
849 1589 99 22 anses
966 1589 82 22 vara
1065 1581 54 30 för
1138 1581 150 35 handen,
1306 1583 49 28 att
1372 1581 239 30 utlämnandet
1629 1581 31 38 ej
1677 1582 97 29 kom-

272 1638 73 21 mer
365 1632 50 28 att
436 1629 214 32 missbrukas
670 1630 51 31 till
743 1631 89 31 hans
856 1631 119 31 skada.
1019 1631 66 31 Vid
1107 1631 226 31 utlämnande
1354 1632 86 30 böra
1460 1631 223 37 erforderliga
1706 1631 68 30 för-

272 1677 113 32 behåll
405 1680 110 36 göras.

976 1750 37 29 17
1035 1747 30 41 8.

311 1814 66 31 Till
400 1815 202 37 myndighet
623 1816 206 31 avlämnade
853 1816 175 37 uppgifter
1047 1816 50 31 till
1121 1816 138 37 ledning
1282 1816 54 31 för
1360 1816 166 37 taxering,
1549 1826 75 21 som
1648 1826 97 21 avses
1768 1817 10 29 i

268 1865 434 38 taxeringsförordningen,
728 1866 81 30 eller
836 1866 99 37 eljest
962 1866 55 31 för
1043 1867 224 30 beräknande
1293 1876 42 21 av
1365 1867 92 30 skatt
1485 1866 57 32 må
1568 1867 31 37 ej
1629 1867 11 30 i
1665 1867 111 30 andra

268 1915 61 30 fall
346 1916 46 30 än
411 1916 11 30 i
439 1916 257 31 vederbörande
714 1916 322 38 skatteförfattning
1054 1918 138 36 stadgas
1212 1920 84 27 utan
1315 1918 67 30 den
1400 1917 266 37 skattskyldiges
1686 1927 88 21 sam-

267 1966 101 36 tycke
390 1966 174 31 utlämnas
585 1967 51 30 till
656 1976 116 21 annan
792 1967 145 37 tidigare
959 1969 45 29 än
1026 1967 99 37 tjugu
1145 1967 39 31 år
1206 1968 86 30 efter
1312 1968 199 37 uppgiftens
1534 1968 130 30 datum.

978 2077 38 30 18
1039 2074 30 42 8.

312 2141 217 38 Handlingar
552 2153 75 21 som
651 2142 184 34 inkommit
857 2144 51 30 till
933 2144 81 31 eller
1036 2145 196 36 upprättats
1258 2145 63 30 hos
1342 2144 338 37 tillsynsmyndighet
1699 2146 81 29 över

267 2191 141 38 banker,
437 2194 223 36 sparbanker,
690 2195 110 30 andra
827 2194 385 38 penninginrättningar
1240 2195 81 31 eller
1348 2195 391 38 försäkringsanstalter,
1768 2196 9 30 i

268 2244 64 30 vad
350 2242 255 38 handlingarna
629 2246 80 30 röra
730 2244 176 32 enskildas
930 2244 244 32 förhållanden
1193 2246 50 31 till
1267 2245 95 37 dylik
1390 2246 198 37 inrättning,
1614 2248 164 29 ävensom

266 2292 209 39 handlingar
497 2295 92 32 vilka
609 2294 184 33 inkommit
815 2295 52 32 till
889 2296 81 31 eller
991 2298 195 35 upprättats
1207 2296 63 32 hos
1293 2297 383 38 tillsynsmyndigheten
1697 2299 82 29 över

268 2344 461 34 fondkommissionsrörelse
748 2348 65 30 och
831 2347 402 37 fondbörsverksamhet,
1253 2349 10 29 i
1283 2349 67 30 vad
1367 2349 43 30 de
1423 2350 79 29 röra
1520 2348 258 31 vederbörande

267 2395 262 36 yrkesutövares
544 2397 157 31 enskilda
717 2397 131 31 affärer
860 2398 82 31 eller
956 2398 109 31 andra
1083 2407 180 28 personers
1278 2398 229 32 ekonomiska
1523 2398 254 37 förhållanden,

269 2444 54 32 må
347 2446 76 31 icke
445 2447 172 31 utlämnas
639 2447 144 38 tidigare
807 2450 45 29 än
874 2447 98 38 tjugu
990 2447 38 32 år
1049 2449 87 31 efter
1159 2449 230 37 handlingens
1413 2450 129 35 datum,
1565 2450 114 31 därest
1704 2450 75 31 icke
