1878 2780
294 176 41 28 20
718 174 288 31 Statsutskottets
1029 173 179 31 utlåtande
1230 183 41 20 nr
1296 174 70 29 130.

945 466 63 40 Nr
1043 466 95 40 130.

497 602 186 31 Utlåtande
702 604 10 28 i
728 603 191 39 anledning
935 613 43 20 av
996 603 123 30 väckta
1138 604 173 28 motioner
1329 612 55 19 om
1404 602 146 39 pension
1570 601 83 30 eller
1672 601 124 29 under-

696 665 77 29 stöd
794 665 36 29 åt
852 665 235 38 efterlevande
1111 665 52 30 till
1185 666 90 29 vissa
1300 666 9 28 i
1331 665 134 28 statens
1489 664 110 39 tjänst
1621 662 174 30 anställda

696 736 176 30 personer.

1560 780 73 32 (5:e
1652 778 94 34 avd.)

336 970 74 32 1:o)
438 968 371 30 Verkstadsarbetaren
832 969 38 30 A.
895 968 184 30 Karlssons
1101 967 101 30 änka.
1227 968 11 29 I
1263 968 181 29 motionen
1469 967 43 29 II:
1530 966 40 31 40
1594 966 202 30 hemställer

292 1022 81 29 herr
393 1022 141 30 Nilsson
553 1023 11 29 i
586 1023 275 33 Kristinehamn,
886 1024 50 28 att
957 1022 187 39 riksdagen
1168 1021 119 34 måtte,
1309 1020 89 30 efter
1421 1020 67 30 den
1511 1020 187 39 utredning
1721 1029 74 20 som

294 1075 72 29 kan
388 1075 208 30 verkställas
620 1085 42 20 av
684 1075 258 30 vederbörande
968 1075 134 29 utskott
1125 1074 213 30 tillerkänna
1362 1074 149 29 änkefru
1538 1073 78 29 Elin
1641 1071 157 30 Kristina

292 1129 181 34 Karlsson,
498 1129 248 39 Rökarevägen
775 1129 36 29 17
836 1130 36 33 B,
898 1128 275 33 Kristinehamn,
1199 1127 240 40 änkepension
1467 1127 78 29 med
1569 1126 126 40 belopp
1722 1135 74 20 som

295 1182 170 31 utskottet
482 1183 70 29 kan
571 1183 100 30 finna
690 1183 158 40 lämpligt
866 1182 139 30 föreslå.

337 1290 68 29 Till
427 1290 76 30 stöd
526 1290 54 30 för
602 1290 268 40 ifrågavarande
893 1290 131 39 förslag
1047 1290 140 29 anföres
1211 1289 8 29 i
1244 1288 180 30 motionen
1446 1288 168 38 följande.

338 1352 380 31 Verkstadsarbetaren
738 1353 120 29 Alfred
877 1353 179 33 Karlsson,
1078 1352 276 33 Kristinehamn,
1374 1350 84 30 född
1477 1350 65 29 den
1564 1351 17 28 2
1602 1350 195 39 september

295 1396 95 35 1871,
411 1397 192 30 anställdes
625 1398 57 29 vid
705 1398 94 29 Mora
823 1398 159 29 Venerns
1005 1397 147 39 järnväg
1175 1397 67 29 den
1265 1396 20 30 8
1305 1396 80 39 juni
1409 1395 84 30 1896
1516 1404 76 20 som
1616 1395 181 39 reparatör

292 1441 81 30 med
391 1441 177 40 placering
587 1442 11 29 i
616 1442 178 39 Persberg.
813 1443 70 28 När
903 1442 87 30 MVJ
1010 1441 159 39 övergick
1190 1441 9 28 i
1221 1442 133 28 statens
1374 1441 64 38 ägo
1457 1439 203 30 överfördes
1679 1439 118 29 Karls-

291 1495 66 20 son
375 1486 56 30 för
449 1486 143 30 fortsatt
613 1487 214 39 anställning
845 1487 53 29 till
918 1486 276 33 Kristinehamn,
1214 1485 63 29 där
1296 1485 71 29 han
1387 1484 173 30 innehade
1581 1484 215 40 reparatörs-

292 1530 113 39 tjänst
424 1531 53 29 till
498 1531 67 29 den
590 1532 13 28 1
626 1531 144 30 oktober
794 1531 95 34 1935,
910 1531 45 30 då
974 1531 71 29 han
1065 1531 121 38 avgick
1208 1530 78 29 med
1308 1529 158 41 pension.
1488 1529 169 29 Karlsson
1679 1528 114 39 ingick

292 1575 197 41 äktenskap
514 1576 39 29 år
581 1576 84 29 1925
690 1576 78 30 med
795 1576 80 29 Elin
900 1576 157 29 Kristina
1083 1575 179 33 Karlsson,
1288 1574 85 30 född
1398 1574 211 29 Johansson.
1636 1573 12 29 I
1677 1573 120 29 äkten-

293 1619 125 40 skapet
437 1620 89 30 hade
546 1620 171 30 makarna
738 1623 48 27 ett
805 1621 99 29 barn.

337 1667 169 29 Karlsson
531 1666 99 30 avled
655 1666 67 30 den
748 1666 37 29 15
811 1675 96 20 mars
935 1665 93 30 1937.
1056 1664 97 30 Efter
1179 1673 172 20 mannens
1377 1663 68 30 död
1472 1663 146 29 ansökte
1645 1662 151 30 änkefru

293 1711 168 30 Karlsson
495 1712 64 28 hos
590 1711 127 39 Kungl.
747 1710 106 39 Maj:t
885 1719 57 20 om
974 1709 202 30 understöd.
1212 1709 80 29 Som
1324 1707 157 40 framgår
1512 1716 42 20 av
1585 1707 211 39 handlingar

292 1765 77 21 som
395 1756 114 29 direkt
535 1755 237 30 överlämnats
798 1755 52 29 till
878 1754 259 30 vederbörande
1166 1753 135 29 utskott
1330 1752 138 40 avslogs
1495 1752 116 30 denna
1637 1751 159 30 ansökan

294 1800 77 30 »för
397 1800 252 30 närvarande».
678 1800 68 29 Fru
774 1800 171 29 Karlsson
972 1798 108 30 erhöll
1108 1798 87 29 dock
1223 1800 48 27 ett
1298 1797 104 39 årligt
1428 1796 368 40 uppfostringsbidrag

292 1845 52 29 till
362 1846 124 29 barnet
502 1845 72 29 tills
592 1845 94 29 detta
706 1844 78 39 fyllt
804 1844 38 29 18
860 1844 50 30 år.

337 1889 122 30 Alfred
478 1889 169 30 Karlsson
666 1889 99 33 hade,
785 1897 75 21 som
880 1888 155 39 framgår
1055 1897 42 19 av
1116 1887 247 33 ovanstående,
1385 1896 43 19 en
1448 1885 347 39 sammanhängande

292 1934 287 39 anställningstid
601 1934 64 29 hos
687 1934 82 29 MVJ
794 1933 66 30 och
882 1933 41 29 SJ
948 1933 43 39 på
1014 1942 38 20 ca
1075 1932 41 29 39
1138 1932 48 29 år.
1209 1931 66 30 Vid
1297 1930 214 40 tidpunkten
1533 1930 55 30 för
1608 1930 188 29 Karlssons

292 1978 167 31 frånfälle
481 1978 107 30 fanns
606 1978 77 29 icke
704 1977 113 40 någon
838 1977 92 29 form
953 1986 42 20 av
1016 1975 288 41 familjepension
1324 1975 56 30 för
1401 1975 65 29 hos
1487 1976 114 28 staten
1622 1973 173 31 anställda

292 2023 170 30 arbetare.
491 2023 205 31 Sedermera
722 2022 45 30 ha
794 2022 195 30 emellertid
1017 2021 120 39 dylika
1166 2019 547 41 familjepensionsreglementen
1742 2017 55 30 för

292 2068 159 30 arbetare
470 2067 153 39 antagits
641 2067 58 29 vid
719 2066 86 30 flera
824 2066 175 30 tillfällen.
1019 2066 141 30 Senaste
1180 2064 211 40 reglemente
1410 2063 206 30 utfärdades
1636 2062 94 30 1947.
1750 2062 47 29 På

292 2112 116 39 grund
433 2121 42 21 av
500 2112 69 29 den
596 2111 181 39 mångfald
805 2111 192 38 ändringar
1023 2110 65 29 och
1113 2110 120 38 tillägg
1260 2118 76 21 som
1363 2109 92 29 skett
1483 2108 51 29 uli
1561 2108 102 29 dessa
1691 2107 106 39 regle-

294 2159 142 28 menten
460 2157 38 29 är
521 2156 58 30 det
603 2156 194 30 emellertid
822 2155 139 30 förenat
985 2155 79 29 med
1089 2156 95 28 stora
1210 2153 216 40 svårigheter
1451 2154 50 28 att
1525 2153 138 38 avgöra,
1690 2152 108 29 huru-

293 2201 80 30 vida
392 2200 150 31 änkefru
561 2200 170 30 Karlsson
748 2209 148 20 numera
915 2201 38 27 är
970 2198 363 40 pensionsberättigad
1352 2197 85 30 eller
1453 2197 44 39 ej.
1515 2197 168 39 Möjligen
1701 2196 96 29 finns

293 2246 9 29 i
323 2246 43 29 de
388 2244 459 41 övergångsbestämmelser
869 2244 66 29 och
957 2243 173 30 särskilda
1152 2242 223 31 föreskrifter
1398 2251 75 21 som
1494 2241 176 30 utfärdats
1693 2241 104 39 något

293 2290 157 30 formellt
473 2289 127 30 hinder
623 2289 169 30 häremot.
817 2288 206 30 Emellertid
1047 2287 180 30 förefaller
1250 2287 58 30 det
1331 2286 136 40 ganska
1491 2286 164 39 orimligt,
1680 2287 51 27 att
1756 2294 42 20 en

294 2335 38 30 så
354 2335 81 38 lång
460 2333 348 39 sammanhängande
833 2332 194 39 tjänstetid,
1053 2341 75 20 som
1152 2332 57 29 det
1232 2331 65 30 här
1322 2332 39 28 är
1385 2330 97 40 fråga
1506 2339 68 25 om,
1598 2330 77 29 icke
1697 2330 11 28 i
1732 2329 66 39 dag

294 2379 91 30 skall
403 2378 160 31 medföra
584 2377 379 40 familjepensionsrätt
981 2377 10 28 i
1010 2376 115 39 någon
1143 2376 102 30 form.

338 2423 53 30 Då
407 2422 151 31 änkefru
576 2422 172 30 Karlsson
762 2422 37 29 är
817 2421 173 39 åtskilligt
1005 2422 80 28 över
1103 2421 40 29 60
1163 2421 38 29 år
1218 2420 153 40 gammal
1389 2420 64 29 och
1474 2420 110 29 under
1601 2419 41 30 de
1661 2418 137 39 gångna

293 2468 86 30 åren
397 2467 76 31 icke
492 2466 141 31 erhållit
653 2468 107 28 annat
782 2465 192 30 understöd
994 2466 45 29 än
1058 2465 58 30 det
1135 2465 74 30 lilla
1228 2464 405 41 uppfostringsbidraget
1653 2463 53 29 till
1727 2471 72 20 ma-

293 2512 133 30 karnas
443 2512 98 33 barn,
558 2520 83 21 vore
659 2510 58 31 det
733 2510 131 39 rimligt
883 2512 51 28 att
951 2510 71 29 hon
1040 2509 55 30 för
1115 2509 54 31 sin
1186 2508 222 31 återstående
1425 2508 126 30 levnad
1569 2506 229 32 tillerkändes
