1900 2826
101 751 137 28 Utskottet.

295 163 19 31 8
740 166 284 34 Bankoutskottets
1046 169 170 32 utlåtande
1238 170 55 31 Nr
1316 173 30 29 5.

338 243 126 32 Ankan
498 244 183 33 Heimsoth
713 250 37 27 är
773 258 48 21 nu
845 250 93 29 snart
960 249 42 31 47
1028 250 37 30 år
1087 249 151 41 gammal
1261 253 90 28 samt
1374 250 85 31 efter
1481 250 68 32 vad
1572 250 217 41 fullmäktige

293 287 170 33 inhämtat
486 289 85 31 frisk
596 289 63 32 och
682 290 177 34 arbetsför.
908 292 52 32 Då
983 293 69 32 hon
1076 293 187 33 emellertid
1287 299 36 27 är
1348 294 172 39 arbetslös,
1545 295 62 31 har
1629 295 70 32 hon
1715 295 74 32 icke

293 332 76 32 haft
393 334 104 40 några
520 333 190 34 inkomster
732 338 84 30 utan
840 337 88 32 varit
951 337 177 33 nödsakad
1151 342 78 38 taga
1253 350 43 20 av
1321 339 56 32 det
1399 339 71 31 lilla
1493 339 130 42 kapital
1638 350 151 22 mannen

293 377 110 32 under
437 377 161 34 livstiden
631 379 194 42 hopsparat.
873 381 101 33 Detta
1008 382 87 33 hade
1130 383 58 32 vid
1223 384 85 31 1935
1344 385 53 30 års
1421 386 130 39 utgång
1574 384 142 42 nedgått
1738 385 52 31 till

292 422 111 39 92,000,
429 422 134 39 kronor,
600 435 104 21 varav
739 426 99 38 2,000
872 427 125 32 kronor
1028 431 172 29 motsvara
1228 428 119 33 värdet
1370 439 44 22 av
1437 439 42 21 en
1503 429 112 32 henne
1638 429 152 41 tillhörig

293 469 98 36 tomt,
416 477 73 21 som
513 467 74 33 icke
611 468 61 32 lätt
696 469 67 32 kan
787 470 183 33 realiseras.

337 511 117 41 Enligt
488 512 233 42 fullmäktiges
750 515 141 42 mening
913 516 165 41 föreligga
1100 517 11 31 i
1136 516 90 33 detta
1250 517 62 32 fall
1335 517 129 32 sådana
1487 518 301 41 omständigheter,

289 558 63 36 att,
389 556 108 32 ehuru
530 557 115 32 änkan
677 558 183 34 Heimsoth
889 560 88 41 själv
1001 561 30 41 ej
1056 564 128 29 ansetts
1208 561 81 33 böra
1313 562 128 32 erhålla
1464 564 105 40 något
1591 563 196 39 understöd,

293 603 48 29 ett
373 600 110 42 dylikt
516 601 88 33 dock
637 602 103 34 borde
772 604 11 32 i
816 606 91 31 form
935 616 43 23 av
1001 606 359 42 uppfostringsbidrag
1382 606 146 33 tilldelas
1552 607 67 32 den
1643 608 145 32 minder-

293 645 104 41 åriga,
421 645 150 43 sjukliga
594 647 142 33 dottern.

340 745 80 33 Med
443 746 134 42 hänsyn
601 746 52 33 till
676 747 66 33 vad
766 748 10 31 i
801 748 140 33 ärendet
964 748 98 33 blivit
1084 749 139 41 upplyst
1245 749 110 32 finner
1371 750 163 32 utskottet
1558 750 52 41 sig
1625 750 83 32 böra
1726 750 62 32 till-

293 800 118 41 styrka
444 800 97 33 bifall
575 801 52 32 till
661 801 235 42 fullmäktiges
929 802 128 42 förslag
1091 813 56 22 om
1175 803 101 41 årligt
1298 803 359 42 uppfostringsbidrag
1680 805 20 31 å
1725 805 63 32 120

294 853 126 33 kronor
455 853 50 32 till
529 854 273 42 sedeltryckaren
827 855 200 33 Heimsoths
1051 856 229 42 minderåriga
1304 856 119 40 dotter,
1448 860 49 29 att
1518 859 83 39 utgå
1624 858 78 31 från
1726 858 63 32 och

293 907 79 32 med
408 906 66 33 den
500 909 14 30 1
540 908 78 40 juni
651 909 84 32 1934
769 908 51 32 till
853 909 64 32 och
940 909 78 33 med
1041 912 172 39 utgången
1238 921 42 22 av
1305 910 56 33 det
1384 910 209 40 kalenderår,
1617 911 172 33 varunder

292 960 72 32 hon
396 962 134 40 uppnår
564 962 40 31 18
629 963 53 31 års
706 962 102 32 ålder.
856 962 229 42 Fullmäktige
1108 963 89 33 hava
1219 964 188 41 ifrågasatt,
1432 967 49 29 att
1504 965 285 41 uppfostringsbi-

293 1013 119 42 draget
435 1014 108 33 skulle
568 1016 82 40 utgå
673 1015 118 33 endast
815 1017 37 31 så
875 1016 99 41 länge
997 1016 158 33 moderns
1172 1017 223 32 ekonomiska
1411 1018 290 41 omständigheter
1717 1018 71 32 där-

290 1067 52 32 till
365 1067 185 33 föranleda.
599 1069 79 32 Med
701 1070 169 32 anseende
894 1070 81 32 härå
999 1070 59 33 vill
1081 1071 163 32 utskottet
1267 1071 119 39 erinra,
1412 1074 49 29 att
1483 1072 107 32 sådan
1613 1072 176 32 föreskrift

292 1121 11 32 i
327 1121 98 41 fråga
448 1132 55 21 om
528 1122 258 42 utbetalningen
810 1134 44 22 av
877 1124 357 42 uppfostringsbidrag
1256 1125 122 32 hittills
1393 1125 74 32 icke
1483 1125 116 42 plägat
1614 1125 174 33 meddelas

293 1185 43 23 av
374 1175 190 41 riksdagen,
600 1176 64 32 och
688 1177 164 32 utskottet
874 1177 62 32 har
958 1177 74 33 icke
1055 1178 115 32 funnit
1193 1178 188 42 anledning
1402 1179 148 39 förorda,
1574 1181 49 30 att
1645 1178 143 33 berörda

293 1228 176 32 föreskrift
492 1229 129 33 införes
644 1230 11 31 i
678 1241 48 21 nu
749 1231 224 32 förevarande
996 1231 70 32 fall.

337 1281 173 33 Utskottet
533 1283 196 32 hemställer
751 1283 109 39 alltså,

658 1339 49 30 att
742 1337 193 42 riksdagen,
968 1337 11 32 i
1013 1337 186 42 anledning
1220 1349 43 22 av
1288 1339 232 42 fullmäktiges
1544 1339 12 32 i
1579 1339 208 33 riksbanken

614 1391 224 32 förevarande
870 1391 262 42 framställning,
1166 1393 57 30 må
1255 1392 169 42 medgiva,
1454 1396 48 29 att
1526 1393 136 33 avlidne
1686 1393 102 32 sedel-

616 1444 179 42 tryckaren
825 1444 59 33 vid
908 1445 224 32 riksbankens
1154 1445 238 42 sedeltryckeri
1416 1446 85 32 Karl
1525 1446 125 33 Gustaf
1672 1447 115 32 Heim-

616 1498 93 32 soths
741 1498 63 32 och
829 1498 87 32 hans
941 1498 242 33 efterlämnade
1207 1499 91 32 änka
1321 1499 102 42 Signe
1446 1500 107 32 Maria
1576 1500 211 40 Heimsoths,

613 1551 83 32 född
720 1551 196 40 Wermelin,
941 1552 227 42 minderåriga
1183 1553 109 32 dotter
1309 1553 105 41 Sonja
1431 1554 191 42 Margareta
1637 1556 58 30 må
1709 1555 78 31 från

617 1605 63 32 och
715 1605 77 32 med
830 1605 66 32 den
933 1607 16 30 1
985 1606 76 41 juni
1095 1607 85 31 1934
1203 1606 51 32 till
1278 1607 63 32 och
1365 1607 79 32 med
1467 1609 171 40 utgången
1665 1619 42 21 av
1732 1608 56 32 det

613 1658 210 40 kalenderår,
836 1659 171 32 varunder
1022 1659 69 32 hon
1109 1661 133 40 uppnår
1260 1661 40 31 18
1318 1662 53 30 års
1387 1660 102 40 ålder,
1503 1672 43 22 av
1562 1661 225 33 riksbankens

614 1712 109 33 medel
754 1712 154 42 uppbära
936 1715 46 30 ett
1010 1713 98 42 årligt
1138 1714 359 42 uppfostringsbidrag
1520 1716 19 31 å
1565 1716 63 32 120
1652 1715 133 32 kronor.

338 1773 196 34 Stockholm
559 1774 67 33 den
651 1776 40 31 27
716 1775 151 32 februari
892 1776 95 32 1936.

777 1873 48 32 På
850 1873 296 33 bankoutskottets
1170 1880 141 36 vägnar:

845 1944 145 33 EDVIN
1014 1946 215 32 LEFFLER.

290 2193 56 27 Vid
362 2194 182 26 förestående
563 2195 122 25 ärendes
705 2194 237 33 slutbehandling
960 2195 79 25 inom
1058 2196 141 25 utskottet
1217 2196 75 26 hava
1311 2196 142 27 närvarit:

336 2238 64 26 från
420 2239 111 25 första
575 2247 188 17 kammaren:
784 2239 101 25 herrar
903 2239 151 33 Lindgren,
1072 2239 158 27 Johansson
1249 2241 9 25 i
1278 2241 195 33 Friggeråker,
1490 2240 192 34 Bjurström”,
1697 2242 88 26 Ehrn-

291 2273 71 33 berg,
381 2274 126 33 Berling,
526 2274 116 26 Nilsson
660 2275 9 25 i
689 2275 137 31 Mölndal,
846 2273 172 35 Swartling"
1039 2276 54 25 och
1115 2275 203 34 Danielsson";

281 2318 122 35 från
423 2319 107 26 andra
549 2320 213 25 kammaren:
792 2320 101 25 herrar
912 2319 114 34 Leffler,
1046 2320 101 32 Lovén,
1166 2320 125 32 Laurén,
1310 2321 37 26 K.
1367 2321 33 26 A.
1427 2321 150 33 Westman,
1597 2322 159 27 Andersson
1776 2323 9 25 i

294 2353 207 34 Falkenberg”,
523 2354 130 27 Carleson
673 2355 53 26 och
745 2353 168 28 Erlander".

336 2423 14 15 +
370 2426 35 32 Ej
426 2426 178 26 närvarande
625 2427 46 25 vid
691 2427 178 26 utlåtandets
887 2426 149 34 justering.
