1886 2780
436 154 366 36 Bevillningsutskottets
821 150 201 29 betänkande
1039 157 39 19 nr
1096 148 36 27 42
1149 147 37 27 år
1203 145 73 28 1961
1587 140 18 28 9

114 260 86 40 niga
214 259 12 31 i
243 261 49 29 ett
307 257 70 32 den
392 255 43 33 20
451 253 195 34 december
661 251 86 33 1956
762 250 145 41 avgivet
921 245 239 35 betänkande
1174 243 90 41 tagit
1278 240 211 43 principiell
1505 238 100 33 ställ-

116 313 89 40 ning
219 311 57 32 till
291 308 222 43 spörsmålet
527 317 61 22 om
605 305 233 40 avdragsrätt
851 302 61 32 för
926 301 114 41 gåvor
1058 299 54 32 till
1129 294 284 43 allmännyttiga
1429 290 176 36 ändamål

117 365 70 33 och
210 363 133 34 därvid
365 363 177 39 övervägt
564 359 142 33 sådana
728 355 231 44 synpunkter
982 363 81 23 som
1086 351 280 32 motionärerna
1391 346 135 33 anfört.
1551 346 55 31 Av

117 419 92 37 skäl,
227 428 80 22 som
325 416 158 41 tidigare
498 413 217 36 redovisats,
734 409 114 42 ansåg
865 409 45 32 de
927 405 236 41 sakkunniga
1179 404 56 40 sig
1251 403 75 31 inte
1342 401 92 32 böra
1450 397 155 35 förorda

119 472 233 40 avdragsrätt
369 479 89 22 vare
474 468 55 41 sig
544 467 60 33 för
619 463 215 44 periodiska
852 459 204 35 understöd
1074 459 90 32 eller
1180 456 114 42 gåvor
1311 455 55 32 till
1385 454 222 39 allmännyt-

119 527 74 40 tiga
210 523 187 34 ändamål.

164 588 14 31 I
193 587 236 32 motionerna
444 584 70 32 har
529 582 213 40 ifrågasatts
757 577 188 34 huruvida
962 576 45 32 de
1024 586 45 21 av
1085 569 439 44 skattelagssakkunniga
1539 567 69 33 och

119 638 404 42 bevillningsutskottet
550 633 212 41 åberopade
788 628 499 42 beskattningsprinciperna
1312 624 70 32 har
1408 623 71 32 den
1506 622 102 31 inne-

119 694 95 33 börd
233 693 69 32 och
321 690 181 34 räckvidd
521 699 87 22 man
628 688 98 32 velat
744 685 227 33 tillerkänna
991 682 96 33 dem.
1108 679 141 33 Därvid
1267 678 69 32 har
1354 676 184 42 påpekats
1558 677 51 30 att

120 749 131 31 utöver
266 744 152 43 utgifter
433 743 61 33 för
510 742 274 32 inkomsternas
799 735 254 35 förvärvande
1069 736 96 31 samt
1181 733 56 32 till
1251 732 48 32 de
1314 729 295 40 nödvändigaste

120 799 253 34 kostnaderna
393 798 61 32 för
474 794 288 42 livsuppehället
782 791 64 33 vid
866 787 300 36 bestämmandet
1188 797 46 21 av
1255 785 45 32 de
1321 782 289 42 skattskyldigas

121 851 350 42 beskattningsbara
502 849 205 33 inkomster
737 846 144 40 hänsyn
912 847 56 29 tas
999 842 56 33 till
1084 842 99 31 vissa
1213 835 398 43 försäkringspremier

121 917 135 32 genom
274 906 60 32 det
349 916 26 21 s.
389 904 35 32 k.
440 899 424 43 försäkringsavdraget,
879 897 186 40 varjämte
1082 897 49 30 ett
1150 896 104 30 extra
1271 891 139 40 avdrag
1425 890 61 31 får
1502 890 109 40 göras

123 962 9 31 i
151 960 109 41 fråga
278 969 61 22 om
358 958 165 32 inkomst
541 966 45 22 av
602 953 155 42 kapital.
775 952 139 32 Vidare
932 950 68 32 har
1019 948 280 32 motionärerna
1319 945 139 32 erinrat
1478 952 61 22 om
1560 944 51 29 att

123 1015 72 32 den
215 1013 61 32 för
294 1009 301 44 kyrkoändamål
618 1006 163 34 avsedda
803 1005 107 32 delen
933 1014 44 21 av
999 1001 270 42 kyrkoskatten
1289 1007 157 23 numera
1467 995 82 33 icke
1571 996 41 31 är

123 1065 254 43 obligatorisk,
408 1064 177 32 eftersom
617 1061 61 32 det
709 1062 41 30 är
780 1058 106 40 varje
916 1055 135 34 svensk
1082 1054 246 39 medborgare
1358 1051 171 39 obetaget
1562 1050 51 30 att

124 1122 127 31 lämna
268 1117 159 34 svenska
442 1116 147 42 kyrkan
608 1114 68 32 och
695 1112 156 34 därmed
868 1110 123 33 befria
1008 1109 55 40 sig
1079 1107 86 32 från
1182 1107 43 31 40
1243 1107 154 39 procent
1416 1114 44 21 av
1477 1101 136 42 kyrko-

124 1174 156 33 skatten.
300 1172 60 32 Ett
376 1169 201 34 införande
596 1179 44 22 av
660 1166 233 41 avdragsrätt
908 1164 62 32 för
987 1162 115 42 gåvor
1121 1161 55 31 till
1197 1157 284 42 allmännyttiga
1500 1155 114 33 ända-

125 1227 75 33 mål
220 1226 119 33 skulle
359 1224 130 33 därför
507 1222 82 33 icke
606 1220 181 33 innebära
808 1218 123 41 någon
949 1214 244 41 motsättning
1214 1223 45 22 av
1278 1210 212 43 principiell
1511 1209 103 32 inne-

125 1280 94 34 börd
239 1281 11 31 i
271 1278 278 41 skattelagarna
569 1285 79 23 som
668 1274 81 32 icke
768 1272 145 32 funnits
932 1270 114 33 förut.

171 1342 196 33 Gentemot
389 1339 73 33 vad
485 1338 280 32 motionärerna
789 1333 160 34 sålunda
973 1331 126 33 anfört
1120 1330 62 32 får
1204 1328 177 33 utskottet
1405 1326 124 32 erinra
1554 1334 60 22 om

128 1399 52 29 att
201 1395 61 32 det
284 1405 44 22 av
349 1393 196 32 utskottets
564 1389 173 43 yttrande
759 1389 12 31 i
791 1385 266 34 motsvarande
1077 1383 109 41 fråga
1205 1380 227 42 föregående
1455 1379 41 32 år
1517 1378 99 32 klart

127 1448 167 42 framgår
312 1450 51 30 att
382 1445 178 33 utskottet
577 1442 186 34 betraktat
783 1441 60 32 det
862 1450 27 22 s.
902 1439 36 32 k.
957 1434 425 43 försäkringsavdraget,
1402 1442 80 22 som
1501 1431 115 32 sedan

128 1504 108 39 länge
255 1501 144 32 funnits
420 1500 12 31 i
452 1495 402 42 skattelagstiftningen
875 1492 70 33 och
966 1491 135 32 införts
1122 1490 12 31 i
1154 1488 96 42 syfte
1273 1490 52 29 att
1345 1486 193 32 stimulera
1561 1483 55 33 till

129 1555 160 42 tagande
309 1565 45 21 av
373 1553 99 31 vissa
492 1549 268 41 försäkringar,
782 1546 69 33 och
873 1546 62 32 det
955 1547 105 30 extra
1081 1542 178 40 avdraget
1279 1540 86 32 från
1386 1538 164 33 inkomst
1572 1548 44 21 av

127 1608 156 41 kapital,
301 1606 116 33 vilket
434 1604 135 33 införts
588 1603 12 32 i
618 1602 95 41 syfte
734 1603 52 30 att
803 1599 194 33 stimulera
1016 1594 203 43 sparandet
1238 1594 69 32 och
1324 1591 174 34 förenkla
1519 1594 99 29 taxc-

129 1660 255 42 ringsarbetet,
400 1669 81 22 som
497 1659 125 38 avsteg
634 1655 86 32 från
734 1652 169 34 rådande
917 1647 458 43 beskattningsprinciper.
1389 1645 84 33 Vad
1487 1644 131 32 motio-

130 1716 162 31 närerna
315 1712 124 33 anfört
463 1721 63 22 om
549 1710 107 32 dessa
679 1708 141 40 avdrag
841 1706 70 32 och
933 1702 243 35 beträffande
1199 1701 177 40 avdraget
1399 1699 62 32 för
1483 1697 136 42 kyrko-

130 1767 110 37 skatt,
256 1766 116 33 vilket
390 1764 115 41 följer
522 1763 170 41 reglerna
710 1761 61 32 för
791 1759 118 33 andra
926 1756 247 34 kommunala
1192 1755 150 36 skatter,
1361 1753 70 31 har
1449 1752 77 31 inte
1544 1751 76 32 för-

132 1821 114 32 anlett
262 1819 177 32 utskottet
456 1820 53 29 att
524 1815 133 41 frångå
672 1815 57 31 sin
746 1813 158 41 tidigare
919 1812 153 39 intagna
1088 1807 230 41 ståndpunkt
1335 1809 52 29 att
1403 1805 144 40 hänsyn
1565 1803 55 33 till

131 1874 147 41 privata
299 1867 424 37 levnadsomkostnader
742 1866 136 32 liksom
898 1864 132 32 hittills
1050 1863 69 31 bör
1139 1865 57 28 tas
1216 1860 130 32 endast
1366 1859 104 31 inom
1490 1867 130 22 ramen

131 1928 60 32 för
212 1924 278 40 ortsavdragen.

177 1980 14 31 I
214 1979 119 40 övrigt
355 1977 69 31 har
445 1975 280 32 motionärerna
749 1972 56 32 till
827 1970 83 33 stöd
933 1969 61 33 för
1017 1965 348 43 motionsyrkandet
1388 1965 12 31 i
1424 1962 197 34 huvudsak

133 2033 180 39 åberopat
328 2031 44 32 de
388 2031 205 39 argument,
608 2037 79 22 som
704 2025 143 33 anförts
861 2024 65 33 vid
940 2023 158 40 tidigare
1114 2020 175 33 tillfällen
1305 2029 79 21 som
1400 2017 223 39 motivering

132 2086 60 32 för
214 2083 179 33 liknande
416 2081 206 43 yrkanden.
645 2080 100 31 Även
770 2088 61 22 om
854 2077 179 32 utskottet
1056 2076 12 31 i
1091 2073 118 33 likhet
1234 2072 85 33 med
1342 2071 280 32 motionärerna

136 2148 107 22 anser
266 2137 60 32 det
351 2136 136 36 arbete,
510 2144 79 22 som
613 2133 140 32 utföres
776 2142 45 21 av
845 2131 45 31 de
913 2129 137 40 många
1071 2127 181 40 frivilliga
1276 2124 346 41 organisationerna

135 2191 46 40 på
199 2190 61 32 det
276 2189 250 35 humanitära,
542 2186 182 40 religiösa,
741 2182 282 41 vetenskapliga
1040 2180 69 33 och
1124 2179 203 32 kulturella
1344 2176 180 37 området,
1541 2177 82 30 värt

136 2244 49 31 all
207 2241 280 42 uppskattning,
509 2240 75 31 kan
606 2238 177 32 utskottet
806 2237 76 31 inte
903 2236 108 30 finna
1033 2233 172 40 lämpligt
1228 2235 51 28 att
1302 2230 217 32 samhällets
1542 2227 82 33 stöd

137 2296 107 33 däråt
261 2295 84 31 sker
362 2295 11 30 i
390 2294 99 31 form
508 2303 44 21 av
570 2289 308 34 skattelättnader
894 2288 61 32 för
974 2287 45 32 de
1038 2285 171 33 enskilda
1226 2283 318 40 bidragsgivarna.
1564 2281 61 32 Ut-

136 2350 136 31 skottet
292 2357 108 22 anser
419 2345 145 32 således
584 2345 76 31 inte
681 2346 51 29 att
753 2342 200 40 riksdagen
973 2340 68 32 bör
1061 2338 134 40 frångå
1216 2337 56 31 sin
1296 2336 156 40 tidigare
1474 2335 151 39 intagna

137 2400 229 41 ståndpunkt
386 2402 51 28 att
454 2408 46 22 en
519 2396 231 41 avdragsrätt
768 2406 44 21 av
831 2394 122 32 denna
973 2396 56 28 art
1046 2392 32 40 ej
1098 2391 68 32 bör
1184 2390 153 32 införas.

181 2452 298 40 Avslutningsvis
506 2451 65 32 vill
599 2449 177 32 utskottet
805 2447 124 32 erinra
958 2456 61 21 om
1050 2448 51 28 att
1130 2443 114 41 enligt
1272 2442 45 32 de
1345 2441 60 32 för
1436 2441 189 31 allmänna
