1928 2854
307 189 19 30 6
478 186 117 32 Andra
620 186 202 31 kammarens
846 185 116 32 andra
987 183 168 41 tillfälliga
1179 183 131 31 utskotts
1334 182 166 31 utlåtande
1524 183 51 30 Nr
1599 185 29 29 3.

1581 272 122 40 Bilaga
1725 274 27 29 1.

475 380 67 29 Till
561 379 218 39 Riksdagens
798 378 120 30 Andra
937 379 199 28 kammares
1157 378 109 29 andra
1285 377 177 39 tillfälliga
1483 377 143 29 utskott.

353 462 77 29 Med
459 461 188 38 anledning
674 470 42 20 av
743 469 42 21 en
812 460 97 29 inom
938 459 206 39 riksdagens
1173 458 109 30 andra
1310 458 182 29 kammare
1521 457 101 29 väckt
1652 458 143 32 motion,

309 516 41 19 nr
379 506 71 34 198,
477 515 56 20 om
564 505 166 30 skrivelse
758 505 51 29 till
837 504 126 39 Kungl.
992 504 105 38 Maj:t
1126 503 177 39 angående
1331 502 222 40 uppförande
1580 502 10 29 i
1620 501 107 30 Luleå
1755 511 41 20 av

308 551 199 39 byggnader
537 550 53 30 för
621 551 131 28 statens
782 550 111 29 behov
919 549 67 29 har
1015 549 226 29 kammarens
1271 547 110 30 andra
1412 547 176 38 tillfälliga
1617 547 137 29 utskott
1783 546 12 29 i

309 596 166 30 skrivelse
502 596 66 29 den
599 595 38 29 12
665 595 130 29 dennes
821 595 63 28 hos
911 594 125 38 Kungl.
1064 593 88 39 Majt
1180 592 146 30 anhållit
1354 601 56 20 om
1438 591 357 39 järnvägsstyrelsens

307 641 163 39 yttrande
490 641 80 29 över
589 640 178 29 motionen
786 639 10 29 i
818 639 108 39 fråga,
948 638 150 30 varefter
1118 637 126 39 Kungl.
1266 636 105 40 Maj:t
1393 637 67 29 den
1484 636 36 29 15
1542 637 131 29 dennes
1694 636 102 30 anbe-

309 685 76 30 fallt
413 684 339 40 järnvägsstyrelsen
781 685 49 29 att
858 684 53 29 till
939 684 171 29 utskottet
1140 682 120 39 avgiva
1289 682 56 29 det
1374 681 149 30 sålunda
1551 681 151 39 begärda
1727 682 68 37 ytt-

310 730 133 30 randet.

353 775 78 29 Med
451 774 188 39 anledning
657 774 108 29 härav
784 773 53 29 får
857 773 169 38 styrelsen
1046 772 124 30 anföra
1190 771 181 39 följande.:

354 820 273 39 Framställning
665 828 56 20 om
759 818 220 40 uppförande
1018 827 41 20 av
1098 817 212 29 bostadshus
1349 816 55 29 för
1433 817 131 28 statens
1591 815 205 40 järnvägars

309 866 161 40 personal
495 866 9 28 i
529 865 107 29 Luleå
659 865 64 29 har
749 864 111 29 under
885 863 148 29 sistlidet
1058 862 38 29 år
1117 862 144 39 ingivits
1285 861 52 29 till
1362 860 340 39 järnvägsstyrelsen
1728 859 68 30 för-

310 913 96 27 utom
429 920 41 20 av
492 909 318 38 stadsfullmäktige
832 909 9 28 i
864 907 107 30 Luleå
992 907 130 40 jämväl
1146 916 41 20 av
1209 906 106 29 Luleå
1337 905 346 39 hyresgästförening
1707 906 88 28 samt

310 956 52 29 till
389 957 132 28 statens
546 955 206 38 järnvägars
779 954 104 29 änke-
905 953 68 29 och
998 952 219 40 pupillkassa
1244 961 41 19 av
1311 950 298 29 kontorsbiträdet
1636 950 38 29 V.
1702 949 93 39 Enge

310 1000 79 30 med
422 1000 87 29 flera
543 999 215 39 tjänstemän
790 999 10 28 i
833 997 117 34 Luleå,
982 997 171 38 varjämte
1189 996 177 29 dessutom
1402 1004 42 20 av
1478 994 317 39 stadsfullmäktige

310 1046 110 39 gjorts
443 1044 149 30 särskild
615 1043 261 39 framställning
895 1043 12 28 i
929 1042 142 30 ärendet
1093 1041 52 30 till
1168 1040 126 39 Kungl.
1316 1039 117 39 Maj:t.

353 1088 345 40 Järnvägsstyrelsen
724 1089 72 32 har,
824 1088 88 29 efter
939 1089 50 27 att
1015 1087 9 29 i
1052 1086 143 29 ärendet
1222 1086 87 28 hava
1336 1085 176 29 inhämtat
1539 1084 256 29 vederbörande

310 1133 396 39 distriktsförvaltnings
737 1132 174 39 yttrande,
945 1141 73 19 som
1054 1140 78 20 svar
1165 1130 20 29 å
1217 1130 246 29 ovannämnda
1496 1129 300 37 framställningar

310 1179 184 32 meddelat,
524 1180 49 27 att
603 1177 169 39 styrelsen
800 1177 75 29 icke
906 1185 101 21 anser
1038 1176 74 29 skäl
1142 1175 167 39 föreligga
1338 1175 50 29 att
1416 1173 84 39 ingå
1528 1173 52 30 till
1611 1173 185 29 statsmak-

310 1226 99 27 terna
430 1223 79 29 med
532 1222 259 38 framställning
812 1230 56 20 om
891 1221 120 38 anslag
1033 1221 53 28 för
1108 1219 219 40 uppförande
1350 1228 42 20 av
1413 1219 212 29 bostadshus
1646 1218 10 28 i
1679 1217 116 30 Luleå.

310 1269 48 28 De
385 1268 86 33 skäl,
495 1276 73 21 som
589 1267 173 38 styrelsen
785 1266 121 29 därvid
930 1266 126 33 anfört,
1080 1264 137 39 framgå
1240 1274 40 19 av
1303 1263 169 39 följande.

353 1313 131 29 Genom
516 1311 257 30 vederbörande
808 1309 379 38 distriktsförvaltning
1219 1309 87 28 hava
1339 1307 249 30 införskaffats
1621 1307 176 39 uppgifter

310 1358 148 29 rörande
478 1357 238 38 befolknings-
735 1357 63 28 och
817 1354 391 31 bostadsförhållanden
1228 1354 10 28 i
1258 1353 117 29 Luleå.
1419 1352 230 40 Uppgifterna
1668 1352 11 29 i
1699 1351 97 39 fråga

311 1412 78 20 avse
414 1402 83 29 åren
523 1402 82 29 1913
628 1402 65 29 och
719 1401 81 29 1922
825 1401 64 29 och
912 1401 89 28 hava
1025 1400 53 28 för
1103 1399 141 29 stadens
1269 1398 53 29 del
1349 1397 154 29 lämnats
1528 1406 40 20 av
1592 1397 79 29 dess
1695 1397 102 38 bygg-

311 1447 227 29 nadskontor.
586 1447 50 28 Av
662 1446 66 28 den
753 1445 149 39 begärda
928 1444 233 39 utredningen
1189 1442 162 40 framgår,
1380 1444 50 28 att
1455 1441 254 39 folkmängden
1734 1450 63 20 un-

311 1493 59 28 der
399 1491 154 29 nämnda
581 1491 50 29 tid
659 1491 101 28 ökats
788 1490 78 29 med
898 1489 38 29 12
965 1490 142 38 procent
1136 1489 95 28 inom
1264 1487 105 30 Luleå
1400 1487 96 29 stads
1525 1487 76 29 hela
1631 1486 167 29 mantals-

311 1535 354 40 skrivningsområde,
706 1535 111 29 under
859 1535 56 28 det
956 1535 49 28 att
1047 1533 130 29 antalet
1208 1532 173 30 eldstäder
1410 1532 12 29 i
1451 1531 345 40 'bostadslägenheter

311 1582 94 28 inom
432 1581 86 28 blott
545 1580 141 29 stadens
711 1580 186 39 planlagda
923 1578 151 33 område,
1103 1587 74 20 som
1204 1577 122 29 endast
1352 1577 102 38 utgör
1481 1585 42 21 en
1552 1576 53 29 del
1633 1585 42 20 av
1701 1584 97 20 man-

311 1624 441 40 talsskrivningsområdet,
779 1624 101 29 ökats
908 1624 78 28 med
1018 1623 36 29 19
1083 1624 154 38 procent.
1288 1622 123 29 Därest
1440 1621 177 39 uppgifter
1647 1620 148 38 förelåge

311 1670 78 29 från
415 1669 450 40 byggnadsverksamheten
891 1670 97 27 utom
1017 1668 141 29 stadens
1185 1666 186 40 planlagda
1401 1665 152 34 område,
1582 1665 112 30 skulle
1722 1673 76 31 pro-

310 1715 210 30 centsiffran
562 1715 53 28 för
659 1714 110 29 ökade
812 1713 131 29 antalet
985 1712 174 30 eldstäder
1191 1711 90 30 bliva
1313 1712 158 28 avsevärt
1500 1711 119 38 högre.
1672 1710 126 29 Veder-

311 1760 152 29 börande
493 1758 376 39 distriktsförvaltning
897 1759 64 28 har
989 1758 63 29 ock
1079 1756 168 40 uppgivit,
1276 1758 49 27 att
1354 1755 115 39 någon
1498 1755 113 29 direkt
1640 1755 86 29 brist
1754 1754 44 39 på

311 1805 138 29 mindre
467 1805 199 39 lägenheter
690 1804 34 33 (1
746 1804 19 29 å
785 1804 17 29 2
823 1813 78 19 rum
923 1803 64 29 och
1006 1802 87 33 kök)
1119 1802 31 39 ej
1174 1802 96 29 torde
1292 1801 168 38 föreligga
1481 1800 10 29 i
1512 1800 116 29 Luleå.

356 1850 120 29 Såsom
498 1851 47 28 ett
565 1849 95 30 bevis
681 1849 44 39 på
745 1849 9 29 i
775 1849 116 29 vilken
913 1848 67 39 hög
1000 1847 245 38 utsträckning
1270 1848 131 27 statens
1423 1845 187 39 järnvägar
1634 1844 87 39 sörjt
1744 1844 53 29 för

311 1894 195 30 beredande
533 1904 41 20 av
600 1894 162 29 bostäder
790 1894 53 28 för
871 1893 67 29 den
965 1893 56 29 vid
1050 1893 132 28 statens
1209 1891 187 39 järnvägar
1425 1890 173 30 anställda
1625 1888 171 40 personal,

311 1949 74 20 som
406 1940 83 29 ökat
508 1938 399 40 befolkningsmängden
928 1938 8 29 i
958 1936 116 35 Luleå,
1096 1936 57 29 må
1173 1937 157 32 nämnas,
1356 1937 49 27 att
1425 1935 112 29 under
1558 1933 240 40 nyssnämnda

314 1984 235 40 10-årsperiod
570 1983 130 30 antalet
720 1983 9 29 i
751 1982 106 30 Luleå
877 1982 181 39 placerade
1081 1982 132 28 statens
1233 1980 206 39 järnvägars
1460 1979 216 39 tjänstemän
1697 1978 100 30 ökats

312 2029 78 29 med
416 2029 123 29 endast
568 2028 37 29 15
632 2029 154 38 procent,
812 2027 127 30 medan
965 2027 156 28 däremot
1148 2025 130 30 antalet
1305 2024 174 30 eldstäder
1506 2024 9 28 i
1546 2025 131 28 statens
1703 2023 95 39 järn-

313 2075 122 37 vägars
457 2073 211 29 bostadshus
690 2073 101 28 ökats
813 2072 79 29 med
915 2072 70 29 inte
1008 2071 136 29 mindre
1167 2071 45 28 än
1235 2070 61 29 210
1319 2070 154 39 procent.

358 2118 119 30 Såsom
502 2118 107 29 härav
634 2117 163 39 framgår,
821 2117 89 29 hava
939 2117 130 28 statens
1093 2115 188 39 järnvägar
1305 2114 75 29 icke
1405 2114 84 29 ökat
1514 2113 65 29 den
1604 2112 193 30 eventuella

312 2163 277 29 bostadsbristen
622 2162 8 28 i
664 2161 193 34 samhället,
889 2162 84 28 utan
1007 2160 145 29 fastmer
1184 2160 155 28 avsevärt
1371 2158 151 38 bidragit
1554 2159 48 28 att
1634 2157 163 39 avhjälpa

313 2209 215 28 densamma.

359 2252 174 39 Styrelsen
555 2252 63 29 har
641 2251 110 29 under
774 2251 40 28 de
838 2252 135 28 senaste
995 2249 84 30 åren
1103 2249 124 39 intagit
1252 2249 64 29 den
1339 2247 219 40 principiella
1583 2247 216 39 ståndpunk-

314 2300 67 30 ten,
411 2299 50 27 att
488 2298 131 28 statens
645 2296 187 38 järnvägar
859 2303 146 21 numera
1032 2294 30 38 ej
1091 2294 85 29 böra
1203 2293 149 39 uppföra
1379 2292 212 29 bostadshus
1618 2291 44 40 på
1690 2291 108 30 andra

313 2342 140 39 platser,
476 2342 44 27 än
542 2341 60 28 där
624 2341 161 28 bostäder
807 2340 54 29 för
882 2339 206 40 personalen
1110 2339 80 29 över
1210 2338 121 29 huvud
1354 2339 93 37 taget
1469 2337 75 29 icke
1568 2336 52 30 stå
1643 2338 49 28 att
1713 2345 86 30 upp-

314 2387 122 38 bringa
465 2386 8 28 i
504 2386 66 28 den
600 2385 66 29 fria
696 2385 228 29 marknaden.
977 2384 76 28 Med
1083 2383 199 29 erfarenhet
1313 2392 41 19 av
1383 2382 182 29 resultatet
1596 2391 41 19 av
1668 2382 130 28 statens

312 2431 208 39 järnvägars
548 2429 327 39 hyresverksamhet
902 2428 43 40 på
973 2428 108 29 andra
1107 2427 140 40 platser,
1275 2427 61 29 där
1365 2428 133 28 statens
1525 2426 186 39 järnvägar
1736 2434 64 20 un-

313 2476 61 29 der
403 2484 119 20 senare
553 2474 82 29 åren
663 2474 143 39 uppfört
833 2473 222 32 bostadshus,
1085 2472 151 29 förutser
1266 2471 169 39 styrelsen
1464 2471 78 29 med
1570 2471 140 32 visshet,
1739 2471 60 32 att,

313 2522 86 28 även
417 2521 78 29 med
513 2520 137 38 hänsyn
668 2521 101 37 tagen
787 2519 51 29 till
858 2520 49 28 att
927 2518 121 29 staden
1066 2518 9 28 i
1094 2517 94 29 detta
1205 2516 62 29 fall
1287 2515 154 39 erbjudit
1461 2515 44 29 fri
1524 2515 201 33 tomtmark,
1744 2514 55 29 det
