2218 2626
669 165 359 40 Bevillningsutskottets
1051 164 195 31 betänkande
1270 163 52 31 Nr
1345 163 51 31 31.
1769 161 19 30 3

368 245 13 35 I
423 245 160 35 häröver
625 244 154 47 avgivet
821 242 193 36 utlåtande
1057 242 68 35 har
1153 240 412 48 gceneraltullstyrelsen
1594 239 153 45 erinrat,
1777 244 54 30 att

235 296 104 36 tiden
381 297 57 35 för
479 296 74 36 den
581 301 127 31 senast
736 294 204 49 medgivna
969 293 234 36 tullfriheten
1232 292 162 47 utginge
1424 291 71 36 den
1525 293 44 34 31
1603 304 99 22 mars
1734 292 93 34 1921

234 347 69 36 och
333 354 54 30 att
415 348 72 35 den
516 346 219 50 tidsperiod,
764 346 72 36 den
864 359 50 22 nu
944 345 244 36 förevarande
1218 343 265 48 ansökningen
1498 345 150 45 avsåge,
1669 342 161 47 givetvis

237 399 113 37 borde
378 399 137 36 räknas
544 399 83 35 från
654 398 165 35 nämnda
848 397 75 48 dag
951 397 67 35 och
1048 396 82 36 icke
1159 396 81 35 från
1270 395 70 36 den
1371 396 46 34 31
1449 395 70 47 maj
1542 395 109 46 1921,
1672 393 71 36 och
1763 393 68 36 har

234 452 186 47 styrelsen
462 451 84 35 med
588 450 148 47 hänsyn
770 449 54 35 till
853 448 44 36 de
926 448 11 35 i
966 446 261 49 ansökningen
1256 446 167 48 angivna
1450 445 185 36 särskilda
1664 449 161 32 omstän-

234 502 183 47 digheter,
447 501 102 36 vilka
577 500 263 47 omöjliggjort
867 499 70 36 och
966 499 74 35 tills
1069 498 128 35 vidare
1226 504 131 41 syntes
1385 497 152 35 komma
1561 501 55 30 att
1637 496 194 35 förhindra

235 552 265 36 återutförseln
541 565 47 22 av
631 551 119 48 sagda
792 551 166 44 föremål,
996 549 204 46 hemställt,
1231 553 54 30 att
1313 547 189 36 tullfrihet
1530 550 126 42 måtte,
1686 553 145 29 oavsett

235 603 387 49 tidsbegränsningen
652 603 10 34 i
691 601 20 49 $
741 603 21 34 8
791 614 112 23 mom.
936 603 17 33 1
985 599 448 47 tulltaxeförordningen,
1462 599 59 35 för
1539 597 292 49 ifrågavarande

237 655 155 36 föremål
435 654 231 36 fortfarande
710 653 36 36 få
787 653 164 47 åtnjutas
979 652 95 35 intill
1104 651 72 36 den
1207 653 17 33 1
1257 650 93 48 april
1382 652 109 44 1922,
1522 649 83 36 med
1633 649 198 36 enahanda

236 705 376 50 ansvarsskyldighet
641 705 58 36 för
728 703 435 49 utställningsstyrelsen
1193 701 232 38 beträffande
1446 701 304 48 tullavgifternas
1775 714 55 23 er-

235 758 201 48 läggande,
465 771 80 23 som
575 757 135 35 hittills
737 756 98 36 varit
862 755 182 37 bestämd.

363 862 134 35 Denna
526 861 157 47 mening
711 860 68 35 har
808 859 148 36 biträtts
986 872 44 22 av
1059 856 426 51 departementschefen.

363 964 51 36 På
456 968 73 31 sätt
570 963 71 35 den
670 976 98 22 ovan
796 962 198 47 återgivna
1034 960 269 48 redogörelsen
1339 959 111 46 visar,
1480 964 40 30 är
1548 958 63 36 det
1639 971 50 22 nu
1719 957 113 37 femte

235 1018 155 45 gången
419 1015 124 36 denna
572 1014 110 48 fråga
711 1013 217 49 förelägges
956 1012 218 48 riksdagen.
1232 1010 134 37 Senast
1394 1012 117 45 avsåg
1539 1010 62 36 det
1621 1023 47 23 av
1688 1010 142 48 Kungl.

235 1066 108 50 Maj:t
361 1066 169 49 begärda
550 1066 70 36 och
640 1079 46 23 av
706 1065 203 48 riksdagen
929 1063 173 37 lämnade
1121 1062 270 49 medgivandet
1411 1075 46 22 en
1476 1061 55 36 tid
1551 1075 46 22 av
1616 1067 56 30 tre
1692 1064 49 33 år.
1771 1062 61 35 Nu

234 1119 241 47 ifrågasättes
495 1132 46 22 en
560 1117 221 50 ytterligare
799 1116 267 49 utsträckning
1085 1129 46 22 av
1151 1115 102 36 tiden
1273 1114 84 36 med
1378 1114 134 36 endast
1531 1118 54 31 ett
1601 1116 50 33 år.
1695 1113 136 36 Bevill-

235 1171 303 48 ningsutskottet
566 1170 68 36 har
663 1175 124 31 ansett
815 1168 192 45 önskvärt,
1038 1173 52 31 att
1105 1167 71 36 den
1197 1166 248 48 förlängning
1465 1179 46 22 av
1531 1165 103 36 tiden
1655 1165 59 36 för
1734 1167 97 33 åter-

235 1222 202 36 utförande
480 1235 46 23 av
568 1227 101 30 ännu
710 1220 260 37 kvarvarande
998 1219 168 46 föremål,
1197 1218 126 36 vilken
1351 1231 53 22 nu
1432 1217 302 48 uppenbarligen
1765 1216 67 37 bör

235 1274 210 48 medgivas,
487 1273 169 48 tilltages
697 1275 53 44 så,
793 1277 56 31 att
876 1285 61 23 om
965 1271 151 49 möjligt
1145 1273 127 45 någon
1300 1269 220 50 ytterligare
1548 1268 284 48 framställning

234 1324 57 36 till
331 1325 206 48 riksdagen
575 1325 83 36 med
689 1324 115 36 därav
833 1323 245 36 förorsakade
1106 1322 129 36 arbete
1263 1322 69 36 och
1362 1320 269 37 omkostnader
1659 1320 84 36 icke
1771 1323 61 33 må

235 1376 148 37 behöva
423 1376 289 48 ifrågakomma.
768 1375 136 35 Därför
945 1376 68 34 har
1052 1374 185 35 utskottet
1277 1372 120 36 under
1424 1371 101 36 hand
1554 1372 122 36 berett
1703 1372 129 36 veder-

236 1427 168 37 börande
445 1428 102 35 inom
589 1427 185 49 styrelsen
804 1426 58 36 för
888 1425 163 37 baltiska
1079 1424 276 48 utställningen
1384 1423 146 36 tillfälle
1558 1428 54 31 att
1640 1428 104 44 yttra
1772 1423 61 48 sig

235 1492 61 23 om
337 1479 212 36 utsikterna
590 1479 59 36 för
683 1477 226 38 föremålens
938 1476 296 45 återutförande;
1265 1475 70 37 och
1363 1475 68 36 har
1459 1474 185 37 utskottet
1672 1474 159 47 erhållit,

235 1531 114 36 bland
394 1531 129 47 andra,
562 1530 167 49 följande
756 1529 289 50 upplysningar.
1101 1528 111 36 Trots
1240 1527 219 50 upprepade
1488 1526 128 37 försök
1646 1527 96 36 hade
1770 1526 63 37 det

236 1582 81 37 icke
345 1583 147 49 lyckats
521 1587 55 31 att
603 1584 128 48 uppnå
758 1584 128 46 någon
915 1580 227 37 förbindelse
1171 1580 85 36 med
1281 1579 91 36 eller
1396 1578 140 37 erhålla
1555 1581 118 45 något
1692 1578 140 37 besked

235 1634 84 36 från
359 1635 98 46 dem,
501 1647 80 23 som
621 1633 148 37 utställt
798 1632 207 37 konstverk
1033 1635 21 33 å
1081 1631 117 49 ryska
1227 1630 254 49 avdelningen
1511 1643 46 23 av
1585 1629 162 37 baltiska
1774 1635 58 31 ut-

237 1686 243 49 ställningen.
524 1685 147 37 Största
700 1685 109 36 delen
837 1698 45 23 av
910 1684 109 36 dessa
1047 1683 207 37 konstverk
1281 1683 136 35 funnes
1446 1682 125 36 därför
1597 1681 94 37 kvar
1714 1681 120 37 under

237 1738 455 48 utställningsstyrelsens
721 1736 102 48 vård,
853 1736 69 36 och
951 1736 56 36 för
1034 1735 187 49 styrelsen
1249 1735 137 35 funnes
1415 1734 117 48 ingen
1560 1733 200 49 möjlighet
1779 1739 54 30 att

237 1788 100 37 bliva
379 1803 46 23 av
466 1789 85 36 med
595 1789 85 37 dem
723 1788 72 37 och
823 1788 79 36 helt
930 1788 144 35 avsluta
1102 1787 59 36 sin
1188 1786 254 36 verksamhet.
1498 1785 108 36 Huru
1634 1785 114 49 länge
1776 1791 57 30 ut-

237 1840 397 50 ställningsstyrelsen
661 1840 111 37 bleve
800 1839 196 37 nödsakad
1024 1844 55 31 att
1107 1839 96 35 hava
1231 1837 231 37 omvårdnad
1492 1850 61 23 om
1582 1837 111 36 dessa
1720 1837 114 49 ryska

236 1892 209 37 konstverk
478 1905 90 24 vore
597 1892 176 49 omöjligt
801 1897 55 30 att
884 1895 101 44 säga.
1040 1890 222 37 Emellertid
1290 1890 87 36 ville
1405 1903 87 22 man
1520 1902 51 23 nu
1599 1889 233 48 ifrågasätta,

237 1948 54 32 att
331 1945 314 48 utsträckningen
681 1958 47 22 av
764 1944 102 36 tiden
895 1942 213 37 bestämdes
1137 1942 58 36 till
1223 1941 70 37 och
1321 1941 85 36 med
1436 1941 72 36 den
1537 1942 46 35 31
1614 1941 74 48 maj
1723 1941 109 35 1925.

365 1996 197 37 Utskottet
589 1996 69 36 har
685 1996 178 36 förvissat
891 1995 60 48 sig
980 2008 72 33 om,
1083 1999 53 31 att
1164 1994 134 36 chefen
1326 1993 58 36 för
1411 1992 423 50 finansdepartementet

236 2048 82 36 icke
359 2048 68 36 har
467 2051 128 45 någon
633 2048 150 36 erinran
812 2052 54 31 att
894 2051 92 44 göra
1013 2050 79 32 mot
1120 2045 231 37 sistberörda
1378 2044 355 48 tidsutsträckning,
1762 2044 70 36 och

237 2099 58 36 för
332 2113 97 35 egen
457 2100 60 36 del
546 2099 120 37 finner
693 2099 187 36 utskottet
908 2099 218 36 densamma
1153 2111 92 22 vara
1273 2110 44 22 ur
1344 2096 73 37 den
1449 2110 45 22 av
1521 2096 187 36 utskottet
1736 2109 97 23 ovan

237 2151 158 37 anförda
436 2152 244 49 synpunkten
722 2157 55 30 att
816 2150 200 48 föredraga
1055 2149 157 36 framför
1239 2149 73 35 vad
1341 2148 142 49 Kungl.
1514 2148 107 49 Maj:t
1655 2148 6 35 i
1690 2161 143 23 samma

236 2203 213 37 hänseende
478 2203 208 49 föreslagit.

1868 238 173 24 Generaltull-

1884 273 133 30 styrelsen.

1849 859 206 30 Departements-

1904 894 98 30 chefen.

1890 963 136 23 Utskottets

1886 998 131 31 yttrande.
