2322 2776
519 258 20 27 4
709 256 102 27 Andra
834 255 184 27 Kammarens
1043 253 165 37 Tillfälliga
1233 253 125 28 Utskotts
1382 250 74 39 (N:o
1478 250 39 40 3)
1543 253 154 28 Utlåtande
1719 252 59 29 N:o
1802 251 50 30 12.

478 338 158 41 medgåfve
659 339 142 39 Sveriges
833 339 202 39 bergsbruks-
1058 338 56 31 och
1144 338 238 29 industriidkare
1412 337 199 39 likställighet
1634 338 67 30 med
1724 337 129 38 Norges.
1898 338 15 29 I
1935 348 158 21 samman-

478 393 80 37 hang
581 390 124 30 härmed
727 390 56 29 har
806 389 187 31 motionären
1017 389 116 30 erinrat
1155 388 112 35 derom,
1290 393 49 25 att
1361 388 95 30 under
1478 388 55 29 den
1556 388 45 29 tid
1619 390 218 37 sprängämnet
1855 387 138 40 dynamit
2013 389 81 30 varit

477 443 10 29 i
511 441 77 30 bruk
611 439 35 31 så
669 441 48 29 väl
739 440 8 29 i
770 438 70 32 vårt
863 439 72 30 land
957 449 65 20 som
1045 440 9 29 i
1078 439 111 38 Norge,
1212 441 78 27 ännu
1313 439 88 37 ingen
1425 438 77 30 enda
1525 438 110 39 olycka
1657 439 78 29 skall
1760 438 94 30 hafva
1876 438 138 30 inträffat
2042 439 52 30 vid

478 498 156 32 transport
663 491 70 29 eller
765 490 51 30 vid
846 499 112 20 varans
987 489 141 39 hopande
1149 489 10 29 i
1182 489 90 38 lager.
1316 488 163 30 Omdömet
1506 498 47 20 om
1587 488 193 39 dynamitens
1809 488 87 38 ringa
1918 488 176 38 farlighet
2077 484 19 50 i

479 542 132 31 nämnda
633 541 174 30 hänsenden
842 544 34 26 är
910 541 47 29 för
990 540 92 39 öfrigt
1117 548 126 21 numera
1278 539 154 38 stadgadt,
1465 539 55 30 och
1549 539 9 29 i
1586 538 97 30 andra
1706 539 115 34 länder,
1856 538 237 41 synnerligast
2078 534 20 51 i

479 582 169 44 Österrike,
671 592 55 29 har
749 591 232 39 lagstiftningen
1004 590 158 38 medgifvit
1184 593 110 26 nästan
1317 589 182 30 oinskränkt
1520 589 93 30 frihet
1636 589 49 29 vid
1708 593 160 34 transport
1891 589 35 29 af
1945 589 149 39 dynamit,

476 644 67 38 just
564 643 9 29 i
596 642 74 39 följd
693 642 34 29 af
747 642 70 29 dess
841 642 87 38 ringa
950 640 149 39 farlighet.
1135 640 60 29 Det
1216 640 86 29 heter
1325 640 147 38 nemligen
1496 640 43 29 uti
1557 640 154 38 ingressen
1733 639 10 30 i
1766 649 37 20 en
1826 640 35 29 af
1882 624 213 58 Österrikiska

481 692 310 32 handelsministeriet
820 693 58 29 den
907 692 39 29 30
969 691 138 30 Oktober
1137 690 79 30 1869
1239 690 144 30 utfärdad
1406 690 180 38 författning
1608 699 56 21 »an
1687 689 191 30 sämmtliche
1901 690 40 29 im
1964 690 131 29 Ressort

480 743 159 31 desselben
673 743 144 29 stehende
851 741 439 39 HEisenbahn-Vervaltungen,
1325 741 164 30 betreffend
1521 741 47 29 die
1598 740 190 39 Freigebung
1811 740 53 30 des
1888 740 206 39 Transportes

480 804 59 20 von
562 794 146 39 Dynamit
730 794 56 29 auf
807 793 244 35 Eisenbahnen»,
1084 797 47 24 att
1154 792 92 29 sedan
1270 791 52 30 det
1344 801 107 28 genom
1474 792 35 28 de
1533 795 109 35 nyaste
1666 790 105 30 försök
1793 790 176 39 ytterligare
1994 790 102 30 blifvit

480 843 192 40 ådagalagdt,
700 848 48 25 att
774 848 160 34 transport
964 843 34 29 af
1029 842 138 39 dynamit
1200 845 34 26 är
1263 841 123 39 mycket
1416 842 114 29 mindre
1553 841 87 38 farlig
1663 844 37 26 än
1724 841 34 29 af
1778 841 63 30 alla
1863 841 97 38 öfriga
1983 840 111 30 hittills

481 894 137 31 brukade
640 897 234 36 sprängämnen,
907 891 35 31 så
964 893 56 29 har
1044 892 179 30 ministeriet
1246 891 101 30 funnit
1368 891 46 39 sig
1437 889 174 37 föranlåtet,
1645 896 56 30 att,
1732 891 68 30 med
1823 891 217 39 upphäfvande
2064 890 35 30 af

480 945 57 30 sitt
570 946 57 28 den
660 944 35 30 15
724 944 168 29 December
923 942 78 31 1868
1035 942 162 31 utfärdade
1226 942 275 39 transportförbud,
1535 940 103 31 tillåta
1666 946 157 34 transport
1855 942 35 28 af
1920 942 52 29 det
2001 941 95 30 under

481 1000 124 25 namnet
638 995 138 39 dynamit
806 994 135 29 bekanta
969 996 228 36 sprängämnet,
1219 1011 39 2 —
1281 992 124 30 hvilken
1429 992 141 30 tillåtelse
1594 992 55 29 ock
1675 992 153 29 meddelas
1855 992 47 29 till
1924 990 96 31 sådan
2046 996 50 25 ut-

481 1045 186 38 sträckning,
691 1049 48 25 att
761 1044 138 40 dynamit
922 1042 46 31 får
989 1049 226 33 transporteras
1244 1041 39 40 på
1312 1043 60 29 alla
1396 1043 163 38 jernvägar
1587 1042 80 30 inom
1695 1043 51 29 det
1765 1042 193 30 vidsträckta
1977 1041 119 39 kejsar-

482 1096 89 35 riket,
595 1096 67 29 med
685 1095 201 39 iakttagande
910 1095 109 29 endast
1042 1095 33 28 af
1095 1092 94 40 några
1211 1091 30 32 få
1263 1094 9 28 i
1296 1094 113 29 sakens
1434 1098 88 25 natur
1544 1093 156 39 grundade
1723 1090 298 42 försigtighetsmått.

616 1146 109 29 Ibland
759 1146 36 28 de
824 1145 230 29 bestämmelser
1076 1144 9 29 i
1109 1144 56 29 den
1194 1144 113 29 norska
1336 1143 234 39 lagstiftningen,
1604 1153 64 19 som
1697 1143 50 29 vid
1771 1153 35 20 en
1830 1143 131 29 revision
1985 1144 34 28 af
2040 1142 56 30 den

483 1197 133 30 svenska
637 1206 92 30 synas
752 1206 76 20 vara
851 1195 147 39 förtjenta
1021 1195 33 29 af
1072 1194 127 40 mycken
1221 1194 282 39 uppmärksamhet,
1525 1192 132 31 framstå
1679 1193 9 29 i
1711 1194 129 28 främsta
1863 1198 130 25 rummet
2016 1194 81 29 före-

482 1247 231 30 föreskrifterna
747 1256 48 19 om
823 1246 36 29 de
893 1246 187 39 qvantiteter
1114 1245 34 29 af
1171 1245 81 29 olika
1282 1247 232 36 sprängämnen,
1546 1254 66 19 som
1641 1244 34 29 af
1700 1244 181 30 konsument
1905 1243 55 30 och
1982 1243 11 30 i
2015 1243 84 30 vissa

483 1298 53 29 fall
559 1298 88 29 äfven
677 1298 34 29 af
741 1296 173 30 handlande
944 1294 30 32 få
996 1294 100 31 hållas
1119 1295 9 29 i
1153 1295 111 39 upplag
1287 1299 74 25 utan
1392 1295 145 29 särskildt
1565 1292 150 38 tillstånd,
1749 1295 157 28 äfvensom
1930 1303 47 19 om
2002 1294 96 29 förfa-

483 1349 180 37 ringssättet
695 1347 50 29 vid
782 1347 152 38 landväga
966 1350 160 35 transport
1155 1346 33 29 af
1218 1349 233 35 sprängämnen.
1495 1346 191 29 Motionären
1717 1345 55 29 har
1795 1344 57 29 ock
1874 1344 10 29 i
1908 1344 90 29 dessa
2021 1344 77 30 hän-

483 1398 132 30 seenden
648 1398 153 34 anmärkt,
837 1402 47 24 att
913 1397 50 29 vid
993 1395 109 40 många
1125 1397 35 28 af
1180 1394 73 31 våra
1275 1399 98 26 större
1397 1395 165 39 grufvefält
1584 1398 34 26 är
1641 1395 51 30 det
1715 1395 121 38 dagliga
1860 1394 144 30 behofvet
2027 1394 72 30 vida

483 1447 227 39 öfverstigande
733 1448 57 29 den
814 1447 87 39 ringa
924 1447 154 39 qvantitet
1101 1446 33 30 af
1155 1451 20 25 t.
1197 1455 46 21 ex.
1267 1447 40 28 20
1331 1444 150 41 skålpund
1510 1446 147 39 dynamit,
1691 1455 64 20 som
1781 1455 69 20 man
1874 1444 94 40 enligt
1990 1445 14 39 $
2030 1444 37 30 18
2089 1445 10 29 i

486 1497 79 32 1869
586 1496 50 31 års
659 1498 174 37 förordning
856 1496 47 30 får
924 1502 74 25 utan
1022 1496 150 30 särskildt
1194 1494 140 32 tillstånd
1357 1496 163 29 innehafva
1543 1496 57 29 och
1623 1496 131 34 förvara,
1789 1496 157 29 äfvensom
1971 1501 48 24 att
2041 1495 57 30 den

485 1548 142 35 kostnad,
661 1557 64 20 som
754 1558 40 19 nu
819 1548 178 29 förorsakas
1027 1551 45 25 ett
1095 1546 205 39 grufvebolag,
1325 1546 169 38 derigenom
1518 1551 47 24 att
1588 1546 171 29 detsamma
1781 1546 116 38 nödgas
1920 1549 110 26 nästan
2054 1546 46 30 för

485 1599 104 37 hvarje
613 1597 132 31 särskild
769 1599 109 37 grufva
900 1597 140 30 anskaffa
1071 1597 33 29 af
1124 1596 226 30 vederbörande
1374 1596 175 40 myndighet
1579 1596 156 38 godkändt
1764 1596 239 39 förvaringsrum
2027 1606 72 20 vore

485 1650 119 38 ganska
627 1648 143 40 betydlig,
794 1649 56 29 och
874 1648 118 30 derföre
1015 1647 145 30 innebure
1183 1657 35 19 en
1242 1646 135 30 frestelse
1400 1646 46 30 till
1470 1646 103 39 lagens
1596 1647 244 29 öfverträdande.

620 1700 125 29 Samma
776 1698 79 30 1869
879 1697 49 31 års
958 1698 174 38 förordning
1160 1696 200 31 föreskrifver
1389 1697 103 30 vidare
1515 1697 7 29 i
1547 1698 37 28 21
1610 1697 14 39 $
1648 1697 76 29 huru
1747 1697 51 29 vid
1822 1697 152 38 landväga
1996 1701 103 25 trans-

486 1754 103 35 porter
612 1751 34 28 af
665 1749 147 39 dynamit,
836 1746 176 41 uppgående
1035 1748 47 29 till
1106 1757 63 20 mer
1191 1750 38 26 än
1252 1748 40 28 20
1316 1745 160 41 skålpund,
1500 1747 79 29 skall
1603 1748 139 29 förfaras.
1778 1747 46 29 De
1847 1748 9 29 i
1875 1757 118 20 samma
2007 1756 93 30 para-

486 1801 83 39 grafs
586 1799 104 42 första
714 1804 133 25 moment
871 1799 93 29 under
986 1810 29 24 a,
1038 1798 28 36 b,
1089 1809 15 19 c
1127 1798 55 30 och
1205 1808 14 19 e
1237 1798 125 38 intagna
1381 1798 229 30 bestämmelser
1629 1797 154 39 tillämpas
1804 1798 94 38 enligt
1916 1798 56 29 den
1987 1797 114 30 norska

487 1852 86 38 lagen
596 1850 107 30 endast
727 1848 39 31 då
788 1850 58 30 den
870 1849 153 40 qvantitet
1046 1848 138 40 dynamit
1206 1858 64 20 som
1294 1848 81 29 skall
1399 1848 168 39 landvägen
1590 1852 227 35 transporteras
1841 1848 180 38 öfverstiger
2040 1848 61 29 500

486 1899 169 41 skålpund;
678 1900 54 30 och
755 1900 81 30 hvad
859 1900 10 29 i
892 1900 197 39 paragrafens
1113 1899 98 30 andra
1234 1904 133 24 moment
1391 1899 124 39 stadgas
1540 1899 46 29 för
1609 1898 346 40 dynamitförsändelser
1983 1899 34 29 af
2038 1908 64 20 mer

488 1956 38 25 än
549 1953 19 28 2
591 1955 132 31 centner,
746 1951 94 38 gäller
868 1951 4 29 i
899 1950 101 39 Norge
1024 1950 109 30 endast
1156 1950 46 28 för
1225 1949 52 29 det
1304 1949 54 29 fall
1382 1954 46 25 att
1455 1949 55 30 den
1533 1950 249 38 transporterade
1802 1949 174 39 dynamiten
1999 1949 103 29 öfver-

488 2003 94 38 stiger
606 2003 38 28 10
671 2005 121 26 centner
815 2000 51 41 (af
886 2001 71 29 krut
979 2001 40 29 20
1042 1999 148 41 centner),
1219 1999 73 30 eller
1321 2009 118 20 samma
1466 1999 218 40 vigtqvantitet
1711 2009 64 20 som
1799 2001 9 28 i
1833 2000 238 38 bergslagsorter
2093 1999 9 28 i

488 2053 167 29 allmänhet
676 2062 90 19 anses
790 2056 156 25 motsvara
969 2056 44 25 ett
1035 2051 145 29 hästlass.
1223 2050 62 29 Det
1309 2048 49 31 må
1381 2050 105 29 härvid
1505 2050 114 38 jemväl
1643 2050 125 36 erinras,
1791 2054 48 25 att
1857 2050 56 30 den
1928 2049 174 31 nuvarande

489 2103 196 29 föreskriften
709 2102 60 30 kan
793 2102 95 29 hafva
910 2102 47 29 till
980 2101 73 38 följd
1077 2105 57 32 att,
1157 2101 46 29 för
1226 2098 274 32 åstadkommande
1523 2102 34 28 af
1581 2100 71 30 fullt
1670 2100 73 35 lass,
1763 2101 95 29 andra
1880 2100 127 30 effekter
2021 2101 80 28 fors-

490 2153 45 30 las
558 2153 9 29 i
590 2153 135 38 förening
748 2153 67 29 med
840 2152 185 39 dynamiten,
1050 2151 117 30 hvilket
1189 2150 66 31 åter
1278 2151 61 29 kan
1364 2151 81 37 gifva
1467 2150 161 40 anledning
1652 2151 108 36 dertill,
1783 2155 47 25 att
1854 2151 114 29 mindre
1992 2149 110 38 försig-

489 2203 97 39 tighet
608 2204 49 28 vid
681 2207 195 35 transporten
898 2203 165 37 iakttages,
1087 2202 54 30 och
1165 2206 47 25 att
1234 2201 172 39 derigenom
1430 2205 95 26 större
1549 2202 68 29 fara
1639 2200 137 40 uppstår,
1800 2204 39 26 än
1857 2211 47 20 om
1924 2211 36 19 en
1973 2199 128 30 tillökad

490 2254 152 40 qvantitet
664 2254 137 39 dynamit
824 2254 81 29 föres
928 2253 8 29 i
959 2262 118 21 samma
1099 2253 105 29 fordon
1227 2257 74 25 utan
1325 2252 303 38 sammanblandning
1651 2252 68 29 med
1741 2252 96 29 andra
1860 2260 98 21 varor.

624 2301 93 33 Såväl
740 2304 10 29 i
776 2303 78 30 1858
876 2303 56 31 och
957 2303 78 30 1863
1059 2301 50 32 års
1133 2302 210 38 förordningar
1365 2312 47 20 om
1436 2303 79 35 krut,
1545 2312 65 20 som
1633 2302 56 30 ock
1712 2302 10 29 i
1747 2302 79 30 1869
1849 2300 49 31 års
1928 2301 174 38 förordning
