2312 2740
1847 132 11 17 ,

525 205 17 27 6
698 207 119 39 Andra
839 208 184 30 Kammarens
1049 207 162 37 Tillfälliga
1237 209 123 27 Utskotts
1384 206 74 39 (N:o
1481 207 38 40 3)
1546 210 153 29 Utlåtande
1722 212 58 28 N:o
1802 211 48 31 12.

485 290 151 31 melserna
658 301 47 21 om
729 292 56 29 den
809 291 190 40 befogenhet,
1022 302 63 20 som
1108 292 185 31 tillkommer
1315 294 226 30 vederbörande
1564 296 288 41 polismyndigheter
1873 299 10 29 i
1906 300 36 29 de
1966 301 63 37 fall,
2048 305 47 27 att

482 345 157 35 transport
661 343 33 29 af
713 345 222 36 sprängämnen
960 352 69 30 eger
1051 353 65 20 rum
1140 353 106 30 genom
1270 345 78 36 stad,
1371 344 113 40 köping
1507 344 73 32 eller
1602 348 96 30 andra
1721 347 110 30 ställen
1856 349 66 30 med
1947 360 36 20 en
2002 352 90 31 talrik

480 391 180 40 befolkning.
706 393 114 30 Härom
843 391 167 32 innehåller
1032 394 127 30 sednare
1183 399 161 27 momentet
1368 396 34 29 af
1421 395 67 31 4:de
1512 396 13 40 $
1550 395 10 30 i
1579 397 225 32 ofvannämnda
1822 399 109 38 plakat
1944 400 149 39 följande
2079 387 18 56 :

481 441 143 32 »Politiet
652 443 60 30 kan
736 452 48 21 om
814 443 50 30 det
893 443 90 31 dertil
1005 444 95 31 finder
1123 443 116 39 Grund,
1264 446 132 38 forlange
1420 446 283 33 Afsendelsestiden
1729 449 155 30 forandret
1907 459 37 29 og
1966 469 38 3 —
2030 453 62 30 for-

482 492 123 30 saavidt
633 493 53 29 der
713 493 84 39 gives
820 494 70 30 flere
913 494 77 30 Veie
1013 513 39 3 —
1080 495 175 37 bestemme,
1280 496 120 30 hvilken
1425 498 32 28 af
1478 496 81 30 disse
1583 498 207 40 Transporten
1814 500 78 29 skall
1916 501 97 39 folge;
2042 502 51 31 det

481 543 60 29 kan
566 543 162 37 fastsette,
752 554 59 29 paa
834 545 102 30 hvilke
959 545 111 30 Steder
1092 546 53 29 der
1167 545 66 31 skal
1263 551 85 35 tages
1377 547 233 37 Nattekvarter,
1639 558 37 30 og
1704 549 75 30 hvor
1801 555 79 26 stort
1903 550 188 41 Vagtholdet

480 602 48 20 om
552 593 115 31 Natten
691 594 67 30 skal
782 605 111 27 vere;»
917 614 38 3 —
980 596 113 29 Vidare
1116 596 57 30 har
1195 597 33 30 af
1248 597 185 31 motionären
1460 597 101 31 blifvit
1583 599 146 30 särskildt
1748 599 173 32 framhållet
1933 602 157 31 saknaden

478 644 10 29 i
513 643 80 31 1858
615 642 48 33 års
687 645 174 40 förordning
883 644 154 41 angående
1061 647 70 29 krut
1154 656 47 20 om
1227 648 163 40 uttrycklig
1412 648 166 37 föreskrift,
1602 649 75 31 huru
1701 650 129 31 förfaras
1856 652 63 37 bör,
1943 651 38 31 då
2005 653 86 30 krut-

479 698 159 36 transport
661 696 139 39 antingen
831 697 94 29 under
954 696 128 31 nattetid
1106 696 74 31 eller
1202 698 9 29 i
1235 698 70 39 följd
1330 699 34 29 af
1384 699 196 30 oförutsedda
1603 700 105 30 hinder
1732 699 95 33 måste
1850 703 149 39 afbrytas.
2045 704 46 30 En

480 744 84 40 dylik
593 746 159 30 föreskrift
781 747 113 30 saknas
924 748 88 29 äfven
1037 747 9 30 i
1072 747 78 30 1869
1173 746 49 32 års
1247 749 171 39 förordning
1441 759 47 20 om
1514 750 145 39 dynamit,
1683 751 56 30 och
1762 753 49 29 det
1839 753 51 29 vill
1915 763 93 30 synas
2031 754 60 30 Ut-

479 795 119 30 skottet
620 806 63 20 som
708 797 98 30 skulle
830 799 98 29 denna
951 808 39 20 nu
1015 798 162 30 anmärkta
1201 799 77 30 brist
1301 809 74 20 vara
1398 801 34 29 af
1454 801 208 30 beskaffenhet
1685 806 47 26 att
1751 803 101 30 tarfva
1871 804 135 30 rättelse.
2030 805 62 30 För

477 845 185 40 iaktagande
697 848 34 29 af
761 848 90 40 nödig
879 849 193 39 försigtighet
1102 849 90 30 borde
1221 850 115 30 forman
1360 850 94 31 under
1477 849 116 32 sådana
1616 852 257 40 omständigheter
1895 852 124 42 åläggas
2044 859 45 26 att

477 896 100 31 införa
599 900 217 37 sprängämnet
838 899 10 29 i
871 897 111 32 sådant
1005 899 91 30 uthus
1119 899 72 31 eller
1214 911 99 20 annan
1338 901 141 38 lägenhet
1501 911 63 20 som
1586 912 70 21 vore
1674 901 65 32 från
1760 903 119 31 eldstad
1893 905 128 40 aflägset
2034 906 54 30 och

477 946 117 31 försedt
617 948 66 30 med
707 950 106 29 säkert
836 947 53 37 lås,
913 947 36 32 så
971 953 46 26 att
1041 953 225 36 sprängämnet,
1290 951 50 30 vid
1363 952 188 38 nödtvunget
1573 952 144 40 uppehåll
1740 954 94 30 under
1857 955 165 40 forslingen
2043 955 46 31 må

477 998 103 30 kunna
608 1009 89 20 anses
721 1000 105 30 säkert
849 1000 173 36 förvaradt;
1052 1000 127 30 likasom
1204 1002 96 39 dylikt
1324 1001 142 40 uppehåll
1490 1003 93 30 under
1607 1004 162 30 färdandet
1795 1015 104 30 genom
1923 1007 71 29 stad
2018 1007 72 30 eller

476 1048 112 40 köping
618 1049 89 30 borde
743 1060 74 20 vara
845 1050 126 31 alldeles
1001 1051 161 38 förbjudet,
1186 1052 67 30 icke
1277 1052 85 36 blott,
1386 1051 101 32 såsom
1512 1054 45 30 för
1580 1055 200 36 närvarande,
1803 1056 50 29 vid
1876 1061 160 35 transport
2058 1058 33 30 af

475 1099 147 40 dynamit,
646 1105 72 25 utan
738 1100 112 39 jemväl
875 1102 46 29 för
943 1102 62 29 alla
1028 1101 96 39 öfriga
1146 1106 230 35 sprängämnen.

610 1148 47 33 Då
677 1151 161 31 Utskottet
861 1152 98 30 funnit
983 1153 45 39 sig
1052 1152 72 30 böra
1146 1152 10 30 i
1179 1153 235 40 hufvudsakliga
1433 1155 84 29 delar
1537 1155 119 30 biträda
1675 1156 80 30 hvad
1769 1157 318 32 motionären
1966 1144 14 54 i
1993 1157 94 32 samt-

476 1199 60 39 liga
569 1200 66 31 sina
665 1202 146 30 motioner
844 1202 169 40 föreslagit,
1049 1203 54 29 och
1132 1202 37 30 då
1201 1203 161 31 Utskottet
1384 1214 90 21 anser
1496 1210 47 25 att
1566 1206 210 40 utvecklingen
1801 1209 33 29 af
1852 1206 234 41 ifrågavarande

474 1250 131 31 industri
637 1252 67 30 icke
734 1253 54 29 bör
816 1253 138 31 hämmas
984 1254 34 29 af
1044 1253 95 30 andra
1162 1255 191 30 föreskrifter
1376 1259 37 26 än
1437 1254 118 32 sådana
1577 1267 64 19 som
1666 1260 51 27 äro
1741 1258 189 40 nödvändiga
1959 1260 46 29 till
2029 1260 57 29 all-

475 1301 178 31 mänhetens
677 1303 204 40 betryggande
905 1310 81 24 emot
1009 1304 35 31 de
1068 1304 66 30 med
1158 1304 186 32 industriens
1367 1306 198 31 bedrifvande
1589 1309 142 30 förenade
1751 1309 88 35 faror,
1859 1307 47 32 får
1925 1310 161 30 Utskottet

474 1352 158 31 vördsamt
655 1353 173 31 hemställa:

871 1409 48 26 att
952 1405 174 39 Riksdagen
1162 1404 49 31 må
1245 1407 53 29 hos
1330 1407 107 40 Kongl.
1468 1408 91 39 Maj:t
1585 1409 10 29 i
1618 1407 237 41 underdånighet
1883 1409 132 37 anhålla,
2040 1416 45 27 att

872 1456 109 39 Kongl.
1012 1456 88 39 Maj:t
1130 1456 154 39 behagade
1312 1455 64 32 låta
1404 1458 119 30 öfverse
1552 1459 138 39 gällande
1714 1461 187 39 lagstiftning
1932 1461 154 40 angående

870 1506 82 30 olika
986 1506 65 39 slag
1079 1507 33 29 af
1137 1510 222 36 sprängämnen
1388 1508 9 29 i
1421 1507 112 32 sådant
1556 1511 89 38 syfte,
1668 1508 18 32 å
1709 1521 56 19 ena
1787 1511 96 37 sidan,
1908 1517 46 25 att
1978 1514 105 30 veder-

869 1556 133 30 börande
1026 1556 174 31 tillverkare
1224 1557 53 30 och
1302 1557 215 32 konsumenter
1541 1560 87 30 deraf
1647 1559 49 31 må
1720 1561 126 31 beredas
1865 1563 36 30 de
1921 1563 162 37 lättnader,

875 1607 147 29 särskildt
1044 1607 10 30 i
1078 1605 85 41 fråga
1186 1617 46 20 om
1257 1608 111 39 upplag
1390 1609 54 30 och
1472 1613 200 37 transporter,
1694 1621 63 21 som
1781 1613 76 30 efter
1880 1617 138 27 närmare
2037 1620 48 24 ut-

875 1657 125 39 redning
1023 1659 34 28 af
1075 1657 181 31 hithörande
1279 1657 209 33 förhållanden
1512 1661 54 29 och
1595 1659 38 41 på
1656 1663 95 37 grund
1775 1664 32 29 af
1826 1663 109 32 hittills
1965 1674 117 22 vunnen

876 1708 174 30 erfarenhet
1072 1706 49 32 må
1143 1709 103 30 kunna
1269 1710 182 38 medgifvas;
1475 1711 64 37 och,
1560 1709 18 32 å
1598 1713 96 29 andra
1706 1713 97 37 sidan,
1816 1702 31 56 att
1869 1715 15 30 i
1898 1715 185 39 lagstiftnin-

874 1768 55 30 gen
964 1763 150 35 upptagas
1137 1759 110 30 hittills
1270 1761 144 37 saknade,
1443 1771 66 20 men
1534 1763 33 29 af
1587 1762 143 31 behofvet
1752 1763 171 41 påkallade,
1947 1766 134 30 bestäm-

871 1810 109 29 melser
1002 1810 45 30 till
1071 1804 247 37 förekommande
1337 1812 34 29 af
1384 1812 35 29 de
1440 1813 67 29 med
1526 1813 185 32 industriens
1731 1815 194 41 bedrifvande
1939 1817 141 30 förenade

867 1860 97 35 faror;
994 1861 156 30 äfvensom
1174 1865 47 26 att
1243 1861 61 31 alla
1326 1862 181 32 hithörande
1530 1864 188 40 stadganden
1742 1864 92 33 måtte
1858 1868 223 30 sammanföras

874 1911 11 30 i
908 1921 36 20 en
967 1911 79 30 enda
1068 1911 188 40 författning.

668 1968 177 32 Stockholm
869 1970 56 30 den
949 1971 40 30 20
1011 1971 147 30 Febrdari
1191 1969 89 33 1873.

1071 2044 44 33 På
1139 2047 177 32 Utskottets
1340 2051 129 37 vägnar:

1083 2124 114 42 Curry
1221 2125 243 43 Treffenberg.

785 2288 250 37 STOCKHOLM,
1059 2291 92 38 tryckt
1174 2292 52 29 hos
1254 2294 32 27 A.
1309 2293 172 29 HOLMBERG
1506 2297 21 25 &
1551 2296 102 34 Couwr.,
1677 2295 87 30 1873.
