2276 2634
185 608 151 35 Angående
341 619 49 17 an-

200 644 59 33 slag
278 644 43 26 till
336 653 38 25 ny

187 678 102 26 dockai
293 678 98 27 Karls-

243 713 95 26 krona.

243 749 94 48 [11.]

464 214 47 31 22
900 218 259 33 Statsutskottets
1192 220 176 33 Utlåtande
1393 222 66 31 N:o
1489 225 28 28 6.

514 295 114 48 Enär,
656 296 12 36 i
692 297 220 49 jemförelse
940 299 87 37 med
1048 300 115 36 andra
1182 301 279 49 anslagsbehof
1476 302 120 37 under
1621 303 122 37 denna
1762 304 240 49 hufvudtitel,

409 346 290 49 ifrågavarande
739 349 359 51 byggnadsföretag
1139 358 109 42 synts
1289 353 186 38 utskottet
1502 355 127 37 kunna
1657 361 89 31 utan
1775 361 122 32 större
1928 356 76 37 olä-

410 399 145 48 genhet
583 400 59 36 för
669 400 165 37 tillfället
861 406 119 39 anstå,
1008 404 220 37 hemställer
1255 406 197 48 utskottet,

911 459 55 32 att
1003 455 139 49 Kongl.
1178 457 126 48 Maj:ts
1335 457 249 39 förevarande
1612 459 280 50 framställning
1919 460 83 38 icke

809 508 59 34 må
896 507 41 35 af
961 507 219 50 Riksdagen
1207 509 160 37 bifallas.

516 608 95 35 12:o.
654 608 141 49 Kongl.
815 609 107 50 Maj:t
940 611 70 36 har
1031 611 196 50 föreslagit
1244 612 219 50 Riksdagen
1483 618 56 32 att
1557 613 57 37 till
1633 628 50 35 ny
1703 615 119 37 docka
1840 615 13 37 i
1871 615 131 37 Karls-

409 657 118 38 krona
556 659 137 50 bevilja
722 663 165 45 475,000
916 662 140 37 kronor
1084 664 68 36 och
1181 664 111 37 deraf
1316 665 59 37 för
1403 669 40 32 år
1474 667 95 35 1897
1601 666 129 37 anvisa
1761 669 174 45 150,000.

511 710 65 38 Uti
609 725 46 23 en
690 712 104 37 inom
830 713 127 38 Andra
993 715 230 38 Kammaren
1256 717 114 36 väckt
1403 717 144 37 motion
1582 717 74 50 (n:o
1695 718 85 49 122)
1813 719 68 37 har
1913 720 89 37 herr

413 761 103 38 Ollas
543 766 43 33 A.
614 765 183 47 Ericsson,
826 766 85 36 med
938 766 156 37 hvilken
1123 768 86 36 herr
1239 767 35 38 8.
1305 769 49 36 M.
1385 769 139 37 Olsson
1553 784 47 22 m.
1630 770 35 36 fl.
1694 770 167 48 instämt,
1886 772 114 36 fram-

409 813 90 37 stält
538 814 113 38 bland
693 821 125 43 annat,
860 822 52 32 att
956 818 139 49 Kongl.
1129 819 126 48 Maj:ts
1289 820 282 50 framställning
1604 835 59 23 om
1696 822 238 51 anläggning
1961 824 43 36 af

409 879 46 23 en
483 880 54 36 ny
565 867 119 37 docka
711 868 13 36 i
752 868 234 38 Karlskrona
1015 871 34 49 ej
1080 874 114 34 måtte
1223 872 115 37 vinna
1365 872 239 49 Riksdagens
1635 874 113 37 bifall.

512 918 136 38 Vidare
677 919 68 37 har
773 920 87 37 herr
886 922 93 37 Sven
1007 924 124 36 Palme
1157 923 12 36 i
1198 937 46 23 en
1272 923 183 39 likaledes
1484 925 103 36 inom
1615 925 127 38 Andra
1770 926 227 38 Kammaren

407 970 113 37 väckt
561 971 142 37 motion
745 971 76 50 (n:o
866 973 58 49 17)
958 973 189 49 hemstält,
1180 980 56 32 att
1267 976 233 48 Riksdagen,
1544 977 85 37 med
1657 977 123 49 afslag
1807 981 21 34 å
1856 978 141 50 Kongl.

406 1022 127 49 Maj:ts
561 1023 281 50 framställning
869 1026 196 48 angående
1094 1026 133 50 anslag
1253 1027 58 37 till
1338 1042 51 35 ny
1417 1028 282 49 dockbyggnad
1718 1030 12 36 i
1748 1030 248 49 Karlskrona,

406 1073 89 36 ville
536 1074 14 36 i
591 1075 199 37 skrifvelse
825 1076 57 37 till
914 1077 142 49 Kongl.
1091 1078 105 50 Maj:t
1224 1079 160 47 anhålla,
1414 1085 54 31 att
1495 1080 141 49 Kongl.
1665 1081 107 50 Maj:t
1798 1081 197 50 behagade

408 1127 74 35 dels
522 1131 90 44 taga
652 1127 120 37 under
806 1129 256 50 ompröfning,
1103 1130 182 37 huruvida
1317 1131 82 37 icke
1434 1132 166 37 svenska
1641 1132 154 38 flottans
1836 1134 162 37 hufvud-

407 1177 142 37 station
589 1178 116 38 borde
748 1180 196 50 förläggas
977 1181 58 37 till
1064 1181 232 49 Stockholm,
1326 1183 134 37 medan
1489 1184 235 37 Karlskrona
1751 1185 247 38 förändrades

405 1230 57 36 till
490 1230 128 49 depöt,
648 1237 97 31 samt
773 1232 182 37 huruvida
973 1233 96 47 icke,
1103 1234 12 36 i
1141 1235 273 49 sammanhang
1438 1236 156 37 härmed
1618 1237 71 36 och
1707 1236 57 37 till
1781 1238 217 37 beredande

406 1282 41 36 af
484 1282 142 49 nödiga
663 1283 124 37 medel
827 1284 59 37 för
927 1290 55 32 ett
1014 1290 86 45 nytt
1131 1286 371 38 flottetablissement
1535 1288 11 35 i
1581 1287 241 38 Stockholms
1851 1290 145 48 närhet,

406 1333 46 36 de
481 1334 43 36 af
547 1334 131 37 flottan
706 1349 50 23 nu
785 1336 251 49 disponerade
1066 1338 178 37 områden
1271 1339 12 36 i
1312 1338 223 38 Stockholm
1555 1339 117 38 borde
1691 1340 187 50 försäljas,
1900 1348 97 31 samt

405 1387 76 35 dels
522 1386 164 38 derefter
725 1387 57 37 till
816 1388 219 50 Riksdagen
1067 1390 190 37 inkomma
1291 1391 86 36 med
1405 1391 158 49 förslag,
1593 1406 80 23 som
1703 1393 41 36 af
1768 1393 122 37 denna
1919 1407 78 23 om-

405 1438 182 49 pröfning
613 1439 125 37 kunde
766 1440 226 38 föranledas.

509 1490 193 50 Derjemte
730 1492 69 36 har
826 1493 53 36 uti
906 1506 47 23 en
981 1493 102 37 inom
1114 1507 142 23 samma
1283 1495 190 36 kammare
1511 1496 112 36 väckt
1647 1496 141 37 motion
1809 1496 76 49 (n:o
1910 1498 84 47 174)

405 1541 87 37 herr
524 1543 93 36 Edv.
660 1543 187 48 Svensson,
876 1545 85 36 med
990 1545 151 37 hvilken
1170 1546 87 37 herr
1286 1546 40 37 P.
1357 1547 172 37 Pehrson
1557 1561 48 23 m.
1636 1548 35 36 fl.
1700 1548 167 47 instämt,
1897 1549 98 37 före-

406 1593 126 48 slagit,
575 1599 55 32 att
668 1595 221 49 Riksdagen
929 1599 116 34 måtte
1079 1597 12 36 i
1125 1598 200 37 skrifvelse
1359 1598 56 37 till
1447 1599 142 49 Kongl.
1620 1599 105 50 Maj:t
1754 1600 158 49 anhålla,
1941 1606 55 32 att

405 1645 141 49 Kongl.
590 1646 105 50 Maj:t
735 1648 159 47 täcktes,
924 1651 42 34 så
995 1649 224 49 skyndsamt
1248 1663 82 24 som
1359 1650 149 49 möjligt
1535 1651 76 37 låta
1638 1652 144 47 utreda,
1812 1653 184 37 huruvida

404 1697 83 37 icke
531 1697 242 38 Stockholms
815 1700 136 37 station
992 1701 42 36 af
1072 1701 126 49 kongl.
1233 1702 134 36 flottan
1400 1702 126 37 kunde
1556 1703 196 37 förändras
1781 1704 57 37 till
1865 1705 128 50 depöt,

405 1756 108 40 samt,
557 1755 54 32 att
650 1751 12 36 i
703 1751 182 37 händelse
920 1752 134 37 sådant
1087 1753 128 37 visade
1245 1754 61 49 sig
1333 1755 125 36 kunna
1487 1754 70 37 och
1584 1755 91 37 böra
1704 1756 78 48 ske,
1812 1757 183 37 huruvida

402 1801 83 37 icke
515 1802 73 37 den
616 1803 61 36 för
704 1803 165 49 depöten
897 1805 247 48 erforderliga
1171 1806 220 36 materielen
1420 1807 125 36 kunde
1573 1807 194 50 förläggas
1796 1808 55 37 till
1869 1809 124 48 galér-

403 1853 162 48 varfvet,
594 1854 119 37 under
741 1855 64 36 det
833 1860 53 32 att
915 1856 116 48 detta,
1061 1857 116 36 sedan
1204 1858 99 49 plats
1331 1858 60 36 för
1417 1858 166 37 nämnda
1610 1860 169 37 materiel
1808 1865 98 32 samt
1934 1861 60 37 för

405 1905 249 50 erforderliga
682 1907 303 38 minverkstäder
1013 1909 71 36 och
1114 1908 124 37 förråd
1262 1911 119 48 jemte
1408 1910 139 37 kasern
1575 1911 57 36 till
1652 1912 342 50 minörkompaniet

403 1971 48 22 m.
487 1971 48 22 m.
571 1958 124 37 blifvit
722 1959 255 48 undantagen,
1007 1961 262 37 utarrenderas
1297 1962 56 36 till
1382 1962 149 37 enskild
1560 1963 212 49 spekulant,
1802 1966 86 35 med
1917 1965 75 36 för-

403 2009 127 36 behåll
558 2015 55 31 att
639 2010 61 37 för
727 2011 130 36 flottan
888 2012 249 49 erforderliga
1165 2014 394 48 reparationsarbeten
1588 2014 120 37 skulle
1738 2016 66 36 der
1831 2016 13 36 i
1870 2017 123 36 första

403 2066 162 31 rummet
606 2063 240 45 verkställas;
889 2064 198 36 äfvensom
1128 2065 183 37 huruvida
1344 2066 81 36 icke
1468 2065 167 51 Skepps-
1665 2068 69 35 och
1762 2067 231 38 Kastellhol-

403 2126 129 24 marne
574 2114 116 37 borde
733 2115 174 49 försäljas
950 2116 72 36 och
1063 2116 127 37 derför
1222 2117 207 49 inflytande
1463 2118 125 37 medel
1622 2119 192 37 användas
1843 2119 57 37 till
1928 2134 63 23 an-

403 2165 194 37 skaffande
626 2166 41 36 af
692 2167 348 48 sjökrigsmateriel.

505 2218 55 36 Af
583 2218 64 36 det
675 2218 73 36 den
773 2219 128 49 kongl.
927 2220 286 49 propositionen
1238 2221 179 48 bifogade
1442 2222 418 50 statsrådsprotokollet
1885 2224 108 37 öfver

403 2269 397 49 sjöförsvarsärenden
830 2271 73 37 den
934 2273 45 34 13
1010 2272 171 36 sistlidne
1206 2273 149 49 januari
1385 2272 83 50 (sid.
1498 2273 61 48 14)
1579 2275 199 48 inhemtas,
1799 2280 54 31 att
1873 2276 119 36 sedan

401 2321 404 50 marinförvaltningen
832 2323 12 36 i
864 2323 200 37 skrifvelse
1085 2323 72 37 den
1178 2326 20 35 9
1220 2325 207 38 november
1449 2327 98 35 1894
1567 2326 189 49 hemstält,
1778 2331 54 32 att
1849 2327 140 49 Kongl.
