2248 2632
768 139 276 32 Bankoutskottets
1067 137 163 33 utlåtande
1256 137 49 32 Nr
1329 138 51 31 35.
1601 181 3 3 |
1811 135 19 31 5

672 220 111 35 kassa
824 218 140 36 erhålla
1006 217 158 50 pension
1193 216 93 36 efter
1321 229 144 23 samma
1493 214 179 50 grunder,
1702 226 81 24 som
1812 227 61 22 om

673 271 74 36 han
776 270 118 48 tjänat
922 270 59 36 för
1009 268 180 51 pensions
1218 267 216 37 erhållande
1464 266 236 37 föreskriven
1728 266 64 35 tid.

402 358 72 49 3:0)
512 359 8 35 I
550 372 46 23 en
630 359 101 35 inom
766 356 116 37 andra
910 357 218 35 kammaren
1159 368 44 23 av
1232 354 85 36 herr
1344 356 129 44 Rydén
1506 354 110 36 väckt
1645 354 154 46 motion,
1829 367 46 22 nr

270 413 61 44 92,
363 411 67 35 har
459 410 141 36 anförts
629 409 182 49 följande:

409 478 162 38 »Härmed
594 478 52 32 får
666 477 57 41 jag
747 476 168 33 vördsamt
939 476 130 32 anhålla
1092 486 53 22 om
1168 474 193 41 riksdagens
1384 474 176 33 understöd
1584 474 51 32 för
1658 476 49 30 ett
1724 484 59 32 par
1798 485 73 31 per-

268 532 108 29 soner,
408 533 70 21 som
505 522 43 41 på
575 521 104 42 grund
701 531 42 22 av
769 521 82 32 1914
876 520 54 32 års
953 519 188 32 inkallelser
1164 529 41 22 av
1229 518 90 32 äldre
1343 517 221 43 värnpliktiga
1588 517 51 33 till
1662 517 212 42 krigstjänst-

270 566 117 41 göring
411 565 96 33 blivit
530 565 162 32 berövade
715 564 49 32 sin
787 564 188 41 försörjare.

403 609 288 32 Sakförhållandet
714 612 37 28 är
774 607 143 41 följande
942 607 105 32 såsom
1074 606 146 41 framgår
1243 616 41 22 av
1307 605 171 33 närslutna
1500 605 135 40 bilagor.

402 653 35 32 F.
463 653 29 32 d.
517 653 103 32 förste
643 652 194 41 konstapeln
862 651 53 32 vid
940 651 85 32 Svea
1048 650 324 40 artilleriregemente
1396 649 89 32 Fritz
1505 648 120 33 Martin
1643 648 136 39 Hartell,
1798 649 75 32 född

269 697 63 32 den
358 698 37 30 17
422 697 185 42 september
633 697 91 37 1889,
749 695 83 32 hade
856 695 85 32 efter
964 694 139 33 erhållet
1127 693 123 32 avsked
1274 693 72 32 från
1370 695 205 39 regementet
1598 693 61 31 den
1679 694 37 31 31
1737 693 137 32 oktober

273 742 83 31 1913
392 740 100 41 slagit
526 741 50 40 sig
611 740 61 32 ned
705 750 69 21 som
810 739 151 32 arbetare
985 738 10 31 i
1018 738 49 31 sin
1102 737 245 33 födelsesocken
1382 737 153 41 Glostorp
1560 736 10 32 i
1594 736 184 33 Malmöhus
1809 737 63 31 län.

270 784 112 41 Enligt
406 784 248 41 samstämmiga
675 783 168 32 omdömen
860 783 73 31 från
951 781 190 41 trovärdiga
1157 792 154 30 personer
1327 781 83 31 hade
1426 780 63 32 han
1506 780 92 32 såväl
1614 781 101 31 under
1730 781 143 40 tjänsten

269 828 55 31 vid
359 830 204 39 regementet
597 839 69 20 som
702 826 120 33 efteråt
851 826 5 32 i
879 827 169 31 hemorten
1084 825 87 32 visat
1206 825 50 40 sig
1289 824 133 41 mycket
1445 824 149 32 skötsam
1618 824 60 32 och
1702 824 171 41 ordentlig.

270 872 47 32 På
350 872 115 32 hösten
504 873 82 31 1914
615 871 73 32 stod
711 871 63 31 han
798 870 77 32 redo
899 872 52 29 att
974 869 76 41 ingå
1073 869 184 40 äktenskap
1281 868 74 32 med
1377 868 49 31 sin
1450 868 170 32 trolovade
1643 868 92 32 Ebba
1758 868 115 32 Olsson

267 916 23 31 å
313 926 38 21 nr
388 916 37 31 17
462 915 118 41 Hyllie,
616 914 181 32 Limhamn.
844 914 74 31 Han
954 913 73 32 blev
1062 912 40 32 då
1133 912 148 42 plötsligt
1304 911 148 33 utkallad
1477 912 50 32 till
1551 911 321 42 krigstjänstgöring,

270 959 103 41 ådrog
396 960 50 40 sig
470 959 101 32 under
595 958 38 32 de
650 968 236 31 ogynnsamma
902 956 235 39 förhållanden,
1156 967 69 21 som
1241 955 253 41 mångenstädes
1509 955 100 32 rådde
1625 955 101 32 under
1741 957 132 30 neutra-

267 1003 235 32 litetsvaktens
526 1003 107 32 första
654 1002 131 38 veckor,
810 1000 314 42 lunginflammation
1149 1000 60 32 och
1234 999 94 32 avled
1345 999 19 32 å
1381 999 129 32 Vendes
1531 998 343 42 artilleriregementes

270 1047 309 40 garnisonssjukhus
602 1046 10 31 i
636 1045 223 32 Kristianstad
890 1045 59 31 den
975 1045 40 31 26
1040 1044 184 41 september
1250 1045 93 30 1914.
1391 1043 74 32 Han
1488 1043 234 32 efterlämnade
1746 1043 53 31 vid
1823 1043 49 31 sin

267 1090 64 32 död
355 1091 10 31 i
389 1090 176 32 medellösa
589 1089 279 41 omständigheter
891 1088 49 32 sin
966 1087 178 39 trolovade,
1170 1098 70 21 som
1264 1087 61 32 den
1346 1089 10 30 1
1380 1097 88 22 mars
1494 1088 82 30 1915
1597 1086 96 32 födde
1709 1097 38 21 en
1765 1087 109 32 dotter

270 1134 50 32 till
344 1134 62 32 den
431 1134 138 38 avlidne,
594 1134 108 31 Marta
725 1133 180 40 Hildegard
928 1132 138 32 Hartell.

401 1179 69 31 Den
497 1180 14 29 1
538 1178 83 41 april
658 1178 81 30 1915
774 1176 110 40 ingick
919 1176 129 31 avlidne
1072 1175 146 32 Hartells
1242 1174 92 32 fader
1357 1174 50 32 till
1432 1174 441 41 riksförsäkringsanstalten

269 1221 74 32 med
378 1222 153 31 anhållan
566 1232 51 21 om
652 1220 174 32 understöd
858 1219 103 40 enligt
985 1219 109 40 kungl.
1119 1218 231 40 förordningen
1373 1218 60 31 den
1461 1219 38 30 18
1520 1217 70 41 juni
1616 1219 82 31 1909
1714 1218 43 35 åt
1781 1218 93 32 Ebba

268 1265 119 32 Olsson
421 1265 62 31 och
517 1265 121 31 hennes
668 1264 108 32 dotter
799 1263 109 32 Marta
931 1262 178 41 Hildegard
1134 1261 138 32 Hartell.
1320 1262 75 31 Som
1419 1261 74 32 stöd
1516 1261 51 31 för
1590 1261 282 42 framställningen

267 1308 203 41 åberopades
508 1310 51 30 att
596 1307 129 32 Hartell
763 1306 116 32 avlidit
917 1306 101 32 under
1055 1305 323 41 krigstjänstgöring,
1414 1304 105 32 vilket
1554 1305 61 31 ock
1649 1305 147 40 styrktes
1831 1316 41 21 av

267 1352 154 40 bifogade
444 1352 103 40 intyg.

401 1394 454 41 Riksförsäkringsanstalten
872 1392 194 33 tillerkände
1083 1392 60 32 den
1160 1391 146 33 avlidnes
1323 1391 223 32 efterlevande
1562 1392 309 41 begravningshjälp

268 1439 75 32 med
376 1440 40 31 75
450 1439 121 32 kronor
602 1449 73 21 men
698 1438 78 31 fann
799 1437 50 41 sig
872 1436 190 32 förhindrad
1086 1437 51 30 att
1160 1435 197 32 tillerkänna
1381 1435 143 32 livränta
1548 1435 35 33 åt
1607 1446 77 21 vare
1707 1436 51 40 sig
1780 1436 92 32 Ebba

271 1483 115 32 Olsson
411 1483 79 32 eller
514 1483 139 31 dottern.
700 1481 112 40 Enligt
835 1480 150 41 gällande
1009 1479 197 41 författning
1229 1478 135 41 utginge
1380 1479 163 41 nämligen
1560 1479 143 32 livränta
1719 1479 51 32 till
1786 1480 84 31 änka

266 1527 119 32 endast
408 1527 51 31 för
482 1527 37 31 så
543 1526 64 32 vitt
631 1525 220 41 äktenskapet
880 1523 112 33 slutits
1016 1523 69 32 före
1109 1523 61 32 den
1193 1522 163 41 tidpunkt,
1381 1522 41 32 då
1446 1523 103 32 skada
1572 1523 212 41 uppkommit,
1810 1524 61 31 och

269 1570 51 32 till
344 1570 215 40 minderårigt
581 1570 81 31 barn
686 1569 115 32 endast
824 1568 102 32 under
948 1567 238 40 förutsättning
1209 1569 51 29 att
1284 1566 93 32 detta
1400 1566 82 32 fötts
1506 1567 70 31 före
1600 1567 102 41 sagda
1717 1567 155 41 tidpunkt

268 1614 81 32 eller
383 1614 91 32 födes
510 1613 144 32 därefter
676 1613 10 31 i
710 1615 50 29 ett
795 1612 148 31 därförut
978 1611 101 32 slutet
1110 1610 193 41 äktenskap.
1350 1610 102 32 Detta
1476 1610 183 41 äktenskap
1683 1611 84 31 skall
1791 1621 81 21 vara

270 1657 178 32 fullbordat
471 1668 116 30 genom
611 1656 103 41 vigsel
738 1656 85 31 inför
846 1655 134 40 kyrklig
1003 1655 79 31 eller
1105 1653 164 41 borgerlig
1293 1653 201 41 myndighet.

400 1701 75 31 Med
509 1700 125 40 hänsyn
670 1700 50 31 till
755 1699 39 32 de
828 1698 163 32 särskilda
1024 1697 288 41 omständigheter,
1338 1707 69 21 som
1432 1697 60 31 här
1515 1697 169 40 föreligga,
1709 1697 10 31 1
1743 1697 55 32 det
1821 1700 51 29 att

269 1744 192 32 inkallelsen
484 1743 51 32 till
558 1742 313 42 krigstjänstgöring
898 1742 77 31 kom
999 1740 184 32 oförmodat
1207 1740 60 32 och
1292 1740 252 41 omintetgjorde
1568 1740 38 32 de
1629 1740 84 32 båda
1735 1740 137 32 kontra-

269 1787 175 32 henternas
480 1786 315 33 överenskommelse
831 1787 51 30 att
917 1784 34 32 få
985 1784 60 32 sitt
1068 1784 184 40 äktenskap
1276 1784 149 40 beseglat
1448 1784 72 32 med
1546 1783 112 41 vigsel,
1683 1783 60 32 och
1767 1784 41 31 då
1833 1784 38 31 de

270 1831 222 32 efterlevande
526 1831 127 31 befinna
687 1830 50 40 sig
760 1830 10 30 i
795 1829 133 39 mycket
952 1828 209 40 brydsamma
1185 1827 288 40 omständigheter,
1499 1837 96 30 synes
1619 1829 117 37 staten,
1762 1827 9 31 i
1796 1838 75 21 vars

268 1875 105 40 tjänst
408 1875 93 31 deras
536 1874 176 40 försörjare
747 1872 125 38 avlidit,
897 1873 79 31 böra
1000 1871 94 32 träda
1117 1871 174 41 hjälpande
1315 1870 60 32 till.
1422 1870 165 41 Antingen
1611 1871 62 31 kan
1698 1871 92 32 detta
1812 1871 59 32 ske

269 1929 115 30 genom
409 1920 51 30 att
484 1918 173 40 riksdagen
682 1916 167 41 medgiver
873 1918 52 30 att
948 1915 92 32 Ebba
1064 1915 116 31 Olsson
1205 1914 60 32 och
1288 1915 122 31 hennes
1434 1914 110 32 dotter
1566 1914 109 32 Marta
1693 1914 178 42 Hildegard

269 1962 129 32 Hartell
422 1962 53 31 må
500 1961 124 32 erhålla
648 1960 176 33 understöd
848 1959 50 33 till
922 1959 126 41 belopp,
1073 1969 69 21 som
1167 1959 199 31 bestämmas
1389 1958 10 31 i
1423 1958 229 41 förordningen
1669 1958 61 32 den
1749 1959 38 30 18
1802 1959 68 40 juni

271 2007 83 29 1909
379 2016 52 21 om
462 2004 183 40 ersättning
668 2005 10 31 i
702 2003 172 41 anledning
898 2013 42 21 av
964 2002 236 41 kroppsskada,
1226 2002 143 40 ådragen
1393 2002 101 31 under
1516 2001 353 41 militärtjänstgöring.

268 2048 90 31 Eller
381 2048 61 31 ock
468 2048 64 31 kan
556 2048 101 31 saken
681 2047 145 40 regleras
849 2056 117 30 genom
991 2048 50 29 ett
1064 2045 109 31 direkt
1196 2045 115 40 anslag
1334 2045 19 31 å
1376 2044 190 38 riksstaten,
1590 2044 105 32 vilket
1718 2045 10 30 i
1752 2045 36 31 så
1812 2045 58 31 fall

270 2091 137 31 föreslås
432 2091 80 39 utgå
536 2090 72 32 med
631 2092 50 30 ett
705 2090 116 40 belopp
845 2099 41 21 av
910 2089 64 30 300
997 2088 121 31 kronor
1142 2087 124 40 årligen
1291 2087 50 32 till
1364 2087 93 31 Ebba
1481 2087 125 38 Olsson,
1632 2087 36 31 så
1691 2088 95 39 länge
1808 2088 62 31 hon

269 2134 115 31 förblir
418 2133 93 41 ogift,
548 2135 85 30 samt
668 2134 61 30 150
763 2133 121 31 kronor
908 2131 124 40 årligen
1057 2131 50 31 till
1131 2131 132 31 dottern
1286 2131 109 31 Marta
1419 2130 178 41 Hildegard
1622 2130 138 38 Hartell,
1787 2130 81 32 intill

268 2177 74 32 dess
376 2177 65 31 hon
478 2177 74 40 fyllt
579 2177 37 31 18
641 2176 46 31 år.
733 2176 122 31 Därest
876 2174 202 32 sistnämnda
1103 2173 176 33 alternativ
1304 2174 112 40 väljes,
1442 2173 93 32 torde
1559 2173 208 32 understödet
1792 2174 78 31 böra

268 2220 80 41 ntgå
372 2220 73 32 från
471 2220 59 32 och
556 2219 71 32 med
655 2220 81 31 1916
761 2219 54 32 års
839 2218 129 41 ingång.

1924 349 141 33 Angående

1917 385 112 31 pension
2048 385 28 24 åt

1908 421 37 25 M.
1964 421 118 24 Hartells

1896 455 134 25 trolovade
2051 457 50 22 och

1956 492 74 24 barn.
