1892 2804
262 142 19 30 2
696 146 305 32 Bankoutskottets
1023 145 176 32 utlåtande
1222 156 42 21 nr
1291 147 47 30 70.

266 230 127 32 anstalt
412 231 12 31 i
444 230 186 37 anledning
650 240 42 21 av
712 231 262 36 förstatligande
995 240 42 22 av
1058 231 67 30 den
1146 231 178 30 allmänna
1344 229 265 38 väghållningen
1630 229 45 37 på
1695 230 72 30 lan-

266 282 58 30 det
342 281 79 31 från
439 282 66 30 och
524 281 79 30 med
623 282 65 29 den
710 282 14 29 1
746 281 139 36 januari
906 281 94 38 1944,
1020 284 89 27 samt

309 329 35 39 b)
370 331 158 31 meddela
548 331 217 30 föreskrifter
784 341 57 20 om
862 330 432 37 pensionsförhållandena
1314 331 56 30 för

311 381 71 31 dels
410 381 90 31 vissa
528 381 367 37 anställningshavare,
925 391 75 21 som
1029 382 79 29 med
1136 381 187 37 anledning
1351 390 43 21 av
1421 380 277 37 förstatligandet
1726 390 43 22 av

267 432 66 31 den
351 432 177 31 allmänna
546 432 266 36 väghållningen
829 432 46 37 på
892 432 116 30 landet
1026 431 124 37 övergå
1167 432 10 30 i
1196 434 128 28 statens
1343 431 116 37 tjänst,

311 482 72 32 dels
403 482 11 30 i
435 486 128 27 statens
584 482 106 36 tjänst
709 482 76 31 icke
805 482 213 37 övergående
1037 482 170 36 personal,
1230 491 75 21 som
1327 482 212 31 omedelbart
1562 481 74 31 före
1659 482 68 30 den
1752 482 15 29 1

265 532 139 37 januari
429 533 81 30 1944
531 532 159 31 innehaft
713 532 209 38 anställning
944 533 64 30 hos
1031 532 213 37 vägdistrikt,
1268 532 105 30 vilket
1395 531 106 37 åtagit
1522 532 50 36 sig
1593 535 50 28 att
1666 531 104 37 självt

267 592 101 22 svara
385 583 55 30 för
454 583 223 36 personalens
694 583 253 36 pensionering,

310 631 72 32 dels
405 634 75 35 den,
505 643 74 20 som
603 633 213 31 omedelbart
839 633 74 31 före
938 642 134 22 samma
1096 633 66 36 dag
1186 632 141 37 åtnjutit
1350 632 139 37 tjänste-
1514 633 82 30 eller
1619 632 149 37 familje-

265 683 146 37 pension
431 683 79 31 från
531 683 212 38 vägdistrikt,

311 733 72 31 dels
408 734 75 36 den,
511 743 75 21 som
612 734 10 30 i
649 734 172 30 samband
845 734 80 30 med
950 733 236 37 nedläggande
1213 742 43 22 av
1283 729 161 45 Bjärred
1454 729 316 45 —Lund—Harlösa

265 783 146 39 järnväg
434 784 81 30 eller
539 783 472 38 Jönköping—6Gripenbergs
1034 783 145 37 järnväg
1202 783 154 37 övergått
1379 784 11 29 i
1414 786 128 28 statens
1566 783 203 37 järnvägars

266 834 108 37 tjänst
394 834 115 31 såsom
530 834 149 37 tillfällig
701 834 358 37 anställningshavare
1080 843 80 22 men
1183 834 152 31 därefter
1357 833 57 31 vid
1434 837 128 27 statens
1583 834 188 36 järnvägar

266 884 147 31 erhåller
439 885 204 36 befattning,
672 894 75 21 som
778 894 96 21 avses
902 885 13 30 i
944 885 177 30 allmänna
1149 884 525 37 tjänstepensionsreglementet,

311 933 72 32 dels
399 935 65 30 ock
480 935 90 30 vissa
587 935 23 31 f.
628 935 31 31 d.
678 935 221 36 tjänstemän,
915 935 93 31 vilka
1029 936 6 29 i
1052 935 170 30 samband
1239 935 81 30 med
1335 938 127 27 statens
1479 934 230 37 övertagande
1727 944 43 21 av

266 985 136 32 enskild
424 985 146 37 järnväg
592 986 82 30 eller
693 986 128 30 bandel
845 985 153 37 övergått
1022 985 10 30 i
1058 988 127 28 statens
1210 985 203 37 järnvägars
1436 985 108 36 tjänst
1568 986 65 29 och
1657 985 112 30 seder-

267 1045 96 21 mera
380 1035 117 38 avgått
514 1046 42 20 ur
573 1036 108 36 tjänst
698 1036 113 30 under
827 1036 93 30 tiden
940 1037 14 29 1
974 1035 64 37 juli
1059 1036 170 31 1939—30
1247 1035 76 37 juni
1346 1036 82 29 1942
1447 1038 89 28 samt
1553 1035 47 36 på
1616 1035 93 30 vilka
1729 1035 41 31 de

266 1095 44 21 av
331 1086 83 30 1935
434 1086 56 31 års
508 1086 140 36 riksdag
667 1086 181 31 bestämda
866 1086 197 37 grunderna
1082 1086 11 30 i
1113 1086 99 36 fråga
1234 1095 57 21 om
1313 1085 300 37 fyllnadspension
1633 1085 58 31 vid
1711 1095 58 21 av-

265 1136 136 36 gången
421 1136 89 31 varit
532 1136 217 37 tillämpliga;
773 1139 90 28 samt

312 1186 31 40 4)
367 1187 135 30 besluta
520 1186 11 30 i
550 1186 261 37 propositionen
830 1186 168 31 förordad
1017 1186 183 37 jämkning
1220 1186 11 30 i
1253 1186 158 36 gällande
1430 1186 171 32 särskilda
1620 1186 152 36 grunder

266 1236 56 31 för
344 1236 251 37 dyrtidstillägg
614 1246 45 21 av
679 1237 198 30 statsmedel
899 1236 21 31 å
940 1236 156 37 pension,
1119 1245 75 21 som
1215 1236 100 37 utgår
1336 1236 80 31 från
1436 1236 136 31 enskild
1593 1236 176 37 pensions-

266 1286 199 37 inrättning.

310 1338 14 29 I
343 1338 171 30 samband
533 1338 78 30 med
631 1337 231 31 förenämnda
880 1337 254 37 propositioner
1152 1338 66 30 har
1235 1338 166 30 utskottet
1418 1337 52 30 till
1489 1337 212 37 behandling
1721 1337 50 31 fö-

263 1388 117 31 rehaft

311 1439 71 31 dels
408 1439 123 36 Kungl.
555 1438 118 37 Maj:ts
696 1438 215 37 proposition
933 1439 67 30 den
1023 1439 19 29 5
1064 1448 95 21 mars
1184 1439 94 35 1943,
1301 1448 42 21 nr
1368 1439 71 36 143,
1463 1438 177 37 angående
1663 1438 108 37 krigs-

264 1491 158 30 maktens
441 1490 287 36 reservpersonal,
750 1489 101 31 såvitt
870 1489 154 31 nämnda
1043 1489 216 36 proposition
1279 1498 99 21 avser
1395 1489 203 36 riksdagens
1616 1489 155 36 godkän-

264 1540 114 31 nande
403 1550 42 21 av
469 1540 91 31 vissa
584 1540 11 30 i
620 1540 376 36 statsrådsprotokollet
1021 1541 80 29 över
1126 1539 306 31 försvarsärenden
1460 1539 56 30 för
1542 1539 64 30 den
1633 1540 18 29 5
1677 1548 94 21 mars

266 1592 84 30 1943
377 1591 149 37 angivna
552 1591 151 36 grunder
729 1591 57 30 för
810 1589 342 38 pensionsförmåner
1178 1590 35 31 åt
1239 1590 162 36 personal
1428 1589 207 31 tillhörande
1662 1589 108 37 krigs-

263 1642 158 31 maktens
440 1644 233 33 reservstater;

308 1692 71 30 dels
405 1691 64 31 ock
493 1701 43 21 en
560 1692 94 30 inom
680 1692 110 30 andra
814 1692 206 30 kammaren
1046 1691 110 30 under
1179 1701 42 20 nr
1245 1691 64 30 326
1334 1700 43 21 av
1401 1691 121 30 herrar
1545 1690 134 30 Håstad
1704 1691 66 30 och

263 1743 154 30 Dickson
443 1743 103 30 väckt
573 1742 141 36 motion,
743 1743 74 29 vari
844 1742 201 36 hemställts,
1072 1744 49 29 att
1147 1742 185 36 riksdagen
1359 1742 59 30 vid
1442 1742 257 36 behandlingen
1725 1751 45 21 av

261 1793 261 37 propositionen
550 1803 42 20 nr
621 1794 60 29 143
709 1792 179 37 angående
914 1792 253 37 krigsmaktens
1198 1792 277 36 reservpersonal
1503 1791 105 31 måtte
1634 1792 135 30 besluta

262 1847 50 27 att
330 1844 78 36 giva
428 1844 122 36 Kungl.
573 1843 100 37 Maj:t
693 1844 69 30 rätt
782 1846 48 28 att
850 1843 87 30 efter
958 1843 156 30 ansökan
1135 1842 11 30 i
1167 1842 95 37 varje
1284 1842 138 31 särskilt
1441 1842 63 30 fall
1523 1843 118 35 pröva,
1663 1843 105 29 huru-

262 1894 80 31 vida
366 1893 78 32 från
469 1897 182 28 reservstat
674 1893 346 37 pensionsavgångna
1043 1894 96 29 äldre
1162 1893 185 31 officerare
1372 1893 65 30 och
1460 1892 308 36 underofficerare,

262 1944 93 31 vilka
377 1945 110 30 under
508 1944 178 37 krigsåren
711 1945 89 30 varit
821 1944 175 31 inkallade
1018 1944 110 30 under
1149 1944 227 30 avsevärdare
1399 1943 49 30 tid
1470 1943 50 30 till
1543 1943 224 36 beredskaps-

263 1995 237 37 tjänstgöring,
523 1996 120 30 kunna
665 1996 143 29 komma
830 1995 11 30 i
865 1994 204 37 åtnjutande
1093 2004 42 21 av
1157 1995 107 35 högre
1284 1994 155 36 pension.

308 2045 262 37 Propositionen
598 2055 42 20 nr
669 2046 71 35 143,
770 2045 11 30 i
809 2045 115 30 vilken
950 2045 107 30 bland
1085 2047 107 28 annat
1220 2044 180 37 framlagts
1429 2044 130 37 förslag
1587 2044 50 30 till
1664 2052 104 28 grun-

262 2096 62 31 der
348 2096 55 30 för
428 2096 95 31 såväl
549 2096 161 36 avlöning
734 2105 77 21 som
838 2095 146 37 pension
1010 2094 34 32 åt
1068 2095 417 37 reservstatspersonalen,
1512 2095 65 30 har
1600 2094 132 36 jämväl
1758 2094 11 30 i

262 2146 216 31 sistnämnda
507 2147 54 30 del
590 2146 177 31 hänvisats
797 2146 52 30 till
879 2146 266 30 statsutskottets
1175 2145 252 31 förberedande
1455 2144 268 37 handläggning.
1754 2145 14 29 I

262 2197 66 30 den
351 2197 193 31 sedermera
564 2197 198 36 framlagda
783 2196 261 37 propositionen
1065 2205 41 21 nr
1128 2197 63 29 286
1214 2197 66 29 har
1300 2196 189 30 emellertid
1511 2195 183 36 förordats,
1719 2198 49 27 att

260 2248 408 36 reservstatspersonalen
698 2248 166 30 inordnas
893 2247 113 30 under
1036 2247 176 30 allmänna
1244 2246 523 36 tjänstepensionsreglementet,

272 2298 120 30 därvid
426 2298 11 30 i
470 2298 154 30 nämnda
660 2298 208 36 reglemente
899 2297 99 31 skola
1032 2297 141 36 angivas
1208 2296 460 37 tjänstepensionsunderlag
1702 2296 66 30 och

261 2347 422 38 tjänstepensionsavdrag
706 2348 56 31 för
784 2348 353 36 beställningshavare
1162 2347 20 31 å
1204 2349 192 28 reservstat.
1422 2346 257 31 Statsutskottet
1704 2347 66 29 har

265 2399 78 29 med
362 2399 137 36 hänsyn
516 2399 116 30 härtill
650 2399 11 29 i
680 2399 58 30 sitt
757 2398 178 31 utlåtande
954 2408 42 20 nr
1017 2399 70 36 198,
1109 2398 61 31 sid.
1193 2398 140 35 47—48,
1353 2397 178 36 förklarat,
1550 2400 48 28 att
1617 2398 56 29 det
1691 2396 77 31 icke

264 2449 186 30 ankomme
472 2449 47 37 på
539 2450 154 30 nämnda
715 2450 132 30 utskott
870 2451 49 28 att
940 2448 120 37 avgiva
1084 2448 103 36 något
1209 2448 160 37 yttrande
1390 2447 177 37 angående
1591 2448 42 30 de
1655 2448 11 29 i
1686 2456 79 27 pro-
