1886 2810
555 154 305 31 Bankoutskottets
884 153 177 32 utlåtande
1083 163 43 21 nr
1148 155 48 31 70.
1607 150 16 29 7

122 243 117 37 slagits
266 242 256 37 förtydligande
546 241 117 36 tillägg
687 242 124 29 härom
835 240 10 30 i
869 240 153 31 nämnda
1049 239 305 37 författningsrum
1378 239 11 30 i
1414 238 211 37 tjänstepen-

124 293 314 37 sionsreglementet
458 293 166 30 ävensom
645 291 67 30 viss
733 291 267 36 komplettering
1021 299 42 21 av
1084 290 204 36 stadgandet
1308 290 9 30 i
1342 290 13 29 1
1379 289 18 37 $
1419 290 18 29 2
1460 298 105 21 mom.
1586 287 33 40 d)

125 342 529 38 familjepensionsreglementet.

164 447 14 31 I
197 447 108 31 likhet
323 448 79 30 med
421 446 253 36 föredragande
693 442 381 39 departementschefen
1094 442 115 31 finner
1228 442 165 30 utskottet
1414 441 117 30 starka
1553 440 75 30 skäl

121 498 68 31 tala
213 498 56 31 för
293 501 48 27 att
365 507 43 21 en
431 497 68 31 viss
525 496 189 37 skärpning
739 496 152 36 vidtages
917 495 11 30 i
953 494 169 31 villkoren
1147 493 56 31 för
1226 493 56 30 hel
1307 492 320 35 förordnandepen-

121 549 84 35 sion,
227 549 63 31 där
308 548 132 37 avgång
460 558 42 21 ur
522 551 128 28 statens
669 547 108 36 tjänst
796 547 79 30 sker
895 545 155 37 frivilligt
1070 544 58 31 vid
1147 544 136 31 relativt
1303 542 54 38 låg
1377 541 250 32 levnadsålder.

121 601 64 30 Det
204 600 139 37 förslag,
362 610 76 20 som
458 599 11 31 i
488 598 125 32 sådant
632 598 196 30 hänseende
848 598 180 35 framlagts
1048 597 10 30 i
1078 595 259 38 propositionen
1357 604 41 21 nr
1419 594 72 36 169,
1512 593 114 31 finner

122 652 164 30 utskottet
318 651 54 30 väl
404 651 134 35 avvägt,
572 650 65 30 och
668 649 165 30 utskottet
866 647 189 37 tillstyrker
1085 646 121 31 därför
1236 645 180 36 förslagets
1450 642 176 39 genomfö-

121 703 117 30 rande.

165 752 75 31 Vad
256 753 11 30 i
286 752 109 36 övrigt
413 751 194 36 föreslagits
626 751 10 30 i
654 749 261 37 propositionen
933 758 42 21 nr
995 748 62 30 169
1077 748 82 30 eller
1177 746 111 31 under
1306 746 157 37 punkten
1482 745 19 29 2
1520 744 11 29 i
1551 753 77 27 pro-

122 802 193 38 positionen
335 812 42 21 nr
395 802 64 30 286
479 801 198 31 föranleder
697 800 77 31 icke
795 799 114 38 någon
929 799 140 31 erinran
1089 798 80 31 från
1190 799 182 30 utskottets
1394 798 85 30 sida.

118 939 32 33 3.
188 938 119 34 Vissa
341 949 49 22 av
424 936 222 44 ändringar
661 935 13 33 i
692 934 175 34 militära
884 918 244 59 löneplaner
1150 929 239 35 föranledda
1409 928 222 44 ändringar

268 1001 13 32 i
305 999 205 34 allmänna
534 998 163 42 tjänste-
721 996 76 34 och
821 994 658 44 familjepensionsreglementena.

168 1090 115 37 Enligt
300 1090 176 30 allmänna
495 1088 141 37 tjänste-
656 1088 65 30 och
737 1085 556 37 familjepensionsreglementena
1311 1083 89 37 gälla
1420 1082 107 31 delvis
1548 1081 79 32 skil-

123 1140 45 30 da
188 1139 258 30 bestämmelser
464 1137 56 31 för
538 1137 21 31 å
581 1146 63 21 ena
666 1136 100 31 sidan
786 1135 172 31 ordinarie
979 1135 145 39 tjänster
1142 1134 141 30 tillsatta
1302 1133 143 31 medelst
1466 1132 164 31 fullmakt

130 1189 278 40 (konstitutorial)
435 1189 67 30 och
521 1188 21 31 å
564 1188 109 30 andra
691 1187 101 31 sidan
812 1186 173 31 ordinarie
1005 1185 144 40 tjänster
1168 1185 142 30 tillsatta
1331 1184 143 30 medelst
1495 1183 134 31 förord-

124 1241 114 31 nande
267 1241 54 30 för
348 1240 67 30 viss
444 1240 59 30 tid.
532 1239 64 31 Det
625 1238 55 31 för
709 1237 373 39 fullmaktstjänsterna
1110 1236 159 37 gällande
1295 1233 334 39 pensionsåldersbe-

123 1295 141 34 greppet
285 1292 66 30 har
375 1291 102 37 ingen
500 1289 242 37 tillämplighet
767 1288 219 31 beträffande
1011 1286 438 39 förordnandetjänsterna.
1474 1285 68 31 För
1563 1286 68 29 rätt

124 1345 50 29 att
191 1343 142 30 komma
352 1342 10 30 i
381 1341 204 39 åtnjutande
603 1350 42 21 av
661 1339 272 40 tjänstepension
951 1339 90 36 gälla
1056 1338 109 31 andra
1184 1336 287 37 förutsättningar
1488 1336 55 30 för
1561 1335 68 31 för-

124 1394 192 30 ordnande-
345 1394 45 29 än
417 1392 56 31 för
501 1391 337 36 fullmaktstjänster.
863 1390 115 30 Delvis
1004 1389 11 30 i
1042 1388 199 37 anslutning
1265 1388 118 30 härtill
1409 1388 48 30 ha
1482 1387 55 30 för
1562 1386 68 31 för-

124 1443 325 39 ordnandetjänster
477 1442 180 31 fastställts
688 1440 467 40 tjänstepensionsunderlag,
1184 1448 74 21 som
1287 1437 52 32 stå
1363 1438 10 30 i
1402 1447 118 21 annan
1546 1437 84 30 rela-

125 1495 73 31 tion
221 1495 50 30 till
292 1495 103 30 lönen
417 1495 45 29 än
482 1503 76 21 som
580 1493 104 36 gäller
707 1492 55 30 för
785 1491 289 39 fullmaktstjänst
1101 1490 5 30 i
1127 1489 242 31 motsvarande
1390 1489 164 36 löneläge.
1580 1486 52 31 Då

126 1544 475 41 tjänstepensionsavdragen,
634 1541 510 40 familjepensionsunderlagen
1175 1541 68 30 och
1275 1539 355 39 familjepensionsav-

126 1598 128 35 dragen
274 1595 276 37 korrespondera
573 1597 73 28 mot
669 1592 512 41 tjänstepensionsunderlagen,
1205 1591 165 36 föreligga
1391 1591 88 29 även
1502 1590 10 30 1
1534 1589 98 30 dessa

126 1648 221 30 hänseenden
374 1646 169 31 olikheter
569 1645 127 30 mellan
723 1644 195 30 fullmakts-
947 1644 65 30 och
1040 1641 390 39 förordnandetjänster.

168 1703 98 31 Inom
287 1703 149 31 militära
457 1700 419 37 avlöningsreglementets
896 1693 382 39 tillämpningsområde
1298 1693 219 30 förekomma
1539 1690 94 31 såväl

125 1755 195 30 fullmakts-
350 1763 75 21 som
451 1750 383 36 förordnandetjänster
862 1748 10 30 i
899 1747 248 37 löneplanerna
1175 1745 52 31 Ob
1255 1745 65 30 och
1348 1743 58 31 Cb.
1436 1743 76 30 Den
1538 1741 95 31 förra

126 1805 211 36 löneplanen
365 1802 192 32 innehåller
584 1803 18 29 5
630 1801 203 36 lönegrader
866 1798 66 39 (Ob
962 1796 95 40 1—5)
1092 1797 80 30 med
1197 1795 205 36 lönebelopp
1432 1804 43 21 av
1506 1793 127 36 15,000,

129 1857 125 35 16,000,
277 1855 126 35 18,000,
424 1854 121 35 22,000
563 1853 66 30 och
648 1852 120 35 24,000
786 1852 138 34 kronor,
945 1851 107 30 därav
1071 1848 249 36 lönegraderna
1340 1847 19 29 4
1378 1847 66 30 och
1464 1846 18 30 5
1502 1846 129 30 använ-

128 1907 61 30 das
215 1907 56 29 för
295 1904 391 36 förordnandetjänster.
714 1902 74 29 Den
814 1909 119 21 senare
957 1899 209 36 löneplanen
1191 1900 169 34 upptager
1385 1897 19 29 3
1429 1894 203 37 lönegrader

132 1956 60 39 (Cb
216 1955 95 38 1—53)
339 1955 79 30 med
440 1954 205 35 lönebelopp
669 1962 41 20 av
735 1951 126 36 14,000,
887 1950 117 35 17,000
1027 1949 65 30 och
1115 1948 116 35 18,000
1254 1948 137 35 kronor,
1415 1955 105 21 varav
1541 1945 92 30 löne-

124 2007 131 36 graden
277 2006 47 30 Cb
348 2007 18 28 2
390 2005 176 31 användes
590 2003 55 30 för
666 2000 354 36 förordnandetjänst.

172 2057 13 30 I
207 2067 43 20 en
271 2058 66 29 den
361 2057 38 29 14
421 2056 71 36 maj
519 2054 84 31 1943
624 2052 217 37 dagtecknad
860 2050 225 38 proposition,
1109 2059 42 21 nr
1172 2049 73 34 285,
1268 2048 45 31 ha
1335 2046 194 37 föreslagits
1551 2046 82 30 änd-

126 2108 116 36 ringar
266 2108 10 30 i
301 2107 150 29 militära
476 2105 402 35 avlöningsreglementet
903 2101 237 31 innebärande
1163 2099 135 31 ändrad
1323 2097 245 32 konstruktion
1592 2106 44 20 av

127 2158 247 35 löneplanerna
394 2157 53 30 Ob
467 2156 66 30 och
553 2155 58 30 Cb.
635 2155 13 29 I
668 2153 91 31 båda
780 2154 246 34 löneplanerna
1046 2152 97 30 skola
1163 2152 121 28 utöver
1303 2150 42 29 de
1366 2148 201 31 nuvarande
1588 2147 46 30 lö-

129 2208 211 35 negraderna
358 2209 170 34 upptagas
547 2205 202 35 lönegrader
768 2204 79 30 med
866 2203 118 34 20,000
1004 2203 146 29 kronors
1170 2202 67 34 lön,
1258 2200 149 30 avsedda
1426 2199 56 30 för
1501 2198 134 31 förord-

129 2256 269 37 nandetjänster.
425 2256 127 30 Vidare
579 2255 86 30 skall
693 2254 206 36 löneplanen
928 2253 53 30 Ob
1008 2253 124 29 utökas
1159 2252 80 29 med
1277 2260 43 20 en
1357 2250 164 35 lönegrad
1557 2249 79 29 med

132 2308 115 34 17,000
272 2307 145 29 kronors
442 2307 68 34 lön,
537 2305 163 30 likaledes
727 2304 128 30 avsedd
880 2303 55 30 för
958 2301 353 36 förordnandetjänst,
1338 2301 63 30 och
1429 2300 207 35 löneplanen

129 2356 48 31 Cb
197 2358 79 29 med
298 2367 42 20 en
360 2356 164 36 lönegrad
544 2356 80 29 med
647 2355 116 34 16,000
785 2355 145 29 kronors
951 2354 59 29 lön
1029 2353 128 30 avsedd
1178 2352 56 30 för
1253 2350 301 35 fullmaktstjänst.
1578 2349 57 30 Ef-

130 2410 49 28 ter
198 2408 41 29 de
258 2416 67 27 nya
345 2407 265 35 lönegradernas
629 2405 183 30 införande
831 2404 77 30 med
928 2404 107 30 därav
1054 2402 183 31 föranledd
1256 2400 259 37 omnumrering
1534 2410 42 20 av
1596 2401 42 29 de

131 2458 200 30 nuvarande
358 2457 248 36 lönegraderna
632 2455 130 32 erhålla
790 2455 245 35 löneplanerna
1064 2453 155 36 följande
1247 2451 253 33 konstruktion.
1531 2451 105 30 Löne-

129 2509 127 35 planen
277 2508 53 30 Ob
351 2508 86 29 skall
457 2506 176 31 innehålla
653 2506 202 35 lönegrader
875 2505 78 30 med
974 2504 315 36 ordningsnumren
1312 2503 80 29 1—7
1416 2502 65 30 och
1502 2502 134 30 lönebe-

1676 448 129 25 Utskottet.
