2202 2626
632 193 390 33 Konstilutionsulskottels
1054 194 169 34 Utlåtande
1247 194 61 32 N:o
1337 196 29 30 5.
1781 194 17 31 7

201 284 128 36 endast
370 283 12 36 1
426 284 94 48 syfte
554 287 52 34 att
634 284 36 36 få
697 288 134 42 utrönt,
863 288 46 44 på
937 284 143 37 hvilket
1108 287 71 34 sätt
1207 285 44 35 de
1280 284 167 36 enskilde
1475 283 329 49 riksdagsmännen

201 338 148 47 afgifvit
377 338 79 35 sina
483 341 131 43 röster;
645 339 66 35 och
741 340 71 34 den
839 338 182 46 tidsvinst,
1054 351 74 24 som
1158 351 83 23 man
1270 351 127 34 genom
1428 338 239 36 användande
1687 338 41 35 af
1744 338 61 36 det

202 396 122 42 öppna
366 392 352 47 omröstningssättet
759 395 89 33 trott
890 393 55 46 sig
973 393 102 35 skola
1104 395 87 33 ernå
1219 392 62 36 vid
1309 392 371 46 riksdagsärendenas
1709 391 95 47 afgö-

203 446 124 43 rande,
372 445 117 35 skulle
532 445 207 48 därigenom
782 448 45 45 gå
855 446 167 36 förlorad.
1079 446 112 35 Hvad
1226 457 74 23 som
1329 445 57 36 till
1415 446 79 35 stöd
1523 445 56 35 för
1600 445 70 35 den
1685 449 120 43 öppna

203 498 272 48 omröstningen
511 499 188 47 åberopats
729 500 81 35 från
839 499 241 36 förhållandet
1108 499 97 36 inom
1234 499 196 35 utländska
1457 498 348 48 nationalrepresen-

203 552 168 44 tationer,
416 552 122 36 kunde
580 553 90 35 först
706 554 45 34 då
778 553 238 35 tillerkännas
1044 556 120 44 någon
1193 552 159 47 egentlig
1380 552 91 44 vikt,
1503 565 55 23 om
1589 553 61 35 det
1678 552 127 47 ådaga-

207 606 109 43 lades,
358 608 52 33 att
439 606 69 35 den
536 606 223 36 främmande
792 607 196 47 plägseden
1016 607 82 35 med
1126 606 116 35 fördel
1269 606 72 35 läte
1368 605 165 47 tillämpa
1562 605 55 47 sig
1646 608 46 44 på
1720 607 86 34 våra

209 658 261 36 förhållanden.
528 659 18 35 I
588 660 64 35 allt
693 660 63 35 fall
798 660 93 35 hade
933 661 60 35 det
1024 659 82 36 icke
1135 659 95 37 visat
1258 659 65 47 sig,
1354 662 53 33 att
1436 660 61 34 det
1524 659 66 35 hos
1619 670 57 24 oss
1705 658 101 36 häfd-

208 723 125 24 vunna
370 713 350 47 omröstningssättet
753 714 155 35 medfört
935 715 112 45 några
1075 713 241 47 olägenheter.
1375 712 181 36 Särskildt
1582 712 225 47 berättigade

212 765 81 35 icke
323 767 60 34 det
412 769 80 41 sätt,
514 767 136 47 hvarpå
670 767 157 36 svenska
841 767 133 36 folkets
994 767 134 35 ombud
1143 766 131 36 hittills
1289 766 141 36 utöfvat
1444 766 231 47 Riksdagens
1690 766 116 35 beslu-

213 820 192 44 tanderätt,
436 820 57 35 till
521 821 60 35 det
609 822 222 45 påståendet,
862 824 53 33 att
943 833 44 23 en
1017 821 198 47 öfvergång
1233 820 58 36 till
1307 820 69 36 den
1392 826 120 42 öppna
1535 819 271 48 omröstningen

201 885 86 23 vore
316 873 40 35 af
380 873 171 36 behofvet
578 874 180 47 påkallad.

313 980 86 34 Med
437 980 224 47 åberopande
700 980 40 35 af
774 981 96 35 hvad
908 981 150 35 sålunda
1095 980 183 36 tillförene
1306 980 124 35 blifvit
1464 980 40 35 af
1529 979 275 36 konstitutions-

207 1032 178 36 utskottet
413 1033 144 35 anfördt
591 1037 73 32 mot
697 1034 202 47 antagande
925 1034 39 35 af
985 1034 134 46 förslag
1142 1035 82 34 med
1248 1034 190 34 enahanda
1458 1033 96 47 syfte
1578 1045 74 23 som
1674 1034 60 34 det
1754 1045 51 22 nu

209 1085 235 36 förevarande
473 1087 65 34 och
567 1087 44 34 då
640 1087 165 36 hvarken
834 1087 13 34 i
875 1087 181 35 motionen
1085 1087 88 35 eller
1201 1087 56 35 för
1285 1086 110 47 öfrigt
1423 1086 231 35 förekommit
1681 1088 121 44 något,

203 1151 74 23 som
316 1139 118 47 gifver
470 1140 177 36 utskottet
683 1140 198 47 anledning
918 1143 53 33 att
1007 1141 129 47 frångå
1170 1140 56 35 sin
1256 1140 96 36 förut
1385 1139 150 48 intagna
1564 1139 237 48 ståndpunkt,

205 1193 208 35 hemställer
440 1194 185 44 utskottet,

734 1306 53 32 att
815 1303 234 35 förevarande
1078 1302 136 35 motion
1251 1301 81 35 icke
1371 1304 57 32 må
1456 1301 57 35 till
1546 1303 120 44 någon
1696 1300 106 35 Riks-

629 1356 136 46 dagens
794 1356 126 47 åtgärd
948 1356 195 35 föranleda.

311 1463 204 35 Stockholm
546 1463 68 35 den
646 1465 47 33 22
724 1462 93 48 april
849 1465 112 33 1907.

770 1570 51 34 På
848 1569 195 36 utskottets
1072 1574 153 42 vägnar:

729 1676 79 36 TH.
839 1686 49 25 ar
917 1675 351 37 CALLERHOLM.

858 1888 288 46 Reservationer:

311 2045 40 34 af
389 2045 124 34 herrar
555 2044 48 43 af
638 2044 215 43 Callerholm,
898 2043 171 35 Eriesson
1106 2042 13 34 i
1156 2043 152 43 Vallsta,
1343 2043 188 42 Beckman,
1562 2053 67 24 von
1657 2042 144 43 Schéele,

204 2099 204 35 Andersson
436 2098 13 35 i
474 2091 185 53 Öhrstorp,
682 2098 101 42 Moll,
805 2096 207 44 Ahlstrand,
1036 2095 207 37 Sundström
1262 2096 67 35 och
1348 2096 294 43 Hammarström,
1665 2095 136 44 hvilka,

204 2152 12 35 i
246 2152 117 35 likhet
392 2153 94 34 med:
500 2154 273 34 reservanterna
801 2150 13 35 i
833 2149 235 37 förevarande
1088 2149 102 48 fråga
1209 2150 95 35 inom
1331 2152 98 33 1903
1452 2152 56 33 års
1529 2148 275 36 konstitutions-

203 2207 150 44 utskott,
378 2209 128 41 ansett,
531 2208 52 33 att
605 2208 135 33 statens
763 2205 115 35 fördel
899 2204 13 35 i
934 2207 79 33 vårt
1028 2203 96 45 land,
1146 2204 131 35 liksom
1297 2203 13 35 i
1331 2205 44 34 de
1394 2204 103 35 flesta
1516 2203 67 35 och
1599 2205 91 33 mest
1704 2203 99 47 bety-

205 2261 116 34 dande
350 2259 311 36 konstitutionella
683 2260 125 34 länder
823 2259 12 34 i
851 2259 154 46 Europa,
1031 2259 129 34 varder
1178 2258 82 35 bäst
1274 2257 240 47 tillgodosedd
1529 2269 129 35 genom
1674 2259 130 33 största
