1923 2844
266 185 41 30 52
635 184 284 31 Statsutskottets
940 184 178 30 utlåtande
1137 193 41 20 nr
1197 184 19 29 5
1234 183 39 30 år
1293 182 83 30 1967

311 267 71 30 dels
405 267 57 30 det
485 267 119 40 stycke
626 267 11 30 i
659 267 189 29 utskottets
869 265 164 41 yttrande
1054 266 45 40 på
1122 275 25 20 s.
1173 265 48 35 11,
1247 273 76 21 som
1344 263 119 40 börjar
1486 262 79 30 med
1590 261 160 31 »Utskot-

269 322 47 28 tet
335 329 119 21 anser»
477 320 64 30 och
561 320 109 30 slutar
690 320 79 30 med
790 320 83 30 »här
892 320 165 34 berörts»,
1078 319 78 30 bort
1175 319 148 30 ersättas
1342 317 81 30 med
1440 318 72 29 text
1531 325 43 21 av
1593 314 157 40 följande

269 375 143 40 lydelse:

314 429 195 30 »Utskottet
528 439 53 21 ser
600 430 10 29 i
629 429 109 29 likhet
757 429 79 30 med
854 429 261 29 motionärerna
1133 426 370 40 familjedaghemmen
1522 434 76 20 som
1615 433 43 20 en
1676 423 73 30 vik-

268 483 48 40 tig
335 484 54 29 del
408 493 42 20 av
468 484 66 29 den
554 483 244 40 organiserade
817 483 264 39 barntillsynen.
1102 482 64 29 Det
1186 480 237 40 föreliggande
1441 479 146 30 behovet
1607 488 42 20 av
1669 478 80 39 dag-

267 538 230 39 hemsplatser
518 538 37 29 är
577 537 138 40 mycket
736 536 228 31 omfattande.
985 537 67 29 För
1074 538 49 28 att
1144 536 57 30 det
1223 535 88 30 skall
1333 535 122 29 kunna
1475 532 274 31 tillfredsställas

267 591 103 30 krävs
398 601 42 20 en
469 591 130 40 kraftig
627 591 206 40 utvidgning
861 600 42 21 av
930 588 468 41 barnstugeverksamheten.
1428 588 181 39 Därjämte
1638 586 111 30 måste

267 656 83 20 man
364 646 192 30 emellertid
571 646 11 29 i
599 646 94 29 ännu
711 646 109 30 större
835 644 246 40 utsträckning
1097 645 44 29 än
1156 644 125 30 hittills
1297 642 158 41 utnyttja
1470 643 42 29 de
1527 641 221 40 möjligheter

267 709 76 21 som
359 700 370 40 familjedaghemmen
746 707 68 32 ger.
831 699 175 30 Utskottet
1025 698 115 30 finner
1159 698 57 30 det
1241 698 3 29 i
1263 697 288 39 sammanhanget
1569 696 180 39 angeläget

266 754 147 30 hänvisa
433 754 52 30 till
515 754 4 30 i
540 754 220 30 motionerna
781 753 196 29 refererade
998 752 304 39 undersökningar
1326 760 75 21 som
1424 751 100 34 visar,
1549 752 50 28 att
1622 750 127 39 många

268 809 153 39 familjer
437 818 100 21 anser
553 810 50 28 att
618 808 288 40 familjedaghem
921 808 37 29 är
974 809 48 28 ett
1037 807 72 29 lika
1123 808 72 38 gott
1210 806 185 30 alternativ
1411 814 74 21 som
1502 804 148 40 daghem
1666 804 82 30 eller

266 863 111 28 bättre
397 864 44 27 än
459 863 101 28 dessa
578 862 54 29 för
652 872 42 19 en
713 862 54 29 del
786 862 97 29 barn.
902 860 383 39 Familjedaghemmen
1303 860 71 29 kan
1392 869 84 20 vara
1495 861 50 28 att
1565 858 183 39 föredraga

264 916 148 30 framför
428 916 109 30 andra
551 915 272 40 tillsynsformer
838 915 63 29 när
916 914 56 30 det
986 914 60 30 rör
1060 914 51 39 sig
1125 922 56 21 om
1196 913 355 39 infektionskänsliga
1564 913 88 29 barn
1666 913 82 28 eller

266 978 56 20 om
343 969 87 29 barn
450 969 79 29 med
550 969 151 39 lindriga
721 968 243 40 förkylningar
987 976 75 21 som
1083 967 44 40 på
1149 967 114 39 grund
1284 976 42 20 av
1348 966 232 29 smittorisker
1602 965 71 29 inte
1694 967 54 27 tas

266 1025 91 27 emot
375 1023 44 39 på
437 1022 241 40 daghemmen.
699 1022 159 39 Speciellt
876 1021 105 30 värde
1001 1021 110 29 måste
1130 1020 370 40 familjedaghemmen
1518 1019 47 30 ha
1583 1019 54 30 för
1655 1019 94 29 vissa

264 1077 187 29 hämmade
472 1076 88 29 barn
581 1076 65 29 och
669 1076 53 29 för
743 1075 87 30 barn
852 1076 53 29 till
927 1074 183 35 föräldrar,
1133 1075 112 29 vilkas
1268 1073 205 31 arbetstider
1495 1073 72 30 inte
1590 1073 158 30 överens-

266 1131 166 29 stämmer
449 1131 79 29 med
545 1130 250 39 daghemmens
813 1129 267 40 öppethållande
1098 1130 90 28 samt
1207 1128 54 30 för
1278 1128 88 30 barn
1384 1137 75 20 som
1476 1127 61 30 bor
1556 1127 95 39 långt
1669 1126 80 30 från

265 1184 158 39 daghem.
449 1184 125 30 Vidare
599 1184 95 29 finns
719 1184 57 29 det
801 1183 188 39 anledning
1012 1182 314 39 uppmärksamma
1351 1183 49 28 att
1426 1181 287 39 familjedaghem
1737 1180 12 30 i

265 1240 92 27 orter
373 1248 75 19 som
464 1238 127 29 saknar
607 1238 169 38 underlag
792 1237 53 29 för
861 1236 148 39 daghem
1024 1236 72 30 kan
1108 1245 84 22 vara
1207 1236 66 29 den
1288 1236 89 29 enda
1392 1236 182 38 lösningen
1590 1245 43 20 av
1646 1235 102 30 barn-

265 1292 275 40 tillsynsfrågan.

308 1346 176 29 Utskottet
500 1346 94 29 delar
611 1345 278 29 motionärernas
905 1344 227 39 uppfattning
1148 1345 50 29 att
1215 1343 124 40 frågan
1354 1353 57 20 om
1428 1342 320 40 familjedaghems-

264 1398 268 30 verksamheten
553 1399 36 29 är
610 1398 37 30 så
665 1398 110 39 viktig
795 1399 49 28 att
863 1397 114 30 beslut
996 1406 48 20 nu
1063 1397 62 30 bör
1145 1397 107 29 fattas
1272 1406 57 20 om
1349 1397 210 39 statsbidrag
1577 1397 54 29 till
1650 1396 98 30 kom-

265 1461 171 21 munerna
464 1452 54 30 för
545 1451 267 40 ifrågavarande
840 1450 232 30 verksamhet.
1101 1450 68 30 För
1196 1450 95 30 detta
1319 1450 164 30 ändamål
1509 1450 62 30 bör
1598 1468 45 3 —
1669 1450 80 30 med

265 1506 263 39 utgångspunkt
552 1505 79 30 från
654 1507 50 28 att
727 1504 237 30 kostnaderna
987 1504 53 30 för
1062 1504 158 39 bidraget
1243 1504 135 39 uppgår
1400 1504 54 30 till
1477 1514 39 20 ca
1541 1504 38 30 25
1605 1506 143 38 procent

262 1571 42 20 av
318 1562 276 28 kommunernas
609 1559 309 31 bruttokostnader
932 1577 46 3 -—
991 1559 139 30 anvisas
1147 1560 47 28 ett
1210 1559 273 39 förslagsanslag
1499 1569 42 19 av
1556 1559 18 29 6
1592 1558 88 40 milj.
1695 1560 53 28 kr.

261 1615 111 29 under
395 1615 106 29 femte
524 1613 234 31 huvudtiteln.
783 1613 125 40 Kungl.
933 1612 106 40 Maj:t
1061 1613 63 29 bör
1148 1613 80 29 med
1251 1612 195 30 beaktande
1471 1622 42 20 av
1535 1613 67 29 vad
1624 1613 125 30 motio-

260 1670 150 29 närerna
431 1668 116 30 anfört
569 1668 174 30 fastställa
763 1666 237 40 provisoriska
1019 1666 263 40 bidragsregler.
1303 1666 176 30 Utskottet
1501 1666 95 30 delar
1616 1666 132 40 jämväl

261 1723 278 29 motionärernas
563 1722 226 39 uppfattning
814 1731 57 19 om
894 1721 296 39 angelägenheten
1214 1730 42 20 av
1280 1722 50 28 att
1354 1720 131 40 förslag
1508 1721 52 29 till
1586 1730 42 19 en
1652 1730 97 20 mera

263 1776 161 30 definitiv
453 1776 138 39 lösning
622 1785 42 20 av
693 1774 229 31 förevarande
953 1774 100 40 fråga
1083 1774 38 30 så
1152 1776 97 28 snart
1280 1783 75 21 som
1386 1773 137 40 möjligt
1556 1773 192 41 förelägges

264 1829 216 38 riksdagen.»

309 1883 72 29 dels
397 1882 65 29 ock
478 1882 170 29 utskottet
666 1882 110 29 under
795 1881 56 29 III.
868 1881 77 29 bort
961 1881 186 29 hemställa

618 1945 14 18 »
639 1935 56 29 III.
721 1936 50 28 att
795 1934 189 39 riksdagen
1008 1934 58 30 må
1090 1934 80 30 med
1193 1934 100 30 bifall
1317 1935 53 29 till
1395 1934 219 30 motionerna
1640 1933 29 30 1:
1685 1933 63 31 204

574 1988 65 30 och
656 1988 44 30 II:
717 1988 72 35 260,
809 1988 102 29 såvitt
929 1997 46 20 nu
994 1988 37 29 är
1047 1988 11 29 i
1075 1988 107 38 fråga,

617 2042 36 33 a)
682 2042 137 29 besluta
843 2051 57 20 om
925 2041 211 40 statsbidrag
1158 2041 53 30 till
1237 2051 42 20 av
1302 2041 258 31 kommunerna
1583 2042 165 31 bedriven

572 2094 532 41 familjedaghemsverksamhet
1133 2095 65 30 och
1225 2095 53 30 till
1308 2095 128 40 Bidrag
1466 2096 51 29 till
1547 2096 130 40 driften
1706 2106 42 20 av

568 2150 287 40 familjedaghem
883 2149 54 30 för
962 2149 204 40 budgetåret
1195 2149 141 33 1967/68
1363 2150 121 30 anvisa
1509 2152 48 28 ett
1584 2150 164 40 förslags-

569 2205 121 39 anslag
710 2213 43 21 av
771 2203 18 30 6
804 2203 63 30 000
882 2203 62 30 000
964 2203 62 35 kr.,

616 2257 38 33 b)
684 2257 11 29 i
722 2256 166 30 skrivelse
914 2256 53 30 till
996 2256 125 39 Kungl.
1149 2256 106 39 Maj:t
1283 2256 141 31 anhålla
1451 2266 57 21 om
1537 2257 131 40 förslag
1694 2257 53 30 till

568 2312 162 29 definitiv
754 2310 220 40 utformning
998 2321 43 20 av
1065 2311 56 29 det
1148 2311 138 39 statliga
1312 2311 112 30 stödet
1450 2311 52 30 till
1528 2311 219 41 familjedag-

569 2365 407 34 hemsverksamheten;»

307 2472 35 32 3)
372 2472 58 29 vid
458 2472 158 39 punkten
646 2472 38 29 51
722 2471 144 39 (Bidrag
894 2471 54 29 till
977 2470 131 30 driften
1138 2481 42 19 av
1209 2471 310 34 folktandvården)
1555 2481 42 20 av
1625 2471 121 30 herrar

258 2526 149 40 Kaijser,
434 2526 66 30 Per
526 2525 201 37 Jacobsson,
754 2525 175 37 Edström,
956 2524 189 38 Akerlund,
1172 2524 171 30 Nils-Eric
1370 2525 217 40 Gustafsson,
1614 2525 133 30 Harald
