2130 2653
689 210 357 41 Bevillningsutskottets
1069 211 214 33 Betänkande
1305 211 63 34 N:o
1392 216 24 28 1.
1764 214 40 32 69

252 290 102 37 viset
398 290 179 50 skyldige
610 290 59 37 för
703 290 105 37 detta
840 291 230 49 påståendes
1099 291 198 49 rigtighet,
1327 298 56 31 att
1411 294 162 36 orsaken
1602 294 59 36 till
1689 294 73 37 den
1792 294 57 37 för

253 343 238 36 närvarande
520 343 69 36 här
617 343 168 36 rådande
815 343 202 49 betryckta
1046 344 235 49 ställningen
1312 345 121 37 skulle
1452 359 90 24 vara
1563 346 152 37 felande
1736 347 113 37 tullar

254 395 10 36 i
294 395 210 49 synnerhet
533 398 20 33 å
581 395 452 50 landtbruksprodukter,
1055 397 196 36 äfvensom
1280 403 55 31 att
1363 398 48 36 de
1431 398 250 37 ekonomiska
1703 400 146 49 svårig-

252 447 160 36 heterna
453 447 122 36 skulle
617 448 245 48 väsentligen
903 448 242 45 förminskas,
1188 461 58 23 om
1291 450 165 36 svenska
1498 451 140 36 folkets
1677 452 170 45 arbeten,

252 512 104 23 mera
397 504 47 31 än
488 513 80 23 som
610 513 51 22 nu
695 499 99 48 sker,
825 500 170 48 rigtades
1024 504 49 46 på
1101 501 251 49 tillverkning
1379 501 59 37 för
1466 502 177 37 inhemsk
1674 503 174 37 förbruk-

254 551 105 49 ning,
405 564 87 24 men
526 552 47 36 då
606 552 164 36 orsaken
804 552 57 36 till
892 552 202 50 betrycket
1121 553 304 49 uppenbarligen
1455 554 128 49 ligger
1610 555 12 36 i
1651 555 59 37 för
1739 556 109 48 långt

251 604 192 36 utsträckt
484 604 290 48 skuldsättning
811 605 70 35 och
924 605 11 35 i
977 605 230 49 produktion
1251 606 149 36 utöfver
1441 606 181 38 bebofvet
1655 607 12 36 i
1703 608 145 36 verlds-

251 656 235 36 marknaden
528 656 101 36 inom
673 656 45 36 de
760 656 108 37 festa
911 663 101 30 arter
1052 657 42 36 af
1129 657 210 49 menskligt
1368 658 141 48 arbete,
1549 662 42 34 så
1624 662 120 34 måste
1773 660 74 36 för-

252 708 188 36 svårande
483 708 40 36 af
551 707 175 38 vilkoren
758 708 59 36 för
846 712 66 33 vår
941 716 135 43 export
1106 709 238 50 nödvändigt
1373 710 185 38 försämra
1587 714 89 34 våra
1706 713 142 36 ekono-

252 760 124 37 miska
418 760 282 46 förhållanden;
743 761 70 36 och
856 775 60 22 om
958 768 129 42 någon
1121 762 177 36 afsevärd
1331 762 61 37 del
1420 763 42 36 af
1486 764 45 36 de
1561 764 285 47 arbetskrafter,

251 826 80 22 som
362 826 50 22 nu
443 813 248 47 sysselsättas
720 813 58 36 för
805 813 150 36 landets
985 819 145 44 export,
1161 814 123 36 skulle
1319 814 158 49 öfvergå
1511 815 59 36 till
1604 816 157 36 arbeten
1789 816 59 36 för

249 864 152 37 landets
443 877 97 36 egen
586 864 266 49 förbrukning,
896 869 40 33 så
970 865 126 37 blefve
1125 865 289 50 otvifvelaktigt
1442 867 150 37 landets
1622 868 225 49 obetydliga

251 916 186 37 marknad
478 916 59 37 för
580 919 105 34 dessa
728 930 110 24 varor
872 924 106 30 snart
1006 918 192 48 öfverfyld
1227 918 71 36 och
1326 918 201 50 betrycket
1556 925 121 32 större
1707 926 48 31 än
1784 920 64 36 det

250 982 49 22 nu
330 983 51 22 är.

379 1021 105 36 Enär
512 1021 387 36 verldsmarknadens
928 1021 79 49 pris
1036 1021 85 37 icke
1151 1022 195 36 märkbart
1374 1023 75 36 kan
1478 1022 155 38 beröras
1654 1023 115 48 deraf,
1792 1029 54 30 att

251 1078 55 30 ett
334 1072 85 37 litet
446 1073 89 36 land
564 1073 135 36 sådant
728 1086 80 23 som
836 1072 163 50 Sverige
1028 1074 120 48 köper
1176 1087 103 23 mera
1310 1073 92 37 eller
1431 1074 147 37 mindre
1602 1076 42 35 af
1668 1089 46 22 en
1743 1089 102 32 vara,

250 1137 117 36 synes
402 1124 81 49 mig
520 1125 228 48 uppenbart,
791 1130 55 31 att
886 1125 235 50 tullafgiften
1163 1129 49 45 på
1253 1139 117 23 varan
1404 1126 11 36 i
1444 1126 208 38 allmänhet
1680 1127 168 49 förhöjer

250 1189 139 23 varans
432 1177 79 48 pris
554 1177 68 36 här
663 1177 86 36 med
792 1177 180 49 beloppet
1009 1177 41 36 af
1085 1177 125 37 denna
1251 1178 124 48 afgift,
1410 1179 151 36 utöfver
1590 1179 62 37 det
1681 1179 79 49 pris
1789 1179 59 36 för

249 1229 140 49 dagen,
419 1228 156 37 hvartill
605 1242 117 23 varan
747 1235 89 30 utan
867 1229 185 49 tullafgift
1082 1230 122 36 skulle
1233 1230 149 36 kunnat
1401 1230 144 37 införas
1567 1232 71 36 och
1657 1231 188 49 försäljas,

250 1281 132 36 såvida
411 1281 32 48 ej
471 1281 283 48 myckenheten
784 1282 40 35 af
848 1282 64 36 det
939 1282 256 48 importerade
1225 1287 41 31 är
1286 1282 199 49 obetydlig
1503 1284 11 35 i
1532 1283 237 37 förhållande
1789 1283 58 37 till

250 1332 302 49 tillverkningen
583 1333 102 36 inom
715 1333 129 37 landet
873 1334 41 35 af
939 1347 146 23 samma
1120 1347 99 23 vara.
1276 1334 134 36 Denna
1440 1334 305 50 prisförhöjning
1773 1336 74 35 till-

252 1385 173 36 kommer
466 1386 72 35 den
572 1385 201 37 inhemske
809 1386 262 49 producenten
1100 1386 41 36 af
1165 1399 117 23 varan
1311 1389 124 34 såsom
1465 1400 47 23 en
1541 1387 116 46 vinst,
1686 1387 161 37 hvilken

252 1440 120 33 måste
414 1437 43 36 af
492 1437 72 36 den
607 1437 201 37 inhemske
836 1438 251 36 förbrukaren
1117 1438 156 48 betalas,
1305 1439 139 36 hvaraf
1467 1439 110 48 följer
1605 1445 56 31 att
1689 1439 157 37 alldeles

251 1502 146 23 samma
438 1503 160 34 summa,
640 1503 80 23 som
756 1490 41 36 af
821 1490 247 36 tillverkaren
1096 1490 12 36 i
1137 1490 94 49 följd
1260 1490 42 36 af
1324 1491 118 36 tullen
1472 1491 197 49 förtjenas,
1699 1492 72 36 blir
1799 1505 47 23 en

251 1541 137 36 förlust
417 1541 59 36 för
504 1541 184 50 köparen;
720 1543 70 35 och
820 1542 48 36 då
896 1542 96 36 båda
1022 1543 123 36 finnas
1169 1542 102 37 inom
1302 1543 141 47 landet,
1473 1544 100 36 lärer
1602 1544 149 36 landets
1780 1544 67 36 all-

250 1598 140 31 männa
431 1594 251 36 ekonomiska
724 1594 185 47 ställning
950 1607 139 35 genom
1124 1607 47 23 en
1205 1594 117 36 sådan
1357 1594 293 51 öfverflyttning
1678 1596 42 36 af
1743 1596 104 36 vinst

248 1645 73 36 och
351 1645 135 36 förlust
514 1645 83 37 icke
627 1646 129 36 kunna
786 1646 217 37 förbättras.

381 1697 436 49 Skyddstullsystemets
847 1698 221 49 anhängare
1093 1698 198 36 frarnhålla
1316 1702 125 33 såsom
1472 1699 66 36 sitt
1566 1699 74 36 mål
1672 1705 56 30 att
1760 1699 87 37 med

250 1748 295 37 införselstullar
570 1750 151 48 skydda
743 1751 74 35 alla
837 1750 183 48 näringar
1039 1750 88 48 lika,
1143 1763 86 23 men
1246 1750 104 36 detta
1367 1751 74 36 mål
1459 1751 75 36 kan
1555 1751 124 48 aldrig
1693 1751 152 48 vinnas,

250 1806 92 31 enär
371 1800 175 50 omöjligt
575 1807 40 31 är
645 1807 55 31 att
728 1802 87 36 med
838 1802 144 36 visshet
1002 1802 169 37 beräkna
1191 1806 99 32 rätta
1306 1802 180 50 beloppet
1501 1802 42 37 af
1554 1803 64 36 det
1633 1803 212 49 tullskydd,

249 1865 80 23 som
356 1853 69 36 bör
453 1853 58 36 för
540 1853 73 36 den
639 1866 71 23 ena
740 1854 91 36 eller
860 1854 117 36 andra
1006 1853 187 49 näringen
1223 1854 171 45 beredas,
1425 1857 41 33 så
1486 1861 55 30 att
1557 1855 72 36 den
1648 1855 197 49 skyddade

250 1905 189 48 näringen
469 1905 56 36 får
555 1918 45 23 en
629 1906 137 36 rättvis
791 1906 218 48 ersättning
1032 1906 59 36 för
1118 1906 101 36 liden
1249 1906 137 37 förlust
1413 1920 139 35 genom
1573 1907 126 49 skydd
1720 1907 59 37 för
1799 1921 47 23 en

250 1969 124 23 annan
406 1957 149 48 näring.
598 1957 113 37 Detta
740 1957 237 37 förhållande
1002 1957 187 37 erkännes
1212 1958 70 36 ock
1300 1958 42 36 af
1358 1958 487 49 skyddstulls-sträfvarne,

250 2021 87 23 men
367 2008 47 37 de
443 2009 186 45 förmena,
659 2015 56 31 att
744 2010 64 36 det
832 2010 175 36 enskilda
1036 2010 181 36 intresset
1239 2013 120 33 måste
1380 2011 89 35 vika
1489 2010 59 37 för
1564 2010 73 37 den
1653 2011 192 37 allmänna

250 2066 138 43 nyttan
432 2061 41 36 af
511 2061 65 36 det
616 2075 77 35 nya
736 2067 205 43 systemets
977 2062 199 36 införande
1206 2062 70 37 och
1305 2067 56 31 att
1387 2062 204 37 framdeles
1620 2063 68 36 bör
1716 2064 129 36 kunna

251 2113 68 36 ske
360 2114 156 36 rättelse
558 2114 10 35 i
611 2113 102 37 hvad
746 2114 41 36 af
816 2114 168 50 skyddet
1013 2127 50 22 nu
1093 2115 32 48 ej
1157 2114 73 37 kan
1260 2114 87 36 fullt
1375 2115 153 36 rättvist
1557 2115 176 37 fördelas.
1788 2116 58 36 Då

245 2165 71 49 jag
345 2165 130 48 likväl,
493 2168 47 46 på
569 2165 115 37 ofvan
713 2166 157 49 angifna
900 2167 95 47 skäl,
1012 2166 84 37 icke
1126 2166 74 36 kan
1230 2166 83 37 inse
1342 2170 127 45 någon
1499 2167 140 37 allmän
1669 2173 110 43 nytta
1807 2167 42 37 af

252 2224 205 41 systemets
500 2217 211 49 införande,
756 2219 71 35 och
869 2219 46 36 då
949 2218 121 36 under
1102 2218 393 49 öfverläggningarne
1524 2219 104 36 inom
1657 2220 188 36 utskottet

251 2269 59 36 för
339 2270 78 47 mig
446 2269 125 37 blifvit
594 2269 154 50 tydligt,
777 2276 56 30 att
857 2270 179 49 beloppet
1057 2270 41 36 af
1108 2270 209 49 föreslaget
1335 2270 197 49 tullskydd
1558 2271 11 35 i
1590 2272 46 36 de
1655 2272 109 36 flesta
1780 2271 65 36 fall

251 2321 127 36 blifvit
407 2322 201 48 bestämdt,
640 2322 84 37 icke
754 2322 96 37 efter
878 2322 280 49 allmängiltiga
1186 2322 181 49 grunder,
1396 2328 92 30 utan
1509 2323 95 36 efter
1624 2323 221 50 personliga

250 2373 155 49 tycken,
435 2377 42 33 så
502 2374 70 36 och
602 2379 92 31 enär
722 2375 180 48 ostridigt
931 2380 51 42 är,
1013 2380 56 30 att
1098 2374 196 49 åtskilliga
1318 2374 85 37 icke
1428 2375 239 49 oväsentliga
1683 2376 162 36 fabriks-
