2123 2653
676 202 359 42 Bevillningsulskoltets
1058 203 209 32 Betänkande
1290 204 61 32 N:o
1375 205 27 29 I.
1752 203 37 31 13

372 282 73 38 Vid
479 283 221 50 jemförelse
737 283 85 37 med
856 296 92 36 nyss
978 283 169 48 anförda,
1177 282 81 38 från
1294 283 172 37 utlandet
1501 283 177 38 hemtade
1709 282 124 38 siffror

243 336 71 36 och
339 336 97 36 efter
465 336 285 49 öfvervägande
779 336 42 36 af
844 336 124 50 öfriga
997 336 228 37 hithörande
1254 336 263 37 förhållanden
1545 336 69 37 har
1633 336 200 48 utskottet,

244 401 81 24 som
358 393 94 32 trott
480 389 46 36 de
555 388 168 37 svenska
751 388 247 37 tullsatserna
1029 391 19 34 å
1077 388 292 49 ifrågavarande
1398 388 158 37 artiklar
1584 388 91 38 böra
1700 389 134 36 åtmin-

244 446 108 31 stone
380 441 12 36 1
420 444 129 45 någon
578 443 86 34 mån
693 445 131 31 närma
853 440 61 50 sig
941 441 46 36 de
1016 440 9 36 i
1055 441 174 36 utlandet
1246 441 227 48 vanligaste,
1490 441 127 36 funnit
1634 440 199 37 tullsatsen

243 495 20 34 å
292 493 148 36 omalen
472 492 185 51 spanmål,
687 493 73 36 alla
789 493 94 48 slag,
914 499 105 30 utom
1048 493 107 37 hafre
1184 493 70 37 och
1284 492 141 49 vicker,
1453 493 223 50 lämpligast
1704 493 129 36 kunna

242 545 232 37 bestämmas
502 545 58 37 till
590 545 64 36 det
682 545 42 36 af
747 545 281 36 motionärerna
1057 545 58 37 för
1143 545 46 36 de
1218 545 108 37 flesta
1357 545 84 49 slag
1470 545 42 37 af
1535 545 104 50 dylik
1663 558 89 24 vara
1771 559 62 36 yr-

243 597 97 37 kade
369 598 151 49 belopp,
552 598 91 36 eller
672 600 20 34 2
721 599 141 35 kronor
891 598 57 36 för
980 599 70 35 100
1075 597 223 49 kilogram”.

371 650 189 37 Införseln
591 650 42 36 af
656 651 95 48 majs
779 649 178 50 utgjorde
985 649 121 37 under
1135 652 88 34 åren
1255 651 250 35 1876—1879
1527 649 12 36 i
1560 650 115 48 årligt
1691 649 141 37 medel-

243 702 53 36 tal
339 702 180 48 omkring
560 703 204 47 4,886,000
807 702 186 49 kilogram
1038 702 69 37 och
1141 702 170 49 uppgick
1342 705 39 33 år
1415 704 95 35 1880
1540 702 98 36 ända
1667 701 58 37 till
1755 716 76 22 om-

242 754 115 49 kring
398 756 230 48 40,000,000
669 754 201 50 kilogram,
912 759 98 32 samt
1051 754 68 37 har
1156 754 215 37 sedermera
1400 754 161 49 fortgått
1589 757 48 47 på
1666 754 166 50 följande

243 811 92 32 sätt:

345 850 54 46 År
430 860 94 36 1881
602 892 38 4 ooo
672 894 142 2 ones
868 891 40 5 ana
931 890 270 6 senssnsinrnssnenn
1220 891 131 5 nn
1412 862 200 46 1,870,762
1643 860 187 48 kilogram

358 913 166 46 NE:
973 914 639 46 SE
1720 941 21 18 En

359 992 20 19 0
427 966 95 34 1888
638 996 2 4 er
707 996 61 5 sne
814 995 515 6 srnssnsrsnnannsnssnsnsnnnnnn
1343 950 26 67 0
1411 966 201 46 5,809,285

359 1045 21 18 3
427 1017 97 35 1884A
628 1048 61 5 sne
872 1048 26 5 s
918 1048 97 6 sas
1047 1048 14 5 sens
1117 1047 212 6 snenannsnnnnn
1388 1018 223 47 114T1,548

359 1097 21 18 >
427 1069 95 36 1885
564 1100 248 5 ones
844 1099 15 6 pi
879 1100 144 5 snuset
1055 1100 156 5 ycorurerv
1233 1055 129 66 sagan
1384 1070 227 46 28,020,156
1654 1055 17 66 —

372 1172 56 36 Då
474 1174 96 35 1880
612 1175 61 34 års
711 1173 173 49 Riksdag
924 1173 136 45 beslöt,
1106 1179 55 31 att
1203 1173 69 37 tull
1301 1172 123 38 skulle
1455 1176 143 34 åsättas
1628 1173 108 48 majs,
1766 1186 68 24 var

244 1224 165 37 orsaken
440 1224 127 37 dertill
596 1225 85 49 den,
712 1231 55 31 att
797 1239 86 23 man
911 1225 90 37 ville
1030 1225 213 50 förebygga
1272 1231 56 31 att
1355 1225 107 37 detta
1482 1225 207 37 utländska
1704 1226 129 36 sädes-

244 1277 85 48 slag
358 1276 125 37 skulle
513 1277 61 37 vid
606 1277 379 49 bränvinsbränning
1013 1277 100 37 inom
1145 1278 129 37 landet
1303 1282 179 45 uttränga
1511 1278 270 36 användandet
1797 1278 42 36 af

243 1329 204 36 inhemska
474 1329 429 50 jordbruksprodukter,
933 1330 272 37 företrädesvis
1233 1336 163 44 potates.

372 1381 17 35 I
430 1381 179 38 afseende
651 1382 92 37 härå
784 1383 56 36 får
880 1382 187 37 utskottet
1109 1382 161 48 anmäla,
1313 1388 56 31 att
1400 1381 58 37 till
1487 1382 88 36 dess
1604 1381 229 38 ordförande

243 1432 212 37 ankommit
496 1433 83 37 från
620 1434 88 37 herr
736 1435 208 36 statsrådet
972 1434 71 37 och
1072 1434 135 37 chefen
1236 1435 58 36 för
1321 1434 432 50 finansdepartementet
1786 1447 46 23 en

244 1484 218 50 skrifvelse,
492 1486 86 36 med
606 1486 386 49 tillkännagifvande,
1021 1491 56 32 att
1104 1487 148 49 förslag
1280 1501 60 22 om
1369 1486 139 37 förbud
1537 1495 79 28 mot
1632 1485 201 38 bränvins-

243 1537 193 50 bränning
477 1540 20 34 å
539 1539 96 48 majs
676 1539 151 36 komme
870 1544 56 32 att
968 1538 221 51 föreläggas
1218 1539 140 49 Kongl.
1393 1539 118 47 Maj:t,
1543 1539 58 36 för
1630 1543 55 32 att
1714 1539 120 36 under

243 1588 127 37 vilkor
411 1589 41 36 af
489 1590 134 50 nådigt
662 1591 284 49 godkännande
986 1604 140 36 genom
1171 1591 238 50 proposition
1441 1590 257 37 underställas
1727 1590 107 37 inne-

243 1640 168 38 varande
442 1644 59 35 års
529 1642 184 50 Riksdag.

374 1693 71 37 Om
486 1694 64 37 det
578 1699 47 32 än
655 1695 95 36 låter
778 1696 117 36 tänka
923 1695 72 50 sig,
1025 1701 55 31 att
1109 1701 55 31 ett
1192 1695 136 37 sådant
1351 1695 150 48 förbud,
1533 1695 84 36 med
1647 1694 188 49 tillbörlig

247 1746 278 48 noggrannhet
552 1747 263 48 öfvervakadt,
846 1747 123 38 skulle
997 1748 130 36 kunna
1155 1747 85 37 med
1257 1748 151 49 hänsyn
1423 1747 58 36 till
1496 1746 339 51 potatesodlingen

245 1797 85 37 visa
372 1797 62 48 sig
476 1799 206 49 verksamt,
718 1800 56 36 får
802 1813 88 23 man
919 1799 96 37 dock
1045 1800 85 36 icke
1159 1800 126 37 lemna
1313 1804 92 32 utan
1434 1799 192 47 afseende,
1655 1804 56 31 att
1740 1800 94 48 majs

242 1849 104 37 inom
388 1849 131 38 landet
561 1851 127 37 funnit
716 1851 252 50 användning
996 1852 113 37 äfven
1138 1855 47 46 på
1214 1852 117 37 andra
1359 1852 179 36 områden
1566 1851 13 36 i
1602 1851 117 37 täflan
1749 1852 83 36 med

244 1902 72 36 den
360 1902 203 38 inhemska
592 1904 239 50 spanmålen;
866 1904 70 37 och
966 1918 112 23 anser
1105 1904 189 37 utskottet
1322 1904 127 37 derför
1477 1904 135 49 nödigt
1640 1909 67 42 att,
1738 1904 97 36 huru

243 1958 48 32 än
333 1954 185 50 förslaget
561 1969 61 23 om
663 1956 138 37 förbud
843 1961 57 32 att
942 1957 174 36 använda
1145 1957 96 48 majs
1271 1957 62 36 vid
1363 1955 383 49 bränvinsbränning
1775 1959 61 34 må

243 2005 154 37 komma
426 2012 56 32 att
511 2007 144 48 utfalla,
685 2009 204 36 hemställa
917 2022 60 24 om
1003 2022 47 23 en
1075 2009 71 36 tull
1175 2012 20 33 å
1224 2009 150 37 omalen
1403 2009 97 48 majs
1521 2008 59 36 till
1598 2008 78 36 lika
1692 2008 142 50 belopp

243 2071 81 23 som
367 2058 58 37 för
466 2059 49 37 all
558 2073 126 24 annan
726 2060 181 37 utländsk
951 2061 151 37 omalen
1128 2062 183 49 spanmål.
1367 2061 139 36 Härtill
1534 2060 215 37 föranledes
1777 2066 58 31 ut-

243 2110 143 37 skottet
414 2111 114 37 äfven
557 2112 42 37 af
622 2112 75 37 den
726 2112 348 49 omständigheten,
1105 2119 55 31 att
1188 2113 90 49 mjöl
1308 2114 41 36 af
1374 2114 107 48 majs,
1512 2126 79 23 som
1622 2113 78 36 ofta
1727 2113 108 36 blan-

243 2162 67 37 das
346 2163 87 37 med
467 2169 116 32 annat
612 2165 100 49 mjöl,
742 2164 256 51 ovilkorligen
1028 2168 120 34 måste
1174 2166 87 36 med
1289 2165 70 37 tull
1388 2165 185 49 beläggas
1601 2164 13 36 i
1643 2178 191 24 samman-

243 2215 104 49 hang
375 2216 85 37 med
490 2217 216 37 åsättandet
735 2217 41 37 af
799 2217 69 37 tull
897 2220 20 34 å
945 2218 92 48 mjöl
1068 2217 41 37 af
1133 2217 124 50 öfriga
1286 2218 310 49 spanmålsarter.

370 2267 54 38 På
451 2268 127 49 grund
607 2269 41 36 af
671 2270 100 36 hvad
800 2283 50 23 nu
881 2269 153 38 anfördt
1062 2269 127 37 blifvit
1217 2270 70 36 och
1318 2271 84 36 med
1431 2268 246 38 vidhållande
1707 2268 42 37 af
1764 2268 71 37 sitt

243 2318 154 37 förlidet
439 2323 40 33 år
512 2320 145 37 fattade
686 2321 126 37 beslut
840 2322 56 36 får
936 2322 201 47 utskottet,
1167 2322 227 37 anslutande
1423 2322 62 48 sig
1513 2321 57 36 till
1599 2322 88 35 herr
1713 2320 122 37 Elias-

243 2384 89 23 sons
361 2372 212 49 yrkanden,
604 2373 213 49 hemställa,
