2113 2655
679 173 360 42 Bevillningsutskollets
1063 176 210 33 Betänkande
1295 176 67 34 N:o
1386 180 25 29 1.
1756 181 41 30 25

374 268 198 36 Utförseln
601 269 168 49 uppgick
800 270 192 49 samtidigt
1026 271 73 36 till:

245 346 55 45 År
332 358 92 33 1881
752 390 16 4 nm
1279 392 96 4 NES
1468 363 136 45 23,064
1638 363 199 49 kilogram.

262 437 21 18 »
330 411 94 33 1882
672 442 16 2 -
1349 446 60 2 on
1470 417 134 42 66487

263 488 20 18 +»
332 463 93 33 1883
1151 496 48 2 -
1467 468 139 44 A3,734

263 541 20 18 »
331 515 134 33 1884...
1470 521 136 43 39,896
1648 497 24 73 —

262 592 21 19 »
331 567 133 33 1883.
1081 600 72 4 SA
1468 573 137 44 41,555
1712 600 21 18 -

373 667 58 37 Då
459 668 190 38 utskottet
677 669 101 37 förut
805 670 200 49 föreslagit
1034 671 199 37 införande
1262 672 42 36 af
1326 673 70 36 tull
1427 677 19 33 å
1476 675 71 36 alla
1568 675 85 49 slag
1674 677 40 36 af
1735 678 102 47 mjöl,

248 722 120 34 måste
407 721 187 36 utskottet
639 722 114 37 äfven
793 722 112 48 tillse,
938 729 55 30 att
1035 737 46 22 en
1118 725 271 36 motsvarande
1413 726 70 36 tull
1512 727 135 49 lägges
1683 732 20 33 å
1732 729 105 46 bröd,

246 775 49 46 på
323 772 64 36 det
416 778 56 31 att
499 773 84 36 icke
616 774 180 49 bagarne,
830 775 169 36 särdeles
1033 775 12 36 i
1077 777 338 48 gränsdistrikten,
1460 782 116 34 måtte
1608 781 150 37 komma
1784 788 55 30 att

248 823 75 37 lida
352 837 140 36 genom
523 838 47 23 en
600 827 125 48 ojemn
754 827 115 36 täflan
895 828 84 35 med
1008 828 203 36 utländske
1239 829 222 37 tillverkare
1495 831 42 36 af
1563 832 106 37 bröd.

377 877 112 37 Hvad
531 877 46 38 de
614 891 133 24 senare
789 879 132 49 slagen
965 879 41 38 af
1042 880 93 37 bröd
1170 884 130 46 angår,
1335 881 131 38 hvilka
1497 884 134 37 endast
1661 890 64 32 äro
1755 886 83 49 lyx-

249 929 168 48 artiklar,
462 932 40 34 så
543 930 131 37 kunna
716 932 110 36 dessa
866 932 118 36 redan
1018 932 42 37 af
1088 933 126 36 denna
1247 934 210 50 anledning
1491 936 119 49 draga
1639 951 47 23 en
1715 938 121 50 högre

242 981 81 36 tull.
381 982 56 36 Då
478 983 129 36 dertill
651 984 181 48 kommer,
872 991 55 29 att
968 985 63 36 vid
1060 985 253 49 tillverkning
1346 987 42 36 af
1416 988 131 36 sådant
1580 989 93 37 bröd
1703 993 135 35 socker

243 1033 112 49 ingår
384 1034 85 37 med
499 1036 156 48 mycket
685 1036 78 49 hög
790 1043 171 42 procent,
991 1037 156 37 hvilken
1177 1051 88 23 vara
1294 1039 140 48 drager
1462 1054 45 22 en
1538 1042 68 35 tull
1632 1043 42 35 af
1698 1045 46 34 33
1771 1049 65 31 öre

242 1099 69 35 per
351 1086 199 49 kilogram,
592 1088 123 36 finner
752 1088 62 49 sig
846 1089 191 36 utskottet
1066 1090 85 36 med
1181 1090 89 50 fullt
1295 1090 66 49 fog
1390 1092 91 36 böra
1510 1094 152 36 ansluta
1691 1095 61 46 sig
1779 1096 57 36 till

243 1138 48 36 de
321 1138 40 37 af
392 1139 88 36 herr
513 1139 267 38 Reuterswärd
815 1154 48 23 m.
898 1141 36 36 fl.
966 1142 68 36 och
1067 1141 87 37 herr
1182 1142 34 37 J.
1248 1132 141 47 Örwall
1416 1157 46 23 m.
1493 1145 36 36 fl.
1558 1146 137 48 gjorda
1723 1147 113 37 fram-

243 1190 242 49 ställningar,
515 1192 72 36 och
617 1192 56 36 får
701 1192 149 37 derföre
879 1193 212 49 hemställa,

772 1297 98 49 14:0)
901 1303 55 31 att
979 1298 120 37 tullen
1128 1301 20 34 å
1168 1299 110 36 bröd:
1308 1300 118 36 finare
1447 1300 191 48 småbröd,
1661 1302 175 38 bakelser

642 1349 125 45 cakes,
810 1350 270 49 pepparkakor
1113 1351 85 36 med
1232 1351 92 37 fera
1357 1352 128 49 dylika
1516 1353 94 48 slag,
1642 1355 132 36 hvilka
1802 1356 31 49 ej

642 1401 130 36 kunna
801 1401 181 37 hänföras
1011 1402 58 36 till
1103 1403 222 49 konfityrer,
1361 1409 193 32 närmaste
1584 1406 251 49 emballagets

643 1453 84 49 vigt
763 1453 249 49 inberäknad,
1056 1458 119 34 måtte
1208 1455 108 50 höjas
1346 1457 56 36 till
1434 1459 46 34 25
1511 1463 64 31 öre
1604 1458 58 37 för
1694 1462 16 33 1
1741 1460 94 36 kilo-

643 1519 129 35 gram;
803 1506 69 36 och

773 1563 55 31 att
857 1558 105 48 bröd,
993 1560 117 36 andra
1140 1560 97 49 slag,
1267 1563 115 34 måtte
1411 1564 144 35 åsättas
1585 1576 46 23 en
1661 1564 69 36 tull
1756 1565 79 37 af
1815 1554 23 60 4

641 1614 65 32 öre
734 1610 59 36 för
824 1613 16 33 1
868 1610 201 49 kilogram.

372 1712 164 49 Förslag
577 1726 60 23 om
671 1714 114 37 tullar
819 1717 19 34 å
873 1716 166 50 lefvande
1073 1717 143 37 kreatur
1257 1718 113 37 hafva
1404 1719 205 39 framställs
1639 1722 42 36 af
1703 1722 132 38 herrar

253 1763 191 48 Wagenius
469 1765 70 36 och
568 1766 37 36 J.
645 1767 48 35 W.
725 1768 135 35 Lindh.
915 1768 100 36 "Herr
1039 1768 211 49 Wagenius
1275 1771 119 49 begär
1414 1785 46 22 en
1482 1772 68 36 tull
1573 1774 41 35 af
1630 1777 47 33 20
1694 1775 141 36 kronor

243 1814 59 37 för
330 1815 245 38 hästkreatur
604 1818 121 36 under
753 1824 57 31 tre
839 1822 51 45 år,
922 1821 46 35 50
997 1820 141 37 kronor
1166 1821 59 37 för
1253 1822 246 39 hästkreatur
1527 1830 57 32 tre
1606 1828 40 34 år
1666 1827 71 36 och
1752 1827 83 37 der-

243 1867 162 47 utöfver,
436 1870 21 34 5
487 1868 140 38 kronor
656 1870 57 36 för
740 1872 226 36 nötkreatur
995 1873 70 36 och
1092 1873 186 38 likaledes
1300 1879 20 32 5
1342 1876 140 37 kronor
1503 1877 56 36 för
1580 1878 254 50 svinkreatur,

243 1919 262 38 hvarförutom
535 1921 89 36 herr
652 1922 210 50 Wagenius
892 1924 251 38 öfverlemnat
1171 1929 37 33 åt
1236 1927 188 37 utskottet
1452 1934 55 31 att
1534 1934 94 43 göra
1650 1931 185 37 erforder-

243 1971 80 48 liga
363 1972 211 49 ändringar
605 1972 12 36 i
647 1975 246 48 yrkandenas
922 1976 251 50 formulering
1201 1978 198 38 äfvensom
1428 1986 56 31 att
1512 1987 95 42 göra
1636 1983 199 49 undantag

244 2022 82 37 från
370 2024 46 36 de
455 2025 194 48 påyrkade
684 2027 247 37 tullsatserna
963 2028 12 35 i
1004 2029 70 36 och
1104 2029 58 37 för
1190 2030 158 37 införsel
1378 2032 42 36 af
1439 2033 219 49 afvelsdjur,
1688 2049 79 23 som
1799 2037 41 35 af

243 2075 445 52 hushållningssällskap
732 2079 91 36 eller
865 2081 117 36 andra
1024 2081 132 48 dylika
1197 2082 224 50 föreningar
1449 2085 277 39 införskrefves
1750 2088 83 36 från

243 2127 148 37 utrikes
420 2134 59 31 ort
507 2128 59 37 till
595 2130 233 50 förbättring
857 2132 41 36 af
922 2132 282 38 ofvannämnda
1233 2134 203 50 djurracer.
1479 2137 99 37 Herr
1606 2139 127 37 Lindh
1755 2143 80 34 åter

244 2178 159 38 föreslår
435 2180 168 49 följande
638 2183 206 49 tullsatser,
875 2187 20 33 å
923 2185 245 37 svinkreatur
1200 2189 45 35 10
1275 2188 150 48 kronor,
1456 2193 20 33 å
1505 2190 69 37 kor
1606 2194 44 34 15
1680 2188 153 57 kronor,

245 2234 20 33 å
293 2245 91 23 oxar
412 2233 94 36 eller
533 2234 121 47 tjurar
683 2238 47 33 20
760 2236 151 48 kronor,
942 2240 20 33 å
991 2237 55 36 får
1074 2241 20 33 3
1120 2238 152 50 kronor,
1302 2243 20 33 å
1350 2240 131 38 hästar
1510 2244 46 35 50
1579 2244 136 36 kronor
1736 2255 98 26 samt

244 2286 21 33 å
294 2297 111 23 renar
434 2287 20 34 5
483 2286 150 48 kronor,
664 2286 66 37 allt
758 2301 67 35 per
853 2289 146 47 stycke.

330 2344 78 32 Bih.
435 2344 46 32 till
504 2345 112 32 Riksd.
645 2346 86 32 Prot.
756 2349 94 30 1887.
876 2350 17 29 5
918 2348 94 32 Sami.
1036 2353 18 27 1
1081 2350 76 40 Afd.
1182 2354 18 28 1
1223 2352 94 40 Häft.
1773 2358 19 30 4

1884 1732 142 32 Defvande

1899 1769 123 25 kreatur.
