2074 2661
324 200 18 30 2
740 187 361 44 Bevillningsutskottets
1125 182 209 36 Betänkande
1356 181 63 34 N:o
1443 184 28 28 1.

279 278 127 48 ligger
448 274 136 48 deruti,
628 278 54 31 att
717 271 120 37 under
879 268 227 48 tullfrågans
1136 263 219 38 nuvarande
1385 258 210 40 sväfvande
1624 256 109 38 skick
1762 268 47 24 en
1837 255 41 36 af

283 328 262 39 ötverdrifven
584 323 244 53 spekulation
871 320 154 52 stegrad
1066 317 159 38 införsel
1259 316 151 37 komme
1439 317 55 33 att
1521 312 140 47 betaga
1690 308 183 50 möjligen

278 382 195 38 blifvande
515 380 114 37 tullar
675 378 49 37 all
765 375 143 39 verkan
937 374 121 36 under
1085 370 149 52 ganska
1262 370 91 48 lång
1381 367 66 47 tid,
1477 366 68 36 har
1574 364 188 36 utskottet
1790 361 84 37 icke

278 436 133 37 tvekat
439 439 56 31 att
524 431 181 39 särskildt
733 430 175 47 företaga
937 427 71 37 och
1036 424 157 38 härmed
1224 422 57 36 till
1309 419 243 49 Riksdagens
1581 414 209 51 afgörande
1820 413 55 37 öf-

279 489 194 37 verlemna
513 486 135 50 frågan
689 497 60 23 om
793 480 198 39 åsättande
1034 478 40 37 af
1110 476 70 38 tull
1205 478 19 34 å
1253 474 103 37 vissa
1385 472 116 37 alster
1530 470 41 37 af
1594 466 182 53 jordbruk
1804 465 70 37 och

279 539 360 52 bergshandtering.

410 593 200 38 Utskottet
639 602 111 24 anser
779 587 60 50 sig
868 584 133 39 dervid
1029 583 97 37 först
1154 582 92 37 böra
1275 578 212 47 framhålla,
1517 580 55 33 att
1600 571 275 40 framställnin-

278 660 120 37 garne
428 660 60 23 om
518 642 199 39 åsättande
754 640 41 37 af
819 639 70 37 tull
917 641 20 34 å
966 638 111 36 dessa
1106 634 201 49 näringars
1325 632 116 37 alster
1458 629 157 37 alldeles
1645 627 85 37 icke
1760 625 115 37 hafva

280 701 60 35 sin
381 698 125 49 grund
548 697 54 35 uti
643 698 128 45 någon
813 692 149 36 önskan
991 695 54 30 att
1073 687 140 37 bereda
1238 684 234 38 statsverket
1501 681 122 37 ökade
1654 679 220 48 tillgångar,

278 751 140 37 hvaraf
454 750 212 37 detsamma
706 745 84 37 icke
834 744 57 36 för
932 739 236 39 närvarande
1197 738 76 36 kan
1303 741 113 44 sägas
1444 747 90 24 vara
1563 733 11 36 i
1603 731 126 37 behof.
1785 730 92 36 Der-

278 805 80 36 före
400 809 130 31 ämnar
571 800 200 38 Utskottet
800 797 115 36 också
943 794 150 47 föreslå,
1123 797 65 43 att,
1220 791 127 36 derest
1376 788 114 38 tullar
1518 789 143 33 åsättas
1690 783 118 37 alster
1838 781 41 37 af

280 855 255 52 nyssberörda
577 852 194 48 näringar,
800 852 127 46 någon
968 844 251 48 nedsättning
1247 846 60 33 må
1335 842 68 36 ske
1432 839 55 38 uti
1515 839 47 36 de
1591 837 123 48 tullar,
1744 834 132 38 hvilka

280 911 40 36 af
343 914 85 32 rent
455 905 213 39 finansiella
684 904 82 37 skäl
795 907 64 31 äro
889 900 114 49 lagda
1032 902 20 33 å
1080 897 103 37 vissa
1212 909 123 34 varor,
1366 907 80 23 som
1477 890 86 38 med
1578 889 150 50 ganska
1744 887 133 49 betyd-

279 963 79 48 liga
386 960 139 50 belopp
555 959 91 48 ingå
674 957 55 36 uti
758 956 74 36 den
861 954 192 36 allmänna
1081 950 117 49 årliga
1229 946 298 38 konsumtionen
1555 944 102 35 inom
1685 940 138 37 landet.

408 1013 111 37 Ilvad
547 1010 166 38 derefter
740 1008 58 37 till
827 1020 45 24 en
902 1006 134 48 början
1065 1005 119 46 angår
1211 1000 223 51 yrkandena
1452 1011 60 22 om
1534 996 69 37 tull
1620 998 18 34 å
1653 992 224 51 jordbruks-

280 1066 162 48 alster,
435 1049 23 69 i
471 1064 210 50 synnerhet
710 1065 20 33 å
758 1059 185 51 spanmål,
975 1057 55 36 får
1058 1057 189 35 utskottet
1275 1053 12 36 i
1316 1051 206 37 allmänhet
1550 1047 162 37 hänvisa
1728 1045 58 37 till
1804 1045 72 36 den

282 1118 221 50 utredning,
534 1130 81 23 som
646 1115 40 37 af
710 1109 426 51 bevillningsutskottet
1164 1107 63 36 vid
1260 1107 95 35 1886
1386 1107 59 33 års
1474 1102 160 48 riksdag
1662 1097 216 39 framlades.

410 1172 133 36 Såsom
586 1165 305 39 hufvudorsaker
944 1162 59 36 till
1032 1158 420 52 jordbruksnäringens
1507 1154 372 47 bekymmersamma

283 1225 88 50 läge
400 1222 157 38 anförde
585 1220 191 37 utskottet
805 1217 46 36 då
879 1221 140 31 tvenne
1048 1210 277 47 förhållanden,
1354 1207 131 38 hvilka
1518 1205 84 38 icke
1632 1204 104 48 fingo
1766 1214 112 25 anses

282 1290 90 24 vara
397 1276 41 36 af
462 1272 256 50 öfvergående
755 1275 120 36 natur,
920 1266 196 48 nemligen
1150 1264 80 37 dels
1256 1263 73 36 den
1359 1260 145 38 snabba
1532 1256 236 47 utveckling,
1798 1267 80 24 som

283 1326 379 54 spanmålsodlingen
691 1326 83 34 nått
802 1322 12 36 i
842 1319 234 38 främmande
1105 1317 141 46 länder,
1276 1315 157 35 hvarest
1453 1307 428 54 produktionsvilkoren

283 1382 89 38 stält
401 1381 62 48 sig
491 1377 234 52 ojemförligt
753 1374 153 50 mycket
935 1381 269 40 gynsammare
1234 1373 47 31 än
1310 1367 78 47 här,
1419 1365 82 36 dels
1518 1363 70 37 ock
1604 1362 74 36 den
1694 1360 185 37 oerhörda

282 1432 253 49 nedsättning
577 1430 41 38 af
651 1425 415 52 transportkostnader,
1110 1436 80 23 som
1233 1416 313 41 åstadskommits
1576 1427 140 37 genom
1746 1424 132 25 senare

284 1488 118 37 tiders
430 1485 143 37 lättade
602 1478 375 41 kommunikationer
1019 1475 70 37 och
1131 1471 233 39 förbättrade
1392 1466 333 52 transportmedel,
1755 1464 126 37 hvari-

284 1553 142 36 genom
455 1538 64 36 det
546 1536 103 36 förut
676 1532 200 48 befintliga
920 1528 166 50 skyddet
1115 1531 102 32 emot
1244 1522 256 48 öfvermäktig
1529 1520 242 37 konkurrens
1800 1517 82 36 från

285 1592 172 49 aflägsna
486 1589 132 37 länder
646 1585 127 38 blifvit
802 1580 300 50 omintetgjordt.

416 1644 123 35 Dessa
581 1637 265 39 förhållanden
888 1636 156 48 qvarstå
1090 1631 69 37 och
1203 1629 116 37 verka
1357 1624 234 39 fortfarande
1622 1622 85 37 med
1737 1633 145 25 samma

285 1696 119 46 kraft;
434 1694 59 37 till
525 1692 94 50 följd
660 1689 139 39 hvaraf
836 1688 64 36 det
941 1686 102 36 visar
1072 1684 61 49 sig
1162 1682 66 37 allt
1256 1694 102 23 mera
1387 1681 103 34 svårt
1518 1677 58 36 för
1603 1675 151 36 landets
1778 1672 103 50 jord-

284 1749 165 38 brukare
479 1751 56 32 att
563 1746 103 36 finna
695 1740 212 49 afsättning
934 1739 59 36 för
1022 1737 83 37 sina
1130 1734 209 51 produkter
1367 1731 57 36 till
1454 1729 90 50 pris,
1575 1741 81 24 som
1690 1729 59 34 stå
1778 1726 11 35 1
1818 1727 65 34 nå-

284 1807 68 45 got
379 1799 145 49 rimligt
553 1795 235 39 förhållande
821 1793 58 36 till
908 1785 524 56 produktionskostnaderna.
1488 1779 235 40 Jordbruket
1751 1778 12 36 i
1793 1777 88 36 dess

285 1852 220 39 nuvarande
547 1849 110 38 skick
699 1850 120 34 måste
861 1843 148 38 derföre
1042 1845 50 47 gå
1120 1840 133 47 under,
1283 1836 131 39 såvida
1444 1839 123 33 staten
1597 1832 85 37 icke
1711 1831 172 36 kommer

287 1907 211 36 detsamma
530 1902 52 37 till
612 1901 116 49 hjelp.

414 1952 127 42 Äfven
570 1954 45 36 de
644 1957 174 44 utvägar,
865 1963 81 23 som
987 1947 40 36 af
1051 1944 257 50 tullskyddets
1339 1939 256 38 motståndare
1621 1935 176 49 angifvas
1826 1933 57 37 till

287 2010 191 49 räddning
506 2008 128 36 undan
676 2006 73 36 den
783 2002 86 38 med
898 2001 228 47 undergång
1153 1995 167 38 hotande
1350 1992 245 48 ställningen,
1627 1990 129 35 kunna
1784 1986 98 47 icke,

288 2064 95 36 efter
425 2061 208 37 utekottets
674 2055 261 46 förmenande,
973 2052 86 37 leda
1091 2050 57 37 till
1183 2051 126 45 någon
1344 2044 193 48 väsentlig
1564 2040 234 47 förbättring
1826 2039 57 35 för

283 2111 412 55 jordbruksnäringen.
751 2108 88 37 Man
869 2117 211 39 uppmanar
1102 2100 281 52 jordbrukaren
1412 2103 55 31 att
1488 2096 97 37 afstå
1601 2096 82 34 från
1701 2092 182 47 odlingen

289 2169 41 36 af
353 2166 158 38 höstsäd
541 2164 71 37 och
639 2164 12 35 i
680 2161 128 38 stället
829 2173 99 35 egna
946 2158 62 48 sig
1026 2160 37 33 åt
1079 2153 230 52 produktion
1328 2151 34 36 af
1364 2148 151 39 vårsäd
1531 2147 91 37 eller
1639 2149 37 33 åt
1692 2146 191 35 kreaturs-

288 2220 99 37 afvel
429 2218 71 37 och
541 2214 251 48 tillverkning
829 2212 41 36 af
907 2206 354 53 mejeriprodukter.
1318 2204 87 36 Men
1431 2202 73 36 alla
1532 2200 111 36 dessa
1673 2197 117 37 alster
1818 2200 65 31 äro

289 2272 95 37 både
413 2274 47 47 på
489 2270 73 36 den
590 2267 204 38 utländska
824 2264 69 37 och
922 2263 75 36 den
1016 2259 202 39 inhemska
1235 2255 234 38 marknaden
1490 2251 157 38 föremål
1664 2251 58 36 för
1739 2260 145 25 samma

290 2324 182 37 oerhördt
512 2321 148 47 hastigt
701 2316 235 39 tillväxande
979 2314 242 36 konkurrens
1262 2309 83 36 från
1387 2307 116 36 andra
1533 2304 144 46 länder,
1708 2300 177 38 hvarföre

294 2378 67 36 det
390 2388 117 37 synes
537 2386 90 24 vara
669 2372 90 47 föga
800 2368 143 48 rådligt
976 2367 57 36 för
1060 2362 296 39 landtbrukaren
1386 2365 53 31 att
1469 2358 84 36 med
1583 2356 122 48 dryga
1732 2353 156 36 kostna-
