1875 2829
481 185 114 40 Tredje
611 185 213 39 lagutskottets
838 185 162 31 utlåtande
1015 197 36 19 nr
1064 186 19 30 8
1097 185 34 31 år
1147 186 78 30 1968
1577 186 12 30 1

799 587 108 41 Nr
882 583 29 56 8

326 697 170 31 Utlåtande
520 698 10 30 i
553 698 170 39 anledning
746 709 37 19 av
810 698 109 30 väckta
944 699 154 29 motioner
1122 697 161 39 angående
1308 699 60 29 den
1393 698 202 30 kommunala

528 752 228 40 förköpsrätten
772 752 45 30 till
830 752 154 39 fastighet.

152 861 116 40 Tredje
286 861 201 39 lagutskottet
504 861 59 29 har
580 861 172 29 behandlat
770 860 53 31 två
840 861 86 29 inom
945 861 163 39 riksdagen
1126 861 122 37 väckta,
1267 860 46 30 till
1331 861 168 39 lagutskott
1518 861 77 29 hän-

110 915 105 30 visade
231 915 164 37 motioner,
413 925 38 19 nr
465 915 61 29 699
541 915 11 29 i
567 914 96 30 första
680 915 181 29 kammaren
879 926 38 19 av
934 915 107 29 herrar
1060 915 105 38 Yngve
1182 915 123 29 Nilsson
1322 915 60 30 och
1399 915 86 29 Ebbe
1505 914 90 30 Ohls-

110 980 54 18 son
181 975 79 24 samt
276 979 37 19 nr
329 969 58 30 893
403 968 10 30 i
429 969 100 29 andra
543 969 183 29 kammaren
742 979 40 19 av
797 969 71 29 herr
883 968 123 30 Nilsson
1023 969 9 29 i
1049 969 162 29 Bästekille
1227 969 59 29 och
1304 969 49 29 fru
1370 968 142 30 Heurlin.

153 1023 13 29 I
182 1023 206 37 motionerna,
403 1033 66 20 som
483 1024 35 28 är
531 1023 207 39 likalydande,
752 1022 174 30 hemställes

153 1077 66 29 ”att
232 1077 163 38 riksdagen
410 1076 48 30 för
471 1077 45 29 sin
532 1077 48 29 del
595 1076 97 30 måtte
706 1083 115 32 antaga
834 1076 140 39 följande

793 1174 128 40 Förslag

835 1229 45 29 till

314 1292 51 39 lag
377 1302 54 19 om
445 1291 134 40 ändring
593 1291 9 30 i
615 1291 232 40 Förköpslagen
861 1291 60 30 den
936 1292 18 29 8
968 1291 165 30 december
1151 1291 75 30 1967
1247 1291 52 39 (nr
1312 1291 89 39 868).

155 1345 194 40 Härigenom
368 1345 164 30 förordnas
551 1351 45 24 att
615 1346 29 37 4,
665 1346 16 29 5
701 1345 59 30 och
781 1345 15 30 7
821 1345 34 38 $$
876 1346 228 39 Förköpslagen
1124 1346 61 29 den
1204 1346 18 29 8
1242 1346 164 29 december
1428 1345 74 30 1967
1523 1345 74 30 skall

113 1398 119 31 erhålla
245 1400 140 29 ändrade
399 1399 129 40 lydelser
541 1399 41 40 på
595 1401 60 28 sätt
669 1399 103 30 nedan
786 1399 132 39 angives.

828 1498 59 38 4$

157 1561 69 30 Har
245 1563 93 37 ägare
359 1572 38 19 av
417 1561 60 29 fast
498 1561 153 39 egendom
671 1560 169 40 skriftligen
861 1561 137 38 erbjudit
1020 1561 60 29 den
1102 1561 151 29 kommun
1275 1561 57 29 där
1352 1560 193 39 egendomen
1567 1562 35 28 är

115 1615 130 39 belägen
262 1622 46 23 att
325 1615 45 30 till
386 1615 133 30 bestämt
536 1615 61 40 pris
613 1615 61 30 och
690 1614 42 41 på
748 1615 9 29 i
773 1615 99 39 övrigt
890 1615 135 39 angivna
1041 1615 110 30 villkor
1167 1614 146 30 förvärva
1330 1615 193 39 egendomen
1541 1615 59 30 och

115 1669 53 30 vill
188 1669 192 30 kommunen
401 1675 115 33 antaga
536 1669 218 39 erbjudandet,
776 1668 115 40 åligger
911 1669 53 30 det
984 1669 192 30 kommunen
1198 1675 45 24 att
1264 1669 184 30 underrätta
1469 1669 133 39 säljaren

115 1734 54 19 om
184 1724 87 29 detta
286 1723 86 30 inom
387 1724 39 29 30
442 1724 105 38 dagar.
564 1723 65 30 Om
644 1723 87 30 detta
746 1723 28 39 ej
790 1723 78 30 skett
884 1723 73 30 eller
971 1733 53 20 om
1040 1723 192 29 kommunen
1249 1723 117 30 avvisat
1383 1723 218 39 erbjudandet,

116 1777 49 29 får
183 1777 112 39 förköp
313 1777 72 29 med
405 1777 169 38 anledning
592 1787 38 19 av
648 1776 184 39 försäljning
850 1787 39 18 av
907 1777 204 38 egendomen,
1129 1787 65 19 som
1214 1778 73 37 äger
1304 1787 70 18 rum
1392 1777 85 29 inom
1496 1776 53 30 två
1568 1776 33 30 år

117 1830 78 30 efter
212 1830 219 39 erbjudandet,
449 1830 51 29 ske
517 1830 109 29 endast
642 1840 52 19 om
713 1829 93 40 priset
823 1831 35 28 är
874 1830 84 39 lägre
976 1830 74 29 eller
1066 1830 151 30 villkoren
1234 1830 50 29 för
1302 1830 222 39 försäljningen
1543 1830 58 30 till-

117 1890 239 33 sammantagna
373 1885 35 28 är
425 1885 139 28 avsevärt
582 1894 257 28 ogynnsammare
857 1884 48 29 för
921 1886 115 36 ägaren
1053 1886 40 27 än
1112 1884 38 29 de
1167 1894 66 19 som
1250 1884 102 39 gällde
1369 1884 48 29 för
1434 1884 167 39 erbjudan-

118 1938 52 29 det
185 1938 44 29 till
244 1938 200 29 kommunen.

161 1991 68 30 Har
248 1991 151 30 kommun
418 1991 151 30 förklarat
587 1991 44 39 sig
650 1990 86 30 avstå
754 1990 70 30 från
843 1997 46 23 att
907 1993 96 28 utöva
1020 1991 190 39 förköpsrätt
1227 1991 10 29 i
1255 1990 88 40 fråga
1362 2002 53 19 om
1433 2002 38 19 en
1490 1991 112 30 tilläm-

119 2046 63 29 nad
198 2045 184 39 försäljning
397 2045 86 29 inom
500 2045 66 29 dess
581 2044 139 36 område,
737 2044 48 30 får
800 2045 112 39 förköp
928 2045 28 38 ej
974 2045 50 30 ske
1040 2046 72 29 med
1130 2045 169 39 anledning
1316 2056 38 19 av
1371 2045 231 39 försäljningen.

834 2143 18 30 >
878 2143 14 39 $

161 2207 241 39 Förköpsrätten
419 2207 131 30 innebär
568 2213 46 24 att
631 2207 192 29 kommunen
841 2206 48 30 får
906 2206 144 31 förvärva
1068 2207 62 29 den
1147 2207 153 39 egendom
1318 2207 94 40 köpet
1431 2218 86 19 avser
1535 2207 68 30 från

119 2260 134 40 säljaren
271 2260 41 40 på
331 2261 39 29 de
386 2260 111 30 villkor
514 2270 66 20 som
598 2260 131 30 avtalats
746 2260 115 30 mellan
880 2261 101 29 denne
999 2261 59 29 och
1077 2260 147 40 köparen.
1243 2260 218 31 Kommunens
1481 2261 123 30 förvärv

120 2315 95 30 kallas
229 2315 121 40 förköp.

162 2368 142 39 Säljaren
325 2370 34 28 är
379 2368 117 40 skyldig
515 2374 46 24 att
581 2367 41 41 på
643 2368 159 30 anmodan
823 2379 38 19 av
881 2368 192 30 kommunen
1093 2368 130 40 upplysa
1243 2379 53 19 om
1317 2369 38 29 de
1376 2369 230 30 bestämmelser

121 2433 66 19 som
205 2422 97 39 gäller
319 2422 49 30 för
385 2422 223 39 försäljningen
626 2422 60 29 och
704 2432 66 20 som
787 2422 67 30 icke
872 2422 139 39 framgår
1029 2433 39 19 av
1086 2422 282 40 köpehandlingen.
1388 2423 218 29 Bestämmelse

121 2487 66 19 som
203 2477 192 29 kommunen
409 2476 116 30 varken
541 2476 78 39 ägde
635 2476 73 29 eller
722 2476 70 29 bort
807 2478 59 37 äga
879 2476 179 30 kännedom
1073 2486 52 20 om
1140 2478 58 28 när
1212 2476 228 40 förköpsrätten
1457 2477 150 29 utövades

123 2530 48 30 får
191 2532 89 37 göras
300 2530 145 39 gällande
464 2536 67 24 mot
551 2530 192 29 kommunen
763 2530 109 29 endast
892 2540 52 19 om
964 2530 148 30 särskilda
1131 2530 64 29 skäl
1215 2530 171 40 föreligger.

123 2639 121 38 Bihang
263 2638 45 29 till
327 2638 176 38 riksdagens
521 2638 154 38 protokoll
697 2638 85 29 1968.
803 2638 19 29 9
840 2638 86 29 saml.
947 2639 19 28 3
985 2638 69 29 avd.
1074 2638 77 29 Nr
1132 2634 21 47 8
