2192 2659
696 177 265 36 Statsutskottets
990 179 174 33 Utlåtande
1186 179 62 33 N:o
1271 182 48 30 18.
1725 178 38 33 33

603 268 84 34 eller
725 267 180 45 gripande,
929 252 81 50 allt
1049 267 110 45 enligt
1198 267 95 35 förut
1331 266 213 45 tillämpade,
1577 266 12 34 i
1622 263 184 37 statsråds-

602 319 212 44 protokollet
853 319 98 35 öfver
991 319 235 36 civilärenden
1267 318 66 35 den
1376 320 43 33 12
1450 317 143 46 januari
1624 319 93 33 1887
1748 328 57 24 an-

602 370 100 45 gifna
729 370 163 45 grunder.

687 544 88 40 Väg-
798 544 68 33 och
888 544 446 41 vattenbyggnadsstaten,

338 646 91 34 25:0.
483 643 85 35 Med
608 643 189 45 anledning
837 643 39 35 af
900 642 129 45 Kongl.
1059 642 126 45 Maj:ts
1212 642 116 35 derom
1355 641 124 46 gjorda
1507 641 302 45 framställningar
1838 651 146 38 Angående

204 693 55 38 får
285 696 174 34 utskottet
485 695 195 44 hemställa,
1833 690 96 33 anslag
1941 689 53 34 för

1849 723 129 41 tillsynen

1843 755 17 29 å
1877 760 101 25 statens

656 808 54 31 att
749 804 205 44 Riksdagen
989 825 45 3 —
1062 805 11 34 i
1100 805 112 34 likhet
1239 805 77 33 med
1343 804 94 36 hvad
1464 803 95 35 förut
1586 804 110 34 under
1723 802 86 36 flera
1838 792 157 68 byggnader

610 853 11 10 2
976 853 12 11 o
1043 846 20 26 [0]
1337 858 14 5 we
1404 852 12 11 o
1667 855 6 5 .
1872 835 74 24 ggna
1967 834 22 18 er

606 866 40 24 är
674 858 58 42 egt
758 866 75 24 rum
863 876 46 3 —
938 866 55 24 må
1019 866 45 33 på
1092 858 101 32 extra
1221 857 71 33 stat
1319 855 55 34 för
1400 865 40 25 år
1470 856 94 33 1888
1594 865 123 25 anvisa
1745 855 61 34 och
1870 868 91 18 "m.m.

607 908 103 33 ställa
738 907 54 34 till
818 905 131 45 Kongl.
977 906 126 45 Maj:ts
1130 906 206 44 förfogande
1363 906 154 45 följande
1545 907 136 42 anslag:
1814 901 54 34 [24
1888 903 46 26 och
1954 901 56 34 25.]

545 957 33 48 a)
609 959 133 42 20,000
783 958 139 42 kronor,
964 960 54 32 att
1058 957 180 35 användas
1278 956 53 35 till
1372 957 224 34 anordnande
1629 957 110 34 under
1771 954 40 36 år

612 1010 93 33 1888
734 1008 39 34 af
798 1008 162 44 tillsynen
987 1007 95 44 öfver
1109 1011 129 31 statens
1256 1007 384 45 jernvägsbyggnader;
1666 1007 62 35 och

545 1058 33 48 b)
609 1061 108 41 3,000
745 1059 129 34 kronor
902 1059 54 34 till
982 1059 223 34 bestridande
1233 1058 39 35 af
1292 1058 142 43 arfvode
1452 1056 38 37 åt
1509 1058 63 35 den
1593 1058 54 34 för
1665 1058 144 44 gransk-

608 1110 85 44 ning
732 1110 39 34 af
807 1109 332 45 vattenaflednings-
1172 1110 64 34 och
1263 1110 259 43 odlingsplaner
1549 1109 61 34 hos
1637 1113 82 40 väg-
1747 1109 63 34 och

608 1161 482 44 vattenbyggnadsstyrelsen
1118 1160 159 35 anstälde
1305 1164 98 31 extra
1430 1160 294 45 byråingemören.

370 1327 470 41 Undervisningsanstalter
864 1326 60 33 för
942 1325 181 43 jordbruk
1147 1326 66 33 och
1236 1325 419 40 landtmannanäringar.

342 1427 91 33 26:0.
488 1423 85 36 Med
600 1425 189 57 anledning
816 1424 39 35 af
878 1424 94 35 hvad
999 1423 129 45 Kongl.
1157 1423 109 45 Maj:t
1293 1423 182 44 föreslagit
1503 1423 63 35 och
1593 1423 110 34 under
1730 1423 82 34 hän-
1842 1442 145 36 Angående

205 1476 141 43 visning
384 1476 55 35 till
478 1476 94 34 hvad
612 1476 12 34 i
664 1473 383 46 statsrådsprotokollet
1088 1473 74 48 (sid.
1194 1473 59 48 51)
1287 1475 115 34 derom
1423 1445 160 80 "anförts,
1612 1474 201 35 hemställer
1832 1480 97 32 anslag
1944 1479 54 33 för

206 1518 186 56 utskottet,
1828 1513 176 26 anordnande

1851 1547 37 34 af
1902 1547 81 33 högre

662 1589 54 32 att
747 1585 215 46 Riksdagen,
980 1585 66 43 för
1073 1586 225 34 anordnande
1324 1584 46 43 af
1390 1585 101 43 högre
1517 1585 248 42 undervisning
1797 1596 10 22 €
1824 1581 192 65 undervtaning

611 1638 341 59 mejerihushållning
978 1637 59 35 vid
1071 1636 130 35 Ultuna
1218 1636 58 35 och
1293 1635 158 46 Alnarps
1466 1635 347 43 landtbruksinstitut,
1825 1623 182 59 Jushållning.

610 1686 57 36 må
706 1689 54 34 för
800 1686 40 36 år
878 1690 93 33 1888
1001 1688 123 35 anvisa
1151 1684 21 37 å
1199 1689 101 32 extra
1328 1689 71 32 stat
1427 1688 51 33 ett
1505 1687 125 42 anslag
1655 1686 55 34 till
1737 1695 77 25 ena-
1848 1680 17 53 +
1885 1690 71 33 [26.]

611 1739 117 35 handa
768 1739 133 44 belopp,
942 1749 71 24 som
1054 1738 54 35 för
1147 1735 40 38 år
1230 1739 93 34 1887
1361 1736 176 46 beviljats,
1567 1737 84 34 eller
1682 1738 132 42 10,000

610 1790 139 35 kronor.

354 1954 256 42 Befrämjande
635 1955 13 32 i
671 1954 202 33 allmänhet
895 1954 41 33 af
950 1954 180 42 jordbruk
1153 1953 68 34 och
1243 1953 424 39 landtmannanäringar.

345 2054 91 33 27:0.
493 2050 120 37 Såsom
641 2052 126 45 bidrag
793 2052 54 35 till
873 2052 224 35 bestridande
1125 2051 39 36 af
1179 2051 237 35 kostnaderna
1435 2050 54 35 för
1508 2050 178 35 allmänna
1706 2050 109 34 landt-
1845 2061 145 36 Angående

210 2098 223 53 bruksmöten,
464 2103 73 60 har
576 2102 130 45 Kongl.
748 2103 108 45 Maj:t
895 2104 55 34 för
976 2101 41 37 år
1048 2105 93 33 1888
1169 2103 104 34 äskat
1300 2112 130 25 samma
1457 2102 135 43 belopp,
1621 2111 71 24 som
1720 2101 96 34 förut
1841 2098 94 60 anslag
1951 2098 50 60 till

210 2154 111 35 under
347 2127 86 76 flera
461 2151 40 38 år
527 2154 177 45 beviljats,
733 2155 84 34 eller
846 2156 108 42 5,000
981 2155 140 34 kronor.
1837 2165 170 27 landtbruks-

345 2202 59 37 Då
443 2205 245 35 erfarenheten
728 2203 79 37 från
846 2183 41 57 de
926 2206 13 34 i
978 2215 123 25 senare
1128 2205 91 34 tider
1245 2201 119 37 hållna
1391 2203 175 34 allmänna
1593 2203 222 34 landtbruks-
1870 2202 95 25 möten.

209 2258 117 32 möten
365 2258 87 32 utan
492 2256 127 35 tvifvel
658 2256 106 44 gifvit
803 2256 59 36 vid
895 2257 148 43 handen,
1073 2259 53 31 att
1152 2255 237 35 kostnaderna
1416 2254 54 34 för
1497 2254 99 34 dessa
1624 2256 115 32 möten
1768 2263 48 24 nu
1887 2241 67 34 [27

295 2312 76 32 Bih.
396 2312 51 32 till
471 2313 113 32 Riksd.
610 2313 88 32 Prot.
723 2315 92 30 1887.
860 2316 20 28 4
904 2313 98 32 Saml.
1048 2316 18 29 1
1090 2314 80 41 Afd.
1215 2314 37 29 13
1275 2313 99 39 Häft.
1716 2314 16 27 5
