1897 2833
421 166 122 36 Tredje
564 166 246 37 lagutskottets
831 166 178 30 utlåtande
1030 175 41 20 nr
1091 168 18 27 9
1130 166 38 29 år
1193 166 80 29 1967
1572 165 18 29 5

104 256 215 36 Spörsmålet
342 256 62 30 bör
429 255 174 38 därjämte
628 265 53 21 ses
707 258 71 28 mot
802 256 183 37 bakgrund
1012 266 40 19 av
1077 257 66 28 den
1168 256 179 30 beslutade
1372 255 217 37 övergången

105 302 51 30 till
187 301 217 38 högertrafik
436 304 90 27 samt
557 302 56 30 det
644 301 35 30 åt
709 301 379 37 bilförarutredningen
1122 301 160 30 lämnade
1313 300 195 37 uppdraget
1539 301 51 28 att

105 347 122 29 utreda
253 346 342 38 förarutbildningen
622 347 63 29 och
712 347 142 30 därmed
882 346 346 37 sammanhängande
1254 345 128 37 frågor.
1409 344 65 31 Vid
1501 344 88 30 riks-

105 393 127 36 dagens
252 391 147 37 tidigare
418 391 361 37 ställningstaganden
799 391 63 29 har
881 391 160 30 betonats
1062 392 49 29 att
1131 391 66 29 den
1218 390 153 37 ständigt
1390 390 112 29 ökade
1521 391 68 28 tra-

105 436 279 30 fikintensiteten
410 436 43 37 på
479 437 152 36 vägarna
658 436 117 29 ställer
802 436 61 31 allt
890 437 110 28 större
1026 436 86 28 krav
1137 435 44 37 på
1206 434 278 30 motorförarnas
1512 434 77 30 kör-

105 480 218 38 skicklighet,
345 480 161 31 omdöme
527 481 65 29 och
613 481 147 37 hänsyn.
782 482 65 28 Det
868 481 63 29 har
953 480 105 30 också
1080 479 213 30 framhållits
1316 480 51 29 att
1390 479 199 30 statistiken

104 527 79 28 över
207 525 303 38 trafikolyckorna
533 525 89 30 visat
646 526 247 29 skrämmande
918 525 121 29 siffror
1064 525 126 29 liksom
1214 526 51 28 att
1289 525 94 28 stora
1408 524 181 38 ansträng-

105 571 123 37 ningar
257 569 111 39 gjorts
398 569 54 31 för
482 572 50 28 att
560 570 66 31 öka
656 570 329 31 trafiksäkerheten.
1016 570 76 30 Med
1122 570 137 37 hänsyn
1289 568 119 30 härtill
1438 568 64 30 har
1533 568 56 30 det

104 616 133 29 ansetts
262 615 170 37 naturligt
457 617 50 27 att
533 616 65 28 den
625 616 127 28 största
778 614 223 37 försiktighet
1026 614 182 37 iakttages,
1234 614 63 29 när
1324 614 57 29 det
1406 613 107 37 gäller
1539 614 51 28 att

103 667 39 29 ge
164 668 68 28 nya
254 667 151 30 grupper
427 669 41 20 av
489 659 205 30 människor
717 659 156 30 tillstånd
898 661 50 29 att
970 659 173 37 uppträda
1166 659 10 29 i
1198 658 154 29 trafiken
1376 666 74 21 som
1474 657 116 30 förare

105 714 40 20 av
172 704 253 30 motorfordon.
452 705 108 29 Dessa
588 705 217 36 synpunkter
832 705 60 36 gör
920 704 50 36 sig
997 704 77 29 med
1103 703 149 30 särskild
1281 702 121 37 styrka
1429 702 161 37 gällande

105 749 93 30 inför
221 750 65 29 den
309 748 220 32 förestående
551 749 215 37 övergången
790 748 51 30 till
864 748 228 38 högertrafik.

151 803 11 28 I
187 802 99 38 fråga
310 812 56 20 om
403 802 398 37 åldersgränsen
839 802 76 29 för
951 802 103 31 rätt
1091 803 69 28 att
1195 801 103 30 föra
1334 801 161 36 moped
1532 809 59 21 an-

106 855 98 30 förde
225 856 171 29 utskottet
417 857 49 28 att
488 865 40 20 en
550 856 10 29 i
581 856 132 30 motion
735 855 138 37 åsyftad
896 857 68 29 rätt
986 857 50 28 att
1057 856 110 29 sänka
1189 855 266 37 åldersgränsen
1478 855 113 29 skulle

107 910 75 29 leda
198 909 51 30 till
266 910 50 29 att
332 918 67 28 nya
415 918 150 29 grupper
581 909 115 31 förare
713 919 40 20 av
769 909 242 30 motorfordon
1029 909 112 29 skulle
1157 908 130 30 tillåtas
1305 909 174 36 uppträda
1496 908 10 29 i
1523 910 67 28 tra-

106 963 107 29 fiken.
230 964 49 29 De
296 963 277 37 betänkligheter
591 973 74 20 som
683 972 82 28 nyss
783 963 192 29 redovisats
993 965 72 27 mot
1082 971 41 21 en
1142 962 107 30 sådan
1267 961 200 38 utveckling
1483 962 107 29 borde

104 1016 107 37 enligt
226 1017 189 29 utskottets
431 1017 139 37 mening
586 1016 172 38 allvarligt
773 1017 143 30 beaktas
932 1017 85 28 även
1033 1017 9 29 i
1058 1017 93 29 detta
1167 1015 265 37 sammanhang,
1448 1015 143 30 särskilt

106 1079 74 20 som
204 1070 40 29 de
268 1079 67 27 nya
358 1069 222 35 trafikanter,
605 1079 73 20 som
702 1070 63 29 här
790 1079 107 25 avses,
922 1071 37 28 är
984 1070 138 36 mycket
1145 1077 102 29 unga.
1272 1069 166 30 Gällande
1463 1069 128 29 ålders-

104 1124 104 37 gräns
229 1123 65 30 har
314 1123 168 30 bestämts
505 1123 37 30 så
564 1123 70 37 lågt
655 1132 73 20 som
750 1123 51 29 till
826 1124 37 30 15
886 1123 37 30 år
945 1124 43 29 bl.
1005 1132 28 20 a.
1056 1123 54 29 för
1132 1124 51 29 att
1203 1122 182 38 tillgodose
1407 1121 183 38 praktiska

105 1177 180 30 önskemål
309 1186 41 20 av
373 1177 57 31 det
453 1177 73 37 slag
549 1186 74 20 som
647 1186 97 21 avses
768 1177 9 29 i
800 1177 177 30 motionen
1001 1177 37 29 så
1062 1176 95 37 långt
1180 1176 56 31 det
1259 1176 79 29 från
1363 1175 228 30 trafiksäker-

105 1231 261 36 hetssynpunkt
392 1232 132 28 ansetts
551 1230 146 37 möjligt.
723 1230 92 30 även
841 1239 55 20 om
923 1230 261 30 bestämmelser
1211 1229 130 30 införes
1369 1238 55 21 om
1452 1230 139 36 kompe-

105 1284 174 30 tensbevis
305 1284 115 29 såsom
443 1284 126 29 villkor
594 1284 54 30 för
672 1284 40 29 de
736 1285 125 36 yngsta
885 1284 275 36 årsgruppernas
1186 1284 70 29 rätt
1279 1284 50 28 att
1354 1282 77 30 föra
1455 1283 136 36 moped,

106 1347 102 28 synes
234 1337 305 38 invändningarna
566 1339 71 28 mot
663 1347 41 20 en
729 1337 200 37 ytterligare
956 1337 173 37 sänkning
1156 1346 41 21 av
1223 1336 266 37 åldersgränsen
1515 1336 76 30 icke

107 1391 201 37 därigenom
337 1391 120 29 kunna
486 1390 228 37 undanröjas.
742 1391 177 29 Utskottet
948 1390 168 29 beaktade
1145 1390 122 29 härvid
1298 1391 50 28 att
1377 1390 130 29 kraven
1537 1389 54 30 för

107 1444 201 31 erhållande
335 1453 41 20 av
402 1444 113 37 dylikt
540 1444 93 29 bevis
661 1444 75 30 icke
762 1444 97 29 torde
887 1444 119 30 kunna
1033 1443 172 30 utformas
1235 1443 36 29 så
1299 1444 51 29 att
1376 1452 41 21 en
1445 1442 146 31 effektiv

107 1498 188 38 utgallring
316 1507 41 21 av
377 1497 187 38 olämpliga
585 1496 114 31 förare
720 1498 69 29 kan
810 1497 261 37 åvägabringas.
1092 1497 125 29 Därest
1238 1498 77 29 med
1336 1496 179 31 motionen
1536 1506 55 21 av-

107 1552 78 36 sågs
208 1553 50 29 att
280 1551 166 37 generellt
469 1550 115 30 införa
607 1552 85 28 krav
715 1551 42 36 på
781 1551 149 30 innehav
954 1560 41 20 av
1018 1550 313 37 kompetensbevis,
1354 1550 80 31 ville
1456 1551 135 29 utskot-

107 1606 48 29 tet
176 1604 115 30 erinra
311 1613 56 21 om
389 1606 50 29 att
460 1605 113 29 denna
595 1605 104 29 tanke
721 1604 150 30 avvisats
894 1613 41 20 av
957 1604 273 29 statsmakterna
1251 1603 56 30 vid
1330 1603 261 37 mopedförord-

107 1659 146 37 ningens
284 1658 182 30 tillkomst.
498 1658 110 37 Något
641 1658 74 30 skäl
748 1658 53 29 för
834 1658 125 30 ändrat
991 1658 387 37 ståndpunktstagande
1410 1658 181 37 härvidlag

108 1714 117 36 syntes
251 1712 31 37 ej
311 1711 177 38 föreligga.
514 1712 65 30 Vid
606 1712 149 37 angivna
782 1711 245 30 förhållanden
1055 1712 116 30 kunde
1197 1712 171 30 utskottet
1394 1711 31 37 ej
1454 1712 137 29 biträda

108 1766 278 29 motionärernas
409 1765 168 37 yrkande,
601 1765 104 31 såvitt
728 1774 46 20 nu
798 1774 60 20 var
883 1765 8 29 i
916 1765 109 37 fråga.

650 1862 214 33 Statistiska
885 1862 189 39 uppgifter

152 1915 91 29 Från
266 1915 174 30 statistisk
461 1916 128 29 årsbok
611 1916 54 30 för
687 1916 137 37 Sverige
846 1917 38 29 år
908 1917 81 29 1965
1013 1917 176 30 inhämtas
1212 1916 167 37 följande.

152 1969 38 29 A.
220 1969 79 34 (sid.
326 1969 76 35 168)
435 1969 63 32 Vid
522 1969 319 38 vägtrafikolyckor
865 1970 153 31 skadade
1041 1971 117 36 förare
1182 1979 41 21 av
1248 1970 124 37 moped
1400 1969 192 34 (inklusive

100 2017 263 47 passagerare).
673 2032 81 29 1955
938 2033 92 29 1505

669 2085 82 30 1956
934 2085 93 30 1838

669 2139 81 29 1957
934 2140 12 28 1
964 2139 58 30 961

668 2192 83 30 1958
932 2192 95 30 2180

670 2246 81 29 1959
932 2246 18 30 2
966 2246 62 30 616

669 2299 81 29 1960
932 2300 95 29 2535

669 2352 79 30 1961
932 2352 95 31 2788

669 2406 81 30 1962
932 2406 18 30 2
965 2406 63 30 506

669 2460 82 29 1963
932 2460 17 29 2
966 2460 62 30 564

669 2513 83 30 1964
932 2514 95 30 2495
