<?xml version="1.0" encoding="UTF-8"?>
<alto xmlns="http://www.loc.gov/standards/alto/ns-v3#" xmlns:xlink="http://www.w3.org/1999/xlink" xmlns:xsi="http://www.w3.org/2001/XMLSchema-instance" xsi:schemaLocation="http://www.loc.gov/standards/alto/ns-v3# http://www.loc.gov/alto/v3/alto-3-0.xsd">
	<Description>
		<MeasurementUnit>pixel</MeasurementUnit>
		<sourceImageInformation>
			<fileName>/tmp/tess_pngv1kmj_input.PNG</fileName>
		</sourceImageInformation>
		<OCRProcessing ID="OCR_0">
			<ocrProcessingStep>
				<processingSoftware>
					<softwareName>tesseract 5.3.0</softwareName>
				</processingSoftware>
			</ocrProcessingStep>
		</OCRProcessing>
	</Description>
	<Layout>
		<Page WIDTH="2256" HEIGHT="2744" PHYSICAL_IMG_NR="0" ID="page_0">
			<PrintSpace HPOS="0" VPOS="0" WIDTH="2256" HEIGHT="2744">
				<ComposedBlock ID="cblock_0" HPOS="607" VPOS="236" WIDTH="1129" HEIGHT="34">
					<TextBlock ID="block_0" HPOS="607" VPOS="236" WIDTH="1129" HEIGHT="34">
						<TextLine ID="line_0" HPOS="607" VPOS="236" WIDTH="1129" HEIGHT="34">
							<String ID="string_0" HPOS="607" VPOS="238" WIDTH="254" HEIGHT="32" WC="0.87" CONTENT="Konstitutions-"/><SP WIDTH="12" VPOS="238" HPOS="861"/>
							<String ID="string_1" HPOS="873" VPOS="232" WIDTH="176" HEIGHT="46" WC="0.96" CONTENT="Utskottets"/><SP WIDTH="19" VPOS="232" HPOS="1049"/>
							<String ID="string_2" HPOS="1068" VPOS="236" WIDTH="168" HEIGHT="33" WC="0.95" CONTENT="Utlåtande"/><SP WIDTH="29" VPOS="236" HPOS="1236"/>
							<String ID="string_3" HPOS="1265" VPOS="237" WIDTH="62" HEIGHT="31" WC="0.95" CONTENT="N:o"/><SP WIDTH="30" VPOS="237" HPOS="1327"/>
							<String ID="string_4" HPOS="1357" VPOS="239" WIDTH="47" HEIGHT="29" WC="0.94" CONTENT="13."/><SP WIDTH="323" VPOS="239" HPOS="1404"/>
							<String ID="string_5" HPOS="1727" VPOS="238" WIDTH="9" HEIGHT="28" WC="0.81" CONTENT="1"/>
						</TextLine>
					</TextBlock>
				</ComposedBlock>
				<ComposedBlock ID="cblock_1" HPOS="925" VPOS="800" WIDTH="155" HEIGHT="41">
					<TextBlock ID="block_1" HPOS="925" VPOS="800" WIDTH="155" HEIGHT="41">
						<TextLine ID="line_1" HPOS="925" VPOS="800" WIDTH="155" HEIGHT="41">
							<String ID="string_6" HPOS="925" VPOS="800" WIDTH="73" HEIGHT="41" WC="0.92" CONTENT="N:o"/><SP WIDTH="27" VPOS="800" HPOS="998"/>
							<String ID="string_7" HPOS="1025" VPOS="801" WIDTH="55" HEIGHT="39" WC="0.92" CONTENT="13."/>
						</TextLine>
					</TextBlock>
				</ComposedBlock>
				<ComposedBlock ID="cblock_2" HPOS="755" VPOS="989" WIDTH="951" HEIGHT="39">
					<TextBlock ID="block_2" HPOS="755" VPOS="989" WIDTH="951" HEIGHT="39">
						<TextLine ID="line_2" HPOS="755" VPOS="989" WIDTH="951" HEIGHT="39">
							<String ID="string_8" HPOS="755" VPOS="990" WIDTH="80" HEIGHT="29" WC="0.92" CONTENT="Ank."/><SP WIDTH="26" VPOS="990" HPOS="835"/>
							<String ID="string_9" HPOS="861" VPOS="990" WIDTH="45" HEIGHT="29" WC="0.93" CONTENT="till"/><SP WIDTH="23" VPOS="990" HPOS="906"/>
							<String ID="string_10" HPOS="929" VPOS="991" WIDTH="106" HEIGHT="29" WC="0.89" CONTENT="Riksd."/><SP WIDTH="27" VPOS="991" HPOS="1035"/>
							<String ID="string_11" HPOS="1062" VPOS="990" WIDTH="107" HEIGHT="29" WC="0.80" CONTENT="Kausli"/><SP WIDTH="23" VPOS="990" HPOS="1169"/>
							<String ID="string_12" HPOS="1192" VPOS="990" WIDTH="55" HEIGHT="29" WC="0.96" CONTENT="den"/><SP WIDTH="23" VPOS="990" HPOS="1247"/>
							<String ID="string_13" HPOS="1270" VPOS="990" WIDTH="19" HEIGHT="29" WC="0.96" CONTENT="4"/><SP WIDTH="22" VPOS="990" HPOS="1289"/>
							<String ID="string_14" HPOS="1311" VPOS="989" WIDTH="63" HEIGHT="39" WC="0.96" CONTENT="Maj"/><SP WIDTH="28" VPOS="989" HPOS="1374"/>
							<String ID="string_15" HPOS="1402" VPOS="989" WIDTH="88" HEIGHT="35" WC="0.95" CONTENT="1875,"/><SP WIDTH="25" VPOS="989" HPOS="1490"/>
							<String ID="string_16" HPOS="1515" VPOS="990" WIDTH="40" HEIGHT="29" WC="0.94" CONTENT="kl."/><SP WIDTH="25" VPOS="990" HPOS="1555"/>
							<String ID="string_17" HPOS="1580" VPOS="990" WIDTH="17" HEIGHT="29" WC="0.92" CONTENT="2"/><SP WIDTH="25" VPOS="990" HPOS="1597"/>
							<String ID="string_18" HPOS="1622" VPOS="999" WIDTH="22" HEIGHT="19" WC="0.77" CONTENT="e"/><SP WIDTH="26" VPOS="999" HPOS="1644"/>
							<String ID="string_19" HPOS="1670" VPOS="999" WIDTH="36" HEIGHT="20" WC="0.83" CONTENT="m."/>
						</TextLine>
					</TextBlock>
				</ComposedBlock>
				<ComposedBlock ID="cblock_3" HPOS="413" VPOS="1150" WIDTH="1380" HEIGHT="47">
					<TextBlock ID="block_3" HPOS="413" VPOS="1150" WIDTH="1380" HEIGHT="47">
						<TextLine ID="line_3" HPOS="413" VPOS="1150" WIDTH="1380" HEIGHT="40">
							<String ID="string_20" HPOS="413" VPOS="1150" WIDTH="281" HEIGHT="33" WC="0.0" CONTENT="Konsirtutions-"/><SP WIDTH="11" VPOS="1150" HPOS="694"/>
							<String ID="string_21" HPOS="705" VPOS="1150" WIDTH="193" HEIGHT="34" WC="0.90" CONTENT="Utskottets"/><SP WIDTH="47" VPOS="1150" HPOS="898"/>
							<String ID="string_22" HPOS="945" VPOS="1150" WIDTH="248" HEIGHT="40" WC="0.90" CONTENT="Utlatande,"/><SP WIDTH="-10" VPOS="1150" HPOS="1193"/>
							<String ID="string_23" HPOS="1183" VPOS="1146" WIDTH="21" HEIGHT="48" WC="0.94" CONTENT="i"/><SP WIDTH="27" VPOS="1146" HPOS="1204"/>
							<String ID="string_24" HPOS="1231" VPOS="1151" WIDTH="179" HEIGHT="34" WC="0.94" CONTENT="anledning"/><SP WIDTH="53" VPOS="1151" HPOS="1410"/>
							<String ID="string_25" HPOS="1463" VPOS="1164" WIDTH="21" HEIGHT="20" WC="0.93" CONTENT="af"/><SP WIDTH="50" VPOS="1164" HPOS="1484"/>
							<String ID="string_26" HPOS="1534" VPOS="1150" WIDTH="101" HEIGHT="35" WC="0.96" CONTENT="väckt"/><SP WIDTH="30" VPOS="1150" HPOS="1635"/>
							<String ID="string_27" HPOS="1665" VPOS="1151" WIDTH="128" HEIGHT="34" WC="0.96" CONTENT="motion"/>
						</TextLine>
						<TextLine ID="line_4" HPOS="1398" VPOS="1164" WIDTH="84" HEIGHT="33">
							<String ID="string_28" HPOS="1398" VPOS="1164" WIDTH="24" HEIGHT="33" WC="0.46" CONTENT="gg"/><SP WIDTH="55" VPOS="1164" HPOS="1422"/>
							<String ID="string_29" HPOS="1477" VPOS="1191" WIDTH="5" HEIGHT="6" WC="0.85" CONTENT="a"/>
						</TextLine>
					</TextBlock>
				</ComposedBlock>
				<ComposedBlock ID="cblock_4" HPOS="608" VPOS="1217" WIDTH="1144" HEIGHT="48">
					<TextBlock ID="block_4" HPOS="608" VPOS="1217" WIDTH="1144" HEIGHT="48">
						<TextLine ID="line_5" HPOS="608" VPOS="1217" WIDTH="1144" HEIGHT="48">
							<String ID="string_30" HPOS="608" VPOS="1230" WIDTH="56" HEIGHT="21" WC="0.94" CONTENT="om"/><SP WIDTH="27" VPOS="1230" HPOS="664"/>
							<String ID="string_31" HPOS="691" VPOS="1217" WIDTH="154" HEIGHT="47" WC="0.95" CONTENT="ändring"/><SP WIDTH="29" VPOS="1217" HPOS="845"/>
							<String ID="string_32" HPOS="874" VPOS="1218" WIDTH="44" HEIGHT="47" WC="0.94" CONTENT="af"/><SP WIDTH="21" VPOS="1218" HPOS="918"/>
							<String ID="string_33" HPOS="939" VPOS="1218" WIDTH="24" HEIGHT="33" WC="0.90" CONTENT="2"/><SP WIDTH="28" VPOS="1218" HPOS="963"/>
							<String ID="string_34" HPOS="991" VPOS="1218" WIDTH="26" HEIGHT="47" WC="0.72" CONTENT="$"/><SP WIDTH="26" VPOS="1218" HPOS="1017"/>
							<String ID="string_35" HPOS="1043" VPOS="1218" WIDTH="23" HEIGHT="34" WC="0.96" CONTENT="4"/><SP WIDTH="27" VPOS="1218" HPOS="1066"/>
							<String ID="string_36" HPOS="1093" VPOS="1230" WIDTH="101" HEIGHT="22" WC="0.93" CONTENT="mom."/><SP WIDTH="37" VPOS="1230" HPOS="1194"/>
							<String ID="string_37" HPOS="1231" VPOS="1218" WIDTH="521" HEIGHT="47" WC="0.90" CONTENT="Tryckfrihets-förordningen."/>
						</TextLine>
					</TextBlock>
				</ComposedBlock>
				<ComposedBlock ID="cblock_5" HPOS="207" VPOS="1373" WIDTH="1586" HEIGHT="968">
					<TextBlock ID="block_5" HPOS="207" VPOS="1373" WIDTH="1586" HEIGHT="910">
						<TextLine ID="line_6" HPOS="362" VPOS="1373" WIDTH="1428" HEIGHT="39">
							<String ID="string_38" HPOS="362" VPOS="1373" WIDTH="110" HEIGHT="31" WC="0.96" CONTENT="Under"/><SP WIDTH="41" VPOS="1373" HPOS="472"/>
							<String ID="string_39" HPOS="513" VPOS="1373" WIDTH="211" HEIGHT="39" WC="0.94" CONTENT="åberopande"/><SP WIDTH="42" VPOS="1373" HPOS="724"/>
							<String ID="string_40" HPOS="766" VPOS="1374" WIDTH="100" HEIGHT="36" WC="0.87" CONTENT="deraf,"/><SP WIDTH="42" VPOS="1374" HPOS="866"/>
							<String ID="string_41" HPOS="908" VPOS="1378" WIDTH="43" HEIGHT="28" WC="0.95" CONTENT="att"/><SP WIDTH="40" VPOS="1378" HPOS="951"/>
							<String ID="string_42" HPOS="991" VPOS="1374" WIDTH="72" HEIGHT="31" WC="0.96" CONTENT="med"/><SP WIDTH="43" VPOS="1374" HPOS="1063"/>
							<String ID="string_43" HPOS="1106" VPOS="1374" WIDTH="193" HEIGHT="31" WC="0.0" CONTENT="nuvarande"/><SP WIDTH="42" VPOS="1374" HPOS="1299"/>
							<String ID="string_44" HPOS="1341" VPOS="1374" WIDTH="122" HEIGHT="31" WC="0.90" CONTENT="valsätt"/><SP WIDTH="41" VPOS="1374" HPOS="1463"/>
							<String ID="string_45" HPOS="1504" VPOS="1373" WIDTH="39" HEIGHT="32" WC="0.96" CONTENT="de"/><SP WIDTH="29" VPOS="1373" HPOS="1543"/>
							<String ID="string_46" HPOS="1572" VPOS="1374" WIDTH="218" HEIGHT="31" WC="0.96" CONTENT="kommunala"/>
						</TextLine>
						<TextLine ID="line_7" HPOS="210" VPOS="1424" WIDTH="1581" HEIGHT="40">
							<String ID="string_47" HPOS="210" VPOS="1424" WIDTH="275" HEIGHT="39" WC="0.95" CONTENT="myndigheterna"/><SP WIDTH="32" VPOS="1424" HPOS="485"/>
							<String ID="string_48" HPOS="517" VPOS="1425" WIDTH="153" HEIGHT="38" WC="0.93" CONTENT="vanligen"/><SP WIDTH="32" VPOS="1425" HPOS="670"/>
							<String ID="string_49" HPOS="702" VPOS="1425" WIDTH="133" HEIGHT="39" WC="0.89" CONTENT="utsåges"/><SP WIDTH="42" VPOS="1425" HPOS="835"/>
							<String ID="string_50" HPOS="877" VPOS="1426" WIDTH="48" HEIGHT="30" WC="0.93" CONTENT="till"/><SP WIDTH="30" VPOS="1426" HPOS="925"/>
							<String ID="string_51" HPOS="955" VPOS="1425" WIDTH="241" HEIGHT="39" WC="0.91" CONTENT="öfvervägande"/><SP WIDTH="29" VPOS="1425" HPOS="1196"/>
							<String ID="string_52" HPOS="1225" VPOS="1426" WIDTH="51" HEIGHT="30" WC="0.96" CONTENT="del"/><SP WIDTH="27" VPOS="1426" HPOS="1276"/>
							<String ID="string_53" HPOS="1303" VPOS="1425" WIDTH="39" HEIGHT="38" WC="0.96" CONTENT="af"/><SP WIDTH="21" VPOS="1425" HPOS="1342"/>
							<String ID="string_54" HPOS="1363" VPOS="1425" WIDTH="59" HEIGHT="30" WC="0.96" CONTENT="och"/><SP WIDTH="31" VPOS="1425" HPOS="1422"/>
							<String ID="string_55" HPOS="1453" VPOS="1425" WIDTH="101" HEIGHT="31" WC="0.96" CONTENT="oftast"/><SP WIDTH="27" VPOS="1425" HPOS="1554"/>
							<String ID="string_56" HPOS="1581" VPOS="1424" WIDTH="94" HEIGHT="32" WC="0.91" CONTENT="äfven"/><SP WIDTH="32" VPOS="1424" HPOS="1675"/>
							<String ID="string_57" HPOS="1707" VPOS="1426" WIDTH="84" HEIGHT="30" WC="0.34" CONTENT="mom"/>
						</TextLine>
						<TextLine ID="line_8" HPOS="207" VPOS="1475" WIDTH="1583" HEIGHT="40">
							<String ID="string_58" HPOS="207" VPOS="1484" WIDTH="39" HEIGHT="22" WC="0.92" CONTENT="en"/><SP WIDTH="43" VPOS="1484" HPOS="246"/>
							<String ID="string_59" HPOS="289" VPOS="1475" WIDTH="173" HEIGHT="40" WC="0.90" CONTENT="fåtaligare"/><SP WIDTH="41" VPOS="1475" HPOS="462"/>
							<String ID="string_60" HPOS="503" VPOS="1477" WIDTH="88" HEIGHT="30" WC="0.96" CONTENT="krets"/><SP WIDTH="43" VPOS="1477" HPOS="591"/>
							<String ID="string_61" HPOS="634" VPOS="1477" WIDTH="101" HEIGHT="30" WC="0.93" CONTENT="bland"/><SP WIDTH="31" VPOS="1477" HPOS="735"/>
							<String ID="string_62" HPOS="766" VPOS="1478" WIDTH="209" HEIGHT="32" WC="0.88" CONTENT="valmännen,"/><SP WIDTH="29" VPOS="1478" HPOS="975"/>
							<String ID="string_63" HPOS="1004" VPOS="1480" WIDTH="43" HEIGHT="28" WC="0.75" CONTENT="act"/><SP WIDTH="26" VPOS="1480" HPOS="1047"/>
							<String ID="string_64" HPOS="1073" VPOS="1477" WIDTH="9" HEIGHT="30" WC="0.95" CONTENT="i"/><SP WIDTH="30" VPOS="1477" HPOS="1082"/>
							<String ID="string_65" HPOS="1112" VPOS="1476" WIDTH="83" HEIGHT="33" WC="0.94" CONTENT="stad,"/><SP WIDTH="35" VPOS="1476" HPOS="1195"/>
							<String ID="string_66" HPOS="1230" VPOS="1476" WIDTH="57" HEIGHT="31" WC="0.96" CONTENT="der"/><SP WIDTH="29" VPOS="1476" HPOS="1287"/>
							<String ID="string_67" HPOS="1316" VPOS="1475" WIDTH="306" HEIGHT="40" WC="0.96" CONTENT="stadsfullmäktige"/><SP WIDTH="30" VPOS="1475" HPOS="1622"/>
							<String ID="string_68" HPOS="1652" VPOS="1475" WIDTH="138" HEIGHT="33" WC="0.0" CONTENT="funnes,"/>
						</TextLine>
						<TextLine ID="line_9" HPOS="208" VPOS="1526" WIDTH="1582" HEIGHT="41">
							<String ID="string_69" HPOS="208" VPOS="1527" WIDTH="113" HEIGHT="30" WC="0.91" CONTENT="desses"/><SP WIDTH="43" VPOS="1527" HPOS="321"/>
							<String ID="string_70" HPOS="364" VPOS="1526" WIDTH="196" HEIGHT="40" WC="0.94" CONTENT="befogenhet"/><SP WIDTH="44" VPOS="1526" HPOS="560"/>
							<String ID="string_71" HPOS="604" VPOS="1537" WIDTH="73" HEIGHT="21" WC="0.95" CONTENT="vore"/><SP WIDTH="35" VPOS="1537" HPOS="677"/>
							<String ID="string_72" HPOS="712" VPOS="1530" WIDTH="128" HEIGHT="37" WC="0.95" CONTENT="mycket"/><SP WIDTH="29" VPOS="1530" HPOS="840"/>
							<String ID="string_73" HPOS="869" VPOS="1532" WIDTH="68" HEIGHT="27" WC="0.96" CONTENT="stor"/><SP WIDTH="28" VPOS="1532" HPOS="937"/>
							<String ID="string_74" HPOS="965" VPOS="1532" WIDTH="79" HEIGHT="27" WC="0.96" CONTENT="enär"/><SP WIDTH="29" VPOS="1532" HPOS="1044"/>
							<String ID="string_75" HPOS="1073" VPOS="1529" WIDTH="38" HEIGHT="30" WC="0.96" CONTENT="de"/><SP WIDTH="30" VPOS="1529" HPOS="1111"/>
							<String ID="string_76" HPOS="1141" VPOS="1528" WIDTH="111" HEIGHT="30" WC="0.96" CONTENT="kunde"/><SP WIDTH="30" VPOS="1528" HPOS="1252"/>
							<String ID="string_77" HPOS="1282" VPOS="1533" WIDTH="93" HEIGHT="25" WC="0.93" CONTENT="snart"/><SP WIDTH="29" VPOS="1533" HPOS="1375"/>
							<String ID="string_78" HPOS="1404" VPOS="1527" WIDTH="97" HEIGHT="40" WC="0.92" CONTENT="sagdt"/><SP WIDTH="28" VPOS="1527" HPOS="1501"/>
							<String ID="string_79" HPOS="1529" VPOS="1526" WIDTH="84" HEIGHT="32" WC="0.93" CONTENT="efter"/><SP WIDTH="28" VPOS="1526" HPOS="1613"/>
							<String ID="string_80" HPOS="1641" VPOS="1526" WIDTH="149" HEIGHT="40" WC="0.90" CONTENT="godtfin-"/>
						</TextLine>
						<TextLine ID="line_10" HPOS="209" VPOS="1578" WIDTH="1578" HEIGHT="39">
							<String ID="string_81" HPOS="209" VPOS="1578" WIDTH="108" HEIGHT="31" WC="0.93" CONTENT="nande"/><SP WIDTH="30" VPOS="1578" HPOS="317"/>
							<String ID="string_82" HPOS="347" VPOS="1578" WIDTH="153" HEIGHT="31" WC="0.91" CONTENT="beskatta"/><SP WIDTH="31" VPOS="1578" HPOS="500"/>
							<String ID="string_83" HPOS="531" VPOS="1580" WIDTH="447" HEIGHT="37" WC="0.90" CONTENT="kommun-medlemmarne,"/><SP WIDTH="29" VPOS="1580" HPOS="978"/>
							<String ID="string_84" HPOS="1007" VPOS="1579" WIDTH="110" HEIGHT="31" WC="0.96" CONTENT="inleda"/><SP WIDTH="29" VPOS="1579" HPOS="1117"/>
							<String ID="string_85" HPOS="1146" VPOS="1579" WIDTH="203" HEIGHT="32" WC="0.95" CONTENT="kommunen"/><SP WIDTH="22" VPOS="1579" HPOS="1349"/>
							<String ID="string_86" HPOS="1371" VPOS="1579" WIDTH="8" HEIGHT="30" WC="0.93" CONTENT="i"/><SP WIDTH="21" VPOS="1579" HPOS="1379"/>
							<String ID="string_87" HPOS="1400" VPOS="1578" WIDTH="231" HEIGHT="32" WC="0.92" CONTENT="vidtutseende"/><SP WIDTH="30" VPOS="1578" HPOS="1631"/>
							<String ID="string_88" HPOS="1661" VPOS="1578" WIDTH="126" HEIGHT="39" WC="0.96" CONTENT="företag"/>
						</TextLine>
						<TextLine ID="line_11" HPOS="209" VPOS="1629" WIDTH="1582" HEIGHT="40">
							<String ID="string_89" HPOS="209" VPOS="1636" WIDTH="86" HEIGHT="23" WC="0.93" CONTENT="samt"/><SP WIDTH="42" VPOS="1636" HPOS="295"/>
							<String ID="string_90" HPOS="337" VPOS="1630" WIDTH="191" HEIGHT="32" WC="0.90" CONTENT="skuldsätta"/><SP WIDTH="42" VPOS="1630" HPOS="528"/>
							<String ID="string_91" HPOS="570" VPOS="1630" WIDTH="192" HEIGHT="32" WC="0.96" CONTENT="densamme"/><SP WIDTH="41" VPOS="1630" HPOS="762"/>
							<String ID="string_92" HPOS="803" VPOS="1631" WIDTH="48" HEIGHT="31" WC="0.96" CONTENT="för"/><SP WIDTH="39" VPOS="1631" HPOS="851"/>
							<String ID="string_93" HPOS="890" VPOS="1640" WIDTH="38" HEIGHT="21" WC="0.93" CONTENT="en"/><SP WIDTH="31" VPOS="1640" HPOS="928"/>
							<String ID="string_94" HPOS="959" VPOS="1630" WIDTH="190" HEIGHT="32" WC="0.84" CONTENT="mansålder"/><SP WIDTH="28" VPOS="1630" HPOS="1149"/>
							<String ID="string_95" HPOS="1177" VPOS="1630" WIDTH="60" HEIGHT="31" WC="0.96" CONTENT="och"/><SP WIDTH="30" VPOS="1630" HPOS="1237"/>
							<String ID="string_96" HPOS="1267" VPOS="1639" WIDTH="100" HEIGHT="30" WC="0.93" CONTENT="mera,"/><SP WIDTH="29" VPOS="1639" HPOS="1367"/>
							<String ID="string_97" HPOS="1396" VPOS="1630" WIDTH="182" HEIGHT="39" WC="0.92" CONTENT="hvarjemte"/><SP WIDTH="29" VPOS="1630" HPOS="1578"/>
							<String ID="string_98" HPOS="1607" VPOS="1630" WIDTH="38" HEIGHT="30" WC="0.95" CONTENT="de"/><SP WIDTH="30" VPOS="1630" HPOS="1645"/>
							<String ID="string_99" HPOS="1675" VPOS="1629" WIDTH="116" HEIGHT="40" WC="0.95" CONTENT="sjelfva"/>
						</TextLine>
						<TextLine ID="line_12" HPOS="210" VPOS="1679" WIDTH="1583" HEIGHT="42">
							<String ID="string_100" HPOS="210" VPOS="1680" WIDTH="96" HEIGHT="31" WC="0.30" CONTENT="valide"/><SP WIDTH="43" VPOS="1680" HPOS="306"/>
							<String ID="string_101" HPOS="349" VPOS="1681" WIDTH="264" HEIGHT="39" WC="0.90" CONTENT="drätselnämnd,"/><SP WIDTH="43" VPOS="1681" HPOS="613"/>
							<String ID="string_102" HPOS="656" VPOS="1681" WIDTH="341" HEIGHT="40" WC="0.90" CONTENT="fattigvårdsstyrelse"/><SP WIDTH="44" VPOS="1681" HPOS="997"/>
							<String ID="string_103" HPOS="1041" VPOS="1690" WIDTH="28" HEIGHT="22" WC="0.86" CONTENT="0."/><SP WIDTH="29" VPOS="1690" HPOS="1069"/>
							<String ID="string_104" HPOS="1098" VPOS="1691" WIDTH="24" HEIGHT="23" WC="0.62" CONTENT="s."/><SP WIDTH="27" VPOS="1691" HPOS="1122"/>
							<String ID="string_105" HPOS="1149" VPOS="1692" WIDTH="35" HEIGHT="23" WC="0.42" CONTENT="v."/><SP WIDTH="43" VPOS="1692" HPOS="1184"/>
							<String ID="string_106" HPOS="1227" VPOS="1679" WIDTH="117" HEIGHT="41" WC="0.90" CONTENT="utsåge"/><SP WIDTH="35" VPOS="1679" HPOS="1344"/>
							<String ID="string_107" HPOS="1379" VPOS="1681" WIDTH="162" HEIGHT="30" WC="0.96" CONTENT="revisorer"/><SP WIDTH="28" VPOS="1681" HPOS="1541"/>
							<String ID="string_108" HPOS="1569" VPOS="1685" WIDTH="50" HEIGHT="27" WC="0.96" CONTENT="att"/><SP WIDTH="27" VPOS="1685" HPOS="1619"/>
							<String ID="string_109" HPOS="1646" VPOS="1682" WIDTH="147" HEIGHT="38" WC="0.95" CONTENT="granska"/>
						</TextLine>
						<TextLine ID="line_13" HPOS="210" VPOS="1730" WIDTH="1581" HEIGHT="42">
							<String ID="string_110" HPOS="210" VPOS="1730" WIDTH="99" HEIGHT="32" WC="0.95" CONTENT="dessa"/><SP WIDTH="31" VPOS="1730" HPOS="309"/>
							<String ID="string_111" HPOS="340" VPOS="1733" WIDTH="179" HEIGHT="31" WC="0.96" CONTENT="nämnders"/><SP WIDTH="30" VPOS="1733" HPOS="519"/>
							<String ID="string_112" HPOS="549" VPOS="1732" WIDTH="209" HEIGHT="40" WC="0.96" CONTENT="förvaltning,"/><SP WIDTH="30" VPOS="1732" HPOS="758"/>
							<String ID="string_113" HPOS="788" VPOS="1733" WIDTH="64" HEIGHT="32" WC="0.91" CONTENT="läte"/><SP WIDTH="21" VPOS="1733" HPOS="852"/>
							<String ID="string_114" HPOS="873" VPOS="1733" WIDTH="222" HEIGHT="31" WC="0.90" CONTENT="revisorernes"/><SP WIDTH="28" VPOS="1733" HPOS="1095"/>
							<String ID="string_115" HPOS="1123" VPOS="1732" WIDTH="196" HEIGHT="32" WC="0.96" CONTENT="berättelser"/><SP WIDTH="28" VPOS="1732" HPOS="1319"/>
							<String ID="string_116" HPOS="1347" VPOS="1732" WIDTH="59" HEIGHT="30" WC="0.96" CONTENT="hos"/><SP WIDTH="30" VPOS="1732" HPOS="1406"/>
							<String ID="string_117" HPOS="1436" VPOS="1732" WIDTH="47" HEIGHT="39" WC="0.93" CONTENT="sig"/><SP WIDTH="28" VPOS="1732" HPOS="1483"/>
							<String ID="string_118" HPOS="1511" VPOS="1731" WIDTH="191" HEIGHT="40" WC="0.92" CONTENT="föredragas"/><SP WIDTH="30" VPOS="1731" HPOS="1702"/>
							<String ID="string_119" HPOS="1732" VPOS="1732" WIDTH="59" HEIGHT="31" WC="0.96" CONTENT="och"/>
						</TextLine>
						<TextLine ID="line_14" HPOS="209" VPOS="1781" WIDTH="1582" HEIGHT="42">
							<String ID="string_120" HPOS="209" VPOS="1782" WIDTH="174" HEIGHT="32" WC="0.96" CONTENT="beslutade"/><SP WIDTH="29" VPOS="1782" HPOS="383"/>
							<String ID="string_121" HPOS="412" VPOS="1793" WIDTH="49" HEIGHT="21" WC="0.96" CONTENT="om"/><SP WIDTH="33" VPOS="1793" HPOS="461"/>
							<String ID="string_122" HPOS="494" VPOS="1784" WIDTH="250" HEIGHT="39" WC="0.95" CONTENT="ansvarsfrihet,"/><SP WIDTH="28" VPOS="1784" HPOS="744"/>
							<String ID="string_123" HPOS="772" VPOS="1788" WIDTH="43" HEIGHT="28" WC="0.83" CONTENT="aft"/><SP WIDTH="27" VPOS="1788" HPOS="815"/>
							<String ID="string_124" HPOS="842" VPOS="1783" WIDTH="133" HEIGHT="32" WC="0.92" CONTENT="utanför"/><SP WIDTH="29" VPOS="1783" HPOS="975"/>
							<String ID="string_125" HPOS="1004" VPOS="1785" WIDTH="92" HEIGHT="30" WC="0.91" CONTENT="stode"/><SP WIDTH="28" VPOS="1785" HPOS="1096"/>
							<String ID="string_126" HPOS="1124" VPOS="1784" WIDTH="39" HEIGHT="31" WC="0.93" CONTENT="de"/><SP WIDTH="30" VPOS="1784" HPOS="1163"/>
							<String ID="string_127" HPOS="1193" VPOS="1783" WIDTH="262" HEIGHT="40" WC="0.91" CONTENT="skattskyldigas"/><SP WIDTH="28" VPOS="1783" HPOS="1455"/>
							<String ID="string_128" HPOS="1483" VPOS="1781" WIDTH="118" HEIGHT="41" WC="0.68" CONTENT="flertal,"/><SP WIDTH="17" VPOS="1781" HPOS="1601"/>
							<String ID="string_129" HPOS="1618" VPOS="1791" WIDTH="70" HEIGHT="23" WC="0.96" CONTENT="som"/><SP WIDTH="17" VPOS="1791" HPOS="1688"/>
							<String ID="string_130" HPOS="1705" VPOS="1783" WIDTH="86" HEIGHT="31" WC="0.96" CONTENT="hade"/>
						</TextLine>
						<TextLine ID="line_15" HPOS="210" VPOS="1834" WIDTH="1582" HEIGHT="41">
							<String ID="string_131" HPOS="210" VPOS="1835" WIDTH="193" HEIGHT="39" WC="0.95" CONTENT="rättmätiga"/><SP WIDTH="29" VPOS="1835" HPOS="403"/>
							<String ID="string_132" HPOS="432" VPOS="1834" WIDTH="146" HEIGHT="40" WC="0.96" CONTENT="anspråk"/><SP WIDTH="31" VPOS="1834" HPOS="578"/>
							<String ID="string_133" HPOS="609" VPOS="1834" WIDTH="42" HEIGHT="40" WC="0.96" CONTENT="på"/><SP WIDTH="29" VPOS="1834" HPOS="651"/>
							<String ID="string_134" HPOS="680" VPOS="1840" WIDTH="48" HEIGHT="26" WC="0.93" CONTENT="att"/><SP WIDTH="29" VPOS="1840" HPOS="728"/>
							<String ID="string_135" HPOS="757" VPOS="1835" WIDTH="270" HEIGHT="40" WC="0.90" CONTENT="skattebidragen"/><SP WIDTH="31" VPOS="1835" HPOS="1027"/>
							<String ID="string_136" HPOS="1058" VPOS="1835" WIDTH="93" HEIGHT="31" WC="0.96" CONTENT="klokt"/><SP WIDTH="28" VPOS="1835" HPOS="1151"/>
							<String ID="string_137" HPOS="1179" VPOS="1835" WIDTH="59" HEIGHT="32" WC="0.96" CONTENT="och"/><SP WIDTH="30" VPOS="1835" HPOS="1238"/>
							<String ID="string_138" HPOS="1268" VPOS="1840" WIDTH="177" HEIGHT="34" WC="0.96" CONTENT="sparsamt,"/><SP WIDTH="29" VPOS="1840" HPOS="1445"/>
							<String ID="string_139" HPOS="1474" VPOS="1835" WIDTH="74" HEIGHT="30" WC="0.95" CONTENT="med"/><SP WIDTH="29" VPOS="1835" HPOS="1548"/>
							<String ID="string_140" HPOS="1577" VPOS="1836" WIDTH="115" HEIGHT="37" WC="0.93" CONTENT="sträng"/><SP WIDTH="28" VPOS="1836" HPOS="1692"/>
							<String ID="string_141" HPOS="1720" VPOS="1834" WIDTH="72" HEIGHT="31" WC="0.89" CONTENT="red-"/>
						</TextLine>
						<TextLine ID="line_16" HPOS="210" VPOS="1884" WIDTH="1582" HEIGHT="39">
							<String ID="string_142" HPOS="210" VPOS="1884" WIDTH="104" HEIGHT="39" WC="0.96" CONTENT="lighet"/><SP WIDTH="27" VPOS="1884" HPOS="314"/>
							<String ID="string_143" HPOS="341" VPOS="1886" WIDTH="60" HEIGHT="30" WC="0.96" CONTENT="och"/><SP WIDTH="32" VPOS="1886" HPOS="401"/>
							<String ID="string_144" HPOS="433" VPOS="1891" WIDTH="79" HEIGHT="25" WC="0.93" CONTENT="utan"/><SP WIDTH="33" VPOS="1891" HPOS="512"/>
							<String ID="string_145" HPOS="545" VPOS="1886" WIDTH="215" HEIGHT="32" WC="0.84" CONTENT="mannamån,"/><SP WIDTH="29" VPOS="1886" HPOS="760"/>
							<String ID="string_146" HPOS="789" VPOS="1886" WIDTH="202" HEIGHT="32" WC="0.96" CONTENT="förvaltades"/><SP WIDTH="28" VPOS="1886" HPOS="991"/>
							<String ID="string_147" HPOS="1019" VPOS="1886" WIDTH="168" HEIGHT="31" WC="0.96" CONTENT="äfvensom"/><SP WIDTH="31" VPOS="1886" HPOS="1187"/>
							<String ID="string_148" HPOS="1218" VPOS="1890" WIDTH="50" HEIGHT="28" WC="0.96" CONTENT="att"/><SP WIDTH="27" VPOS="1890" HPOS="1268"/>
							<String ID="string_149" HPOS="1295" VPOS="1886" WIDTH="110" HEIGHT="30" WC="0.96" CONTENT="derom"/><SP WIDTH="31" VPOS="1886" HPOS="1405"/>
							<String ID="string_150" HPOS="1436" VPOS="1884" WIDTH="128" HEIGHT="33" WC="0.96" CONTENT="erhålla"/><SP WIDTH="28" VPOS="1884" HPOS="1564"/>
							<String ID="string_151" HPOS="1592" VPOS="1886" WIDTH="200" HEIGHT="37" WC="0.96" CONTENT="kännedom,"/>
						</TextLine>
						<TextLine ID="line_17" HPOS="209" VPOS="1936" WIDTH="1584" HEIGHT="41">
							<String ID="string_152" HPOS="209" VPOS="1938" WIDTH="44" HEIGHT="28" WC="0.96" CONTENT="att"/><SP WIDTH="28" VPOS="1938" HPOS="253"/>
							<String ID="string_153" HPOS="281" VPOS="1937" WIDTH="251" HEIGHT="39" WC="0.95" CONTENT="offentligheten"/><SP WIDTH="31" VPOS="1937" HPOS="532"/>
							<String ID="string_154" HPOS="563" VPOS="1946" WIDTH="76" HEIGHT="22" WC="0.96" CONTENT="vore"/><SP WIDTH="29" VPOS="1946" HPOS="639"/>
							<String ID="string_155" HPOS="668" VPOS="1937" WIDTH="48" HEIGHT="31" WC="0.96" CONTENT="för"/><SP WIDTH="29" VPOS="1937" HPOS="716"/>
							<String ID="string_156" HPOS="745" VPOS="1938" WIDTH="38" HEIGHT="31" WC="0.96" CONTENT="de"/><SP WIDTH="31" VPOS="1938" HPOS="783"/>
							<String ID="string_157" HPOS="814" VPOS="1938" WIDTH="126" HEIGHT="31" WC="0.93" CONTENT="mindre"/><SP WIDTH="30" VPOS="1938" HPOS="940"/>
							<String ID="string_158" HPOS="970" VPOS="1937" WIDTH="197" HEIGHT="40" WC="0.90" CONTENT="röstägande"/><SP WIDTH="29" VPOS="1937" HPOS="1167"/>
							<String ID="string_159" HPOS="1196" VPOS="1937" WIDTH="34" HEIGHT="31" WC="0.96" CONTENT="af"/><SP WIDTH="28" VPOS="1937" HPOS="1230"/>
							<String ID="string_160" HPOS="1258" VPOS="1938" WIDTH="104" HEIGHT="34" WC="0.96" CONTENT="större"/><SP WIDTH="30" VPOS="1938" HPOS="1362"/>
							<String ID="string_161" HPOS="1392" VPOS="1936" WIDTH="76" HEIGHT="40" WC="0.95" CONTENT="vigt,"/><SP WIDTH="28" VPOS="1936" HPOS="1468"/>
							<String ID="string_162" HPOS="1496" VPOS="1939" WIDTH="42" HEIGHT="28" WC="0.95" CONTENT="än"/><SP WIDTH="29" VPOS="1939" HPOS="1538"/>
							<String ID="string_163" HPOS="1567" VPOS="1936" WIDTH="63" HEIGHT="32" WC="0.93" CONTENT="den"/><SP WIDTH="30" VPOS="1936" HPOS="1630"/>
							<String ID="string_164" HPOS="1660" VPOS="1936" WIDTH="133" HEIGHT="41" WC="0.89" CONTENT="valrätt,"/>
						</TextLine>
						<TextLine ID="line_18" HPOS="208" VPOS="1987" WIDTH="1584" HEIGHT="41">
							<String ID="string_165" HPOS="208" VPOS="1996" WIDTH="117" HEIGHT="29" WC="0.96" CONTENT="genom"/><SP WIDTH="31" VPOS="1996" HPOS="325"/>
							<String ID="string_166" HPOS="356" VPOS="1988" WIDTH="134" HEIGHT="31" WC="0.96" CONTENT="hvilken"/><SP WIDTH="31" VPOS="1988" HPOS="490"/>
							<String ID="string_167" HPOS="521" VPOS="1988" WIDTH="38" HEIGHT="31" WC="0.95" CONTENT="de"/><SP WIDTH="31" VPOS="1988" HPOS="559"/>
							<String ID="string_168" HPOS="590" VPOS="1989" WIDTH="83" HEIGHT="32" WC="0.96" CONTENT="blott"/><SP WIDTH="29" VPOS="1989" HPOS="673"/>
							<String ID="string_169" HPOS="702" VPOS="1989" WIDTH="242" HEIGHT="39" WC="0.96" CONTENT="undantagsvis"/><SP WIDTH="30" VPOS="1989" HPOS="944"/>
							<String ID="string_170" HPOS="974" VPOS="1988" WIDTH="111" HEIGHT="32" WC="0.96" CONTENT="kunde"/><SP WIDTH="28" VPOS="1988" HPOS="1085"/>
							<String ID="string_171" HPOS="1113" VPOS="1991" WIDTH="78" HEIGHT="37" WC="0.96" CONTENT="göra"/><SP WIDTH="32" VPOS="1991" HPOS="1191"/>
							<String ID="string_172" HPOS="1223" VPOS="1988" WIDTH="49" HEIGHT="31" WC="0.96" CONTENT="sin"/><SP WIDTH="30" VPOS="1988" HPOS="1272"/>
							<String ID="string_173" HPOS="1302" VPOS="1988" WIDTH="76" HEIGHT="39" WC="0.96" CONTENT="vilja"/><SP WIDTH="29" VPOS="1988" HPOS="1378"/>
							<String ID="string_174" HPOS="1407" VPOS="1987" WIDTH="81" HEIGHT="32" WC="0.96" CONTENT="hörd"/><SP WIDTH="29" VPOS="1987" HPOS="1488"/>
							<String ID="string_175" HPOS="1517" VPOS="1987" WIDTH="61" HEIGHT="31" WC="0.96" CONTENT="och"/><SP WIDTH="22" VPOS="1987" HPOS="1578"/>
							<String ID="string_176" HPOS="1600" VPOS="1996" WIDTH="67" HEIGHT="22" WC="0.93" CONTENT="som"/><SP WIDTH="18" VPOS="1996" HPOS="1667"/>
							<String ID="string_177" HPOS="1685" VPOS="1987" WIDTH="107" HEIGHT="32" WC="0.89" CONTENT="blefve"/>
						</TextLine>
						<TextLine ID="line_19" HPOS="209" VPOS="2038" WIDTH="1582" HEIGHT="41">
							<String ID="string_178" HPOS="209" VPOS="2038" WIDTH="49" HEIGHT="29" WC="0.95" CONTENT="för"/><SP WIDTH="40" VPOS="2038" HPOS="258"/>
							<String ID="string_179" HPOS="298" VPOS="2039" WIDTH="71" HEIGHT="31" WC="0.95" CONTENT="dem"/><SP WIDTH="44" VPOS="2039" HPOS="369"/>
							<String ID="string_180" HPOS="413" VPOS="2044" WIDTH="89" HEIGHT="26" WC="0.91" CONTENT="ännu"/><SP WIDTH="42" VPOS="2044" HPOS="502"/>
							<String ID="string_181" HPOS="544" VPOS="2040" WIDTH="185" HEIGHT="39" WC="0.85" CONTENT="onyttigare"/><SP WIDTH="29" VPOS="2040" HPOS="729"/>
							<String ID="string_182" HPOS="758" VPOS="2041" WIDTH="9" HEIGHT="29" WC="0.96" CONTENT="i"/><SP WIDTH="30" VPOS="2041" HPOS="767"/>
							<String ID="string_183" HPOS="797" VPOS="2040" WIDTH="74" HEIGHT="31" WC="0.96" CONTENT="mån"/><SP WIDTH="31" VPOS="2040" HPOS="871"/>
							<String ID="string_184" HPOS="902" VPOS="2049" WIDTH="67" HEIGHT="22" WC="0.96" CONTENT="som"/><SP WIDTH="31" VPOS="2049" HPOS="969"/>
							<String ID="string_185" HPOS="1000" VPOS="2039" WIDTH="205" HEIGHT="39" WC="0.96" CONTENT="fullmäktige"/><SP WIDTH="29" VPOS="2039" HPOS="1205"/>
							<String ID="string_186" HPOS="1234" VPOS="2039" WIDTH="112" HEIGHT="31" WC="0.96" CONTENT="kunde"/><SP WIDTH="29" VPOS="2039" HPOS="1346"/>
							<String ID="string_187" HPOS="1375" VPOS="2039" WIDTH="60" HEIGHT="31" WC="0.96" CONTENT="och"/><SP WIDTH="29" VPOS="2039" HPOS="1435"/>
							<String ID="string_188" HPOS="1464" VPOS="2039" WIDTH="76" HEIGHT="31" WC="0.93" CONTENT="ville"/><SP WIDTH="29" VPOS="2039" HPOS="1540"/>
							<String ID="string_189" HPOS="1569" VPOS="2039" WIDTH="222" HEIGHT="38" WC="0.91" CONTENT="undandraga"/>
						</TextLine>
						<TextLine ID="line_20" HPOS="210" VPOS="2089" WIDTH="1580" HEIGHT="41">
							<String ID="string_190" HPOS="210" VPOS="2089" WIDTH="49" HEIGHT="37" WC="0.95" CONTENT="sig"/><SP WIDTH="42" VPOS="2089" HPOS="259"/>
							<String ID="string_191" HPOS="301" VPOS="2090" WIDTH="58" HEIGHT="30" WC="0.95" CONTENT="och"/><SP WIDTH="45" VPOS="2090" HPOS="359"/>
							<String ID="string_192" HPOS="404" VPOS="2091" WIDTH="73" HEIGHT="30" WC="0.96" CONTENT="sina"/><SP WIDTH="42" VPOS="2091" HPOS="477"/>
							<String ID="string_193" HPOS="519" VPOS="2090" WIDTH="162" HEIGHT="31" WC="0.89" CONTENT="nämnder"/><SP WIDTH="40" VPOS="2090" HPOS="681"/>
							<String ID="string_194" HPOS="721" VPOS="2091" WIDTH="268" HEIGHT="39" WC="0.74" CONTENT="offentlighetens"/><SP WIDTH="42" VPOS="2091" HPOS="989"/>
							<String ID="string_195" HPOS="1031" VPOS="2091" WIDTH="222" HEIGHT="39" WC="0.92" CONTENT="granskning."/><SP WIDTH="39" VPOS="2091" HPOS="1253"/>
							<String ID="string_196" HPOS="1292" VPOS="2093" WIDTH="45" HEIGHT="28" WC="0.92" CONTENT="att"/><SP WIDTH="26" VPOS="2093" HPOS="1337"/>
							<String ID="string_197" HPOS="1363" VPOS="2089" WIDTH="96" HEIGHT="32" WC="0.95" CONTENT="äfven"/><SP WIDTH="32" VPOS="2089" HPOS="1459"/>
							<String ID="string_198" HPOS="1491" VPOS="2089" WIDTH="41" HEIGHT="40" WC="0.96" CONTENT="på"/><SP WIDTH="28" VPOS="2089" HPOS="1532"/>
							<String ID="string_199" HPOS="1560" VPOS="2089" WIDTH="230" HEIGHT="40" WC="0.95" CONTENT="landsbygden"/>
						</TextLine>
						<TextLine ID="line_21" HPOS="210" VPOS="2139" WIDTH="1581" HEIGHT="42">
							<String ID="string_200" HPOS="210" VPOS="2141" WIDTH="167" HEIGHT="31" WC="0.96" CONTENT="skärande"/><SP WIDTH="30" VPOS="2141" HPOS="377"/>
							<String ID="string_201" HPOS="407" VPOS="2140" WIDTH="327" HEIGHT="33" WC="0.91" CONTENT="missförhållanden."/><SP WIDTH="30" VPOS="2140" HPOS="734"/>
							<String ID="string_202" HPOS="764" VPOS="2142" WIDTH="192" HEIGHT="39" WC="0.90" CONTENT="beslägtade"/><SP WIDTH="29" VPOS="2142" HPOS="956"/>
							<String ID="string_203" HPOS="985" VPOS="2142" WIDTH="73" HEIGHT="31" WC="0.96" CONTENT="med"/><SP WIDTH="30" VPOS="2142" HPOS="1058"/>
							<String ID="string_204" HPOS="1088" VPOS="2142" WIDTH="38" HEIGHT="31" WC="0.96" CONTENT="de"/><SP WIDTH="29" VPOS="2142" HPOS="1126"/>
							<String ID="string_205" HPOS="1155" VPOS="2141" WIDTH="97" HEIGHT="32" WC="0.95" CONTENT="ofvan"/><SP WIDTH="30" VPOS="2141" HPOS="1252"/>
							<String ID="string_206" HPOS="1282" VPOS="2141" WIDTH="156" HEIGHT="39" WC="0.96" CONTENT="antydde,"/><SP WIDTH="29" VPOS="2141" HPOS="1438"/>
							<String ID="string_207" HPOS="1467" VPOS="2139" WIDTH="178" HEIGHT="33" WC="0.93" CONTENT="emellanåt"/><SP WIDTH="25" VPOS="2139" HPOS="1645"/>
							<String ID="string_208" HPOS="1670" VPOS="2140" WIDTH="121" HEIGHT="40" WC="0.88" CONTENT="ådroge"/>
						</TextLine>
						<TextLine ID="line_22" HPOS="210" VPOS="2190" WIDTH="1582" HEIGHT="43">
							<String ID="string_209" HPOS="210" VPOS="2190" WIDTH="48" HEIGHT="39" WC="0.95" CONTENT="sig"/><SP WIDTH="42" VPOS="2190" HPOS="258"/>
							<String ID="string_210" HPOS="300" VPOS="2192" WIDTH="173" HEIGHT="40" WC="0.95" CONTENT="obehaglig"/><SP WIDTH="43" VPOS="2192" HPOS="473"/>
							<String ID="string_211" HPOS="516" VPOS="2193" WIDTH="309" HEIGHT="40" WC="0.95" CONTENT="uppmärksamhet,"/><SP WIDTH="40" VPOS="2193" HPOS="825"/>
							<String ID="string_212" HPOS="865" VPOS="2196" WIDTH="81" HEIGHT="28" WC="0.95" CONTENT="samt"/><SP WIDTH="31" VPOS="2196" HPOS="946"/>
							<String ID="string_213" HPOS="977" VPOS="2195" WIDTH="46" HEIGHT="29" WC="0.65" CONTENT="att"/><SP WIDTH="28" VPOS="2195" HPOS="1023"/>
							<String ID="string_214" HPOS="1051" VPOS="2192" WIDTH="76" HEIGHT="32" WC="0.96" CONTENT="flere"/><SP WIDTH="30" VPOS="2192" HPOS="1127"/>
							<String ID="string_215" HPOS="1157" VPOS="2192" WIDTH="147" HEIGHT="40" WC="0.96" CONTENT="exempel"/><SP WIDTH="28" VPOS="2192" HPOS="1304"/>
							<String ID="string_216" HPOS="1332" VPOS="2191" WIDTH="121" HEIGHT="32" WC="0.93" CONTENT="funnes"/><SP WIDTH="29" VPOS="2191" HPOS="1453"/>
							<String ID="string_217" HPOS="1482" VPOS="2190" WIDTH="112" HEIGHT="41" WC="0.91" CONTENT="derpå,"/><SP WIDTH="30" VPOS="2190" HPOS="1594"/>
							<String ID="string_218" HPOS="1624" VPOS="2194" WIDTH="48" HEIGHT="28" WC="0.93" CONTENT="att"/><SP WIDTH="28" VPOS="2194" HPOS="1672"/>
							<String ID="string_219" HPOS="1700" VPOS="2193" WIDTH="92" HEIGHT="29" WC="0.89" CONTENT="kom-"/>
						</TextLine>
						<TextLine ID="line_23" HPOS="210" VPOS="2242" WIDTH="1582" HEIGHT="41">
							<String ID="string_220" HPOS="210" VPOS="2244" WIDTH="138" HEIGHT="30" WC="0.90" CONTENT="munala"/><SP WIDTH="30" VPOS="2244" HPOS="348"/>
							<String ID="string_221" HPOS="378" VPOS="2244" WIDTH="229" HEIGHT="39" WC="0.96" CONTENT="myndigheter"/><SP WIDTH="28" VPOS="2244" HPOS="607"/>
							<String ID="string_222" HPOS="635" VPOS="2248" WIDTH="115" HEIGHT="30" WC="0.95" CONTENT="vägrat"/><SP WIDTH="29" VPOS="2248" HPOS="750"/>
							<String ID="string_223" HPOS="779" VPOS="2247" WIDTH="48" HEIGHT="28" WC="0.95" CONTENT="att"/><SP WIDTH="28" VPOS="2247" HPOS="827"/>
							<String ID="string_224" HPOS="855" VPOS="2244" WIDTH="90" HEIGHT="31" WC="0.95" CONTENT="hålla"/><SP WIDTH="27" VPOS="2244" HPOS="945"/>
							<String ID="string_225" HPOS="972" VPOS="2244" WIDTH="75" HEIGHT="31" WC="0.95" CONTENT="sina"/><SP WIDTH="28" VPOS="2244" HPOS="1047"/>
							<String ID="string_226" HPOS="1075" VPOS="2244" WIDTH="202" HEIGHT="39" WC="0.91" CONTENT="handlingar"/><SP WIDTH="27" VPOS="2244" HPOS="1277"/>
							<String ID="string_227" HPOS="1304" VPOS="2242" WIDTH="49" HEIGHT="32" WC="0.95" CONTENT="för"/><SP WIDTH="28" VPOS="2242" HPOS="1353"/>
							<String ID="string_228" HPOS="1381" VPOS="2243" WIDTH="227" HEIGHT="32" WC="0.93" CONTENT="allmänheten"/><SP WIDTH="28" VPOS="2243" HPOS="1608"/>
							<String ID="string_229" HPOS="1636" VPOS="2243" WIDTH="156" HEIGHT="39" WC="0.92" CONTENT="tillgäng-"/>
						</TextLine>
					</TextBlock>
					<TextBlock ID="block_6" HPOS="261" VPOS="2303" WIDTH="918" HEIGHT="38">
						<TextLine ID="line_24" HPOS="261" VPOS="2303" WIDTH="918" HEIGHT="38">
							<String ID="string_230" HPOS="261" VPOS="2303" WIDTH="75" HEIGHT="31" WC="0.72" CONTENT="PBih."/><SP WIDTH="30" VPOS="2303" HPOS="336"/>
							<String ID="string_231" HPOS="366" VPOS="2306" WIDTH="50" HEIGHT="29" WC="0.92" CONTENT="till"/><SP WIDTH="32" VPOS="2306" HPOS="416"/>
							<String ID="string_232" HPOS="448" VPOS="2304" WIDTH="106" HEIGHT="32" WC="0.88" CONTENT="Riksd."/><SP WIDTH="32" VPOS="2304" HPOS="554"/>
							<String ID="string_233" HPOS="586" VPOS="2305" WIDTH="82" HEIGHT="31" WC="0.94" CONTENT="Prot."/><SP WIDTH="34" VPOS="2305" HPOS="668"/>
							<String ID="string_234" HPOS="702" VPOS="2307" WIDTH="86" HEIGHT="28" WC="0.92" CONTENT="1875."/><SP WIDTH="54" VPOS="2307" HPOS="788"/>
							<String ID="string_235" HPOS="842" VPOS="2307" WIDTH="20" HEIGHT="28" WC="0.91" CONTENT="3"/><SP WIDTH="28" VPOS="2307" HPOS="862"/>
							<String ID="string_236" HPOS="890" VPOS="2305" WIDTH="97" HEIGHT="30" WC="0.41" CONTENT="Som!."/><SP WIDTH="56" VPOS="2305" HPOS="987"/>
							<String ID="string_237" HPOS="1043" VPOS="2306" WIDTH="19" HEIGHT="28" WC="0.89" CONTENT="7"/><SP WIDTH="31" VPOS="2306" HPOS="1062"/>
							<String ID="string_238" HPOS="1093" VPOS="2304" WIDTH="86" HEIGHT="37" WC="0.37" CONTENT="Håöft."/>
						</TextLine>
					</TextBlock>
				</ComposedBlock>
			</PrintSpace>
		</Page>
	</Layout>
</alto>
