2236 2622
742 143 248 33 Statsutskottets
1014 141 161 34 utlåtande
1199 144 50 30 Nr
1272 142 73 32 188.
1775 139 16 32 7

245 223 190 37 storleken
473 237 46 23 av
558 223 63 37 det
658 223 57 36 för
743 223 212 36 ändamålet
983 222 167 49 begärda
1179 221 174 49 anslaget
1381 220 138 47 25,000
1547 218 148 48 kronor,
1723 218 116 37 vilket

240 275 372 50 järnvägsstyrelsen
640 274 125 37 funnit
792 274 186 50 lämpligt.

374 327 199 38 Utskottet
616 327 65 36 vill
723 326 94 37 dock
846 327 98 36 hava
971 326 147 46 uttalat,
1148 332 53 30 att
1229 324 216 49 beviljande
1474 336 46 24 av
1550 322 131 48 anslag
1709 321 55 38 till
1791 335 47 24 en

245 378 116 37 sådan
403 378 204 48 utredning
647 378 83 37 icke
758 379 11 35 i
797 380 126 46 någon
966 381 85 33 mån
1094 378 56 36 får
1191 390 108 24 anses
1332 375 181 37 innebära
1541 387 46 24 en
1616 374 225 37 förbindelse

247 432 84 35 från
372 430 227 49 riksdagens
628 430 93 47 sida,
751 435 53 31 att
831 442 46 23 en
901 430 164 48 järnväg
1092 443 137 35 genom
1259 426 290 50 ifrågavarande
1577 426 141 37 trakter
1746 425 94 37 skall

245 483 152 36 komma
424 481 57 37 till
509 481 121 37 stånd.
898 492 3 3 |

375 532 195 38 Utskottet
596 532 57 37 får
681 533 155 36 sålunda
864 532 209 48 hemställa,

777 633 53 31 att
857 627 204 48 riksdagen
1090 630 71 44 må,
1189 627 12 37 i
1230 626 205 49 anledning
1462 639 47 23 av
1537 625 86 37 herr
1650 623 191 50 Asplunds

647 694 48 22 m.
734 679 35 36 ff.
808 679 70 37 och
910 679 87 37 herr
1035 679 191 37 Stenudds
1264 678 259 37 ovanberörda
1560 676 193 47 motioner,
1783 676 59 37 för

648 731 275 37 verkställande
965 745 46 23 av
1047 745 45 23 en
1121 730 151 50 allsidig
1300 730 205 48 utredning
1533 742 139 36 genom
1700 733 142 32 statens

647 784 152 48 försorg
833 783 161 37 rörande
1031 783 162 37 behovet
1220 796 46 23 av
1295 783 70 36 och
1392 781 366 48 förutsättningarna
1787 780 57 36 för

648 849 47 23 en
731 835 429 49 järnvägsanläggning
1199 847 139 37 genom
1380 834 110 36 Kalix
1518 833 74 50 och
1616 833 122 36 Torne
1766 832 77 35 älv-

648 887 104 37 dalar
792 887 78 35 från
914 887 127 36 Neder
1080 887 112 36 Kalix
1234 887 90 36 eller
1357 884 185 49 möjligen
1571 876 98 45 Över
1697 884 146 35 Torneå

648 938 98 37 förbi
788 937 268 51 Svappavaara
1096 952 48 22 m.
1183 938 36 36 fl.
1258 937 186 37 malmfält
1481 937 58 36 till
1574 936 147 36 Kiruna
1755 935 88 36 eller

649 1004 124 22 annan
814 990 161 49 lämplig
1006 990 123 49 punkt
1162 992 20 34 å
1211 988 335 50 riksgränsbanan,
1580 990 20 33 å
1631 992 107 31 extra
1769 992 75 30 stat

650 1043 57 35 för
746 1045 39 33 år
824 1043 97 36 1918
955 1042 131 37 anvisa
1122 1046 54 32 ett
1208 1041 311 48 förslagsanslag,
1554 1040 123 48 högst,
1706 1039 137 48 25,000

649 1095 174 36 kronor.»
