2244 2628
376 173 20 31 2
801 171 404 33 Konstilutionsutskottets
1229 171 169 32 utlåtande
1420 173 53 30 Nr
1497 174 52 29 10.

376 261 133 41 färdiga
545 261 128 41 förslag
702 261 9 30 i
740 260 121 32 väckta
896 261 123 40 frågor,
1046 262 36 30 så
1107 265 48 27 att
1180 260 96 32 dessa
1300 261 85 31 efter
1409 260 190 41 antagande
1625 260 10 31 i
1660 260 180 41 riksdagen
1866 261 112 32 kunde

376 306 191 40 föreläggas
604 305 127 41 Kungl.
768 305 95 41 Maj:t
887 305 10 30 i
922 305 179 41 slutgiltigt
1126 305 103 32 skick.
1277 304 58 32 Ett
1359 305 122 42 viktigt
1506 304 175 33 önskemål
1705 305 9 30 i
1739 304 86 33 hans
1851 306 127 31 motion

377 355 36 26 är
437 355 87 27 även
548 354 49 28 att
622 349 123 33 bereda
770 349 257 41 sysselsättning
1052 351 33 30 åt
1109 353 47 29 ett
1180 353 104 28 större
1310 350 91 31 antal
1418 349 224 32 medlemmar
1659 360 42 21 av
1718 349 181 41 riksdagen
1917 351 62 31 och

377 394 134 32 särskilt
535 405 42 21 av
603 394 106 32 andra
733 394 198 31 kammaren
956 394 49 31 uti
1030 394 40 31 de
1096 394 156 41 ständiga
1275 393 182 33 utskotten.

484 439 77 31 Vad
598 438 211 32 motionären
845 438 143 32 sålunda
1023 449 98 21 avser
1156 438 78 32 med
1270 438 56 32 sitt
1361 438 126 42 förslag
1512 443 44 32 är,
1584 438 104 41 enligt
1712 438 179 32 utskottets
1915 439 63 31 för-

377 484 179 37 menande,
593 487 76 28 värt
704 483 58 31 allt
786 483 226 32 erkännande.
1062 482 65 32 Om
1152 483 283 41 riksdagsarbetet
1459 483 115 31 kunde
1600 482 168 32 anordnas
1793 484 43 39 på
1861 483 118 32 sådant

378 533 74 34 sätt,
478 532 48 28 att
549 539 43 20 en
617 527 165 32 snabbare
807 527 208 41 behandling
1040 538 43 21 av
1108 527 169 32 ärendena
1302 527 265 41 möjliggjordes,
1594 528 36 31 så
1654 526 106 33 skulle
1787 527 91 32 detta
1897 532 81 27 utan

377 573 106 33 tvivel
518 583 82 21 vara
635 572 51 32 till
720 571 118 33 fördel.
888 572 123 32 Likaså
1047 572 107 32 skulle
1180 572 55 32 det
1259 582 82 31 vara
1365 572 147 41 lyckligt,
1539 582 56 21 om
1620 571 93 32 tiden
1738 572 53 31 för
1815 571 163 42 riksdags-

378 618 128 31 arbetet
541 616 115 32 kunde
693 616 181 42 begränsas
906 616 50 32 till
979 617 77 41 fyra
1081 616 171 32 månader.
1302 616 283 33 Onskvärdheten
1610 616 105 31 härav
1739 616 62 31 har
1826 621 86 27 även
1937 619 43 39 på

378 662 89 31 olika
503 665 65 28 sätt
603 661 204 32 framhållits
843 661 93 32 såväl
970 661 94 32 inom
1088 672 74 21 som
1186 664 95 29 utom
1307 660 189 42 riksdagen,
1523 661 64 32 och
1611 660 136 41 förslag,
1774 672 73 20 som
1872 665 108 28 avsett

378 706 97 32 dessa
511 706 132 41 syftens
668 705 180 39 vinnande,
874 706 88 31 hava
987 707 90 40 gång
1102 706 85 32 efter
1211 716 114 21 annan
1349 705 86 32 varit
1460 705 144 32 föremål
1628 706 53 31 för
1705 705 198 42 riksdagens
1928 706 51 31 be-

377 751 176 41 handling.
602 749 172 33 Utskottet
808 751 127 31 erinrar
967 750 9 31 i
1008 750 120 32 sådant
1152 750 193 32 hänseende
1370 761 56 20 om
1451 749 40 32 de
1515 750 130 40 förslag
1669 749 49 32 till
1741 750 171 31 utökande
1937 761 42 21 av

379 795 40 32 de
456 795 156 41 ständiga
640 794 189 33 utskottens
854 795 100 38 antal,
981 805 73 22 som
1080 794 58 32 vid
1163 794 88 32 olika
1275 794 156 32 tillfällen
1455 794 246 32 framkommit.
1732 827 1 9 ,
1749 794 121 31 Redan
1897 795 85 32 1869

378 840 137 32 väcktes
539 839 131 32 motion
695 850 56 21 om
776 839 205 32 inrättandet
1006 850 42 21 av
1073 843 47 28 ett
1145 839 149 41 ständigt
1323 838 345 33 »revisionsutskott».
1712 839 48 30 År
1787 839 85 42 1895
1896 840 84 31 före-

379 884 89 41 slogs
493 883 187 33 utökandet
704 894 43 21 av
771 883 40 33 de
837 883 155 42 ständiga
1016 883 173 33 utskotten
1214 883 78 32 med
1317 887 47 29 ett
1384 883 407 42 »granskningsutskott».
1829 883 48 31 Ar
1896 884 83 31 1899

377 928 185 32 framlades
598 939 43 21 en
677 928 129 32 motion
842 939 56 21 om
934 932 75 28 vart
1044 928 64 32 och
1139 932 47 28 ett
1209 938 43 22 av
1277 932 102 34 stats-,
1405 927 216 42 bevillnings-
1647 927 63 33 och
1733 927 246 42 lagutskottens

377 973 168 41 klyvning
569 973 10 31 i
604 974 59 31 två
686 973 137 32 utskott.
869 973 99 32 Detta
992 972 129 42 förslag
1145 972 184 32 framlades
1353 974 44 39 på
1420 976 75 37 nytt
1518 972 59 31 vid
1602 972 196 41 påföljande
1824 974 53 30 års
1901 972 78 32 riks-

378 1018 75 41 dag,
491 1017 43 32 då
563 1022 87 27 även
675 1018 129 31 motion
828 1018 136 32 väcktes
989 1028 57 21 om
1071 1017 94 32 såväl
1189 1017 40 32 de
1254 1017 156 41 ständiga
1434 1027 72 21 som
1532 1016 41 32 de
1598 1016 168 41 tillfälliga
1790 1016 190 33 utskottens

377 1062 190 32 ersättande
606 1062 79 32 med
708 1062 47 32 tio
779 1062 157 42 ständiga
959 1062 138 32 utskott.
1148 1062 164 41 Samtliga
1337 1061 96 32 dessa
1457 1061 128 41 förslag
1609 1061 99 32 blevo
1732 1071 43 21 av
1800 1061 180 42 riksdagen

377 1106 172 42 avslagna.
599 1106 124 32 Likaså
755 1107 134 41 avslogs
923 1111 46 28 ett
993 1117 43 22 av
1060 1105 406 33 konstitutionsutskottet
1495 1106 5 31 i
1525 1105 167 32 samband
1716 1105 78 32 med
1820 1105 75 33 dess
1919 1110 60 37 ytt-

377 1151 104 32 rande
507 1156 80 27 över
612 1151 41 32 de
678 1153 36 30 år
741 1151 83 32 1900
848 1152 11 30 i
883 1156 114 28 ämnet
1022 1151 121 32 väckta
1168 1151 166 32 motioner
1350 1150 161 42 framlagt
1527 1150 129 42 förslag
1672 1161 56 21 om
1745 1150 235 41 lagutskottets

377 1195 214 43 uppdelning
626 1197 44 40 på
704 1197 58 31 två
797 1196 136 32 utskott.
983 1196 112 31 Sedan
1119 1195 126 42 Kungl.
1272 1195 97 41 Maj:t
1393 1195 154 32 tillkallat
1571 1194 260 33 kommitterade
1856 1195 53 32 för
1933 1199 47 28 att

378 1241 124 41 avgiva
526 1240 215 32 betänkande
766 1241 143 31 rörande
934 1239 156 43 åtgärder
1114 1240 54 32 för
1192 1239 192 33 beredande
1406 1250 43 22 av
1466 1239 130 33 lättnad
1614 1239 9 31 i
1641 1239 197 41 riksdagens
1856 1239 122 39 arbete,

378 1285 184 32 framlades
586 1287 45 39 på
655 1285 212 41 grundvalen
892 1296 42 21 av
959 1284 151 32 nämnda
1134 1284 278 32 kommitterades
1432 1284 128 41 förslag
1577 1294 43 22 en
1636 1284 116 41 kungl.
1770 1284 210 41 proposition

378 1330 59 32 vid
464 1330 83 31 1908
572 1331 53 30 års
651 1329 145 42 riksdag,
822 1330 73 31 vari
920 1329 103 32 bland
1047 1333 105 28 annat
1176 1329 164 41 föreslogs
1365 1328 205 33 inrättandet
1595 1339 43 21 av
1663 1332 45 28 ett
1732 1332 76 37 nytt
1832 1328 150 42 ständigt

378 1374 139 38 utskott,
542 1378 47 28 ett
614 1385 24 21 s.
664 1374 31 32 k.
725 1374 211 41 »jordbruks-
961 1374 63 32 och
1049 1373 288 33 domänutskott».
1375 1373 78 32 Med
1477 1373 186 41 anledning
1687 1384 42 20 av
1748 1372 111 32 denna
1876 1373 103 41 kung-

379 1420 67 41 liga
470 1419 210 42 proposition
705 1418 135 33 väcktes
865 1418 58 32 vid
948 1429 131 21 samma
1104 1420 53 30 års
1181 1418 138 41 riksdag
1343 1429 42 20 en
1409 1418 129 32 motion
1556 1429 56 20 om
1631 1417 205 32 inrättandet
1853 1428 43 21 av
1913 1419 67 31 åtta

379 1463 155 42 ständiga
563 1463 138 33 utskott.
749 1463 159 32 Nämnda
932 1463 130 32 motion
1086 1463 79 32 blev
1189 1473 42 21 av
1256 1463 181 41 riksdagen
1461 1463 172 40 avslagen,
1659 1461 123 33 medan
1807 1463 70 31 åter
1902 1462 78 32 riks-

379 1508 110 42 dagen
524 1512 104 37 antog
664 1507 126 42 Kungl.
823 1508 113 41 Maj:ts
960 1507 129 42 förslag
1114 1518 56 21 om
1195 1511 46 28 ett
1264 1511 77 37 nytt
1365 1506 147 42 ständigt
1537 1506 138 38 utskott,
1702 1506 85 32 dock
1812 1506 79 32 med
1915 1507 65 31 den

378 1553 210 41 förändring,
621 1556 48 28 att
694 1552 188 32 detsamma
906 1552 107 32 skulle
1038 1552 106 31 kallas
1173 1551 394 41 »jordbruksutskottet».
1616 1551 139 41 Förslag
1780 1551 10 30 i
1815 1551 66 32 den
1905 1551 75 32 rikt-

378 1598 84 41 ning
497 1597 213 32 motionären
745 1596 213 39 framställer,
995 1600 48 28 att
1078 1596 67 32 låta
1175 1596 182 31 kamrarna
1381 1599 246 38 representeras
1652 1595 10 31 i
1685 1595 173 32 utskotten
1883 1595 10 31 i
1917 1596 63 31 för-

378 1642 158 32 hållande
560 1642 51 32 till
636 1641 52 32 sin
713 1641 132 37 storlek,
871 1641 104 32 vilket
1000 1640 107 32 skulle
1133 1640 212 41 möjliggöra,
1371 1644 47 28 att
1439 1639 106 32 andra
1562 1640 217 32 kammarens
1796 1640 185 32 ledamöter

378 1687 11 31 i
414 1691 103 28 större
551 1686 236 41 utsträckning
810 1685 97 32 bleve
933 1689 86 28 satta
1044 1685 9 30 i
1079 1684 99 33 stånd
1202 1688 47 29 att
1274 1684 134 42 deltaga
1432 1684 10 31 i
1467 1684 39 32 de
1532 1684 157 41 ständiga
1712 1684 183 38 utskotten,
1920 1684 61 32 har

379 1736 86 28 även
501 1731 93 32 förut
629 1730 87 32 varit
750 1730 144 32 föremål
929 1731 53 31 för
1017 1729 198 42 riksdagens
1251 1729 178 42 prövning,
1455 1729 10 31 i
1490 1728 55 33 det
1574 1732 48 28 att
1647 1730 35 30 år
1709 1729 82 31 1909
1817 1729 129 32 motion
1970 1729 10 31 i

380 1776 120 32 sådant
535 1776 89 40 syfte
661 1775 145 38 väcktes,
844 1774 85 32 dock
965 1778 82 28 utan
1076 1778 48 28 att
1148 1774 75 32 leda
1246 1773 51 33 till
1320 1775 104 40 något
1447 1773 140 42 positivt
1611 1773 147 32 resultat.
1807 1773 174 32 Motionen

379 1820 134 41 avslogs
537 1819 175 41 nämligen
736 1830 42 21 av
802 1819 106 32 första
932 1819 209 38 kammaren,
1167 1818 124 32 medan
1316 1818 153 32 däremot
1492 1818 107 31 andra
1616 1818 199 32 kammaren
1832 1818 148 32 uttalade

380 1865 50 41 sig
454 1865 53 31 för
531 1864 162 32 skrivelse
718 1864 10 31 i
752 1864 191 32 motionens
967 1864 98 41 syfte.
1104 1863 119 32 Senast
1247 1862 58 33 vid
1327 1862 141 33 sistlidet
1485 1864 53 30 års
1556 1862 138 42 riksdag
1709 1862 135 42 bragtes
1860 1862 120 41 frågan

380 1920 57 21 om
460 1908 303 42 riksdagsarbetets
788 1908 287 42 omorganisation
1100 1908 64 31 och
1188 1907 266 42 riksdagstidens
1478 1907 230 41 begränsning
1725 1908 43 40 på
1784 1907 47 32 tal
1848 1907 10 31 i
1876 1907 105 31 andra

380 1954 199 32 kammaren
604 1953 10 31 i
639 1963 42 22 en
706 1953 256 41 interpellation,
989 1963 73 21 som
1087 1952 202 33 besvarades
1307 1963 43 21 av
1367 1952 192 32 dåvarande
1578 1951 270 38 statsministern,
1867 1951 113 32 vilken

380 1999 120 32 därvid
536 1998 119 33 ställde
680 1998 10 30 i
714 1998 104 31 utsikt
851 2000 46 29 ett
921 1997 145 32 initiativ
1091 1997 10 31 i
1125 1998 121 40 frågan
1270 1998 77 30 från
1372 1996 215 42 regeringens
1612 1996 72 32 sida
1708 1996 10 31 1
1743 1996 136 32 samråd
1903 1995 77 32 med

379 2043 186 33 ledamöter
589 2053 43 22 av
657 2042 189 42 riksdagen.

487 2088 53 32 Av
577 2087 66 33 den
669 2087 200 38 diskussion,
896 2097 72 22 som
994 2087 84 31 förts
1104 2086 10 31 i
1139 2086 97 32 dessa
1259 2086 125 40 frågor,
1409 2086 135 40 framgå
1568 2085 186 32 emellertid
1779 2085 40 32 de
1846 2095 134 31 synner-

378 2133 92 42 ligen
494 2137 90 28 stora
609 2132 217 41 svårigheter,
852 2142 72 21 som
951 2136 56 27 äro
1032 2130 162 32 förenade
1220 2130 77 32 med
1322 2130 96 32 deras
1443 2130 143 41 lösning.
1624 2129 101 32 Emot
1749 2140 42 21 en
1813 2129 168 41 utökning

378 2188 44 22 av
446 2178 41 32 de
512 2176 157 42 ständiga
693 2176 188 33 utskottens
906 2175 91 32 antal
1020 2175 90 32 hava
1134 2174 60 33 vid
1217 2174 204 42 föregående
1438 2174 210 41 behandling
1665 2184 42 21 av
1724 2173 119 33 därom
1860 2174 120 32 väckta

375 2223 129 41 förslag
543 2221 169 42 åtskilliga
746 2221 176 41 allvarliga
957 2220 252 41 invändningar
1244 2219 207 32 framställts.
1501 2218 151 32 Sålunda
1680 2219 61 31 har
1764 2218 215 38 framhållits,

375 2267 167 32 hurusom
566 2266 51 32 till
642 2265 111 42 grund
777 2266 53 31 för
855 2265 97 32 dessa
976 2264 146 33 utskotts
1148 2264 230 41 organisation
1401 2264 62 31 har
1480 2263 85 42 lagts
1584 2263 65 32 den
1667 2263 140 42 princip,
1826 2266 49 29 att
1892 2263 88 32 vissa

378 2310 259 34 närbesläktade
674 2310 157 39 ärenden,
868 2310 86 32 efter
989 2319 42 22 en
1066 2308 205 42 fördelning,
1298 2319 73 22 som
1396 2313 36 27 är
1456 2308 10 30 i
1491 2307 169 42 grundlag
1684 2308 110 41 given,
1820 2307 161 32 hänvisas
