1908 2770
487 190 286 30 Statsulskottets
798 189 178 29 utlåtande
998 197 42 20 nr
1063 188 62 29 146
1147 188 39 29 år
1209 187 84 29 1962
1620 186 12 27 1

808 399 64 40 Nr
894 397 84 41 146

347 511 184 30 Utlåtande
548 511 11 29 i
574 510 188 39 anledning
777 519 42 20 av
834 509 126 39 Kungl.
975 509 125 38 Maj:ts
1117 507 215 40 proposition
1349 505 178 41 angående
1544 505 91 29 vissa

545 573 121 39 anslag
683 572 56 40 för
758 572 203 39 budgetåret
982 571 142 32 1962/63
1144 570 52 29 till
1215 567 420 40 universitetssjukhusen

545 644 46 21 m.
614 645 45 20 m.

1400 693 74 33 (3:e
1495 692 93 33 avd.)

195 805 12 28 I
230 804 262 40 propositionen
514 812 42 21 nr
581 804 15 28 1
626 803 130 39 (bilaga
781 802 49 34 13,
853 802 201 40 punkterna
1077 801 51 34 58,
1152 800 52 34 69,
1229 800 50 34 72,
1302 799 52 34 82,
1380 799 59 29 193
1463 799 65 29 och
1554 797 78 34 195)

149 859 64 29 har
232 858 126 39 Kungl.
377 857 105 40 Maj:t
502 857 179 39 föreslagit
700 856 187 39 riksdagen
907 858 60 31 att,
993 856 5 29 i
1017 854 150 31 avbidan
1186 854 44 39 på
1250 853 150 30 särskild
1420 852 218 40 proposition

151 913 10 28 i
182 912 127 33 ämnet,
331 911 55 30 för
405 911 205 39 budgetåret
634 910 139 33 1962/63
795 909 154 30 beräkna
970 908 157 40 följande
1149 908 130 38 anslag,
1302 906 175 39 nämligen
1498 905 20 30 å
1539 905 100 29 drift-

152 965 173 39 budgeten
351 965 52 29 till
431 964 211 30 Karolinska
670 963 203 39 sjukhuset:
902 962 210 39 Utrustning
1139 964 48 27 ett
1213 959 356 38 reservationsanslag
1597 967 42 20 av

152 1019 19 29 4
185 1019 62 29 400
262 1018 63 30 000
343 1019 62 33 kr.,
423 1018 52 29 till
491 1017 129 40 Bidrag
637 1017 51 30 till
706 1017 178 29 lasarettet
910 1017 2 28 i
930 1015 102 30 Lund
1050 1017 48 28 ett
1116 1014 271 39 förslagsanslag
1405 1022 41 20 av
1465 1013 19 29 8
1498 1012 63 30 000
1575 1011 63 30 000

151 1073 63 33 kr.,
234 1072 52 30 till
306 1071 127 39 Bidrag
452 1072 52 29 till
524 1072 179 28 lasarettet
733 1071 1 29 i
753 1069 109 31 Umeå
882 1072 48 27 ett
951 1069 273 39 förslagsanslag
1244 1077 42 19 av
1306 1067 19 29 4
1339 1066 62 30 500
1416 1066 63 30 000
1500 1065 52 29 kr.
1573 1065 65 30 och

151 1127 53 29 till
223 1125 127 40 Bidrag
369 1125 52 30 till
441 1124 131 30 driften
593 1134 41 20 av
654 1133 42 20 en
715 1123 292 39 neurokirurgisk
1027 1122 184 38 avdelning
1230 1120 58 30 vid
1308 1121 178 29 lasarettet
1515 1119 1 29 i
1537 1118 102 30 Lund

153 1181 48 28 ett
222 1178 273 40 förslagsanslag
516 1187 42 20 av
579 1177 41 30 35
635 1177 62 30 000
719 1177 52 30 kr.
794 1179 90 27 samt
906 1176 20 30 å
947 1175 309 40 kapitalbudgeten
1277 1174 52 29 till
1352 1172 225 41 Utbyggande
1599 1181 41 20 av

155 1232 204 30 karolinska
386 1231 189 39 sjukhuset
602 1233 48 28 ett
677 1230 355 39 investeringsanslag
1059 1238 42 20 av
1129 1228 17 30 6
1162 1228 62 30 560
1239 1228 62 29 000
1329 1227 52 29 kr.
1409 1227 66 29 och
1502 1226 53 29 till
1582 1226 59 30 Ut-

153 1286 179 40 byggande
363 1294 41 21 av
433 1285 229 30 akademiska
693 1284 187 40 sjukhuset
910 1284 11 29 i
952 1283 154 40 Uppsala
1135 1284 48 28 ett
1213 1280 354 39 investeringsanslag
1598 1288 41 20 av

152 1341 19 29 6
185 1340 62 30 300
261 1339 63 30 000
347 1339 52 29 kr.

199 1393 160 30 Därefter
376 1393 64 29 har
457 1392 126 39 Kungl.
602 1391 105 39 Maj:t
724 1392 11 29 i
753 1390 263 40 propositionen
1034 1399 43 20 nr
1096 1389 50 34 77,
1166 1388 111 30 under
1295 1387 219 39 åberopande
1533 1395 41 21 av
1592 1386 50 29 bi-

155 1447 69 39 lagt
254 1446 125 39 utdrag
407 1455 43 20 av
478 1444 384 40 statsrådsprotokollet
891 1444 80 29 över
1000 1441 289 31 inrikesärenden
1318 1440 55 30 för
1400 1440 67 29 den
1497 1439 19 29 9
1546 1448 94 20 mars

157 1500 93 34 1962,
269 1499 165 38 framlagt
452 1498 41 30 de
513 1497 141 39 förslag,
672 1497 94 29 vilka
785 1496 155 39 framgår
960 1505 42 20 av
1021 1496 67 29 den
1108 1494 156 40 följande
1283 1493 252 39 redogörelsen.

196 1606 73 33 1:0)
302 1603 225 36 Utbyggande
557 1613 42 20 av
630 1602 201 30 karolinska
860 1602 194 34 sjukhuset.
1085 1601 124 37 Kungl.
1239 1600 103 36 Maj:t
1370 1599 64 29 har
1466 1597 177 37 föreslagit

154 1659 186 39 riksdagen
361 1660 50 28 att
434 1658 50 30 till
506 1657 227 40 Utbyggande
755 1666 41 21 av
817 1656 205 29 karolinska
1044 1654 188 40 sjukhuset
1254 1653 110 30 under
1385 1652 257 38 inrikesdepar-

154 1714 184 28 tementets
367 1711 274 39 kapitalbudget,
671 1712 132 28 statens
832 1710 180 29 allmänna
1040 1706 283 41 fastighetsfond,
1354 1706 55 29 för
1437 1704 204 40 budgetåret

158 1765 139 33 1962/63
312 1765 120 29 anvisa
446 1766 49 28 ett
509 1762 354 40 investeringsanslag
878 1772 41 20 av
933 1762 19 29 6
966 1761 64 30 560
1045 1761 63 30 000
1123 1761 52 29 kr.

199 1825 393 41 Departementschefen
609 1825 170 34 förordar,
797 1826 51 28 att
865 1824 55 29 för
935 1823 172 30 täckande
1124 1832 42 19 av
1182 1821 199 30 resterande
1398 1819 244 31 medelsbehov

155 1880 55 30 för
229 1879 235 40 uppförandet
484 1888 43 20 av
546 1877 362 30 centrallaboratorier
928 1876 78 29 med
1027 1874 311 40 blodgivarcentral
1363 1873 53 29 för
1437 1873 99 29 nästa
1558 1872 85 29 bud-

156 1933 94 40 getår
268 1933 140 29 anvisas
430 1932 61 29 119
504 1931 64 30 000
588 1930 52 31 kr.

199 1987 12 28 I
231 1985 151 39 enlighet
402 1984 77 30 med
498 1984 68 29 vad
585 1983 208 30 kommittén
814 1982 54 30 för
888 1981 204 31 karolinska
1112 1980 206 40 sjukhusets
1339 1979 164 30 fortsatta
1524 1978 119 39 utbyg-

158 2039 108 39 gande
290 2037 178 40 föreslagit
491 2037 192 39 tillstyrkes
706 2046 42 20 en
772 2036 141 29 fortsatt
937 2034 319 38 medelsanvisning
1280 2033 55 29 för
1360 2031 218 40 uppförande
1603 2039 40 21 av

158 2091 282 30 nervklinikerna
457 2100 57 20 om
531 2090 19 30 2
564 2090 63 29 325
642 2089 62 30 000
720 2089 53 30 kr.
790 2088 78 30 Med
884 2089 137 37 hänsyn
1037 2087 52 30 till
1106 2087 66 29 vad
1190 2084 383 41 departementschefen
1593 2085 49 27 ut-

160 2145 82 29 talat
263 2145 10 28 i
296 2144 80 29 1961
399 2143 56 30 års
476 2141 412 40 statsverksproposition
914 2140 337 39 (kapitalbudgeten,
1272 2138 372 38 inrikesdepartemen-

160 2200 55 31 tet,
239 2197 113 39 punkt
376 2196 36 33 4)
441 2195 149 30 rörande
614 2194 222 40 upptagande
860 2203 42 20 av
927 2193 266 37 förhandlingar
1218 2191 78 29 med
1322 2190 220 30 Stockholms
1567 2189 77 29 stad

159 2250 63 29 och
240 2249 220 30 Stockholms
477 2249 77 28 läns
573 2247 177 39 landsting
768 2256 56 20 om
843 2246 148 38 ändring
1011 2254 41 20 av
1070 2244 159 39 gällande
1248 2244 89 29 avtal
1358 2242 178 39 angående
1555 2251 90 20 sam-

161 2303 113 29 arbete
295 2302 54 28 för
370 2300 220 40 uppförande
611 2300 65 29 och
696 2299 85 30 drift
802 2308 42 20 av
865 2298 106 39 sagda
992 2297 152 29 kliniker
1166 2305 102 21 anser
1288 2296 69 29 han
1379 2295 51 38 sig
1453 2294 191 29 emellertid

161 2356 118 29 kunna
304 2354 110 29 räkna
439 2353 78 29 med
542 2354 50 28 att
616 2353 70 28 viss
711 2352 53 29 del
790 2361 41 19 av
856 2349 266 40 ifrågavarande
1147 2349 124 38 belopp
1296 2348 75 29 icke
1396 2347 88 29 skall
1512 2347 133 38 slutligt

158 2410 125 28 stanna
303 2407 44 39 på
368 2405 219 31 statsverket.

201 2459 298 31 Totalkostnaden
523 2458 55 29 för
600 2458 64 29 den
689 2466 46 21 nu
761 2456 173 31 slutförda
960 2455 213 38 utökningen
1198 2464 41 20 av
1263 2453 312 39 militärapotekets
1600 2452 46 29 Jo-

159 2513 96 30 kaler
277 2513 64 29 har
364 2512 145 39 uppgått
533 2511 51 30 till
609 2512 18 29 2
642 2511 61 29 930
718 2511 63 29 000
804 2510 63 34 kr.,
890 2509 107 30 vilket
1020 2510 196 28 motsvarar
1239 2509 47 27 ett
1310 2506 272 30 överskridande
1606 2514 40 20 av

166 2576 11 28 1
197 2565 34 52 -——
232 2574 151 39 Bihang
398 2574 51 29 lill
462 2573 205 38 riksdagens
681 2572 175 39 protokoll
871 2571 126 29 1962.6
1010 2570 100 29 saml.
1124 2570 48 28 Nr
1188 2569 61 29 146
