2123 2670
344 216 19 30 2
796 219 242 40 Lagutskottets
1062 221 176 32 Memorial
1260 223 63 31 N:o
1346 226 48 29 19.

404 306 132 49 Enligt
572 307 188 38 utskottet
788 308 324 39 tillhandakomna
1140 312 356 51 protokollsutdrag
1523 314 69 37 har
1619 315 129 38 Andra
1776 315 115 38 Kam-

300 371 129 24 maren
457 359 137 37 bifallit
622 361 207 37 utskottets
859 362 162 38 berörda
1049 364 243 48 hemställan;
1322 366 200 38 hvaremot
1549 367 137 38 Första
1714 369 176 36 Kamma-

299 424 78 32 ren,
408 412 86 36 med
522 413 281 48 godkännande
833 415 42 36 af
898 416 209 37 utskottets
1137 417 147 50 förslag
1312 419 56 36 till
1397 420 143 36 ändrad
1569 421 145 49 lydelse
1745 422 41 36 af
1806 421 16 50 $
1840 424 47 34 59

299 463 198 38 äfvensom
541 466 41 36 af
620 466 177 37 rubriken
833 468 70 36 och
931 469 202 49 ingressen
1162 471 56 37 till
1247 472 71 36 den
1349 472 221 50 föreslagna
1599 474 288 49 förordningen,

299 517 147 49 antagit
488 518 166 49 följande
697 519 11 36 i
750 533 45 23 en
839 523 235 36 reservation
1104 530 79 30 mot
1211 525 207 37 utskottets
1448 526 192 37 utlåtande
1670 528 218 48 föreslagna

298 569 146 49 lydelse
474 570 87 50 af
541 565 23 59 $
593 574 63 35 11:

392 623 250 38 »Röstvärdet
658 625 97 38 skall
771 625 186 39 beräknas
975 627 99 37 efter
1090 629 63 36 det
1169 642 46 24 en
1232 629 93 37 hvar
1341 631 232 48 röstegande
1590 634 121 35 åsatta
1727 633 158 49 fyrktal;

298 675 97 36 dock
433 681 67 43 att,
538 677 67 37 der
639 678 60 37 för
736 678 228 49 deltagande
993 680 11 36 i
1034 681 139 37 sådana
1201 682 149 48 besvär,
1381 697 81 23 som
1491 683 127 49 åligga
1646 685 83 48 alla,
1759 686 128 38 hvilka

296 728 101 35 inom
428 729 228 37 kommunen
686 732 157 47 erlägga
872 732 427 51 kommunalutskylder,
1330 748 122 24 annan
1482 737 136 48 grund,
1649 742 46 32 än
1725 737 73 37 den
1826 739 61 37 för

296 781 213 47 utgörande
548 781 42 37 af
621 784 416 49 kommunalutskylder
1064 785 10 36 i
1105 786 204 37 allmänhet
1337 787 189 50 gällande,
1556 789 120 38 finnes
1707 792 180 37 särskildt

296 832 173 50 stadgad,
515 836 216 37 röstvärdet
773 836 93 36 skall
910 837 62 37 vid
1010 838 125 37 beslut
1172 840 108 36 öfver
1308 841 179 48 ärenden,
1518 855 80 23 som
1630 849 86 31 röra
1745 845 140 36 sådana

295 884 147 48 besvär,
474 886 187 38 beräknas
691 890 98 36 efter
818 888 73 38 den
921 891 181 37 särskildt
1130 891 197 38 bestämda
1354 894 206 48 grunden.»

399 938 56 37 Då
496 939 74 37 den
613 941 156 37 sålunda
811 942 42 36 af
890 942 136 38 Första
1067 944 227 38 Kammaren
1325 946 204 48 godkända
1558 947 161 50 ändring
1741 949 142 49 jemväl

293 990 206 38 innefattas
529 993 9 35 i
568 994 209 37 utskottets
807 995 42 36 af
873 995 129 37 Andra
1031 996 229 38 Kammaren
1289 1005 167 42 antagna
1484 999 146 50 förslag
1651 1002 71 36 och
1742 1002 46 36 då
1809 1003 74 36 den

291 1043 224 50 ytterligare
545 1045 162 51 ändring
736 1048 42 36 af
802 1049 249 48 paragrafens
1082 1049 299 50 bestämmelser,
1412 1066 82 22 som
1523 1053 209 37 innehålles
1762 1055 10 35 i
1797 1055 86 37 sist-

294 1097 163 36 nämnda
498 1098 158 49 förslag,
695 1100 83 37 icke
822 1103 76 33 står
935 1101 11 36 i
984 1102 239 49 oskiljaktigt
1252 1104 181 37 samband
1463 1106 86 35 med
1578 1105 73 37 den
1681 1107 41 35 af
1747 1107 136 37 Första

293 1148 229 38 Kammaren
551 1152 216 47 godkända,
799 1153 56 36 får
883 1154 199 47 utskottet,
1114 1169 81 22 som
1226 1156 217 37 föreställer
1473 1158 60 47 sig
1552 1164 55 30 att
1626 1159 129 36 Andra
1771 1160 113 36 Kam-

293 1214 128 23 maren
462 1202 99 36 lärer
597 1203 101 37 finna
736 1205 71 36 den
844 1218 71 23 ena
944 1206 41 36 af
1011 1206 45 36 de
1086 1221 49 22 nu
1163 1208 292 48 ifrågavarande
1485 1210 254 48 ändringarne
1770 1213 114 36 önsk-

291 1254 104 45 värd,
422 1254 112 36 äfven
557 1268 59 23 om
638 1256 72 36 den
732 1257 117 36 andra
868 1257 83 36 icke
974 1258 59 36 för
1053 1261 234 35 närvarande
1310 1261 71 36 kan
1402 1262 260 49 genomföras,
1684 1264 200 37 hemställa

793 1368 54 30 att
876 1363 209 48 kamrarne,
1116 1365 129 35 Andra
1265 1365 229 37 Kammaren
1511 1367 86 35 med
1615 1368 266 37 frånträdande

689 1414 42 35 af
757 1414 66 36 sitt
852 1414 101 37 förut
983 1416 142 36 fattade
1161 1417 125 36 beslut
1312 1417 236 38 beträffande
1579 1419 19 49 &
1631 1422 57 46 11,
1718 1424 59 33 må
1806 1421 76 37 för-

689 1466 115 48 klara,
834 1473 55 30 att
917 1467 218 50 Riksdagen
1166 1469 59 36 för
1255 1470 64 36 sin
1342 1470 60 36 del
1432 1471 147 49 antagit
1609 1471 168 50 följande

1112 1607 345 51 Förordning

687 1686 183 47 angående
898 1687 145 35 ändrad
1072 1687 131 47 lydelse
1231 1687 45 48 af
1298 1691 45 40 $$
1372 1690 42 34 11
1444 1690 60 35 och
1524 1689 82 36 591
1616 1689 262 51 förordningen

735 1751 52 21 om
816 1738 350 48 kommunalstyrelse
1189 1741 55 46 på
1271 1741 120 35 landet
1419 1742 66 35 den
1514 1743 47 34 21
1589 1756 98 22 mars
1716 1744 110 36 1862.

789 1823 231 49 Härigenom
1051 1825 215 49 förordnas,
1295 1832 55 30 att
1378 1826 20 49 $
1422 1829 43 35 11
1488 1827 10 36 i
1521 1827 274 51 förordningen
1817 1843 59 23 om

685 1875 382 51 kommunalstyrelse
1097 1881 47 45 på
1173 1878 128 36 landet
1331 1879 72 36 den
1434 1882 45 34 21
1511 1894 100 23 mars
1635 1883 109 46 1862,
1757 1882 120 36 sådan

684 1929 163 35 nämnda
876 1928 20 49 $
926 1929 108 48 lyder
1061 1930 12 35 i
1094 1930 127 48 kongl.
1246 1931 257 48 kungörelsen
1524 1933 72 35 den
1618 1936 20 33 8
1661 1935 217 47 september

687 1981 109 47 1868,
840 1986 98 31 samt
975 1980 20 50 $
1035 1984 47 34 59
1121 1982 11 36 i
1168 1996 143 23 samma
1340 1983 237 50 förordning,
1608 1986 115 36 sådan
1754 1986 124 37 denna

683 2033 181 48 paragraf
901 2033 108 49 lyder
1050 2034 11 35 i
1103 2035 129 48 kongl.
1276 2036 257 48 kungörelsen
1576 2037 73 37 den
1690 2040 42 35 17
1775 2052 100 23 mars

686 2086 109 46 1882,
826 2085 108 36 skola
962 2086 139 36 erhålla
1131 2086 167 50 följande
1328 2088 166 37 ändrade
1523 2089 163 49 lydelse:

1221 2218 20 49 $
1273 2220 59 36 11.

781 2303 232 37 Röstvärdet
1059 2304 94 37 skall
1201 2305 189 38 beräknas
1437 2307 99 37 efter
1581 2308 65 36 det
1693 2321 46 24 en
1780 2309 94 36 hvar

680 2356 234 47 röstegande
944 2359 120 34 åsatta
1086 2357 156 50 fyrktal;
1273 2359 97 36 dock
1391 2364 66 44 att,
1479 2360 67 36 der
1567 2360 58 36 för
1645 2360 228 50 deltagande
