2219 2685
498 236 246 32 Sammansatta
771 240 94 29 stats-
895 238 56 31 och
979 239 222 40 lagutskottets
1228 241 171 31 utlåtande
1427 241 53 32 N»
1507 245 29 28 1.
1741 243 19 31 &)

329 318 98 35 1900
456 319 59 35 års
543 317 413 52 försöksmobilisering
975 320 208 38 omfattade
1203 321 133 37 endast
1354 322 342 50 truppförbanden,
1716 338 100 23 eme-

221 369 76 36 dan
325 369 261 38 landstormen
614 371 64 36 vid
706 371 124 37 denna
858 372 54 36 tid
931 372 83 37 icke
1035 373 149 37 erhållit
1202 377 126 46 någon
1344 376 271 48 organisation.
1671 368 34 44 Å
1723 377 93 36 fast-

222 422 131 36 landet
380 427 70 44 tog
476 422 277 38 landstormens
782 424 257 49 organisation
1068 426 57 36 sin
1153 426 134 49 början
1315 427 97 37 först
1441 430 39 34 år
1510 430 96 35 1905
1635 428 13 36 i
1676 429 140 37 anslut-

222 474 96 48 ning
345 473 56 37 till
429 474 63 37 det
520 475 180 49 frivilliga
728 476 328 49 skytteväsendet,
1086 478 70 36 och
1183 478 65 37 vid
1275 479 134 49 början
1439 479 42 37 af
1499 480 257 38 innevarande
1776 485 40 33 år

222 526 98 37 hade
348 526 141 37 inemot
517 527 128 37 halfva
673 529 144 37 antalet
844 529 415 39 landstormsområden
1288 532 147 36 erhållit
1450 532 272 49 befälhafvare,
1739 534 76 36 för-

222 578 142 37 valtare
406 579 71 36 och
517 579 140 49 förråd,
700 581 35 36 d.
765 595 34 23 v.
836 595 28 23 s.
893 582 225 49 fullständig
1146 583 378 50 fredsorganisation.
1580 585 75 37 För
1681 591 134 32 närva-

221 631 118 36 rande
379 636 41 31 är
461 631 64 36 det
566 633 114 36 också
721 634 154 49 mycket
916 635 206 37 önskvärdt
1164 636 69 36 och
1273 635 177 50 lämpligt
1487 642 53 31 att
1574 638 166 36 anordna
1769 652 47 23 en

223 683 422 51 mobiliseringsöfning
672 685 87 37 med
788 687 251 47 landstormen,
1069 688 182 36 särskildt
1270 701 81 24 som
1370 689 231 49 öfningarna
1620 691 86 37 med
1726 691 90 36 den-

224 749 143 23 samma
395 758 50 3 —
474 737 147 36 oafsedt
649 738 63 36 det
741 738 181 50 frivilliga
951 740 333 48 skytteväsendets
1314 741 284 49 skjutöfningar
1615 765 48 4 —
1682 743 134 37 hittills

222 788 12 36 i
261 788 208 37 allmänhet
497 789 201 37 inskränkt
727 791 59 48 sig
814 791 56 36 till
898 792 210 48 periodiskt
1135 793 309 37 återkommande
1473 794 180 49 frivilliga
1677 795 139 36 befäls-

221 840 190 48 öfningar.
467 840 17 36 I
512 841 107 49 fråga
656 855 60 23 om
757 843 273 50 landstormen,
1073 858 82 23 som
1196 844 169 38 befinner
1402 846 61 48 sig
1503 846 120 37 under
1665 848 152 48 organi-

220 892 138 49 sation,
399 893 75 36 kan
515 894 65 36 det
621 899 110 44 sägas
772 908 91 24 vara
903 900 101 33 ännu
1046 896 188 50 viktigare
1269 903 46 31 än
1343 898 236 37 beträffande
1607 898 119 51 linjen
1763 904 55 32 att

221 945 139 49 pröfva
387 945 212 49 inkallelse,
629 947 175 49 samling,
832 949 231 48 utrustning,
1085 949 227 50 förplägnad
1331 950 70 37 och
1419 950 260 50 förläggning.
1723 951 94 37 Där-

218 998 121 48 jämte
359 997 91 37 böra
466 999 113 35 äfven
594 999 257 49 bevaknings-
871 1001 70 36 och
970 1002 293 49 stridsöfningar
1283 1007 97 31 samt
1400 1003 98 36 skol-
1527 1003 72 36 och
1627 1003 190 49 fältskjut-

222 1049 139 50 ningar
393 1050 190 37 anordnas
624 1051 60 37 för
723 1051 269 39 landstormen.
1048 1054 131 37 Redan
1206 1054 12 36 i
1245 1054 107 49 fråga
1394 1068 60 24 om
1490 1056 326 49 truppförbanden

221 1101 212 49 framhölls,
463 1108 55 31 att
538 1103 64 37 det
619 1104 84 36 icke
726 1110 91 31 utan
845 1105 243 50 tillämpning
1115 1106 42 37 af
1181 1107 405 49 rekvisitionslagarna
1605 1113 41 31 är
1667 1108 150 50 möjligt

223 1159 56 31 att
306 1155 12 35 i
346 1154 73 37 allo
447 1155 95 50 följa
570 1156 46 36 de
645 1156 60 37 för
724 1157 263 49 mobilisering
1014 1159 215 49 uppgjorda
1257 1159 267 50 förplägnads-
1553 1161 70 36 och
1645 1160 172 50 förlägg-

222 1206 314 50 ningsplanerna,
560 1208 158 49 hvilket,
749 1210 179 37 särskildt
956 1211 242 48 vintertiden,
1227 1212 160 37 manade
1415 1212 57 37 till
1501 1226 47 23 en
1576 1213 78 37 viss
1682 1213 135 37 försik-

223 1258 124 49 tighet
374 1260 12 35 i
414 1259 110 50 fråga
566 1274 60 23 om
668 1262 247 48 personalens
957 1263 226 37 inkallande.
1238 1264 74 37 Vid
1343 1264 260 37 landstormen
1635 1271 94 43 göra
1757 1266 60 48 sig

223 1312 268 36 motsvarande
521 1313 235 49 synpunkter
784 1314 178 49 gällande
1003 1329 100 33 men,
1131 1316 12 36 i
1171 1315 97 50 följd
1295 1316 41 37 af
1361 1317 87 37 dess
1477 1330 159 36 svagare
1666 1318 151 49 organi-

224 1364 126 36 sation
379 1364 71 36 och
478 1364 315 51 ofullständigare
821 1367 231 49 utrustning,
1082 1368 206 37 framträda
1317 1369 44 36 de
1390 1369 67 36 där
1476 1374 100 31 ännu
1595 1370 220 48 kraftigare.

224 1415 278 38 Landstormen
540 1418 138 36 saknar
704 1419 13 35 i
744 1419 108 48 regel
892 1420 136 49 kappa,
1069 1420 291 50 tältutredning,
1393 1421 323 50 reservportioner
1746 1422 71 37 och

223 1467 171 37 kokkärl.
454 1469 99 37 Dess
598 1470 139 36 befäls-
784 1472 71 35 och
899 1472 435 50 förvaltningspersonal
1380 1479 40 31 är
1464 1474 198 37 flerstädes
1707 1487 107 24 ovan.

223 1520 299 37 Landstormens
565 1522 240 49 afdelningar
833 1524 115 36 hafva
985 1524 129 37 därför
1154 1525 147 36 mindre
1330 1526 173 49 förmåga
1531 1531 47 31 än
1605 1526 212 48 linjeafdel-

223 1572 138 47 ningar
397 1577 56 32 att
488 1574 90 36 reda
607 1574 61 49 sig
695 1575 121 36 under
844 1576 46 36 de
920 1576 250 48 svårigheter,
1203 1577 130 37 hvilka
1366 1583 63 31 äro
1460 1578 244 49 oskiljaktiga
1731 1579 87 36 från

224 1624 127 49 kriget
394 1625 72 35 och
510 1625 12 36 i
556 1626 78 37 viss
675 1630 86 33 mån
802 1627 114 38 äfven
947 1628 85 37 från
1061 1629 177 49 öfningar
1265 1629 86 37 med
1379 1630 74 36 den
1481 1630 238 49 fältmässiga
1747 1631 70 37 och

225 1675 200 50 allvarliga
453 1678 190 48 karaktär,
674 1692 81 23 som
784 1693 48 23 en
851 1680 419 49 försöksmobilisering
1288 1682 69 36 bör
1378 1682 151 36 erhålla.
1585 1683 73 36 Vid
1686 1688 132 43 gräns-

226 1728 72 36 och
326 1728 310 51 kustbevakning
663 1731 236 38 förekomma
927 1733 138 36 talrika
1095 1733 299 49 detacheringar,
1424 1734 130 37 hvilka
1581 1735 12 36 i
1621 1735 78 37 viss
1731 1738 87 34 mån

224 1780 173 37 försvåra
424 1781 250 51 förläggning
694 1784 70 36 och
783 1784 259 50 förplägning.
1084 1785 131 38 Under
1234 1799 47 23 en
1296 1787 421 49 mobiliseringsöfning
1732 1787 86 37 med

223 1832 261 38 landstormen
512 1838 120 34 måste
660 1849 88 23 man
780 1837 127 36 därför
940 1838 183 48 antingen
1154 1838 231 37 tillförsäkra
1414 1839 218 37 densamma
1659 1844 76 32 rätt
1762 1845 57 32 att

224 1885 196 37 rekvirera
460 1887 154 37 kvarter
656 1889 72 36 och
756 1894 77 31 mat
860 1889 12 36 i
900 1890 202 37 kvarteren
1131 1891 91 36 eller
1252 1892 70 36 ock
1349 1891 101 37 förse
1479 1891 73 37 den
1579 1892 87 36 med
1693 1892 125 37 bättre

224 1938 221 49 utrustning
473 1939 70 36 och
572 1940 431 51 förvaltningspersonal
1031 1947 48 31 än
1101 1942 121 37 under
1241 1943 175 50 verkliga
1433 1944 384 48 krigsförhållanden.

227 1989 192 38 Gifvetvis
448 1991 121 37 skulle
597 1992 229 50 öfningarna
853 1994 12 36 i
894 1994 101 37 förra
1023 1994 106 37 fallet
1158 1995 141 37 erhålla
1319 2009 47 23 en
1386 1995 280 50 fältmässigare
1685 1996 135 50 prägel

224 2049 98 29 samt
349 2042 118 37 blifva
494 2044 41 36 af
560 2049 121 32 större
710 2046 128 36 värde.
893 2047 51 36 Ju
972 2060 159 35 svagare
1159 2061 47 23 en
1235 2047 215 50 afdelnings
1479 2049 259 48 organisation
1767 2054 52 43 är,

227 2094 109 36 desto
364 2095 190 49 viktigare
583 2101 41 31 är
652 2097 64 36 det
744 2098 193 49 nämligen
965 2099 60 36 för
1052 2100 235 36 bedömande
1316 2101 41 35 af
1383 2101 87 36 dess
1494 2101 325 49 krigsduglighet,

227 2150 55 31 att
301 2146 63 36 det
382 2147 279 50 krigsmässiga
681 2150 330 49 förfaringssättet
1030 2152 244 48 genomföres
1290 2157 91 32 utan
1397 2153 176 36 störande
1588 2154 230 48 undantags-

227 2197 297 39 bestämmelser.
581 2200 188 38 Särskildt
796 2203 121 48 gäller
950 2204 104 36 detta
1082 2204 293 49 förvaltningen.

332 2250 270 39 Anställandet
630 2253 41 37 af
696 2258 54 32 ett
778 2254 416 50 mobiliseringsförsök
1223 2270 112 36 synes
1364 2256 157 38 sålunda
1540 2258 190 48 tillfyllest
1745 2271 77 23 mo-

226 2301 176 38 tiveradt.
458 2303 184 38 Häremot
683 2306 120 37 skulle
844 2307 230 49 visserligen
1115 2308 127 37 kunna
1269 2309 197 48 invändas,
1496 2315 54 31 att
1578 2323 48 23 en
1652 2310 170 36 försöks-

227 2354 263 50 mobilisering
530 2357 12 36 i
583 2358 164 49 ungefär
783 2359 69 37 här
880 2360 144 49 antydd
1053 2360 232 50 omfattning
1312 2362 140 36 utförts
1481 2365 41 34 så
1550 2362 161 50 nyligen
1740 2375 81 24 som

228 2409 40 33 år
312 2408 97 36 1900
451 2408 70 37 och
562 2414 56 31 att
653 2410 45 36 de
726 2416 70 31 rön
825 2412 72 36 och
924 2412 199 48 lärdomar,
1152 2413 130 36 hvilka
1310 2413 189 37 därunder
1526 2415 165 48 gjordes,
1723 2419 99 32 ännu

335 2469 116 37 Bihang
474 2471 44 29 till
541 2472 181 36 Riksdagens
738 2474 146 36 protokoll
909 2475 89 29 1912.
1045 2476 18 27 6
1086 2475 81 29 saml.
1216 2476 17 28 3
1256 2475 61 36 afd.
1364 2477 16 27 1
1404 2477 72 35 häft.
1523 2474 61 40 (Nr
1607 2474 45 41 1)
1764 2479 17 26 2
