1876 2782
109 174 239 30 Sammansatt
363 171 221 40 bevillnings-
598 171 64 31 och
676 170 349 41 jordbruksutskotts
1041 167 184 32 memorial
1237 176 43 22 nr
1293 167 20 30 2
1326 166 40 31 år
1381 165 84 31 1958
1592 165 19 30 3

459 257 34 36 1)
520 257 51 28 alt
591 255 159 40 medgiva
771 253 277 40 skogsnäringen
1069 251 207 41 gottgörelse
1296 251 55 30 för
1373 250 95 30 skatt
1489 249 20 30 å
1530 249 81 30 ben-

414 307 65 34 sin,
505 316 76 20 som
606 305 188 31 förbrukas
818 304 57 31 vid
902 303 226 39 användning
1154 312 42 20 av
1221 301 267 40 motorredskap
1514 300 98 29 inom

414 357 180 40 näringen,
616 356 82 30 från
717 356 65 30 och
803 355 79 30 med
904 355 68 30 den
996 354 14 30 1
1035 353 66 40 juli
1125 352 82 31 1957
1230 353 11 29 i
1263 350 348 32 överensstämmelse

418 409 80 29 med
518 408 41 30 de
580 407 152 40 grunder
752 415 75 21 som
848 406 172 29 utskottet
1040 404 158 30 förordat
1217 403 12 29 i
1249 403 57 30 det
1326 401 219 41 föregående,

464 459 36 35 2)
531 460 50 28 att
597 457 206 34 föreskriva,
821 458 51 28 att
888 456 53 30 till
959 456 170 38 näringen
1147 453 188 31 återburna
1352 452 256 31 bensinskatte-

414 508 112 31 medel
546 508 88 30 skall
652 507 150 30 tillföras
821 515 42 21 en
882 505 151 31 särskild
1051 505 97 34 fond,
1166 504 175 30 benämnd
1360 502 251 40 skogsbrukets

419 558 341 36 bensinskattefond,
783 559 51 28 att
856 556 175 31 avräknas
1054 557 73 28 mot
1149 553 460 34 automobilskattemedlen,

465 609 36 34 3)
523 609 51 29 att
591 609 127 38 antaga
735 606 157 40 följande
910 606 116 30 såsom
1044 604 188 30 utskottets
1248 603 133 41 förslag
1397 601 213 33 betecknade

787 707 145 39 Förslag

834 773 53 31 till

111 847 208 40 förordning
342 845 179 40 angående
546 844 134 30 ändrad
706 843 128 39 lydelse
860 851 42 21 av
925 843 20 28 5
970 841 20 37 $
1014 840 253 42 förordningen
1292 841 66 29 den
1384 840 19 29 3
1429 840 75 39 maj
1530 839 84 30 1929

363 896 61 35 (nr
443 895 60 34 62)
527 903 56 21 om
603 893 153 30 särskild
775 892 96 30 skatt
890 892 20 30 å
932 891 122 30 bensin
1075 891 64 29 och
1160 889 204 40 motorsprit

156 991 213 39 Härigenom
390 988 198 34 förordnas,
611 988 50 29 att
683 988 19 30 5
728 986 15 37 $
768 985 253 39 förordningen
1044 985 67 29 den
1136 984 17 30 3
1178 983 70 40 maj
1277 982 82 32 1929
1382 992 58 21 om
1463 982 152 31 särskild

113 1041 94 30 skatt
230 1041 21 29 å
272 1039 125 31 bensin
421 1038 65 30 och
508 1036 220 40 motorsprit!
754 1035 88 30 skall
866 1034 133 31 erhålla
1025 1033 134 31 ändrad
1183 1033 129 39 lydelse
1335 1033 45 40 på
1405 1033 70 30 sätt
1498 1032 116 30 nedan

111 1092 152 40 angives.

321 1174 166 32 Gällande
507 1172 128 41 lydelse

156 1261 213 31 Restitution
394 1269 42 21 av
461 1259 105 34 skatt,
593 1266 76 21 som
693 1257 11 29 i
730 1257 114 29 denna

112 1312 207 39 förordning
339 1320 109 28 avses,
469 1309 58 30 må
546 1308 173 40 åtnjutas:

157 1363 36 34 a)
223 1363 55 30 för
299 1362 124 30 bensin
443 1378 45 3 —
507 1377 44 4 —
571 1377 44 3 —
635 1358 128 31 svensk
785 1357 61 30 fri-

113 1414 124 35 hamn;

156 1464 39 34 b)
224 1464 56 30 för
297 1462 123 31 bensin
438 1461 83 31 eller
538 1459 215 40 motorsprit,
771 1467 74 21 som

113 1515 80 30 med
215 1514 83 30 eller
321 1515 86 28 utan
428 1512 128 29 tillsats
580 1520 42 20 av
644 1510 109 30 annat
775 1510 72 29 äm-

118 1574 44 22 ne
179 1562 176 33 användes
374 1563 54 29 för
447 1559 264 32 framdrivande
729 1568 43 21 av
789 1558 56 40 tåg

115 1616 81 30 eller
222 1615 127 30 fordon
371 1614 21 30 å
416 1613 150 40 järnväg
590 1612 82 30 eller
697 1620 42 21 av
764 1610 83 30 luft-

114 1667 125 39 fartyg,
266 1665 178 30 härunder
469 1662 194 40 inbegripet
690 1663 88 28 start
805 1669 42 21 av

115 1717 76 30 icke
225 1715 228 31 motordrivet
487 1713 167 40 flygplan,
689 1712 83 30 eller
805 1720 42 21 av

114 1766 174 30 motorbåt
312 1766 58 29 vid
395 1763 252 42 yrkesmässigt
673 1762 174 31 utövande

116 1826 42 21 av
183 1816 91 30 fiske
300 1816 82 30 eller
408 1824 43 21 av
474 1815 98 29 inom
596 1813 248 40 trädgårdsnä-

115 1866 123 40 ringen
256 1865 160 40 nyttjade
436 1864 213 40 jordfräsar;

159 2068 35 34 c)
224 2068 55 30 för
302 2067 123 30 bensin
447 2083 45 4 —
513 2083 45 4 —
577 2082 44 4 —
642 2063 204 35 framföres;

116 2120 91 29 samt

160 2167 39 35 d)
229 2168 55 30 för
305 2166 134 35 bensin,
460 2184 46 3 —
525 2182 44 4 —
589 2183 44 3 —
653 2165 44 29 än
721 2165 127 29 motor-

119 2218 95 30 drift.

161 2268 66 29 Vid
248 2267 201 30 restitution
504 2283 10 3 —
533 2282 44 4 —
594 2282 44 4 —
657 2264 192 40 belöpande

119 2318 119 30 tullen.

1075 1169 193 31 Utskottets
1289 1167 133 42 förslag

928 1254 214 31 Restitution
1165 1263 43 21 av
1233 1253 104 35 skatt,
1364 1262 76 21 som
1465 1253 11 29 i
1502 1253 114 30 denna

885 1306 206 38 förordning
1111 1314 109 26 avses,
1241 1304 57 30 må
1317 1304 175 39 åtnjutas:

929 1356 36 33 a)
995 1355 55 31 för
1071 1355 124 30 bensin
1216 1373 44 3 —
1279 1373 44 3 —
1342 1373 44 3 —
1408 1354 128 30 svensk
1557 1354 61 29 fri-

884 1407 125 34 hamn;

929 1456 38 34 b)
997 1456 55 30 för
1069 1456 124 29 bensin
1210 1455 82 30 eller
1309 1455 216 40 motorsprit,
1543 1464 73 20 som

884 1506 77 30 med
984 1506 82 29 eller
1091 1506 86 29 utan
1198 1505 127 29 tillsats
1348 1514 44 20 av
1413 1505 109 29 annat
1544 1505 73 29 äm-

885 1567 43 20 ne
948 1557 177 30 användes
1145 1557 55 30 för
1219 1556 263 30 framdrivande
1501 1565 42 20 av
1561 1555 57 40 tåg

886 1608 84 30 eller
995 1608 127 30 fordon
1145 1608 20 29 å
1189 1607 148 41 järnväg
1362 1606 82 30 eller
1470 1615 43 21 av
1536 1606 84 30 luft-

891 1658 126 39 fartyg,
1043 1657 178 30 härunder
1244 1656 194 40 inbegripet
1464 1657 87 29 start
1574 1665 43 21 av

886 1710 77 29 icke
998 1709 228 30 motordrivet
1259 1708 167 40 flygplan,
1462 1707 82 30 eller
1578 1717 41 20 av

886 1760 175 30 motorbåt
1085 1759 58 30 vid
1168 1758 252 41 yrkesmässigt
1445 1758 174 30 utövande

887 1820 43 20 av
955 1811 92 29 fiske
1073 1809 83 31 eller
1183 1819 42 21 av
1251 1809 97 30 inom
1374 1808 246 40 trädgårdsnä-

890 1862 123 38 ringen
1050 1860 159 39 nyttjade
1244 1859 197 40 jordfräsar
1466 1859 84 30 eller
1573 1867 43 22 av

888 1911 94 29 inom
1007 1910 234 40 skogsbruket
1264 1909 159 40 nyttjade
1447 1909 170 30 motorså-

886 1970 63 31 gar
970 1961 64 30 och
1057 1961 145 30 därmed
1222 1960 218 41 jämförbara
1463 1961 153 29 motorer

888 2012 64 30 och
974 2011 169 40 redskap;

931 2062 35 34 c)
996 2062 55 30 för
1074 2061 124 30 bensin
1220 2078 44 5 —
1284 2079 44 3 —
1348 2078 44 4 —
1414 2060 204 35 framföres;

889 2114 90 28 samt

933 2162 38 34 d)
1002 2162 54 30 för
1078 2162 134 34 bensin,
1234 2179 44 4 —
1297 2179 45 4 —
1360 2179 44 3 —
1426 2162 45 29 än
1493 2162 128 29 motor-

889 2213 96 30 drift.

934 2263 65 29 Vid
1022 2262 200 30 restitution
1241 2281 45 3 —
1303 2279 45 4 —
1366 2278 45 4 —
1430 2261 192 39 belöpande

890 2312 120 30 tullen.

164 2401 122 30 Denna
305 2398 207 40 förordning
531 2398 89 30 skall
640 2399 64 38 äga
723 2396 223 41 tillämpning
967 2395 78 30 från
1065 2395 65 32 och
1150 2395 78 30 med
1248 2394 67 30 den
1337 2394 13 30 1
1372 2394 67 39 juli
1461 2394 93 30 1957.

160 2495 7 14 1
184 2495 106 24 Senaste
309 2493 107 31 lydelse,
435 2498 26 18 se
480 2489 72 27 1956:
563 2489 58 34 200.
