1922 2852
464 159 464 36 Konstitutionsutskottets
955 155 183 32 utlåtande
1165 155 51 30 Nr
1240 152 53 30 27.
1548 146 42 31 23

134 245 130 32 villkor
281 247 54 29 att
350 242 215 33 utställaren
583 241 11 29 i
610 237 225 35 vederbörlig
850 235 53 32 tid
919 232 257 34 undertecknat
1192 229 171 33 anmälan
1379 237 56 21 om
1449 226 182 34 deltagan-

135 298 41 32 de
197 298 64 30 och
281 294 160 38 uppfyllt
463 294 41 30 de
525 291 182 32 allmänna
728 288 177 31 villkoren
927 288 56 29 för
1004 285 128 31 sådant
1151 280 225 37 deltagande.

174 398 238 36 Deltagandet
431 399 40 28 är
489 394 172 33 beroende
678 402 47 21 av
744 389 213 37 föregående
976 387 187 38 prövning,
1180 385 48 32 då
1247 384 57 31 det
1323 382 184 31 allmänna
1525 378 109 37 regle-

136 453 131 29 mentet
287 448 228 36 föreskriver,
535 449 53 29 att
608 446 40 31 de
667 442 149 34 föremål
845 452 74 22 som
937 439 98 34 skola
1054 437 166 33 utställas
1248 436 88 31 böra
1351 432 169 38 uppfylla
1537 431 98 31 vissa

135 503 166 37 speciella
322 501 130 32 villkor
473 501 116 30 såsom
607 499 13 30 i
643 498 104 35 fråga
768 505 57 22 om
845 496 68 34 hög
934 492 152 31 kvalitet
1107 489 84 31 eller
1210 485 308 39 ursprunglighet.

177 608 18 30 I
218 605 223 34 sistnämnda
464 603 65 31 fall
552 601 92 33 skall
665 599 229 36 reglementet
916 594 182 34 innehålla
1118 592 146 38 uppgift
1286 601 57 21 om
1365 590 67 32 den
1453 588 183 37 procedur,

138 669 74 22 som
226 660 70 31 den
311 655 229 34 anordnande
555 655 118 30 staten
688 649 176 34 fastställt
879 650 56 30 för
949 646 224 39 prövningen
1185 654 48 22 av
1247 641 151 33 föremål
1411 639 157 33 avsedda
1581 639 56 31 för

137 711 80 32 dess
232 708 197 33 nationella
447 706 148 36 sektion,
614 705 55 31 för
686 705 53 30 att
756 703 43 31 de
816 700 176 37 inbjudna
1008 700 161 31 staterna
1185 697 59 31 må
1261 695 125 31 kunna
1401 693 164 35 begagna
1583 690 55 35 sig

138 771 47 21 av
229 769 136 23 samma
409 760 143 36 system,
596 756 88 31 dock
724 757 54 29 att
801 752 103 37 varje
925 751 86 32 land
1033 748 195 34 bibehåller
1252 748 121 30 rätten
1396 746 53 30 att
1473 743 165 35 tillämpa

141 811 280 37 ifrågavarande
441 809 173 38 procedur
633 808 88 32 efter
741 807 63 32 sitt
824 807 77 34 eget
920 796 259 47 gottfinnande.

179 899 143 32 Artikel
342 899 47 30 29.

180 966 303 32 Värdesättandet
507 964 64 30 och
593 961 235 32 bedömandet
851 970 46 21 av
920 959 41 31 de
982 956 174 33 utställda
1179 953 198 33 föremålen
1399 951 99 32 skola
1521 950 119 31 anför-

142 1021 74 31 tros
235 1022 38 29 åt
295 1027 43 21 en
360 1013 269 35 internationell
648 1014 94 35 jury,
764 1012 235 31 sammansatt
1019 1008 114 36 enligt
1155 1005 159 37 följande
1334 1003 131 37 regler:

182 1070 32 36 1)
239 1070 102 36 varje
368 1071 71 29 stat
466 1066 196 33 företrädes
688 1066 12 29 i
725 1065 112 35 juryn
863 1063 11 30 i
900 1060 225 33 förhållande
1150 1059 57 31 till
1230 1058 79 31 dess
1335 1055 106 33 andel
1465 1055 12 30 i
1500 1052 142 33 utställ-

141 1122 143 36 ningen,
321 1120 130 31 varvid
487 1117 147 32 särskilt
666 1115 91 33 skall
782 1115 147 32 beaktas
954 1112 136 32 antalet
1114 1109 199 35 utställare,
1338 1107 83 33 däri
1447 1106 77 31 icke
1549 1104 94 32 inbe-

144 1174 158 30 räknade
333 1171 243 31 medarbetare
605 1169 64 32 och
698 1166 176 36 biträden,
906 1167 167 29 ävensom
1102 1163 68 31 den
1199 1163 64 35 yta
1291 1157 267 34 vederbörande
1588 1158 55 30 ut-

141 1226 149 31 ställare
313 1223 177 32 använda.

184 1275 112 37 Varje
318 1275 86 32 land
425 1275 67 30 har
515 1275 74 29 rätt
612 1272 58 31 till
692 1271 110 31 minst
826 1279 43 22 en
892 1268 171 37 juryman
1087 1266 11 31 i
1122 1264 101 37 varje
1246 1264 108 35 klass,
1376 1262 65 32 där
1464 1261 80 31 dess
1566 1269 78 27 pro-

141 1329 132 32 dukter
298 1327 177 35 utställas,
499 1328 100 29 utom
625 1325 55 30 för
704 1324 60 31 det
789 1322 67 30 fall
878 1323 54 29 att
957 1318 281 35 utställningens
1263 1315 148 35 ledning
1435 1313 65 32 och
1523 1312 122 31 veder-

145 1380 157 32 börande
322 1380 102 31 lands
444 1376 247 32 kommissarie
712 1375 84 31 eller
817 1372 130 33 ombud
967 1374 63 29 äro
1049 1380 80 22 ense
1149 1378 56 23 om
1225 1370 54 30 att
1298 1377 46 23 en
1363 1364 282 38 representation

146 1432 12 31 i
188 1433 111 36 juryn
326 1431 78 31 icke
433 1433 40 28 är
503 1428 199 31 motiverad
730 1437 46 20 av
804 1424 265 34 omfattningen
1087 1432 47 21 av
1150 1420 141 32 landets
1308 1417 214 37 deltagande
1541 1416 12 31 i
1571 1416 74 31 viss

146 1484 106 31 klass.

187 1534 96 32 Intet
301 1533 85 32 land
403 1534 58 30 må
479 1531 200 32 företrädas
698 1540 45 21 av
760 1538 76 22 mer
854 1530 46 29 än
916 1528 17 30 7
951 1527 171 36 jurymän
1138 1525 12 30 i
1168 1532 136 23 samma
1325 1522 112 35 klass;
1456 1521 119 31 denna
1591 1519 55 31 be-

149 1585 199 36 gränsning
369 1588 40 28 är
429 1584 90 32 dock
540 1583 75 31 icke
637 1580 195 36 tillämplig
851 1582 45 34 på
916 1579 185 31 klasserna
1121 1577 56 30 för
1199 1573 165 39 flytande
1383 1573 66 31 och
1471 1572 96 31 fasta
1587 1572 60 33 nä-

148 1632 231 45 ringsmedel;
1306 1632 7 6 ”

188 1687 32 36 2)
245 1687 166 36 uppdrag
440 1688 116 30 såsom
584 1685 170 36 juryman
782 1683 63 31 bör
864 1681 155 33 tilldelas
1039 1688 176 28 personer,
1233 1687 75 22 som
1326 1675 132 33 inneha
1475 1674 172 36 erforderr-

148 1740 74 36 liga
244 1740 165 32 tekniska
429 1738 219 36 kunskaper;

188 1791 32 36 3)
245 1791 172 37 jurymän
441 1790 100 32 skola
565 1789 94 31 hava
683 1787 55 32 sin
764 1786 184 36 regerings
972 1783 259 36 godkännande
1257 1782 55 31 för
1339 1782 52 30 att
1416 1781 123 30 kunna
1563 1779 86 32 mot-

151 1846 84 34 taga
255 1844 215 35 uppdraget;

191 1894 31 34 4)
248 1896 112 35 juryn
377 1894 91 32 skall
487 1894 153 30 omfatta
658 1892 18 31 3
692 1888 385 40 jurisdiktionsgrader
1093 1887 87 31 eller
1198 1886 188 31 instanser.

191 1980 144 31 Artikel
356 1982 46 29 30.

191 2048 268 35 Belöningarna
477 2046 136 32 indelas
630 2047 11 30 i
658 2046 19 30 5
692 2044 217 36 kategorier:

192 2100 32 36 1)
249 2102 58 30 1:a
329 2101 74 36 pris
430 2099 135 35 (Grand
587 2096 95 38 prix)

191 2152 32 36 2)
249 2151 288 36 Hedersdiplom;

192 2204 32 36 3)
249 2203 280 36 Guldmedaljer;

193 2255 32 36 4)
250 2255 306 36 Silvermedaljer;

194 2308 32 35 5)
250 2306 299 35 Bronsmedaljer.

195 2358 188 32 Dessutom
405 2358 122 30 kunna
548 2357 46 35 på
618 2354 134 36 förslag
774 2365 46 21 av
843 2352 245 36 prisbelönade
1108 2349 189 32 utställare
1320 2349 84 31 eller
1425 2347 230 34 medlemmar

155 2421 47 20 av
220 2411 110 35 juryn
346 2409 135 36 diplom
499 2408 139 31 utdelas
656 2407 55 31 till
728 2407 235 31 utställarnas
982 2403 242 32 medarbetare
1242 2401 86 31 eller
1347 2399 173 32 biträden.
