2184 2620
636 151 117 34 Första
778 148 222 45 lagutskottets
1022 148 172 35 utlåtande
1217 150 53 34 Nr
1294 155 30 31 9.
1763 154 20 32 5

183 236 152 50 dugliga
364 235 123 38 hästar
516 234 68 38 och
614 235 58 36 till
701 233 196 50 krigsbruk
927 234 156 49 tjänliga
1115 233 130 37 fordon
1275 235 102 36 skola
1405 247 85 24 vara
1518 234 171 50 skyldiga
1717 241 64 37 att,

183 298 65 29 när
285 295 39 32 så
361 290 197 42 erfordras,
597 290 57 35 till
695 289 195 48 krigsbruk
929 292 101 32 avstå
1069 288 197 36 desamma.
1327 288 68 36 Det
1434 291 99 34 antal
1564 290 123 36 hästar
1714 290 68 36 oeh

183 344 143 44 fordon,
372 357 77 23 som
480 342 184 37 erfordras
695 343 57 34 för
782 342 270 46 krigsmaktens
1082 342 178 35 ställande
1291 345 46 45 på
1366 342 165 47 krigsfot,
1563 343 219 36 bestämmes

182 412 43 23 av
263 398 206 47 Konungen
499 397 66 35 och
606 395 157 37 fördelas
802 395 176 36 likaledes
1017 408 43 22 av
1101 395 206 48 Konungen
1338 398 46 45 på
1412 396 44 35 de
1486 397 97 35 olika
1613 398 170 35 kommu-

182 465 124 22 nerna.
363 449 120 37 Sådan
528 449 213 47 fördelning
781 450 225 42 verkställes,
1037 448 70 36 vad
1136 448 171 36 hästarna
1337 451 124 45 angår,
1493 456 81 30 vart
1603 450 111 36 femte
1744 454 40 32 år

182 506 89 34 eller
299 503 127 44 oftare,
457 503 122 36 därest
608 505 39 33 så
676 501 192 36 erfordras.

290 558 103 35 Inom
432 557 98 47 varje
569 557 178 35 kommun
777 556 91 35 skall
896 555 120 36 finnas
1046 568 44 23 en
1121 555 456 49 hästuttagningsnämnd,
1609 569 77 24 som
1716 558 67 35 har

182 616 52 31 att
263 611 111 36 redan
419 610 119 36 under
580 608 156 37 fredstid
772 609 98 47 varje
899 612 40 32 år
969 615 127 42 uttaga
1125 609 44 35 de
1200 609 121 36 hästar
1349 610 67 35 och
1447 610 333 48 anspannsfordon,

181 678 77 23 som
298 666 101 35 skola
436 664 166 35 inställas
640 664 56 35 till
737 664 219 46 mönstring,
991 663 55 35 för
1074 662 70 36 den
1175 662 176 37 händelse
1381 664 248 47 krigsmakten
1662 664 118 36 under

181 719 62 35 det
272 718 164 47 följande
465 721 77 32 året
571 718 118 35 skulle
719 717 123 35 ställas
872 720 46 44 på
948 715 167 50 krigsfot.
1160 716 206 45 Nämnden,
1397 730 75 23 som
1505 719 91 34 skall
1619 717 100 37 bestå
1739 732 43 22 av

182 773 112 35 minst
324 774 20 34 3
376 772 67 35 och
476 772 107 47 högst
614 773 20 33 5
666 770 214 45 ledamöter,
911 771 173 35 tillsättes
1115 770 57 35 för
1201 769 82 50 fyra
1312 774 40 32 år
1380 772 12 34 i
1422 771 143 36 sänder.
1596 772 57 35 Av
1681 772 101 36 leda-

182 832 164 29 möterna
376 832 99 28 utses
505 837 57 31 en,
593 836 77 23 som
701 825 89 34 skall
820 837 85 23 vara
933 824 236 43 ordförande,
1208 837 43 22 av
1282 824 226 49 Konungens
1538 824 243 49 befallnings-

181 879 166 35 havande
389 884 95 30 samt
526 878 45 35 de
614 878 125 47 övriga
763 877 116 47 jämte
907 880 62 32 två
998 878 238 47 suppleanter
1264 877 56 36 för
1348 877 83 36 dem
1462 891 43 23 av
1534 880 246 35 kommunens

182 931 219 37 beslutande
439 931 230 50 myndighet.
727 930 193 36 Nämnden
961 931 92 35 skall
1090 930 272 37 sammanträda
1397 935 39 32 så
1464 931 76 37 ofta
1567 934 213 42 göromålen

181 986 61 36 det
271 987 143 48 påkalla
443 986 67 35 och
540 986 12 34 i
582 985 101 46 varje
712 983 64 37 fall
808 986 112 34 minst
948 997 43 23 en
1023 988 99 45 gång
1151 986 153 47 årligen.
1361 984 118 37 Sedan
1512 988 198 47 uttagning
1737 1000 44 23 av

181 1041 124 35 hästar
339 1040 66 36 och
437 1038 376 50 anspannspersedlar
842 1038 57 36 för
927 1041 78 33 året
1035 1044 62 42 ägt
1127 1051 93 33 rum,
1251 1040 100 35 skola
1381 1045 191 43 upprättas
1601 1040 180 37 hästrulla

181 1094 66 36 och
286 1092 448 51 anspannsfordonsrulla,
773 1092 262 37 innehållande
1074 1091 150 51 uppgift
1261 1096 21 33 å
1311 1093 44 36 de
1384 1094 123 35 hästar
1536 1094 67 36 och
1635 1093 143 48 fordon,

180 1160 77 25 som
288 1149 166 48 uttagits,
484 1153 96 30 samt
608 1150 21 33 å
657 1146 104 37 deras
790 1153 120 42 ägare.

286 1200 163 50 Uttagna
477 1201 124 36 hästar
629 1201 101 36 skola
758 1213 44 23 av
830 1199 187 38 nämnden
1048 1199 211 50 besiktigas.
1305 1200 112 50 Dylik
1445 1200 214 51 besiktning
1686 1203 92 35 skall

179 1257 40 34 så
255 1254 145 41 ordnas,
440 1261 52 30 att
530 1255 171 48 samtliga
737 1255 13 36 i
783 1253 71 38 den
884 1259 123 31 senast
1036 1253 219 50 upprättade
1284 1255 121 35 rullan
1436 1260 190 44 upptagna
1655 1256 124 36 hästar

180 1308 98 37 bliva
307 1307 227 49 besiktigade
565 1307 77 37 före
672 1311 186 46 utgången
888 1320 43 23 av
959 1307 207 37 nämndens
1195 1308 407 49 tjänstgöringsperiod.

312 1361 214 38 Nämndens
563 1360 221 37 ordförande
819 1362 164 47 åtnjuter
1021 1374 43 23 av
1102 1360 213 38 statsmedel
1354 1361 77 37 dels
1468 1364 223 47 gottgörelse
1722 1362 57 39 för

179 1415 44 38 de
261 1416 135 37 honom
426 1428 134 37 genom
598 1415 206 50 uppdraget
832 1415 193 36 åsamkade
1055 1415 207 44 kostnader,
1293 1418 118 34 såsom
1441 1417 335 46 skrivmaterialier,

178 1475 189 44 postporto
393 1470 68 37 och
482 1470 258 49 skrivarhjälp,
762 1469 77 37 dels
859 1469 451 50 traktamentsersättning
1330 1469 118 37 under
1466 1471 311 37 sammanträdes-

178 1524 68 37 och
275 1523 195 50 resedagar
498 1523 84 37 med
612 1522 83 51 fyra
724 1524 134 36 kronor
881 1536 59 24 om
962 1523 132 48 dagen,
1116 1523 78 36 dels
1213 1524 66 36 ock
1299 1524 476 51 resekostnadsersättning.

178 1576 54 37 De
269 1577 105 36 valda
414 1577 252 36 ledamöterna
704 1577 143 48 åtnjuta
885 1576 166 37 däremot
1080 1577 31 48 ej
1144 1578 205 47 ersättning
1377 1590 44 23 av
1449 1578 212 37 statsmedel
1691 1589 85 27 men

178 1632 126 35 kunna
346 1631 160 36 tilldelas
544 1632 206 48 ersättning
787 1643 43 24 av
859 1631 245 36 kommunens
1134 1631 131 44 medel,
1297 1631 121 36 därest
1447 1631 81 38 dess
1558 1632 218 37 beslutande

177 1684 218 50 myndighet
425 1688 39 33 så
493 1685 232 36 bestämmer.

311 1791 79 37 Den
419 1792 243 48 omläggning
691 1804 43 24 av
757 1791 579 50 hästutskrivningsförfarandet,
1359 1807 77 23 som
1457 1808 132 35 genom
1611 1795 164 37 införan-

175 1845 61 36 det
264 1858 44 23 av
336 1845 243 49 regelbundet
607 1846 299 36 återkommande
938 1846 337 50 hästbesiktningar
1304 1848 134 36 skedde
1467 1852 40 33 år
1531 1850 111 44 1915,
1665 1853 110 46 avsåg

176 1904 53 31 att
258 1899 119 36 bättre
407 1906 45 29 än
482 1899 62 36 det
572 1899 132 36 dittills
738 1900 215 48 tillämpade
974 1906 178 43 systemet
1172 1901 133 36 bereda
1324 1902 272 37 vederbörande
1616 1917 44 23 en
1682 1917 93 35 nog-

174 1966 119 35 grann
341 1952 206 37 kännedom
595 1965 59 24 om
702 1955 204 47 tillgången
949 1955 101 35 inom
1095 1955 94 35 riket
1231 1959 46 45 på
1320 1956 132 43 hästar,
1497 1958 177 48 lämpliga
1716 1960 57 34 till

175 2007 208 48 krigsbruk,
413 2007 68 36 och
510 2020 59 23 om
600 2007 104 36 deras
734 2007 264 36 beskaffenhet.
1057 2006 162 38 Givetvis
1262 2010 66 35 har
1364 2010 162 36 nämnda
1564 2011 209 37 förfarande

174 2061 159 35 medfört
370 2059 115 37 ökade
523 2061 196 36 kostnader
758 2061 57 36 för
843 2067 119 30 staten
993 2068 94 29 samt
1117 2075 75 36 nya
1221 2062 155 49 utgifter
1405 2063 57 37 för
1490 2065 281 46 kommunerna,

172 2114 67 36 och
270 2117 45 46 på
347 2120 72 30 sätt
449 2115 270 35 motionärerna
740 2116 167 48 påpekat,
928 2115 105 36 torde
1053 2116 246 37 kostnaderna
1318 2118 148 35 särskilt
1487 2117 56 38 för
1563 2118 44 37 de
1629 2119 144 37 mindre

174 2168 269 36 kommunerna
463 2169 126 35 kunna
610 2169 97 35 bliva
725 2170 139 47 ganska
883 2169 199 36 kännbara.
1113 2169 174 50 Möjligen
1311 2171 103 36 torde
1434 2171 61 37 det
1512 2172 84 36 med
1612 2173 161 37 nämnda

173 2221 253 48 besiktningar
454 2222 158 36 avsedda
641 2222 114 50 syftet
784 2223 126 36 kunna
940 2225 129 34 vinnas
1100 2226 44 46 på
1173 2229 53 31 ett
1255 2225 146 36 enklare
1431 2226 68 35 och
1530 2225 56 37 för
1614 2226 62 37 det
1705 2228 67 35 all-

175 2281 135 30 männa
339 2275 144 37 mindre
512 2276 236 49 betungande
777 2282 83 31 sätt.
918 2276 187 38 Utskottet
1134 2285 151 42 antager
1314 2280 217 44 emellertid,
1562 2286 55 30 att
1642 2280 129 50 frågan

258 2336 121 39 Bihang
402 2337 45 30 tull
470 2338 175 38 riksdagens
662 2339 149 38 protokoll
833 2340 80 30 1919.
964 2341 18 28 9
1007 2339 84 30 saml.
1143 2341 16 28 1
1183 2340 63 31 avd.
1295 2341 21 30 8
1338 2340 76 41 häft.
1462 2339 57 43 (Nr
1543 2340 43 42 9)
1706 2342 20 31 2
