<?xml version="1.0" encoding="UTF-8"?>
<alto xmlns="http://www.loc.gov/standards/alto/ns-v3#" xmlns:xlink="http://www.w3.org/1999/xlink" xmlns:xsi="http://www.w3.org/2001/XMLSchema-instance" xsi:schemaLocation="http://www.loc.gov/standards/alto/ns-v3# http://www.loc.gov/alto/v3/alto-3-0.xsd">
	<Description>
		<MeasurementUnit>pixel</MeasurementUnit>
		<sourceImageInformation>
			<fileName>/tmp/tess__c5rqmfd_input.PNG</fileName>
		</sourceImageInformation>
		<OCRProcessing ID="OCR_0">
			<ocrProcessingStep>
				<processingSoftware>
					<softwareName>tesseract 5.3.0</softwareName>
				</processingSoftware>
			</ocrProcessingStep>
		</OCRProcessing>
	</Description>
	<Layout>
		<Page WIDTH="2200" HEIGHT="2650" PHYSICAL_IMG_NR="0" ID="page_0">
			<PrintSpace HPOS="0" VPOS="0" WIDTH="2200" HEIGHT="2650">
				<ComposedBlock ID="cblock_0" HPOS="709" VPOS="209" WIDTH="1085" HEIGHT="35">
					<TextBlock ID="block_0" HPOS="709" VPOS="209" WIDTH="1085" HEIGHT="35">
						<TextLine ID="line_0" HPOS="709" VPOS="209" WIDTH="1085" HEIGHT="35">
							<String ID="string_0" HPOS="709" VPOS="213" WIDTH="260" HEIGHT="31" WC="0.82" CONTENT="DBankoutskottets"/><SP WIDTH="23" VPOS="213" HPOS="969"/>
							<String ID="string_1" HPOS="992" VPOS="210" WIDTH="161" HEIGHT="33" WC="0.94" CONTENT="Memorial"/><SP WIDTH="24" VPOS="210" HPOS="1153"/>
							<String ID="string_2" HPOS="1177" VPOS="209" WIDTH="63" HEIGHT="31" WC="0.88" CONTENT="N:o"/><SP WIDTH="24" VPOS="209" HPOS="1240"/>
							<String ID="string_3" HPOS="1264" VPOS="212" WIDTH="25" HEIGHT="29" WC="0.72" CONTENT="I."/><SP WIDTH="470" VPOS="212" HPOS="1289"/>
							<String ID="string_4" HPOS="1759" VPOS="210" WIDTH="35" HEIGHT="28" WC="0.95" CONTENT="31"/>
						</TextLine>
					</TextBlock>
				</ComposedBlock>
				<ComposedBlock ID="cblock_1" HPOS="195" VPOS="287" WIDTH="1606" HEIGHT="1166">
					<TextBlock ID="block_1" HPOS="195" VPOS="287" WIDTH="1604" HEIGHT="614">
						<TextLine ID="line_1" HPOS="195" VPOS="287" WIDTH="1602" HEIGHT="49">
							<String ID="string_5" HPOS="195" VPOS="308" WIDTH="89" HEIGHT="23" WC="0.95" CONTENT="vara"/><SP WIDTH="28" VPOS="308" HPOS="284"/>
							<String ID="string_6" HPOS="312" VPOS="295" WIDTH="121" HEIGHT="36" WC="0.96" CONTENT="under"/><SP WIDTH="29" VPOS="295" HPOS="433"/>
							<String ID="string_7" HPOS="462" VPOS="294" WIDTH="63" HEIGHT="36" WC="0.96" CONTENT="tak"/><SP WIDTH="30" VPOS="294" HPOS="525"/>
							<String ID="string_8" HPOS="555" VPOS="294" WIDTH="73" HEIGHT="36" WC="0.96" CONTENT="den"/><SP WIDTH="30" VPOS="294" HPOS="628"/>
							<String ID="string_9" HPOS="658" VPOS="297" WIDTH="16" HEIGHT="32" WC="0.73" CONTENT="1"/><SP WIDTH="29" VPOS="297" HPOS="674"/>
							<String ID="string_10" HPOS="703" VPOS="293" WIDTH="160" HEIGHT="36" WC="0.96" CONTENT="oktober"/><SP WIDTH="24" VPOS="293" HPOS="863"/>
							<String ID="string_11" HPOS="887" VPOS="294" WIDTH="95" HEIGHT="34" WC="0.96" CONTENT="1900"/><SP WIDTH="21" VPOS="294" HPOS="982"/>
							<String ID="string_12" HPOS="1003" VPOS="290" WIDTH="69" HEIGHT="36" WC="0.96" CONTENT="och"/><SP WIDTH="21" VPOS="290" HPOS="1072"/>
							<String ID="string_13" HPOS="1093" VPOS="290" WIDTH="87" HEIGHT="35" WC="0.96" CONTENT="fullt"/><SP WIDTH="19" VPOS="290" HPOS="1180"/>
							<String ID="string_14" HPOS="1199" VPOS="289" WIDTH="149" HEIGHT="47" WC="0.96" CONTENT="färdiga"/><SP WIDTH="21" VPOS="289" HPOS="1348"/>
							<String ID="string_15" HPOS="1369" VPOS="289" WIDTH="58" HEIGHT="36" WC="0.96" CONTENT="till"/><SP WIDTH="21" VPOS="289" HPOS="1427"/>
							<String ID="string_16" HPOS="1448" VPOS="288" WIDTH="71" HEIGHT="36" WC="0.95" CONTENT="den"/><SP WIDTH="24" VPOS="288" HPOS="1519"/>
							<String ID="string_17" HPOS="1543" VPOS="291" WIDTH="15" HEIGHT="32" WC="0.73" CONTENT="1"/><SP WIDTH="23" VPOS="291" HPOS="1558"/>
							<String ID="string_18" HPOS="1581" VPOS="287" WIDTH="216" HEIGHT="49" WC="0.96" CONTENT="september"/>
						</TextLine>
						<TextLine ID="line_2" HPOS="197" VPOS="338" WIDTH="1600" HEIGHT="55">
							<String ID="string_19" HPOS="197" VPOS="349" WIDTH="92" HEIGHT="34" WC="0.96" CONTENT="1901"/><SP WIDTH="44" VPOS="349" HPOS="289"/>
							<String ID="string_20" HPOS="333" VPOS="346" WIDTH="85" HEIGHT="35" WC="0.96" CONTENT="med"/><SP WIDTH="41" VPOS="346" HPOS="418"/>
							<String ID="string_21" HPOS="459" VPOS="345" WIDTH="218" HEIGHT="48" WC="0.96" CONTENT="skyldighet"/><SP WIDTH="40" VPOS="345" HPOS="677"/>
							<String ID="string_22" HPOS="717" VPOS="343" WIDTH="58" HEIGHT="36" WC="0.96" CONTENT="för"/><SP WIDTH="40" VPOS="343" HPOS="775"/>
							<String ID="string_23" HPOS="815" VPOS="342" WIDTH="284" HEIGHT="37" WC="0.96" CONTENT="vederbörande"/><SP WIDTH="42" VPOS="342" HPOS="1099"/>
							<String ID="string_24" HPOS="1141" VPOS="346" WIDTH="292" HEIGHT="41" WC="0.95" CONTENT="entreprenörer"/><SP WIDTH="28" VPOS="346" HPOS="1433"/>
							<String ID="string_25" HPOS="1461" VPOS="344" WIDTH="56" HEIGHT="31" WC="0.96" CONTENT="att"/><SP WIDTH="28" VPOS="344" HPOS="1517"/>
							<String ID="string_26" HPOS="1545" VPOS="338" WIDTH="110" HEIGHT="36" WC="0.92" CONTENT="hafva"/><SP WIDTH="29" VPOS="338" HPOS="1655"/>
							<String ID="string_27" HPOS="1684" VPOS="338" WIDTH="113" HEIGHT="36" WC="0.92" CONTENT="bank-"/>
						</TextLine>
						<TextLine ID="line_3" HPOS="195" VPOS="388" WIDTH="1601" HEIGHT="53">
							<String ID="string_28" HPOS="195" VPOS="398" WIDTH="194" HEIGHT="35" WC="0.96" CONTENT="lokalerna"/><SP WIDTH="29" VPOS="398" HPOS="389"/>
							<String ID="string_29" HPOS="418" VPOS="396" WIDTH="157" HEIGHT="36" WC="0.96" CONTENT="inredda"/><SP WIDTH="29" VPOS="396" HPOS="575"/>
							<String ID="string_30" HPOS="604" VPOS="395" WIDTH="69" HEIGHT="36" WC="0.96" CONTENT="och"/><SP WIDTH="30" VPOS="395" HPOS="673"/>
							<String ID="string_31" HPOS="703" VPOS="394" WIDTH="147" HEIGHT="47" WC="0.96" CONTENT="färdiga"/><SP WIDTH="28" VPOS="394" HPOS="850"/>
							<String ID="string_32" HPOS="878" VPOS="395" WIDTH="11" HEIGHT="34" WC="0.96" CONTENT="i"/><SP WIDTH="28" VPOS="395" HPOS="889"/>
							<String ID="string_33" HPOS="917" VPOS="392" WIDTH="197" HEIGHT="37" WC="0.96" CONTENT="Halmstad"/><SP WIDTH="31" VPOS="392" HPOS="1114"/>
							<String ID="string_34" HPOS="1145" VPOS="391" WIDTH="71" HEIGHT="36" WC="0.96" CONTENT="den"/><SP WIDTH="24" VPOS="391" HPOS="1216"/>
							<String ID="string_35" HPOS="1240" VPOS="395" WIDTH="43" HEIGHT="32" WC="0.96" CONTENT="15"/><SP WIDTH="22" VPOS="395" HPOS="1283"/>
							<String ID="string_36" HPOS="1305" VPOS="404" WIDTH="98" HEIGHT="22" WC="0.96" CONTENT="mars"/><SP WIDTH="21" VPOS="404" HPOS="1403"/>
							<String ID="string_37" HPOS="1424" VPOS="390" WIDTH="70" HEIGHT="36" WC="0.96" CONTENT="och"/><SP WIDTH="21" VPOS="390" HPOS="1494"/>
							<String ID="string_38" HPOS="1515" VPOS="391" WIDTH="11" HEIGHT="34" WC="0.96" CONTENT="i"/><SP WIDTH="20" VPOS="391" HPOS="1526"/>
							<String ID="string_39" HPOS="1546" VPOS="388" WIDTH="250" HEIGHT="37" WC="0.96" CONTENT="Kristianstad"/>
						</TextLine>
						<TextLine ID="line_4" HPOS="196" VPOS="439" WIDTH="1601" HEIGHT="55">
							<String ID="string_40" HPOS="196" VPOS="448" WIDTH="73" HEIGHT="36" WC="0.96" CONTENT="den"/><SP WIDTH="43" VPOS="448" HPOS="269"/>
							<String ID="string_41" HPOS="312" VPOS="451" WIDTH="43" HEIGHT="33" WC="0.96" CONTENT="15"/><SP WIDTH="42" VPOS="451" HPOS="355"/>
							<String ID="string_42" HPOS="397" VPOS="448" WIDTH="71" HEIGHT="46" WC="0.96" CONTENT="maj"/><SP WIDTH="42" VPOS="448" HPOS="468"/>
							<String ID="string_43" HPOS="510" VPOS="448" WIDTH="105" HEIGHT="35" WC="0.96" CONTENT="1901."/><SP WIDTH="54" VPOS="448" HPOS="615"/>
							<String ID="string_44" HPOS="669" VPOS="445" WIDTH="58" HEIGHT="36" WC="0.92" CONTENT="Då"/><SP WIDTH="37" VPOS="445" HPOS="727"/>
							<String ID="string_45" HPOS="764" VPOS="445" WIDTH="181" HEIGHT="43" WC="0.92" CONTENT="deremot,"/><SP WIDTH="31" VPOS="445" HPOS="945"/>
							<String ID="string_46" HPOS="976" VPOS="443" WIDTH="97" HEIGHT="37" WC="0.96" CONTENT="hvad"/><SP WIDTH="29" VPOS="443" HPOS="1073"/>
							<String ID="string_47" HPOS="1102" VPOS="441" WIDTH="181" HEIGHT="37" WC="0.96" CONTENT="beträffar"/><SP WIDTH="28" VPOS="441" HPOS="1283"/>
							<String ID="string_48" HPOS="1311" VPOS="442" WIDTH="180" HEIGHT="35" WC="0.96" CONTENT="kontoret"/><SP WIDTH="28" VPOS="442" HPOS="1491"/>
							<String ID="string_49" HPOS="1519" VPOS="442" WIDTH="11" HEIGHT="34" WC="0.96" CONTENT="i"/><SP WIDTH="29" VPOS="442" HPOS="1530"/>
							<String ID="string_50" HPOS="1559" VPOS="440" WIDTH="163" HEIGHT="44" WC="0.96" CONTENT="Kalmar,"/><SP WIDTH="30" VPOS="440" HPOS="1722"/>
							<String ID="string_51" HPOS="1752" VPOS="439" WIDTH="45" HEIGHT="36" WC="0.96" CONTENT="de"/>
						</TextLine>
						<TextLine ID="line_5" HPOS="195" VPOS="491" WIDTH="1603" HEIGHT="54">
							<String ID="string_52" HPOS="195" VPOS="498" WIDTH="161" HEIGHT="36" WC="0.96" CONTENT="rörande"/><SP WIDTH="28" VPOS="498" HPOS="356"/>
							<String ID="string_53" HPOS="384" VPOS="497" WIDTH="255" HEIGHT="48" WC="0.96" CONTENT="uppförandet"/><SP WIDTH="28" VPOS="497" HPOS="639"/>
							<String ID="string_54" HPOS="667" VPOS="496" WIDTH="40" HEIGHT="36" WC="0.96" CONTENT="af"/><SP WIDTH="15" VPOS="496" HPOS="707"/>
							<String ID="string_55" HPOS="722" VPOS="495" WIDTH="132" HEIGHT="48" WC="0.93" CONTENT="sjelfva"/><SP WIDTH="20" VPOS="495" HPOS="854"/>
							<String ID="string_56" HPOS="874" VPOS="494" WIDTH="342" HEIGHT="49" WC="0.91" CONTENT="bankbyggnaden,"/><SP WIDTH="22" VPOS="494" HPOS="1216"/>
							<String ID="string_57" HPOS="1238" VPOS="493" WIDTH="152" HEIGHT="35" WC="0.91" CONTENT="hvarom"/><SP WIDTH="23" VPOS="493" HPOS="1390"/>
							<String ID="string_58" HPOS="1413" VPOS="499" WIDTH="100" HEIGHT="28" WC="0.96" CONTENT="ännu"/><SP WIDTH="21" VPOS="499" HPOS="1513"/>
							<String ID="string_59" HPOS="1534" VPOS="492" WIDTH="31" HEIGHT="46" WC="0.96" CONTENT="ej"/><SP WIDTH="23" VPOS="492" HPOS="1565"/>
							<String ID="string_60" HPOS="1588" VPOS="495" WIDTH="41" HEIGHT="32" WC="0.93" CONTENT="är"/><SP WIDTH="19" VPOS="495" HPOS="1629"/>
							<String ID="string_61" HPOS="1648" VPOS="491" WIDTH="150" HEIGHT="35" WC="0.92" CONTENT="kontra-"/>
						</TextLine>
						<TextLine ID="line_6" HPOS="197" VPOS="541" WIDTH="1602" HEIGHT="52">
							<String ID="string_62" HPOS="197" VPOS="550" WIDTH="145" HEIGHT="43" WC="0.91" CONTENT="heradt,"/><SP WIDTH="38" VPOS="550" HPOS="342"/>
							<String ID="string_63" HPOS="380" VPOS="548" WIDTH="218" HEIGHT="36" WC="0.92" CONTENT="infordrade"/><SP WIDTH="38" VPOS="548" HPOS="598"/>
							<String ID="string_64" HPOS="636" VPOS="548" WIDTH="70" HEIGHT="35" WC="0.93" CONTENT="och"/><SP WIDTH="39" VPOS="548" HPOS="706"/>
							<String ID="string_65" HPOS="745" VPOS="546" WIDTH="139" HEIGHT="47" WC="0.90" CONTENT="afgifna"/><SP WIDTH="37" VPOS="546" HPOS="884"/>
							<String ID="string_66" HPOS="921" VPOS="544" WIDTH="431" HEIGHT="48" WC="0.91" CONTENT="entreprenadanbuden"/><SP WIDTH="39" VPOS="544" HPOS="1352"/>
							<String ID="string_67" HPOS="1391" VPOS="542" WIDTH="191" HEIGHT="36" WC="0.95" CONTENT="befunnits"/><SP WIDTH="29" VPOS="542" HPOS="1582"/>
							<String ID="string_68" HPOS="1611" VPOS="541" WIDTH="188" HEIGHT="48" WC="0.96" CONTENT="betydligt"/>
						</TextLine>
						<TextLine ID="line_7" HPOS="197" VPOS="592" WIDTH="1601" HEIGHT="55">
							<String ID="string_69" HPOS="197" VPOS="600" WIDTH="206" HEIGHT="47" WC="0.90" CONTENT="öfverstiga"/><SP WIDTH="36" VPOS="600" HPOS="403"/>
							<String ID="string_70" HPOS="439" VPOS="599" WIDTH="381" HEIGHT="47" WC="0.91" CONTENT="byggnadsanslaget,"/><SP WIDTH="35" VPOS="599" HPOS="820"/>
							<String ID="string_71" HPOS="855" VPOS="595" WIDTH="81" HEIGHT="38" WC="0.96" CONTENT="blef"/><SP WIDTH="25" VPOS="595" HPOS="936"/>
							<String ID="string_72" HPOS="961" VPOS="596" WIDTH="159" HEIGHT="43" WC="0.96" CONTENT="arbetet,"/><SP WIDTH="30" VPOS="596" HPOS="1120"/>
							<String ID="string_73" HPOS="1150" VPOS="594" WIDTH="96" HEIGHT="36" WC="0.92" CONTENT="efter"/><SP WIDTH="27" VPOS="594" HPOS="1246"/>
							<String ID="string_74" HPOS="1273" VPOS="593" WIDTH="229" HEIGHT="48" WC="0.92" CONTENT="vidtagande"/><SP WIDTH="29" VPOS="593" HPOS="1502"/>
							<String ID="string_75" HPOS="1531" VPOS="592" WIDTH="39" HEIGHT="36" WC="0.96" CONTENT="af"/><SP WIDTH="25" VPOS="592" HPOS="1570"/>
							<String ID="string_76" HPOS="1595" VPOS="592" WIDTH="203" HEIGHT="47" WC="0.96" CONTENT="ändringar"/>
						</TextLine>
						<TextLine ID="line_8" HPOS="197" VPOS="643" WIDTH="1601" HEIGHT="53">
							<String ID="string_77" HPOS="197" VPOS="651" WIDTH="70" HEIGHT="35" WC="0.95" CONTENT="och"/><SP WIDTH="46" VPOS="651" HPOS="267"/>
							<String ID="string_78" HPOS="313" VPOS="650" WIDTH="258" HEIGHT="46" WC="0.95" CONTENT="förenklingar"/><SP WIDTH="41" VPOS="650" HPOS="571"/>
							<String ID="string_79" HPOS="612" VPOS="649" WIDTH="9" HEIGHT="35" WC="0.96" CONTENT="i"/><SP WIDTH="41" VPOS="649" HPOS="621"/>
							<String ID="string_80" HPOS="662" VPOS="649" WIDTH="246" HEIGHT="47" WC="0.95" CONTENT="ritningarna,"/><SP WIDTH="47" VPOS="649" HPOS="908"/>
							<String ID="string_81" HPOS="955" VPOS="647" WIDTH="244" HEIGHT="45" WC="0.96" CONTENT="hvarigenom"/><SP WIDTH="48" VPOS="647" HPOS="1199"/>
							<String ID="string_82" HPOS="1247" VPOS="645" WIDTH="208" HEIGHT="35" WC="0.96" CONTENT="kostnaden"/><SP WIDTH="44" VPOS="645" HPOS="1455"/>
							<String ID="string_83" HPOS="1499" VPOS="646" WIDTH="133" HEIGHT="45" WC="0.96" CONTENT="ansågs"/><SP WIDTH="42" VPOS="646" HPOS="1632"/>
							<String ID="string_84" HPOS="1674" VPOS="643" WIDTH="124" HEIGHT="35" WC="0.96" CONTENT="kunna"/>
						</TextLine>
						<TextLine ID="line_9" HPOS="197" VPOS="693" WIDTH="1602" HEIGHT="55">
							<String ID="string_85" HPOS="197" VPOS="701" WIDTH="238" HEIGHT="47" WC="0.91" CONTENT="nedbringas,"/><SP WIDTH="30" VPOS="701" HPOS="435"/>
							<String ID="string_86" HPOS="465" VPOS="703" WIDTH="20" HEIGHT="32" WC="0.92" CONTENT="å"/><SP WIDTH="29" VPOS="703" HPOS="485"/>
							<String ID="string_87" HPOS="514" VPOS="713" WIDTH="72" HEIGHT="34" WC="0.93" CONTENT="nyo"/><SP WIDTH="29" VPOS="713" HPOS="586"/>
							<String ID="string_88" HPOS="615" VPOS="698" WIDTH="179" HEIGHT="49" WC="0.91" CONTENT="utbjudet"/><SP WIDTH="29" VPOS="698" HPOS="794"/>
							<String ID="string_89" HPOS="823" VPOS="702" WIDTH="46" HEIGHT="45" WC="0.96" CONTENT="på"/><SP WIDTH="28" VPOS="702" HPOS="869"/>
							<String ID="string_90" HPOS="897" VPOS="697" WIDTH="270" HEIGHT="48" WC="0.96" CONTENT="entreprenad;"/><SP WIDTH="30" VPOS="697" HPOS="1167"/>
							<String ID="string_91" HPOS="1197" VPOS="696" WIDTH="69" HEIGHT="36" WC="0.96" CONTENT="och"/><SP WIDTH="22" VPOS="696" HPOS="1266"/>
							<String ID="string_92" HPOS="1288" VPOS="696" WIDTH="108" HEIGHT="35" WC="0.96" CONTENT="torde"/><SP WIDTH="22" VPOS="696" HPOS="1396"/>
							<String ID="string_93" HPOS="1418" VPOS="694" WIDTH="98" HEIGHT="36" WC="0.96" CONTENT="hvad"/><SP WIDTH="20" VPOS="694" HPOS="1516"/>
							<String ID="string_94" HPOS="1536" VPOS="707" WIDTH="78" HEIGHT="22" WC="0.96" CONTENT="som"/><SP WIDTH="20" VPOS="707" HPOS="1614"/>
							<String ID="string_95" HPOS="1634" VPOS="693" WIDTH="165" HEIGHT="48" WC="0.95" CONTENT="framgår"/>
						</TextLine>
						<TextLine ID="line_10" HPOS="197" VPOS="744" WIDTH="1602" HEIGHT="53">
							<String ID="string_96" HPOS="197" VPOS="752" WIDTH="40" HEIGHT="35" WC="0.96" CONTENT="af"/><SP WIDTH="24" VPOS="752" HPOS="237"/>
							<String ID="string_97" HPOS="261" VPOS="752" WIDTH="46" HEIGHT="36" WC="0.96" CONTENT="de"/><SP WIDTH="28" VPOS="752" HPOS="307"/>
							<String ID="string_98" HPOS="335" VPOS="751" WIDTH="139" HEIGHT="44" WC="0.96" CONTENT="anbud,"/><SP WIDTH="29" VPOS="751" HPOS="474"/>
							<String ID="string_99" HPOS="503" VPOS="764" WIDTH="78" HEIGHT="22" WC="0.96" CONTENT="som"/><SP WIDTH="30" VPOS="764" HPOS="581"/>
							<String ID="string_100" HPOS="611" VPOS="751" WIDTH="57" HEIGHT="35" WC="0.96" CONTENT="till"/><SP WIDTH="28" VPOS="751" HPOS="668"/>
							<String ID="string_101" HPOS="696" VPOS="750" WIDTH="94" HEIGHT="47" WC="0.96" CONTENT="följd"/><SP WIDTH="30" VPOS="750" HPOS="790"/>
							<String ID="string_102" HPOS="820" VPOS="749" WIDTH="108" HEIGHT="36" WC="0.96" CONTENT="häraf"/><SP WIDTH="26" VPOS="749" HPOS="928"/>
							<String ID="string_103" HPOS="954" VPOS="749" WIDTH="10" HEIGHT="34" WC="0.96" CONTENT="i"/><SP WIDTH="29" VPOS="749" HPOS="964"/>
							<String ID="string_104" HPOS="993" VPOS="749" WIDTH="108" HEIGHT="35" WC="0.96" CONTENT="dessa"/><SP WIDTH="28" VPOS="749" HPOS="1101"/>
							<String ID="string_105" HPOS="1129" VPOS="748" WIDTH="117" HEIGHT="46" WC="0.96" CONTENT="dagar"/><SP WIDTH="29" VPOS="748" HPOS="1246"/>
							<String ID="string_106" HPOS="1275" VPOS="747" WIDTH="132" HEIGHT="47" WC="0.96" CONTENT="ingått,"/><SP WIDTH="31" VPOS="747" HPOS="1407"/>
							<String ID="string_107" HPOS="1438" VPOS="745" WIDTH="148" HEIGHT="48" WC="0.95" CONTENT="påkalla"/><SP WIDTH="29" VPOS="745" HPOS="1586"/>
							<String ID="string_108" HPOS="1615" VPOS="758" WIDTH="46" HEIGHT="22" WC="0.92" CONTENT="en"/><SP WIDTH="28" VPOS="758" HPOS="1661"/>
							<String ID="string_109" HPOS="1689" VPOS="744" WIDTH="110" HEIGHT="35" WC="0.91" CONTENT="fram-"/>
						</TextLine>
						<TextLine ID="line_11" HPOS="197" VPOS="794" WIDTH="1599" HEIGHT="56">
							<String ID="string_110" HPOS="197" VPOS="803" WIDTH="179" HEIGHT="47" WC="0.96" CONTENT="ställning"/><SP WIDTH="37" VPOS="803" HPOS="376"/>
							<String ID="string_111" HPOS="413" VPOS="815" WIDTH="60" HEIGHT="23" WC="0.95" CONTENT="om"/><SP WIDTH="39" VPOS="815" HPOS="473"/>
							<String ID="string_112" HPOS="512" VPOS="801" WIDTH="160" HEIGHT="47" WC="0.95" CONTENT="höjande"/><SP WIDTH="34" VPOS="801" HPOS="672"/>
							<String ID="string_113" HPOS="706" VPOS="801" WIDTH="39" HEIGHT="35" WC="0.96" CONTENT="af"/><SP WIDTH="25" VPOS="801" HPOS="745"/>
							<String ID="string_114" HPOS="770" VPOS="801" WIDTH="64" HEIGHT="35" WC="0.96" CONTENT="det"/><SP WIDTH="27" VPOS="801" HPOS="834"/>
							<String ID="string_115" HPOS="861" VPOS="799" WIDTH="60" HEIGHT="36" WC="0.96" CONTENT="för"/><SP WIDTH="28" VPOS="799" HPOS="921"/>
							<String ID="string_116" HPOS="949" VPOS="798" WIDTH="286" HEIGHT="49" WC="0.93" CONTENT="ifrågavarande"/><SP WIDTH="29" VPOS="798" HPOS="1235"/>
							<String ID="string_117" HPOS="1264" VPOS="795" WIDTH="340" HEIGHT="50" WC="0.92" CONTENT="byggnadsförslag"/><SP WIDTH="28" VPOS="795" HPOS="1604"/>
							<String ID="string_118" HPOS="1632" VPOS="794" WIDTH="39" HEIGHT="37" WC="0.93" CONTENT="af"/><SP WIDTH="25" VPOS="794" HPOS="1671"/>
							<String ID="string_119" HPOS="1696" VPOS="795" WIDTH="100" HEIGHT="36" WC="0.91" CONTENT="Riks-"/>
						</TextLine>
						<TextLine ID="line_12" HPOS="197" VPOS="853" WIDTH="503" HEIGHT="48">
							<String ID="string_120" HPOS="197" VPOS="854" WIDTH="121" HEIGHT="47" WC="0.96" CONTENT="dagen"/><SP WIDTH="28" VPOS="854" HPOS="318"/>
							<String ID="string_121" HPOS="346" VPOS="853" WIDTH="177" HEIGHT="36" WC="0.96" CONTENT="anvisade"/><SP WIDTH="29" VPOS="853" HPOS="523"/>
							<String ID="string_122" HPOS="552" VPOS="853" WIDTH="148" HEIGHT="47" WC="0.96" CONTENT="belopp."/>
						</TextLine>
					</TextBlock>
					<TextBlock ID="block_2" HPOS="196" VPOS="896" WIDTH="1605" HEIGHT="457">
						<TextLine ID="line_13" HPOS="297" VPOS="896" WIDTH="1501" HEIGHT="50">
							<String ID="string_123" HPOS="297" VPOS="904" WIDTH="108" HEIGHT="35" WC="0.96" CONTENT="Hvad"/><SP WIDTH="40" VPOS="904" HPOS="405"/>
							<String ID="string_124" HPOS="445" VPOS="902" WIDTH="179" HEIGHT="37" WC="0.96" CONTENT="beträffar"/><SP WIDTH="37" VPOS="902" HPOS="624"/>
							<String ID="string_125" HPOS="661" VPOS="904" WIDTH="45" HEIGHT="34" WC="0.93" CONTENT="de"/><SP WIDTH="33" VPOS="904" HPOS="706"/>
							<String ID="string_126" HPOS="739" VPOS="901" WIDTH="191" HEIGHT="36" WC="0.91" CONTENT="blifvande"/><SP WIDTH="29" VPOS="901" HPOS="930"/>
							<String ID="string_127" HPOS="959" VPOS="901" WIDTH="185" HEIGHT="34" WC="0.96" CONTENT="kontoren"/><SP WIDTH="31" VPOS="901" HPOS="1144"/>
							<String ID="string_128" HPOS="1175" VPOS="900" WIDTH="10" HEIGHT="34" WC="0.96" CONTENT="i"/><SP WIDTH="29" VPOS="900" HPOS="1185"/>
							<String ID="string_129" HPOS="1214" VPOS="898" WIDTH="204" HEIGHT="48" WC="0.95" CONTENT="Nyköping"/><SP WIDTH="29" VPOS="898" HPOS="1418"/>
							<String ID="string_130" HPOS="1447" VPOS="897" WIDTH="70" HEIGHT="36" WC="0.93" CONTENT="och"/><SP WIDTH="28" VPOS="897" HPOS="1517"/>
							<String ID="string_131" HPOS="1545" VPOS="896" WIDTH="253" HEIGHT="47" WC="0.92" CONTENT="Venersborg,"/>
						</TextLine>
						<TextLine ID="line_14" HPOS="196" VPOS="947" WIDTH="1602" HEIGHT="54">
							<String ID="string_132" HPOS="196" VPOS="968" WIDTH="80" HEIGHT="23" WC="0.95" CONTENT="som"/><SP WIDTH="30" VPOS="968" HPOS="276"/>
							<String ID="string_133" HPOS="306" VPOS="955" WIDTH="118" HEIGHT="45" WC="0.95" CONTENT="enligt"/><SP WIDTH="28" VPOS="955" HPOS="424"/>
							<String ID="string_134" HPOS="452" VPOS="953" WIDTH="237" HEIGHT="48" WC="0.96" CONTENT="Riksdagens"/><SP WIDTH="28" VPOS="953" HPOS="689"/>
							<String ID="string_135" HPOS="717" VPOS="953" WIDTH="125" HEIGHT="35" WC="0.96" CONTENT="beslut"/><SP WIDTH="27" VPOS="953" HPOS="842"/>
							<String ID="string_136" HPOS="869" VPOS="952" WIDTH="106" HEIGHT="35" WC="0.96" CONTENT="skola"/><SP WIDTH="28" VPOS="952" HPOS="975"/>
							<String ID="string_137" HPOS="1003" VPOS="958" WIDTH="143" HEIGHT="40" WC="0.96" CONTENT="öppnas"/><SP WIDTH="25" VPOS="958" HPOS="1146"/>
							<String ID="string_138" HPOS="1171" VPOS="949" WIDTH="121" HEIGHT="36" WC="0.96" CONTENT="under"/><SP WIDTH="20" VPOS="949" HPOS="1292"/>
							<String ID="string_139" HPOS="1312" VPOS="952" WIDTH="40" HEIGHT="32" WC="0.96" CONTENT="år"/><SP WIDTH="23" VPOS="952" HPOS="1352"/>
							<String ID="string_140" HPOS="1375" VPOS="951" WIDTH="108" HEIGHT="41" WC="0.96" CONTENT="1901,"/><SP WIDTH="21" VPOS="951" HPOS="1483"/>
							<String ID="string_141" HPOS="1504" VPOS="948" WIDTH="81" HEIGHT="35" WC="0.95" CONTENT="med"/><SP WIDTH="22" VPOS="948" HPOS="1585"/>
							<String ID="string_142" HPOS="1607" VPOS="953" WIDTH="76" HEIGHT="30" WC="0.95" CONTENT="rätt"/><SP WIDTH="20" VPOS="953" HPOS="1683"/>
							<String ID="string_143" HPOS="1703" VPOS="947" WIDTH="95" HEIGHT="36" WC="0.96" CONTENT="dock"/>
						</TextLine>
						<TextLine ID="line_15" HPOS="198" VPOS="997" WIDTH="1600" HEIGHT="55">
							<String ID="string_144" HPOS="198" VPOS="1012" WIDTH="55" HEIGHT="30" WC="0.96" CONTENT="att"/><SP WIDTH="28" VPOS="1012" HPOS="253"/>
							<String ID="string_145" HPOS="281" VPOS="1007" WIDTH="10" HEIGHT="34" WC="0.96" CONTENT="i"/><SP WIDTH="29" VPOS="1007" HPOS="291"/>
							<String ID="string_146" HPOS="320" VPOS="1005" WIDTH="104" HEIGHT="47" WC="0.95" CONTENT="fråga"/><SP WIDTH="30" VPOS="1005" HPOS="424"/>
							<String ID="string_147" HPOS="454" VPOS="1018" WIDTH="60" HEIGHT="22" WC="0.95" CONTENT="om"/><SP WIDTH="30" VPOS="1018" HPOS="514"/>
							<String ID="string_148" HPOS="544" VPOS="1004" WIDTH="64" HEIGHT="36" WC="0.95" CONTENT="det"/><SP WIDTH="27" VPOS="1004" HPOS="608"/>
							<String ID="string_149" HPOS="635" VPOS="1003" WIDTH="233" HEIGHT="37" WC="0.95" CONTENT="sistnämnda"/><SP WIDTH="28" VPOS="1003" HPOS="868"/>
							<String ID="string_150" HPOS="896" VPOS="1003" WIDTH="76" HEIGHT="35" WC="0.96" CONTENT="låta"/><SP WIDTH="29" VPOS="1003" HPOS="972"/>
							<String ID="string_151" HPOS="1001" VPOS="1001" WIDTH="154" HEIGHT="36" WC="0.95" CONTENT="dermed"/><SP WIDTH="30" VPOS="1001" HPOS="1155"/>
							<String ID="string_152" HPOS="1185" VPOS="1004" WIDTH="105" HEIGHT="32" WC="0.95" CONTENT="anstå"/><SP WIDTH="28" VPOS="1004" HPOS="1290"/>
							<String ID="string_153" HPOS="1318" VPOS="1000" WIDTH="58" HEIGHT="35" WC="0.95" CONTENT="till"/><SP WIDTH="30" VPOS="1000" HPOS="1376"/>
							<String ID="string_154" HPOS="1406" VPOS="1003" WIDTH="190" HEIGHT="43" WC="0.96" CONTENT="utgången"/><SP WIDTH="29" VPOS="1003" HPOS="1596"/>
							<String ID="string_155" HPOS="1625" VPOS="997" WIDTH="40" HEIGHT="36" WC="0.96" CONTENT="af"/><SP WIDTH="27" VPOS="997" HPOS="1665"/>
							<String ID="string_156" HPOS="1692" VPOS="1000" WIDTH="106" HEIGHT="40" WC="0.96" CONTENT="1902,"/>
						</TextLine>
						<TextLine ID="line_16" HPOS="198" VPOS="1049" WIDTH="1601" HEIGHT="54">
							<String ID="string_157" HPOS="198" VPOS="1055" WIDTH="110" HEIGHT="37" WC="0.96" CONTENT="hafva"/><SP WIDTH="28" VPOS="1055" HPOS="308"/>
							<String ID="string_158" HPOS="336" VPOS="1056" WIDTH="250" HEIGHT="47" WC="0.95" CONTENT="fullmäktige,"/><SP WIDTH="29" VPOS="1056" HPOS="586"/>
							<String ID="string_159" HPOS="615" VPOS="1055" WIDTH="47" HEIGHT="35" WC="0.96" CONTENT="då"/><SP WIDTH="29" VPOS="1055" HPOS="662"/>
							<String ID="string_160" HPOS="691" VPOS="1054" WIDTH="63" HEIGHT="36" WC="0.96" CONTENT="det"/><SP WIDTH="29" VPOS="1054" HPOS="754"/>
							<String ID="string_161" HPOS="783" VPOS="1059" WIDTH="142" HEIGHT="30" WC="0.95" CONTENT="ansetts"/><SP WIDTH="29" VPOS="1059" HPOS="925"/>
							<String ID="string_162" HPOS="954" VPOS="1053" WIDTH="84" HEIGHT="35" WC="0.96" CONTENT="bäst"/><SP WIDTH="20" VPOS="1053" HPOS="1038"/>
							<String ID="string_163" HPOS="1058" VPOS="1052" WIDTH="70" HEIGHT="36" WC="0.96" CONTENT="och"/><SP WIDTH="23" VPOS="1052" HPOS="1128"/>
							<String ID="string_164" HPOS="1151" VPOS="1050" WIDTH="327" HEIGHT="47" WC="0.96" CONTENT="ändamålsenligt,"/><SP WIDTH="21" VPOS="1050" HPOS="1478"/>
							<String ID="string_165" HPOS="1499" VPOS="1054" WIDTH="54" HEIGHT="31" WC="0.96" CONTENT="att"/><SP WIDTH="18" VPOS="1054" HPOS="1553"/>
							<String ID="string_166" HPOS="1571" VPOS="1049" WIDTH="228" HEIGHT="35" WC="0.96" CONTENT="riksbanken"/>
						</TextLine>
						<TextLine ID="line_17" HPOS="198" VPOS="1100" WIDTH="1602" HEIGHT="53">
							<String ID="string_167" HPOS="198" VPOS="1107" WIDTH="82" HEIGHT="36" WC="0.96" CONTENT="från"/><SP WIDTH="30" VPOS="1107" HPOS="280"/>
							<String ID="string_168" HPOS="310" VPOS="1107" WIDTH="130" HEIGHT="46" WC="0.96" CONTENT="början"/><SP WIDTH="28" VPOS="1107" HPOS="440"/>
							<String ID="string_169" HPOS="468" VPOS="1109" WIDTH="117" HEIGHT="33" WC="0.96" CONTENT="måtte"/><SP WIDTH="29" VPOS="1109" HPOS="585"/>
							<String ID="string_170" HPOS="614" VPOS="1106" WIDTH="142" HEIGHT="35" WC="0.96" CONTENT="erhålla"/><SP WIDTH="28" VPOS="1106" HPOS="756"/>
							<String ID="string_171" HPOS="784" VPOS="1105" WIDTH="100" HEIGHT="35" WC="0.96" CONTENT="lokal"/><SP WIDTH="30" VPOS="1105" HPOS="884"/>
							<String ID="string_172" HPOS="914" VPOS="1104" WIDTH="11" HEIGHT="35" WC="0.96" CONTENT="i"/><SP WIDTH="28" VPOS="1104" HPOS="925"/>
							<String ID="string_173" HPOS="953" VPOS="1109" WIDTH="86" HEIGHT="42" WC="0.96" CONTENT="eget"/><SP WIDTH="28" VPOS="1109" HPOS="1039"/>
							<String ID="string_174" HPOS="1067" VPOS="1103" WIDTH="82" HEIGHT="43" WC="0.96" CONTENT="hus,"/><SP WIDTH="30" VPOS="1103" HPOS="1149"/>
							<String ID="string_175" HPOS="1179" VPOS="1102" WIDTH="181" HEIGHT="47" WC="0.92" CONTENT="uppgjort"/><SP WIDTH="28" VPOS="1102" HPOS="1360"/>
							<String ID="string_176" HPOS="1388" VPOS="1101" WIDTH="200" HEIGHT="46" WC="0.92" CONTENT="vilkorliga"/><SP WIDTH="33" VPOS="1101" HPOS="1588"/>
							<String ID="string_177" HPOS="1621" VPOS="1100" WIDTH="179" HEIGHT="35" WC="0.96" CONTENT="kontrakt"/>
						</TextLine>
						<TextLine ID="line_18" HPOS="198" VPOS="1150" WIDTH="1602" HEIGHT="55">
							<String ID="string_178" HPOS="198" VPOS="1171" WIDTH="60" HEIGHT="22" WC="0.96" CONTENT="om"/><SP WIDTH="43" VPOS="1171" HPOS="258"/>
							<String ID="string_179" HPOS="301" VPOS="1158" WIDTH="113" HEIGHT="47" WC="0.96" CONTENT="inköp"/><SP WIDTH="39" VPOS="1158" HPOS="414"/>
							<String ID="string_180" HPOS="453" VPOS="1157" WIDTH="58" HEIGHT="36" WC="0.96" CONTENT="för"/><SP WIDTH="37" VPOS="1157" HPOS="511"/>
							<String ID="string_181" HPOS="548" VPOS="1156" WIDTH="245" HEIGHT="36" WC="0.96" CONTENT="riksbankens"/><SP WIDTH="28" VPOS="1156" HPOS="793"/>
							<String ID="string_182" HPOS="821" VPOS="1155" WIDTH="161" HEIGHT="47" WC="0.96" CONTENT="räkning"/><SP WIDTH="28" VPOS="1155" HPOS="982"/>
							<String ID="string_183" HPOS="1010" VPOS="1153" WIDTH="40" HEIGHT="36" WC="0.93" CONTENT="af"/><SP WIDTH="23" VPOS="1153" HPOS="1050"/>
							<String ID="string_184" HPOS="1073" VPOS="1154" WIDTH="341" HEIGHT="47" WC="0.91" CONTENT="byggnadstomter"/><SP WIDTH="29" VPOS="1154" HPOS="1414"/>
							<String ID="string_185" HPOS="1443" VPOS="1151" WIDTH="208" HEIGHT="44" WC="0.92" CONTENT="derstädes,"/><SP WIDTH="30" VPOS="1151" HPOS="1651"/>
							<String ID="string_186" HPOS="1681" VPOS="1150" WIDTH="119" HEIGHT="36" WC="0.92" CONTENT="betin-"/>
						</TextLine>
						<TextLine ID="line_19" HPOS="198" VPOS="1202" WIDTH="1602" HEIGHT="54">
							<String ID="string_187" HPOS="198" VPOS="1209" WIDTH="121" HEIGHT="47" WC="0.92" CONTENT="gande"/><SP WIDTH="42" VPOS="1209" HPOS="319"/>
							<String ID="string_188" HPOS="361" VPOS="1212" WIDTH="19" HEIGHT="31" WC="0.91" CONTENT="å"/><SP WIDTH="42" VPOS="1212" HPOS="380"/>
							<String ID="string_189" HPOS="422" VPOS="1208" WIDTH="72" HEIGHT="35" WC="0.96" CONTENT="den"/><SP WIDTH="38" VPOS="1208" HPOS="494"/>
							<String ID="string_190" HPOS="532" VPOS="1207" WIDTH="101" HEIGHT="36" WC="0.96" CONTENT="förra"/><SP WIDTH="29" VPOS="1207" HPOS="633"/>
							<String ID="string_191" HPOS="662" VPOS="1207" WIDTH="146" HEIGHT="47" WC="0.96" CONTENT="platsen"/><SP WIDTH="30" VPOS="1207" HPOS="808"/>
							<String ID="string_192" HPOS="838" VPOS="1211" WIDTH="55" HEIGHT="31" WC="0.96" CONTENT="ett"/><SP WIDTH="28" VPOS="1211" HPOS="893"/>
							<String ID="string_193" HPOS="921" VPOS="1206" WIDTH="78" HEIGHT="47" WC="0.96" CONTENT="pris"/><SP WIDTH="29" VPOS="1206" HPOS="999"/>
							<String ID="string_194" HPOS="1028" VPOS="1206" WIDTH="38" HEIGHT="34" WC="0.93" CONTENT="af"/><SP WIDTH="27" VPOS="1206" HPOS="1066"/>
							<String ID="string_195" HPOS="1093" VPOS="1206" WIDTH="135" HEIGHT="44" WC="0.89" CONTENT="22,500"/><SP WIDTH="29" VPOS="1206" HPOS="1228"/>
							<String ID="string_196" HPOS="1257" VPOS="1203" WIDTH="68" HEIGHT="36" WC="0.93" CONTENT="och"/><SP WIDTH="32" VPOS="1203" HPOS="1325"/>
							<String ID="string_197" HPOS="1357" VPOS="1206" WIDTH="19" HEIGHT="32" WC="0.93" CONTENT="å"/><SP WIDTH="29" VPOS="1206" HPOS="1376"/>
							<String ID="string_198" HPOS="1405" VPOS="1202" WIDTH="73" HEIGHT="36" WC="0.96" CONTENT="den"/><SP WIDTH="28" VPOS="1202" HPOS="1478"/>
							<String ID="string_199" HPOS="1506" VPOS="1214" WIDTH="130" HEIGHT="24" WC="0.93" CONTENT="senare"/><SP WIDTH="30" VPOS="1214" HPOS="1636"/>
							<String ID="string_200" HPOS="1666" VPOS="1202" WIDTH="134" HEIGHT="43" WC="0.91" CONTENT="35,000"/>
						</TextLine>
						<TextLine ID="line_20" HPOS="199" VPOS="1252" WIDTH="1602" HEIGHT="52">
							<String ID="string_201" HPOS="199" VPOS="1260" WIDTH="156" HEIGHT="43" WC="0.96" CONTENT="kronor;"/><SP WIDTH="29" VPOS="1260" HPOS="355"/>
							<String ID="string_202" HPOS="384" VPOS="1258" WIDTH="71" HEIGHT="36" WC="0.96" CONTENT="och"/><SP WIDTH="29" VPOS="1258" HPOS="455"/>
							<String ID="string_203" HPOS="484" VPOS="1259" WIDTH="170" HEIGHT="34" WC="0.96" CONTENT="kommer"/><SP WIDTH="28" VPOS="1259" HPOS="654"/>
							<String ID="string_204" HPOS="682" VPOS="1256" WIDTH="130" HEIGHT="48" WC="0.96" CONTENT="frågan"/><SP WIDTH="30" VPOS="1256" HPOS="812"/>
							<String ID="string_205" HPOS="842" VPOS="1269" WIDTH="60" HEIGHT="23" WC="0.96" CONTENT="om"/><SP WIDTH="29" VPOS="1269" HPOS="902"/>
							<String ID="string_206" HPOS="931" VPOS="1255" WIDTH="277" HEIGHT="48" WC="0.96" CONTENT="godkännande"/><SP WIDTH="29" VPOS="1255" HPOS="1208"/>
							<String ID="string_207" HPOS="1237" VPOS="1254" WIDTH="39" HEIGHT="35" WC="0.95" CONTENT="af"/><SP WIDTH="24" VPOS="1254" HPOS="1276"/>
							<String ID="string_208" HPOS="1300" VPOS="1254" WIDTH="109" HEIGHT="35" WC="0.96" CONTENT="dessa"/><SP WIDTH="28" VPOS="1254" HPOS="1409"/>
							<String ID="string_209" HPOS="1437" VPOS="1252" WIDTH="179" HEIGHT="36" WC="0.96" CONTENT="kontrakt"/><SP WIDTH="28" VPOS="1252" HPOS="1616"/>
							<String ID="string_210" HPOS="1644" VPOS="1258" WIDTH="57" HEIGHT="30" WC="0.93" CONTENT="att"/><SP WIDTH="24" VPOS="1258" HPOS="1701"/>
							<String ID="string_211" HPOS="1725" VPOS="1259" WIDTH="76" HEIGHT="28" WC="0.92" CONTENT="sär-"/>
						</TextLine>
						<TextLine ID="line_21" HPOS="198" VPOS="1305" WIDTH="972" HEIGHT="48">
							<String ID="string_212" HPOS="198" VPOS="1310" WIDTH="114" HEIGHT="35" WC="0.90" CONTENT="skildt"/><SP WIDTH="29" VPOS="1310" HPOS="312"/>
							<String ID="string_213" HPOS="341" VPOS="1309" WIDTH="252" HEIGHT="36" WC="0.93" CONTENT="underställas"/><SP WIDTH="28" VPOS="1309" HPOS="593"/>
							<String ID="string_214" HPOS="621" VPOS="1308" WIDTH="334" HEIGHT="35" WC="0.92" CONTENT="bankoutskottets"/><SP WIDTH="28" VPOS="1308" HPOS="955"/>
							<String ID="string_215" HPOS="983" VPOS="1305" WIDTH="187" HEIGHT="48" WC="0.90" CONTENT="pröfning."/>
						</TextLine>
					</TextBlock>
					<TextBlock ID="block_3" HPOS="199" VPOS="1351" WIDTH="1602" HEIGHT="102">
						<TextLine ID="line_22" HPOS="300" VPOS="1351" WIDTH="1501" HEIGHT="56">
							<String ID="string_216" HPOS="300" VPOS="1359" WIDTH="187" HEIGHT="48" WC="0.96" CONTENT="Slutligen"/><SP WIDTH="30" VPOS="1359" HPOS="487"/>
							<String ID="string_217" HPOS="517" VPOS="1367" WIDTH="64" HEIGHT="28" WC="0.96" CONTENT="äro"/><SP WIDTH="30" VPOS="1367" HPOS="581"/>
							<String ID="string_218" HPOS="611" VPOS="1357" WIDTH="109" HEIGHT="37" WC="0.94" CONTENT="äfven"/><SP WIDTH="30" VPOS="1357" HPOS="720"/>
							<String ID="string_219" HPOS="750" VPOS="1359" WIDTH="10" HEIGHT="34" WC="0.96" CONTENT="i"/><SP WIDTH="30" VPOS="1359" HPOS="760"/>
							<String ID="string_220" HPOS="790" VPOS="1357" WIDTH="104" HEIGHT="49" WC="0.96" CONTENT="fråga"/><SP WIDTH="28" VPOS="1357" HPOS="894"/>
							<String ID="string_221" HPOS="922" VPOS="1369" WIDTH="62" HEIGHT="23" WC="0.92" CONTENT="om"/><SP WIDTH="29" VPOS="1369" HPOS="984"/>
							<String ID="string_222" HPOS="1013" VPOS="1355" WIDTH="243" HEIGHT="36" WC="0.92" CONTENT="anskaffande"/><SP WIDTH="29" VPOS="1355" HPOS="1256"/>
							<String ID="string_223" HPOS="1285" VPOS="1353" WIDTH="40" HEIGHT="37" WC="0.93" CONTENT="af"/><SP WIDTH="15" VPOS="1353" HPOS="1325"/>
							<String ID="string_224" HPOS="1340" VPOS="1353" WIDTH="299" HEIGHT="49" WC="0.92" CONTENT="byggnadsplats"/><SP WIDTH="19" VPOS="1353" HPOS="1639"/>
							<String ID="string_225" HPOS="1658" VPOS="1351" WIDTH="60" HEIGHT="37" WC="0.96" CONTENT="för"/><SP WIDTH="20" VPOS="1351" HPOS="1718"/>
							<String ID="string_226" HPOS="1738" VPOS="1352" WIDTH="63" HEIGHT="36" WC="0.96" CONTENT="det"/>
						</TextLine>
						<TextLine ID="line_23" HPOS="199" VPOS="1404" WIDTH="1373" HEIGHT="49">
							<String ID="string_227" HPOS="199" VPOS="1410" WIDTH="190" HEIGHT="36" WC="0.90" CONTENT="blifvande"/><SP WIDTH="29" VPOS="1410" HPOS="389"/>
							<String ID="string_228" HPOS="418" VPOS="1411" WIDTH="178" HEIGHT="35" WC="0.96" CONTENT="kontoret"/><SP WIDTH="28" VPOS="1411" HPOS="596"/>
							<String ID="string_229" HPOS="624" VPOS="1410" WIDTH="11" HEIGHT="34" WC="0.92" CONTENT="i"/><SP WIDTH="28" VPOS="1410" HPOS="635"/>
							<String ID="string_230" HPOS="663" VPOS="1408" WIDTH="178" HEIGHT="36" WC="0.92" CONTENT="Vesterås"/><SP WIDTH="28" VPOS="1408" HPOS="841"/>
							<String ID="string_231" HPOS="869" VPOS="1406" WIDTH="277" HEIGHT="37" WC="0.95" CONTENT="förberedande"/><SP WIDTH="30" VPOS="1406" HPOS="1146"/>
							<String ID="string_232" HPOS="1176" VPOS="1406" WIDTH="176" HEIGHT="47" WC="0.96" CONTENT="åtgärder"/><SP WIDTH="30" VPOS="1406" HPOS="1352"/>
							<String ID="string_233" HPOS="1382" VPOS="1404" WIDTH="190" HEIGHT="48" WC="0.96" CONTENT="vidtagna."/>
						</TextLine>
					</TextBlock>
				</ComposedBlock>
				<ComposedBlock ID="cblock_2" HPOS="947" VPOS="1522" WIDTH="106" HEIGHT="49">
					<TextBlock ID="block_4" HPOS="947" VPOS="1522" WIDTH="106" HEIGHT="49">
						<TextLine ID="line_24" HPOS="947" VPOS="1522" WIDTH="106" HEIGHT="49">
							<String ID="string_234" HPOS="947" VPOS="1522" WIDTH="18" HEIGHT="49" WC="0.90" CONTENT="$"/><SP WIDTH="30" VPOS="1522" HPOS="965"/>
							<String ID="string_235" HPOS="995" VPOS="1527" WIDTH="58" HEIGHT="35" WC="0.96" CONTENT="33."/>
						</TextLine>
					</TextBlock>
				</ComposedBlock>
				<ComposedBlock ID="cblock_3" HPOS="200" VPOS="1605" WIDTH="1603" HEIGHT="407">
					<TextBlock ID="block_5" HPOS="200" VPOS="1605" WIDTH="1603" HEIGHT="407">
						<TextLine ID="line_25" HPOS="300" VPOS="1605" WIDTH="1500" HEIGHT="50">
							<String ID="string_236" HPOS="300" VPOS="1613" WIDTH="72" HEIGHT="36" WC="0.96" CONTENT="Till"/><SP WIDTH="29" VPOS="1613" HPOS="372"/>
							<String ID="string_237" HPOS="401" VPOS="1613" WIDTH="98" HEIGHT="36" WC="0.96" CONTENT="hvad"/><SP WIDTH="29" VPOS="1613" HPOS="499"/>
							<String ID="string_238" HPOS="528" VPOS="1612" WIDTH="237" HEIGHT="36" WC="0.95" CONTENT="revisorerna"/><SP WIDTH="29" VPOS="1612" HPOS="765"/>
							<String ID="string_239" HPOS="794" VPOS="1612" WIDTH="11" HEIGHT="34" WC="0.96" CONTENT="i"/><SP WIDTH="28" VPOS="1612" HPOS="805"/>
							<String ID="string_240" HPOS="833" VPOS="1611" WIDTH="55" HEIGHT="35" WC="0.96" CONTENT="sin"/><SP WIDTH="30" VPOS="1611" HPOS="888"/>
							<String ID="string_241" HPOS="918" VPOS="1609" WIDTH="204" HEIGHT="36" WC="0.93" CONTENT="berättelse"/><SP WIDTH="28" VPOS="1609" HPOS="1122"/>
							<String ID="string_242" HPOS="1150" VPOS="1605" WIDTH="18" HEIGHT="49" WC="0.92" CONTENT="$"/><SP WIDTH="31" VPOS="1605" HPOS="1168"/>
							<String ID="string_243" HPOS="1199" VPOS="1611" WIDTH="42" HEIGHT="33" WC="0.95" CONTENT="51"/><SP WIDTH="31" VPOS="1611" HPOS="1241"/>
							<String ID="string_244" HPOS="1272" VPOS="1613" WIDTH="120" HEIGHT="42" WC="0.96" CONTENT="yttrat"/><SP WIDTH="28" VPOS="1613" HPOS="1392"/>
							<String ID="string_245" HPOS="1420" VPOS="1606" WIDTH="193" HEIGHT="48" WC="0.96" CONTENT="angående"/><SP WIDTH="30" VPOS="1606" HPOS="1613"/>
							<String ID="string_246" HPOS="1643" VPOS="1606" WIDTH="70" HEIGHT="35" WC="0.95" CONTENT="den"/><SP WIDTH="30" VPOS="1606" HPOS="1713"/>
							<String ID="string_247" HPOS="1743" VPOS="1606" WIDTH="57" HEIGHT="35" WC="0.95" CONTENT="till"/>
						</TextLine>
						<TextLine ID="line_26" HPOS="200" VPOS="1657" WIDTH="1601" HEIGHT="50">
							<String ID="string_248" HPOS="200" VPOS="1665" WIDTH="279" HEIGHT="35" WC="0.95" CONTENT="vaktmästaren"/><SP WIDTH="29" VPOS="1665" HPOS="479"/>
							<String ID="string_249" HPOS="508" VPOS="1663" WIDTH="61" HEIGHT="36" WC="0.96" CONTENT="vid"/><SP WIDTH="25" VPOS="1663" HPOS="569"/>
							<String ID="string_250" HPOS="594" VPOS="1663" WIDTH="179" HEIGHT="35" WC="0.93" CONTENT="kontoret"/><SP WIDTH="19" VPOS="1663" HPOS="773"/>
							<String ID="string_251" HPOS="792" VPOS="1662" WIDTH="11" HEIGHT="35" WC="0.93" CONTENT="i"/><SP WIDTH="22" VPOS="1662" HPOS="803"/>
							<String ID="string_252" HPOS="825" VPOS="1660" WIDTH="172" HEIGHT="36" WC="0.93" CONTENT="Karlstad"/><SP WIDTH="24" VPOS="1660" HPOS="997"/>
							<String ID="string_253" HPOS="1021" VPOS="1660" WIDTH="181" HEIGHT="47" WC="0.91" CONTENT="upplåtna"/><SP WIDTH="21" VPOS="1660" HPOS="1202"/>
							<String ID="string_254" HPOS="1223" VPOS="1658" WIDTH="133" HEIGHT="36" WC="0.96" CONTENT="bostad"/><SP WIDTH="21" VPOS="1658" HPOS="1356"/>
							<String ID="string_255" HPOS="1377" VPOS="1657" WIDTH="69" HEIGHT="36" WC="0.96" CONTENT="och"/><SP WIDTH="23" VPOS="1657" HPOS="1446"/>
							<String ID="string_256" HPOS="1469" VPOS="1657" WIDTH="332" HEIGHT="47" WC="0.96" CONTENT="nödvändigheten"/>
						</TextLine>
						<TextLine ID="line_27" HPOS="201" VPOS="1707" WIDTH="1601" HEIGHT="53">
							<String ID="string_257" HPOS="201" VPOS="1721" WIDTH="54" HEIGHT="29" WC="0.96" CONTENT="att"/><SP WIDTH="41" VPOS="1721" HPOS="255"/>
							<String ID="string_258" HPOS="296" VPOS="1715" WIDTH="137" HEIGHT="35" WC="0.96" CONTENT="bereda"/><SP WIDTH="43" VPOS="1715" HPOS="433"/>
							<String ID="string_259" HPOS="476" VPOS="1714" WIDTH="137" HEIGHT="35" WC="0.96" CONTENT="honom"/><SP WIDTH="33" VPOS="1714" HPOS="613"/>
							<String ID="string_260" HPOS="646" VPOS="1713" WIDTH="202" HEIGHT="47" WC="0.95" CONTENT="rymligare"/><SP WIDTH="30" VPOS="1713" HPOS="848"/>
							<String ID="string_261" HPOS="878" VPOS="1711" WIDTH="70" HEIGHT="35" WC="0.96" CONTENT="och"/><SP WIDTH="30" VPOS="1711" HPOS="948"/>
							<String ID="string_262" HPOS="978" VPOS="1711" WIDTH="125" HEIGHT="35" WC="0.96" CONTENT="bättre"/><SP WIDTH="29" VPOS="1711" HPOS="1103"/>
							<String ID="string_263" HPOS="1132" VPOS="1709" WIDTH="129" HEIGHT="45" WC="0.96" CONTENT="sådan,"/><SP WIDTH="28" VPOS="1709" HPOS="1261"/>
							<String ID="string_264" HPOS="1289" VPOS="1709" WIDTH="36" HEIGHT="35" WC="0.96" CONTENT="få"/><SP WIDTH="27" VPOS="1709" HPOS="1325"/>
							<String ID="string_265" HPOS="1352" VPOS="1708" WIDTH="240" HEIGHT="46" WC="0.96" CONTENT="fullmäktige"/><SP WIDTH="29" VPOS="1708" HPOS="1592"/>
							<String ID="string_266" HPOS="1621" VPOS="1720" WIDTH="50" HEIGHT="22" WC="0.91" CONTENT="nu"/><SP WIDTH="30" VPOS="1720" HPOS="1671"/>
							<String ID="string_267" HPOS="1701" VPOS="1707" WIDTH="101" HEIGHT="35" WC="0.90" CONTENT="med-"/>
						</TextLine>
						<TextLine ID="line_28" HPOS="201" VPOS="1757" WIDTH="1600" HEIGHT="53">
							<String ID="string_268" HPOS="201" VPOS="1766" WIDTH="94" HEIGHT="44" WC="0.96" CONTENT="dela,"/><SP WIDTH="41" VPOS="1766" HPOS="295"/>
							<String ID="string_269" HPOS="336" VPOS="1771" WIDTH="65" HEIGHT="36" WC="0.96" CONTENT="att,"/><SP WIDTH="45" VPOS="1771" HPOS="401"/>
							<String ID="string_270" HPOS="446" VPOS="1765" WIDTH="113" HEIGHT="35" WC="0.96" CONTENT="sedan"/><SP WIDTH="42" VPOS="1765" HPOS="559"/>
							<String ID="string_271" HPOS="601" VPOS="1763" WIDTH="135" HEIGHT="36" WC="0.96" CONTENT="hinder"/><SP WIDTH="41" VPOS="1763" HPOS="736"/>
							<String ID="string_272" HPOS="777" VPOS="1762" WIDTH="81" HEIGHT="35" WC="0.96" CONTENT="från"/><SP WIDTH="41" VPOS="1762" HPOS="858"/>
							<String ID="string_273" HPOS="899" VPOS="1759" WIDTH="287" HEIGHT="38" WC="0.96" CONTENT="vederbörande"/><SP WIDTH="42" VPOS="1759" HPOS="1186"/>
							<String ID="string_274" HPOS="1228" VPOS="1758" WIDTH="337" HEIGHT="48" WC="0.93" CONTENT="byggnadsnämnd"/><SP WIDTH="42" VPOS="1758" HPOS="1565"/>
							<String ID="string_275" HPOS="1607" VPOS="1758" WIDTH="31" HEIGHT="46" WC="0.93" CONTENT="ej"/><SP WIDTH="35" VPOS="1758" HPOS="1638"/>
							<String ID="string_276" HPOS="1673" VPOS="1757" WIDTH="128" HEIGHT="36" WC="0.95" CONTENT="vidare"/>
						</TextLine>
						<TextLine ID="line_29" HPOS="200" VPOS="1808" WIDTH="1603" HEIGHT="54">
							<String ID="string_277" HPOS="200" VPOS="1822" WIDTH="130" HEIGHT="36" WC="0.95" CONTENT="mötte,"/><SP WIDTH="35" VPOS="1822" HPOS="330"/>
							<String ID="string_278" HPOS="365" VPOS="1814" WIDTH="250" HEIGHT="48" WC="0.95" CONTENT="fullmäktige,"/><SP WIDTH="30" VPOS="1814" HPOS="615"/>
							<String ID="string_279" HPOS="645" VPOS="1816" WIDTH="101" HEIGHT="45" WC="0.92" CONTENT="uppå"/><SP WIDTH="29" VPOS="1816" HPOS="746"/>
							<String ID="string_280" HPOS="775" VPOS="1810" WIDTH="577" HEIGHT="48" WC="0.91" CONTENT="afdelningskontorsstyrelsens"/><SP WIDTH="30" VPOS="1810" HPOS="1352"/>
							<String ID="string_281" HPOS="1382" VPOS="1808" WIDTH="234" HEIGHT="43" WC="0.93" CONTENT="hemställan,"/><SP WIDTH="31" VPOS="1808" HPOS="1616"/>
							<String ID="string_282" HPOS="1647" VPOS="1808" WIDTH="156" HEIGHT="36" WC="0.90" CONTENT="beslutit"/>
						</TextLine>
						<TextLine ID="line_30" HPOS="201" VPOS="1858" WIDTH="1602" HEIGHT="54">
							<String ID="string_283" HPOS="201" VPOS="1867" WIDTH="76" HEIGHT="35" WC="0.96" CONTENT="låta"/><SP WIDTH="29" VPOS="1867" HPOS="277"/>
							<String ID="string_284" HPOS="306" VPOS="1866" WIDTH="9" HEIGHT="34" WC="0.96" CONTENT="i"/><SP WIDTH="29" VPOS="1866" HPOS="315"/>
							<String ID="string_285" HPOS="344" VPOS="1865" WIDTH="298" HEIGHT="47" WC="0.96" CONTENT="vindsvåningen"/><SP WIDTH="29" VPOS="1865" HPOS="642"/>
							<String ID="string_286" HPOS="671" VPOS="1865" WIDTH="39" HEIGHT="34" WC="0.96" CONTENT="af"/><SP WIDTH="26" VPOS="1865" HPOS="710"/>
							<String ID="string_287" HPOS="736" VPOS="1864" WIDTH="194" HEIGHT="35" WC="0.96" CONTENT="kontorets"/><SP WIDTH="30" VPOS="1864" HPOS="930"/>
							<String ID="string_288" HPOS="960" VPOS="1862" WIDTH="69" HEIGHT="35" WC="0.96" CONTENT="hus"/><SP WIDTH="28" VPOS="1862" HPOS="1029"/>
							<String ID="string_289" HPOS="1057" VPOS="1860" WIDTH="59" HEIGHT="36" WC="0.96" CONTENT="för"/><SP WIDTH="19" VPOS="1860" HPOS="1116"/>
							<String ID="string_290" HPOS="1135" VPOS="1860" WIDTH="278" HEIGHT="36" WC="0.96" CONTENT="vaktmästaren"/><SP WIDTH="23" VPOS="1860" HPOS="1413"/>
							<String ID="string_291" HPOS="1436" VPOS="1858" WIDTH="130" HEIGHT="36" WC="0.96" CONTENT="inreda"/><SP WIDTH="20" VPOS="1858" HPOS="1566"/>
							<String ID="string_292" HPOS="1586" VPOS="1872" WIDTH="45" HEIGHT="22" WC="0.96" CONTENT="en"/><SP WIDTH="16" VPOS="1872" HPOS="1631"/>
							<String ID="string_293" HPOS="1647" VPOS="1858" WIDTH="156" HEIGHT="47" WC="0.96" CONTENT="lämplig"/>
						</TextLine>
						<TextLine ID="line_31" HPOS="201" VPOS="1909" WIDTH="1600" HEIGHT="55">
							<String ID="string_294" HPOS="201" VPOS="1916" WIDTH="345" HEIGHT="48" WC="0.96" CONTENT="bostadslägenhet,"/><SP WIDTH="30" VPOS="1916" HPOS="546"/>
							<String ID="string_295" HPOS="576" VPOS="1914" WIDTH="232" HEIGHT="37" WC="0.95" CONTENT="omfattande"/><SP WIDTH="29" VPOS="1914" HPOS="808"/>
							<String ID="string_296" HPOS="837" VPOS="1919" WIDTH="138" HEIGHT="30" WC="0.96" CONTENT="tvenne"/><SP WIDTH="28" VPOS="1919" HPOS="975"/>
							<String ID="string_297" HPOS="1003" VPOS="1925" WIDTH="84" HEIGHT="22" WC="0.96" CONTENT="rum"/><SP WIDTH="21" VPOS="1925" HPOS="1087"/>
							<String ID="string_298" HPOS="1108" VPOS="1911" WIDTH="71" HEIGHT="36" WC="0.96" CONTENT="och"/><SP WIDTH="22" VPOS="1911" HPOS="1179"/>
							<String ID="string_299" HPOS="1201" VPOS="1911" WIDTH="73" HEIGHT="35" WC="0.96" CONTENT="kök"/><SP WIDTH="14" VPOS="1911" HPOS="1274"/>
							<String ID="string_300" HPOS="1288" VPOS="1912" WIDTH="119" HEIGHT="46" WC="0.96" CONTENT="jemte"/><SP WIDTH="21" VPOS="1912" HPOS="1407"/>
							<String ID="string_301" HPOS="1428" VPOS="1909" WIDTH="230" HEIGHT="48" WC="0.93" CONTENT="garderober"/><SP WIDTH="20" VPOS="1909" HPOS="1658"/>
							<String ID="string_302" HPOS="1678" VPOS="1922" WIDTH="46" HEIGHT="23" WC="0.76" CONTENT="m."/><SP WIDTH="18" VPOS="1922" HPOS="1724"/>
							<String ID="string_303" HPOS="1742" VPOS="1922" WIDTH="59" HEIGHT="31" WC="0.85" CONTENT="m.,"/>
						</TextLine>
						<TextLine ID="line_32" HPOS="201" VPOS="1963" WIDTH="978" HEIGHT="49">
							<String ID="string_304" HPOS="201" VPOS="1968" WIDTH="66" HEIGHT="35" WC="0.92" CONTENT="allt"/><SP WIDTH="27" VPOS="1968" HPOS="267"/>
							<String ID="string_305" HPOS="294" VPOS="1967" WIDTH="212" HEIGHT="36" WC="0.91" CONTENT="beräknadt"/><SP WIDTH="28" VPOS="1967" HPOS="506"/>
							<String ID="string_306" HPOS="534" VPOS="1971" WIDTH="54" HEIGHT="31" WC="0.96" CONTENT="att"/><SP WIDTH="27" VPOS="1971" HPOS="588"/>
							<String ID="string_307" HPOS="615" VPOS="1966" WIDTH="108" HEIGHT="36" WC="0.97" CONTENT="kosta"/><SP WIDTH="29" VPOS="1966" HPOS="723"/>
							<String ID="string_308" HPOS="752" VPOS="1966" WIDTH="110" HEIGHT="46" WC="0.93" CONTENT="högst"/><SP WIDTH="28" VPOS="1966" HPOS="862"/>
							<String ID="string_309" HPOS="890" VPOS="1965" WIDTH="110" HEIGHT="43" WC="0.90" CONTENT="4,000"/><SP WIDTH="29" VPOS="1965" HPOS="1000"/>
							<String ID="string_310" HPOS="1029" VPOS="1963" WIDTH="150" HEIGHT="35" WC="0.96" CONTENT="kronor."/>
						</TextLine>
					</TextBlock>
				</ComposedBlock>
				<ComposedBlock ID="cblock_4" HPOS="951" VPOS="2078" WIDTH="106" HEIGHT="48">
					<TextBlock ID="block_6" HPOS="951" VPOS="2078" WIDTH="106" HEIGHT="48">
						<TextLine ID="line_33" HPOS="951" VPOS="2078" WIDTH="106" HEIGHT="48">
							<String ID="string_311" HPOS="951" VPOS="2078" WIDTH="18" HEIGHT="48" WC="0.89" CONTENT="$"/><SP WIDTH="30" VPOS="2078" HPOS="969"/>
							<String ID="string_312" HPOS="999" VPOS="2083" WIDTH="58" HEIGHT="34" WC="0.93" CONTENT="34."/>
						</TextLine>
					</TextBlock>
				</ComposedBlock>
				<ComposedBlock ID="cblock_5" HPOS="202" VPOS="2156" WIDTH="1600" HEIGHT="161">
					<TextBlock ID="block_7" HPOS="202" VPOS="2156" WIDTH="1600" HEIGHT="161">
						<TextLine ID="line_34" HPOS="302" VPOS="2156" WIDTH="1499" HEIGHT="58">
							<String ID="string_313" HPOS="302" VPOS="2168" WIDTH="72" HEIGHT="35" WC="0.95" CONTENT="Till"/><SP WIDTH="30" VPOS="2168" HPOS="374"/>
							<String ID="string_314" HPOS="404" VPOS="2167" WIDTH="91" HEIGHT="47" WC="0.96" CONTENT="följd"/><SP WIDTH="30" VPOS="2167" HPOS="495"/>
							<String ID="string_315" HPOS="525" VPOS="2166" WIDTH="39" HEIGHT="36" WC="0.96" CONTENT="af"/><SP WIDTH="25" VPOS="2166" HPOS="564"/>
							<String ID="string_316" HPOS="589" VPOS="2167" WIDTH="79" HEIGHT="35" WC="0.96" CONTENT="dels"/><SP WIDTH="29" VPOS="2167" HPOS="668"/>
							<String ID="string_317" HPOS="697" VPOS="2166" WIDTH="72" HEIGHT="35" WC="0.93" CONTENT="den"/><SP WIDTH="31" VPOS="2166" HPOS="769"/>
							<String ID="string_318" HPOS="800" VPOS="2163" WIDTH="343" HEIGHT="48" WC="0.90" CONTENT="clearingsrörelse,"/><SP WIDTH="29" VPOS="2163" HPOS="1143"/>
							<String ID="string_319" HPOS="1172" VPOS="2174" WIDTH="92" HEIGHT="30" WC="0.96" CONTENT="som,"/><SP WIDTH="30" VPOS="2174" HPOS="1264"/>
							<String ID="string_320" HPOS="1294" VPOS="2164" WIDTH="47" HEIGHT="44" WC="0.96" CONTENT="på"/><SP WIDTH="27" VPOS="2164" HPOS="1341"/>
							<String ID="string_321" HPOS="1368" VPOS="2166" WIDTH="77" HEIGHT="30" WC="0.96" CONTENT="sätt"/><SP WIDTH="25" VPOS="2166" HPOS="1445"/>
							<String ID="string_322" HPOS="1470" VPOS="2161" WIDTH="67" HEIGHT="34" WC="0.96" CONTENT="här"/><SP WIDTH="19" VPOS="2161" HPOS="1537"/>
							<String ID="string_323" HPOS="1556" VPOS="2159" WIDTH="112" HEIGHT="36" WC="0.96" CONTENT="ofvan"/><SP WIDTH="21" VPOS="2159" HPOS="1668"/>
							<String ID="string_324" HPOS="1689" VPOS="2160" WIDTH="9" HEIGHT="35" WC="0.93" CONTENT="i"/><SP WIDTH="23" VPOS="2160" HPOS="1698"/>
							<String ID="string_325" HPOS="1721" VPOS="2156" WIDTH="17" HEIGHT="49" WC="0.93" CONTENT="$"/><SP WIDTH="20" VPOS="2156" HPOS="1738"/>
							<String ID="string_326" HPOS="1758" VPOS="2162" WIDTH="43" HEIGHT="33" WC="0.96" CONTENT="25"/>
						</TextLine>
						<TextLine ID="line_35" HPOS="202" VPOS="2210" WIDTH="1598" HEIGHT="51">
							<String ID="string_327" HPOS="202" VPOS="2219" WIDTH="252" HEIGHT="42" WC="0.41" CONTENT="omförmaäles,"/><SP WIDTH="30" VPOS="2219" HPOS="454"/>
							<String ID="string_328" HPOS="484" VPOS="2216" WIDTH="125" HEIGHT="37" WC="0.96" CONTENT="blifvit"/><SP WIDTH="27" VPOS="2216" HPOS="609"/>
							<String ID="string_329" HPOS="636" VPOS="2217" WIDTH="62" HEIGHT="35" WC="0.96" CONTENT="vid"/><SP WIDTH="30" VPOS="2217" HPOS="698"/>
							<String ID="string_330" HPOS="728" VPOS="2216" WIDTH="247" HEIGHT="35" WC="0.93" CONTENT="riksbankens"/><SP WIDTH="30" VPOS="2216" HPOS="975"/>
							<String ID="string_331" HPOS="1005" VPOS="2212" WIDTH="285" HEIGHT="37" WC="0.90" CONTENT="hufvudkontor"/><SP WIDTH="27" VPOS="2212" HPOS="1290"/>
							<String ID="string_332" HPOS="1317" VPOS="2211" WIDTH="207" HEIGHT="42" WC="0.96" CONTENT="anordnad,"/><SP WIDTH="21" VPOS="2211" HPOS="1524"/>
							<String ID="string_333" HPOS="1545" VPOS="2211" WIDTH="80" HEIGHT="35" WC="0.96" CONTENT="dels"/><SP WIDTH="21" VPOS="2211" HPOS="1625"/>
							<String ID="string_334" HPOS="1646" VPOS="2211" WIDTH="68" HEIGHT="34" WC="0.96" CONTENT="ock"/><SP WIDTH="18" VPOS="2211" HPOS="1714"/>
							<String ID="string_335" HPOS="1732" VPOS="2210" WIDTH="68" HEIGHT="35" WC="0.96" CONTENT="den"/>
						</TextLine>
						<TextLine ID="line_36" HPOS="203" VPOS="2261" WIDTH="1599" HEIGHT="56">
							<String ID="string_336" HPOS="203" VPOS="2271" WIDTH="109" HEIGHT="45" WC="0.93" CONTENT="högst"/><SP WIDTH="42" VPOS="2271" HPOS="312"/>
							<String ID="string_337" HPOS="354" VPOS="2269" WIDTH="195" HEIGHT="48" WC="0.92" CONTENT="betydliga"/><SP WIDTH="41" VPOS="2269" HPOS="549"/>
							<String ID="string_338" HPOS="590" VPOS="2268" WIDTH="141" HEIGHT="45" WC="0.94" CONTENT="ökning"/><SP WIDTH="30" VPOS="2268" HPOS="731"/>
							<String ID="string_339" HPOS="761" VPOS="2267" WIDTH="8" HEIGHT="34" WC="0.93" CONTENT="i"/><SP WIDTH="30" VPOS="2267" HPOS="769"/>
							<String ID="string_340" HPOS="799" VPOS="2266" WIDTH="232" HEIGHT="46" WC="0.88" CONTENT="göromålen,"/><SP WIDTH="41" VPOS="2266" HPOS="1031"/>
							<String ID="string_341" HPOS="1072" VPOS="2277" WIDTH="79" HEIGHT="21" WC="0.94" CONTENT="som"/><SP WIDTH="33" VPOS="2277" HPOS="1151"/>
							<String ID="string_342" HPOS="1184" VPOS="2264" WIDTH="6" HEIGHT="33" WC="0.49" CONTENT="1"/><SP WIDTH="32" VPOS="2264" HPOS="1190"/>
							<String ID="string_343" HPOS="1222" VPOS="2269" WIDTH="133" HEIGHT="28" WC="0.72" CONTENT="tvenne"/><SP WIDTH="39" VPOS="2269" HPOS="1355"/>
							<String ID="string_344" HPOS="1394" VPOS="2262" WIDTH="38" HEIGHT="34" WC="0.58" CONTENT="af"/><SP WIDTH="29" VPOS="2262" HPOS="1432"/>
							<String ID="string_345" HPOS="1461" VPOS="2261" WIDTH="341" HEIGHT="35" WC="0.84" CONTENT="hufvudkontorets"/>
						</TextLine>
					</TextBlock>
				</ComposedBlock>
			</PrintSpace>
		</Page>
	</Layout>
</alto>
