2222 2650
724 223 262 32 Bankoutskottets
1009 222 161 32 Memorial
1192 221 66 32 N:o
1281 223 26 29 1.
1804 224 17 28 3

242 503 249 41 Berättelse
518 502 76 41 till
623 501 368 42 bankoutskottet
1018 499 222 51 angående
1267 499 292 42 riksbankens
1586 497 221 51 tillstånd,

721 568 168 42 rörelse
917 567 83 42 och
1027 567 293 51 förvaltning.

318 685 159 37 Jemlikt
518 683 241 38 föreskriften
795 684 11 35 i
846 680 18 49 $
898 685 45 34 32
973 681 39 37 af
1036 682 111 49 lagen
1174 680 60 37 för
1262 680 175 49 Sveriges
1465 680 178 36 riksbank
1671 680 37 35 få
1736 679 87 36 full-

221 737 165 48 mäktige
416 736 156 36 härmed
601 736 57 35 till
688 734 233 47 Riksdagens
949 732 276 37 bankoutskott
1246 731 140 49 afgifva
1406 731 202 36 berättelse
1629 730 194 48 angående

220 787 248 36 riksbankens
497 787 170 36 tillstånd
696 791 97 30 samt
820 784 143 36 rörelse
992 783 71 36 och
1082 782 235 49 förvaltning
1336 782 121 36 under
1477 785 40 32 år
1539 784 106 41 1899,
1667 781 157 36 hvarvid

220 837 417 48 sifferredogörelserna
679 837 9 35 i
721 835 207 37 allmänhet
956 833 157 37 omfatta
1142 834 86 35 hela
1256 833 163 36 nämnda
1447 835 52 41 år,
1528 845 83 22 men
1641 832 183 44 deremot,

221 890 11 34 i
261 888 105 49 fråga
394 901 60 23 om
484 888 46 35 de
559 887 40 36 af
621 887 238 46 fullmäktige
879 886 180 45 vidtagna
1079 885 125 35 beslut
1232 884 70 36 och
1323 883 191 47 åtgärder,
1534 883 133 35 endast
1686 882 139 36 sådana

222 947 197 41 upptagas,
461 939 127 35 hvilka
622 939 82 34 icke
732 938 120 35 finnas
881 935 248 37 omförmälda
1157 936 11 34 i
1198 934 73 37 den
1300 933 39 37 af
1363 940 126 30 senast
1516 933 225 36 församlade
1769 945 56 24 re-

222 991 144 35 visorer
394 990 58 36 till
481 989 213 47 Riksdagen
724 987 141 48 afgifna
894 987 204 36 berättelse
1126 985 196 50 angående
1350 984 239 36 riksbanken.

448 1173 70 37 Om
545 1173 240 47 grundfond,
813 1172 236 37 reservfond
1076 1171 73 37 och
1176 1170 260 37 reserverade
1463 1169 140 36 medel.

983 1270 21 50 &
1036 1277 30 33 1.

323 1344 260 36 Riksbankens
623 1343 206 48 tillgångar
869 1342 71 36 och
973 1341 216 47 fordringar
1218 1339 152 37 utöfver
1397 1338 203 37 skulderna
1629 1338 198 48 utgjordes

222 1395 63 36 vid
316 1397 93 35 1898
439 1398 60 32 års
527 1394 76 36 slut
630 1393 51 36 af:

222 1444 219 50 grundfond
469 1476 59 5 ......
538 1475 114 6 ernsnanaa
670 1476 4 3 sitten
745 1475 85 5 srrsrar
838 1475 14 5 sa
871 1474 60 6 sersrs
940 1438 58 53 senses
1007 1474 25 4 ssr
1043 1438 21 53 ske
1083 1474 16 4 re
1109 1438 56 53 irrar
1176 1472 24 5 sen
1209 1473 58 5 take
1285 1472 27 5 en
1321 1472 13 5 a
1342 1471 59 6 nn
1433 1440 54 35 kr.
1517 1441 235 42 50,000,000:
1781 1457 47 5 —

222 1495 221 37 reservfOld
467 1526 226 5 ..sesmsssrnun
712 1526 48 4 sersr
778 1488 11 54 0
801 1525 105 5 srrssissrr
924 1523 71 7 senares
1014 1524 49 5 särar
1075 1488 21 54 san
1105 1524 24 4 ear
1148 1524 14 4 sen
1215 1523 27 5 sana
1283 1522 115 6 nanna
1447 1504 12 15 2
1543 1492 209 42 3000,000:
1781 1508 48 5 —

223 1553 97 30 samt
346 1546 243 36 reserverade
619 1545 121 36 medel
770 1545 58 36 till
856 1544 178 36 framtida
1062 1543 224 49 förfogande
1304 1572 93 6 ........
1446 1555 12 15 >
1542 1543 210 42 8,762,041:
1782 1542 44 34 33

1158 1611 248 36 tillsammans
1434 1609 55 35 kr.
1520 1610 233 42 63,762,041:
1782 1610 45 34 33

224 1681 156 37 Vinsten
423 1685 20 32 å
480 1681 248 36 riksbankens
764 1680 142 35 rörelse
945 1679 120 36 under
1102 1681 41 33 år
1181 1679 94 36 1899
1310 1690 94 34 upp-

323 1734 68 44 går
419 1732 57 36 till
507 1761 259 6 nossosococ0o.0vc.
818 1761 82 4 estrar
918 1760 49 5 sara
976 1723 25 52 sar
1009 1760 58 5 sense
1077 1759 57 5 ersrsr
1145 1723 22 52 ser
1178 1759 23 4 san
1210 1759 25 4 san
1244 1758 45 5 sana
1299 1758 104 6 saneneninn
1435 1727 54 35 KVA
1544 1728 209 42 4,300,078:
1784 1727 43 34 99

226 1783 145 36 hvadan
414 1781 98 37 efter
544 1781 133 49 tillägg
705 1780 41 36 af
770 1779 254 49 nyssnämnde
1053 1779 62 36 vid
1144 1782 101 32 årets
1273 1777 131 47 början

325 1833 198 46 befintliga
551 1830 241 37 reserverade
822 1830 122 36 medel
981 1858 418 8 snmsmsmsmmmmmmusseesesem
1449 1841 11 15 >»
1503 1822 22 55 —
1544 1828 210 43 8,762,041:
1784 1829 44 33 33

225 1884 126 36 hvilka
375 1883 153 47 jemlikt
555 1883 67 36 sist
651 1882 127 35 hållna
805 1880 187 50 Riksdags
1020 1880 126 36 beslut
1173 1879 122 36 skulle
1316 1878 88 36 ode-

325 1934 79 36 ladt
445 1933 208 36 bibehållas
688 1935 38 33 åt
754 1932 240 44 riksbanken,
1024 1931 83 36 dess
1135 1928 270 50 kapitalöfver-

325 1985 114 43 skott,
470 1982 236 38 oberäknadt
734 1982 139 49 grund-
903 1982 70 36 och
995 1980 325 43 reservfonderna,
1340 1979 63 36 vid

326 2048 140 23 samma
497 2038 58 32 års
582 2034 76 35 slut
686 2033 153 47 belöpte
868 2034 56 46 sig
952 2031 58 37 till
1040 2060 362 8 snsmmssmsmsmmssmsses
1450 2042 13 15 >»
1523 2030 233 42 -13,117,120:
1785 2030 45 34 32

327 2120 118 44 Öfver
487 2126 71 35 den
600 2125 175 36 behållna
816 2125 150 35 vinsten
1007 2135 98 36 eger,
1142 2123 154 47 jemlikt
1335 2119 18 48 $
1396 2124 45 34 25
1476 2121 10 35 i
1515 2121 107 47 lagen
1652 2119 60 36 för
1740 2120 93 35 riks-

227 2178 159 46 banken,
424 2176 212 47 Riksdagen
675 2180 80 30 att”
768 2174 158 48 förfoga,
968 2173 96 36 dock
1102 2173 85 35 med
1216 2171 242 49 iakttagande
1488 2170 39 36 af
1550 2169 242 37 föreskriften
1822 2170 10 34 i

226 2226 19 48 $
288 2230 56 42 26,
387 2233 55 30 att
481 2227 113 35 minst
635 2239 44 22 en
718 2224 196 37 tiondedel
952 2223 40 36 af
1024 2223 118 48 årliga
1179 2223 146 35 vinsten
1355 2222 94 35 skall
1479 2221 56 36 till
1563 2219 269 37 reservfonden

227 2278 167 44 afsättas,
436 2277 101 36 intill
575 2277 83 35 dess
697 2275 217 36 densamma
950 2277 160 45 uppgått
1146 2273 59 36 till
1233 2271 183 49 tjugofem
1447 2275 156 45 procent
1631 2269 39 37 af
1695 2269 138 49 grund-
