1882 2806
586 157 264 30 Statsutskottets
873 160 166 28 utlåtande
1061 169 39 20 nr
1129 162 69 28 178.
1605 160 41 32 95

142 227 72 31 året
233 227 136 33 1945/46
387 229 171 33 erfordras
576 242 66 30 nya
658 231 431 44 manskapsbeställningar
1106 234 55 32 för
1177 235 20 31 4
1213 235 234 42 högbåtsmän,
1467 237 40 31 90
1524 237 124 32 furirer

143 277 63 31 och
223 278 20 32 5
261 278 183 42 korpraler.
476 280 185 42 Samtidigt
677 282 62 31 har
756 283 128 31 antalet
901 284 133 42 meniga
1052 287 130 30 ansetts
1200 285 115 32 kunna
1332 287 150 32 minskas
1502 288 76 31 med
1596 288 49 32 85.

194 328 19 31 I
231 329 152 41 enlighet
400 331 77 30 med
495 331 65 31 vad
577 342 72 21 som
666 332 196 42 föreslagits
880 334 12 31 i
909 334 95 42 fråga
1022 345 54 21 om
1094 337 133 30 arméns
1246 337 301 33 musikdirektörer
1564 339 83 32 böra

141 377 353 44 beställningshavare
518 382 12 30 i
555 381 80 32 Oa3
659 382 186 34 benämnas
869 385 264 32 musikdirektör
1157 397 40 21 av
1223 387 26 32 1.
1275 388 126 41 graden
1426 388 63 32 och
1512 389 135 32 beställ-

140 429 228 41 ningshavare
390 431 11 31 i
425 431 82 32 Oa
489 425 22 56 2
529 433 265 32 musikdirektör
814 445 42 21 av
877 436 27 30 2.
928 436 135 41 graden.

193 481 70 31 För
287 481 259 36 kustartilleriet
570 484 62 31 har
655 485 137 32 räknats
817 486 77 31 med
919 487 196 42 ytterligare
1142 500 41 20 en
1208 490 439 41 överstelöjtnantsbeställ-

140 530 92 42 ning.
265 532 127 32 Vidare
414 533 84 32 böra
519 534 189 42 planenligt
729 536 190 33 tillkomma
939 548 66 31 nya
1026 538 248 43 beställningar
1294 540 54 32 till
1370 541 152 41 följande
1545 542 100 38 antal,

142 582 171 42 nämligen
338 584 18 30 2
380 584 12 30 i
416 583 91 39 Oa4,
533 586 17 30 7
575 585 12 31 i
612 585 90 39 Oa3,
728 587 20 35 7
770 587 11 30 i
807 587 90 38 Oa2,
933 588 8 31 3
972 588 5 31 i
1000 588 106 39 UO3,
1134 590 37 31 13
1196 590 12 31 i
1232 590 97 32 UO2
1354 591 62 32 och
1440 592 40 31 28
1504 592 11 31 i
1539 592 105 32 UO1.

140 631 20 31 I
182 632 108 33 likhet
314 634 76 31 med
414 635 65 31 vad
503 646 73 21 som
599 636 196 42 föreslagits
819 638 54 31 för
896 639 123 32 flottan
1044 640 62 31 och
1130 641 84 41 gällt
1238 642 54 31 för
1314 642 228 33 innevarande
1565 643 81 32 bud-

141 684 96 40 getår
261 684 63 31 bör
348 684 216 40 föreskrivas,
590 689 49 29 att
663 688 225 41 nytillkomna
912 689 248 43 beställningar
1184 692 11 30 i
1221 692 206 42 lönegraden
1452 693 96 32 UO
1521 680 23 58 3
1573 694 73 32 icke

142 735 54 30 må
220 734 162 33 tillsättas
408 737 82 31 utan
513 736 126 42 Kungl.
665 738 119 41 Maj:ts
811 740 167 32 särskilda
1001 741 233 41 medgivande.
1270 743 223 33 Beträffande
1518 745 129 32 ändrad

142 784 337 44 tjänstebenämning
501 789 19 29 å
542 787 351 43 beställningshavare
916 791 12 31 i
952 791 212 33 sistnämnda
1186 793 163 42 lönegrad
1372 794 123 32 liksom
1518 797 19 30 å
1559 793 89 49 rege-

142 835 271 34 mentskassörer
429 849 40 20 av
487 839 28 30 2.
533 838 136 33 klassen
686 839 160 33 hänvisas
865 841 53 32 till
935 842 64 31 vad
1016 842 206 33 härutinnan
1240 845 131 32 anförts
1389 846 109 31 under
1514 849 132 30 arméns

142 888 239 31 motsvarande
404 889 127 41 anslag.

193 936 78 32 Den
304 938 12 31 i
348 939 420 44 personalförteckningen
801 942 55 31 för
887 943 228 33 innevarande
1149 944 169 43 budgetår
1349 949 174 40 upptagna
1545 948 103 42 flagg-

142 986 411 46 korpralsbeställningen
579 991 61 31 har
667 994 130 30 ansetts
825 993 83 32 böra
936 994 190 33 bibehållas
1155 996 125 41 jämväl
1307 998 108 31 under
1442 1000 98 30 nästa
1566 998 82 32 bud-

142 1040 103 39 getår.

194 1089 19 31 I
236 1089 152 42 enlighet
408 1091 77 32 med
508 1092 40 31 de
572 1092 53 32 för
648 1093 80 32 1944
750 1096 55 30 års
828 1095 139 42 riksdag
988 1096 187 42 framlagda
1196 1097 271 44 beräkningarna
1489 1099 83 33 böra
1594 1100 54 32 för

142 1140 99 32 nästa
267 1140 169 42 budgetår
461 1142 190 33 tillkomma
679 1145 37 31 17
745 1144 247 44 beställningar
1018 1147 13 31 i
1057 1148 164 42 lönegrad
1248 1149 92 32 Mb1
1369 1150 55 31 för
1450 1147 198 50 långtjänst-

143 1190 211 33 underbefäl.

194 1240 69 33 Vid
283 1241 231 44 beräkningen
535 1255 41 21 av
595 1244 146 33 behovet
762 1257 41 21 av
823 1247 429 45 manskapsbeställningar
1272 1251 12 31 i
1305 1251 110 42 övrigt
1435 1252 62 31 har
1516 1252 132 43 inspek-

142 1292 99 31 tören
276 1293 54 31 för
364 1293 259 34 kustartilleriet
659 1296 119 33 räknat
813 1298 76 31 med
915 1310 41 20 en
982 1299 218 44 omläggning
1225 1312 41 20 av
1290 1302 241 42 utbildningen
1556 1304 92 31 inom

141 1341 262 35 kustartilleriet
430 1345 107 42 enligt
561 1346 13 31 i
598 1346 179 33 huvudsak
803 1348 42 32 de
870 1349 171 42 riktlinjer
1066 1362 73 20 som
1166 1352 147 41 angivits
1340 1363 40 21 av
1406 1353 241 42 sjöförsvarets

142 1392 449 43 utbildningskommission.
623 1397 131 32 Därvid
773 1398 62 32 har
853 1399 176 33 befunnits
1051 1401 218 43 erforderligt
1288 1405 49 29 att
1357 1406 150 40 upptaga
1527 1407 47 29 ett
1594 1416 54 20 an-

142 1443 49 31 tal
217 1443 249 44 beställningar
492 1446 196 33 alternativt
714 1448 12 31 i
753 1448 164 43 lönegrad
944 1450 89 32 Ma2?
1061 1452 83 31 eller
1171 1452 98 32 Ma1.
1309 1453 82 32 Med
1418 1454 189 33 beaktande
1635 1456 13 31 i

143 1493 112 42 övrigt
279 1505 40 21 av
345 1495 41 32 de
410 1497 150 40 grunder
583 1497 54 32 för
661 1498 211 43 utökningen
897 1511 41 20 av
962 1501 343 42 manskapsstaterna,
1332 1515 73 20 som
1431 1505 179 32 förutsatts
1635 1506 12 31 i

143 1544 82 31 1944
248 1547 54 30 års
324 1545 115 33 beslut
462 1547 144 32 rörande
628 1547 194 34 inrättande
846 1561 40 20 av
909 1552 434 44 överfurirsbeställningar
1365 1555 58 31 vid
1445 1555 203 33 kustartille-

142 1594 74 39 riet,
251 1595 62 32 har
346 1596 221 42 inspektören
601 1598 53 32 för
686 1599 261 34 kustartilleriet
979 1602 175 33 hemställt
1178 1615 54 20 om
1254 1605 40 31 48
1318 1616 67 31 nya
1407 1606 240 33 furirsbeställ-

143 1644 130 43 ningar.
308 1646 140 33 Antalet
472 1647 246 44 beställningar
741 1650 54 32 för
817 1651 174 42 korpraler
1015 1653 62 31 och
1100 1655 135 41 meniga
1257 1655 62 32 har
1342 1656 153 35 däremot
1518 1661 129 29 ansetts

142 1695 115 33 kunna
280 1697 150 32 minskas
454 1699 78 31 med
555 1699 145 42 tillhopa
723 1701 60 31 251
808 1701 255 44 beställningar.
1098 1704 245 44 Minskningen
1369 1708 279 43 sammanhänger

143 1747 77 32 med
252 1767 43 4 —
327 1748 149 32 förutom
508 1749 149 33 beslutet
691 1762 55 21 om
778 1752 192 33 inrättande
1005 1766 40 20 av
1079 1756 435 44 överfurirsbeställningar
1534 1779 43 4 —
1598 1762 50 30 att

143 1799 85 30 även
251 1798 59 32 vid
332 1798 260 34 kustartilleriet
614 1801 125 33 införts
764 1805 48 31 ett
835 1814 26 20 s.
886 1803 29 32 k.
941 1805 203 40 provhalvår
1166 1807 12 30 i
1201 1807 122 42 början
1347 1819 40 20 av
1411 1810 237 42 anställnings-

143 1847 96 32 tiden
260 1849 12 30 i
293 1849 276 42 manskapsgrad,
592 1852 113 31 varför
725 1853 200 42 manskapet
946 1855 108 31 under
1074 1856 109 32 första
1203 1857 153 33 halvåret
1376 1870 41 20 av
1438 1860 54 31 sin
1514 1862 133 30 anställ-

143 1898 83 42 ning
250 1899 180 32 förutsatts
456 1900 96 32 skola
576 1912 77 21 vara
678 1903 139 31 anställt
842 1905 80 30 över
947 1907 75 29 stat.
1059 1906 140 35 Antalet
1224 1909 340 33 överstatsanställda
1586 1912 62 31 har

143 1948 54 31 för
216 1951 98 29 nästa
334 1949 167 42 budgetår
521 1950 179 33 beräknats
721 1953 54 31 till
796 1954 69 31 392.
897 1954 76 32 Mot
992 1955 256 42 ifrågavarande
1269 1958 226 44 beräkningar
1514 1961 60 32 har
1595 1963 52 31 de-

143 2000 331 40 partementschefen
499 2001 73 32 icke
597 2002 74 32 haft
695 2005 103 39 något
823 2006 50 32 att
897 2005 119 32 erinra.

195 2049 19 31 I
236 2050 151 41 enlighet
407 2051 77 31 med
505 2052 65 31 vad
591 2063 72 21 som
684 2053 195 42 föreslagits
901 2056 11 30 i
933 2056 94 41 fråga
1048 2068 54 20 om
1123 2060 133 30 arméns
1278 2060 63 31 och
1362 2061 142 32 flottans
1526 2063 121 31 musik-

144 2099 190 33 direktörer
358 2101 84 32 böra
469 2102 41 31 de
538 2103 53 31 för
615 2103 260 33 kustartilleriet
903 2107 147 31 avsedda
1077 2109 355 41 musikdirektörerna,
1460 2113 11 30 i
1499 2113 147 42 lönegra-

144 2150 105 32 derna
274 2151 81 31 0Oa3
381 2152 63 31 och
470 2153 90 38 Oa2,
586 2153 183 33 benämnas
794 2156 302 34 musikdirektörer
1120 2170 40 20 av
1187 2161 25 30 1.
1239 2161 192 41 respektive
1456 2163 27 31 2.
1510 2160 135 50 graden.

194 2201 77 31 Vad
298 2204 103 38 angår
426 2201 371 42 mariningenjörkåren
824 2206 143 33 föreslås
995 2209 237 42 uppflyttning
1258 2222 40 20 av
1325 2214 50 29 tre
1402 2213 246 43 beställningar

143 2250 53 31 för
224 2251 107 32 förste
358 2252 305 42 mariningenjörer
689 2255 53 30 till
769 2256 536 46 marindirektörsbeställningar.
1344 2263 140 31 Antalet
1510 2265 137 40 special-

143 2300 196 41 ingenjörer
364 2302 61 31 har
451 2306 130 28 ansetts
608 2303 83 32 böra
717 2305 81 32 ökas
826 2307 76 30 med
928 2308 19 30 3
974 2308 254 43 beställningar,
1257 2323 99 20 varav
1386 2314 14 29 1
1430 2314 53 30 för
1510 2311 137 49 special-

143 2350 158 42 ingenjör
322 2363 40 20 av
383 2353 27 30 2.
433 2353 126 40 graden
581 2354 62 31 och
664 2356 18 29 2
705 2356 52 30 för
778 2357 323 42 specialingenjörer
1122 2371 40 20 av
1183 2362 28 29 3.
1234 2362 136 40 graden.
1403 2364 19 30 I
1444 2364 107 32 likhet
1570 2367 77 30 med

142 2402 65 30 vad
230 2413 72 20 som
325 2403 83 40 gällt
431 2404 53 30 för
505 2404 227 32 innevarande
755 2405 167 42 budgetår
943 2408 82 31 böra
1047 2409 40 31 de
1110 2411 227 40 nytillkomna
1356 2413 291 43 beställningarna

143 2452 72 32 icke
244 2453 161 31 tillsättas
434 2454 75 30 med
538 2455 169 31 ordinarie
734 2456 204 32 innehavare
965 2460 80 29 utan
1074 2460 120 31 endast
1222 2462 199 41 uppehållas
1449 2467 44 38 på
1519 2467 126 30 förord-

143 2503 110 31 nande
277 2504 71 31 tills
370 2504 115 32 vidare
508 2505 90 31 intill
621 2506 77 32 dess
721 2507 125 42 Kungl.
870 2508 100 42 Maj:t
992 2511 213 32 annorlunda
1226 2512 212 34 bestämmer.
