2173 2665
433 195 21 31 4
830 187 366 41 Bevillningsutskottets
1218 185 174 33 Memorial
1415 186 65 32 N:o
1503 187 54 31 17.

391 281 130 44 göras;
563 272 212 48 hvarjemte
815 269 190 37 utskottet
1042 268 57 37 till
1141 268 86 36 stöd
1256 268 60 36 för
1344 267 127 37 denna
1498 266 249 51 uppfattning
1772 264 226 50 ytterligare

392 325 186 48 erinrade,
618 329 55 32 att
704 322 66 37 det
802 320 227 49 stadgande,
1064 320 114 37 hvars
1206 319 226 49 förändring
1458 332 93 23 vore
1578 318 215 48 ifrågasatt,
1821 316 13 38 i
1861 315 136 39 bevill-

390 375 395 51 ningsförordningen
825 372 221 48 hänfördes,
1085 372 84 37 icke
1196 371 123 37 under
1345 374 130 46 någon
1502 370 42 38 af
1568 370 47 37 de
1643 375 57 31 tre
1728 368 120 38 första
1874 367 123 39 rubri-

391 431 121 37 kerna
550 426 240 48 »Bevillning
821 424 42 37 af
885 424 75 37 fast
987 423 224 49 egendom»,
1239 422 240 48 »Bevillning
1505 422 59 36 för
1591 421 170 37 inkomst
1788 420 42 37 af
1852 419 147 50 kapital

392 482 74 38 och
498 481 155 37 arbete»
683 477 72 38 och
792 475 200 38 »Grunder
1032 476 58 36 för
1127 475 286 37 inkomsternas
1454 472 278 48 beräknande»,
1756 477 94 32 utan
1876 471 123 37 under

391 533 183 38 rubriken
611 529 93 39 »Om
743 527 471 49 taxeringsmyndigheter
1242 526 73 37 och
1343 539 61 23 om
1433 525 197 50 uppgifter
1656 524 59 37 till
1742 523 162 49 ledning
1931 523 67 37 vid

390 584 210 48 taxering»,
640 580 155 38 hvilken
836 578 237 38 sistnämnda
1116 578 132 37 rubrik
1292 576 207 39 omfattade
1540 576 244 50 stadganden
1812 575 41 37 af
1875 574 125 50 regle-

393 635 211 39 mentarisk
626 638 121 33 natur.

526 720 212 45 Utskottet,
767 729 81 24 som
878 718 47 46 på
954 716 47 35 de
1030 714 41 36 af
1093 714 183 36 nästlidet
1304 716 60 33 års
1391 712 195 48 Riksdags
1613 711 389 49 bevillningsutskott

393 771 159 51 angifna
592 769 82 39 skäl
715 767 168 39 ansluter
922 766 61 49 sig
1010 765 58 37 till
1101 765 152 49 åsigten
1293 769 56 32 att
1374 764 138 49 frågan
1540 776 61 24 om
1630 762 164 48 ändring
1820 762 13 36 i
1865 764 42 35 17
1938 758 62 51 di

392 819 516 51 bevillningsförordningen
948 818 86 37 icke
1063 818 76 36 kan
1165 816 120 37 blifva
1312 815 163 37 föremål
1500 815 59 37 för
1587 827 223 35 gemensam
1838 818 163 32 omröst-

392 876 108 49 ning,
529 874 68 47 får,
626 872 48 37 då
702 869 377 49 sammanjemkning
1106 867 41 37 af
1169 868 222 36 kamrarnes
1421 865 225 51 skiljaktiga
1678 864 127 38 beslut
1831 864 170 37 härutin-

393 941 77 24 nan
498 938 117 37 synes
643 923 188 37 utskottet
857 921 85 37 icke
972 920 122 37 heller
1121 919 130 37 kunna
1278 931 72 36 ega
1377 932 94 33 rum,
1501 920 127 34 såsom
1653 917 59 36 sin
1740 916 101 49 åsigt
1867 915 135 47 uttala,

394 984 56 32 att
488 977 137 48 frågan
661 976 59 36 för
752 972 259 38 innevarande
1052 971 159 47 riksdag
1243 969 172 46 förfallit;
1457 969 148 37 hvilket
1627 968 188 37 utskottet
1841 967 161 37 härmed

394 1031 57 37 får
474 1029 60 37 för
560 1027 223 47 Riksdagen

532 1076 72 50 1:0)
634 1077 160 38 anmäla.

527 1162 245 39 Beträffande
802 1162 223 35 kamrarnes
1053 1158 221 49 skiljaktiga
1302 1157 130 37 beslut
1447 1155 163 38 rörande
1626 1156 208 36 utskottets
1850 1155 12 36 i
1879 1155 123 49 punk-

396 1223 67 31 ten
503 1213 73 49 2:0)
620 1213 41 38 af
694 1211 291 50 ifrågavarande
1024 1209 245 38 betänkande
1310 1208 137 49 gjorda
1475 1206 241 48 hemställan,
1746 1211 66 42 att,
1839 1205 60 37 för
1927 1206 77 36 den

395 1267 187 38 händelse
611 1265 210 37 utskottets
849 1261 231 38 hemställan
1107 1261 12 35 i
1147 1261 174 49 punkten
1351 1256 72 50 1:0)
1453 1258 42 37 af
1519 1257 265 38 betänkandet
1810 1257 126 37 blefve
1967 1257 41 36 af

395 1319 223 47 Riksdagen
656 1315 169 45 bifallen,
867 1313 223 47 Riksdagen
1124 1311 123 37 tillika
1279 1314 117 33 måtte
1428 1309 151 37 besluta
1607 1322 48 23 en
1683 1309 112 37 deraf
1817 1308 187 49 betingad

397 1370 165 47 ändring
584 1369 13 36 i
625 1370 21 34 8
676 1364 20 50 $
724 1366 13 37 i
759 1365 286 37 instruktionen
1068 1363 57 36 för
1151 1360 537 50 taxeringsmyndigheterna,
1713 1360 67 36 vill
1804 1360 200 46 utskottet,

397 1421 121 37 gedan
545 1418 224 49 Riksdagen
796 1416 113 37 fattat
935 1414 127 38 beslut
1089 1414 12 36 i
1128 1413 210 48 anledning
1365 1412 42 37 af
1429 1411 210 37 utskottets
1661 1411 69 36 här
1747 1410 116 37 ofvan
1880 1410 124 37 under

399 1470 72 49 1:0)
515 1470 139 50 gjorda
695 1468 189 46 anmälan,
926 1465 176 39 meddela
1128 1464 197 50 yttrande;
1366 1463 149 37 hvilket
1540 1463 192 36 utskottet
1759 1462 161 36 härmed
1947 1461 57 37 får

397 1524 59 36 för
483 1522 228 47 Riksdagen

533 1570 73 50 2:0)
635 1570 160 39 anmäla.

533 1674 226 38 Stockholm
788 1672 74 36 den
894 1673 44 34 13
967 1683 100 24 mars
1099 1672 106 34 1902.

846 1774 52 37 På
925 1771 442 49 bevillningsutskottets
1395 1775 162 43 vägnar:

1040 1874 48 37 H.
1118 1873 231 37 CAVALLI.

1062 2027 266 37 Reservationer

534 2133 66 38 vid
627 2132 173 50 punkten
830 2132 88 38 1:0):

534 2218 40 37 af
597 2218 132 36 herrar
756 2217 39 36 J.
822 2216 162 44 Bromée,
1017 2214 42 38 G.
1082 2215 160 36 Jansson
1270 2212 74 37 och
1370 2212 232 37 Lundström.

856 2391 162 21 STOCLHOLM,
1037 2391 22 17 P.
1079 2390 24 17 A.
1122 2389 106 18 NYMANS
1248 2383 213 24 EFTERTRÄDARE.
1483 2385 72 20 1902.
