1900 2822
555 140 274 30 Statsutskottets
854 139 177 30 utlåtande
1056 149 39 20 nr
1122 140 69 30 110.
1584 136 39 30 15

116 225 109 30 skulle
251 224 217 36 erforderligt
493 224 124 36 belopp
644 225 121 30 kunna
789 226 133 34 uttagas
947 232 123 28 genom
1097 234 43 21 en
1164 223 202 37 förhöjning
1393 233 42 21 av
1464 224 157 37 samtliga

115 274 372 37 försäkringsavgifter.
508 273 51 30 Då
574 273 462 36 riksförsäkringsanstalten
1050 274 110 29 under
1180 274 41 29 de
1239 276 132 30 senaste
1387 272 84 31 åren
1486 274 133 29 kunnat

115 326 110 30 sänka
246 325 76 30 sina
340 325 157 36 premier,
517 324 76 29 ville
614 324 54 30 det
691 333 103 27 synas
815 333 72 20 som
908 333 57 21 om
989 323 202 36 tidpunkten
1213 324 55 29 för
1289 324 270 35 genomförande
1576 333 44 22 av

116 386 42 20 en
181 371 170 45 eventuell
376 375 217 37 omläggning
615 376 10 29 i
647 375 148 30 berörda
819 375 196 30 hänseende
1039 376 109 29 skulle
1169 385 82 20 vara
1274 375 150 36 lämplig.

160 422 91 36 Över
274 426 259 37 promemorian
555 427 45 30 ha
624 426 184 37 yttranden
834 426 146 35 avgivits
1004 435 42 21 av
1071 425 483 37 riksförsäkringsanstalten,
1579 426 44 30 de

116 477 212 37 ömsesidiga
353 476 499 37 socialförsäkringsbolagens
879 476 173 37 förening,
1080 476 321 37 försäkringsrådet
1429 477 66 30 och
1522 480 100 27 stats-

116 529 175 30 kontoret.

160 580 14 29 I
197 579 165 31 skrivelse
385 580 67 29 den
475 581 40 28 27
542 579 134 36 augusti
704 579 84 30 1943
811 579 63 30 har
896 578 461 37 riksförsäkringsanstalten
1381 579 163 37 framlagt
1566 579 55 30 be-

116 630 189 36 räkningar
325 631 147 29 rörande
492 630 278 30 medelsbehovet
788 630 54 30 för
860 630 100 30 nästa
978 629 166 37 budgetår
1163 630 111 30 under
1293 630 152 35 anslaget
1464 630 50 29 till
1532 630 89 30 kost-

117 681 107 30 nader
242 681 104 36 enligt
366 682 39 29 19
424 681 18 36 8
462 681 9 29 i
491 682 97 35 lagen
608 691 56 20 om
685 681 197 35 försäkring
900 681 56 29 för
977 680 181 37 olycksfall
1176 681 10 29 i
1207 681 116 30 arbete
1341 690 44 20 m.
1406 690 45 20 m.
1474 680 78 30 med
1571 683 51 27 ut-

116 730 221 37 gångspunkt
355 731 80 31 från
457 734 49 27 att
526 732 96 30 dessa
641 732 187 29 kostnader
848 732 97 30 skola
964 732 118 30 täckas
1102 732 10 29 i
1132 731 116 37 vanlig
1268 731 156 36 ordning.
1446 731 177 30 Anstalten

116 783 63 29 har
201 781 125 31 därvid
347 781 169 30 beräknat
538 781 303 36 bruttoutgifterna
864 782 110 29 under
999 780 202 37 budgetåret
1227 777 135 42 1944/45
1385 781 51 29 till
1463 781 159 35 omkring

118 832 63 30 880
195 833 64 30 000
285 833 136 31 kronor.
446 833 240 31 Inkomsterna
710 832 20 31 å
754 834 161 34 anslaget,
939 834 32 30 d.
995 844 30 19 v.
1048 843 24 20 s.
1096 834 56 29 det
1174 833 159 30 indrivna
1355 833 170 36 beloppet,
1549 842 75 20 som

118 884 144 35 tidigare
286 884 109 30 under
419 893 43 21 en
486 883 88 36 följd
598 893 41 20 av
663 883 40 30 år
726 883 143 36 uppgått
896 884 50 30 till
971 883 159 37 omkring
1155 884 41 29 70
1222 887 140 32 procent
1387 893 42 21 av
1454 884 168 29 bruttout-

117 934 149 35 gifterna
291 934 55 30 för
369 935 164 36 anslaget,
559 935 96 30 torde
678 935 198 34 emellertid,
901 935 104 35 enligt
1029 935 65 29 vad
1117 935 171 30 anstalten
1311 934 125 36 anfört,
1460 934 165 36 möjligen

120 985 117 30 kunna
258 984 56 31 för
333 984 203 36 budgetåret
557 986 204 35 uppskattas
785 986 48 29 till
856 986 39 29 75
919 988 143 33 procent
1083 995 40 21 av
1145 984 306 37 brultoutgifterna
1474 985 79 30 eller
1574 984 50 29 till

118 1035 161 37 omkring
307 1036 63 29 660
384 1035 63 30 000
480 1037 136 30 kronor.
647 1036 64 30 Det
740 1036 223 36 erforderliga
992 1036 299 36 anslagsbeloppet
1320 1036 111 30 skulle
1458 1036 10 29 i
1498 1034 37 31 så
1562 1034 62 30 fall

118 1085 116 36 uppgå
256 1086 50 30 till
327 1087 62 29 220
403 1087 65 29 000
490 1087 136 31 kronor.

162 1136 390 38 Departementschefen
574 1138 63 29 har
657 1137 118 31 anfört
796 1137 165 36 följande.

162 1195 64 30 Det
245 1195 10 29 i
275 1195 231 31 förenämnda
525 1196 488 36 departementspromemoria
1033 1196 194 37 framlagda
1249 1196 374 36 besparingsförslaget,

118 1238 104 36 enligt
244 1237 105 31 vilket
371 1238 232 31 kostnaderna
627 1239 55 30 för
706 1239 196 30 resterande
924 1239 566 36 olycksfallsförsäkringsavgifter
1516 1239 110 30 skulle

118 1280 234 37 inkalkyleras
371 1281 10 30 i
403 1280 481 37 försäkringsverksamheten
904 1282 65 29 och
989 1282 83 35 icke,
1094 1281 114 31 såsom
1228 1281 55 31 för
1301 1282 217 29 närvarande
1537 1282 86 35 sker,

118 1323 169 31 bestridas
305 1333 41 20 av
364 1324 207 35 statsmedel,
591 1333 99 27 synes
710 1325 58 29 vid
785 1324 377 36 remissbehandlingen
1182 1324 76 30 icke
1276 1325 45 29 ha
1338 1325 87 29 mött
1443 1323 106 37 några
1568 1334 56 21 av-

118 1366 153 35 görande
289 1365 215 36 principiella
524 1365 263 36 invändningar.
808 1365 133 30 Statens
961 1365 139 36 utgifter
1119 1366 55 29 för
1192 1366 220 29 bestridande
1434 1375 42 21 av
1496 1369 127 27 restan-

118 1409 280 29 tiekostnaderna
427 1409 105 35 enligt
562 1409 37 29 19
631 1409 17 36 8
679 1409 519 36 olycksfallsförsäkringslagen
1226 1410 45 29 ha
1301 1409 181 30 onekligen
1510 1408 114 36 också,

119 1450 115 30 såsom
255 1451 10 28 i
286 1451 258 35 promemorian
563 1450 219 36 framhållits,
804 1451 64 30 fått
889 1461 42 20 en
953 1461 115 20 annan
1091 1451 294 36 storleksordning
1405 1452 45 29 än
1474 1461 73 20 som
1569 1460 55 20 av-

120 1492 76 36 sågs
221 1493 57 29 vid
301 1493 221 35 stadgandets
549 1494 176 29 tillkomst.
753 1494 98 30 Detta
876 1495 161 29 omdöme
1062 1495 88 28 lärer
1172 1495 101 34 gälla,
1298 1495 86 28 även
1409 1503 57 21 om
1490 1494 135 35 hänsyn

119 1538 93 32 tages
233 1536 49 29 till
304 1536 65 29 den
388 1536 167 36 betydligt
575 1536 111 30 ökade
707 1535 217 37 omfattning,
946 1546 75 20 som
1041 1536 481 36 försäkringsverksamheten
1541 1536 86 29 efter

119 1578 95 30 hand
239 1577 144 31 erhållit.

163 1619 96 32 Båda
283 1621 41 30 de
347 1620 135 36 statliga
506 1620 286 37 myndigheterna
816 1620 44 36 på
884 1619 166 36 området,
1075 1620 461 36 riksförsäkringsanstalten
1561 1620 64 30 och

119 1662 324 37 försäkringsrådet,
462 1664 45 30 ha
528 1664 186 30 emellertid
733 1667 110 27 ansett
860 1664 67 29 den
945 1664 201 29 nuvarande
1163 1663 190 36 ordningen
1372 1672 82 21 vara
1473 1665 48 27 att
1538 1662 87 30 före-

119 1706 106 36 draga
248 1705 148 30 framför
417 1706 57 30 det
495 1707 9 29 i
525 1706 258 36 promemorian
802 1705 201 37 ifrågasatta
1024 1706 226 34 förfarandet,
1273 1708 64 28 och
1358 1706 42 29 de
1421 1705 205 36 ömsesidiga

120 1748 486 36 socialförsäkringsbolagens
630 1748 161 37 förening
816 1749 62 29 har
903 1748 55 30 för
983 1748 52 30 sin
1060 1749 52 29 del
1137 1749 155 35 avstyrkt
1316 1748 172 36 förslaget,
1514 1749 113 29 därest

120 1791 92 29 detta
233 1791 109 29 skulle
362 1790 159 30 medföra
544 1800 40 21 en
606 1791 147 36 höjning
774 1801 40 20 av
837 1792 40 29 de
897 1791 147 35 bolagen
1064 1790 159 30 åvilande
1243 1790 191 36 avgifterna
1458 1790 49 29 till
1530 1793 95 27 stats-

120 1834 127 30 verket.
274 1833 115 35 Enligt
413 1833 74 29 min
512 1833 140 35 mening
676 1833 39 29 är
740 1833 165 35 förslaget
930 1836 50 26 att
1006 1833 150 30 bedöma
1181 1831 117 31 såsom
1322 1842 42 20 en
1390 1833 236 35 lämplighets-

120 1875 108 36 fråga,
248 1876 63 29 där
329 1885 80 20 man
428 1876 64 29 har
511 1878 48 27 att
579 1879 70 26 mot
667 1876 172 29 varandra
858 1876 85 35 väga
964 1874 21 30 å
1002 1885 63 20 ena
1083 1875 99 30 sidan
1201 1876 56 29 det
1278 1874 280 31 statsfinansiella
1577 1875 48 29 in-

120 1921 120 27 tresset
261 1920 49 27 att
331 1918 9 29 i
364 1918 121 35 möjlig
506 1916 82 31 mån
610 1918 169 34 begränsa
801 1920 126 28 statens
951 1917 138 34 utgifter
1110 1918 65 28 och
1197 1916 20 30 å
1239 1918 108 29 andra
1369 1917 99 29 sidan
1492 1918 133 34 olägen-

119 1961 143 28 heterna
283 1969 41 20 av
344 1970 40 19 en
404 1959 104 35 något
529 1960 88 29 ökad
637 1959 325 36 premiebelastning
983 1959 55 30 för
1056 1960 40 29 de
1117 1959 362 35 försäkringspliktiga
1500 1959 125 30 arbets-

119 2002 153 36 givarna.
296 2002 95 29 Efter
415 2002 127 35 krigets
565 2002 64 29 slut
652 2002 97 30 lorde
772 2012 40 19 en
833 2002 170 35 prövning
1026 2011 40 20 av
1087 2001 92 30 olika
1202 2001 291 36 organisatoriska
1516 2003 109 34 spörs-

120 2044 69 30 mål
209 2044 45 36 på
275 2043 371 36 försäkringsområdet
664 2044 94 30 bliva
777 2044 137 29 aktuell.
942 2044 5 29 I
968 2044 168 30 samband
1158 2044 144 29 härmed
1324 2044 95 29 torde
1439 2045 86 28 även
1546 2045 80 29 den-

121 2097 43 21 na
182 2087 99 36 fråga
299 2087 185 35 lämpligen
504 2088 116 28 kunna
640 2090 170 32 upptagas
829 2087 47 29 till
896 2086 219 36 behandling.
1137 2086 97 30 Efter
1253 2085 135 31 samråd
1408 2087 79 29 med
1504 2086 123 30 chefen

121 2130 55 30 för
198 2130 390 35 finansdepartementet
610 2130 63 28 har
697 2129 57 36 jag
777 2129 54 29 för
854 2130 66 28 den
947 2129 89 29 skul
1059 2129 115 29 funnit
1200 2128 69 36 mig
1293 2129 83 29 böra
1402 2129 150 34 förorda,
1578 2131 49 27 att

121 2173 65 29 den
208 2172 200 30 nuvarande
427 2172 190 34 ordningen
638 2172 56 29 för
713 2171 219 30 bestridande
954 2181 42 19 av
1018 2171 232 29 kostnaderna
1270 2171 102 34 enligt
1395 2171 39 29 19
1456 2171 18 36 8
1495 2171 131 35 olycks-

121 2214 399 35 fallsförsäkringslagen
541 2214 65 29 tills
627 2214 118 30 vidare
767 2215 169 33 godtages.
958 2213 64 36 Jag
1042 2213 200 29 förutsätter
1261 2213 129 35 därvid,
1415 2216 48 26 att
1487 2213 139 29 riksför-

121 2257 331 34 säkringsanstalten
476 2257 141 28 beaktar
642 2256 43 29 de
706 2256 92 29 olika
824 2255 225 36 möjligheter,
1075 2265 72 19 som
1171 2256 120 29 kunna
1314 2255 165 34 föreligga
1502 2258 47 26 att
1571 2255 55 29 be-

121 2300 125 34 gränsa
271 2299 97 29 dessa
393 2299 196 28 kostnader.

168 2341 65 30 Det
267 2340 248 29 medelsbehov
545 2339 55 29 för
630 2340 95 28 detta
758 2338 173 34 ändamål,
966 2348 76 19 som
1072 2339 112 28 under
1216 2338 131 30 sådana
1379 2338 247 30 förhållanden

123 2384 162 28 kommer
309 2384 48 27 att
383 2382 168 34 föreligga
577 2382 111 28 under
715 2382 100 28 nästa
842 2380 180 35 budgetår,
1048 2381 38 29 är
1112 2380 134 30 relativt
1272 2380 170 35 vanskligt
1470 2384 46 27 att
1542 2390 85 26 upp-

123 2426 126 28 skatta.
282 2424 243 30 Kostnaderna
556 2424 82 28 bero
669 2424 8 28 i
711 2423 68 35 hög
810 2423 84 35 grad
924 2422 44 36 på
999 2422 480 35 konjunkturutvecklingen.
1510 2423 118 30 Under
