1892 2820
584 178 227 27 Stalsutskottets
834 177 147 28 utlåtande
1004 177 47 27 Nr
1076 176 68 30 128.
1582 174 40 29 dö

174 256 324 35 Avlöningsförmåner,
525 258 150 32 upptagna
703 257 6 25 i
736 256 203 31 vederbörliga
962 257 102 25 stater.
1111 252 117 40 Enligt
1251 251 58 31 det
1332 256 37 26 år
1397 251 76 30 1925
1499 250 124 31 fattade

121 304 150 32 beslutet
294 304 176 40 angående
495 304 329 31 försvarsväsendets
848 303 175 31 ordnande
1041 304 110 30 skulle
1168 303 213 40 flygvapnets
1401 301 223 41 uppsättning

123 357 76 37 taga
223 356 52 30 sin
299 355 120 40 början
444 355 107 30 under
574 355 202 40 budgetåret
804 355 185 33 1926/1927,
1015 354 63 30 och
1102 355 143 39 vapuets
1262 352 233 39 organisation
1513 351 110 31 skulle

124 416 76 20 vara
238 406 76 30 fullt
351 405 200 40 genomförd
586 405 108 30 under
727 405 203 39 budgetåret
970 404 183 30 1930,1931.
1200 403 120 31 Under
1354 403 266 39 övergångsåren

121 455 106 31 borde
252 455 277 40 organisationen
554 455 94 38 givas
672 466 40 19 en
730 455 105 30 sådan
853 454 215 41 omfattning,
1085 456 50 28 att
1151 454 106 30 första
1273 454 91 29 årets
1381 452 242 31 ärskostnader

121 506 173 40 uppginge
317 505 50 30 till
395 505 155 40 omkring
572 506 41 28 60
639 508 36 33 2,
700 504 106 31 andra
829 506 90 28 årets
944 505 48 29 till
1020 505 40 29 70
1086 507 37 32 4,
1148 504 109 39 tredje
1281 504 90 29 årets
1389 503 51 30 till
1456 504 40 29 80
1515 505 25 28 2
1560 502 63 30 och

122 555 105 40 fjärde
252 556 90 29 arets
366 555 51 30 till
442 556 41 28 90
508 558 25 28 4
560 566 39 19 av
623 556 100 29 femte
748 556 90 29 arets
863 554 250 30 årskostnader.

173 605 17 30 I
214 605 341 30 överensstämmelse
579 604 76 31 med
679 604 65 31 den
770 605 50 30 för
845 604 78 31 1925
946 606 54 28 års
1017 603 138 40 riksdag
1171 603 184 40 framlagda
1373 603 124 40 planen
1515 602 108 31 erhöll

123 655 210 41 (lygvapnets
362 655 232 39 organisation
619 655 108 30 under
749 654 203 40 budgetåret
979 654 175 34 1926/1927
1180 664 41 20 en
1245 653 213 40 omfattning,
1484 652 140 40 ungefär

120 705 239 31 motsvarande
393 706 41 30 60
460 708 25 28 4
522 716 32 20 av
584 705 297 40 organisationens
913 704 128 31 storlek
1071 704 84 31 efter
1178 703 196 31 fullbordad
1399 703 225 41 uppsättning

120 767 40 19 av
183 757 133 39 vapnet.
363 755 200 31 Sedermera
586 755 60 31 har
670 755 189 31 emellertid
884 755 169 31 avvikelse
1077 755 73 30 från
1174 753 233 42 nyssnämnda
1430 754 79 40 plan
1534 753 91 31 skett

120 806 10 30 i
155 808 38 28 så
215 807 116 34 måtto,
349 808 50 28 att
422 806 277 40 organisationen
723 806 109 30 under
856 805 203 41 budgetåret
1079 805 176 38 1927,1928
1279 804 199 31 bibehållits
1502 804 11 30 i
1537 805 87 29 stort

120 858 68 29 sett
204 856 215 37 oförändrad,
434 858 87 29 samt
537 858 49 28 att
602 856 210 40 utökningen
829 867 39 19 av
882 856 198 30 densamma
1095 855 109 31 under
1215 854 230 31 innevarande
1457 854 168 40 budgetår

119 906 201 40 begränsats
344 906 53 30 till
420 908 49 28 att
493 908 121 29 stanna
637 906 56 30 vid
717 906 156 40 omkring
897 907 40 29 70
955 909 25 28 4
1007 917 40 19 av
1070 905 66 31 den
1160 905 215 40 omfattning,
1393 906 124 39 vapnet
1540 904 85 31 efter

120 956 194 31 fullbordad
339 956 227 41 uppsättning
589 967 97 20 avses
710 958 49 29 att
782 956 137 30 erhålla.

172 1007 18 30 I
214 1006 164 32 skrivelse
402 1006 66 31 den
492 1007 37 30 31
555 1006 135 41 augusti
717 1007 78 30 1928
819 1006 61 30 har
902 1006 240 41 flygstyrelsen
1166 1006 156 40 framlagt
1345 1005 127 41 förslag
1495 1005 53 31 till
1571 1005 53 31 be-

120 1057 172 31 räknande
326 1068 39 19 av
394 1057 184 39 utgifterna
612 1057 51 31 för
695 1057 195 41 flygvapnet
924 1056 108 31 under
1065 1056 204 40 budgetåret
1295 1056 186 38 1929/1930.
1528 1055 96 41 Flyg-

122 1108 169 40 styrelsen
314 1107 62 31 har
399 1107 118 31 därvid
540 1109 110 39 utgatt
673 1107 97 37 ifrån,
795 1109 50 29 att
868 1107 67 31 den
958 1109 92 29 ännu
1073 1107 73 31 ieke
1170 1109 164 39 uppsatta
1353 1108 25 29 1.
1396 1106 171 41 flygkåren
1584 1125 37 3 —

119 1169 77 20 vars
220 1158 165 41 manskap
409 1158 52 31 för
483 1158 208 31 närvarande
715 1159 36 29 är
773 1158 147 31 fördelat
943 1160 18 28 å
984 1157 42 32 de
1049 1158 104 31 redan
1178 1157 240 41 organiserade
1434 1157 189 32 förbanden

120 1228 39 2 —
183 1208 134 32 komme
351 1211 51 28 att
435 1210 181 39 uppsättas
651 1208 108 31 under
786 1209 148 30 nämnda
960 1208 176 41 budgetår.
1182 1207 258 42 Inledningsvis
1463 1208 62 30 har
1547 1207 77 42 flyg-

121 1260 168 40 styrelsen
313 1259 11 31 i
348 1259 53 31 sin
425 1259 231 41 nyssberörda
679 1259 163 31 skrivelse
866 1259 194 34 framhållit,
1086 1260 49 29 att
1157 1259 132 31 bristen
1313 1260 44 39 på
1380 1258 159 41 personal
1562 1259 62 30 för-

120 1310 165 31 orsakade
309 1310 150 41 tjänsten
483 1310 173 40 allvarliga
679 1310 227 40 olägenheter,
924 1310 112 30 varför
1059 1310 167 40 styrelsen
1250 1309 57 31 vid
1331 1308 238 42 uppgörandet
1585 1320 39 20 av

121 1360 75 31 sina
229 1360 365 40 anslagsberäkningar
627 1360 113 30 funnit
774 1360 53 41 sig
859 1360 84 31 böra
976 1360 192 37 förutsätta,
1193 1362 49 29 att
1275 1361 202 30 numerären
1500 1359 58 31 vid
1581 1359 42 31 de

120 1410 104 31 redan
251 1410 188 31 bestående
463 1410 189 31 förbanden
675 1410 73 31 icke
772 1410 206 31 minskades.
1024 1410 256 42 Flygstyrelsen
1306 1411 105 30 funne
1435 1410 51 41 sig
1509 1409 114 32 därför

120 1461 83 31 böra
236 1461 104 31 räkna
364 1461 78 31 med
465 1471 41 20 en
529 1460 167 42 utökning
719 1471 39 20 av
782 1461 298 41 organisationens
1104 1460 205 42 omfattning
1331 1461 74 30 från
1428 1460 195 32 nuvarande

121 1512 40 31 70
187 1514 24 29 &
248 1511 52 31 till
328 1511 42 31 90
395 1514 25 29 Z
447 1522 39 20 av
510 1511 248 41 omfattningen
782 1512 85 31 efter
889 1511 196 31 fullbordad
1109 1511 227 42 uppsättning
1358 1523 40 19 av
1420 1511 202 42 flygvapnet.

174 1562 121 31 Såsom
319 1562 146 40 framgår
487 1573 39 20 av
550 1562 57 31 det
629 1562 57 31 vid
709 1563 90 30 årets
824 1562 416 41 statsverksproposition,
1264 1562 108 41 fjärde
1395 1561 227 39 huvudtiteln,

119 1612 121 41 fogade
264 1612 123 41 utdrag
414 1623 39 20 av
477 1612 378 41 statsrådsprotokollet
878 1614 80 29 över
980 1612 310 38 försvarsärenden,
1314 1612 134 42 yttrade
1472 1612 151 41 departe-

120 1662 233 32 mentschefen
378 1662 57 31 vid
458 1663 155 31 anmälan
648 1663 89 30 inför
770 1663 125 41 Kungl.
931 1663 98 40 Maj:t
1063 1663 66 31 den
1163 1665 20 28 4
1213 1663 135 41 januari
1381 1663 79 31 1929
1483 1674 40 20 av
1545 1663 78 42 flyg-

120 1713 188 41 styrelsens
336 1713 253 40 ifrågavarande
623 1713 259 41 framställning,
911 1716 49 29 att
993 1714 67 30 han
1094 1714 113 30 funnit
1230 1713 59 32 det
1311 1725 79 20 vara
1412 1714 212 41 nödvändigt

120 1765 49 29 att
203 1764 102 40 högst
338 1763 184 41 väsentligt
545 1763 162 32 reducera
734 1763 65 32 den
824 1775 39 20 av
888 1764 168 42 styrelsen
1080 1764 193 31 beräknade
1297 1764 324 32 kostnadssumman

120 1815 52 30 för
194 1814 194 41 flygvapnet
422 1814 108 31 under
564 1815 282 30 nästkommande
871 1815 174 41 budgetår.
1092 1815 82 31 Med
1196 1815 134 41 hänsyn
1355 1815 114 31 härtill
1493 1815 64 31 och
1581 1815 42 31 då

120 1865 57 31 det
201 1867 97 39 synts
321 1865 137 31 särskilt
482 1865 176 41 angeläget
681 1867 49 29 att
752 1865 12 31 i
788 1866 193 40 möjligaste
1005 1868 77 29 mån
1106 1865 184 42 tillgodose
1313 1866 147 31 behovet
1483 1878 39 19 av
1546 1866 76 41 flyg-

120 1916 161 37 materiel,
306 1915 115 31 kunde
456 1915 376 42 departementschefen
856 1916 11 31 i
890 1916 92 41 fråga
1006 1927 54 21 om
1084 1919 143 39 vapnets
1252 1917 232 41 organisation
1515 1917 108 31 under

120 1966 148 31 nämnda
283 1966 168 41 budgetår
467 1966 72 31 icke
556 1966 171 42 tillstyrka
743 1968 109 30 större
876 1967 168 42 utökning
1066 1969 42 29 än
1133 1967 51 31 till
1208 1967 156 41 omkring
1387 1968 40 30 80
1442 1971 25 28 4
1493 1979 40 19 av
1557 1968 65 31 den

120 2016 213 41 omfattning,
357 2019 126 38 vapnet
499 2017 84 31 efter
598 2017 196 31 fullbordad
810 2018 227 41 uppsättning
1053 2020 141 39 avsåges
1210 2020 50 29 att
1276 2018 136 31 erhålla.
1441 2018 181 31 Avvikelse

119 2067 74 30 från
217 2067 112 31 denna
356 2066 134 42 princip
513 2067 87 31 hade
624 2067 87 32 dock
733 2067 11 31 i
768 2068 92 31 vissa
883 2068 218 31 hänseenden
1126 2070 132 30 ansetts
1286 2068 84 32 böra
1392 2070 107 38 göras.
1546 2069 76 31 Lik-

121 2129 73 20 som
228 2117 240 41 flygstyrelsen
496 2118 147 31 räknade
667 2120 84 29 även
775 2119 378 40 departementschefen
1178 2119 77 31 med
1279 2119 211 31 tillkomsten
1514 2120 109 31 under

120 2169 98 30 nästa
241 2168 168 41 budgetår
431 2180 39 19 av
495 2168 65 31 den
583 2168 124 32 hittills
731 2169 73 31 icke
828 2171 163 39 uppsatta
1016 2171 25 30 1.
1065 2169 183 41 flygkåren.
1284 2169 82 32 Med
1383 2169 184 42 anledning
1582 2181 40 20 av

119 2218 64 31 vad
206 2218 239 41 flygstyrelsen
469 2220 112 30 anfört
603 2219 145 32 rörande
772 2220 115 31 vikten
911 2231 40 20 av
974 2222 49 29 att
1043 2222 201 29 numerären
1263 2220 55 31 vid
1336 2221 41 30 de
1394 2221 103 30 redan
1515 2220 106 32 bestå-

120 2269 86 31 ende
240 2269 191 31 förbanden
466 2269 73 31 icke
573 2270 205 36 minskades,
807 2271 177 31 framhölls
1008 2282 40 19 av
1072 2271 386 41 departementschefen,
1483 2273 50 29 att
1555 2271 66 32 den

120 2319 167 42 utökning
321 2331 39 19 av
394 2320 312 41 personalstaterna
740 2321 51 31 för
823 2321 102 31 dessa
947 2322 154 37 förband,
1126 2333 73 20 som
1230 2321 67 31 han
1328 2321 87 32 hade
1437 2322 53 31 för
1512 2322 110 31 avsikt

119 2372 49 29 att
201 2370 134 38 föreslå,
371 2371 52 30 till
457 2371 83 31 fullo
574 2371 179 41 motvägde
784 2372 65 31 den
882 2372 148 32 avsedda
1054 2372 470 42 manskapsöverflyttningen
1549 2373 71 30 från

120 2431 129 21 samma
272 2421 145 31 förband
441 2421 52 31 till
519 2423 24 30 1.
568 2421 182 42 flygkåren.
