2213 2645
706 198 264 32 Statsutskottets
999 198 180 33 Utlåtande
1202 200 53 31 Nr
1278 203 53 30 43.
1729 202 38 31 19

214 287 227 37 tillhörande
469 287 126 48 uthus,
625 287 48 37 då
702 287 121 50 enligt
850 287 101 37 hvad
977 287 187 37 utskottet
1191 287 184 37 inhämtat
1403 287 137 37 bostad
1568 287 59 38 för
1650 288 160 38 berörda

212 339 179 50 personal
420 340 110 37 torde
558 340 129 36 kunna
714 340 211 37 tillsvidare
954 340 159 36 beredas
1141 340 14 37 i
1183 345 55 32 ett
1265 340 147 37 kronan
1440 340 191 50 tillhörigt
1658 341 71 37 hus
1744 341 63 37 vid

211 392 208 50 Furubjers
462 392 92 38 eller
595 393 12 36 i
635 393 117 37 andra
792 393 150 37 kronan
982 392 196 50 tillhöriga
1219 392 229 51 byggnader
1475 393 64 37 vid
1567 394 240 49 Tingsstäde.

211 444 54 36 På
292 444 125 48 grund
446 445 113 36 häraf
583 458 112 35 synes
710 445 214 36 kostnaden
942 445 60 36 för
1022 445 444 49 gnistsignalstationens
1485 445 182 49 flyttning
1682 446 127 37 kunna

210 496 197 37 nedsättas
436 497 86 37 med
553 498 136 43 10,000
718 497 152 37 kronor.

315 549 18 36 I
360 550 111 48 fråga
499 563 61 24 om
588 551 237 36 anordnande
853 549 46 48 af
923 549 344 51 telefonförbindelse
1293 552 80 35 med
1402 556 44 30 ön
1474 550 154 37 Senoren
1654 550 69 37 har
1750 555 58 32 ut-

212 602 147 36 skottet
386 602 84 37 icke
498 603 126 36 funnit
652 606 117 45 något
798 607 53 32 att
880 602 134 36 erinra.

314 654 197 38 Utskottet
539 655 221 37 hemställer
788 654 121 48 alltså,

715 764 55 31 att
796 759 223 49 Riksdagen
1046 762 61 33 må
1135 759 205 48 medgifva,
1384 763 55 32 att
1459 759 39 36 af
1514 759 115 37 femte
1645 759 161 37 hufvud-

610 811 128 36 titelns
768 811 188 36 allmänna
984 811 249 48 besparingar
1260 813 60 34 må
1349 811 210 36 användas:

611 897 58 37 till
696 897 245 49 anskaffning
970 897 70 37 och
1082 897 243 36 anordnande
1359 897 41 36 af

663 950 126 36 hissar
815 949 12 36 i
855 950 154 36 flottans
1039 949 159 50 sjukhus
1226 949 13 37 i
1265 949 131 36 Karls-

664 1002 120 36 1560
749 998 15 57 a
812 1033 575 5 a
1418 1001 140 37 kronor
1588 1003 148 46 13,360:
1759 1023 47 5 —

611 1054 59 37 till
697 1054 117 49 inköp
833 1054 60 37 för
912 1053 331 49 öfningsändamål
1263 1053 41 36 af
1321 1054 63 38 ”/16

664 1106 142 37 mantal
833 1105 139 38 Västra
999 1106 183 47 Vitsgarn
1196 1119 46 23 nr
1269 1108 10 34 2
1301 1105 86 37 med
1576 1141 5 5 .

662 1158 154 37 holmen
843 1158 199 49 Märsgarn
1061 1158 12 37 i
1091 1158 136 37 Muskö
1248 1158 140 37 socken
1431 1154 18 57 =
1484 1170 16 23 »
1588 1159 148 48 —-15,000:
1758 1182 49 5 —

611 1211 59 37 till
697 1211 189 36 täckande
916 1211 39 36 af
981 1211 94 37 brist
1103 1211 12 36 i
1134 1210 176 49 anslaget
1329 1210 59 36 till

664 1263 183 37 arfvoden
876 1266 38 33 åt
928 1263 65 37 vid
1008 1263 380 49 skeppsgossekåren

663 1316 13 36 i
715 1316 217 36 Marstrand
977 1315 187 37 anställda
1201 1328 184 37 personer

664 1373 97 31 samt
797 1368 311 46 medikamenter,
1145 1368 73 36 bad
1247 1381 46 23 m.
1332 1382 48 21 m.
1482 1380 17 23 »
1611 1369 124 45 2,133:
1759 1369 47 35 90

612 1420 56 37 till
696 1420 244 49 anskaffning
967 1421 41 36 af
1026 1419 362 50 laddöfningsappa-

663 1478 102 31 TÖLOL
774 1504 609 5 oosresrrsresrarssrees
1050 1470 62 54 senses
1118 1470 65 54 ererer
1185 1470 41 54 near
1232 1470 15 54 sr
1253 1470 31 54 nen
1290 1470 28 54 ser
1323 1470 62 54 ennen
1483 1484 17 23 »
1612 1473 124 46 92,000:
1756 1494 50 3 —

613 1524 58 38 till
698 1525 184 49 Ayttning
910 1525 42 36 af
962 1524 425 49 gnistsignalstationen

664 1577 13 36 i
705 1577 197 37 Fårösund
929 1577 58 36 till
1006 1576 377 49 Tingstäde...
1482 1588 18 23 »
1545 1571 23 57 —
1587 1577 148 46 11,819:
1757 1597 49 4 —

613 1629 58 36 till
690 1629 246 37 anordnande
956 1629 40 36 af
1011 1628 375 38 telefonförbindelse

664 1682 87 36 med
779 1686 50 32 ön
858 1680 170 38 Nenoreh
1050 1713 334 5 ssessmssmusvnnnsna
1483 1692 18 23 »
1612 1682 123 46 2,119:
1757 1701 49 4 —

614 1750 90 37 eller
732 1750 58 37 för
817 1750 176 48 nämnda,
1016 1750 183 37 särskilda
1214 1750 173 37 ändamål

665 1802 278 48 sammanlagdt
980 1835 403 4 necesse
1415 1802 142 36 kronor
1586 1803 149 47 54,031:
1758 1803 48 35 90

318 1869 221 39 Stockholm
568 1871 74 37 den
673 1874 47 34 22
750 1871 95 50 april
876 1873 108 35 1910.

726 1975 52 37 På
806 1975 307 38 statsutskottets
1142 1980 160 45 vägnar:

864 2079 46 38 G.
940 2079 218 38 BILLING.
