2244 2655
215 311 140 29 Angående

209 346 162 30 anskaffning

212 384 49 22 och
280 383 90 22 anord-

225 418 83 23 nande
328 419 26 21 af

234 453 84 23 hissar
337 453 9 22 i

197 490 106 22 flottans
317 487 69 30 sjuk-

201 526 48 22 hus
269 525 8 22 i
296 525 87 23 Karls-

248 562 89 21 krona.

199 2164 207 30 Departements-

253 2200 100 22 chefen.

899 204 252 33 Statsutskottets
1182 200 171 34 Utlåtande
1376 200 52 32 Nr
1451 201 51 30 43.

453 213 18 28 Nn

515 296 73 37 »På
618 293 279 50 framställning
925 292 41 37 af
990 289 139 51 Kungl.
1159 289 106 49 Maj:t
1293 287 189 51 beviljade
1510 286 220 50 Riksdagen
1758 287 40 35 år
1829 284 96 37 1905
1946 284 61 36 för

412 354 65 47 på-
520 349 71 38 och
633 346 245 51 ombyggnad
920 346 40 37 af
997 345 152 37 flottans
1190 342 156 51 sjukhus
1387 342 12 36 i
1441 339 233 39 Karlskrona
1716 342 54 33 ett
1810 336 135 50 anslag
1986 339 20 35 å

414 404 163 46 300,000
606 402 152 46 kronor,
788 400 137 37 hvaraf
946 399 168 37 anvisats
1133 400 49 46 på
1203 401 105 32 extra
1328 400 77 32 stat
1423 395 60 36 för
1504 397 39 33 år
1564 394 96 35 1906
1684 393 161 46 150,000
1865 391 142 37 kronor

415 457 70 37 och
512 456 60 37 för
601 458 39 34 år
671 455 94 36 1907
799 451 238 39 återstående
1069 450 162 48 150,000
1259 449 153 36 kronor.
1460 446 73 38 Till
1560 445 96 52 följd
1685 445 40 37 af
1750 444 145 48 hinder,
1925 456 80 24 som

413 512 173 48 uppstått
626 508 60 37 för
724 507 104 37 detta
856 506 149 37 arbetes
1034 504 204 37 oafbrutna
1266 500 199 39 utförande
1494 513 140 37 genom
1663 512 47 24 en
1739 501 267 46 entreprenörs

414 563 151 37 iråkade
607 560 186 38 obestånd
835 560 70 37 och
942 557 172 49 strejker,
1142 557 68 36 har
1240 556 145 36 arbetet
1413 559 102 32 ännu
1542 553 84 37 icke
1654 551 237 47 fullbordats,
1920 564 87 22 men

415 616 187 38 beräknas
645 614 210 37 detsamma
895 611 120 38 blifva
1057 609 142 50 färdigt
1243 608 119 37 under
1403 605 257 39 innevarande
1703 607 50 35 år.
1810 604 17 36 I
1859 603 63 37 det
1949 602 58 37 för

416 670 143 36 arbetet
587 666 227 51 upprättade
843 666 186 47 förslaget
1056 663 159 49 ingingo
1243 662 84 36 icke
1356 664 120 44 några
1503 659 122 37 hissar
1654 658 58 37 för
1741 657 210 50 sjukhuset.

517 720 17 37 I
563 718 349 38 ämbetsskrifvelse
942 717 74 36 den
1045 718 46 34 25
1122 714 215 50 september
1379 715 96 34 1908
1504 712 69 36 har
1599 709 410 47 marinförvaltningen

416 775 124 37 anfört
567 771 322 49 hufvudsakligen
916 768 177 52 följande.

518 827 16 36 I
577 824 182 39 samband
801 824 85 36 med
915 823 73 36 den
1016 820 195 52 pågående
1240 817 296 52 ombyggnaden
1566 816 40 37 af
1630 816 154 37 flottans
1813 814 157 50 sjukhus
1997 813 13 36 i

417 879 233 39 Karlskrona
691 877 96 38 hade
829 876 207 38 anordnatg
1077 877 64 34 två
1182 873 272 47 hisstrummor,
1498 870 74 37 den
1614 881 70 25 ena
1711 867 134 38 afsedd
1873 867 59 36 för
1960 880 48 23 en

416 933 223 51 personhiss
669 930 139 37 mellan
837 930 73 36 den
938 927 204 52 påbyggda
1169 940 74 36 nya
1262 925 193 49 våningen
1474 923 60 37 för
1553 921 217 50 kirurgiska
1790 920 220 49 sjukdomar

412 987 119 49 jämte
573 983 275 52 operationssal
890 987 97 32 samt
1028 981 73 37 den
1129 980 13 36 i
1164 978 282 50 jordvåningen
1474 975 187 38 inrättade
1689 972 321 48 badafdelningen

418 1040 70 36 och
517 1039 73 37 den
619 1038 117 36 andra
765 1035 135 38 afsedd
927 1036 60 36 för
1016 1048 46 23 en
1091 1031 267 39 ekonomihiss.
1406 1028 309 50 Anskaffningen
1743 1026 71 38 och
1841 1024 170 39 installe-

416 1092 136 37 randet
580 1091 40 37 af
644 1090 173 37 hissarna
846 1090 106 47 ålåge
982 1085 208 39 emellertid
1217 1085 85 36 icke
1331 1087 298 45 entreprenören
1649 1081 60 36 för
1729 1078 282 50 ombyggnads-

419 1145 156 46 arbetet,
604 1148 92 31 utan
723 1142 97 36 hade
849 1139 404 48 marinförvaltningen
1282 1142 54 32 att
1366 1136 91 50 själf
1482 1139 48 45 gå
1558 1135 12 36 i
1597 1133 233 47 författning
1850 1145 61 23 om
1930 1130 81 37 vid-

417 1196 182 50 tagandet
641 1196 41 36 af
720 1195 111 36 dessa
858 1193 268 47 anordningar,
1157 1191 58 36 för
1243 1189 128 37 hvilka
1399 1187 124 37 medel
1552 1187 33 49 ej
1616 1186 102 36 förut
1745 1185 137 36 äskats.
1938 1183 74 36 Det

420 1255 132 44 syntes
583 1249 69 36 ock
680 1246 284 49 förvaltningen
994 1258 89 24 vara
1102 1243 40 37 af
1158 1242 119 38 behof
1292 1240 204 52 påkalladt,
1517 1244 56 33 att
1597 1239 112 37 dessa
1727 1237 122 37 hissar
1868 1235 143 49 färdig-

420 1301 169 49 ställdes,
631 1303 40 34 så
712 1304 54 32 att
807 1299 46 37 de
880 1298 126 37 kunde
1034 1302 111 44 tagas
1173 1296 12 35 i
1213 1296 95 36 bruk
1337 1293 194 49 samtidigt
1559 1292 87 36 med
1675 1291 216 49 sjukhusets
1920 1294 92 43 öpp-

420 1354 134 37 nande.
596 1352 346 48 Nödvändigheten
973 1351 41 36 af
1039 1350 74 36 den
1140 1349 225 48 ifrågasatta
1392 1344 273 52 personhissen
1693 1342 218 50 bestyrktes
1939 1341 74 36 till-

420 1407 163 48 räckligt
624 1406 42 36 af
705 1406 63 35 det
809 1403 266 46 förhållandet,
1119 1406 53 31 att
1213 1399 177 50 samtliga
1423 1399 74 37 den
1526 1396 214 50 kirurgiska
1767 1394 247 49 afdelningen

420 1458 227 38 tillhörande
675 1458 201 50 patienter,
904 1457 13 36 i
945 1455 143 38 saknad
1117 1454 40 37 af
1181 1453 89 48 hiss,
1291 1456 119 33 måste
1435 1455 280 45 transporteras
1735 1451 49 47 på
1802 1447 213 38 handbårar

420 1514 84 36 från
532 1511 338 48 badinrättningen
899 1513 20 33 å
946 1508 117 37 nedre
1092 1507 130 37 botten
1251 1505 55 37 till
1336 1502 410 53 operationsvåningen
1776 1507 56 30 tre
1857 1505 157 44 trappor

421 1579 86 36 upp.
563 1564 76 36 Det
680 1562 205 50 olämpliga
927 1561 70 37 och
1039 1561 77 36 ofta
1156 1559 167 37 riskabla
1364 1558 59 36 för
1462 1556 238 50 patienterna
1740 1553 54 37 uti
1823 1567 45 22 en
1897 1552 116 37 sådan

421 1622 194 45 transport
644 1615 120 38 skulle
793 1614 245 49 fullständigt
1066 1612 183 38 uteslutas
1280 1624 138 36 genom
1447 1610 75 36 den
1551 1608 217 48 föreslagna
1795 1604 220 39 hissanord-

421 1683 154 36 ningen.

525 1722 267 37 Kostnaderna
840 1720 58 36 för
940 1717 241 48 anskaffning
1222 1716 70 37 och
1332 1713 271 39 installerande
1646 1713 41 36 af
1723 1709 292 51 ifrågavarande

422 1776 122 36 hissar
572 1774 97 36 hade
698 1773 204 36 beräknats
932 1771 108 37 skola
1066 1772 129 47 uppgå
1222 1769 57 36 till
1311 1769 135 46 13,360
1474 1767 152 36 kronor.

525 1827 57 37 Då
619 1825 209 38 emellertid
857 1823 407 47 marinförvaltningen
1293 1820 83 37 icke
1405 1820 96 36 hade
1528 1818 58 37 till
1614 1818 58 37 sin
1701 1815 228 51 disposition
1958 1815 58 36 för

424 1879 249 38 omförmälda
688 1878 172 37 ändamål
881 1876 156 37 afsedda
1056 1875 133 47 medel,
1205 1874 103 48 finge
1329 1872 292 46 ämbetsverket,
1638 1870 118 37 under
1776 1866 240 52 åberopande

424 1933 40 36 af
487 1932 100 37 hvad
616 1931 158 37 sålunda
802 1930 156 47 anförts,
987 1927 200 38 hemställa
1216 1940 60 23 om
1303 1925 133 49 nådigt
1460 1922 308 52 bemyndigande
1790 1925 54 33 att
1862 1921 77 36 låta
1958 1920 59 36 för

424 1999 47 23 en
511 1983 165 38 kostnad
717 1984 41 36 af
796 1981 277 49 sammanlagdt
1117 1980 135 48 13,360
1294 1979 142 36 kronor
1463 1976 141 50 inköpa
1633 1975 69 37 och
1730 1973 195 38 installera
1952 1973 64 36 be-

422 2037 113 38 rörda
563 2037 131 36 hissar.

527 2142 95 36 Lika
664 2141 86 36 med
791 2137 407 49 marinförvaltningen
1233 2149 109 24 anser
1365 2134 68 49 jag
1462 2133 247 50 synnerligen
1736 2129 196 50 behöfligt,
1962 2133 55 33 att

425 2194 289 50 ifrågavarande
742 2192 343 49 hissanordningar
1113 2191 150 36 komma
1291 2188 56 36 till
1376 2187 121 37 stånd.
1542 2186 81 37 Den
1652 2184 155 38 därmed
1834 2182 182 38 förenade

424 2248 212 37 kostuaden
664 2247 109 36 torde
798 2245 207 50 lämpligen
1025 2245 91 35 böra
1135 2241 185 38 bestridas
1341 2241 39 36 af
1397 2240 115 36 femte
1532 2237 276 38 hufvudtitelns
1829 2236 189 36 allmänna

424 2301 260 50 besparingar.
