2244 2644
696 199 256 32 Statsutskottets
985 198 171 31 Ullåtande
1181 199 59 30 N:o
1265 198 54 30 42.
1790 194 18 29 9

932 675 77 41 N:o
1037 675 66 41 42.

923 837 69 25 Ank.
1012 836 44 26 till
1075 835 95 27 Riksd.
1190 835 88 26 kansli
1299 835 52 26 den
1371 835 33 25 23
1423 842 72 18 mars
1517 834 77 31 1900,
1614 834 36 26 kl.
1678 833 32 26 12
1729 832 86 27 midd.

439 984 189 46 Utlåtande,
661 985 16 34 i
718 983 186 48 anledning
940 983 44 46 af
1011 981 124 49 Kongl.
1169 981 126 47 Maj:ts
1327 981 16 35 i
1370 978 446 49 statsverkspropositionen

641 1056 125 48 gjorda
793 1054 310 48 framställningar
1129 1065 53 24 om
1202 1053 122 47 anslag
1343 1053 59 46 för
1420 1051 396 48 sjökommunikationer.

1561 1141 59 47 (RB.
1649 1139 60 49 AA)

989 1262 64 35 1:0.

355 1362 86 36 Med
474 1361 102 36 bifall
605 1360 56 36 till
689 1359 133 48 Kongl.
852 1359 122 48 Maj:ts
1003 1359 12 34 i
1045 1356 466 49 statsverkspropositionen
1540 1355 57 36 till
1629 1356 100 36 1898
1759 1353 58 37 års
1838 1361 195 43 Upprensning

221 1416 166 48 Riksdag
427 1415 121 36 derom
591 1413 124 49 gjorda
757 1412 266 47 framställning
1065 1411 65 36 har
1171 1409 211 49 Riksdagen
1423 1409 55 37 till
1515 1408 229 38 bestridande
1781 1408 38 36 af
1828 1398 113 70 Fred
1960 1398 80 62 vi

222 1470 242 37 kostnaderna
496 1469 56 36 för
587 1467 244 49 upprensning
868 1465 21 37 å
917 1466 43 36 de
988 1466 12 35 i
1030 1463 392 49 statsrådsprotokollet
1449 1463 99 37 öfver
1576 1461 242 38 civilärenden
1846 1469 181 27 bohuslänska

223 1525 69 36 den
325 1526 47 34 14
400 1523 139 49 januari
572 1523 99 36 1898
702 1521 175 48 uppgifna
904 1519 134 49 platser
1062 1519 37 36 af
1117 1517 321 37 inomskärsfarled
1458 1517 133 36 mellan
1610 1515 208 37 Marstrand
1885 1506 101 26 Tan

224 1578 67 36 och
320 1577 148 49 Lysekil
497 1581 95 31 samt
620 1575 131 36 mellan
780 1572 310 38 Hunnebostrand
1119 1572 67 36 och
1214 1571 210 49 Fjellbacka
1451 1571 150 48 beviljat
1627 1575 50 31 ett
1696 1569 124 48 anslag

224 1633 37 35 af
290 1632 165 43 404,440
486 1630 143 42 kronor,
657 1628 100 36 deraf
784 1627 210 48 Riksdagen
1023 1626 46 49 på
1097 1631 101 31 extra
1227 1631 71 30 stat
1326 1625 141 37 anvisat
1494 1625 56 36 för
1578 1623 39 37 år
1648 1625 100 35 1899
1770 1628 51 31 ett

225 1685 130 48 belopp
383 1684 37 36 af
451 1684 163 43 150,000
644 1682 133 36 kronor
805 1681 68 36 och
900 1681 57 36 för
985 1680 40 36 är
1057 1681 100 35 1900
1187 1684 51 31 ett
1265 1679 131 48 belopp
1424 1679 37 35 af
1490 1679 165 42 200,000
1681 1677 140 36 kronor.

362 1737 131 47 Kongl.
536 1736 107 48 Maj:t
683 1735 65 36 har
776 1748 48 22 nu
853 1735 11 34 i
893 1734 66 36 den
990 1733 56 36 till
1074 1732 210 48 Riksdagen
1313 1732 68 36 den
1412 1733 46 35 15
1490 1731 165 36 sistlidne
1681 1730 141 48 januari

226 1791 134 36 aflåtna
388 1789 466 48 statsverkspropositionen
881 1787 112 36 under
1023 1787 104 48 sjette
1145 1785 244 37 hufvudtiteln
1408 1785 187 47 föreslagit
1614 1783 208 48 Riksdagen

226 1851 54 30 att
322 1845 37 36 af
401 1842 237 38 förenämnda
679 1842 125 47 anslag
846 1840 46 49 på
929 1846 101 31 extra
1059 1845 72 31 stat
1158 1840 57 36 för
1243 1839 40 36 år
1314 1840 97 36 1901
1444 1839 127 36 anvisa
1600 1836 224 38 återstående

227 1898 232 47 erforderliga
487 1897 167 48 beloppet
683 1897 138 42 31,000
851 1895 140 36 kronor.

361 1951 126 47 Enligt
513 1950 97 37 hvad
639 1950 37 35 af
703 1949 60 36 det
790 1950 12 34 i
831 1948 144 36 ärendet
1002 1947 102 37 förda
1134 1946 392 49 statsrådsprotokollet
1549 1945 188 43 inhemtas,
1758 1944 66 36 har

229 2008 86 45 väg-
353 2005 67 36 och
456 2002 487 49 vattenbyggnadsstyrelsen
972 2002 11 34 i
1012 2001 193 36 skrifvelse
1232 2000 56 36 till
1317 2000 131 48 Kongl.
1477 1999 107 49 Maj:t
1611 1999 36 36 af
1674 1998 69 36 den
1775 1999 48 35 14

229 2059 150 36 oktober
424 2059 99 36 1899
567 2057 128 42 anfört,
737 2062 54 30 att
833 2056 109 46 enligt
973 2055 45 36 de
1047 2067 58 23 om
1135 2053 206 37 utförandet
1369 2054 36 35 af
1433 2052 272 48 ifrågavarande
1732 2064 91 35 upp-

229 2111 336 47 rensningsarbeten
608 2109 177 36 afslutade
827 2108 172 36 kontrakt
1041 2106 269 48 sammanlagda
1338 2105 401 49 entreprenadsumman
1768 2110 57 30 ut-

229 2164 123 48 gjorde
382 2165 163 42 363,000
576 2163 141 41 kronor,
748 2167 94 31 samt
870 2167 60 37 att,
958 2160 46 36 då
1034 2159 350 37 kontrollkostnader
1412 2173 44 21 m.
1486 2172 45 22 m.
1561 2158 110 47 enligt
1697 2157 128 48 styrel-

325 2226 68 30 Bih.
419 2226 50 30 till
493 2225 108 31 Riksd.
628 2224 82 31 Prot,
736 2225 99 30 1900.
885 2225 19 28 4
930 2222 99 32 Saml.
1055 2224 16 28 1
1096 2222 73 40 Afd.
1197 2224 46 28 26
1268 2221 90 41 Häift.
1762 2220 19 18 Z

1763 2241 16 8 CA
