2184 2645
763 228 211 36 Lagulskottets
997 226 159 32 Memorval
1178 230 59 29 N:o
1261 231 52 28 28.

1812 234 17 29 ct

951 362 52 32 22
1027 362 88 41 kap.

981 446 45 34 22
1059 444 27 48 &.

339 522 91 44 Den,
458 535 77 23 som
565 522 59 36 för
653 523 111 45 brott,
796 523 151 37 hvarom
975 525 12 34 i
1016 524 101 36 detta
1146 525 84 48 kap.
1261 527 178 44 förmäles,
1467 527 96 48 gjort
1582 528 54 48 sig
1655 526 170 38 förfallen

232 577 55 34 till
318 575 226 37 straffarbete
573 577 11 35 i
614 577 112 36 minst
755 590 63 23 sex
847 577 186 44 månader,
1069 579 96 36 skall
1194 580 66 35 ock
1291 580 124 35 dömas
1444 580 291 50 medborgerligt
1759 583 66 35 för-

232 630 148 36 troende
409 629 182 49 förlustig.

946 739 54 32 23
1025 740 88 40 kap.

988 824 20 33 2
1040 822 28 47 8.

338 899 78 36 Har
443 900 176 48 gäldenär
647 901 208 48 oredlighet
883 907 77 29 mot
988 902 77 34 sina
1095 902 218 49 borgenärer
1343 903 134 35 brukat
1505 904 54 47 ity

342 956 29 35 1.
414 960 55 29 att
507 953 83 45 han,
630 954 109 36 sedan
774 955 70 35 han
880 955 84 48 själf
992 956 81 35 sökt
1101 960 56 31 att
1185 955 38 36 få
1250 957 55 35 sin
1335 957 177 48 egendom
1543 957 154 46 afträda,
1726 960 99 43 eller,

232 1008 63 36 där
323 1008 210 36 konkursen
562 1014 165 43 tvungen
756 1012 49 41 är,
834 1009 110 36 sedan
974 1010 196 43 borgenärs
1199 1012 204 47 ansökning
1432 1011 127 36 därom
1581 1012 134 36 honom
1738 1014 88 35 kun-

230 1062 64 48 nig
322 1062 88 44 blef,
440 1061 112 50 något
581 1061 41 37 af
646 1063 238 48 egendomen,
916 1064 265 48 borgenärerna
1201 1065 59 34 till
1290 1064 157 48 förfång,
1473 1066 92 35 dock
1587 1072 88 29 utan
1694 1068 132 48 sviklig

229 1115 111 36 afsikt
369 1122 54 29 att
451 1116 134 36 bereda
614 1117 55 47 sig
696 1115 130 45 fördel,
855 1116 78 45 sålt,
963 1117 234 49 uppsåtligen
1226 1118 150 36 förstört
1405 1119 87 36 eller
1520 1121 215 35 annorledes
1755 1120 69 37 för-

229 1170 181 48 skingrat;
440 1171 88 35 eller

339 1226 31 34 2.
401 1229 54 30 att
484 1224 82 43 han,
601 1224 83 35 med
719 1224 207 36 kännedom
960 1237 58 23 om
1052 1226 63 34 sitt
1148 1225 174 36 obestånd
1353 1226 91 36 eller
1473 1227 53 35 sin
1555 1226 188 50 oförmåga
1771 1233 56 31 att

228 1281 73 32 rätt
329 1277 58 36 för
411 1278 54 48 sig
494 1283 100 43 göra,
620 1291 133 35 genom
782 1277 109 49 gåfva
915 1279 91 35 eller
1034 1292 119 22 annan
1183 1279 140 49 åtgärd,
1352 1293 77 22 som
1458 1281 58 35 till
1546 1282 53 34 sin
1630 1280 93 50 följd
1745 1282 79 35 där-

230 1331 82 36 med
341 1333 74 35 lika
444 1336 51 39 är,
523 1330 154 37 afbändt
705 1332 54 48 sig
787 1332 179 48 egendom
995 1331 39 36 af
1057 1332 128 36 sådant
1212 1334 123 41 värde,
1357 1336 56 34 att
1433 1334 268 49 borgenärerna
1722 1336 105 36 däraf

230 1386 159 47 märklig
417 1386 113 35 skada
559 1384 80 36 haft
667 1386 91 35 eller
786 1384 36 37 få
852 1386 152 44 kunnat;

335 1440 125 36 dömes
502 1440 59 36 till
604 1438 226 38 straffarbete
859 1441 10 33 i
900 1441 105 48 högst
1032 1439 63 36 två
1123 1440 39 36 år
1190 1441 86 35 eller
1305 1440 176 49 fångelse;
1511 1442 112 36 varde
1652 1444 79 44 ock,
1760 1444 65 36 där

228 1494 74 35 han
330 1494 59 35 till
418 1493 227 37 straffarbete
673 1494 12 34 i
715 1495 112 34 minst
855 1506 63 24 sex
947 1493 169 38 månader
1146 1495 135 42 dömes,
1316 1495 190 36 förklarad
1536 1497 289 51 medborgerligt

229 1547 210 37 förtroende
468 1547 181 49 förlustig.

328 1655 37 49 b)
395 1661 55 30 att
478 1655 221 48 Riksdagen,
733 1656 83 35 med
845 1655 118 49 afslag
992 1657 20 34 å
1042 1659 55 33 2:a
1125 1658 164 46 punkten
1318 1656 12 35 i
1360 1656 83 36 herr
1472 1670 71 22 von
1573 1655 138 50 Geijers
1742 1656 82 35 med

228 1709 105 37 fleres
375 1708 274 38 ofvannämnda
692 1711 151 43 motion,
877 1710 85 35 ville
1002 1715 134 44 antaga
1180 1710 134 46 Kungl.
1358 1711 123 47 Maj:ts
1510 1711 10 35 i
1551 1712 272 48 propositionen

227 1763 227 37 innefattade
481 1762 135 50 förslag
645 1764 58 35 till
733 1764 61 48 lag
835 1776 60 23 om
937 1763 137 36 ändrad
1103 1764 138 49 lydelse
1269 1763 40 36 af
1338 1766 47 35 58
1416 1765 67 35 och
1517 1767 70 34 122
1620 1765 38 49 $$
1679 1767 11 34 i
1711 1765 114 37 straff.

229 1817 108 49 lagen
367 1816 57 37 för
453 1817 261 49 krigsmakten.

337 1978 127 48 Enligt
505 1979 178 35 utskottet
724 1978 320 36 tillhandakomna
1088 1979 339 48 protokollsutdrag
1461 1979 68 36 har
1557 1979 127 37 Första
1716 1980 108 36 Kam-

232 2045 126 23 maren
387 2032 164 48 godkänt
579 2033 197 35 utskottets
804 2032 154 36 berörda
988 2033 216 36 hemställan
1234 2034 59 34 till
1323 2034 74 34 alla
1426 2033 113 44 delar,
1557 2035 113 35 under
1689 2034 62 36 det
1771 2040 54 29 att

231 2086 130 35 Andra
404 2085 218 37 Kammaren
652 2085 136 37 bifallit
817 2086 94 35 hvad
941 2087 177 36 utskottet
1147 2087 187 36 hemställt
1376 2087 82 35 med
1490 2087 189 50 undantag
1708 2088 116 43 däraf,

231 2143 53 33 att
327 2141 212 34 kammaren
582 2140 13 34 i
622 2139 105 49 fråga
768 2153 60 22 om
860 2143 19 34 2
911 2140 81 48 kap.
1027 2142 44 36 19
1102 2140 18 50 $
1149 2141 208 49 strafflagen
1388 2141 162 49 godkänt
1579 2142 69 35 den
1678 2142 148 48 lydelse,

231 2207 74 22 som
338 2193 205 48 föreslagits
571 2194 12 34 1
612 2193 135 50 Kungl.
779 2194 117 48 Maj:ts
924 2195 234 48 proposition.

337 2249 81 34 Den
462 2248 254 47 skiljaktighet
743 2248 11 35 i
783 2249 213 35 kamrarnas
1026 2249 132 45 beslut,
1196 2262 77 23 eom
1302 2248 155 37 sålunda
1485 2248 209 51 föreligger,
1723 2263 104 35 synes

230 2303 180 35 utskottet
451 2302 79 35 icke
572 2302 200 49 lämpligen
800 2303 125 34 kunna
959 2303 90 35 eller
1078 2303 89 35 böra
1196 2304 306 47 sammanjämkas
1532 2306 45 46 på
1605 2307 113 33 annat
1746 2310 80 38 sätt,

277 2366 69 29 Bih.
373 2366 45 29 till
441 2365 103 30 Riksd.
571 2366 81 29 Prot.
679 2367 97 29 1905.
826 2367 19 28 7
868 2366 90 30 Saml.
1009 2367 43 29 323
1075 2367 89 37 Häft.
1763 2368 18 29 2
