2182 2620
442 169 40 30 22
873 166 294 33 Statsutskottets
1187 165 186 33 utlåtande
1394 166 52 31 Nr
1470 165 74 31 116.

400 247 144 36 Kiruna
575 248 38 33 åt
641 245 72 36 den
742 242 258 51 tullpersonal,
1031 256 82 23 som
1144 242 121 37 skulle
1294 242 67 36 där
1389 242 196 48 förläggas
1612 245 48 47 på
1689 242 124 49 grund
1843 256 44 22 av
1917 242 84 36 tull-

399 298 240 36 kammarens
681 297 12 35 i
734 295 258 48 Riksgränsen
1033 294 245 49 förflyttning
1306 294 56 36 dit
1390 299 128 31 senast
1546 294 74 36 den
1652 296 17 34 1
1701 293 160 37 oktober
1893 295 107 34 1922.

399 350 133 37 Denna
573 347 258 49 förflyttning,
874 347 125 36 vilken
1041 349 79 33 står
1160 346 12 35 i
1214 345 181 37 samband
1425 345 84 36 med
1538 346 104 35 vissa
1670 346 138 36 mellan
1836 345 166 35 svenska

393 400 374 50 järnvägsstyrelsen
807 399 72 36 och
907 397 258 49 Hovedstyret
1193 397 58 36 for
1278 397 149 48 Norges
1457 396 223 37 Statsbaner
1708 396 159 37 träffade
1896 401 105 31 över-

399 452 308 45 enskommelser,
736 451 68 36 har
833 464 47 22 av
909 463 45 23 en
984 450 57 35 för
1069 449 205 48 utredning
1302 463 47 21 av
1378 449 134 48 frågan
1541 449 133 35 tillsatt
1703 448 216 48 delegation
1938 448 63 36 be-

398 504 155 36 räknats
582 503 171 36 medföra
780 515 47 23 en
856 501 205 49 besparing
1090 501 59 36 för
1176 501 228 36 statsverket
1431 514 47 22 av
1498 501 11 35 i
1528 501 89 35 ruåt
1637 501 51 35 tal
1709 501 139 45 35,300
1864 499 138 36 kronor

399 556 157 48 årligen.
612 555 141 35 Därvid
795 554 69 35 har
906 553 146 49 hänsyn
1094 553 119 48 tagits
1249 552 144 48 jämväl
1435 552 55 35 till
1532 552 158 36 berörda
1727 550 274 51 nybyggnads-

399 607 174 37 kostnad.

530 658 139 37 Vidare
696 658 68 36 har
782 657 143 49 Kungl.
946 656 107 49 Maj:t
1073 659 21 33 å
1113 655 285 49 tilläggsstaten
1418 655 201 48 ifrågasatt
1638 656 121 36 medel
1779 655 56 36 till
1856 654 146 48 ökning

399 724 46 23 av
474 710 321 36 arbetskrafterna
823 709 62 36 vid
915 708 204 36 tullverket
1147 707 118 37 under
1291 708 101 36 vissa
1421 707 102 36 delar
1552 720 46 22 av
1627 709 39 33 år
1696 709 109 34 1922.
1858 706 141 48 Kungl.

399 762 107 48 Maj:t
547 762 68 35 har
655 761 192 47 nämligen
885 760 79 35 dels
994 763 137 42 ansett,
1162 765 52 30 att
1242 759 44 36 de
1315 759 54 35 till
1398 758 269 49 nyinrättande
1696 759 216 47 föreslagna
1938 757 63 36 be-

398 814 260 47 fattningarna
699 815 123 33 såsom
865 810 369 49 personalbyråchef,
1276 810 237 36 tulldirektör
1555 810 67 36 och
1657 809 344 47 kustbevaknings-

398 865 195 49 inspektör
631 863 91 36 böra
750 863 11 35 i
790 862 71 37 och
889 862 58 36 för
975 861 217 37 utförandet
1221 875 45 22 av
1296 861 194 48 åtskilliga
1517 861 244 49 nödvändiga
1789 860 212 37 förarbeten

399 917 59 36 för
486 919 248 45 övergången
762 915 56 35 till
848 914 70 36 den
947 927 75 35 nya
1050 914 310 48 organisationen
1390 913 174 36 tillsättas
1591 912 215 50 respektive
1829 912 95 49 fyra,
1945 916 57 31 tre

399 968 71 37 och
499 968 83 49 fyra
602 967 179 36 månader
801 966 81 36 före
902 966 227 48 tidpunkten
1149 965 59 36 för
1227 978 143 23 samma
1390 965 278 48 organisations
1689 963 312 46 ikraftträdande,

399 1020 79 36 dels
498 1020 71 35 ock
591 1019 188 46 förutsatt,
801 1023 55 31 att
874 1017 241 48 vederbörlig
1135 1017 244 48 tullpersonal
1401 1016 176 37 anställes
1599 1017 82 36 från
1702 1017 74 36 den
1793 1016 77 48 dag
1886 1015 117 36 under

401 1074 39 33 år
475 1073 111 44 1922,
615 1074 68 31 när
711 1069 257 35 frihamnarna
995 1069 12 34 i
1036 1067 198 49 Göteborg
1262 1068 70 35 och
1362 1068 138 35 Malmö
1530 1068 129 35 kunna
1687 1067 102 37 bliva
1818 1067 183 49 öppnade,

400 1122 119 49 enligt
559 1124 48 46 på
645 1121 58 36 sin
736 1120 54 36 tid
821 1119 262 48 föreliggande
1111 1119 196 48 uppgifter
1334 1118 160 48 tidigast
1522 1119 73 35 den
1627 1121 17 34 1
1676 1119 107 49 april.
1839 1118 73 36 Vid
1940 1118 62 36 be-

399 1174 193 36 räknande
629 1186 46 22 av
703 1172 45 36 de
776 1171 204 48 behövliga
1008 1171 162 46 medlen,
1200 1171 130 35 inalles
1360 1172 138 45 90,115
1528 1171 150 47 kronor,
1708 1171 97 36 hava
1834 1170 168 36 avlönin-

398 1239 120 36 garna
559 1224 64 36 vid
666 1224 45 36 de
748 1229 55 30 tre
833 1222 260 37 förstnämnda
1122 1222 131 49 slagen
1281 1222 260 48 befattningar
1569 1225 41 33 så
1638 1227 208 44 avpassats,
1875 1226 55 31 att
1957 1221 45 35 de

399 1277 174 48 bringats
602 1281 55 31 att
685 1279 321 32 överensstämma
1035 1274 84 36 med
1147 1274 273 49 avlöningarna
1440 1274 58 35 för
1517 1274 231 36 innehavare
1769 1287 46 22 av
1835 1278 167 31 närmast

398 1328 215 47 likvärdiga
641 1327 160 48 tjänster
829 1329 48 46 på
906 1339 49 22 nu
983 1326 178 47 gällande
1190 1331 84 31 stat.
1329 1325 75 36 För
1436 1325 46 36 de
1511 1325 215 49 föreslagna
1754 1326 210 48 tjänsterna
1982 1327 21 33 å

399 1380 236 48 tilläggsstat
664 1384 178 30 ävensom
873 1377 57 36 för
958 1377 259 36 innehavarna
1245 1390 45 23 av
1319 1377 194 37 desamma
1541 1377 70 36 och
1640 1377 11 36 i
1672 1377 215 36 succession
1908 1376 95 36 efter

400 1433 84 35 dem
513 1430 226 37 förordnade
759 1431 228 47 tjänstemän
1008 1442 110 23 anses
1138 1429 10 36 i
1170 1429 126 47 övrigt
1314 1428 180 37 liknande
1516 1428 487 49 avlöningsbestämmelser

400 1484 93 36 böra
529 1483 102 36 bliva
662 1482 119 36 under
813 1480 164 37 nämnda
1010 1483 40 33 år
1079 1480 176 49 gällande
1284 1493 80 24 som
1393 1480 12 36 i
1435 1480 108 49 fråga
1571 1494 60 23 om
1661 1480 46 37 de
1736 1483 20 33 å
1784 1479 218 37 tullverkets

400 1540 107 31 extra
548 1540 75 30 stat
664 1533 58 36 för
763 1536 40 33 år
839 1534 97 34 1922
966 1532 188 49 uppförda
1182 1532 158 49 tjänster
1369 1532 71 36 och
1469 1532 108 36 deras
1606 1532 230 36 innehavare
1866 1537 97 31 samt
1991 1531 11 35 i

400 1586 216 41 succession
645 1586 94 36 efter
768 1585 84 36 dem
882 1584 224 36 förordnade
1134 1584 240 49 tjänstemän.

530 1636 189 49 Slutligen
761 1637 68 35 har
870 1636 140 48 Kungl.
1054 1635 109 49 Maj:t
1203 1635 195 49 föreslagit
1434 1636 205 36 anvisande
1669 1638 20 33 å
1717 1636 285 47 tilläggsstaten

401 1703 45 23 av
487 1690 140 45 25,000
669 1689 140 36 kronor
842 1688 56 36 till
928 1686 261 49 förstärkning
1217 1701 45 22 av
1292 1687 173 48 anslaget
1492 1688 56 35 till
1577 1688 147 35 diverse
1751 1686 161 49 utgifter
1939 1686 62 35 vid

400 1741 203 36 tullverket
629 1740 75 41 för
740 1743 40 33 år
811 1741 110 34 1922.
976 1738 150 37 Medlen
1155 1738 119 36 skulle
1304 1739 191 36 användas
1525 1739 56 36 till
1610 1738 185 37 täckande
1825 1751 46 23 av
1901 1738 101 35 kost-

400 1792 122 37 naden
563 1792 57 36 för
648 1790 512 48 detektivundersökningar,
1189 1803 128 23 varom
1347 1791 414 48 generaltullstyrelsen
1789 1790 127 35 kunde
1939 1789 63 36 be-

400 1845 99 36 höva
526 1843 120 36 under
674 1846 39 33 år
742 1845 99 44 1922
871 1842 223 36 föranstalta
1123 1842 59 36 för
1209 1842 260 49 bekämpande
1499 1856 45 22 av
1574 1842 72 37 den
1674 1844 47 47 på
1750 1854 133 23 senare
1908 1840 95 36 tider

401 1896 170 36 alltmera
604 1894 359 48 överhandtagande
999 1893 283 49 smugglingen.
1339 1894 65 35 Ett
1433 1893 266 36 motsvarande
1726 1893 139 48 belopp
1885 1904 117 30 avses

402 1948 57 35 för
487 1948 102 35 förra
618 1946 171 36 halvåret
819 1947 110 34 1923.

528 1998 84 36 Den
641 2010 47 23 av
716 1997 144 48 Kungl.
891 1996 107 48 Maj:t
1027 1996 149 49 slutligt
1204 1995 212 50 framlagda
1445 1996 283 49 tilläggsstaten
1758 1997 57 35 för
1843 1998 40 34 år
1905 1997 96 34 1922

402 2050 118 37 slutar
564 2049 159 37 sålunda
755 2052 48 46 på
831 2053 53 32 ett
914 2048 136 49 belopp
1080 2061 48 23 av
1159 2049 162 46 231,115
1351 2048 149 36 kronor.
1557 2048 113 36 Detta
1698 2048 138 49 belopp
1864 2047 137 36 under-

401 2102 118 48 stiger
555 2101 86 36 med
671 2102 111 46 3,685
812 2100 140 36 kronor
979 2100 73 36 vad
1081 2100 59 36 för
1169 2100 202 36 tullverket
1398 2100 132 36 inalles
1558 2099 203 37 beräknats
1789 2100 12 35 i
1829 2098 173 49 tilläggs-

401 2159 122 31 staten
553 2153 57 36 till
637 2152 204 37 riksstaten
872 2152 58 36 för
958 2154 39 34 år
1027 2153 97 35 1922
1155 2151 120 37 under
1303 2151 134 49 sjunde
1465 2151 251 37 huvudtiteln.
