2216 2620
420 160 41 31 62
817 162 292 35 Statsutskottets
1140 165 187 33 utlåtande
1359 167 52 31 Nr
1440 168 74 31 116.

897 242 230 48 tjänsteman
1168 242 65 37 vid
1275 244 204 48 tullstaten,
1513 245 227 38 tillhörande
1771 249 126 46 någon
1927 261 44 23 av

770 295 99 34 1—8
890 294 275 49 lönegraderna
1194 295 123 48 enligt
1344 296 208 48 avdelning
1579 297 29 36 B
1638 298 89 37 eller
1755 300 96 34 1—5
1871 299 102 37 löne-

768 345 187 48 graderna
993 346 117 49 enligt
1147 346 208 49 avdelning
1389 347 29 37 C
1447 348 12 36 i
1488 349 61 46 98
1569 362 46 23 av
1643 350 329 48 avlöningsregle-

768 403 154 41 mentet,
951 400 61 33 må
1036 398 146 48 jämväl
1210 398 11 36 i
1251 398 117 37 andra
1396 399 65 37 fall
1490 404 48 32 än
1566 399 64 37 vid
1658 401 119 37 skada
1806 401 53 37 till
1880 401 93 50 följd

770 462 45 22 av
852 448 200 49 olycksfall
1080 449 11 36 i
1120 449 181 48 tjänsten,
1339 451 120 49 enligt
1488 466 46 22 av
1562 452 140 48 Kungl.
1735 453 108 48 Maj:t
1871 454 102 36 med-

771 500 131 37 delade
930 505 171 33 närmare
1125 501 301 49 bestämmelser,
1447 504 143 36 erhålla
1609 504 225 48 erforderlig
1853 505 121 36 läkar-

770 552 91 36 vård
894 552 121 49 jämte
1052 552 210 37 läkemedel
1299 556 47 47 på
1375 554 221 38 tullverkets
1625 555 222 48 bekostnad,
1877 556 97 37 dock

770 610 53 30 att
849 604 93 36 vård
972 607 20 33 å
1020 605 172 49 sjukhus,
1223 606 232 36 sanatorium
1484 607 90 36 eller
1593 621 127 23 annan
1740 607 104 50 dylik
1863 608 110 36 vård-

772 656 140 36 anstalt
948 655 83 38 icke
1067 659 60 34 må
1165 657 63 36 vid
1257 657 134 37 sådant
1419 658 264 48 sjukdomsfall
1712 659 186 49 bestridas
1929 673 46 23 av

770 708 219 37 tullverkets
1017 708 121 37 medel
1166 709 121 36 under
1315 709 66 47 tid,
1411 710 46 36 då
1485 710 303 47 tjänstemannen
1810 712 165 48 åtnjuter

773 759 205 37 oavkortad
1007 760 78 44 lön;

900 811 241 48 tjänsteman,
1172 825 82 22 som
1285 812 229 37 omedelbart
1542 813 81 37 före
1649 813 324 50 avlöningsregle-

773 868 160 31 mentets
971 862 301 38 ikraftträdande
1311 863 57 37 för
1404 865 204 37 tullverket
1644 865 131 37 tillhör
1802 866 172 48 general-

771 914 277 50 tullstyrelsens
1076 915 191 37 ordinarie
1292 916 290 50 vaktbetjäning
1602 918 66 36 och
1691 918 10 36 i
1723 916 116 38 sådan
1858 930 116 36 egen-

772 966 94 51 skap
903 972 93 44 äger
1034 967 145 48 åtnjuta
1207 967 198 37 läkarvård
1430 969 121 48 jämte
1578 969 209 37 läkemedel
1815 972 47 46 på
1890 970 85 35 tull-

769 1019 152 36 verkets
957 1018 221 47 bekostnad,
1218 1022 73 44 må,
1317 1022 41 33 så
1394 1020 113 48 länge
1535 1021 75 35 han
1638 1022 172 35 kvarstår
1838 1021 11 35 i
1877 1021 98 36 ordi-

772 1070 104 35 narie
906 1069 117 48 tjänst
1051 1069 102 36 inom
1182 1071 206 47 styrelsens
1418 1071 304 49 vaktbetjäning,
1753 1075 121 33 såsom
1896 1085 79 36 per-

772 1121 125 49 sonlig
935 1120 147 37 förmån
1116 1121 271 50 tillgodonjuta
1430 1123 197 49 enahanda
1667 1127 76 32 rätt
1786 1123 53 36 till
1876 1124 98 36 kost-

772 1173 142 36 nadsfri
943 1172 199 37 läkarvård
1157 1173 121 48 jämte
1296 1173 219 48 läkemedel,
1537 1188 92 33 som,
1642 1175 132 48 enligt
1792 1175 72 36 vad
1884 1188 90 36 nyss

775 1230 163 42 nämnts,
955 1224 230 36 tillkommer
1199 1224 103 37 vissa
1312 1225 236 48 tjänstemän
1559 1226 62 36 vid
1633 1227 215 45 tullstaten;
1878 1232 98 31 samt

904 1277 145 47 anslag,
1080 1288 81 24 som
1189 1276 64 37 vid
1282 1276 102 37 vissa
1411 1278 159 48 tjänster
1598 1277 187 37 erfordras
1815 1278 55 36 till
1889 1279 87 48 lega

772 1350 50 5 —
849 1350 49 5 —
925 1349 52 5 —
1005 1328 95 35 skall
1128 1327 162 46 hållas
1254 1323 41 54 ;»

501 1536 46 39 E.
602 1536 240 37 Beträffande
889 1536 285 36 föreståndaren
1218 1535 58 36 för
1305 1536 433 49 generaltullstyrelsens
1767 1536 209 37 statistiska

375 1590 217 48 avdelning,

504 1707 47 23 av
592 1693 130 36 herrar
763 1693 45 34 ÅA.
850 1693 193 35 Anderson
1084 1692 10 35 i
1133 1691 177 47 Råstock,
1353 1694 47 34 K.
1441 1693 40 35 V.
1524 1693 139 45 Rydén,
1708 1693 37 34 J.
1781 1693 196 36 Jönsson
1957 1687 25 55 i

374 1745 185 49 Revinge,
600 1745 45 35 4.
688 1745 46 35 E.
779 1744 210 46 Ljungberg
1030 1743 69 36 och
1136 1744 43 34 B.
1224 1744 111 35 F:son
1372 1745 209 43 Holmgren,
1617 1743 101 36 vilka
1761 1748 133 42 ansett,
1924 1749 52 31 att

374 1795 289 51 ifrågavarande
691 1795 260 37 föreståndare
993 1795 11 36 i
1042 1795 168 48 enlighet
1239 1794 84 37 med
1352 1795 142 48 Kungl.
1525 1795 125 49 Maj:ts
1685 1795 146 48 förslag
1861 1795 117 36 borde

375 1848 162 37 tilldelas
578 1847 186 49 ställning
797 1849 124 35 såsom
957 1847 112 36 »chef
1102 1847 57 36 för
1201 1846 212 37 statistiska
1441 1846 272 49 avdelningen»
1744 1846 26 48 (1
1802 1848 44 35 16
1875 1847 102 36 löne-

375 1899 157 49 graden)
574 1899 13 36 i
628 1898 129 48 stället
798 1899 58 36 för
883 1899 139 36 »första
1057 1898 192 36 aktuarie»
1282 1897 24 48 (i
1338 1899 45 35 15
1412 1898 256 48 lönegraden),

504 1956 98 32 samt
645 1955 54 31 att
728 1950 102 49 förty
858 1950 17 35 I
904 1949 46 49 c),
979 1949 30 49 f)
1039 1949 68 37 och
1136 1949 40 49 g)
1204 1949 86 36 bort
1319 1949 95 36 hava
1442 1949 166 49 följande
1635 1950 160 48 lydelse:

909 2053 57 49 »c)
996 2053 156 47 besluta,
1184 2058 54 31 att
1268 2053 139 36 antalet
1430 2052 189 37 ordinarie
1639 2053 257 49 befattningar
1915 2053 63 37 vid

778 2105 203 37 tullverket
1004 2106 117 48 jämte
1150 2105 46 37 de
1225 2105 59 36 för
1303 2104 282 37 vederbörande
1604 2104 375 50 befattningshavare

778 2157 165 37 avsedda
985 2157 223 49 lönegrader
1249 2156 120 48 enligt
1409 2156 73 36 den
1519 2157 11 35 i
1560 2158 20 34 9
1622 2156 21 49 &
1685 2170 46 23 av
1761 2156 217 50 avlönings-

779 2210 250 47 reglementet
1058 2209 158 48 intagna
1245 2208 178 48 löneplan
1452 2208 97 36 skall
1578 2208 229 37 bestämmas
1835 2211 47 47 på
1911 2208 68 36 föl-

774 2261 117 48 jande
919 2265 89 32 sätt:
