2218 2622
690 161 292 34 Statsutskottets
1004 159 187 34 utlåtande
1212 159 52 33 Nr
1290 159 71 30 116.
1752 156 37 30 351

636 240 203 37 Pensioner
867 234 15 57 =
907 239 54 35 till
1030 238 151 36 avlidna

682 292 252 48 tjänstemäns
963 290 118 36 änkor
1109 289 67 37 och
1394 321 11 11 .

683 344 107 47 barn,
813 343 334 44 förslagsanslag
1175 372 4 4 .....
1210 340 53 36 kr.
1364 341 135 46 12,500

633 394 244 49 Gottgörelse
896 393 56 36 till
967 393 213 36 tullstatens

684 445 173 37 enskilda
872 445 307 48 pensionsinrätt-

684 497 95 48 ning
791 497 58 36 för
860 496 159 36 mistade
1029 496 152 35 andelar

685 562 46 22 av
748 547 182 48 avlöning
943 546 61 36 vid
1016 546 163 36 vakanta

684 599 160 48 tjänster
880 630 2 4 =.
937 629 146 12 soeeeov
1172 629 4 3 oc
1389 597 111 44 6,500
1531 604 52 35 kr.
1658 602 176 47 219,000.

1063 708 31 26 D.
1133 707 275 28 Omkostnadsstat.

633 780 217 37 Kostnader
870 781 57 35 för
943 779 237 37 avdömande

685 846 47 22 av
769 832 155 47 tullmål,
952 832 229 45 förslagsan-

684 886 78 43 Slåg
803 914 191 5 mere
1025 913 133 5 serennar
1213 882 53 35 KT-
1389 881 112 46 9,150

634 934 294 37 Resekostnads-
949 934 71 35 och
1039 934 142 35 trakta-

687 985 381 48 mentsersättningar
1132 998 47 22 m.

685 1051 63 34 m.,
774 1038 296 45 förslagsanslag
1092 1068 87 4 .......
1230 1048 17 23 »
1363 1035 138 46 40,000

635 1089 178 49 Hemliga
841 1089 339 49 utgifter...
1231 1100 18 23 »
1390 1087 112 46 3,000

636 1133 143 57 Övriga
798 1141 205 36 kostnader
1023 1141 59 36 för
1097 1140 85 36 tull-

686 1193 143 47 verket,
853 1193 327 45 förslagsanslag...
1231 1204 17 22 »
1301 1190 201 48 1,096,960
1531 1197 54 36 kr.
1624 1197 213 46 1,149,110.

1033 1255 157 51 Summa
1211 1269 291 46 förslagsanslag
1531 1266 55 36 kr.
1624 1266 215 46 7,557,598;

765 1374 39 49 g)
832 1374 210 36 bestämma
1070 1372 63 37 det
1157 1371 189 38 ordinarie
1370 1371 172 47 anslaget
1561 1370 58 35 för
1639 1368 203 37 tullverket

637 1427 58 36 för
723 1426 104 37 tiden
858 1427 17 34 1
903 1425 254 49 januari—30
1182 1424 85 49 juni
1305 1425 97 35 1923
1431 1422 56 37 till
1515 1427 53 31 ett
1602 1426 78 31 mot
1700 1425 143 31 statens

637 1479 225 36 slutsumma
903 1477 186 37 svarande
1129 1476 139 49 belopp
1311 1489 47 22 av
1389 1475 201 47 7,557,598
1619 1473 140 35 kronor
1789 1476 54 31 att

638 1533 123 34 såsom
791 1529 302 49 förslagsanslag
1121 1528 125 36 direkt
1273 1529 92 47 utgå
1394 1540 45 23 av
1466 1525 208 44 tullmedel;

768 1582 37 49 h)
844 1581 157 46 besluta,
1045 1585 55 32 att
1141 1583 124 34 såsom
1308 1578 275 49 förutsättning
1621 1577 57 36 för
1711 1575 132 37 ikraft-

637 1634 183 36 trädande
862 1634 72 36 den
979 1635 16 34 1
1032 1632 151 49 januari
1228 1633 97 35 1923
1355 1644 46 23 av
1430 1630 70 36 den
1530 1642 74 36 nya
1633 1627 211 47 avlönings-

639 1691 122 32 staten
807 1686 59 35 för
910 1685 195 36 tullstaten
1151 1683 97 37 skall
1294 1682 114 50 gälla,
1456 1687 53 31 att
1549 1680 143 48 Kungl.
1737 1679 108 48 Maj:t

640 1738 264 36 dessförinnan
942 1736 192 37 meddelar
1170 1735 84 37 från
1292 1734 70 37 och
1404 1734 84 36 med
1517 1732 121 50 sagda
1666 1731 76 49 dag
1769 1730 75 36 till-

638 1790 158 49 lämplig
837 1788 195 37 föreskrift
1073 1787 142 44 därom,
1259 1791 55 32 att
1355 1785 177 49 samtliga
1567 1784 83 48 slag
1684 1796 46 23 av
1759 1782 85 36 tull-

639 1842 232 48 tjänstemän
892 1840 286 36 tillkommande
1198 1844 107 31 extra
1324 1838 208 36 inkomster
1548 1835 85 37 med
1648 1835 197 47 undantag

641 1907 45 23 av
706 1906 28 23 8.
756 1893 34 36 k,
814 1891 333 50 beslagarandelar
1167 1891 106 36 skola
1292 1889 174 50 upphöra
1485 1894 54 30 att
1558 1888 57 36 till
1634 1887 85 36 dem
1735 1888 109 46 utgå;

769 1944 26 49 i)
825 1944 178 47 förklara,
1047 1948 54 32 att
1132 1945 124 34 såsom
1285 1941 288 49 kompensation
1602 1940 58 35 för
1689 1937 157 38 sålunda

640 1997 188 48 indragna
856 2002 106 31 extra
990 1996 210 36 inkomster
1222 1994 96 37 skall
1339 1996 37 34 åt
1395 1992 187 37 ordinarie
1602 1991 243 49 tjänsteman,

640 2061 82 24 som
742 2048 180 49 uppföres
943 2050 20 34 å
983 2048 72 36 den
1075 2047 86 36 med
1185 2048 97 34 1923
1303 2048 60 34 års
1382 2045 146 48 ingång
1547 2041 300 38 ikraftträdande

642 2100 188 37 ordinarie
858 2100 330 48 avlöningsstaten
1216 2098 71 36 och
1309 2097 147 36 vilkens
1477 2094 286 49 sammanlagda
1784 2106 62 23 av-

640 2153 147 47 löning,
808 2151 167 49 tillfällig
994 2150 321 48 löneförbättring
1334 2148 71 37 och
1420 2147 185 49 tillfälligt
1619 2145 229 49 lönetillägg

642 2204 80 36 däri
750 2203 239 50 inbegripna,
1019 2203 11 36 i
1059 2201 177 38 medeltal
1264 2201 121 36 under
1412 2203 89 33 åren
1531 2200 94 35 1921
1658 2198 70 36 och
1750 2198 97 35 1922

637 2257 120 49 jämte
786 2256 120 36 under
936 2268 146 24 samma
1110 2254 53 36 tid
1193 2255 11 35 i
1233 2252 176 37 medeltal
1438 2250 201 51 uppburna
1668 2256 105 30 extra
1792 2249 56 35 in-
