2182 2620
167 248 175 32 Kompensa-

196 283 62 25 tion
277 283 44 25 för

190 318 128 31 sportler.

421 162 41 32 34
867 160 294 34 Statsutskottets
1181 158 187 33 utlåtande
1389 159 53 31 Nr
1467 157 72 32 116.

505 239 96 37 Lika
629 239 84 36 med
740 237 145 49 Kungl.
915 236 107 49 Maj:t
1059 248 111 24 anser
1206 235 197 47 utskottet,
1434 240 53 31 att
1514 233 282 39 vederbörande
1825 234 155 48 tjänste-

378 297 87 31 män
492 291 92 37 böra
612 290 154 37 beredas
795 302 47 24 en
870 287 206 38 successivt
1104 286 250 38 bortfallande
1382 287 214 47 ersättning
1615 287 60 37 för
1693 285 71 37 vad
1785 285 46 36 de
1851 285 129 36 kunna

376 343 186 37 beräknas
602 342 139 37 förlora
781 354 140 36 genom
963 338 253 51 nyssberörda
1256 338 234 49 indragning
1532 351 46 23 av
1620 343 106 31 extra
1757 337 220 36 inkomster.

375 394 220 37 Emellertid
639 394 68 35 har
748 392 184 37 utskottet
973 390 365 50 uppmärksammat,
1382 396 54 31 att
1478 403 45 24 en
1558 389 183 37 avsevärd
1770 388 60 37 del
1859 401 46 23 av
1933 388 46 36 de

376 453 103 29 extra
514 446 222 46 inkomster,
765 445 59 36 för
851 444 103 36 vilka
981 442 290 49 kompensation
1299 442 160 37 sålunda
1487 440 306 50 ifrågakommer,
1822 444 158 44 utgöres

377 510 47 24 av
452 497 214 48 ersättning
695 497 57 36 för
782 493 376 52 tjänsteförrättning
1186 496 21 33 å
1235 506 29 23 s.
1294 493 36 36 k.
1360 494 159 36 övertid.
1575 493 56 36 Då
1660 491 201 37 framdeles
1890 491 89 36 flera

376 562 48 24 av
452 549 46 36 de
525 548 244 49 tjänstemän,
800 560 81 24 som
911 546 119 37 skulle
1059 546 102 36 bliva
1190 545 238 48 berättigade
1453 545 55 36 till
1527 544 303 50 kompensation,
1851 543 129 36 kunna

376 601 194 37 förväntas
611 601 152 36 komma
804 604 55 31 att
901 597 232 38 fortfarande
1174 597 158 36 förrätta
1374 596 262 49 tjänstgöring
1664 598 20 34 å
1712 595 145 37 övertid
1892 607 86 23 men

376 653 128 36 därför
532 653 140 36 erhålla
698 651 235 49 gottgörelse
961 650 119 48 enligt
1108 648 194 37 bestämda
1320 648 170 49 grunder
1510 648 180 48 antingen
1710 648 161 35 kontant
1892 646 89 37 eller

375 705 11 35 i
416 705 98 35 form
544 718 46 21 av
618 702 268 38 motsvarande
914 701 168 49 ledighet
1111 703 20 33 å
1159 700 147 37 normal
1334 699 351 49 tjänstgöringstid,
1706 698 193 37 förefaller
1917 698 63 36 det

375 756 187 36 utskottet
589 755 165 45 rättvist,
785 759 53 31 att
867 754 69 35 den
967 752 178 37 blivande
1173 751 338 49 kompensationen
1541 751 59 36 för
1619 751 171 48 sportler,
1811 750 169 36 erhållna

375 820 140 35 genom
557 805 442 48 övertidstjänstgöring,
1041 803 84 36 icke
1167 804 58 35 för
1253 803 45 36 de
1327 803 175 48 åsyftade
1534 803 306 48 tjänstemännen
1868 803 112 46 utgår

376 858 84 36 med
489 858 92 36 fulla
608 857 179 49 beloppet
814 870 48 23 av
889 856 72 36 vad
990 869 80 23 som
1101 855 86 36 med
1216 855 248 48 tillämpning
1493 868 45 22 av
1559 854 63 36 det
1641 867 47 23 av
1708 852 141 49 Kungl.
1871 851 109 49 Maj:t

376 909 219 49 föreslagna
624 909 313 49 beräkningssätt
965 907 123 36 skolat
1115 906 211 37 tillkomma
1355 906 97 37 dem.
1508 906 57 36 En
1593 906 85 35 fullt
1706 904 112 37 exakt
1846 904 133 37 beräk-

376 963 96 46 ning
514 975 46 22 av
600 960 445 49 reduceringsbeloppets
1088 958 142 37 storlek
1258 958 93 37 låter
1380 959 62 47 sig
1471 958 174 49 tydligen
1674 957 83 36 icke
1785 961 107 44 göra,
1923 956 57 36 för

376 1016 41 33 så
458 1013 72 36 vitt
570 1018 53 31 ett
665 1013 57 35 för
763 1012 307 49 tjänstemännen
1111 1010 163 48 olägligt
1302 1010 178 49 uppskov
1507 1010 85 36 med
1621 1008 359 49 kompensationens

375 1064 286 37 bestämmande
704 1064 70 35 och
814 1062 252 47 utbetalning,
1109 1062 99 35 intill
1251 1061 83 36 dess
1377 1061 72 35 den
1479 1075 73 34 nya
1581 1060 311 48 organisationen
1921 1059 59 36 för

376 1115 204 37 tullverket
620 1115 98 36 varit
745 1115 12 35 i
784 1114 102 36 kraft
926 1113 118 36 under
1080 1113 231 35 åtminstone
1339 1117 53 31 ett
1421 1115 51 44 år,
1502 1112 94 35 skall
1626 1112 128 35 kunna
1781 1110 197 37 undvikas.

377 1167 193 38 Utskottet
611 1167 68 36 har
720 1165 127 37 därför
888 1166 99 35 varit
1021 1164 176 36 hänvisat
1227 1163 55 36 till
1309 1168 55 32 att
1393 1164 93 36 söka
1513 1163 145 36 utfinna
1687 1176 47 23 en
1761 1161 220 49 ungefärlig

376 1224 236 44 procentsats
655 1219 58 36 för
753 1218 62 36 det
856 1217 158 48 avdrag,
1042 1216 120 36 vilket
1190 1221 212 36 motsvarar
1431 1215 73 36 den
1533 1215 193 48 egentliga
1755 1214 185 36 förlusten
1968 1214 12 35 i

376 1271 214 47 ersättning
601 1270 57 36 för
670 1270 139 36 sådana
821 1267 418 50 tjänsteförrättningar
1250 1270 20 33 å
1281 1266 159 48 övertid,
1453 1280 79 23 som
1545 1266 190 49 vanligast
1746 1265 234 37 förekomma

377 1323 58 35 för
461 1322 214 49 respektive
698 1321 242 49 tjänstemän.
984 1319 140 37 Därvid
1152 1319 68 36 har
1247 1319 188 36 utskottet
1461 1318 158 36 kommit
1647 1318 55 36 till
1729 1318 63 36 det
1810 1318 169 45 resultat,

377 1380 55 30 att
460 1374 73 36 den
561 1373 222 48 minskning
810 1372 12 35 i
850 1371 392 47 övertidsersättning,
1272 1383 80 24 som
1382 1373 48 46 på
1449 1370 104 36 detta
1573 1375 75 31 sätt
1668 1369 120 36 skulle
1808 1369 173 36 åsamkas

378 1426 302 47 tjänstemännen
708 1424 62 36 vid
800 1426 244 46 övergången
1073 1423 56 35 till
1160 1422 201 36 förändrad
1391 1421 273 49 organisation,
1693 1422 73 35 kan
1787 1433 109 24 anses
1916 1420 63 36 be-

376 1477 88 49 löpa
493 1477 60 48 sig
580 1477 56 35 till
669 1478 43 34 15
742 1480 156 45 procent
927 1475 58 36 för
1012 1474 341 36 kammarskrivare
1382 1474 71 36 och
1481 1475 49 35 40
1557 1479 155 43 procent
1740 1473 58 35 för
1826 1473 155 48 tjänste-

378 1533 86 32 män
493 1528 13 36 i
534 1529 105 48 lägre
668 1528 192 48 ställning.
916 1526 145 36 Endast
1089 1526 59 36 för
1176 1526 149 49 belopp,
1354 1539 81 23 som
1466 1531 186 30 motsvara
1680 1524 122 36 denna
1821 1536 159 36 procen-

378 1580 113 36 tuella
519 1580 231 48 minskning,
778 1579 106 36 torde
913 1578 143 36 således
1086 1577 290 49 kompensation
1408 1576 88 37 böra
1523 1577 57 36 för
1600 1577 110 35 dessa
1728 1576 252 48 befattnings-

378 1632 138 36 havare
556 1634 105 46 utgå,
695 1632 12 35 i
740 1631 71 36 vad
847 1630 46 36 de
925 1629 198 50 upphörda
1161 1635 107 31 extra
1306 1629 262 36 inkomsterna
1596 1628 145 48 utgjort
1769 1627 212 48 ersättning

378 1683 60 37 för
466 1683 257 49 tjänstgöring
751 1685 21 34 å
799 1681 159 37 övertid.

508 1735 17 36 I
554 1735 62 36 det
645 1733 295 50 anslagsbelopp
970 1736 20 33 å
1020 1734 138 51 73,500
1199 1732 151 47 kronor,
1390 1745 81 23 som
1500 1732 12 36 i
1540 1732 141 48 Kungl.
1721 1731 126 49 Maj:ts
1886 1736 93 31 stat-

380 1787 144 47 förslag
552 1786 202 36 beräknats
782 1785 57 36 till
867 1785 219 50 personliga
1113 1784 226 48 lönetillägg
1367 1789 99 31 samt
1485 1783 213 49 ersättning
1717 1784 59 35 för
1793 1783 188 47 indragna

379 1843 106 31 extra
513 1838 209 36 inkomster
749 1851 48 22 m.
828 1850 62 34 m.,
920 1837 110 48 ingår
1059 1835 485 51 sportelkompensationen
1565 1835 85 36 med
1671 1835 137 47 20,000
1829 1834 149 36 kronor.

380 1889 261 49 Nyssberörda
682 1888 282 49 inskränkning
992 1888 12 36 i
1032 1893 124 31 rätten
1198 1888 56 35 till
1295 1887 292 48 kompensation
1623 1886 106 36 torde
1757 1886 91 36 böra
1876 1885 103 37 med-

379 1941 82 36 föra
488 1954 47 23 en
564 1940 223 48 minskning
816 1953 47 22 av
892 1939 232 36 sistnämnda
1151 1939 138 48 belopp
1318 1939 86 35 med
1434 1939 113 45 5,000
1575 1938 152 46 kronor,
1757 1937 221 49 varigenom

380 1992 332 49 anslagsbeloppet
741 1995 20 32 å
792 1992 138 46 73,500
959 1991 140 36 kronor
1126 1990 231 48 nedbringas
1386 1990 58 36 till
1474 1991 138 45 68,500
1641 1989 149 36 kronor.

507 2044 132 47 Enligt
680 2043 140 48 Kungl.
864 2042 127 49 Maj:ts
1020 2042 144 48 förslag
1193 2042 119 36 skulle
1339 2041 63 37 vid
1431 2041 240 36 beräknande
1700 2054 46 23 av
1773 2040 205 49 sportelbe-

379 2095 166 49 rättigad
573 2096 247 48 tjänstemans
849 2095 165 35 inkomst
1043 2108 45 22 av
1118 2094 60 35 sin
1207 2093 214 48 befattning
1450 2093 147 49 hänsyn
1626 2098 110 42 tagas
1765 2092 55 36 till
1839 2092 140 36 medel-

379 2147 92 36 talet
501 2160 46 23 av
575 2147 229 49 sportlernas
832 2146 138 49 belopp
999 2146 120 36 under
1148 2148 88 33 åren
1267 2147 96 34 1921
1394 2144 71 37 och
1497 2146 108 34 1922.
1658 2144 128 37 Under
1816 2143 164 50 tidigare

379 2201 41 33 år
446 2198 201 50 uppburna
688 2199 161 48 sportler
890 2198 115 36 borde
1033 2197 145 36 således
1208 2197 82 36 icke
1317 2197 36 36 få
1381 2201 115 31 utöva
1522 2196 184 36 inverkan
1734 2199 48 45 på
1809 2195 72 37 den
1911 2196 69 35 bli-

379 2251 121 36 vande
529 2249 493 50 sportelkompensationen.
1065 2249 135 36 Denna
1228 2248 235 49 ståndpunkt
1492 2261 112 35 synes
1637 2247 188 37 utskottet
1848 2247 130 48 riktig.
