2186 2620
419 165 19 30 2
836 165 293 32 Statsutskottets
1150 164 186 33 utlåtande
1357 165 53 32 Nr
1435 165 72 32 116.

377 243 162 44 116,000
580 242 155 45 kronor;
778 242 79 36 dels
885 241 133 50 (punkt
1047 241 36 49 7)
1114 241 58 36 för
1199 241 147 48 ökning
1374 255 47 22 av
1449 242 318 36 arbetskrafterna
1795 242 64 36 vid
1888 242 85 36 tull-

374 293 130 37 verket
532 296 20 33 å
580 294 235 48 tilläggsstat
856 294 58 35 för
950 296 40 33 år
1033 295 96 34 1922
1160 295 123 34 såsom
1312 293 313 49 förslagsanslag,
1655 294 123 51 högst,
1808 293 165 37 beräkna

374 350 52 31 ett
468 345 135 49 belopp
646 359 46 22 av
733 347 139 45 93,800
913 345 154 44 kronor;
1111 344 79 36 dels
1232 344 69 36 ock
1342 344 135 49 (punkt
1506 344 36 49 8)
1572 345 57 35 till
1657 345 242 36 bestridande
1928 358 45 23 av

375 396 147 37 diverse
549 397 161 48 utgifter
737 397 61 36 vid
827 396 201 37 tullverket
1056 399 20 33 å
1104 396 232 48 tilläggsstat
1364 396 58 36 för
1449 399 40 33 år
1521 398 97 34 1922
1647 399 123 34 såsom
1795 396 179 49 förslags-

375 448 147 48 anslag,
552 448 128 48 högst,
711 448 165 37 beräkna
904 454 53 30 ett
985 447 136 50 belopp
1151 460 46 23 av
1227 448 138 46 25,000
1393 448 150 36 kronor.
1610 472 4 6 -

504 498 221 52 Sedermera
766 501 68 35 har
875 500 138 48 Kungl.
1053 499 110 48 Maj:t
1190 498 11 36 i
1230 512 46 23 en
1312 499 57 35 till
1396 499 207 48 riksdagen
1632 499 161 48 avlåten,
1823 499 72 36 den
1927 502 43 33 17

376 551 162 37 februari
582 554 97 34 1922
722 551 234 50 dagtecknad
994 550 234 49 proposition
1268 549 59 50 (nr
1356 550 74 49 89),
1459 551 127 36 vilken
1615 551 59 36 för
1703 550 270 37 förberedande

373 603 235 49 behandling
649 603 194 37 hänvisats
884 603 56 36 till
981 602 291 44 statsutskottet,
1315 602 118 37 under
1471 602 238 49 åberopande
1747 616 46 22 av
1821 602 63 36 det
1910 602 63 36 vid

373 655 286 50 propositionen
696 655 139 49 fogade
864 653 413 50 statsrådsprotokollet
1306 658 91 32 över
1424 654 291 36 finansärenden
1744 655 59 36 för
1831 667 143 23 samma

376 707 85 47 dag,
491 707 199 48 föreslagit
716 707 205 48 riksdagen
949 711 55 32 att

504 760 75 34 dels
619 758 159 47 besluta,
820 763 55 31 att
916 757 451 48 avlöningsreglementet
1410 757 57 36 för
1503 756 379 50 befattningshavare
1910 757 63 36 vid

375 809 360 49 statsdepartement
776 810 69 35 och
886 809 101 36 vissa
1023 808 118 36 andra
1173 808 103 47 verk,
1305 808 229 36 tillhörande
1563 808 73 36 den
1665 808 110 36 civila
1804 808 169 37 statsför-

374 860 234 49 valtningen,
639 861 73 36 den
741 863 46 33 22
812 860 85 49 juni
928 862 94 35 1921
1054 860 58 48 (nr
1141 859 88 48 451)
1256 860 97 36 skall
1382 859 82 37 från
1493 860 71 36 och
1586 860 86 36 med
1692 860 72 36 den
1786 861 16 34 1
1821 860 153 48 januari

378 914 96 35 1923
517 917 72 44 äga
629 912 245 50 tillämpning
910 915 20 33 å
966 911 377 49 befattningshavare
1369 911 63 36 vid
1460 911 415 49 generaltullstyrelsen
1904 911 69 36 och

375 964 210 45 tullstaten;

504 1018 75 34 dels
607 1016 158 47 besluta,
796 1021 53 31 att
879 1017 21 34 5
938 1016 10 48 &
988 1018 7 33 1
1027 1028 114 23 mom.
1172 1029 46 22 av
1242 1015 163 36 nämnda
1426 1015 435 48 avlöningsreglemente
1880 1015 94 36 skall

376 1067 82 36 från
486 1067 69 37 och
585 1068 84 35 med
698 1067 69 36 den
801 1069 17 33 1
845 1067 152 47 januari
1029 1068 96 34 1923
1156 1066 95 36 hava
1280 1065 166 49 följande
1473 1067 166 35 ändrade
1666 1066 154 49 lydelse:

503 1120 58 34 »1.
616 1118 76 36 För
728 1118 167 48 följande
924 1117 267 49 befattningar,
1221 1117 101 35 vilka
1349 1117 178 36 tillsättas
1555 1129 139 35 genom
1723 1117 251 36 förordnande

376 1173 48 47 på
470 1170 78 36 viss
594 1170 66 46 tid,
707 1170 192 48 nämligen
941 1169 356 49 generaldirektörs-
1339 1168 71 36 och
1449 1168 419 49 chefsbefattningarna
1908 1169 64 35 vid

376 1221 316 50 socialstyrelsen,
735 1220 401 49 medicinalstyrelsen,
1174 1220 394 49 byggnadsstyrelsen
1601 1220 72 36 och
1701 1220 272 37 kommerskol-

376 1273 142 48 legium
547 1279 181 30 ävensom
757 1272 423 50 generaltulldirektörs-
1200 1271 70 37 och
1290 1271 372 49 chefsbefattningen
1680 1271 61 37 vid
1763 1272 209 47 tullverket,

375 1328 111 45 utgår
527 1326 143 45 arvode,
708 1325 57 35 för
802 1327 39 33 år
868 1324 145 47 räknat,
1042 1324 85 36 med
1159 1324 135 46 19,000
1323 1323 150 36 kronor.
1530 1323 73 36 För
1630 1323 344 49 kustbevaknings-

375 1376 483 50 inspektörsbefattningen
898 1376 62 35 vid
1002 1375 216 44 tullverket,
1260 1374 128 37 vilken
1429 1375 218 48 befattning
1682 1375 180 36 likaledes
1900 1374 73 37 till-

376 1432 115 32 sättes
519 1441 139 35 genom
688 1427 250 37 förordnande
966 1430 47 46 på
1040 1426 78 37 viss
1148 1427 65 47 tid,
1242 1429 114 45 utgår
1383 1426 152 47 arvode,
1565 1426 58 36 för
1652 1429 40 33 år
1715 1426 145 47 räknat,
1890 1426 83 37 med

379 1481 137 45 10,000
544 1479 175 45 kronor»;

504 1532 75 36 dels
607 1531 158 47 besluta,
794 1536 56 31 att
877 1530 140 36 antalet
1045 1530 187 36 ordinarie
1259 1529 259 49 befattningar
1545 1530 63 35 vid
1637 1530 199 36 tullverket
1860 1530 114 48 jämte

375 1583 45 36 de
461 1582 59 36 för
557 1582 282 37 vederbörande
894 1582 351 49 befattningshavare
1272 1581 165 36 avsedda
1463 1581 226 49 lönegrader
1717 1581 118 48 enligt
1863 1581 71 36 den
1961 1581 12 35 i

376 1636 21 34 9
427 1633 20 50 8&
491 1648 45 22 av
574 1634 451 48 avlöningsreglementet
1051 1635 161 46 intagna
1239 1633 176 49 löneplan
1444 1633 96 36 skall
1570 1633 227 36 bestämmas
1826 1636 48 46 på
1903 1633 69 35 föl-

371 1686 117 48 jande
518 1690 89 31 sätt:
