2232 2608
431 204 18 28 4
596 199 117 32 Andra
737 199 199 31 kammarens
955 198 141 39 fjärde
1119 194 170 43 tillfälliga
1312 197 132 31 utskotts
1467 197 167 31 utlåtande
1656 197 52 30 Nr
1730 201 28 27 8.

1781 330 127 38 Bilaga.

1395 418 188 31 Stockholm
1598 417 62 32 den
1678 417 18 30 3
1713 426 89 22 mars
1820 416 88 31 1921.

588 523 63 31 Till
669 523 205 38 Riksdagens
892 523 104 31 andra
1016 522 179 31 kammares
1217 522 113 39 fjärde
1355 521 170 39 tillfälliga
1546 522 133 31 utskott.

504 612 123 30 Genom
647 611 102 38 nådig
768 610 114 31 remiss
902 610 63 31 den
987 610 38 30 18
1046 609 149 31 februari
1212 610 81 29 1921
1309 609 61 30 har
1387 608 122 38 Kungl.
1527 608 69 37 Maj
1610 612 21 26 :t
1646 607 162 32 anbefallt
1824 607 41 30 K.
1884 606 109 31 social-

399 657 160 37 styrelsen
579 660 50 27 att
649 656 118 37 avgiva
789 655 59 31 och
868 655 52 31 till
940 654 192 38 riksdagens
1152 654 106 31 andra
1294 654 181 30 kammares
1511 653 112 38 fjärde
1660 652 173 38 tillfälliga
1869 651 125 31 utskott

399 702 187 30 överlämna
611 711 40 20 av
675 701 160 30 utskottet
859 700 115 37 begärt
996 699 156 38 yttrande
1177 700 77 30 över
1272 709 40 20 en
1328 699 87 30 inom
1431 698 105 31 andra
1552 698 188 30 kammaren
1756 697 99 31 väckt
1871 696 123 31 motion

398 756 42 20 nr
465 746 61 30 233
553 756 51 20 om
629 745 155 31 skrivelse
809 745 52 30 till
886 744 123 38 Kungl.
1036 744 104 37 Maj:t
1163 743 11 30 i
1198 745 97 36 fråga
1315 753 51 21 om
1387 742 194 38 fortgående
1601 745 195 35 permanent
1815 741 179 38 utredning

399 791 168 37 angående
598 789 213 39 jordbrukets
839 788 402 39 produktionskostnader.

504 835 65 30 Till
591 834 161 38 åtlydnad
774 834 103 30 härav
896 834 55 31 får
972 834 159 37 styrelsen
1153 834 119 30 anföra
1293 832 158 39 följande.

503 880 17 29 I
538 880 165 30 motionen
723 879 127 31 erinras
867 879 52 30 till
939 889 39 20 en
996 878 120 37 början
1134 878 124 37 därom,
1280 882 50 27 att
1350 878 10 29 i
1381 877 180 38 anledning
1581 887 39 20 av
1639 875 156 31 skrivelse
1813 875 79 30 från
1914 875 78 29 1917

400 926 53 30 års
481 924 135 38 riksdag
644 924 123 37 Kungl.
798 923 104 38 Maj:t
930 922 183 39 uppdragit
1141 923 33 30 åt
1198 922 206 38 sakkunniga
1440 925 50 27 att
1525 921 176 31 verkställa
1737 930 41 21 en
1815 919 180 37 utredning

399 969 141 32 rörande
565 969 221 31 kostnaderna
811 968 53 31 för
888 963 431 59 brödsädesproduktionen.
1363 967 116 38 Enligt
1501 966 66 31 vad
1588 965 260 37 socialstyrelsen
1871 964 123 30 inhäm-

399 1018 59 34 tat,
479 1015 105 37 pågår
605 1014 54 30 för
679 1013 209 30 närvarande
909 1013 108 30 denna
1038 1011 207 40 utredning
1237 1023 88 20 inom
1343 1011 341 38 lantbruksstyrelsen,
1705 1009 58 31 och
1782 1009 95 31 torde
1895 1008 99 31 resul-

400 1063 91 27 taten
518 1069 40 20 av
585 1055 196 40 densamma,
809 1058 35 30 så
869 1061 91 27 snart
986 1057 112 38 dylika
1124 1057 172 39 föreligga,
1340 1057 126 30 komma
1510 1059 50 28 att
1603 1054 262 38 offentliggöras.
1919 1053 76 31 Som

400 1104 165 38 grundval
588 1104 54 30 för
663 1103 257 38 ifrågavarande
943 1102 180 38 utredning
1145 1102 97 37 tjäna
1269 1102 228 38 räkenskaper,
1527 1100 98 31 förda
1648 1100 57 30 vid
1733 1103 48 27 ett
1808 1098 187 38 betydande

401 1149 91 30 antal
514 1150 104 29 större
640 1148 58 31 och
720 1148 129 31 mindre
872 1148 161 38 jordbruk
1055 1148 88 30 inom
1164 1147 131 31 landets
1331 1147 84 30 olika
1453 1146 100 31 delar.
1614 1143 269 38 Socialstyrelsen
1918 1144 77 36 äger

400 1194 69 30 icke
494 1193 200 38 tillräckliga
719 1192 282 38 förutsättningar
1025 1192 54 30 för
1103 1195 49 28 att
1175 1191 116 32 kunna
1316 1192 145 36 bedöma,
1489 1189 167 31 huruvida
1684 1189 63 30 den
1775 1187 140 31 sålunda
1941 1197 54 20 an-

400 1239 109 30 vända
531 1238 150 31 metoden
703 1238 37 30 är
761 1238 65 30 den
847 1238 92 30 bästa
961 1237 78 30 eller
1060 1237 85 30 enda
1164 1237 138 38 möjliga
1317 1237 54 30 för
1384 1235 167 31 vinnande
1568 1245 40 20 av
1624 1237 47 27 ett
1686 1231 309 33 tillfredsställande

401 1284 147 30 resultat.
596 1283 157 30 Däremot
779 1292 96 21 anser
898 1282 50 38 sig
972 1282 159 37 styrelsen
1156 1281 81 32 böra
1261 1281 185 36 framhålla,
1473 1283 50 28 att
1549 1279 62 31 den
1636 1279 102 37 utväg
1761 1277 55 31 för
1840 1276 155 31 verkstäl-

400 1328 97 30 lande
521 1338 41 20 av
585 1327 286 37 undersökningar
894 1326 140 31 rörande
1057 1326 213 38 jordbrukets
1295 1323 402 41 produktionskostnader,
1724 1332 69 21 som
1819 1331 40 21 av
1885 1321 110 30 motio-

400 1373 142 30 närerna
562 1372 151 37 angivits,
733 1371 167 38 nämligen
918 1375 49 27 att
986 1374 107 27 staten
1112 1370 85 38 själv
1222 1372 104 30 skulle
1350 1370 73 31 med
1445 1369 71 38 lejd
1539 1367 201 32 arbetskraft
1762 1366 107 31 bruka
1892 1367 104 36 några

401 1417 256 31 kronohemman
679 1417 87 30 inom
789 1416 94 38 varje
903 1416 56 31 län
981 1416 59 30 och
1062 1416 67 30 låta
1151 1416 186 31 undersöka
1354 1415 40 31 de
1411 1413 206 32 ekonomiska
1634 1412 181 30 resultaten
1833 1410 162 36 därifrån,

401 1462 199 38 näppeligen
618 1461 102 31 skulle
739 1461 75 38 giva
833 1464 47 27 ett
897 1460 301 38 invändningsfritt
1217 1461 149 30 resultat.

508 1506 168 38 Styrelsen
701 1505 59 31 vill
787 1505 181 31 emellertid
993 1505 54 30 för
1070 1505 51 30 sin
1145 1504 52 31 del
1221 1506 175 30 instämma
1418 1503 74 31 med
1514 1502 243 31 motionärerna
1781 1500 213 36 därutinnan,

402 1555 50 28 att
471 1561 40 21 en
531 1547 132 58 pålitlig
684 1550 58 31 och
762 1550 133 38 allsidig
913 1550 180 37 utredning
1113 1550 170 36 angående
1330 1544 214 60 jordbrukets
1592 1540 403 61 produktionskostnader,

403 1596 58 31 och
482 1596 56 30 det
560 1596 29 37 ej
613 1595 84 30 blott
718 1594 75 30 med
814 1594 157 30 avseende
993 1594 43 37 på
1056 1593 141 31 brödsäd
1222 1598 93 35 utan
1329 1594 82 30 även
1435 1593 10 29 i
1470 1592 98 37 fråga
1592 1601 50 21 om
1666 1590 114 38 övriga
1804 1585 191 57 produkter,

403 1640 139 38 givetvis
564 1640 101 30 måste
688 1639 160 30 tulmätas
870 1648 40 21 en
933 1641 67 28 stor
1022 1627 174 64 betydelse,
1229 1639 59 31 och
1318 1648 94 28 synes
1441 1637 56 31 det
1523 1636 159 37 styrelsen
1711 1635 166 36 önskvärt,
1906 1643 50 21 om
1985 1633 11 30 i

402 1685 158 31 samband
580 1684 73 30 med
671 1693 46 20 nu
736 1683 169 38 pågående
925 1682 218 50 utredningar
1163 1682 89 33 inom
1291 1681 335 38 lantbruksstyrelsen
1666 1680 55 30 det
1760 1683 93 34 toges
1891 1677 107 31 under

403 1729 236 38 övervägande,
664 1727 168 31 huruvida
858 1727 58 31 och
941 1727 11 30 i
977 1727 110 30 vilken
1112 1727 86 31 form
1217 1732 47 27 ett
1282 1728 118 31 sådant
1416 1725 307 38 utredningsarbete
1741 1725 54 30 må
1810 1724 113 30 kunna
1942 1732 54 21 an-

403 1774 121 31 ordnas
549 1774 58 30 och
633 1773 91 38 givas
749 1775 194 36 permanent
967 1772 165 31 karaktär.

507 1819 124 30 Vidare
652 1818 94 31 torde
769 1817 37 31 få
828 1817 134 36 erinras,
987 1821 50 27 att
1059 1816 88 31 inom
1169 1818 177 38 styrelsens
1368 1820 71 35 eget
1459 1813 356 33 verksamhetsområde
1838 1813 98 31 faller
1957 1822 39 21 en

404 1865 34 30 så
459 1864 107 37 viktig
589 1863 52 31 del
663 1873 40 20 av
725 1863 62 30 här
810 1862 215 31 omhandlade
1048 1863 94 29 ämne
1165 1871 67 22 som
1254 1863 64 31 den
1339 1861 211 38 fortlöpande
1572 1859 185 32 statistiken
1778 1860 78 29 över
1877 1858 120 31 arbets-

404 1909 58 30 och
485 1907 329 32 löneförhållandena
839 1907 87 30 inom
951 1907 202 37 jordbruket.
1200 1908 194 30 Resultaten
1410 1917 40 20 av
1465 1906 93 30 dessa
1573 1903 286 38 undersökningar
1876 1902 120 31 offent-

402 1954 144 37 liggöras
570 1953 10 29 i
605 1952 105 38 årliga
733 1952 193 30 berättelser
949 1951 169 38 angående
1140 1951 282 39 arbetartillgång,
1441 1950 160 31 arbetstid
1617 1949 58 31 och
1691 1948 203 32 arbetslöner
1910 1947 87 30 inom

405 1998 150 37 Sveriges
574 1996 170 38 jordbruk,
764 1996 164 37 varjämte
947 2006 40 21 en
1006 2006 89 20 mera
1114 1996 212 40 djupgående
1354 1995 246 37 undersökning
1628 1993 168 38 angående
1835 1991 162 32 lantarbe-

403 2046 114 27 tarnas
539 2042 120 30 arbets-
683 2041 59 31 och
762 2041 307 31 löneförhållanden
1091 2041 87 30 inom
1202 2042 86 31 olika
1309 2041 125 38 bygder
1455 2040 59 30 och
1536 2040 19 30 å
1576 2038 131 38 typiska
1727 2036 270 39 lantegendomar

404 2098 40 20 av
462 2087 160 37 styrelsen
640 2086 53 30 för
710 2087 105 36 några
831 2087 37 29 år
886 2086 99 30 sedan
1001 2085 196 31 verkställts.
1235 2087 68 30 För
1327 2084 209 32 närvarande
1561 2084 37 30 är
1622 2083 105 30 under
1753 2082 112 34 arbete
1890 2090 40 20 en
1954 2080 43 36 på

405 2142 53 21 c:a
483 2132 62 30 400
570 2131 106 30 under
702 2134 47 27 ett
774 2130 69 31 helt
869 2131 37 30 år
931 2130 97 31 förda
1053 2130 265 33 hushållsböcker
1335 2129 152 39 grundad
1504 2127 245 39 undersökning
1765 2125 142 32 rörande
1922 2124 75 30 livs-

403 2175 386 38 medelsförbrukningen
810 2175 58 31 och
889 2175 355 32 levnadskostnaderna
1265 2176 55 30 för
1341 2175 39 31 de
1400 2174 128 31 mindre
1549 2172 188 32 bemedlade
1758 2172 44 37 på
1823 2169 173 37 landsbyg-

404 2221 72 37 den,
499 2221 111 30 vilken
632 2217 248 41 undersökning
900 2220 101 30 bland
1024 2225 102 27 annat
1148 2222 92 30 torde
1272 2221 114 30 kunna
1417 2219 173 30 förväntas
1622 2215 234 37 siffermässigt
1886 2214 111 37 belysa

404 2266 63 30 den
500 2266 60 30 roll
593 2265 41 31 de
665 2264 311 39 självproducerade
1009 2264 191 31 livsmedlen
1219 2263 90 42 spela
1330 2266 53 29 för
1400 2263 244 39 landsbygdens
1664 2259 147 33 småfolk,
