1910 2854
509 190 418 41 Bewillningsutskottets
947 189 225 34 betänkande
1191 188 53 33 Nr
1269 186 30 32 3.
1591 180 18 34 å

151 270 181 41 dragande
359 270 394 39 departementschefen
781 269 57 31 till
867 268 80 32 stöd
974 268 56 31 för
1056 267 61 31 det
1142 265 81 32 med
1247 263 268 39 propositionen
1543 262 108 31 fram-

152 327 108 37 lagda
278 325 174 37 förslaget
471 324 123 31 anfört
618 323 6 31 i
644 320 191 34 huvudsak
855 319 175 37 följande:

190 379 71 32 För
283 387 89 29 egen
392 376 58 32 del
470 375 68 33 vill
559 374 63 38 jag
646 373 147 33 förorda
814 372 61 32 det
895 372 12 31 i
931 369 236 34 förenämnda
1187 367 239 39 promemoria
1448 364 206 38 framlagda

151 430 173 37 förslaget
351 431 54 30 att
433 427 166 33 beskatta
626 425 327 39 tippningsvinster
983 424 13 30 i
1026 431 138 23 samma
1191 420 153 37 ordning
1370 428 77 23 som
1474 418 138 32 vinster
1640 417 13 31 i

151 481 318 39 penninglotteriet
488 480 65 32 och
571 478 138 33 vinster
730 479 22 30 å
769 474 377 41 premieobligationer
1163 474 95 31 samt
1275 473 55 31 att
1348 470 153 34 sålunda
1519 468 135 33 undan-

154 538 84 34 taga
261 534 82 31 dem
367 534 85 31 från
475 532 69 32 den
568 530 148 37 vanliga
738 526 446 37 inkomstbeskattningen.
1231 525 19 31 I
1272 523 171 37 samtliga
1464 522 44 32 de
1530 521 125 37 avgiv-

153 596 47 23 na
236 585 218 38 yttrandena
489 584 67 31 har
595 582 105 32 också
727 592 44 21 en
795 580 113 32 sådan
933 578 204 37 anordning
1163 576 206 38 tillstyrkts.
1421 575 19 32 I
1466 574 108 37 fråga
1598 582 59 22 om

153 639 238 32 skattesatsen
422 636 66 32 har
519 632 446 36 överståthållarämbetet,
999 630 131 32 liksom
1160 631 93 29 även
1283 627 242 36 aktiebolaget
1556 624 98 38 Tips-

155 690 123 37 tjänst,
306 689 134 32 uttalat
468 686 290 37 betänkligheter
785 686 74 30 mot
887 684 54 31 att
971 683 57 32 för
1057 680 375 39 tippningsvinsterna
1458 678 200 31 bestämma

155 752 43 22 cn
220 744 40 32 så
282 743 69 37 hög
376 741 135 32 allmän
532 738 194 32 skattesats
748 746 76 23 som
846 737 39 31 20
906 735 149 38 procent
1079 735 93 31 samt
1195 731 150 34 särskilt
1367 729 214 36 framhållit,
1603 729 54 30 att

157 794 193 36 anledning
394 790 174 33 saknades
601 791 54 30 att
688 788 166 33 beskatta
885 785 328 39 tippningsvinster
1244 783 155 32 hårdare
1430 784 48 30 än
1509 780 149 37 vanliga

157 845 269 33 lotterivinster.
472 843 72 37 Jag
568 842 73 32 kan
667 841 56 32 för
748 840 76 31 min
849 839 56 33 del
928 837 147 33 ansluta
1098 837 74 37 mig
1200 836 58 32 till
1283 835 69 32 den
1377 833 202 37 meningen,
1603 832 55 31 att

157 898 58 31 det
241 901 40 29 är
308 895 209 37 lämpligast
545 895 47 30 ha
618 902 138 23 samma
781 892 195 32 skattesats
1005 890 57 32 för
1089 889 103 32 dessa
1219 887 97 33 olika
1341 886 79 38 slag
1449 895 47 22 av
1523 884 135 32 lotteri-

158 949 144 37 vinster,
327 957 80 22 men
432 948 73 31 kan
531 947 21 31 å
580 944 114 33 andra
721 944 104 32 sidan
850 944 77 31 ieke
951 943 121 31 bortse
1098 941 84 31 från
1207 941 55 30 att
1286 949 43 21 en
1354 938 194 33 skattesats
1574 936 23 31 å
1620 935 39 32 10

157 1003 146 34 procent
326 1009 149 22 numera
497 1000 41 29 är
560 998 60 31 väl
644 997 59 37 låg
729 997 57 31 för
808 997 54 30 att
884 992 228 39 någorlunda
1134 993 183 31 motsvara
1336 990 70 32 den
1429 982 230 49 genomsnitt-

158 1052 75 38 liga
262 1051 149 37 vanliga
441 1047 437 37 inkomstbeskattningen
907 1046 57 32 till
994 1046 73 31 stat
1098 1044 64 32 och
1191 1043 180 31 kommun.
1422 1041 58 31 En
1508 1039 153 38 höjning

158 1115 46 21 av
225 1105 237 32 skattesatsen
486 1103 13 30 i
521 1102 106 36 fråga
647 1110 57 21 om
723 1098 73 32 alla
814 1098 125 38 slagen
959 1107 46 22 av
1025 1095 261 33 lotterivinster
1307 1093 99 33 torde
1425 1092 128 33 därför
1573 1091 88 32 böra

160 1159 208 34 övervägas,
392 1155 65 31 och
478 1152 133 32 därvid
634 1161 106 27 synes
766 1153 91 29 även
880 1150 88 31 böra
990 1148 149 31 beaktas
1162 1148 51 31 ett
1238 1157 45 21 av
1307 1143 354 34 överståthållaräm-

160 1209 94 31 betet
293 1209 13 30 i
346 1207 79 32 dess
465 1204 170 38 yttrande
674 1203 172 31 framfört
882 1201 137 36 förslag
1049 1210 56 21 om
1134 1197 291 36 differentiering
1456 1206 46 21 av
1530 1195 131 31 skatte-

159 1260 127 32 satsen,
335 1258 55 32 Då
428 1258 63 37 jag
530 1255 199 33 emellerlid
769 1253 78 32 icke
888 1254 57 31 för
972 1250 227 33 närvarande
1228 1252 42 30 är
1296 1248 131 33 beredd
1456 1246 206 37 framlägga

159 1312 110 37 något
295 1309 136 39 förslag
460 1308 233 36 härutinnan,
719 1316 104 22 anser
848 1306 62 37 jag
940 1304 238 31 skattesatsen
1206 1302 55 31 för
1287 1299 376 39 tippningsvinsterna

162 1374 49 22 nu
231 1364 88 31 böra
338 1362 217 32 bestämmas
576 1359 57 32 till
654 1359 39 32 10
713 1358 157 37 procent.

199 1450 19 31 I
240 1449 115 31 likhet
377 1448 81 32 med
478 1444 394 39 departementschefen
894 1443 65 31 har
982 1442 174 31 utskottet
1180 1440 118 32 ansett
1320 1439 54 36 sig
1399 1439 88 31 böra
1508 1435 155 36 förorda,

162 1503 54 31 att
240 1500 326 39 tippningsvinster
592 1497 181 33 beskattas
799 1496 13 30 i
840 1504 137 22 samma
1006 1494 153 35 ordning
1187 1502 74 21 som
1287 1491 137 31 vinster
1451 1490 13 30 i
1492 1488 171 37 penning-

161 1554 158 32 lotteriet
344 1552 65 32 och
434 1551 138 32 vinster
599 1552 22 29 å
644 1547 374 39 premieobligationer
1044 1546 92 30 samt
1163 1545 54 30 att
1245 1545 180 31 desamma
1449 1540 127 33 därför
1602 1549 62 21 un-

164 1607 175 35 dantagas
367 1604 84 32 från
474 1604 72 31 den
573 1601 149 37 vanliga
751 1596 444 37 inkomstbeskattningen.
1245 1596 54 30 Då
1326 1604 43 21 en
1396 1593 114 32 sådan
1539 1592 125 31 anord-

163 1659 87 37 ning
275 1657 77 32 icke
377 1656 72 32 kan
474 1664 103 23 anses
599 1653 164 32 medföra
788 1653 119 35 någon
931 1649 218 36 försämring
1176 1649 12 29 i
1215 1643 450 39 beskattningshänseende

164 1711 56 32 för
245 1711 89 36 dem,
358 1718 76 23 som
457 1707 145 37 åtnjuta
625 1704 338 38 tippningsvinster,
986 1704 93 29 samt
1104 1701 62 31 vid
1190 1700 127 31 sådant
1344 1696 225 33 förhållande
1595 1696 70 30 fra-

167 1772 70 29 gan
261 1772 58 22 om
340 1771 47 22 en
410 1760 153 37 höjning
589 1769 46 21 av
658 1758 198 31 vinnarnas
882 1755 105 31 andel
1011 1755 13 30 i
1050 1752 261 32 lotterimedlen
1337 1751 131 30 saknar
1494 1748 174 32 samband

162 1814 81 32 med
264 1823 49 23 nu
337 1811 238 34 förevarande
595 1809 185 38 spörsmål,
803 1809 66 30 har
891 1807 176 31 utskottet
1091 1805 77 31 icke
1193 1805 116 30 ansett
1334 1803 54 37 sig
1410 1803 88 30 böra
1522 1800 142 32 biträda

165 1866 241 31 motionärens
427 1863 146 37 förslag.
615 1862 49 31 På
687 1861 119 37 grund
826 1860 114 31 härav
961 1858 65 32 och
1045 1858 48 31 då
1113 1855 265 39 propositionen
1400 1854 77 31 icke
1500 1853 92 37 givit
1614 1852 53 31 ut-

166 1919 131 31 skottet
317 1917 194 36 anledning
534 1915 57 32 till
611 1914 155 35 erinran,
788 1912 56 31 får
864 1911 174 31 utskottet
1057 1908 198 36 hemställa,

610 1991 55 31 att
689 1988 195 37 riksdagen
910 1987 122 35 måtte,
1060 1985 81 31 med
1167 1984 105 32 bifall
1299 1983 55 31 till
1381 1982 135 37 Kungl.
1543 1981 129 36 Maj:ts

569 2040 237 34 förevarande
828 2037 221 40 proposition
1072 2048 42 20 nr
1136 2037 37 30 43
1194 2037 93 30 samt
1310 2035 77 31 med
1410 2033 126 37 avslag
1558 2034 21 30 å
1598 2041 70 21 mo-

569 2095 120 31 tionen
718 2092 126 33 TII:484
872 2102 45 20 av
947 2091 82 30 herr
1060 2088 161 36 Lundell,
1250 2088 134 35 antaga
1410 2086 62 31 det
1500 2085 63 31 vid
1591 2094 76 27 pro-

566 2145 201 37 positionen
790 2143 127 37 fogade
940 2141 174 37 förslaget
1136 2140 56 31 till
1218 2138 210 37 förordning
1450 2147 59 21 om
1531 2135 137 33 ändrad

568 2196 135 38 lydelse
722 2206 47 21 av
788 2196 18 31 1
824 2193 18 39 $
871 2195 7 31 2
896 2203 103 22 mom.
1019 2193 64 31 och
1101 2192 18 31 3
1138 2190 18 38 $
1177 2190 257 36 förordningen
1454 2188 66 32 den
1538 2188 39 31 28
1593 2197 75 27 sep-

571 2247 134 33 tember
725 2246 80 32 1928
829 2244 56 36 (nr
908 2243 71 37 376)
1002 2254 57 21 om
1080 2242 155 32 särskild
1256 2242 96 31 skatt
1373 2242 20 29 å
1416 2240 98 32 vissa
1533 2239 136 31 lotteri-

570 2299 147 32 vinster.

209 2370 205 33 Stockholm
438 2369 68 32 den
530 2369 37 30 12
594 2366 162 32 februari
781 2365 87 32 1935.

589 2446 51 30 På
661 2441 414 39 bevillningsutskottets
1096 2442 152 34 vägnar:

751 2521 101 32 JOH.
874 2519 209 33 NILSSON.

175 2632 109 34 Bihang
306 2633 39 25 till
368 2630 165 33 riksdagens
555 2629 143 33 protokoll
721 2630 74 23 1935.
836 2630 10 23 7
871 2630 80 23 samt.
973 2628 40 24 Nr
1032 2629 22 23 3.
1627 2620 15 25 2

1718 1438 140 24 Utskottet.
