1916 2788
312 154 38 28 12
727 152 105 26 Andra
853 151 216 34 lagutskottets
1092 150 156 27 utlåtande
1270 159 36 17 nr
1328 150 46 26 38.

351 231 225 31 Beträffande
596 232 65 29 den
677 230 200 39 ifrågasatta
898 230 192 38 ändringen
1109 230 11 29 i
1142 230 38 30 10
1201 228 20 40 $
1240 229 334 38 hembiträdeslagen
1592 228 10 30 i
1623 227 98 40 fråga
1741 237 57 22 om

307 285 230 30 hembiträdes
560 285 153 38 fridagar
733 284 66 30 har
818 284 277 38 föredraganden
1115 283 11 30 i
1146 282 259 40 propositionen
1426 282 115 31 anfört
1562 281 168 39 följande:

355 349 11 15 »
374 338 224 30 Beträffande
617 337 123 39 frågan
758 338 68 29 hur
843 336 73 31 ofta
935 336 215 30 hembiträde
1171 337 86 29 skall
1276 336 90 30 hava
1386 335 112 39 fridag
1520 344 99 30 synes
1640 335 56 30 det
1715 343 82 22 vara

308 391 137 39 vanligt,
470 394 49 27 att
542 391 214 30 hembiträde
780 389 151 40 åtnjuter
955 390 114 38 fridag
1095 398 179 21 varannan
1299 389 130 38 söndag
1455 389 81 29 eller
1558 387 105 39 något
1688 388 110 30 oftare

307 445 45 29 än
376 445 66 30 vad
466 445 101 37 lagen
592 444 215 30 föreskriver.
835 443 78 30 Med
935 443 137 38 hänsyn
1097 442 116 30 härtill
1238 443 64 29 och
1328 442 49 29 till
1403 442 67 30 vad
1495 440 302 31 hembiträdesför-

308 498 187 38 eningarna
515 497 117 32 anfört
652 496 145 31 föreslår
817 497 56 38 jag
895 500 48 26 att
963 497 113 29 denna
1096 496 115 39 praxis
1232 495 172 39 lagfästes.
1427 495 13 29 I
1461 495 109 38 övrigt
1593 503 98 30 synes
1716 495 40 29 10
1778 492 19 40 $

307 551 74 30 icke
403 551 84 30 böra
511 551 95 38 givas
627 550 133 30 ändrad
783 549 223 39 avfattning.»

951 718 203 48 Lagrådet.

352 807 168 40 Lagrådet
543 808 65 30 har
627 809 130 29 lämnat
779 807 221 39 lagförslaget
1022 810 85 27 utan
1129 807 146 30 erinran.

947 986 213 35 Utskottet.

356 1085 12 29 I
387 1084 266 39 propositionen
673 1084 158 36 föreslås,
850 1087 50 27 att
919 1084 353 38 hembiträdeslagen,
1292 1093 75 21 som
1387 1084 108 38 gäller
1514 1086 21 27 t.
1556 1092 29 21 o.
1605 1092 45 20 m.
1671 1083 67 30 den
1756 1083 40 29 31

311 1138 146 30 oktober
479 1138 95 35 1947,
597 1138 88 30 skall
706 1137 133 31 erhålla
860 1137 165 39 förlängd
1047 1137 156 39 giltighet
1225 1140 22 27 t.
1270 1147 30 20 o.
1323 1146 45 21 m.
1391 1137 67 30 den
1480 1137 39 29 31
1545 1136 147 30 oktober
1715 1136 84 29 1950

310 1191 80 30 med
410 1191 10 30 i
438 1191 186 30 huvudsak
643 1191 217 30 oförändrad
877 1191 140 38 lydelse.
1049 1191 65 30 Det
1133 1189 147 31 föreslås
1299 1190 10 29 i
1328 1189 265 40 propositionen
1613 1189 123 30 endast
1754 1198 44 21 en

311 1244 148 39 ändring
483 1245 10 29 i
516 1245 113 38 lagen.
667 1244 122 31 Denna
813 1244 149 38 ändring
985 1254 102 20 avser
1110 1243 236 30 hembiträdes
1369 1243 158 38 fridagar
1551 1243 66 30 och
1641 1242 157 34 innebär,

311 1301 50 27 att
376 1297 238 30 hembiträdes
631 1298 204 29 nuvarande
851 1299 70 28 rätt
936 1297 52 30 till
1005 1297 153 39 ledighet
1174 1297 167 38 antingen
1359 1306 61 20 var
1436 1296 111 38 tredje
1566 1296 132 38 söndag
1716 1295 85 30 eller

310 1360 118 21 annan
448 1351 133 30 allmän
600 1351 147 38 helgdag
767 1360 43 21 av
829 1350 139 39 kyrklig
987 1351 169 29 karaktär
1175 1350 83 30 eller
1277 1349 88 31 efter
1384 1350 152 29 klockan
1558 1349 39 30 13
1616 1358 183 21 varannan

312 1403 109 31 sådan
439 1404 66 39 dag
524 1405 89 29 skall
630 1404 198 30 utsträckas
846 1403 51 30 till
914 1406 50 28 att
982 1413 81 20 avse
1080 1412 182 21 varannan
1280 1403 133 38 söndag
1431 1403 83 29 eller
1531 1411 119 21 annan
1667 1402 132 30 allmän

310 1457 148 38 helgdag
480 1467 43 20 av
544 1457 139 39 kyrklig
703 1457 178 30 karaktär.

355 1510 350 39 Hembiträdeslagen
730 1509 196 31 innehåller
946 1509 265 31 bestämmelser
1233 1519 57 20 om
1314 1509 237 30 hembiträdes
1574 1508 99 30 fritid
1695 1507 45 40 på
1763 1506 37 31 så

313 1564 67 30 sätt
406 1567 50 27 att
482 1564 11 29 i
520 1564 103 39 lagen
651 1564 149 38 stadgas,
828 1566 50 27 att
904 1563 68 30 den
999 1562 178 31 ordinarie
1204 1562 214 31 arbetstiden
1447 1562 89 30 skall
1563 1562 90 30 sluta
1683 1563 117 29 senast

310 1617 152 30 klockan
489 1618 39 29 19
556 1617 66 30 och
645 1619 49 28 att
718 1616 220 30 hembiträde
964 1616 90 30 skall
1078 1615 138 39 åtnjuta
1239 1615 92 31 vissa
1355 1615 168 38 fridagar.
1562 1614 238 39 Fritidsregle-

311 1669 122 40 ringen
455 1671 39 29 är
515 1670 194 30 emellertid
731 1669 229 39 ofullständig
984 1669 175 30 såtillvida
1180 1672 49 27 att
1251 1669 101 38 lagen
1374 1668 71 30 inte
1467 1667 196 31 innehåller
1684 1667 116 39 någon

310 1723 246 31 bestämmelse
576 1733 58 20 om
653 1723 211 39 tidpunkten
882 1722 57 30 för
957 1723 58 29 det
1034 1722 177 30 ordinarie
1231 1722 151 30 arbetets
1399 1721 137 39 början.
1567 1721 118 38 Lagen
1704 1720 96 30 inne-

312 1776 110 31 håller
441 1776 10 30 i
470 1780 149 27 motsats
637 1776 52 31 till
708 1776 180 30 allmänna
907 1775 291 38 arbetstidslagen
1218 1775 66 29 och
1303 1774 119 38 övriga
1442 1775 108 37 lagar,
1571 1783 76 21 som
1666 1774 134 37 reglera

311 1830 256 39 arbetstagares
593 1829 178 36 arbetstid,
798 1829 80 39 inga
900 1828 266 30 bestämmelser
1189 1837 58 21 om
1270 1827 136 39 längsta
1431 1826 177 31 ordinarie
1630 1825 172 31 arbetstid

310 1883 57 30 för
387 1883 77 38 dag,
484 1884 110 29 vecka
615 1883 82 30 eller
717 1883 121 38 längre
859 1881 165 39 tidrymd.

358 1937 12 28 I
388 1936 41 30 de
447 1936 10 30 i
474 1936 191 38 anledning
683 1946 42 20 av
742 1935 267 39 propositionen
1025 1935 126 30 väckta
1169 1933 222 31 motionerna
1408 1933 211 35 hemställes,
1638 1936 50 27 att
1705 1933 95 29 hem-

310 1989 261 39 biträdeslagen
590 1989 198 30 omarbetas
807 1989 66 29 och
893 1988 93 39 gives
1005 1988 215 30 karaktären
1239 1997 42 20 av
1300 1986 255 39 arbetstidslag.
1586 1985 137 39 Frågan
1743 1995 57 21 om

312 2042 186 30 införande
524 2051 44 21 av
592 2041 104 40 laglig
721 2040 362 40 arbetstidsreglering
1108 2041 56 30 för
1188 2039 244 31 hembiträden
1456 2040 66 30 har
1545 2039 141 39 nyligen
1711 2038 90 31 varit

312 2095 149 31 föremål
488 2095 58 30 för
572 2095 277 39 överväganden.
888 2094 137 31 Statens
1055 2092 545 32 arbetsmarknadskommission
1627 2092 65 31 har
1719 2092 11 30 i
1757 2101 43 21 en

313 2148 166 31 skrivelse
504 2148 54 31 till
583 2148 124 39 Kungl.
734 2148 102 38 Maj:t
861 2147 182 38 föreslagit
1069 2147 108 30 bland
1203 2150 118 32 annat,
1348 2149 50 27 att
1424 2146 9 30 i
1459 2145 341 39 hembiträdeslagen

313 2202 110 30 skulle
447 2201 136 31 införas
606 2201 183 39 principen
815 2211 58 20 om
896 2200 72 31 åtta
992 2199 161 31 timmars
1177 2199 195 39 arbetsdag.
1410 2198 302 31 Kommissionens
1735 2201 66 35 ytt-

313 2256 108 30 rande
440 2256 38 29 är
495 2256 93 29 dock
608 2255 75 30 icke
701 2254 178 38 enhälligt.
910 2253 194 31 Statsrådet
1122 2253 178 38 Mossberg
1318 2252 64 30 har
1401 2252 193 30 emellertid
1613 2252 10 29 i
1643 2251 158 39 proposi-

313 2308 119 31 tionen
453 2309 185 34 förklarat,
657 2311 50 27 att
726 2308 71 30 han
816 2307 56 30 för
892 2307 53 30 sin
962 2307 57 29 del
1038 2306 150 30 kommit
1208 2305 52 30 till
1278 2306 67 29 den
1366 2305 197 36 slutsatsen,
1583 2308 51 27 att
1653 2314 42 20 en
1715 2304 86 30 revi-

313 2362 121 38 dering
455 2371 43 21 av
517 2361 341 38 hembiträdeslagen
879 2360 11 29 i
909 2369 48 21 nu
977 2359 151 39 angiven
1148 2358 156 39 riktning
1322 2358 57 30 för
1400 2358 220 30 närvarande
1641 2357 76 30 icke
1736 2356 67 30 bör

312 2415 144 30 komma
484 2415 53 30 till
565 2414 112 30 stånd.
718 2412 415 40 Propositionsförslaget
1161 2411 147 31 innebär
1336 2410 106 31 också
1471 2414 50 27 att
1550 2409 251 32 hembiträdes-

313 2468 100 39 lagen
435 2468 69 30 tills
527 2467 120 30 vidare
667 2466 194 31 bibehåller
884 2466 53 31 sin
959 2465 205 31 nuvarande
1187 2465 168 30 karaktär
1376 2474 43 20 av
1440 2464 185 38 fritidslag.
