1910 2796
83 1829 161 26 Utskottets

94 1865 140 32 yttrande.

301 148 21 29 4
488 147 242 32 Sammansatta
753 150 92 29 stats-
870 148 54 31 och
941 148 342 40 jordbruksutskottets
1306 149 168 32 utlåtande
1498 149 53 32 Nr
1574 153 29 28 1.

298 226 114 32 kunde
436 226 76 32 från
537 226 106 32 andra
666 226 201 33 lärarkårers
892 227 72 32 sida
988 238 89 21 resas
1101 228 10 31 i
1136 228 98 41 fråga
1250 239 55 21 om
1322 228 245 42 lönereglering
1583 230 84 31 efter
1684 229 40 32 de
1740 231 54 31 för

297 279 466 42 universitetsprofessorerna
787 280 43 32 då
853 281 198 41 ifrågasatta
1075 281 381 41 avlöningsgrunderna.

342 332 16 32 I
382 332 197 42 anslutning
603 333 50 31 till
677 333 91 32 detta
793 333 197 42 riksdagens
1015 334 174 32 uttalande
1213 335 62 31 har
1299 346 47 20 nu
1370 335 127 41 Kungl.
1516 335 99 41 Maj:t
1633 336 161 42 framlagt

298 388 46 29 ett
376 386 127 41 förslag
535 386 49 31 till
618 386 244 42 lönereglering
885 388 54 31 för
962 388 206 40 professorer
1192 388 63 31 och
1279 388 432 41 avdelningsföreståndare
1735 390 57 32 vid

297 439 261 42 fackhögskolor
582 440 62 31 och
669 440 255 42 vetenskapliga
947 441 238 39 institutioner,
1211 441 105 32 vilket
1338 441 128 42 förslag
1489 443 53 31 för
1562 442 96 33 dessa
1674 443 117 33 befatt-

294 493 245 42 ningshavares
573 494 265 33 vidkommande
862 494 141 33 innebär
1027 506 42 21 en
1093 495 217 43 tillämpning
1334 507 42 22 av
1401 496 55 33 det
1480 497 99 33 civila
1603 497 188 43 avlönings-

296 548 217 42 reglementet
537 549 63 32 och
624 551 46 30 ett
694 549 212 33 hänförande
930 550 50 31 till
997 550 91 32 detta
1104 550 401 42 avlöningsreglementes
1522 551 160 42 lönegrad
1699 553 18 31 B
1737 553 51 32 30.

341 602 118 32 Såsom
483 603 152 40 framgår
659 614 42 20 av
725 603 251 32 vederbörande
996 604 340 41 statsrådsprotokoll,
1353 605 62 31 har
1432 608 45 28 ett
1494 616 42 21 av
1553 606 236 32 huvudskälen

295 655 50 31 till
380 655 126 41 Kungl.
533 656 115 40 Maj:ts
672 656 128 41 förslag
823 667 56 21 om
904 656 179 41 brytandet
1107 668 42 21 av
1174 657 66 31 den
1263 658 242 32 förutvarande
1529 658 261 42 likställigheten

294 708 11 32 i
328 708 270 32 lönehänseende
623 709 124 32 mellan
771 720 47 21 nu
842 710 259 41 ifrågavarande
1125 710 335 42 befattningshavare
1485 712 63 31 och
1566 712 223 32 universitets-

294 762 251 41 professorerna
569 763 87 31 varit
679 766 49 29 att
752 763 81 32 söka
856 763 11 32 i
892 764 55 31 det
971 774 123 22 ansvar
1109 765 54 31 för
1179 764 237 43 utbildningen
1434 777 42 21 av
1493 777 67 30 nya
1577 767 213 41 vetenskaps-

294 821 90 33 män,
415 827 72 21 som
513 817 106 32 åvilar
642 817 41 32 de
708 828 124 21 senare.
881 818 15 31 1
921 818 232 32 ovanberörda
1177 819 286 41 statsrådsprotoll
1487 825 79 27 över
1590 821 200 32 ecklesistik-

294 869 147 32 ärenden
475 870 197 32 framhåller
705 871 382 40 departementschefen,
1113 875 48 28 att
1185 873 467 40 universitetsprofessorerna
1676 879 57 27 äro
1757 875 29 39 ej

294 923 119 31 endast
437 923 238 41 självständigt
699 924 62 31 och
785 925 54 31 för
863 935 83 31 egen
972 925 53 32 del
1052 925 249 42 vetenskapligt
1328 926 182 32 arbetande
1530 930 82 29 utan
1629 930 48 29 att
1694 927 94 33 deras

292 977 138 41 uppgift
464 977 11 31 i
510 977 68 32 lika
614 977 68 41 hög
719 978 83 41 grad
838 983 36 26 är
901 981 48 29 att
972 979 107 32 fostra
1103 980 63 31 och
1191 979 89 33 dana
1304 980 87 38 dem,
1418 991 73 21 som
1515 992 41 21 en
1581 983 91 39 gång
1695 982 94 32 skola

293 1030 153 41 uppbära
478 1032 74 30 vårt
585 1030 97 33 lands
711 1031 255 42 vetenskapliga
990 1032 125 42 odling,
1140 1033 63 32 och
1228 1033 87 39 dem,
1342 1045 73 21 som
1439 1034 103 32 sedan
1568 1035 94 32 skola
1685 1037 43 40 gå
1752 1039 37 28 ut

293 1094 72 21 som
396 1084 106 32 lärare
527 1084 62 32 och
613 1084 111 33 ledare
749 1096 42 21 av
816 1085 55 32 det
894 1086 256 42 vetenskapliga
1173 1086 127 33 arbetet
1324 1087 57 33 vid
1406 1087 90 32 olika
1520 1088 154 42 speciella
1698 1090 89 31 fack-

292 1137 182 41 högskolor
507 1138 63 31 och
603 1138 255 41 vetenskapliga
891 1139 235 32 institutioner.
1176 1140 381 41 Departementschefen
1582 1142 126 32 erinrar
1732 1153 55 21 om

293 1190 41 32 de
368 1190 104 41 högre
505 1191 382 39 universitetsexamina,
922 1203 73 21 som
1029 1192 115 32 fordra
1172 1204 42 21 av
1238 1193 154 33 eleverna
1416 1194 239 42 självständigt
1678 1199 109 29 veten-

293 1244 146 41 skapligt
474 1244 120 39 arbete,
632 1245 63 32 och
728 1255 43 22 av
804 1245 40 32 de
872 1245 120 32 talrika
1018 1246 395 42 doktorsavhandlingar,
1440 1259 71 21 som
1538 1259 34 21 se
1596 1248 109 42 dagen
1730 1249 57 32 vid

291 1298 82 30 våra
400 1297 206 39 universitet,
632 1301 88 29 samt
743 1299 205 39 framhåller,
974 1299 164 32 hurusom
1164 1300 148 41 angivna
1337 1301 287 41 omständigheter
1647 1302 73 32 icke
1744 1320 43 3 —

292 1349 78 33 eller
393 1351 11 31 i
428 1351 94 40 varje
546 1350 61 32 fall
630 1351 72 32 icke
726 1352 11 30 i
762 1362 132 22 samma
917 1352 83 41 grad
1024 1369 43 4 —
1092 1358 57 26 äro
1173 1353 228 33 tillfinnandes
1425 1354 58 32 vid
1506 1355 106 31 andra
1627 1356 159 41 fackhög-

291 1403 113 32 skolor
438 1404 64 32 och
537 1405 254 41 vetenskapliga
827 1405 236 33 institutioner.
1112 1406 73 32 Och
1209 1407 11 31 i
1245 1406 187 42 åberopade
1457 1408 329 42 statsrådsprotokoll

292 1462 78 27 över
393 1457 333 41 jordbruksärenden
751 1458 139 33 betonar
913 1459 246 42 föredragande
1184 1460 382 42 departementschefen,
1592 1465 48 29 att
1656 1463 130 33 univer-

291 1511 304 41 sitetsprofessorns
631 1523 124 21 ansvar
789 1513 53 31 för
876 1513 237 42 utbildningen
1147 1525 42 21 av
1222 1525 67 31 nya
1313 1516 285 41 vetenskapsmän
1621 1517 73 32 icke
1719 1517 66 32 kan

291 1575 96 21 anses
423 1565 164 41 föreligga
622 1565 210 33 beträffande
868 1567 40 31 de
936 1567 237 39 institutioner,
1199 1568 61 32 där
1283 1569 234 41 vetenskaplig
1542 1569 244 42 undervisning

290 1617 73 32 icke
398 1617 163 39 bedrives,
598 1621 88 29 samt
721 1619 196 32 framhåller
951 1619 211 33 beträffande
1198 1621 291 42 skogshögskolan
1522 1623 63 31 och
1608 1624 177 31 veterinär-

290 1670 198 41 högskolan,
513 1674 48 28 att
585 1671 56 32 det
664 1672 255 42 vetenskapliga
935 1672 126 33 arbetet
1078 1673 172 33 därstädes
1267 1674 73 32 icke
1356 1677 73 30 nått
1446 1686 42 21 en
1504 1675 11 32 i
1533 1675 96 33 dessa
1645 1677 139 39 stycken

290 1723 78 33 med
392 1724 241 33 universiteten
655 1725 195 42 jämbördig
874 1726 168 42 ställning.

333 1831 172 32 Utskottet
537 1832 59 32 vill
629 1832 73 32 icke
736 1832 154 39 bestrida,
925 1836 47 29 att
1005 1834 90 31 vissa
1124 1834 270 33 beaktansvärda
1418 1837 212 40 synpunkter
1653 1837 131 33 blivit
1766 1827 21 54 i

289 1884 211 32 motionerna
524 1885 188 32 framförda
736 1885 51 32 till
810 1886 135 32 förmån
970 1887 53 31 för
1046 1887 119 32 kravet
1188 1889 44 39 på
1252 1887 219 43 likställighet
1487 1889 10 32 i
1515 1884 269 40 lönehänseende

288 1937 124 32 mellan
446 1938 421 42 universitetsprofessorer
899 1940 63 31 och
994 1940 90 33 vissa
1117 1951 42 22 av
1190 1941 61 32 här
1274 1941 141 33 berörda
1438 1942 344 43 befattningshavare.

287 1990 49 32 På
359 1991 173 42 åtskilliga
552 2002 43 21 av
619 1992 78 32 dem
721 1992 114 33 ställas
860 1993 294 42 kompetenskrav,
1180 2005 73 22 som
1277 1995 118 33 kunna
1418 1996 165 41 jämföras
1607 1998 78 32 med
1705 1998 79 33 eller

288 2049 119 28 närma
438 2045 51 42 sig
513 2045 41 33 de
578 2046 53 32 för
654 2046 467 42 universitetsprofessorerna
1144 2048 166 42 gällande,
1335 2050 64 32 och
1422 2050 10 32 i
1457 2053 125 40 många
1605 2052 61 32 fall
1690 2053 93 32 torde

287 2109 80 21 man
402 2099 37 31 få
462 2110 89 28 anse,
577 2103 48 29 att
648 2100 62 32 här
733 2101 222 32 förevarande
979 2101 335 42 befattningshavare
1338 2103 89 33 hava
1450 2115 42 21 en
1516 2105 54 31 för
1594 2105 55 32 det
1672 2109 110 29 veten-

287 2151 154 42 skapliga
475 2152 82 32 livet
592 2153 78 32 eller
706 2153 55 32 det
786 2154 171 41 praktiska
983 2155 126 32 arbetet
1133 2156 216 41 synnerligen
1373 2157 237 41 betydelsefull
1635 2160 144 41 uppgift.

287 2194 30 43 Å
341 2205 106 32 andra
471 2206 98 32 sidan
593 2206 93 32 torde
711 2207 56 32 det
790 2218 81 22 vara
896 2207 218 43 obestridligt,
1140 2212 48 29 att
1212 2209 64 33 vad
1297 2221 80 30 nyss
1394 2212 129 31 anförts
1541 2222 55 22 om
1615 2212 40 32 de
1671 2216 110 29 veten-

287 2259 154 41 skapliga
476 2259 126 33 kraven
626 2262 44 39 på
694 2260 41 32 de
759 2260 10 32 i
794 2261 112 32 denna
929 2262 253 41 framställning
1205 2263 149 33 avsedda
1377 2265 206 40 professorer
1606 2266 73 32 icke
1703 2272 78 35 äger

286 2312 218 42 tillämpning
539 2315 19 29 å
593 2313 78 32 eller
704 2314 131 32 kunnat
860 2315 244 41 upprätthållas
1129 2315 209 34 beträffande
1363 2318 157 41 samtliga
1543 2319 97 32 dessa
1664 2319 118 33 befatt-

285 2365 236 41 ningshavare.
570 2367 73 31 Den
680 2367 124 32 tanken
841 2368 62 31 har
938 2368 114 32 därför
1082 2369 93 32 inom
1200 2370 162 32 utskottet
1385 2372 87 31 varit
1495 2372 108 32 under
1627 2378 153 36 ompröv-

286 2419 92 41 ning,
404 2419 169 33 huruvida
596 2420 73 33 icke
693 2431 41 21 en
759 2421 212 43 uppdelning
984 2422 56 33 vid
1058 2422 142 43 somliga
1216 2424 261 41 fackhögskolor
1493 2425 103 33 borde
1613 2431 63 36 äga
1692 2438 86 28 rum,

286 2474 36 30 så
355 2475 49 30 att
435 2473 89 33 olika
551 2474 238 42 löneställning
812 2475 173 33 tillmättes
1010 2478 33 30 åt
1067 2476 95 33 deras
1187 2478 206 41 professorer
1417 2478 59 33 allt
1499 2480 84 32 efter
1606 2480 66 33 den
1696 2481 83 42 grad
