1886 2762
507 164 254 29 Statsutskottets
785 166 161 28 utlåtande
968 175 40 18 nr
1030 167 16 26 5
1068 166 37 28 år
1129 167 76 27 1962
1565 171 40 29 87

121 244 121 38 slagna
273 243 194 39 ändringen
499 254 41 20 av
569 245 302 39 bidragsreglerna
903 246 53 29 för
989 246 255 39 näringshjälp.
1289 247 176 30 Utskottet
1497 248 111 29 förut-

121 298 107 29 sätter
253 299 59 32 att,
339 297 117 30 därest
480 299 48 28 ett
554 299 83 28 ökat
663 299 243 29 medelsbehov
931 299 156 39 uppstår,
1114 299 126 40 Kungl.
1266 300 106 40 Maj:t
1397 300 127 30 liksom
1549 301 56 29 vid

121 350 144 39 tidigare
288 350 163 30 tillfällen
476 351 236 30 återkommer
736 352 50 29 till
811 352 186 39 riksdagen
1019 353 12 29 i
1055 353 155 40 frågan.»

175 403 72 30 dels
272 404 64 29 ock
362 405 189 30 utskottets
576 406 211 29 hemställan
811 407 111 29 under
947 407 23 29 I.
994 407 78 30 bort
1096 408 46 30 ha
1168 407 156 40 följande
1349 408 145 39 lydelse:

442 458 44 29 »I.
513 461 50 28 att
585 459 187 39 riksdagen
794 460 58 30 må
873 460 11 29 i
907 460 187 40 anledning
1117 470 42 20 av
1181 461 125 39 Kungl.
1330 462 124 39 Maj:ts
1476 462 131 40 förslag

387 512 163 29 ävensom
567 513 220 30 motionerna
805 514 28 29 I:
851 514 62 29 263
930 515 65 28 och
1012 514 45 29 II:
1075 514 61 30 327
1156 517 90 27 samt
1264 515 28 29 I:
1310 515 63 30 513
1389 516 65 29 och
1471 517 44 29 II:
1533 516 73 34 587,

387 566 220 29 sistnämnda
632 566 107 40 bägge
764 567 172 31 motioner
962 567 104 30 såvitt
1092 577 48 20 nu
1167 569 38 29 är
1230 568 11 30 i
1290 568 109 40 fråga,
1427 570 51 29 till
1507 570 99 30 Vissa

385 619 284 40 sysselsättnings
677 615 162 50 politiska
868 620 161 40 åtgärder
1058 621 55 30 för
1141 622 205 39 budgetåret
1378 623 140 31 1962/63
1549 634 59 20 an-

384 673 75 28 visa
480 674 48 28 ett
549 674 357 39 reservationsanslag
928 684 42 20 av
992 674 61 29 190
1068 674 63 30 000
1146 675 62 30 000
1229 676 63 33 kr.,
1314 677 107 29 därav
1444 677 164 40 förslags-

384 725 52 30 vis
459 724 40 31 60
514 725 62 31 000
591 725 64 31 000
678 727 51 29 kr.
752 729 51 28 att
825 728 173 30 avräknas
1021 731 73 27 mot
1117 729 486 37 automobilskattemedlen;»

173 822 38 34 b)
241 832 42 20 av
299 823 82 29 herr
396 823 202 41 Söderberg,
617 833 75 21 som
710 828 114 27 ansett
842 828 50 27 att
909 827 171 29 utskottet
1097 827 78 29 bort
1192 828 177 39 tillstyrka
1386 829 219 30 motionerna

121 876 28 29 I:
168 876 59 30 135
253 877 65 29 och
343 876 46 30 II:
408 877 60 30 169
493 878 65 29 och
583 880 51 28 att
659 878 120 31 därför
805 879 188 31 utskottets
1018 880 212 31 hemställan
1255 881 112 30 under
1393 882 40 30 II.
1459 882 78 31 bort
1561 883 44 30 ha

120 929 157 40 följande
299 930 146 40 lydelse:

442 984 61 29 »II.
528 987 52 28 att
599 985 188 40 riksdagen
808 986 57 31 må
883 987 80 30 med
982 987 99 30 bifall
1101 988 53 29 till
1173 989 220 30 motionerna
1413 989 29 30 I:
1461 990 59 30 135
1542 990 64 30 och

383 1038 45 30 II:
447 1038 60 30 169
525 1039 64 30 hos
608 1039 126 40 Kungl.
755 1040 105 40 Maj:t
878 1041 185 30 hemställa
1082 1050 58 21 om
1159 1042 148 40 översyn
1326 1052 42 20 av
1386 1042 221 31 bestämmel-

386 1101 102 21 serna
508 1092 55 30 för
585 1093 212 40 statsbidrag
819 1094 51 29 till
891 1094 147 30 vanföra
1061 1095 55 29 för
1136 1095 109 41 inköp
1266 1105 43 20 av
1330 1096 244 31 motorfordon
1595 1098 10 29 i

385 1145 57 30 det
460 1146 10 29 i
488 1147 221 30 motionerna
728 1148 150 38 angivna
897 1148 136 40 syftet.»

172 1238 35 34 c)
237 1248 42 20 av
294 1238 83 30 herr
392 1239 67 29 Per
474 1238 205 37 Jacobsson,
698 1238 124 30 fröken
839 1238 122 30 Elmén
980 1238 65 30 och
1064 1239 80 29 herr
1163 1238 209 40 Gustafsson
1390 1239 11 30 i
1420 1239 186 31 Skellefteå

173 1337 36 33 9)
238 1337 58 30 vid
309 1337 160 39 punkten
485 1337 41 29 60
547 1337 145 40 (Bidrag
707 1337 51 29 till
775 1337 226 30 anordnande
1017 1346 42 21 av
1075 1337 203 30 verkstäder
1294 1337 56 30 för
1365 1338 241 40 handikappa-

118 1391 58 33 de)

173 1483 36 34 a)
239 1493 43 20 av
305 1483 123 30 herrar
452 1483 186 39 Bengtson,
664 1481 170 30 Nils-Eric
860 1480 219 40 Gustafsson,
1107 1479 160 31 Eliasson
1291 1481 12 28 i
1330 1480 186 30 Sundborn
1541 1480 66 30 och

118 1537 201 30 Andersson
344 1536 10 30 i
380 1536 150 34 Knäred,
553 1536 96 30 vilka
674 1537 114 29 ansett
812 1537 50 28 att
887 1534 171 30 utskottet
1082 1533 78 30 bort
1184 1533 177 40 tillstyrka
1386 1534 220 29 motionerna

117 1592 28 29 1:
161 1591 63 30 513
240 1591 65 30 och
321 1591 46 29 II:
383 1590 75 34 587,
475 1589 104 31 såvitt
595 1599 47 20 nu
660 1591 39 29 är
714 1590 11 29 i
742 1588 109 40 fråga,
868 1589 65 29 och
950 1589 50 29 att
1016 1587 121 30 därför
1155 1587 188 30 utskottets
1361 1587 162 40 yttrande
1541 1587 63 30 och

118 1645 211 30 hemställan
344 1643 78 31 bort
437 1644 46 30 ha
498 1643 159 41 följande
673 1643 145 40 lydelse:

175 1699 337 29 »Bestämmelserna
538 1707 57 20 om
621 1697 123 39 bidrag
770 1697 52 29 till
850 1695 226 30 anordnande
1104 1704 42 21 av
1172 1694 203 31 verkstäder
1403 1694 54 30 för
1483 1694 124 30 handi-

120 1752 158 39 kappade
304 1753 91 28 samt
421 1760 55 20 om
503 1751 122 39 bidrag
650 1751 53 29 till
729 1749 129 30 driften
885 1759 41 20 av
951 1748 132 30 sådana
1108 1748 203 30 verkstäder
1336 1748 156 30 infördes
1518 1747 88 30 efter

119 1805 112 30 beslut
255 1815 42 19 av
324 1804 83 30 1960
433 1804 56 30 års
513 1804 154 38 riksdag.
704 1804 108 29 Dessa
835 1802 204 30 verkstäder
1064 1802 102 38 utgör
1190 1802 107 38 enligt
1322 1802 189 29 utskottets
1537 1811 69 20 me-

120 1858 81 39 ning
222 1867 42 20 en
286 1858 221 38 synnerligen
528 1857 110 39 viktig
659 1857 54 29 del
736 1865 41 20 av
797 1857 67 29 den
886 1855 241 39 samhälleliga
1146 1855 460 39 rehabiliteringsorganisa-

121 1912 126 29 lionen.
283 1911 52 29 En
360 1911 142 28 fortsatt
527 1910 200 38 utbyggnad
752 1918 41 20 av
817 1909 101 29 dessa
942 1908 204 29 verkstäder
1172 1908 38 29 är
1234 1907 121 30 därför
1379 1908 101 39 högst
1505 1916 101 31 ange-

119 1964 110 40 lägen.
271 1965 75 28 Den
377 1963 125 30 hittills
533 1962 229 40 genomförda
794 1962 242 39 utbyggnaden
1069 1961 213 39 återspeglas
1313 1961 11 29 i
1355 1962 67 29 den
1452 1961 152 40 kraftiga

119 2017 223 40 uppräkning
366 2026 41 20 av
431 2016 155 39 anslaget
611 2025 75 20 som
711 2015 386 39 departementschefen
1122 2024 47 20 nu
1195 2014 189 40 föreslagit.

174 2074 12 29 I
219 2073 220 30 motionerna
472 2073 28 29 I:
519 2073 61 29 133
612 2072 65 29 och
711 2072 44 28 II:
774 2071 57 29 171
867 2070 64 29 har
963 2068 199 40 föreslagits
1195 2071 49 27 att
1276 2068 328 40 bidragsgivningen

120 2127 111 30 skulle
257 2126 199 30 utsträckas
483 2126 50 29 till
561 2127 50 27 att
639 2125 85 29 även
751 2134 79 20 avse
857 2133 41 20 en
926 2123 110 29 första
1063 2121 229 40 uppsättning
1319 2122 178 29 maskiner
1523 2122 83 29 eller

119 2179 171 39 likvärdig
311 2179 213 37 utrustning.
558 2177 245 30 Motsvarande
826 2176 130 39 förslag
977 2175 108 39 ligger
1107 2176 86 28 även
1215 2175 127 29 bakom
1365 2175 65 29 den
1452 2175 11 29 i
1484 2175 122 29 motio-

119 2241 108 20 nerna
249 2232 28 28 1:
294 2231 63 29 513
380 2232 64 28 och
467 2231 44 28 II:
528 2230 61 30 587
615 2230 197 37 föreslagna
835 2228 174 39 ökningen
1033 2237 41 20 av
1096 2227 365 38 medelsanvisningen
1484 2228 50 29 till
1559 2237 46 19 nu

118 2284 268 39 ifrågavarande
415 2283 172 29 ändamål.
628 2282 92 29 Även
748 2282 93 29 vissa
869 2281 107 29 andra
1006 2280 190 39 ändringar
1224 2290 41 19 av
1292 2280 313 39 bidragsvillkoren

119 2337 63 29 har
204 2335 184 30 framförts
415 2337 5 28 i
443 2336 152 29 nämnda
618 2335 181 29 motioner.
834 2334 116 38 Enligt
974 2334 188 28 utskottets
1186 2333 140 39 mening
1350 2333 112 29 skulle
1484 2333 122 39 bidrag

121 2390 49 28 till
199 2389 344 38 maskinutrustning
572 2388 178 29 verksamt
778 2387 173 38 befrämja
980 2386 216 29 tillkomsten
1226 2396 41 19 av
1294 2386 312 40 kvalitetsmässigt

119 2443 87 38 goda
229 2442 213 29 verkstäder.
477 2441 177 30 Utskottet
677 2440 191 39 tillstyrker
891 2439 120 30 därför
1034 2439 267 39 ifrågavarande
1324 2440 192 38 yrkanden.
1540 2440 64 29 Vid

119 2495 254 39 bedömningen
401 2504 40 20 av
468 2495 56 29 det
551 2493 253 34 medelsbehov,
832 2502 73 20 som
933 2492 201 39 därigenom
1165 2493 240 39 uppkommer,
1433 2493 61 30 bör
1522 2503 84 30 upp-
