1886 2760
541 177 253 28 Statsutskottets
817 179 163 28 utlåtande
1002 188 38 18 nr
1061 180 17 27 5
1101 181 37 27 år
1160 181 74 27 1962
1595 185 40 29 75

207 253 13 30 I
243 254 110 40 övrigt
375 256 38 29 är
436 255 384 40 departementschefen
844 259 72 29 inte
939 258 127 30 beredd
1089 261 50 28 att
1164 259 127 31 föreslå
1315 261 107 39 några
1446 262 189 39 ändringar

151 307 10 29 i
182 308 157 38 reglerna
359 317 57 21 om
436 309 291 40 bosättningslån.

206 361 49 30 De
273 361 186 31 förordade
476 363 237 40 ändringarna
731 365 9 29 i
760 364 391 32 lånebestämmelserna
1170 367 95 30 torde
1283 368 72 29 inte
1374 368 55 29 för
1447 370 188 29 närvaran-

151 414 41 30 de
219 414 139 40 påkalla
386 416 116 40 någon
529 417 90 30 ökad
647 418 319 40 medelsanvisning
995 420 50 29 till
1075 422 132 28 statens
1235 420 399 41 bosättningslånefond.

206 468 394 40 Departementschefen
626 470 160 31 förordar
810 472 192 30 anvisande
1027 483 41 20 av
1092 476 49 27 ett
1166 473 153 31 formellt
1344 475 135 40 belopp.

208 576 12 28 I
248 575 228 31 förevarande
504 579 254 39 sammanhang
785 579 64 29 har
877 580 170 30 utskottet
1074 581 51 29 till
1153 580 211 42 behandling
1392 582 154 31 förehaft
1573 583 61 30 föl-

149 629 107 38 jande
280 630 183 34 motioner,
488 632 175 39 nämligen

206 682 73 30 dels
304 683 57 30 två
383 684 225 39 likalydande
633 686 182 34 motioner,
840 687 124 30 väckta
990 687 67 29 den
1082 697 64 20 ena
1172 688 94 29 inom
1293 688 109 31 första
1429 689 205 30 kammaren

151 745 42 21 av
209 736 121 30 herrar
345 736 159 41 Ringaby
522 738 64 30 och
607 738 117 40 Virgin
748 739 120 35 (1:57)
892 740 64 29 och
975 740 66 30 den
1059 741 110 30 andra
1187 741 94 30 inom
1301 742 110 30 andra
1430 743 206 30 kammaren

151 799 43 21 av
215 789 124 31 fröken
362 790 243 31 Wetterström
627 793 65 29 och
713 793 80 29 herr
813 793 215 40 Magnusson
1051 795 10 28 i
1083 795 108 29 Borås
1218 795 62 34 (II:
1297 795 74 34 93),
1393 797 10 29 i
1425 796 95 31 vilka
1541 797 95 29 hem-

149 844 124 33 ställts,
290 846 50 28 att
357 844 187 40 riksdagen
560 845 108 30 måtte
685 846 95 30 avslå
797 847 126 39 Kungl.
941 847 123 39 Maj:ts
1083 848 130 40 förslag
1230 858 55 20 om
1303 849 149 40 höjning
1469 860 43 20 av
1528 851 107 29 maxi-

151 897 210 40 mibeloppet
382 897 55 31 för
458 899 139 39 statliga
618 899 281 40 bosättningslån
920 901 79 29 från
1020 901 18 30 3
1053 901 62 30 000
1137 902 52 29 kr.
1211 902 51 29 till
1283 902 19 29 4
1317 902 63 30 000
1402 903 63 34 kr.,

206 950 73 30 dels
295 951 65 30 ock
376 951 42 30 de
435 952 110 29 under
561 953 159 39 punkten
737 953 40 30 23
795 954 155 30 nämnda
967 955 223 39 likalydande
1208 956 219 30 motionerna
1444 957 31 29 I:
1490 957 64 30 333
1571 958 63 29 och

150 1005 48 28 II:
213 1004 63 30 406
299 1005 10 29 i
333 1005 94 30 vilka
450 1023 44 3 —
518 1006 104 29 såvitt
646 1015 47 20 nu
718 1008 38 28 är
780 1007 10 29 i
816 1007 100 39 fråga
938 1026 45 2 —
1007 1008 207 34 hemställts,
1240 1011 49 28 att
1315 1010 189 39 riksdagen
1528 1011 107 30 måtte

151 1057 134 31 besluta
304 1060 51 28 att
372 1059 58 29 vid
448 1058 257 41 behandlingen
723 1070 42 20 av
783 1060 67 30 den
868 1070 42 20 av
929 1061 385 40 departementschefen
1334 1063 199 40 föreslagna
1553 1065 83 29 änd-

151 1112 122 39 ringen
295 1121 42 21 av
358 1113 158 39 reglerna
539 1113 54 30 för
616 1113 201 31 erhållande
839 1124 42 20 av
903 1114 280 40 bosättningslån
1207 1116 162 30 avskaffa
1393 1117 67 29 den
1482 1118 81 29 övre
1585 1119 51 29 in-

151 1165 269 40 komstgränsen
440 1166 80 29 från
539 1167 65 29 och
623 1167 79 30 med
721 1167 67 30 den
810 1168 12 29 1
844 1168 68 39 juli
934 1168 93 30 1962.

206 1218 227 31 Beträffande
455 1220 252 40 motiveringen
729 1220 54 31 för
803 1221 207 40 yrkandena
1030 1222 165 30 hänvisas
1219 1223 48 30 till
1290 1224 220 30 motionerna
1533 1225 45 29 II:
1594 1225 41 30 93

150 1272 65 30 och
237 1272 44 30 I1:
296 1272 75 31 406.

207 1379 186 30 Utskottet.
415 1380 67 30 Vid
504 1380 54 30 sin
580 1380 212 41 behandling
815 1392 43 19 av
879 1382 230 30 förevarande
1132 1383 121 39 anslag
1274 1384 9 29 i
1309 1384 59 29 sitt
1391 1384 180 30 utlåtande
1595 1394 41 20 nr

150 1433 18 29 5
189 1432 208 40 föregående
416 1433 39 30 år
475 1433 185 30 förordade
681 1435 169 29 utskottet
870 1444 42 20 en
933 1436 148 39 översyn
1100 1436 178 39 angående
1299 1446 187 21 normerna
1507 1437 54 30 för
1581 1438 55 30 be-

149 1486 153 40 viljande
319 1496 42 20 av
376 1486 291 41 bosättningslån.
684 1488 66 29 Till
767 1488 114 30 denna
899 1488 219 40 ståndpunkt
1135 1490 114 29 anslöt
1266 1491 51 38 sig
1334 1491 88 29 även
1438 1490 197 40 riksdagen.

152 1540 121 30 Såsom
298 1540 168 40 framgått
489 1550 41 20 av
554 1541 67 29 vad
645 1541 387 40 departementschefen
1056 1542 118 30 anfört
1198 1543 64 29 har
1286 1552 42 21 en
1354 1543 110 30 sådan
1489 1545 145 39 översyn

151 1603 148 20 numera
321 1594 122 39 gjorts.
469 1594 48 30 De
542 1595 189 39 ändringar
757 1605 41 20 av
822 1595 301 40 bidragsreglerna
1150 1605 74 21 som
1250 1597 386 40 departementschefen

149 1647 123 30 härvid
296 1648 180 39 föreslagit
501 1648 116 30 finner
642 1649 169 30 utskottet
837 1649 175 40 lämpliga,
1038 1650 63 29 och
1128 1650 169 30 utskottet
1323 1651 70 29 kan
1418 1651 133 30 således
1577 1661 59 20 an-

151 1701 92 30 sluta
264 1701 51 39 sig
334 1701 53 30 till
407 1701 189 30 desamma.
617 1702 115 30 Härav
752 1702 156 40 framgår
928 1705 50 27 att
998 1703 171 30 utskottet
1188 1704 75 29 icke
1283 1704 154 30 biträder
1457 1704 57 30 det
1534 1705 10 29 i
1565 1714 71 21 mo-

153 1755 157 29 tionerna
336 1755 28 29 I:
380 1755 40 29 57
446 1755 64 29 och
536 1755 44 30 1I:
597 1755 40 30 93
663 1755 196 31 framförda
882 1756 174 39 yrkandet
1080 1766 57 20 om
1162 1759 49 28 att
1235 1757 174 30 bibehålla
1434 1759 201 29 nuvarande

151 1808 251 39 maximigräns
427 1808 55 30 för
506 1808 335 40 bosättningslånen.

207 1861 12 29 I
239 1861 189 40 anledning
448 1870 43 21 av
509 1862 66 29 vad
596 1871 74 20 som
690 1863 11 29 i
721 1863 220 29 motionerna
962 1863 28 29 I:
1007 1863 62 29 333
1091 1863 65 29 och
1177 1863 45 29 II:
1238 1863 63 30 406
1322 1864 145 30 uttalats
1488 1865 148 29 rörande

151 1915 67 29 den
237 1915 80 29 övre
336 1915 308 39 inkomstgränsen
666 1915 54 30 för
739 1915 203 30 erhållande
962 1926 42 19 av
1024 1915 58 30 lån
1101 1916 60 29 vill
1183 1917 170 29 utskottet
1373 1918 116 30 erinra
1509 1927 57 20 om
1586 1920 48 28 atl

151 1968 386 40 departementschefen
555 1969 126 29 uttalat
700 1969 51 39 sig
769 1969 55 30 för
842 1978 43 21 en
904 1969 263 40 uppmjukning
1185 1979 42 20 av
1244 1970 41 29 de
1305 1970 153 39 grunder
1477 1980 75 20 som
1570 1971 66 30 hit-

153 2022 69 29 tills
244 2022 192 39 tillämpats
458 2022 11 29 i
492 2022 93 30 detta
608 2022 169 30 avseende
800 2023 64 29 och
886 2024 51 28 att
958 2023 307 39 inkomstgränsen
1288 2024 121 29 därför
1431 2024 62 30 bör
1515 2025 120 30 kunna

150 2075 141 40 jämkas
314 2076 119 39 uppåt.
457 2076 65 29 Det
544 2076 191 39 väsentliga
759 2076 106 39 syftet
889 2076 79 29 med
991 2076 57 29 det
1070 2077 11 28 i
1104 2077 219 29 motionerna
1347 2077 197 30 framförda
1567 2078 69 29 för-

152 2129 108 39 slaget
279 2129 97 29 torde
395 2129 108 38 enligt
522 2129 188 29 utskottets
731 2129 141 39 mening
891 2129 202 39 därigenom
1114 2130 140 30 komma
1275 2132 51 28 att
1347 2130 210 39 tillgodoses.
1578 2131 54 30 Att

153 2182 70 29 helt
246 2182 96 40 slopa
365 2182 121 30 kravet
507 2182 44 39 på
573 2191 42 20 en
637 2182 70 29 viss
730 2183 80 29 övre
833 2183 262 38 inkomstgräns
1118 2184 38 28 är
1180 2183 170 30 utskottet
1372 2183 89 30 dock
1484 2184 75 30 icke
1582 2184 54 29 be-

152 2237 67 27 rett
243 2237 51 27 att
319 2235 186 39 tillstyrka.

207 2288 187 33 Utskottet,
418 2296 75 21 som
518 2288 75 29 icke
618 2288 8 29 i
651 2288 111 39 övrigt
788 2288 118 29 funnit
931 2288 188 39 anledning
1146 2289 48 28 till
1221 2289 139 29 erinran
1386 2289 83 29 eller
1495 2290 141 29 särskilt

154 2341 178 29 ultalande
352 2341 10 29 i
382 2340 189 40 anledning
591 2350 41 20 av
653 2341 125 38 Kungl.
799 2341 124 39 Maj:ts
944 2341 141 38 förslag,
1106 2341 211 34 hemställer,

474 2394 23 29 I
523 2396 49 28 att
599 2394 186 39 riksdagen
812 2394 57 30 må
895 2394 78 29 med
1000 2394 96 30 bifall
1124 2394 51 29 till
1204 2395 123 38 Kungl.
1356 2395 123 39 Maj:ts
1507 2395 129 39 förslag

414 2449 165 29 ävensom
598 2447 79 30 med
695 2447 118 39 avslag
831 2448 19 29 å
870 2448 218 29 molionerna
1109 2448 28 29 I:
1153 2447 40 30 57
1213 2448 62 29 och
1297 2447 44 30 II:
1358 2448 40 30 93
1419 2450 90 28 samt
1530 2449 27 28 1:
1574 2449 62 29 333

417 2501 65 30 och
506 2501 44 29 II:
567 2500 74 35 406,
665 2501 219 29 sistnämnda
909 2500 106 40 bägge
1039 2501 171 29 motioner
1233 2501 103 29 såvitt
1361 2510 46 21 nu
1432 2502 37 29 är
1495 2502 7 29 i
1528 2502 108 39 fråga,
