1886 2762
510 179 251 28 Statsutskottets
786 177 162 28 utlåtande
970 185 40 19 nr
1032 177 17 27 5
1070 176 38 27 år
1130 176 76 28 1962
1566 176 43 30 69

576 312 576 39 KAPITALBUDGETEN

516 422 154 36 Statens
700 421 193 36 allmänna
922 418 298 50 fastighetsfond

180 529 97 34 92:0)
307 531 101 30 Vissa
428 528 325 41 byggnadsarbeten
776 539 48 19 m.
846 538 47 20 m.
917 527 57 30 vid
996 524 464 41 ungdomsvårdsskolorna.
1484 521 126 40 Kungl.

127 583 104 40 Maj:t
249 583 64 30 har
337 583 130 39 (punkt
487 582 72 34 117,
578 592 26 19 s.
624 581 190 33 259—266)
839 580 179 39 föreslagit
1038 578 187 39 riksdagen
1245 580 50 28 att
1314 578 51 29 till
1387 577 101 30 Vissa
1507 576 104 40 bygg-

126 636 232 31 nadsarbeten
382 645 44 20 m.
452 645 44 20 m.
520 635 57 30 vid
602 634 448 40 ungdomsvårdsskolorna
1075 632 54 30 för
1153 631 205 39 budgetåret
1385 630 140 31 1962/63
1550 639 60 20 an-

127 691 72 29 visa
221 692 47 28 ett
290 689 355 39 investeringsanslag
667 698 41 20 av
730 688 17 29 5
766 687 60 30 100
841 687 63 30 000
927 687 52 29 kr.

183 797 116 30 Under
322 797 115 29 denna
459 796 121 30 rubrik
602 796 64 29 har
689 795 54 29 för
765 793 237 31 innevarande
1025 792 169 40 budgetår
1217 792 154 29 anvisats
1395 792 48 28 ett
1465 790 147 30 investe-

129 851 218 39 ringsanslag
371 860 42 20 av
436 849 95 31 4436
546 849 62 30 000
632 849 52 29 kr.

183 904 357 40 Byggnadsstyrelsen
571 903 64 30 har
667 902 174 30 redovisat
874 901 76 30 sina
983 899 324 40 anslagsäskanden
1339 898 121 29 iform
1494 907 42 20 av
1570 906 41 20 en

131 957 316 40 investeringsplan
466 957 54 30 för
536 956 238 30 innevarande
793 956 65 29 och
878 956 101 28 nästa
997 952 180 41 budgetår.
1198 952 131 29 Planen
1348 951 64 30 har
1432 950 184 40 uppgjorts

132 1011 48 34 så,
197 1013 51 28 att
264 1011 200 30 beräknade
482 1009 253 31 reservationer
751 1009 58 29 vid
828 1007 174 40 utgången
1021 1015 43 21 av
1081 1006 57 30 det
1156 1004 149 41 löpande
1323 1004 205 40 budgetåret
1545 1004 71 29 kan

130 1065 239 39 inkalkyleras
394 1064 12 29 i
431 1062 425 40 förbrukningssiffrorna
881 1061 54 29 för
961 1059 158 40 följande
1144 1057 180 41 budgetår.
1351 1058 13 29 I
1390 1058 148 29 motsats
1565 1056 50 30 till

129 1118 67 30 vad
216 1127 74 20 som
310 1117 126 30 hittills
454 1116 90 30 varit
563 1116 98 30 fallet
681 1116 158 29 kommer
860 1111 413 40 medelsförbrukningen
1293 1112 51 28 att
1364 1110 177 30 redovisas
1562 1110 55 30 för

131 1172 98 39 varje
243 1171 130 30 enskilt
389 1169 321 41 byggnadsprojekt
728 1178 74 21 som
820 1171 38 28 är
875 1170 167 39 upptaget
1058 1168 11 29 i
1086 1168 138 40 planen.
1241 1167 166 30 Däremot
1424 1172 105 32 anges
1545 1163 72 30 inte

132 1226 67 29 hur
215 1225 139 40 mycket
371 1234 42 20 av
427 1223 172 40 beviljade
615 1223 84 30 eller
715 1223 130 30 äskade
862 1222 121 40 anslag
1001 1230 74 21 som
1091 1221 140 40 belöper
1247 1220 45 40 på
1307 1219 98 40 varje
1421 1217 130 32 enskilt
1567 1217 51 30 fö-

133 1281 105 37 retag.

186 1331 393 41 Departementschefen
599 1330 64 29 har
682 1330 54 29 för
755 1330 54 29 sin
829 1329 55 29 del
904 1329 104 39 ingen
1027 1328 141 29 erinran
1188 1328 72 28 mot
1280 1328 51 28 att
1351 1326 165 39 systemet
1536 1323 79 30 med

130 1385 352 40 investeringsplaner
497 1402 44 3 -—
557 1392 75 21 som
649 1383 108 30 redan
774 1382 178 30 användes
969 1381 45 40 på
1031 1381 110 30 andra
1158 1379 168 31 områden
1343 1380 95 28 inom
1457 1376 157 31 statsför-

129 1440 201 38 valtningen
346 1456 45 3 —
407 1438 175 39 tillämpas
600 1438 86 28 även
703 1435 223 30 beträffande
945 1434 229 30 förevarande
1191 1430 365 41 investeringsanslag.

188 1492 74 30 Vad
278 1492 156 30 härefter
449 1490 107 40 angår
572 1490 41 30 de
629 1489 328 40 byggnadsföretag,
974 1496 75 22 som
1066 1488 37 29 är
1120 1486 154 30 aktuella
1290 1485 113 30 under
1417 1485 102 29 nästa
1534 1483 86 30 bud-

133 1546 105 40 getår,
259 1545 167 31 hänvisar
446 1542 386 42 departementschefen
854 1542 51 29 till
927 1543 50 28 att
998 1541 71 29 han
1091 1540 107 29 redan
1219 1540 10 29 i
1252 1539 57 29 det
1331 1537 207 40 föregående
1559 1536 56 30 vid

133 1600 256 38 behandlingen
420 1598 110 29 under
560 1596 262 39 driftbudgeten
853 1605 42 20 av
925 1592 466 42 ungdomsvårdsskolornas
1422 1590 194 39 avlönings-

133 1654 121 38 anslag
272 1652 158 30 förordat
449 1650 234 41 uppförandet
701 1659 41 21 av
760 1659 43 20 en
822 1649 98 40 sjuk-
938 1649 65 29 och
1019 1645 419 40 behandlingsavdelning
1456 1644 58 29 vid
1533 1645 85 38 Rya-

135 1707 129 39 gården
290 1708 91 28 samt
406 1715 42 20 en
474 1704 253 40 elevpaviljong
753 1703 79 29 med
862 1702 38 29 10
927 1702 130 39 platser
1082 1700 58 30 vid
1166 1700 235 38 Håkanstorp.
1429 1698 13 29 I
1469 1698 147 38 angivna

132 1760 255 38 sammanhang
403 1759 62 29 har
480 1758 118 30 vidare
615 1757 175 29 förordats
807 1758 50 28 att
871 1753 386 40 verkstadsbyggnader
1274 1752 166 40 uppföres
1457 1751 58 29 vid
1531 1752 88 37 Rya-

135 1814 128 39 gården
286 1813 66 30 och
376 1812 223 38 Håkanstorp
622 1812 91 28 samt
736 1812 50 27 att
809 1819 43 20 en
876 1818 46 30 ny
946 1806 239 41 skolbyggnad
1209 1805 176 31 anordnas
1408 1804 57 30 vid
1490 1804 128 29 Eknäs.

136 1866 226 31 Beträffande
384 1864 219 31 sistnämnda
624 1862 317 40 byggnadsföretag
962 1861 134 29 erinras
1118 1869 56 19 om
1197 1861 50 28 att
1268 1858 58 30 vid
1349 1858 83 29 1958
1454 1857 57 30 års
1532 1857 87 29 riks-

133 1921 65 39 dag
215 1920 62 30 200
292 1919 63 30 000
374 1919 51 29 kr.
443 1917 183 31 anvisades
645 1917 50 29 till
714 1925 41 20 en
775 1916 111 29 första
904 1916 102 38 etapp
1026 1923 41 20 av
1085 1911 246 41 utbyggnaden
1349 1920 41 20 av
1408 1920 68 30 nya
1495 1910 125 29 under-

137 1973 290 39 visningslokaler
455 1981 44 20 m.
528 1980 44 20 m.
600 1970 57 29 vid
686 1969 154 30 nämnda
869 1968 108 30 skola.
1007 1965 270 40 Ifrågavarande
1305 1963 315 40 byggnadsföretag

137 2028 62 29 har
220 2027 70 29 inte
312 2026 149 29 kommit
483 2025 50 29 till
557 2023 186 30 utförande
764 2022 45 40 på
830 2021 113 39 grund
965 2030 42 20 av
1029 2022 50 28 att
1101 2019 142 30 skolans
1265 2017 166 31 framtida
1455 2017 165 29 funktion

137 2081 88 29 varit
246 2080 103 29 oviss.
371 2079 57 29 Ett
449 2080 77 37 nytt
547 2077 131 38 förslag
699 2076 138 29 baserat
858 2074 45 40 på
924 2076 50 28 att
996 2073 124 30 skolan
1141 2073 10 29 i
1172 2072 71 29 viss
1265 2071 245 38 utsträckning
1532 2070 86 29 skall

138 2134 119 29 kunna
279 2135 33 27 ta
334 2134 93 27 emot
449 2130 224 40 skolpliktiga
696 2129 111 30 elever
829 2129 64 28 har
915 2136 47 20 nu
986 2126 204 29 utarbetats.
1213 2126 48 29 De
1284 2124 54 30 för
1360 2123 199 31 ändamålet
1582 2123 40 29 ti-

138 2187 116 39 digare
278 2185 199 30 beräknade
501 2183 137 30 medlen
662 2183 63 28 har
750 2181 92 30 måst
866 2182 97 37 tagas
987 2180 10 29 i
1022 2178 154 40 anspråk
1201 2178 54 29 för
1279 2179 50 28 att
1353 2176 153 30 bestrida
1528 2176 93 29 vissa

138 2238 266 31 merkostnader
422 2237 54 29 för
495 2235 323 40 byggnadsarbeten
836 2233 57 30 vid
913 2232 118 39 Stigby
1050 2232 63 29 och
1135 2231 151 29 Sundbo.

194 2292 47 30 På
266 2290 114 41 grund
405 2300 41 19 av
471 2289 65 29 den
562 2287 195 40 betydande
783 2285 252 39 utvidgningen
1061 2294 41 20 av
1127 2283 284 39 organisationen
1436 2282 111 29 under
1574 2290 49 21 se-

140 2354 81 21 nare
241 2345 38 29 år
297 2344 65 29 och
382 2343 57 29 det
458 2352 42 19 av
519 2339 386 42 departementschefen
926 2337 186 30 förordade
1132 2336 417 39 byggnadsprogrammet
1570 2334 54 29 för

141 2400 98 29 nästa
267 2396 169 40 budgetår
462 2397 38 28 är
526 2395 57 29 det
610 2393 213 38 nödvändigt
851 2394 50 28 att
928 2390 150 41 uppföra
1104 2389 201 40 ytterligare
1331 2388 211 29 bostadshus
1571 2387 53 30 för

142 2453 89 29 vissa
255 2451 128 29 skolor.
408 2449 66 30 För
499 2447 153 31 nämnda
676 2446 163 30 ändamål
865 2445 172 30 beräknas
1066 2442 92 30 1900
1173 2442 63 30 000
1261 2442 51 29 kr.
1337 2442 166 39 Beloppet
1529 2440 95 30 torde

140 2506 9 29 i
169 2506 53 29 sin
242 2504 114 30 helhel
378 2503 139 29 komma
536 2503 50 28 att
606 2499 187 30 förbrukas
813 2498 111 30 under
943 2499 100 28 nästa
1063 2496 178 39 budgetår.
1262 2496 64 29 Det
1346 2494 146 30 föreslås
1513 2494 35 30 få
1567 2503 58 20 an-
