1868 2762
470 162 304 33 Bankoutskottets
789 160 170 32 memorial
974 172 40 19 nr
1029 164 16 28 1
1064 159 37 31 år
1115 162 82 29 1962
1540 163 40 27 57

92 245 145 38 innebar,
260 249 52 27 att
334 244 150 32 tillstånd
506 243 50 31 till
578 242 125 32 sådana
724 241 102 39 inköp
847 240 28 39 ej
899 241 112 39 längre
1032 239 170 32 lämnades
1223 248 153 29 personer
1396 236 185 40 utflyttade

92 299 70 32 före
175 299 64 31 den
255 302 16 27 1
286 296 130 41 januari
432 300 90 33 1957,
537 295 90 32 vilka
641 295 102 40 enligt
757 294 141 32 svenska
912 293 187 40 åtaganden
1120 292 4 31 i
1139 291 119 33 OEEC
1274 291 151 39 (numera
1440 289 139 40 OECD)

91 355 77 37 äger
181 354 70 29 rätt
266 355 53 27 att
334 351 111 31 utföra
460 350 73 31 sina
547 349 142 32 innehav
705 359 43 21 av
765 347 228 39 värdepapper
1007 346 62 32 och
1085 345 209 32 beträffande
1309 344 90 31 vilka
1412 363 43 4 —
1470 343 10 32 i
1496 347 84 28 mot-

92 410 68 27 sats
184 405 49 31 till
258 405 67 31 vad
349 415 70 21 som
443 403 101 41 gäller
566 402 50 32 för
641 413 113 20 senare
778 400 184 40 utflyttade
984 419 43 4 —
1051 398 351 40 valutamyndigheten
1426 397 72 32 icke
1521 396 60 32 har

91 458 198 40 befogenhet
304 462 53 27 att
371 468 71 21 som
457 456 119 32 villkor
590 455 51 32 för
656 454 268 40 inköpstillstånd
940 452 191 38 föreskriva,
1147 456 53 28 att
1214 451 151 32 aktierna
1379 451 84 31 skall
1477 450 104 32 hållas

92 512 10 31 i
117 512 135 39 spärrad
267 511 85 39 depå
365 510 60 32 hos
439 509 121 32 svensk
574 509 99 31 bank.
688 508 125 40 Regeln
828 506 230 33 modifierades
1072 517 114 20 senare
1199 505 104 32 under
1317 505 70 31 året
1402 504 10 32 i
1426 504 89 39 syfte
1529 508 52 27 att

92 565 120 32 bereda
232 564 104 31 härav
357 563 140 32 berörda
518 562 294 32 utlandssvenskar
834 560 65 33 viss
922 559 171 41 möjlighet
1115 563 53 27 att
1189 559 129 39 placera
1338 557 213 40 besparingar
1572 557 9 31 i

92 618 106 32 aktier
220 618 11 31 i
253 616 200 38 hemlandet;
476 627 41 20 en
540 615 266 36 utlandssvensk,
829 625 70 20 som
922 613 175 40 emigrerat
1118 612 70 31 före
1210 612 63 31 den
1297 615 15 27 1
1337 610 130 40 januari
1491 613 89 34 1957,

92 672 67 31 kan
179 671 149 39 påräkna
347 669 150 32 tillstånd
519 673 53 27 att
593 668 122 39 inköpa
735 667 62 32 och
818 667 111 31 utföra
951 666 141 31 svenska
1113 665 107 32 aktier
1240 665 83 31 intill
1345 668 50 28 ett
1416 664 102 31 värde
1539 675 41 20 av

94 728 18 29 5
125 728 60 28 000
203 725 121 30 kronor
341 734 58 29 per
416 722 202 37 kalenderår,
637 721 118 32 varvid
772 721 134 31 förvärv
924 730 71 21 som
1013 720 86 39 regel
1117 719 85 31 dock
1219 718 28 39 ej
1268 717 166 41 medgives
1452 728 70 20 mer
1539 719 43 29 än

93 790 41 20 en
149 777 276 40 familjemedlem.
442 776 65 31 För
523 775 302 36 utlandssvenskar,
844 784 70 21 som
930 772 175 41 emigrerat
1120 772 37 31 år
1174 775 79 28 1957
1270 772 76 31 eller
1362 782 122 26 senare,
1502 771 79 31 läm-

93 842 60 21 nas
173 830 150 33 tillstånd
344 829 50 32 till
415 828 103 40 inköp
539 840 42 20 av
604 828 140 31 svenska
766 826 107 33 aktier
893 831 84 27 utan
998 826 93 39 dylik
1112 824 330 41 värdebegränsning,
1465 824 117 31 varvid

93 885 84 32 dock
203 883 173 40 stipuleras
400 887 53 27 att
477 883 41 30 de
542 881 197 32 förvärvade
764 880 149 32 aktierna
939 880 83 31 skall
1047 879 146 40 inläggas
1217 878 10 32 i
1253 878 135 39 spärrad
1414 878 84 39 depå
1523 877 59 32 hos

94 938 120 32 svensk
231 936 215 32 valutabank.

134 992 82 32 Året
230 993 60 31 har
304 992 50 32 till
369 991 83 39 följd
467 1003 44 20 av
526 990 262 40 åtstramningen
804 1001 41 20 av
862 989 209 32 likviditeten
1087 989 89 31 inom
1191 988 114 31 landet
1319 986 263 32 kännetecknats

94 1058 43 20 av
154 1051 51 27 ett
221 1046 81 31 ökat
318 1045 97 39 tryck
432 1049 72 27 mot
520 1043 181 40 upplåning
717 1043 61 32 och
796 1042 218 32 anskaffande
1031 1053 42 20 av
1091 1041 144 31 krediter
1250 1040 200 32 utomlands.
1468 1039 115 32 Såsom

95 1099 182 32 meddelats
293 1098 11 32 i
319 1098 226 40 redogörelsen
560 1097 52 31 för
630 1100 80 28 1960
726 1096 168 39 tillämpas
910 1094 315 40 valutaregleringen
1242 1094 43 39 på
1302 1097 49 28 ett
1366 1093 123 31 sådant
1505 1095 77 36 sätt,

94 1157 53 28 att
175 1153 63 31 den
266 1152 111 31 stöder
405 1151 217 31 riksbankens
650 1149 265 40 kreditpolitiska
943 1148 162 40 åtgärder.
1134 1148 48 31 På
1211 1151 50 27 ett
1288 1146 122 40 viktigt
1438 1146 143 37 område,

95 1206 164 40 nämligen
273 1205 57 32 det
343 1216 70 20 som
427 1204 161 32 omfattar
602 1204 40 31 de
656 1202 239 33 kommersiella
909 1201 198 37 krediterna,
1122 1204 120 28 utövas
1256 1199 180 33 emellertid
1451 1199 131 31 restrik-

95 1261 106 31 tioner
215 1260 118 32 endast
348 1260 10 31 i
373 1259 184 40 begränsad
572 1257 212 40 omfattning.
799 1257 248 39 Importörerna
1062 1258 36 28 är
1114 1254 101 40 enligt
1230 1253 183 41 stadgande
1428 1253 10 31 i
1454 1253 128 31 valuta-

94 1313 232 40 förordningen
347 1312 233 33 oförhindrade
602 1316 52 27 att
676 1310 154 40 utnyttja
852 1309 148 32 normala
1022 1308 144 31 krediter
1187 1307 73 32 från
1284 1306 151 40 säljarna.
1458 1307 125 38 Expor-

95 1370 148 28 törernas
263 1366 215 40 mottagande
499 1376 42 21 av
563 1365 144 31 förskott
726 1364 74 31 från
821 1363 71 31 sina
912 1363 123 37 köpare
1055 1361 60 31 har
1135 1361 9 31 i
1165 1361 63 31 den
1249 1360 171 39 praktiska
1440 1359 143 39 tillämp-

95 1420 120 40 ningen
235 1431 44 20 av
301 1417 363 34 valutaföreskrifterna
685 1417 72 31 icke
777 1416 157 40 reglerats
955 1419 105 27 annat
1081 1416 44 29 än
1146 1414 10 30 i
1177 1413 256 40 undantagsfall.
1455 1412 129 39 Uppta-

96 1474 106 39 gande
216 1484 44 20 av
275 1472 234 32 motsvarande
524 1471 144 31 krediter
682 1470 60 32 hos
758 1469 104 32 andra
876 1471 43 29 än
934 1467 361 33 affärsförbindelserna
1309 1465 188 32 förhindras
1512 1466 72 30 där-

96 1530 90 28 emot
212 1537 117 29 genom
357 1524 416 32 valutabestämmelserna.
800 1522 69 31 Det
894 1522 89 31 finns
1009 1520 177 40 anledning
1212 1524 123 35 antaga
1361 1523 53 28 att
1440 1519 145 31 krediter

96 1580 118 31 mellan
236 1579 122 39 köpare
377 1578 61 32 och
460 1577 118 39 säljare
597 1576 169 40 utnyttjas
788 1576 9 30 i
818 1575 191 39 betydande
1028 1573 230 40 utsträckning
1277 1573 51 31 för
1347 1576 53 28 att
1419 1572 166 32 förbättra

96 1632 218 32 likviditeten.

138 1691 16 31 I
179 1691 93 39 fråga
296 1701 54 20 om
376 1690 63 31 den
465 1688 203 40 långfristiga
695 1687 182 32 finansiella
903 1686 222 39 upplåningen
1152 1684 198 37 utomlands,
1376 1683 210 32 beträffande

98 1744 109 31 vilken
223 1742 265 40 ansökningarna
504 1742 81 31 ökat
601 1741 104 32 under
721 1741 80 36 året,
819 1740 59 31 har
895 1739 56 31 vid
968 1738 205 40 prövningen
1188 1738 128 39 hänsyn
1333 1737 102 40 tagits
1451 1736 49 32 till
1518 1748 66 20 om-

98 1796 269 40 ständigheterna
383 1795 74 31 från
474 1795 58 32 fall
550 1794 49 32 till
617 1795 57 30 fall
691 1794 62 31 och
771 1793 231 31 eftersträvats
1020 1796 52 26 att
1090 1791 160 40 begränsa
1267 1791 145 30 effekten
1431 1790 42 39 på
1492 1790 93 31 likvi-

98 1850 190 39 ditetsläget
312 1848 88 32 inom
425 1848 115 31 landet
564 1859 42 19 av
631 1847 113 31 lånens
769 1845 223 40 upptagande.
1017 1844 114 32 Under
1154 1844 72 31 året
1250 1843 136 31 bifallna
1410 1843 175 31 framställ-

98 1902 115 40 ningar
236 1901 128 40 uppgår
388 1901 49 31 till
463 1901 220 38 sammanlagt
708 1899 138 40 ungefär
870 1902 59 27 750
956 1898 74 30 mkr
1052 1897 62 31 och
1138 1896 60 31 har
1223 1896 10 31 i
1257 1901 89 26 stora
1371 1896 80 40 drag
1476 1900 111 27 avsett

97 1957 211 39 finansiering
326 1967 43 20 av
388 1953 237 40 investeringar
644 1953 9 31 i
672 1952 162 36 utlandet,
855 1950 183 40 långfristig
1056 1949 369 40 exportkreditgivning,
1445 1949 140 39 fartygs-

98 2011 128 39 byggen
247 2014 87 27 samt
353 2008 179 32 utländska
551 2007 113 39 bolags
682 2005 212 39 finansiering
913 2015 42 20 av
976 2003 209 39 dotterbolag
1205 2003 9 30 i
1234 2002 140 40 Sverige.
1395 2002 112 31 Lånen
1528 2002 59 31 har

99 2062 179 32 emellertid
296 2061 117 32 hittills
430 2060 184 32 realiserats
632 2059 118 31 endast
767 2058 50 31 till
835 2058 100 39 något
953 2056 127 31 mindre
1098 2059 42 28 än
1158 2056 136 36 hälften;
1314 2056 57 30 det
1388 2055 49 31 till
1455 2055 132 40 Sverige

99 2117 178 38 hemtagna
295 2115 154 38 beloppet
468 2112 128 40 uppgår
614 2112 48 31 till
682 2111 136 40 ungefär
836 2114 59 27 270
915 2110 83 31 mkr.
1017 2109 74 31 Den
1110 2108 135 32 relativt
1263 2109 73 39 låga
1354 2108 232 39 utnyttjande-

99 2169 121 40 graden
246 2167 274 39 sammanhänger
545 2166 84 30 bl.a.
656 2165 74 30 med
756 2168 52 26 att
834 2163 176 39 tillgången
1038 2161 258 31 internationellt
1321 2161 42 38 på
1388 2161 200 39 långfristigt

100 2221 134 39 kapital,
255 2220 50 31 till
325 2219 139 31 skillnad
485 2219 73 30 från
579 2216 207 39 kortfristigt,
808 2218 36 28 är
863 2215 192 39 begränsad.
1076 2214 106 31 Detta
1202 2214 98 39 gäller
1319 2214 9 30 i
1349 2214 179 38 synnerhet
1548 2215 38 29 de

99 2274 136 39 fåtaliga
258 2271 405 40 obligationsmarknader,
689 2280 69 20 som
783 2269 69 30 står
875 2268 48 31 till
949 2267 84 31 buds
1057 2267 49 30 för
1132 2266 241 31 internationell
1397 2266 190 40 upplåning.

141 2327 158 31 Summan
319 2336 41 20 av
380 2324 104 31 under
503 2324 71 30 året
594 2322 151 31 lämnade
765 2321 148 31 tillstånd
934 2320 48 30 till
1003 2320 130 30 direkta
1152 2319 235 39 investeringar
1407 2319 8 30 i
1436 2319 152 31 utlandet

101 2382 96 37 utgör
214 2381 91 33 345,5
323 2378 82 30 mkr.
424 2375 244 40 Utnyttjandet
685 2386 42 19 av
746 2373 200 36 tillstånden,
966 2372 104 31 vilket
1087 2372 9 30 i
1114 2371 88 31 vissa
1218 2372 57 31 fall
1292 2372 149 30 kommer
1457 2376 52 26 att
1527 2375 62 36 äga

100 2444 71 19 rum
193 2432 104 30 under
316 2442 39 19 en
377 2429 147 39 tidrymd
546 2440 42 19 av
609 2428 80 31 flera
709 2428 45 36 år,
776 2427 65 30 kan
863 2426 69 31 icke
955 2428 149 28 närmare
1125 2424 145 39 angivas.
1292 2424 297 40 Överhuvudtaget

100 2489 36 27 är
157 2486 40 29 de
217 2485 50 30 för
287 2483 198 31 riksbanken
509 2480 200 41 tillgängliga
730 2479 208 40 uppgifterna
963 2489 69 20 som
1055 2479 83 38 regel
1161 2478 68 30 icke
1252 2478 193 39 tillräckliga
1467 2478 50 31 för
1537 2483 51 26 att
