1886 2818
291 145 19 29 8
750 146 273 31 Statsutskottets
1048 145 176 31 utlåtande
1249 154 41 21 nr
1315 147 27 28 1.

340 232 122 36 Kungl.
487 230 118 37 Maj:ts
626 231 130 36 förslag
778 230 147 30 rörande
946 228 358 37 medelsanvisningen
1325 229 112 30 under
1457 229 154 35 anslaget
1632 228 66 30 har
1719 227 77 30 icke

296 282 81 37 givit
399 283 164 29 utskottet
586 281 186 36 anledning
793 280 51 31 till
868 280 148 30 erinran.

340 333 171 30 Utskottet
529 331 55 31 får
601 330 101 32 alltså
720 331 192 35 hemställa,

649 427 50 27 att
717 423 186 36 riksdagen
922 421 58 31 må
997 422 50 31 till
1069 421 72 31 Ved
1160 420 66 31 och
1247 420 57 31 kol
1322 420 57 37 för
1398 420 42 31 de
1459 420 117 37 kungl.
1596 419 126 31 slotten
1741 419 56 33 för

603 472 201 39 budgetåret
827 469 143 34 1945/46
988 471 121 32 anvisa
1130 475 47 27 ett
1196 472 118 36 anslag
1332 480 45 22 av
1396 472 63 30 357
1473 471 64 32 000
1555 471 141 30 kronor.

341 576 200 31 Stockholm
559 575 69 31 den
647 575 42 30 30
709 573 137 38 januari
869 573 94 31 1945.

798 673 49 31 På
863 673 268 31 statsutskottets
1148 672 143 36 vägnar:

851 774 30 31 J.
907 774 37 31 B.
973 771 271 33 JOHANSSON.

340 1128 55 25 Vid
414 1126 181 27 förestående
614 1126 121 25 ärendes
755 1124 233 32 slutbehandling
1006 1123 79 25 inom
1106 1122 139 25 utskottet
1264 1122 74 24 hava
1357 1121 127 25 närvarit

336 1186 71 27 från
441 1186 138 26 första
615 1185 180 25 kammaren:
824 1173 101 47 hevnrar
951 1173 101 47 Johan
1073 1181 153 26 Bernhard
1254 1180 176 30 Johansson,
1459 1178 175 31 Lindström,
1657 1177 146 30 Gränebo,

296 1230 75 27 Sven
391 1229 136 29 Larsson,
553 1227 159 30 Bäcklund,
736 1226 149 26 Bernhard
908 1225 125 29 Nilsson,
1058 1224 133 32 Heiding,
1214 1222 121 30 Boman,
1362 1222 154 30 Gillström,
1537 1220 125 32 Berling,
1685 1220 119 27 Gunnar

299 1271 163 26 Andersson
482 1270 55 26 och
555 1269 179 30 Albertsson;
752 1270 74 24 samt

339 1329 69 26 från
431 1329 126 26 andra
587 1329 181 25 kammaren:
790 1327 102 25 herrar
915 1325 160 30 Törnkvist,
1098 1323 149 33 Skoglund
1271 1322 9 26 i
1301 1322 184 32 Dowerstorp,
1510 1321 140 27 Eriksson
1674 1320 10 26 i
1704 1319 99 29 Stoek-

299 1372 87 30 holm,
403 1371 148 27 Svensson
576 1370 10 26 i
602 1369 140 29 Grönvik,
767 1368 95 32 Ward,
887 1367 164 27 Pettersson
1075 1366 9 25 i
1106 1365 84 30 Dahl,
1213 1365 164 25 Andersson
1401 1364 9 25 i
1433 1363 115 30 Malmö,
1570 1363 134 33 Staxäng,
1729 1361 74 31 Hall,

299 1414 163 32 Lindholm,
481 1413 112 26 Boman
613 1412 9 25 i
643 1411 106 34 Kieryd
771 1410 54 26 och
845 1409 150 26 Petterson
1014 1408 10 25 i
1042 1407 165 33 Degerfors.

536 2463 108 23 457104.
683 2460 175 28 Stockholm,
878 2459 80 24 Isaac
976 2457 112 25 Marcus
1107 2453 377 34 Boktryckeri-Aktiebolag,
1506 2452 74 26 1945.
