1890 2830
554 144 275 32 Statsutskottets
855 144 175 32 utlåtande
1054 155 43 21 nr
1121 148 28 29 1.
1582 143 20 30 5

611 275 158 51 Kungl.
798 275 283 40 slottsstaten.

138 406 68 40 5:0)
227 407 121 38 Polis-,
366 408 65 36 lys-
449 408 67 30 och
533 406 223 38 renhållning
773 410 92 28 samt
882 408 283 31 brandväsendet
1181 408 59 31 vid
1259 410 43 30 de
1320 410 120 36 kungl.
1460 410 139 31 slotten.

94 458 123 37 Kungl.
237 457 101 37 Maj:t
354 459 63 30 har
436 458 176 37 föreslagit
629 458 184 37 riksdagen
837 459 123 38 (punkt
981 460 49 35 10,
1046 469 27 22 s.
1096 459 138 40 12—16)
1258 463 49 28 att
1326 460 49 31 till
1396 461 116 39 Polis-,
1533 462 65 36 lys-

94 510 65 30 och
175 508 219 39 renhållning
411 513 90 27 samt
515 510 278 30 brandväsendet
808 509 58 33 vid
881 510 42 30 de
938 510 116 36 kungl.
1072 510 123 30 slotten
1214 510 55 31 för
1285 510 200 37 budgetåret
1504 508 94 42 1945/

95 561 41 30 46
150 561 122 30 anvisa
287 564 47 27 ett
349 561 120 36 anslag
482 570 42 21 av
539 561 64 30 468
616 561 64 30 000
695 561 139 30 kronor.

138 661 433 31 Riksmarskalksämbetet
588 662 64 30 har
667 662 11 30 i
696 662 54 30 sin
765 662 66 30 den
847 663 39 29 27
905 662 144 31 oktober
1071 663 83 30 1944
1170 666 214 33 gemensamt
1399 663 80 31 med
1493 664 103 36 bygg-

93 713 257 36 nadsstyrelsen
365 712 146 37 avgivna
526 713 183 37 utredning
728 713 186 37 föreslagit,
932 716 49 28 att
997 714 233 31 kostnaderna
1246 714 56 30 för
1316 714 206 37 bevakning,
1540 715 56 30 be-

94 764 137 37 lysning
249 764 66 30 och
334 763 217 38 renhållning
567 764 57 31 vid
641 764 41 30 de
699 765 118 36 kungl.
835 765 123 30 slotten
976 766 163 30 ävensom
1156 765 56 30 för
1229 765 163 37 avlöning
1410 765 50 31 till
1476 765 122 31 härför

94 815 203 37 erforderlig
311 816 160 35 personal
487 815 87 31 efter
589 815 265 37 omläggningen
874 825 42 21 av
933 816 445 37 fastighetsredovisningen
1395 816 137 32 anvisas
1548 820 49 28 att

94 865 80 38 utgå
196 865 81 31 från
297 869 46 28 ett
366 866 54 31 för
442 866 159 37 samtliga
622 867 80 30 slott
722 871 214 32 gemensamt
956 868 129 36 anslag.
1109 867 389 37 Departementschefen
1522 868 74 35 har,

94 917 110 31 under
218 917 139 31 erinran
372 927 57 21 om
444 921 50 28 att
511 918 70 30 han
598 918 165 37 tillstyrkt
778 918 163 37 förslaget
956 918 51 31 till
1023 918 221 37 omläggning
1260 929 43 21 av
1319 919 276 37 fastighetsredo-

94 968 192 38 visningen,
304 969 110 31 under
435 969 228 30 förevarande
686 970 112 35 punkt
817 969 50 30 till
886 969 212 37 behandling
1117 969 157 37 upptagit
1297 971 141 30 slottens
1459 971 137 30 kostna-

93 1019 61 31 der
172 1020 54 30 för
243 1029 50 21 nu
314 1019 265 37 ifrågavarande
599 1019 173 32 ändamål.

138 1071 66 30 Till
222 1070 90 37 följd
330 1081 43 21 av
392 1071 65 31 der
478 1071 154 31 ändrade
652 1071 446 37 fastighetsredovisningen
1117 1073 143 30 komma
1280 1072 41 31 de
1339 1072 11 30 i
1368 1082 49 21 nu
1437 1072 159 37 gällande

93 1125 105 28 stater
217 1122 56 30 för
294 1122 42 31 de
353 1123 116 36 kungl.
494 1123 123 30 slotten
640 1126 178 33 upptagna
837 1123 237 30 inkomsterna
1097 1126 49 27 att
1166 1123 50 30 till
1239 1124 124 30 största
1385 1124 98 30 delen
1505 1124 90 30 bort-

94 1172 94 32 falla.
206 1173 149 31 Slottens
368 1182 85 28 egna
467 1173 191 31 inkomster
671 1173 115 37 uppgå
801 1174 107 36 jämte
925 1174 166 37 bidragen
1106 1173 80 31 från
1201 1174 312 37 djurgårdskassan
1531 1174 73 35 och.

93 1224 610 37 grusförsäljningsmedelsfonderna
733 1229 91 27 samt
851 1225 59 31 det
940 1225 170 31 särskilda
1141 1226 154 36 anslaget
1327 1225 56 31 för
1415 1224 185 32 underhåll

93 1285 45 21 m.
157 1286 44 20 m.
219 1286 43 21 av
280 1276 297 37 Drottningholms
595 1287 45 20 m.
659 1276 37 30 fl.
715 1277 118 36 kungl.
854 1277 79 30 slott
949 1276 104 37 enligt
1070 1276 41 31 de
1131 1276 55 31 för
1205 1276 235 31 innevarande
1456 1277 139 36 budget-

93 1325 38 32 år
154 1327 196 31 fastställda
373 1331 151 27 staterna
551 1327 50 31 till
625 1328 231 36 sammanlagt
879 1328 64 30 629
957 1328 63 30 255
1048 1328 138 31 kronor.
1213 1327 97 31 Efter
1333 1328 265 37 omläggningen

94 1387 42 22 av
153 1378 264 37 redovisningen
434 1379 110 30 skulle
564 1378 189 31 emellertid
773 1379 108 30 härav
901 1379 146 30 allenast
1064 1382 45 27 ett
1128 1379 124 37 belopp
1271 1389 43 20 av
1332 1380 41 29 40
1387 1379 63 31 200
1468 1380 138 41 kronor

94 1428 114 32 såsom
232 1430 171 30 särskilda
427 1429 290 37 uppbördsmedel
738 1430 175 30 redovisas
935 1430 111 30 under
1067 1430 192 36 respektive
1283 1431 212 30 slottsstater.
1519 1429 80 32 Med

93 1480 188 37 anledning
299 1481 108 30 härav
425 1479 109 32 måste
552 1481 141 30 slottens
712 1480 486 31 administrationskostnader
1215 1480 79 31 från
1313 1481 66 30 och
1400 1481 80 30 med
1498 1481 98 31 nästa

93 1531 167 37 budgetår
274 1531 51 31 till
343 1533 124 29 största
483 1532 98 30 delen
597 1532 122 30 täckas
729 1540 125 28 genom
870 1531 188 31 anvisande
1074 1541 41 21 av
1132 1531 134 31 direkta
1280 1532 132 36 anslag.

136 1582 434 31 Riksmarskalksämbetet
588 1583 65 30 har
670 1583 81 30 med
768 1582 140 37 ledning
925 1592 44 21 av
989 1582 296 37 framställningar
1304 1581 80 32 från
1401 1582 194 31 ståthållar-

93 1634 182 30 ämbetena
298 1633 57 31 vid
381 1634 41 30 de
447 1634 117 36 kungl.
587 1634 124 30 slotten
736 1634 171 30 beräknat
929 1633 278 31 medelsbehovet
1230 1633 56 31 för
1308 1635 103 30 nästa
1431 1632 166 38 budgetår

95 1685 109 30 under
222 1684 227 32 förevarande
464 1685 120 37 anslag
601 1684 50 31 till
668 1685 231 35 sammanlagt
916 1685 64 30 516
992 1686 62 29 800
1072 1685 138 36 kronor,
1229 1694 105 21 varav
1351 1685 188 30 emellertid
1553 1688 45 28 ett

92 1735 125 37 belopp
235 1745 43 21 av
296 1736 42 30 48
351 1736 64 30 300
436 1736 129 30 kronor
583 1735 75 31 icke
676 1736 151 29 behöver
846 1735 148 36 anvisas,
1015 1736 83 30 enär
1117 1735 170 31 särskilda
1305 1735 290 37 uppbördsmedel

94 1787 65 30 och
178 1787 123 36 bidrag
321 1786 79 31 från
418 1786 326 36 hovförvaltningen
763 1786 51 30 till
833 1787 194 30 avlönande
1046 1796 42 22 av
1111 1786 92 31 vissa
1221 1786 58 30 vid
1301 1785 295 32 ståthållarämbe-

94 1841 79 27 tena
194 1838 171 30 anställda
382 1837 341 36 befattningshavare
738 1838 173 30 beräknas
928 1838 143 29 komma
1089 1840 48 27 att
1155 1837 134 37 inflyta.
1310 1837 288 36 Nettoutgifterna

95 1889 108 30 under
223 1889 154 36 anslaget
397 1889 91 30 hava
508 1887 146 32 sålunda
672 1888 189 30 beräknats
877 1888 50 30 till
947 1889 64 29 468
1026 1889 62 29 500
1109 1889 138 29 kronor.
1269 1888 73 30 Den
1362 1889 160 29 närmare
1540 1888 55 31 be-

95 1940 192 36 räkningen
307 1949 44 21 av
368 1939 276 31 medelsbehovet
662 1939 55 30 för
736 1939 44 30 de
796 1940 117 35 kungl.
936 1940 123 29 slotten
1078 1938 156 36 framgår
1250 1948 42 21 av
1311 1948 42 21 en
1372 1949 41 20 av
1433 1939 163 30 riksmar-

94 1991 271 30 skalksämbetet
380 1990 173 36 uppgjord
570 1989 319 31 sammanfattande
905 1989 94 30 tablå
1016 1990 80 29 över
1113 1989 242 37 statförslagen
1371 1990 55 30 för
1443 1990 41 30 de
1505 1990 91 30 olika

96 2042 133 35 slotten,
249 2041 114 30 vilken
382 2040 113 32 såsom
515 2040 113 37 bilaga
648 2040 112 36 fogats
782 2040 49 31 till
852 2039 375 37 statsrådsprotokollet
1246 2041 66 29 och
1330 2040 50 30 till
1402 2040 114 31 vilken
1536 2041 63 29 här

93 2092 173 30 hänvisas.

138 2143 65 30 Till
226 2143 113 35 polis-,
362 2144 65 35 lys-
454 2143 65 30 och
542 2141 219 37 renhållning
784 2146 90 26 samt
896 2142 277 30 brandväsendet
1196 2142 56 30 vid
1277 2142 218 30 Stockholms
1519 2143 77 29 slott

93 2194 181 30 anvisades
294 2193 56 31 för
371 2192 201 37 budgetåret
595 2190 137 37 1943/44
754 2194 120 34 anslag
896 2192 20 30 å
939 2193 229 35 sammanlagt
1190 2194 40 28 74
1244 2193 63 29 000
1331 2194 139 36 kronor,
1492 2202 104 21 varav

94 2245 18 29 3
127 2245 63 30 500
209 2245 131 29 kronor
348 2238 18 46 å
397 2244 211 36 tilläggsstat.
628 2244 66 29 För
712 2245 100 29 nästa
832 2242 166 37 budgetår
1019 2244 63 29 har
1101 2243 421 30 riksmarskalksämbetet
1540 2244 55 29 be-

93 2296 125 29 räknat
238 2295 276 30 medelsbehovet
537 2294 109 30 under
667 2295 153 35 anslaget
843 2294 47 29 till
915 2294 60 29 109
990 2295 59 28 581
1074 2294 129 29 kronor
1223 2295 81 28 eller
1324 2294 10 29 i
1359 2295 170 28 avrundat
1550 2294 46 29 tal

99 2347 58 28 109
173 2347 62 28 500
253 2346 138 29 kronor.
412 2345 432 30 Riksmarskalksämbetet
865 2345 63 29 har
947 2344 56 29 vid
1024 2344 98 30 dessa
1143 2344 231 35 beräkningar
1393 2343 108 36 utgått
1519 2343 78 30 från

95 2397 41 29 de
152 2395 174 31 bokförda
343 2396 184 35 utgifterna
546 2395 55 31 för
620 2395 265 36 ifrågavarande
905 2394 162 31 ändamål!
1087 2395 55 30 för
1159 2395 217 30 Stockholms
1396 2396 78 29 slott
1491 2396 109 29 under

94 2445 200 36 budgetåret
313 2443 151 38 1943/44,
482 2446 91 30 vilka
590 2445 144 37 uppgått
751 2446 50 29 till
818 2446 39 29 76
871 2446 62 29 917
951 2446 137 30 kronor.
1108 2445 125 30 Vidare
1247 2446 63 29 har
1327 2446 148 29 ämbetet
1491 2448 108 28 ansett
