1906 2848
285 152 43 31 30
737 155 257 34 Statsutskottets
1016 158 169 32 utlåtande
1209 159 51 31 Nr
1284 163 51 28 66.

338 232 31 32 d.
392 233 160 32 Arvoden
583 234 49 31 till
662 234 251 34 bibliotekarier
940 237 58 32 vid
1029 237 252 33 humanistiska

436 286 193 34 sektionens
653 289 342 33 seminariebibliotek.
1008 318 271 5 ..........
1303 292 124 32 kronor
1461 288 12 48 =
1489 294 98 38 2,400

340 350 26 21 e.
392 340 137 32 Arvode
552 340 51 32 till
626 341 256 34 icke-ordinarie
907 344 302 33 exercitiemästare
1245 373 30 4 ..
1519 348 64 31 600

338 393 23 31 f.
393 393 137 33 Arvode
554 394 49 32 till
627 395 207 40 tjänsteman
859 398 20 30 å
903 397 306 42 indragningsstat:

434 446 177 43 Raquette,
637 448 39 32 G.
703 449 56 39 H.,
783 449 131 40 docent,
940 451 230 41 personligen.
1273 464 97 35 «2
1439 455 146 47 --6,000
1636 465 145 38 418,585

282 509 29 30 4.
338 507 152 34 Särskild
514 509 214 34 löneförmån
754 511 50 32 till
827 512 255 34 icke-ordinarie
1106 514 207 40 tjänsteman
1340 542 247 6 ..........
1716 519 67 31 800

1288 586 144 33 Summa
1457 587 124 33 kronor
1604 590 176 38 1,244,685

619 662 232 34 Anmärkningar
872 663 45 26 till
936 663 146 34 avdelning
1101 664 25 27 I.
1146 673 35 18 av
1199 665 246 34 avlöningsstaten.

325 712 24 26 1.
368 704 101 42 Årliga
494 715 264 33 arrendebeloppen
785 717 45 25 för
856 717 34 25 de
910 718 202 26 universitetet
1131 719 146 33 tillhöriga
1297 720 196 33 ängslotterna
1516 721 4 25 i
1540 722 238 26 Kannikmarken

278 756 90 32 jämte
387 757 36 26 de
444 758 91 27 under
554 760 129 33 anslaget
702 761 43 26 till
764 761 78 26 vissa
861 763 192 32 ersättningar
1066 771 37 18 m.
1118 772 37 17 m.
1170 766 147 31 upptagna
1330 764 136 33 vederlag
1480 765 45 26 för
1543 766 63 32 fyra
1621 767 159 31 ängslotter

279 801 17 25 å
315 803 193 32 sammanlagt
532 804 52 25 800
610 805 106 26 kronor
738 806 46 25 för
805 806 32 25 år
861 807 81 25 skola
962 808 117 25 sarskilt
1097 808 136 26 bokföras
1253 809 52 25 och
1326 809 150 26 redovisas
1496 810 43 25 till
1558 806 219 42 ålderstilläggs-

278 846 118 32 fonden,
417 855 66 18 vars
506 848 167 34 behållning
696 850 64 25 från
785 853 42 23 ett
849 851 173 32 föregående
1045 852 32 26 år
1101 853 92 25 under
1216 853 48 26 det
1285 854 129 32 följande
1434 854 62 26 året
1514 855 148 26 användes
1682 856 95 25 såsom

278 890 102 33 bidrag
398 891 43 26 till
462 892 184 27 bestridande
666 902 35 18 av
721 895 157 32 utgifterna
896 896 45 26 för
956 897 196 33 ålderstillägg
1164 898 30 25 åt
1208 898 286 33 befattningshavare
1507 899 48 26 vid
1568 900 209 26 universitetet.

323 935 24 26 2.
367 936 194 34 Besparingar
579 938 17 25 å
615 938 128 33 följande
763 940 223 33 anslagsposter,
1004 942 158 32 nämligen:
1177 943 220 32 anslagsposten
1412 943 23 25 1.
1453 952 23 17 a.
1492 944 42 25 till
1547 944 49 26 lön
1610 945 54 25 och
1678 945 98 32 tjanst-

278 980 278 34 göringspenningar
575 982 41 26 till
637 983 175 33 tjänstemän
832 985 16 25 å
861 985 144 26 ordinarie
1019 988 65 29 stat,
1098 987 220 32 anslagsposten
1329 987 24 26 3.
1369 988 43 25 till
1426 988 126 26 arvoden
1566 989 54 25 och
1634 990 143 25 särskilda

277 1025 202 33 ersättningar,
498 1026 150 26 bestämda
671 1036 35 17 av
731 1029 105 32 Kungl.
856 1029 91 33 Maj:t,
967 1031 54 24 och
1040 1031 221 32 anslagsposten
1280 1031 25 26 4.
1326 1032 42 25 till
1388 1032 125 26 särskild
1533 1033 179 26 löneförmån
1732 1034 43 25 till

276 1068 218 28 icke-ordinarie
513 1070 174 33 tjänsteman
708 1073 90 32 skola,
814 1074 65 25 med
898 1075 148 32 undantag
1064 1075 62 26 dels
1139 1084 36 18 av
1189 1076 187 34 besparingar
1390 1077 16 25 å
1420 1078 220 32 anslagsmedel,
1654 1086 63 18 som
1730 1078 45 26 be-

277 1114 118 25 raknats
420 1114 43 26 till
486 1116 159 33 ersättning
666 1117 30 25 åt
719 1118 280 27 universitetslektor
1023 1120 9 25 i
1055 1121 126 25 svenska
1205 1121 125 32 språket,
1350 1121 62 26 dels
1432 1130 36 17 av
1487 1122 188 33 besparingar
1694 1123 17 25 å
1729 1123 46 26 do-

276 1159 236 32 centstipendier,
533 1169 98 17 varom
650 1161 218 28 bestämmelser
886 1164 9 25 i
915 1172 96 17 annan
1031 1165 123 32 ordning
1169 1165 170 32 meddelats,
1354 1166 62 26 dels
1436 1167 54 25 ock
1508 1175 36 17 av
1557 1167 188 33 besparingar
1758 1168 17 25 å

276 1203 222 32 anslagsposten
527 1205 41 25 till
597 1206 159 33 personligt
783 1208 106 26 arvode
913 1208 30 26 åt
967 1209 142 26 docenten
1129 1209 34 27 G.
1183 1210 36 25 H.
1240 1211 149 32 Raquette,
1409 1211 67 32 ingå
1496 1211 43 25 till
1558 1212 216 32 reservfonden,

275 1247 96 26 vilken
400 1248 62 26 står
490 1249 91 26 under
606 1251 152 26 kanslerns
782 1252 172 33 disposition
974 1254 45 25 för
1037 1254 218 26 universitetets
1275 1256 219 32 vetenskapliga
1513 1256 54 25 och
1586 1257 189 25 ekonomiska

275 1291 94 26 behov
389 1293 8 25 i
417 1293 57 26 den
495 1294 129 34 ordning,
644 1296 350 27 universitetsstatuterna
1013 1298 109 33 stadga.
1153 1299 70 25 Tills
1243 1299 98 26 vidare
1360 1300 54 26 och
1435 1300 43 26 till
1493 1300 65 26 dess
1572 1301 106 32 Kungl.
1691 1301 83 33 Maj:t

275 1337 181 26 annorlunda
482 1338 159 33 förordnar,
668 1341 74 24 skall
767 1341 42 25 till
833 1342 335 33 pensionsinrattningen
1190 1344 44 25 för
1253 1344 98 26 Lunds
1371 1344 187 27 universitets
1578 1345 121 26 ambets-
1719 1346 54 25 och

274 1380 194 32 tjänstemans
488 1384 89 24 ankor
595 1384 52 25 och
668 1384 71 26 barn
759 1385 67 33 ingå
845 1394 35 17 en
901 1387 139 32 tredjedel
1060 1395 35 18 av
1114 1388 36 25 de
1170 1388 43 25 till
1234 1389 208 26 reservfonden
1456 1390 45 25 för
1514 1389 79 33 varje
1607 1389 31 26 år
1651 1390 122 26 sålunda

273 1424 143 33 ingående
435 1427 234 34 besparingarna.

344 1542 53 32 II.
438 1543 118 33 Vissa
586 1545 267 40 tjänstemän
884 1548 72 32 vid
987 1549 335 32 universitetets
1353 1550 239 42 samlingar
1623 1553 75 31 och

794 1600 298 43 inrättningar
1123 1613 48 21 m.
1203 1614 47 20 m.

274 1659 27 31 1.
326 1659 213 41 Avlöningar
562 1660 49 32 till
632 1661 207 41 tjänstemän
861 1664 20 31 å
901 1663 167 33 ordinarie
1093 1667 75 36 stat,
1186 1665 197 41 förslagsvis
1416 1693 5 5 .
1456 1666 125 33 kronor
1627 1668 143 38 221,300

272 1713 28 31 2.
326 1714 162 32 Arvoden
512 1714 60 33 och
599 1715 165 32 särskilda
787 1717 236 41 ersättningar,
1040 1718 176 32 bestämda
1233 1729 42 22 av
1291 1719 129 41 Kungl.

326 1767 100 41 Majb
482 1797 31 4 soo
562 1797 699 8 ooo
1311 1801 112 5 sr.
1507 1784 11 15 >
1649 1775 120 38 12,420

271 1821 28 31 3.
326 1821 214 42 Avlöningar
563 1822 49 32 till
625 1823 96 41 övrig
744 1823 255 33 icke-ordinarie
1022 1825 157 41 personal
1230 1853 29 4 -..
1310 1853 111 5 o....
1505 1839 12 14 »
1645 1829 121 36 43,006

1273 1888 143 32 Summa
1441 1890 125 32 kronor
1624 1891 142 38 276,126

893 1959 248 41 Sammandrag.

285 2008 25 32 I.
336 2009 212 33 Professorer
572 2010 62 32 och
657 2010 108 33 lärare
789 2022 44 21 m.
859 2012 211 32 fl........
1120 2040 4 5 .
1254 2041 4 4 .
1361 2041 59 5 ...
1441 2015 124 32 kronor
1591 2016 175 38 1,244,685

267 2061 42 32 II.
336 2062 101 33 Vissa
470 2064 207 40 tjänstemän
710 2064 59 32 vid
796 2065 250 33 universitetets
1075 2066 184 42 samlingar
1283 2067 63 32 och
1370 2067 48 32 in-

334 2116 190 41 rättningaAr
548 2128 43 20 MM.
617 2128 34 20 Moss
656 2144 761 8 osssseerees
1061 2112 72 52 rss
1162 2112 75 52 rss
1249 2112 92 52 sees
1357 2112 62 52 oas
1496 2132 12 16 »
1622 2123 141 37 2176,726

1272 2182 143 33 Summa
1439 2184 124 32 kronor
1589 2185 172 39 1,521,411

778 2261 174 32 Särskilda
975 2263 278 40 uppbördsmedel:

267 2322 27 29 1.
320 2321 336 41 Arrendespannmål
674 2323 77 31 från
769 2324 250 32 universitetets
1036 2325 164 32 hemman

320 2374 64 31 och
414 2374 205 42 lägenheter,
653 2377 99 37 4,515
785 2376 56 39 hl.,
878 2377 132 32 hälften
1043 2380 61 39 råg
1136 2379 64 31 och

319 2427 132 32 hälften
485 2428 95 39 korn,
614 2428 163 33 beräknat
806 2431 85 31 efter
922 2431 128 41 avdrag
1073 2432 53 32 för
1152 2435 47 29 ut-

319 2480 137 41 skylder
481 2492 44 21 m.
551 2493 43 20 m.
620 2482 11 31 i
656 2486 79 28 runt
759 2483 46 32 tal
829 2483 341 34 till...........
1224 2486 124 31 kronor
1371 2488 132 37 41,000:
1518 2504 42 4 -—
