1912 2852
582 154 257 33 Statsutskottets
861 153 169 32 utlåtande
1053 153 54 31 Nr
1130 155 52 28 66.
1588 149 40 32 37

130 239 44 40 på
210 235 359 33 serafimerlasarettets
593 234 193 41 kirurgiska
809 233 109 32 klinik
942 244 73 21 som
1040 232 61 32 ock
1127 232 165 32 docenten
1317 230 219 33 Olivecronas
1561 240 68 21 om-

130 281 154 33 fattande
308 280 193 42 pergonliga
524 279 229 33 erfarenheter
777 279 62 31 och
863 278 90 41 höga
976 278 201 40 kompetens
1202 277 44 40 på
1270 276 92 31 detta
1386 274 148 33 område.

175 325 291 41 Neurokirurgien
490 335 78 22 vore
592 324 85 32 intet
702 326 74 39 nytt
800 328 108 27 ämne.
944 321 257 41 Undervisning
1216 321 11 31 i
1244 322 264 39 nervsystemets
1524 319 106 31 kirur-

130 371 98 41 giska
252 370 200 41 sjukdomar
476 369 86 32 hade
587 368 120 33 hittills
731 368 147 32 lämnats
903 367 41 32 de
968 366 205 33 studerande
1196 366 94 31 inom
1308 370 148 27 ämnena
1471 363 158 38 medicin,

131 416 129 41 kirurgi
285 415 63 32 och
371 414 185 41 neurologi.
592 414 49 31 På
664 424 117 21 senare
805 414 46 37 år,
876 412 44 32 då
944 411 202 33 Olivecrona
1156 404 19 57 i
1169 410 88 32 allt
1273 413 105 29 större
1394 408 238 41 utsträckning

131 462 199 31 anförtrotts
354 459 66 33 den
444 459 193 41 kirurgiska
661 457 254 42 behandlingen
939 468 41 21 av
1005 456 98 32 dessa
1126 455 111 42 sjuka,
1262 455 88 32 hade
1374 454 41 32 de
1439 453 193 42 kirurgiska

131 506 203 37 klinikerna,
359 504 136 32 särskilt
518 504 10 31 i
554 503 209 38 Stockholm,
788 503 85 31 efter
896 502 93 32 hand
1013 501 147 32 kommit
1184 503 48 29 att
1255 500 36 31 få
1315 502 47 30 ett
1386 498 137 33 alldeles
1548 497 84 33 otill-

132 550 144 42 räckligt
311 549 154 32 material
499 549 53 31 för
587 548 248 41 undervisning
868 547 93 32 inom
998 546 93 32 detta
1119 545 148 33 område.
1316 545 52 31 Då
1393 544 173 32 dessutom
1591 542 41 33 de

132 596 111 40 sjuka,
278 593 205 34 tillhörande
518 593 112 32 denna
664 593 162 40 kategori,
863 603 41 21 av
929 591 132 32 landets
1085 591 114 32 läkare
1223 590 11 31 i
1258 589 59 32 allt
1341 592 105 29 större
1470 588 162 32 utsträck-

134 641 84 40 ning
252 639 232 32 remitterades
520 638 110 32 direkt
657 638 51 32 till
733 637 218 32 Ölivecronas
975 636 195 41 avdelning,
1196 634 98 33 alltså
1317 638 84 28 utan
1426 637 48 29 att
1496 643 138 32 passera

132 684 188 33 medicinsk
345 684 79 32 eller
448 683 170 41 kirurgisk
642 683 119 37 klinik,
787 682 87 32 hade
897 682 145 31 framför
1066 681 60 31 allt
1149 680 41 32 de
1215 679 210 32 medicinska
1441 678 193 32 klinikerna

133 730 10 32 i
180 728 197 33 Stockholm
411 744 43 5 —
487 728 164 41 möjligen
685 727 101 32 också
811 728 42 40 på
876 726 107 32 andra
1006 725 70 32 håll
1101 725 92 32 inom
1220 723 117 33 landet
1360 741 43 3 —
1427 723 138 32 blottats
1589 724 45 39 på

133 774 213 41 nödvändigt
379 773 154 32 material
565 773 54 31 för
642 772 309 40 undervisningens
975 770 218 32 bedrivande.
1240 769 132 32 Endast
1395 767 238 33 nervkliniken

133 819 88 32 hade
255 824 92 27 ännu
381 818 141 31 kliniskt
546 817 63 32 och
633 816 213 43 polikliniskt
869 815 154 33 material
1047 816 78 31 från
1149 814 92 32 detta
1265 813 149 39 område,
1439 811 195 42 tillräckligt

133 867 85 29 stort
252 864 63 32 och
351 862 184 33 värdefullt
558 863 54 31 för
635 865 49 29 att
708 861 204 41 möjliggöra
934 860 250 40 undervisning
1206 859 12 31 i
1241 860 264 39 nervsystemets
1529 857 105 32 kirur-

134 909 98 41 giska
264 908 202 42 sjukdomar
498 908 76 30 från
604 907 41 32 de
670 907 212 41 synpunkter
905 922 43 4 —
971 904 240 33 företrädesvis
1236 903 234 42 diagnostiska
1492 919 44 4 —
1560 912 74 22 som

134 953 146 33 krävdes
312 954 54 30 för
397 953 66 31 den
487 951 251 42 obligatoriska,
763 951 31 32 d.
819 963 31 21 v.
877 961 24 21 s.
926 951 54 31 för
1003 949 67 33 alla
1094 948 159 34 blivande
1277 948 114 32 läkare
1416 946 219 42 nödvändiga

136 998 304 40 undervisningen.

183 1043 74 32 Den
289 1043 105 40 högre
428 1041 291 41 undervisningen
752 1042 44 39 på
828 1040 162 38 området,
1026 1039 30 32 d.
1083 1050 30 21 v.
1140 1049 24 21 s.
1190 1037 241 41 utbildningen
1455 1047 43 22 av
1520 1036 115 32 läkare

136 1089 86 31 efter
253 1087 280 40 legitimationen,
570 1087 108 30 måste
715 1087 42 40 på
785 1085 92 32 detta
901 1084 138 33 område
1063 1094 74 22 som
1162 1084 44 40 på
1229 1082 108 32 andra
1361 1082 59 32 ske
1444 1081 10 32 i
1478 1082 89 31 form
1593 1091 42 22 av

136 1133 244 40 assistentskap
416 1132 62 31 hos
513 1130 296 43 specialkirurgen.
857 1130 80 31 Men
972 1129 104 31 redan
1105 1128 10 31 i
1140 1128 98 40 fråga
1262 1138 56 21 om
1343 1126 293 40 undervisningen

137 1178 54 31 för
225 1177 295 32 licentiatexamen
554 1175 157 32 inträdde
738 1177 46 29 ett
807 1175 84 32 visst
914 1172 299 34 missförhållande
1237 1172 10 31 i
1272 1172 64 32 och
1360 1182 122 31 genom
1508 1174 48 28 att
1580 1170 57 32 det

136 1222 149 32 kliniska
317 1221 188 32 materialet
528 1220 63 32 och
615 1220 66 32 den
705 1221 44 40 på
772 1219 153 32 området
947 1219 122 40 högsta
1092 1217 266 41 sakkunskapen
1383 1217 253 31 koncentrerats

138 1285 42 3 —
209 1268 111 31 såsom
350 1266 105 32 redan
479 1265 88 32 skett
590 1282 43 3 —
658 1264 50 33 till
732 1275 42 21 en
798 1263 234 43 specialklinik
1056 1265 82 29 utan
1165 1260 470 42 undervisningsskyldighet.

138 1312 92 33 Utan
264 1314 48 29 att
338 1322 48 21 nu
410 1310 85 41 vilja
517 1315 157 27 närmare
698 1310 118 32 beröra
839 1309 67 32 den
929 1308 216 32 konsekvens
1169 1318 42 21 av
1236 1306 153 32 nämnda
1412 1305 224 38 förhållande,

138 1368 73 21 som
249 1356 108 32 skulle
392 1355 93 42 ligga
519 1355 9 32 i
557 1366 42 21 en
622 1354 226 42 omläggning
870 1365 43 21 av
938 1352 293 41 undervisningen
1255 1351 50 32 till
1329 1350 307 39 licentiatexamen,

139 1401 79 32 med
252 1400 222 32 anordnande
510 1411 41 21 av
587 1399 222 42 obligatorisk
844 1399 126 31 klinisk
1005 1397 231 41 tjänstgöring
1259 1396 80 32 eller
1363 1396 81 31 kurs
1467 1396 12 31 i
1502 1405 136 31 nervsy-

139 1449 137 29 stemets
312 1445 194 41 kirurgiska
540 1444 210 41 sjukdomar,
787 1443 108 32 skulle
930 1442 159 41 kollegiet
1124 1443 111 30 såsom
1270 1440 209 42 provisorisk
1501 1440 138 40 lösning

139 1491 84 40 vilja
256 1489 125 33 föreslå
416 1492 48 29 att
498 1489 233 32 innehavaren
767 1499 43 21 av
845 1499 41 21 en
910 1487 160 33 blivande
1094 1486 172 42 personlig
1289 1486 175 40 professur
1486 1484 11 31 i
1520 1495 118 21 neuro-

139 1535 131 40 kirurgi
294 1534 109 32 skulle
427 1544 82 23 vara
532 1533 136 41 skyldig
692 1532 91 33 hålla
806 1533 91 32 vissa
921 1531 163 41 frivilliga
1107 1531 119 32 kurser
1242 1531 11 31 i
1270 1532 115 30 ämnet
1402 1530 54 31 för
1471 1529 168 32 medicine

141 1579 211 33 kandidater.

185 1624 101 32 Såväl
318 1623 252 41 forskningens,
605 1622 307 41 undervisningens
945 1632 72 21 som
1052 1620 228 41 sjukvårdens
1313 1619 168 32 intressen
1510 1618 129 32 krävde

141 1669 106 41 enligt
269 1668 176 41 kollegiets
469 1667 224 41 uppfattning
716 1666 192 33 inrättande
932 1677 42 21 av
993 1676 42 21 en
1053 1666 173 41 professur
1242 1664 11 32 i
1269 1663 248 41 neurokirurgi,
1534 1663 106 31 vilket

141 1713 176 33 önskemål
350 1713 76 32 bäst
453 1712 108 32 skulle
585 1711 196 42 tillgodoses
805 1722 123 31 genom
954 1722 41 20 en
1019 1709 173 42 personlig
1214 1709 175 41 professur
1412 1708 11 32 i
1447 1710 116 30 ämnet
1586 1708 54 31 för

142 1759 211 32 Olivecrona.

187 1848 66 32 För
277 1858 84 30 egen
386 1846 54 33 del
464 1846 141 32 anförde
629 1846 160 31 kanslern
811 1845 11 31 i
846 1845 52 32 sin
923 1844 223 33 förevarande
1170 1842 265 41 framställning,
1461 1844 48 29 att
1525 1841 56 32 det
1597 1852 43 21 av

143 1901 227 41 utredningen
404 1900 12 31 i
452 1899 139 32 ärendet
625 1902 115 38 syntes
770 1899 143 40 framgå,
938 1901 49 28 att
1011 1897 200 32 Olivecrona
1236 1896 107 41 fyllde
1367 1895 42 32 de
1432 1895 90 41 höga
1545 1895 94 38 krav,

143 1965 72 21 som
251 1953 104 33 borde
390 1952 114 32 ställas
537 1954 43 39 på
604 1963 41 21 en
670 1952 298 40 vetenskapsman,
992 1950 117 32 vilken
1132 1950 215 40 ifrågasattes
1371 1948 51 32 till
1446 1947 195 32 erhållande

143 2019 42 20 av
221 2018 42 21 en
298 2006 172 42 personlig
504 2006 182 40 professur.
734 2004 170 32 Kanslern
940 2003 78 33 ville
1054 2002 227 41 understryka
1303 2001 67 32 vad
1394 2000 248 42 lärarkollegiet

143 2062 115 30 anfört
281 2059 143 33 rörande
448 2058 275 33 önskvärdheten
748 2069 41 21 av
806 2061 48 28 att
869 2057 51 32 till
936 2058 149 31 fromma
1101 2057 54 31 för
1170 2055 337 40 läkarutbildningen
1523 2055 120 31 kunna

144 2114 151 41 utnyttja
327 2113 57 32 det
407 2112 147 32 kliniska
578 2112 154 32 material
757 2112 61 31 och
842 2111 66 32 den
933 2114 90 28 stora
1047 2109 202 37 erfarenhet,
1274 2113 143 28 varöver
1441 2107 201 33 Olivecrona

144 2167 189 41 förfogade,
370 2169 88 29 samt
487 2165 163 39 erinrade,
675 2168 49 29 att
747 2167 126 29 statens
897 2163 365 41 sjukvårdskommitté
1286 2162 188 41 ifrågasatt,
1500 2164 48 29 att
1572 2171 70 31 spe-

144 2220 193 32 cialvården
362 2220 11 31 i
397 2219 236 41 neurokirurgi
658 2218 109 32 skulle
791 2217 232 32 centraliseras
1051 2216 50 32 till
1125 2215 208 33 Stockholm.
1370 2215 76 32 Den
1470 2214 172 32 undervis-

145 2272 310 42 ningsskyldighet,
468 2283 73 21 som
558 2271 109 32 skulle
684 2271 113 41 åligga
813 2271 210 37 Olivecrona,
1038 2270 94 31 torde
1145 2270 36 30 få
1194 2269 209 32 bestämmas
1416 2279 42 21 av
1471 2267 170 32 kanslern.

190 2326 48 31 På
268 2325 112 41 grund
404 2336 43 21 av
471 2324 66 32 vad
561 2324 146 32 sålunda
731 2325 140 36 anförts,
896 2324 62 30 har
982 2322 159 32 kanslern
1166 2333 73 20 som
1265 2324 138 28 nämnts
1428 2320 108 32 under
1559 2321 84 30 före-

145 2379 150 32 varande
319 2382 78 37 post
420 2378 9 31 i
454 2377 290 41 avlöningsstaten
769 2377 140 40 uppfört
932 2377 92 30 förut
1048 2375 151 41 angivna
1222 2374 123 41 belopp
1371 2384 41 21 av
1432 2374 118 38 13,000
1570 2374 72 30 kro-

147 2443 61 21 nor
232 2431 50 32 till
306 2430 172 42 personlig
502 2431 173 40 professur
699 2432 33 29 åt
756 2429 163 32 docenten
945 2430 38 30 A.
1010 2428 43 32 H.
1081 2428 210 32 Olivecrona.
