1892 2826
56 1358 129 25 Utskottet.

244 170 40 31 12
657 176 110 28 Andra
785 176 227 36 lagutskottets
1030 177 166 29 utlåtande
1218 178 46 28 Nr
1286 179 27 27 7.

299 247 68 31 För
391 249 49 30 ett
463 248 175 32 rationellt
662 249 188 32 samarbete
875 250 124 31 mellan
1026 250 42 33 de
1093 251 256 41 ifrågavarande
1375 252 283 32 läroanstalterna
1684 253 62 31 och

245 289 419 33 barnavårdsnämnderna
684 291 133 32 fordras
838 292 144 40 givetvis
1004 292 110 38 också,
1136 296 49 28 att
1206 294 41 30 de
1269 305 119 20 senare
1409 294 199 41 tillräckligt
1629 295 118 31 intres-

246 343 76 20 sera
341 332 53 40 sig
412 332 116 31 härför
547 333 63 31 och
629 333 104 31 bland
752 337 103 28 annat
874 334 72 31 icke
967 337 83 28 utan
1070 335 149 32 särdeles
1240 338 101 39 tungt
1360 337 152 40 vägande
1534 336 73 32 skäl
1628 338 118 30 under-

245 374 69 31 låta
333 376 49 29 att
401 374 154 42 begagna
575 375 53 41 sig
646 386 41 20 av
707 376 41 31 de
769 376 216 41 möjligheter
1005 377 55 31 till
1082 377 108 41 dylikt
1211 378 199 38 samarbete,
1432 389 73 20 som
1527 379 219 32 barnavårds-

244 416 100 41 lagen
367 417 102 40 giver.

300 509 88 32 Över
418 510 146 32 svenska
595 511 212 41 fattigvårds-
838 512 62 31 och
930 512 416 33 barnavårdsförbundets
1378 514 252 42 framställning
1661 516 86 31 hava

243 560 229 41 yttranden
491 560 145 42 avgivits
655 572 40 20 av
713 561 338 42 skolöverstyrelsen,
1071 562 276 42 socialstyrelsen
1366 564 62 30 och
1448 564 298 31 socialvårdskom-

243 610 131 31 mittén.
409 610 76 31 Vad
510 612 104 40 angår
636 611 187 31 innehållet
847 612 11 30 i
881 612 148 31 nämnda
1053 613 181 40 yttranden
1259 614 52 30 får
1335 614 167 31 utskottet
1526 615 142 31 hänvisa
1692 615 54 31 till

243 661 261 41 propositionen
527 661 63 31 sid.
615 661 130 32 15—17.

297 755 262 40 Föredragande
577 755 374 41 departementschefen
969 757 100 30 anför
1087 757 10 30 i
1115 757 269 41 propositionen,
1405 758 102 31 såvitt
1526 760 55 29 rör
1598 770 46 20 nu
1663 759 85 31 före-

243 805 147 31 varande
408 805 180 41 spörsmål:

298 855 73 31 »Då
395 856 57 30 det
479 855 236 42 otvivelaktigt
739 858 37 29 är
800 858 48 29 ett
873 856 108 32 starkt
1006 857 228 41 samhälleligt
1259 858 155 37 intresse,
1440 860 50 29 att
1515 861 49 30 ett
1589 859 158 32 effektivt

246 906 190 31 samarbete
459 906 225 32 förekommer
707 907 124 31 mellan
854 907 374 33 barnavårdsnämnder
1252 909 63 31 och
1340 909 322 43 skolmyndigheter,
1688 914 59 29 äro

246 957 42 30 de
308 968 40 20 av
367 957 328 41 skolöverstyrelsen
715 958 187 41 framlagda
923 958 173 41 förslagen
1117 959 53 31 till
1191 959 183 42 ändringar
1395 960 11 31 i
1427 960 320 43 barnavårdslagen,

245 1018 123 30 genom
386 1007 90 31 vilka
496 1010 49 29 ett
564 1008 109 40 dylikt
692 1008 188 32 samarbete
900 1009 111 31 skulle
1031 1009 148 41 främjas,
1200 1010 108 41 enligt
1328 1010 70 31 min
1418 1012 138 41 mening
1576 1012 168 42 lämpliga.

244 1058 62 30 Ett
332 1058 266 40 genomförande
625 1069 40 20 av
691 1059 170 31 desamma
888 1070 101 30 synes
1016 1059 75 32 icke
1118 1060 171 42 föregripa
1317 1061 430 34 socialvårdskommitténs

245 1107 160 32 blivande
428 1109 138 40 förslag.
600 1109 65 41 Jag
687 1110 144 31 föreslår
853 1110 115 31 därför
991 1110 74 32 dels
1089 1113 48 29 ett
1159 1111 120 41 tillägg
1302 1112 54 31 till
1379 1112 85 31 sista
1487 1113 153 41 punkten
1663 1125 40 20 av
1728 1115 15 29 1

245 1169 98 20 mom.
371 1159 12 30 i
410 1159 38 31 16
474 1158 21 41 $
521 1159 308 42 barnavårdslagen
856 1161 62 30 och
946 1161 74 31 dels
1047 1161 178 32 införande
1253 1163 12 30 i
1292 1173 127 20 samma
1445 1164 157 41 paragraf
1629 1175 41 20 av
1697 1167 49 29 ett

243 1210 78 39 nytt
349 1209 19 31 3
397 1220 109 27 mom.,
537 1210 61 31 allt
626 1211 12 30 i
666 1211 227 41 huvudsaklig
922 1213 339 31 överensstämmelse
1291 1213 77 31 med
1398 1213 348 42 skolöverstyrelsens

242 1258 158 42 förslag.»

294 1352 180 32 Utskottet
494 1353 62 30 har
578 1353 71 31 icke
671 1353 114 32 funnit
805 1354 186 42 anledning
1011 1355 54 31 till
1087 1355 133 31 erinran
1241 1358 71 29 mot
1334 1356 41 31 de
1396 1357 11 29 i
1429 1356 222 31 förevarande
1672 1366 74 31 pro-

241 1402 153 41 position
414 1403 188 41 framlagda
621 1404 171 41 förslagen
812 1405 62 30 och
894 1405 53 30 får
965 1405 102 31 alltså
1085 1405 188 38 hemställa,

536 1481 50 29 att
608 1490 125 20 samma
755 1480 215 41 proposition
993 1482 103 30 måtte
1119 1480 138 32 bifallas
1281 1493 40 19 av
1344 1481 190 42 riksdagen.

294 1535 199 33 Stockholm
514 1537 66 31 den
600 1538 37 30 17
658 1538 149 31 februari
828 1539 88 31 1942.

695 1606 49 31 På
764 1606 105 31 andra
889 1606 243 42 lagutskottets
1153 1609 136 39 vägnar:

798 1673 149 31 DAVID
969 1674 211 31 NORMAN.

291 1912 63 28 Vid
376 1913 148 28 ärendets
546 1913 195 37 behandling
760 1914 84 28 hava
863 1915 155 28 närvarit:

292 1962 74 28 från
392 1963 155 28 första
573 1964 196 28 kammaren:
798 1965 109 27 herrar
933 1965 152 34 Norman,
1114 1966 121 34 Tamm,
1264 1966 188 35 Löfvander,
1483 1966 73 35 Olof
1584 1966 159 34 Carlsson,

238 2003 89 35 Sten,
343 2004 194 36 Nordborg",
553 2005 70 28 Nils
640 2006 163 28 Elowsson
819 2007 57 27 och
892 2006 177 35 Näslund;

291 2062 73 28 från
388 2064 144 27 andra
556 2064 195 28 kammaren:
788 2064 111 28 fröken
924 2065 220 36 Hesselgren+,
1169 2065 73 28 herr
1267 2066 99 35 Hage,
1391 2066 112 28 fröken
1529 2065 213 35 Andersson",

237 2104 111 28 herrar
366 2104 185 36 Hallagård,
571 2105 226 35 Hermansson,
817 2106 111 28 fröken
947 2107 123 28 Rosén"
1089 2110 84 25 samt
1190 2108 110 27 herrar
1319 2108 189 35 Lundgren+
1527 2109 58 27 och
1603 2109 139 27 Jansson

236 2147 12 26 i
268 2147 170 28 Hällefors.

288 2228 17 18 +
323 2230 32 30 Ej
378 2228 180 26 närvarande
579 2230 46 24 vid
643 2231 181 24 utlåtandets
841 2230 152 32 justering.

847 2347 301 10 itndeteleethesstenentennen

684 2493 131 20 Stockholm
828 2493 59 20 1942,
908 2494 28 18 K.
951 2494 24 18 L.
990 2494 127 19 Beckmans
1129 2494 160 22 Boktryckeri.
