1872 2842
505 141 305 31 Bankoutskottets
836 141 176 31 utlåtande
1037 142 50 30 Nr
1109 142 49 30 55.
1564 136 18 30 3

115 224 289 31 Bankoutskottet
421 225 65 29 har
505 225 56 30 vid
581 225 92 30 olika
691 225 158 30 tillfällen
868 226 124 29 uttalat
1009 226 66 30 den
1095 225 277 37 uppfattningen,
1391 228 50 27 att
1461 226 120 30 endast

71 266 8 29 i
96 266 270 37 undantagsfall,
387 266 43 31 då
447 267 138 30 särskilt
602 268 155 35 vägande
775 268 76 29 skäl
868 267 161 37 förelåge,
1048 268 189 30 understöd
1257 268 106 29 borde
1381 268 152 29 skänkas
1547 267 34 31 åt

70 308 297 37 framställningar
389 318 43 21 av
452 319 46 20 nu
519 309 266 37 ifrågavarande
805 310 82 36 slag.

114 392 226 31 Beträffande
359 393 66 30 den
444 393 137 37 uppgift
600 393 456 38 felräkningspenningarna
1076 393 86 37 fylla
1182 392 37 32 få
1237 393 218 36 fullmäktige
1477 393 105 30 fram-

69 434 94 31 hålla
178 435 165 36 följande.

115 478 13 29 I
150 478 90 29 valet
263 478 127 30 mellan
411 477 117 37 tjänst,
550 477 82 31 varå
654 478 234 30 innehavaren
913 478 96 37 löper
1030 478 298 36 felräkningsrisk,
1353 479 66 29 och
1444 477 106 37 tjänst
1573 478 8 29 i

69 529 136 21 samma
223 521 164 35 lönegrad
405 523 84 27 utan
510 519 108 31 sådan
637 520 71 30 risk
727 521 98 30 torde
845 519 222 37 tjänsteman,
1087 521 115 30 därest
1221 520 359 37 felräknringspennin-

69 570 61 28 gar
156 562 31 37 ej
213 561 90 38 utgå,
329 562 98 31 alltid
453 563 182 36 föredraga
660 563 67 30 den
753 563 142 29 riskfria
922 563 249 36 befattningen.
1220 563 90 30 Utan
1331 563 66 30 den
1423 563 157 35 lockelse,

71 613 74 21 som
164 604 456 38 felräkningspenningarna
638 604 156 37 erbjuda,
813 606 97 29 torde
929 606 56 29 det
1002 605 120 30 därför
1139 605 31 36 ej
1189 614 83 21 vara
1291 604 135 37 möjligi
1443 608 49 27 att
1509 608 73 27 utse

70 647 122 30 kassör
210 657 42 20 ur
274 648 136 29 kretsen
432 657 42 20 av
495 650 45 27 ett
563 648 93 29 antal
677 648 135 36 hugade
833 648 202 36 aspiranter.
1080 648 14 29 I
1112 648 112 29 stället
1245 647 92 37 finge
1360 647 221 36 tjänsteman,

69 690 184 29 eventuellt
276 693 71 26 mot
368 690 52 29 sin
443 689 93 37 vilja,
557 690 164 30 beordras
742 692 48 27 att
812 689 194 37 tjänstgöra
1026 689 115 31 såsom
1162 690 130 30 kassör.
1339 690 64 29 Det
1424 691 38 29 är
1484 690 97 36 givet,

69 734 50 28 att
135 734 46 28 ett
199 731 124 31 sådant
339 734 129 35 system
486 733 97 29 bleve
601 732 135 30 mindre
755 732 240 30 friktionsfritt
1012 733 45 29 än
1071 732 56 30 det
1145 732 211 30 nuvarande.

114 773 67 31 Om
203 774 213 30 riksbanken
439 774 87 36 själv
551 773 121 38 påtoge
695 774 49 37 sig
766 774 258 30 kassörsrisken
1047 775 65 29 och
1138 773 130 31 således
1291 774 142 36 indroge
1456 774 125 30 felräk-

70 816 351 37 ningspenningarna,
450 817 111 30 skulle
587 817 181 29 kassörens
795 816 235 37 påpasslighet
1058 815 164 37 möjligen
1248 816 190 37 försvagas.
1492 816 89 37 Upp-

69 859 165 30 kommen
254 859 124 30 förlust
396 859 110 30 skulle
523 859 131 30 betalas
673 869 41 20 av
729 859 149 30 banken.
921 859 53 29 En
994 859 187 37 felväxling
1201 859 156 30 behövde
1378 859 30 36 ej
1429 859 152 30 nödvän-

70 901 123 37 digtvis
216 902 176 29 betraktas
414 900 114 31 såsom
549 901 221 36 graverande.
815 901 128 30 Kassör
966 901 97 30 torde
1084 901 81 30 med
1186 901 83 30 visst
1290 901 59 37 fog
1373 901 119 30 kunna
1514 901 66 30 för-

70 953 101 21 svara
189 944 50 37 sig
258 944 80 30 med
355 946 48 27 att
423 953 81 20 man
524 944 69 29 kan
610 952 83 22 vara
713 953 42 20 en
773 944 66 36 god
859 942 308 37 banktjänsteman
1187 946 84 27 utan
1292 946 48 27 atl
1359 953 83 20 vara
1457 953 41 20 en
1517 944 65 36 god

69 986 131 30 kassör.
249 985 67 31 Om
338 986 213 29 riksbanken
575 985 45 38 på
642 986 111 35 grund
776 994 42 21 av
842 986 201 37 upprepade
1068 985 228 37 felväxlingar
1320 985 109 31 funne
1452 987 129 29 honom

70 1028 166 37 olämplig
255 1031 49 27 att
323 1028 118 30 vidare
462 1037 82 21 vara
567 1028 130 35 kassör,
719 1028 117 30 kunde
852 1029 71 28 han
944 1031 75 27 rent
1042 1037 42 20 av
1107 1028 158 30 betrakta
1289 1028 93 30 detta
1404 1027 114 31 såsom
1541 1037 40 21 en

69 1071 57 30 för
141 1071 131 29 honom
289 1070 209 37 fördelaktig
516 1070 213 36 förändring.

115 1113 168 36 Systemet
303 1113 80 30 med
402 1112 418 37 felräkningspenningar,
843 1122 73 20 som
932 1112 191 36 tillämpats
1142 1113 110 29 under
1271 1122 41 20 en
1332 1111 80 38 lång
1431 1111 90 37 följd
1542 1121 41 20 av

69 1154 48 37 år,
136 1164 100 27 synes
259 1154 147 37 erbjuda
431 1154 131 31 sådana
584 1154 161 36 fördelar,
769 1157 49 27 att
842 1155 55 29 det
921 1155 62 29 bör
1008 1153 192 31 bibehållas
1224 1155 10 29 i
1257 1155 223 29 riksbanken.
1526 1155 55 29 Att

71 1197 292 30 affärsbankerna
387 1199 9 29 i
420 1199 189 29 allmänhet
632 1197 29 36 ej
685 1198 158 36 tillämpa
869 1198 193 31 detsamma
1085 1198 97 30 torde
1205 1198 81 30 bero
1310 1197 46 37 på
1379 1198 99 30 dessa
1499 1198 82 30 ban-

71 1240 77 30 kers
168 1242 108 28 större
294 1240 292 36 handlingsfrihet
606 1240 220 30 beträffande
845 1240 76 29 sina
938 1239 222 37 tjänstemän.
1204 1240 298 30 Affärsbankerna
1523 1240 58 29 ha-

69 1292 42 21 va
126 1283 55 30 för
198 1283 109 37 övrigt
321 1282 180 37 möjlighet
516 1285 58 32 att,
592 1292 56 20 om
664 1282 37 30 så
716 1282 90 30 visar
821 1283 51 36 sig
885 1282 185 37 behövligt,
1087 1282 128 30 bereda
1232 1282 74 30 sina
1321 1282 160 30 kassörer
1495 1283 86 29 bätt-

69 1335 36 21 re
121 1324 177 32 förmåner
315 1326 43 29 än
378 1325 260 30 icke-kassörer.

115 1368 200 30 Emellertid
333 1368 91 29 hava
444 1367 217 36 fullmäktige
681 1367 158 36 upptagit
853 1367 51 29 till
924 1367 248 36 övervägande,
1194 1376 56 20 om
1270 1366 30 37 ej
1321 1367 56 30 det
1396 1367 10 29 i
1426 1367 154 29 riksban-

70 1411 67 29 ken
155 1410 202 36 tillämpade
374 1412 161 34 systemet
552 1410 116 29 kunde
688 1410 98 36 göras
803 1418 95 21 mera
918 1408 299 37 ändamålsenligt.

117 1453 64 30 Det
201 1453 64 29 har
286 1453 58 29 vid
363 1452 94 30 olika
481 1451 158 31 tillfällen
659 1452 87 30 visat
768 1451 59 36 sig,
850 1455 49 27 att
921 1452 131 36 kassör,
1075 1451 54 31 för
1150 1451 115 30 vilken
1286 1451 191 30 kassabrist
1497 1460 85 27 upp-

72 1494 89 37 stått,
184 1495 30 36 ej
236 1494 76 30 haft
334 1494 179 37 möjlighet
535 1497 48 27 att
604 1495 125 29 ersätta
753 1494 129 30 bristen
905 1497 84 26 utan
1009 1493 201 36 upplåning.
1256 1493 114 30 Sådan
1392 1492 191 37 upplåning

71 1537 97 30 torde
186 1536 31 37 ej
236 1537 97 30 alltid
352 1537 120 30 kunna
488 1536 230 37 genomföras.
760 1536 67 31 För
845 1536 212 30 riksbanken
1075 1545 80 21 vore
1174 1536 56 29 det
1250 1536 118 30 därför
1386 1536 121 35 bättre,
1524 1544 58 21 om

69 1589 44 21 en
134 1580 53 30 del
210 1589 41 20 av
274 1580 163 30 kassören
462 1579 261 30 tillkommande
744 1578 408 36 felräkningspenningar
1174 1577 187 31 tillsvidare
1381 1577 201 34 innehölles,

71 1622 210 30 åtminstone
306 1622 87 29 intill
416 1622 82 30 visst
523 1621 280 36 maximibelopp.
852 1621 99 30 Detta
977 1621 126 35 belopp
1128 1620 110 30 skulle
1262 1619 148 31 förbliva
1434 1618 149 32 innestå-

72 1665 86 29 ende
188 1664 55 30 för
272 1664 183 30 kassörens
486 1663 158 36 räkning,
675 1663 50 29 till
755 1663 76 29 dess
862 1663 70 29 han
963 1662 75 30 icke
1069 1663 117 36 längre
1211 1663 139 28 komme
1382 1665 49 26 att
1461 1661 121 37 tjänst-

71 1708 83 35 göra
172 1706 114 31 såsom
305 1707 131 34 kassör,
455 1707 64 29 och
539 1706 87 30 intill
645 1707 66 29 den
730 1706 207 35 tidpunkten
957 1705 202 36 disponeras
1176 1705 121 30 endast
1316 1704 54 31 för
1388 1704 195 30 ersättande

72 1758 41 20 av
134 1750 108 29 större
263 1749 85 30 brist
368 1749 11 30 i
400 1758 40 20 av
464 1749 163 30 kassören
650 1748 287 30 omhänderhavd
956 1748 112 29 kassa.
1114 1746 135 31 Mindre
1269 1746 85 31 brist
1375 1747 110 30 skulle
1506 1747 76 29 där-

71 1794 93 27 emot
183 1792 119 29 täckas
324 1801 41 20 av
387 1791 166 30 kassören
573 1790 95 37 själv.
714 1790 250 31 Erfarenheten
985 1791 63 29 har
1069 1790 97 35 visat,
1189 1793 48 27 att
1256 1789 85 30 brist
1362 1789 9 30 i
1394 1789 189 30 allmänhet

72 1833 30 37 ej
124 1833 173 37 överstigit
318 1834 97 35 5,000
435 1834 137 29 kronor.
616 1833 66 30 För
702 1833 121 30 kassör
844 1832 55 30 vid
919 1832 282 30 huvudkontoret
1220 1832 65 30 och
1307 1831 57 31 vid
1382 1832 170 29 kontoren
1573 1830 9 29 i

72 1875 171 37 Göteborg
266 1876 66 29 och
354 1875 139 35 Malmö,
519 1875 132 29 vilkens
676 1874 410 36 felräkningspenningar
1108 1873 115 37 uppgå
1249 1874 50 29 till
1325 1874 94 34 1,500
1444 1874 139 33 kronor,

71 1918 98 30 torde
189 1918 55 30 det
263 1918 136 35 belopp,
419 1927 75 20 som
513 1917 109 30 skulle
641 1916 204 36 innehållas,
866 1916 187 36 lämpligen
1073 1917 120 29 kunna
1211 1915 186 36 begränsas
1417 1915 51 29 till
1487 1914 96 36 5,000

72 1961 139 29 kronor.
255 1960 66 30 För
339 1961 158 29 kassörer
515 1961 79 29 med
612 1958 409 36 felräkningspenningar
1039 1958 19 30 å
1080 1958 104 35 1,200,
1205 1959 62 28 750
1287 1958 64 29 och
1372 1958 64 29 600
1455 1957 128 29 kronor

73 2012 100 27 synes
193 2003 84 29 böra
298 2001 192 31 innehållas
510 2005 46 27 ett
575 2002 124 35 belopp
721 2010 41 21 av
782 2002 97 33 4,000
902 2001 138 34 kronor,
1061 2001 97 34 2,500
1176 2001 66 28 och
1264 2000 96 34 2,000
1381 1998 201 36 respektive.

74 2045 64 30 Det
159 2054 99 27 synes
279 2044 127 36 riktigt,
427 2048 48 26 att
495 2044 119 30 kassör
632 2044 165 30 bereddes
817 2043 304 36 räntegottgörelse
1141 2042 20 30 å
1181 2045 109 26 avsatt
1309 2041 136 36 belopp.
1483 2040 100 31 Detta

73 2087 96 30 torde
189 2088 119 29 kunna
328 2087 59 29 ske
408 2086 198 36 därigenom
629 2089 47 27 att
696 2086 160 35 beloppet
878 2085 139 30 insättes
1039 2085 10 29 i
1070 2083 204 31 affärsbank
1297 2084 80 30 eller
1397 2082 184 37 sparbank.

117 2129 53 31 Då
195 2130 55 30 det
271 2128 222 31 innestående
516 2129 159 35 beloppet
699 2128 106 36 jämte
827 2129 100 28 ränta
952 2127 95 29 vuxit
1069 2126 50 30 till
1142 2135 89 21 ovan
1255 2125 148 36 angivna
1427 2124 155 30 maximi-

72 2171 137 36 belopp,
231 2181 102 26 synas
355 2171 453 35 felräkningspenningarna
829 2173 89 26 samt
940 2170 66 29 den
1027 2169 109 35 ränta,
1159 2178 74 20 som
1256 2167 149 30 därefter
1424 2166 158 37 gottskri-

73 2223 56 21 ves
153 2213 20 30 å
196 2214 55 29 det
274 2213 222 31 innestående
520 2213 168 35 beloppet,
712 2213 81 29 böra
819 2212 169 29 utbetalas
1010 2211 52 29 till
1084 2210 257 30 vederbörande
1364 2210 130 30 kassör.

117 2255 94 30 Enär
235 2256 41 29 de
299 2256 53 30 för
375 2255 120 30 kassör
521 2255 142 30 utsedda
686 2254 195 30 vikarierna
906 2263 74 20 som
1004 2253 90 35 regel
1116 2261 120 21 senare
1260 2251 91 30 bliva
1374 2250 210 31 förordnade

74 2298 50 30 till
147 2297 171 30 ordinarie
341 2298 168 32 kassörer,
531 2298 62 28 bör
614 2297 68 29 viss
704 2297 54 28 del
781 2305 40 20 av
845 2294 453 36 felräkningspenningarna
1321 2294 86 29 även
1430 2293 53 30 för
1506 2292 76 29 dem

73 2339 203 31 innehållas.
322 2340 67 29 För
411 2339 227 29 riksbankens
661 2339 52 28 del
737 2338 111 29 finnes
872 2337 101 34 ingen
995 2335 186 35 anledning
1203 2338 58 32 att,
1283 2335 113 29 såsom
1422 2334 160 29 fullmäk-

72 2382 68 36 tige
160 2383 9 29 i
192 2381 332 35 riksgäldskontoret
546 2380 135 34 föreslå,
704 2379 77 30 från
805 2380 114 28 denna
941 2379 89 34 regel
1052 2378 199 34 undantaga
1274 2377 89 29 vissa
1386 2377 97 29 korta
1507 2376 75 29 kas-

74 2423 346 35 sörsförordnanden,
442 2423 44 29 då
506 2423 116 35 dylika
644 2422 258 29 förordnanden
922 2421 10 29 i
952 2420 214 30 riksbanken
1187 2428 74 20 som
1281 2419 89 35 regel
1393 2419 133 28 lämnas
1549 2417 34 30 åt

73 2476 135 20 samma
228 2466 219 36 tjänstemän,
472 2475 71 19 som
567 2465 168 29 vikariera
758 2464 53 29 för
834 2463 41 30 de
896 2462 172 30 ordinarie
1090 2462 214 29 kassörerna.
