2234 2646
736 221 249 34 Statsutskottets
1015 219 173 35 Utlåtande
1211 219 65 32 N:o
1298 221 29 31 7.
1750 215 38 31 51

1278 296 174 41 Transport
1476 296 118 32 kronor
1620 294 145 41 135,358:
1782 302 37 24 37

229 355 217 33 ledamöterna
479 356 10 31 i
524 355 60 31 den
620 354 34 33 af
680 353 113 42 Kongl.
822 352 90 42 Maj:t
935 352 61 32 den
1020 352 19 31 9
1063 351 126 41 augusti
1214 350 84 32 1894
1321 349 133 32 tillsatta

231 408 117 32 komité
391 407 49 33 för
474 407 179 41 utredning,
689 406 156 32 huruvida
879 404 241 33 landtförsvars-
1155 402 59 33 och
1249 401 203 43 sjöförsvars-

231 461 257 40 departementen
522 459 52 31 må
604 459 109 32 kunna
741 458 59 32 och
831 458 76 31 böra
930 457 50 31 till
1003 459 48 29 ett
1074 456 220 40 departement
1316 454 135 38 förenas,

231 512 159 32 äfvensom
407 512 160 40 åtskilliga
584 511 70 32 med
670 510 155 33 komiténs
837 508 202 33 verksamhet
1051 508 149 31 förenade
1213 506 132 41 utgifter
1358 516 93 22 m.m.
1482 502 18 54 —
1532 534 17 12 ,,
1662 505 18 30 4
1685 504 82 41 403:
1785 512 36 23 95

365 564 48 31 till
437 563 269 33 öfverdirektören
730 562 57 32 och
812 561 111 33 chefen
948 561 50 32 för
1022 559 174 33 statistiska
1220 558 235 41 centralbyrån,

232 618 41 41 på
295 617 104 42 grund
422 616 34 33 af
477 616 103 40 kongl.
603 615 122 32 brefvet
748 614 60 31 den
835 615 39 30 14
895 613 71 42 juni
991 613 94 38 1894,
1110 611 220 32 utanordnade
1353 610 102 32 medel

232 670 48 32 till
305 668 202 34 bestridande
532 668 36 31 af
589 667 215 32 kostnaderna
828 666 49 32 för
900 665 210 32 utarbetande
1130 664 83 31 inom
1225 662 140 33 nämnda
1377 662 79 42 byrå

231 722 37 32 af
288 722 62 32 den
374 731 112 32 genom
510 720 135 32 berörda
669 719 106 42 kongl.
799 717 73 34 bref
892 717 177 38 anbefalda,
1093 716 71 32 hela
1182 715 83 32 riket
1281 714 86 33 såväl
1383 714 71 32 stad

232 784 67 22 som
322 773 75 32 land
421 771 197 34 omfattande
642 771 176 59 statistiska
840 769 170 41 utredning
1032 768 134 33 rörande
1178 767 61 32 den
1253 766 201 33 kommunala

233 827 175 31 TOSULÄGLÖN.
442 851 40 5 ccs
510 819 167 49 vrbkbseronenså
688 819 120 49 äedirnnnvine
815 849 15 5 ne
841 848 26 5 vad
896 848 41 5 HER
945 848 38 4 URSR
991 847 27 5 SN
1038 819 199 49 HERNSSNENENATAAE
1248 846 62 5 VERS
1319 844 130 6 HESSEN
1533 847 17 12 5j
1643 819 125 40 10,000:
1783 839 41 4 —

365 877 49 32 till
437 876 116 33 norska
576 876 198 41 regeringens
797 843 221 77 departöinetis
1040 872 50 33 för
1112 872 56 32 det
1189 872 76 38 inre,
1288 871 43 41 på
1353 845 102 67 grund

232 931 35 31 af
298 929 104 42 kongl.
438 929 121 32 brefvet
591 928 61 32 den
690 929 39 30 10
762 927 62 41 maj
862 927 91 37 1895,
986 924 220 34 utanordnade
1230 923 102 32 medel
1355 923 100 32 såsom

232 982 198 42 godtgörelse
452 982 50 32 för
525 981 61 32 den
609 981 41 40 på
673 979 126 42 Sverige
823 978 176 41 belöpande
1023 977 93 32 andel
1129 977 34 32 af
1174 977 39 31 de
1224 985 233 32 gemensamma

233 1034 214 33 kostnaderna
481 1033 50 32 för
565 1033 63 32 den
662 1031 100 33 under
796 1032 36 31 år
866 1031 84 31 1894
980 1029 181 33 verkstälda
1184 1028 216 42 upprödjning
1423 1026 34 33 af

232 1088 61 31 viss
316 1086 51 33 del
390 1086 35 32 af
444 1086 201 41 riksgränsen
668 1084 116 32 mellan
807 1083 38 32 de
868 1082 150 33 förenade
1041 1081 111 32 rikena
1178 1107 61 5 ......
1259 1106 5 5 .
1282 1106 17 5 ..
1532 1108 17 13 »
1643 1080 125 41 10,435:
1785 1089 36 24 07

365 1139 186 40 ersättning,
574 1138 42 40 på
638 1136 101 42 grund
762 1136 36 32 af
818 1136 103 40 kongl.
939 1134 122 33 brefvet
1077 1134 61 32 den
1151 1134 41 31 23
1205 1102 141 76 förren
1360 1105 94 68 1894,

235 1192 49 32 till
307 1191 210 33 Norrbottens
541 1190 69 32 läns
633 1189 119 32 ränteri
776 1189 49 31 för
848 1187 137 33 derifrån
1008 1186 180 41 förskjutna
1212 1184 171 33 kostnader
1406 1184 49 32 för

236 1254 38 21 en
297 1243 100 32 under
419 1244 37 31 år
481 1243 95 37 1893,
601 1241 70 32 med
694 1241 171 40 anledning
881 1239 58 33 af
927 1233 18 53 i
955 1238 110 41 Elfsby
1081 1238 171 32 inträffade
1264 1237 190 32 våldsamma

233 1295 179 42 uppträden
425 1295 115 32 mellan
554 1297 107 29 ortens
673 1293 183 40 befolkning
869 1292 60 32 och
938 1290 308 42 jernvägsarbetare,
1260 1288 47 32 till
1318 1289 137 31 nämnda

235 1348 90 32 ställe
349 1346 156 34 beordrad
529 1344 376 41 militärkommendering
936 1367 93 7 .......
1424 1366 26 4 då
1534 1369 17 12 >
1697 1341 72 31 788:
1786 1349 37 24 28

363 1398 209 42 godtgörelse,
598 1398 99 40 enligt
720 1397 103 41 kongl.
848 1396 125 32 brefvet
996 1368 70 59 den
1075 1368 50 58 18
1133 1367 142 68 anges
1284 1365 102 65 1892,
1389 1366 66 57 till

233 1451 317 41 arméförvaltningen
585 1451 48 32 för
667 1451 39 31 de
740 1448 181 39 kostnader,
956 1457 65 22 som
1057 1446 171 33 föranledts
1260 1445 33 32 af
1320 1413 136 77 srålitärs

235 1504 294 40 kommenderingar
563 1503 48 32 till
646 1501 165 34 Sundsvall
847 1501 60 32 och
941 1500 99 32 Umeå
1074 1499 10 31 i
1112 1498 59 33 och
1194 1498 49 32 för
1265 1497 190 41 ordningens

234 1556 282 42 upprätthållande
549 1555 80 33 efter
659 1555 38 31 de
721 1553 163 32 derstädes
906 1553 11 31 i
937 1552 71 42 juni
1032 1551 115 32 månad
1170 1551 36 31 år
1233 1550 81 32 1888
1340 1549 116 32 timade

235 1608 165 32 eldsvådor
434 1609 161 31 äfvensom
629 1608 52 31 för
714 1605 250 41 iståndsättning
993 1604 59 32 och
1084 1602 244 42 komplettering
1351 1602 34 31 af
1407 1602 48 31 åt-

235 1661 122 41 skilliga
381 1660 123 32 arméns
527 1660 108 32 förråd
659 1658 161 41 tillhöriga
843 1657 62 32 tält
927 1657 58 31 och
1003 1656 97 31 andra
1114 1654 169 42 persedlar,
1297 1664 64 21 som
1375 1654 82 31 varit

235 1713 46 30 till
306 1712 201 40 begagnande
530 1713 19 30 å
573 1711 236 32 brandställena
833 1708 182 33 utlemnade
1039 1718 39 21 m.
1102 1718 189 21 m,........
1402 1731 51 5 ena
1537 1733 17 13 »
1644 1706 126 39 33,954:
1788 1714 35 22 12

1298 1731 161 59 Summa
1478 1752 125 38 kronor
1625 1752 151 46 194,939:
1786 1753 51 37 79.

367 1858 351 42 Departementschefen
753 1857 58 31 har
847 1855 108 32 härvid
990 1855 122 32 erinrat
1140 1853 66 33 dels
1228 1854 10 31 i
1262 1852 148 33 afseende
1433 1854 19 31 å
1475 1853 61 31 den
1560 1852 50 32 för
1633 1852 147 42 rödjning
1804 1853 35 31 af

236 1912 201 41 riksgränsen
462 1914 65 28 mot
550 1910 106 41 Norge
679 1913 164 38 upptagna
867 1911 81 38 post,
973 1910 49 29 att
1044 1907 99 39 enligt
1166 1906 259 41 gränstraktaten
1450 1905 59 31 den
1533 1906 43 41 35
1601 1905 134 32 oktober
1753 1906 81 31 1751

237 1964 59 31 och
319 1963 110 41 Kongl.
455 1963 107 41 Maj:ts
588 1963 101 31 beslut
712 1963 60 30 den
796 1962 41 31 22
862 1960 133 32 oktober
1022 1960 82 30 1845
1122 1958 212 41 upprödjning
1350 1958 34 31 af
1392 1959 138 39 gränsen
1543 1956 293 33 skulle
1657 1952 15 56 å
1689 1956 147 33 sträckan

236 2015 87 40 längs
354 2015 182 37 Kristiania,
560 2014 135 32 Hamars
719 2014 60 31 och
802 2012 208 40 Trondhjems
1035 2011 69 31 stift
1126 2020 56 30 ega
1205 2020 70 21 rum
1299 2010 91 31 hvart
1415 2009 160 31 femtonde
1598 2010 45 36 år;
1669 2012 47 28 att
1740 2009 97 40 enligt

236 2067 112 39 Kongl.
374 2067 104 40 Maj:ts
502 2066 61 31 den
588 2067 40 30 30
653 2065 165 32 december
843 2064 82 31 1893
950 2062 183 32 meddelade
1159 2062 103 31 beslut
1279 2061 97 32 sådan
1393 2061 146 40 rödjning
1558 2062 19 30 å
1593 2060 98 41 sagda
1707 2061 129 31 sträcka

237 2118 169 31 verkstälts
441 2118 101 31 under
577 2118 36 30 år
649 2117 84 31 1894
766 2116 35 32 af
832 2114 134 33 svenska
989 2114 59 31 och
1073 2114 115 31 norska
1212 2114 176 36 officerare;
1413 2116 80 28 samt
1517 2115 49 28 att
1589 2112 176 33 kostnaden
1790 2112 48 32 för

238 2169 234 32 arbetsbiträde
506 2169 119 40 härvid,
661 2168 125 32 hvilken
821 2166 178 41 förskjutits
1033 2167 34 29 af
1099 2166 115 30 norska
1249 2165 206 38 statskassan,
1490 2165 135 40 uppgått
1648 2164 48 30 till
1719 2164 117 37 20,870

239 2222 116 31 kronor
392 2221 38 30 15
464 2222 64 36 öre,
552 2220 91 32 deraf
664 2220 119 31 hälften
806 2219 74 32 eller
906 2218 114 42 10,435
1045 2217 116 31 kronor
1186 2218 17 29 7
1228 2218 53 30 öre
1304 2216 102 32 skolat
1429 2217 33 30 af
1484 2217 134 31 svenska
1641 2216 196 31 statskassan

238 2273 125 40 gäldas;
387 2274 56 32 och
466 2274 64 31 dels
555 2272 9 31 i
587 2272 151 31 afseende
762 2272 18 31 å
804 2271 60 31 den
887 2270 93 31 ofvan
1003 2269 207 31 omförmälda
1233 2271 110 37 posten
1368 2269 17 30 å
1402 2268 178 40 ersättning
1599 2268 48 31 för
1664 2267 173 32 kostnader

238 2326 10 30 i
272 2324 169 42 anledning
464 2324 35 32 af
521 2323 410 41 militärkommenderingar
954 2321 48 31 till
1027 2320 165 32 Sundsvall
1215 2320 58 32 och
1299 2320 106 41 Umeå,
1422 2322 48 29 att
1486 2320 10 31 i
1513 2321 182 31 densamma
1711 2319 126 41 inginge
