1888 2814
514 174 122 29 Första
655 173 239 36 lagutskottets
915 172 176 31 utlåtande
1110 182 42 21 nr
1173 174 49 28 43.

241 256 140 37 (Kungl.
403 257 118 36 Maj:ts
543 256 163 36 förslag:)

440 333 18 29 5
483 333 28 36 8.

153 391 219 38 Ordförande
423 391 45 37 på
517 391 183 36 avdelning
754 394 89 26 utses

107 441 107 31 bland
249 443 123 35 högsta
407 441 210 31 domstolens
656 441 189 30 ledamöter

105 502 44 20 av
170 493 202 35 Konungen.

150 542 76 30 Den
251 544 10 28 i
286 543 151 38 tjänsten
459 542 108 31 äldste
593 552 42 20 av
663 542 180 38 ordföran-

106 593 90 29 dena
230 594 38 28 är
297 593 112 30 tillika
440 592 209 38 ordförande
682 596 10 28 i
723 594 120 36 högsta

106 643 204 30 domstolen.

1580 169 37 29 17

1049 256 205 37 (Utskottets
1277 256 161 36 förslag:)

1214 333 19 29 5
1257 331 29 37 8.

927 391 193 36 Konungen
1140 392 92 28 utser
1254 400 41 20 en
1316 400 42 21 av
1379 391 122 36 högsta
1523 390 95 30 dom-

882 441 126 30 stolens
1033 441 189 30 ledamöter
1248 443 48 28 att
1322 441 54 37 för
1402 442 54 29 sin
1479 442 139 37 tjänste-

882 491 50 31 tid
954 501 83 21 vara
1057 492 124 36 högsta
1203 492 210 30 domstolens
1438 492 180 37 ordföran-

884 542 51 32 de.
969 542 119 30 Denne
1119 542 91 30 skall
1243 542 111 31 tillika
1386 552 83 20 vara
1502 542 115 37 ordfö-

884 593 106 30 rande
1020 594 44 36 på
1096 593 192 36 avdelning.
1323 593 218 36 Ordförande
1571 593 45 37 på

885 654 117 20 annan
1021 644 185 37 avdelning
1223 648 89 26 utses
1329 644 164 30 likaledes
1511 644 106 30 bland

883 696 123 36 högsta
1030 695 210 31 domstolens
1265 695 189 31 ledamöter
1481 704 41 22 av
1548 695 66 28 Ko-

884 755 138 27 nungen
1048 746 55 37 för
1132 745 211 31 ledamotens
1370 744 186 37 tjänstetid.

823 837 19 30 6
869 837 28 37 S.

152 893 79 36 Mål,
257 903 73 20 som
356 894 162 36 fullföljts
544 894 49 30 till
619 895 122 36 högsta
765 895 192 30 domstolen
983 896 79 29 eller
1087 895 87 30 skall
1200 906 42 20 av
1266 896 113 30 denna
1402 896 213 30 omedelbart

107 947 181 33 upptagas,
309 945 63 29 bör
391 945 10 29 i
425 945 189 31 allmänhet
633 945 145 30 tilldelas
797 945 68 30 viss
887 946 150 29 ledamot
1065 945 186 39 (referent),
1275 955 74 21 som
1369 947 66 29 har
1454 951 49 26 att
1521 946 92 30 med-

107 994 77 30 dela
211 994 55 31 för
290 994 121 32 målets
436 995 194 30 beredande
655 995 223 37 erforderliga
905 996 230 36 anvisningar.
1163 996 204 30 Referenten
1391 997 64 30 bör
1480 997 134 36 deltaga

107 1044 10 29 i
143 1043 120 31 målets
288 1045 257 36 handläggning
571 1046 65 29 och
660 1047 195 35 avgörande
880 1046 10 30 i
915 1047 122 35 högsta
1061 1047 203 30 domstolen.

151 1090 46 34 Är
222 1095 192 36 avdelning,
440 1095 82 30 varå
547 1095 193 31 referenten
763 1098 38 28 är
822 1097 148 35 indelad,
998 1096 44 30 fri
1067 1096 79 31 från
1170 1097 225 39 tjänstgöring
1419 1099 65 29 och
1507 1097 107 37 angår

107 1144 104 31 målet
235 1146 130 29 häktad
390 1146 81 29 eller
493 1146 137 30 fordrar
653 1146 104 30 målet
779 1148 81 29 eller
884 1147 75 30 däri
983 1148 239 35 uppkommen
1246 1147 98 37 fråga
1367 1148 96 39 eljest
1486 1149 127 36 skynd-

105 1200 91 26 samt
222 1197 206 35 avgörande,
455 1196 63 31 bör
544 1206 117 20 annan
685 1197 150 32 ledamot
861 1201 91 27 utses
978 1201 48 27 att
1053 1207 83 21 vara
1160 1198 147 31 referent
1332 1200 10 29 i
1367 1199 103 31 målet
1494 1200 82 30 eller
1603 1200 10 29 i

105 1245 67 30 den
196 1246 171 31 särskilda
390 1245 133 37 frågan.

824 1308 16 28 7
869 1307 28 36 8.

152 1361 52 31 Då
227 1363 183 36 avdelning
433 1364 193 30 behandlar
646 1365 158 29 ansökan
828 1374 57 20 om
908 1365 137 36 resning
1068 1366 81 29 eller
1170 1366 121 30 besvär
1311 1368 82 29 över
1415 1367 164 31 domvilla
1603 1368 10 29 i

105 1411 106 37 något
238 1422 42 21 av
305 1414 123 35 högsta
454 1414 192 30 domstolen
675 1414 133 39 avgjort
836 1414 71 31 mål
935 1416 82 29 eller
1042 1416 136 35 ärende,
1206 1415 57 31 må
1290 1417 31 36 ej
1349 1417 160 36 ledamot,
1537 1428 75 20 som

106 1463 141 36 deltagit
274 1463 10 30 i
312 1464 56 30 det
399 1463 144 36 tidigare
569 1465 219 35 avgörandet,
819 1465 189 38 tjänstgöra
1035 1465 44 37 på
1109 1466 237 37 avdelningen,
1377 1477 56 20 om
1461 1468 152 30 domfört

106 1514 96 29 antal
227 1514 189 29 ledamöter
442 1513 91 30 ändå
560 1515 38 29 är
625 1518 49 26 att
699 1514 94 37 tillgå
819 1515 96 30 inom
942 1516 201 30 domstolen.

823 1608 20 29 8
869 1606 29 37 8.

150 1663 248 32 Förekommer
421 1664 57 30 vid
499 1664 169 37 prövning
689 1665 68 29 och
779 1666 197 35 avgörande
999 1675 43 21 av
1064 1665 70 31 mål
1156 1667 10 29 i
1188 1667 120 36 högsta
1333 1669 193 30 domstolen
1548 1670 63 29 till-

105 1714 71 29 lika
199 1713 98 37 fråga
319 1724 57 20 om
400 1715 157 36 yttrande
578 1715 10 30 i
613 1715 136 35 ärende,
773 1725 74 20 som
869 1725 96 21 avses
987 1716 10 30 i
1021 1717 18 36 8
1061 1718 41 28 26
1125 1718 319 37 regeringsformen,
1465 1720 84 30 böra
1571 1721 42 29 de

106 1764 151 35 domare,
284 1774 74 20 som
383 1765 139 35 deltagit
547 1765 10 30 i
579 1765 122 30 målets
724 1766 204 35 avgörande,
954 1767 133 30 besluta
1109 1768 10 29 i
1143 1767 132 37 frågan.
1300 1769 95 30 Skall
1421 1772 158 34 yttrande
1602 1771 10 29 i

102 1814 124 31 sådant
249 1816 126 29 ärende
400 1815 96 36 eljest
519 1815 148 36 avgivas,
691 1816 58 30 må
771 1816 111 30 beslut
908 1817 103 30 fattas
1034 1828 43 20 av
1099 1821 50 26 tre
1170 1818 206 37 justitieråd;
1401 1820 10 29 i
1435 1820 79 36 mål,
1538 1830 74 20 som

105 1864 151 38 avgjorts
277 1874 41 20 av
341 1865 253 36 krigsdomstol,
617 1866 64 29 bör
702 1866 88 30 dock
810 1866 11 30 i
845 1867 110 30 stället
976 1867 55 30 för
1050 1870 46 28 ett
1116 1877 42 21 av
1180 1869 238 35 justitieråden
1438 1870 113 37 någon
1571 1881 41 20 av

105 1915 42 29 de
175 1915 11 29 i
214 1916 18 36 8
262 1915 41 29 20
332 1915 309 36 regeringsformen
669 1916 153 30 nämnda
850 1916 339 36 militärpersonerna
1216 1919 134 36 deltaga
1378 1920 10 29 i
1413 1921 153 30 beslutet.

436 2008 19 29 9
475 2008 28 37 8.

147 2065 166 30 Närmare
344 2066 149 35 grunder
520 2066 56 30 för
601 2067 237 36 avdelningar-

100 2124 63 21 nas
188 2116 312 36 sammansättning
524 2117 64 29 och
613 2117 132 30 målens
771 2118 67 29 för-

101 2165 140 36 delning
268 2169 88 27 samt
383 2166 271 38 tjänstgöringen
681 2167 10 29 i
718 2168 120 35 högsta

101 2216 195 29 domstolen
329 2216 150 30 beslutas
513 2227 41 20 av
590 2218 121 34 högsta
744 2218 93 29 dom-

101 2266 110 29 stolen
240 2266 163 30 samfällt.
434 2267 63 29 Det
528 2267 210 30 tillkommer
764 2268 74 29 ord-

101 2315 195 37 förandena
320 2321 212 30 gemensamt
556 2321 48 26 att
630 2318 154 35 tillämpa
799 2318 41 29 de

103 2365 146 30 sålunda
285 2366 177 30 beslutade
496 2367 206 35 grunderna,
738 2368 100 30 såvitt

101 2415 107 35 angår
255 2416 251 30 ledamöternas
551 2418 176 34 indelning
774 2419 62 28 och

102 2466 132 30 målens
270 2466 204 35 fördelning.
513 2467 14 29 I
566 2467 110 36 övrigt
713 2468 126 35 åligger

1210 2012 19 29 9
1250 2011 27 37 8.

923 2067 165 31 Närmare
1119 2070 148 33 grunder
1295 2070 56 30 för
1376 2071 237 36 avdelningar-

877 2126 62 21 nas
963 2120 311 35 sammansättning
1299 2122 64 28 och
1389 2121 130 31 målens
1545 2122 68 30 för-

878 2168 138 35 delning
1043 2172 89 26 samt
1159 2170 270 37 tjänstgöringen
1455 2172 10 29 i
1492 2173 121 34 högsta

878 2218 192 30 domstolen
1105 2219 149 31 beslutas
1288 2231 41 19 av
1365 2222 121 35 högsta
1518 2223 94 29 dom-

878 2269 107 28 stolen
1012 2270 163 29 samfällt.

924 2318 62 28 Det
1016 2319 209 30 tillkommer
1255 2321 121 35 högsta
1404 2321 210 30 domstolens

878 2368 209 36 ordförande
1116 2373 49 26 att
1190 2371 11 28 i
1226 2371 139 29 samråd
1395 2373 77 29 med
1499 2372 115 36 ordfö-

881 2418 155 29 randena
1070 2419 45 36 på
1146 2421 118 34 övriga
1294 2420 225 37 avdelningar
1551 2423 63 29 till-

877 2468 117 35 lämpa
1017 2469 40 29 de
1081 2468 146 33 sålunda
1251 2471 176 30 beslutade
1452 2474 161 34 grunder-

147 2530 111 31 Bihang
270 2531 42 24 til
323 2531 167 31 riksdagens
502 2532 146 30 protokoll
662 2533 73 23 1946.
759 2533 15 22 9
795 2533 79 24 saml.
904 2533 10 23 1
931 2533 56 22 avd.
1009 2533 37 23 Nr
1059 2534 108 24 43—45.
1567 2536 15 24 2
