2242 2608
408 176 21 30 4
913 179 256 34 Statsutskottets
1191 182 166 33 utlåtande
1379 183 54 32 Nr
1447 187 74 29 187.

514 260 37 48 b)
582 266 51 31 att
662 262 230 38 beträffande
920 264 162 37 bibanan
1111 266 392 48 Lycksele—Hällnäs
1533 283 49 23 nu
1610 270 80 36 icke
1710 274 116 34 måtte
1846 279 161 43 avgöras

409 312 160 36 rörande
597 313 61 36 vid
686 314 125 36 vilken
836 316 138 36 station
1009 317 162 36 nämnda
1198 318 117 37 banas
1340 321 223 48 anslutning
1582 322 52 36 till
1656 335 109 24 norra
1784 326 222 36 stambanan

409 363 96 36 skall
534 364 76 47 ske,
652 370 91 31 utan
785 372 51 30 att
876 367 201 50 riksdagen
1112 371 109 46 1918,
1251 371 95 36 efter
1373 372 62 36 det
1463 372 157 50 förnyad
1648 374 203 50 utredning
1878 377 127 38 därom

409 415 159 37 kommit
596 417 55 35 till
679 418 122 47 stånd,
831 421 112 34 måtte
971 425 118 32 sättas
1114 421 11 36 i
1149 422 144 37 tillfälle
1313 428 55 31 att
1388 427 96 46 ånyo
1505 430 120 43 pröva
1652 425 122 37 denna
1802 427 108 50 fråga
1937 430 69 37 och

410 467 129 36 därom
568 468 94 36 fatta
690 469 185 37 definitivt
901 471 134 37 beslut.

513 519 136 37 Herrar
689 520 198 38 Wickman
928 523 70 36 och
1041 524 156 37 Waldén
1239 526 98 37 hava
1372 527 11 35 i
1411 528 190 36 motionen
1629 543 44 22 nr
1704 531 69 35 147
1804 526 201 58 hemställt,

513 578 51 29 att
595 572 204 49 riksdagen
833 576 113 35 måtte
980 576 104 36 avslå
1116 576 140 49 Kungl.
1286 578 126 49 Maj:ts
1445 581 236 48 proposition
1710 595 45 23 nr
1783 584 85 47 221,
1893 584 11 35 i
1932 586 73 35 vad

409 622 124 36 denna
560 636 110 24 avser
697 625 370 51 tvärbaneförslaget
1099 618 176 65 Forsmo—
1294 618 157 65 Hoting,

512 682 93 29 samt
631 683 52 29 att
710 676 206 49 riksdagen
945 682 117 33 måtte
1081 680 147 37 anhålla
1248 695 60 22 om
1324 682 298 39 föranstaltande
1649 688 48 46 på
1726 685 175 50 lämpligt
1929 693 77 31 sätt

408 739 47 23 av
484 740 46 23 en
560 726 160 50 förnyad
748 728 152 50 allsidig
928 732 254 50 omprövning
1210 747 45 22 av
1283 733 392 52 alternativförslagen
1696 737 230 50 Långsele—
1940 740 65 37 Ul-

408 778 161 37 riksfors
602 780 70 36 och
700 780 369 51 Forsmo—Hoting,
1098 784 115 37 innan
1242 785 122 38 denna
1394 786 110 50 fråga
1533 790 97 47 ånyo
1665 788 216 51 förelägges
1910 791 95 37 riks-

411 830 136 37 dagen.
1752 851 3 2 |

460 844 27 35 ?
514 882 185 50 Slutligen
728 884 68 36 har
822 884 83 37 herr
932 885 133 50 Rydén
1094 887 11 35 i
1133 888 190 37 motionen
1352 903 43 22 nr
1422 891 74 35 449
1526 890 198 49 hemställt,

516 934 72 48 1:o)
629 940 54 31 att
710 936 200 49 riksdagen
942 938 88 37 ville
1062 938 156 48 besluta,
1248 945 53 31 att
1333 941 273 38 inlandsbanan
1635 944 96 36 skall
1772 948 20 33 å
1819 945 183 38 bandelen

407 986 137 36 mellan
574 986 144 38 Sorsele
759 989 70 36 och
856 989 218 37 Jokkmokk
1110 991 234 49 framdragas
1385 993 99 37 förbi
1525 994 145 37 Kasker
1710 996 11 35 i
1750 997 253 50 huvudsaklig

408 1040 373 36 överensstämmelse
809 1041 83 36 med
920 1041 130 37 därom
1080 1055 45 23 av
1148 1043 367 51 järnvägsstyrelsen
1544 1048 180 48 uppgjort
1752 1049 157 49 förslag;

512 1089 73 49 2:0)
624 1096 53 31 att
704 1091 203 50 riksdagen
936 1093 86 37 ville
1049 1093 155 50 besluta,
1233 1096 117 37 under
1377 1097 45 36 de
1452 1098 182 37 förbehåll
1663 1099 228 38 beträffande
1919 1102 83 36 vill-

407 1141 68 36 kor
516 1155 59 23 om
612 1142 229 38 kostnadsfri
881 1145 209 49 upplåtelse
1131 1160 45 22 av
1216 1148 107 36 mark
1364 1149 83 36 med
1489 1163 114 33 mera,
1645 1164 79 24 som
1754 1152 247 38 innehållas
1981 1137 25 63 i

407 1193 409 50 statsrådsprotokollet
856 1201 88 32 över
983 1197 251 38 civilärenden
1272 1200 71 36 den
1384 1202 23 34 4
1449 1202 95 48 april
1586 1204 95 35 1917
1721 1204 69 36 och
1818 1205 84 36 med
1929 1211 73 30 rätt

407 1245 58 36 för
492 1246 141 48 Kungl.
663 1247 108 49 Maj:t
799 1253 53 31 att
873 1254 170 32 närmare
1062 1250 175 37 förordna
1256 1264 60 23 om
1336 1252 187 37 banornas
1549 1254 232 50 sträckning,

511 1298 75 36 dels
626 1299 238 49 anläggande
910 1314 45 22 av
997 1314 46 23 en
1084 1303 183 36 tvärbana
1311 1305 133 36 mellan
1490 1305 113 37 Jörns
1648 1308 140 36 station
1829 1311 20 33 å
1890 1322 111 23 norra

407 1349 223 37 stambanan
651 1351 71 36 och
742 1350 246 50 Gubblijaure
1008 1356 21 33 å
1050 1353 70 37 den
1140 1355 213 48 föreslagna
1367 1356 514 52 inlandsbanesträckningen
1897 1361 102 36 inom

405 1401 229 49 Arjeplougs
663 1403 149 47 socken,
842 1403 57 37 för
925 1404 126 37 vilken
1080 1406 179 37 tvärbana
1287 1408 200 37 beräknats
1516 1422 46 23 en
1582 1411 417 50 anläggningskostnad

406 1467 46 22 av
482 1455 202 46 8,180,000
713 1455 150 49 kronor,

510 1506 74 36 dels
612 1507 238 49 anläggande
878 1522 46 22 av
952 1522 46 23 en
1026 1509 179 37 tvärbana
1232 1511 82 36 från
1343 1511 155 38 Hällnäs
1527 1514 137 36 station
1692 1517 20 34 å
1740 1529 110 23 norra
1885 1521 114 33 stam-

405 1557 124 36 banan
570 1557 54 37 till
667 1557 168 38 Stensele
867 1563 20 33 å
918 1560 286 49 inlandsbanan,
1234 1563 57 36 för
1319 1564 124 36 vilken
1471 1565 137 37 bandel
1635 1566 198 38 beräknats
1862 1581 44 23 en
1935 1583 64 22 an-

405 1609 370 49 läggningskostnad
804 1625 46 22 av
881 1614 226 45 11,150,000
1135 1614 150 49 kronor,

510 1662 74 36 dels
621 1663 61 36 ock
723 1663 238 49 anläggande
994 1678 46 22 av
1069 1679 46 22 en
1145 1666 135 37 bibana
1309 1667 80 37 från
1417 1668 119 37 Umeå
1565 1670 53 35 till
1646 1670 210 38 Holmsund
1879 1673 120 48 jämte

406 1713 315 50 förbindelsespår
762 1715 55 36 till
858 1729 44 23 en
943 1716 175 37 blivande
1146 1718 113 36 hamn
1300 1720 151 36 utanför
1487 1720 211 38 Holmsund
1742 1723 58 36 för
1840 1737 44 23 en
1912 1725 85 36 med

405 1765 241 49 tillämpning
686 1780 46 22 av
770 1767 45 36 de
843 1768 77 36 före
948 1768 200 38 kristidens
1188 1770 132 50 början
1361 1774 40 33 år
1444 1774 98 35 1914
1570 1774 161 37 rådande
1760 1775 138 37 arbets-
1927 1777 71 36 och

404 1818 290 48 materialpriser
721 1818 187 38 beräknad
937 1821 416 50 anläggningskostnad
1383 1837 45 23 av
1463 1826 200 46 1,200,000
1692 1826 149 46 kronor;

510 1869 72 48 3:0)
611 1875 54 31 att
691 1870 203 50 riksdagen
921 1873 87 36 ville
1037 1874 57 35 för
1121 1877 39 33 år
1190 1876 96 35 1918
1316 1876 129 36 anvisa
1472 1882 52 31 ett
1543 1879 386 49 reservationsanslag
1951 1894 47 22 av

407 1922 202 47 1,000,000
638 1922 150 48 kronor,
823 1929 53 31 att
907 1927 90 46 utgå
1030 1938 47 23 av
1105 1926 215 48 lånemedel,
1359 1928 57 36 för
1442 1928 230 50 påbörjande
1699 1944 47 22 av
1775 1931 173 37 arbetena
1977 1935 21 33 å

405 1973 208 37 tvärbanan
640 1974 406 51 Jörn—Gubblijaure;

509 2025 73 48 4:0)
613 2031 54 31 att
694 2027 201 49 riksdagen
924 2029 87 36 ville
1039 2029 11 36 i
1079 2029 180 37 skrivelse
1279 2030 55 37 till
1350 2031 141 50 Kungl.
1515 2033 104 48 Maj:t
1647 2033 149 37 anhålla
1824 2048 59 23 om
1912 2036 85 36 full-

405 2077 152 49 ständig
583 2078 202 49 utredning
814 2080 69 36 och
911 2080 114 50 därpå
1053 2082 163 48 grundat
1244 2082 143 50 förslag
1426 2084 55 36 till
1511 2085 236 49 anläggande
1776 2100 45 23 av
1848 2088 148 36 tvärba-

405 2143 68 22 nor
500 2130 136 36 mellan
664 2130 187 49 Långsele
879 2133 135 36 station
1044 2136 20 33 å
1092 2147 111 22 norra
1230 2134 219 37 stambanan
1479 2136 70 36 och
1577 2137 204 37 Ulriksfors
1810 2140 135 36 station
1975 2143 21 33 å

403 2181 274 37 inlandsbanan
720 2182 106 49 samt)
863 2184 136 36 mellan
1040 2185 213 37 Mellansels
1294 2187 137 36 station
1474 2191 20 33 å
1535 2202 110 23 norra
1676 2190 220 37 stambanan
1924 2192 72 36 och

403 2233 132 36 Råsele
564 2236 20 34 å
611 2234 282 37 inlandsbanan.

508 2285 233 37 Beträffande
769 2287 73 36 vad
871 2289 278 36 motionärerna
1175 2290 125 37 anfört
1328 2291 54 36 till
1411 2291 84 37 stöd
1526 2292 57 36 för
1610 2293 44 36 de
1683 2307 45 23 av
1756 2294 84 37 dem
1860 2295 134 49 gjorda

403 2337 374 50 framställningarna
804 2340 55 35 får
885 2340 185 37 utskottet
1098 2341 156 37 hänvisa
1281 2343 54 35 till
1363 2344 244 36 motionerna.
