1900 2844
104 1704 153 30 Fastighets-

82 1739 200 30 redovisningen.

341 174 40 30 16
661 173 126 32 Andra
813 174 255 37 lagutskottets
1096 173 187 32 utlåtande
1309 173 54 32 Nr
1386 172 51 31 40.

297 252 94 31 flera
412 252 12 30 i
448 262 44 20 en
516 252 188 30 obesutten
727 253 128 34 ägares
879 250 96 32 hand
998 250 296 31 sammankomna
1319 250 108 31 lotter
1454 250 101 37 fingo
1580 250 33 36 ej
1641 249 158 31 därefter

296 303 179 37 åtskiljas.
523 302 153 37 Lagfart
705 303 21 30 å
752 302 136 31 sådana
916 304 136 29 smärre
1081 301 181 37 jorddelar
1290 301 116 31 skulle
1434 301 78 31 icke
1543 301 39 31 få
1610 300 188 32 meddelas.

296 354 64 32 All
384 354 177 37 klyvning
586 354 113 31 under
726 354 70 30 full
820 353 227 32 besuttenhet
1074 353 169 37 förbjöds,
1269 353 65 31 och
1360 352 66 31 allt
1452 352 71 32 vad
1548 352 167 32 därifrån
1741 361 59 21 av-

298 407 69 31 vek
393 406 115 31 skulle
534 415 105 22 anses
665 415 74 21 som
764 415 46 21 en
835 405 154 31 nullitet.
1036 405 131 31 Därest
1193 405 33 36 ej
1253 405 99 30 inom
1374 404 105 37 högst
1505 404 109 36 tjugu
1641 404 40 30 år
1707 403 93 31 efter

295 457 223 32 storskiftets
537 457 224 31 slutförande
779 456 339 31 obesuttenheterna
1135 457 98 30 inom
1250 465 45 22 en
1315 464 116 28 grupp
1451 455 273 31 sammansmält
1743 454 58 31 till

297 519 46 22 en
362 509 238 36 besuttenhet,
620 508 116 31 skulle
757 508 249 31 innehavarna
1026 508 92 30 lotta
1138 518 57 21 om
1216 517 80 21 vem
1316 517 76 21 som
1413 507 92 31 efter
1527 507 139 31 inlösen
1685 506 115 31 skulle

299 561 132 31 besitta
452 561 58 31 det
531 560 91 31 hela.

336 611 213 33 Emellertid
574 612 104 31 blevo
703 611 33 37 ej
761 612 46 31 de
835 612 187 31 obesuttna
1049 612 164 34 lotterna,
1240 612 116 30 såsom
1383 611 117 31 avsett
1526 620 76 27 var,
1629 619 174 23 samman-

299 664 119 36 förda;
441 666 159 30 tvärtom
622 664 123 31 klövos
768 664 103 31 såväl
892 664 169 31 besuttna
1082 673 75 22 som
1179 664 190 31 obesuttna
1391 663 106 31 lotter
1521 663 162 36 djupare.
1724 662 78 31 Den

299 716 121 38 gamla
444 716 106 31 seden
574 717 55 30 att
654 715 156 37 uppdela
834 715 179 31 arvfallen
1037 715 83 37 jord
1144 715 133 31 mellan
1301 715 73 31 alla
1396 714 332 37 dödsbodelägarna
1751 713 50 32 bi-

299 768 136 31 behölls
460 770 93 29 även
578 768 93 30 efter
697 766 253 32 storskiftenas
977 766 287 38 genomförande.
1312 763 227 35 Önskemålet
1565 767 55 30 att
1646 766 40 30 så
1712 766 89 30 små-

299 819 148 37 ningom
470 819 37 31 få
531 819 59 31 till
614 819 106 31 stånd
742 818 230 37 bärkraftiga
994 818 177 37 jordbruk
1194 819 64 30 har
1281 817 153 32 sålunda
1457 817 33 37 ej
1519 817 77 37 gått
1621 817 12 30 i
1658 816 144 37 uppfyl-

299 870 96 32 lelse.
438 871 18 30 I
477 870 68 31 den
568 880 25 21 s.
619 870 33 31 k.
675 869 287 38 mellanbygden,
986 869 224 31 omfattande
1234 879 45 21 en
1302 870 115 30 större
1442 868 57 32 del
1523 879 47 21 av
1593 868 42 31 de
1660 868 76 32 före
1761 868 40 30 år

297 922 79 32 1859
406 921 234 32 storskiftade
670 921 211 37 socknarna,
911 921 66 31 har
1007 922 158 35 ungefär
1196 920 109 31 halva
1336 919 136 33 antalet
1504 919 301 37 brukningsdelar

297 974 141 32 mindre
457 977 47 28 än
520 975 20 30 2
560 974 129 32 hektar
707 974 95 37 åker,
822 974 65 31 och
906 973 124 32 endast
1049 974 136 31 mellan
1202 974 18 29 2
1240 973 65 31 och
1323 973 17 31 3
1360 975 145 34 procent
1524 983 47 21 av
1591 972 213 36 bruknings-

301 1027 148 32 delarna
475 1028 266 36 representeras
769 1037 47 21 av
844 1026 143 37 sådana,
1016 1036 76 21 som
1120 1026 95 31 hava
1242 1035 75 21 mer
1343 1027 48 29 än
1417 1025 38 31 10
1484 1025 128 31 hektar
1641 1025 96 31 åker.
1784 1025 19 30 I

300 1079 119 37 skogs-
443 1079 65 30 och
531 1078 229 37 fjällbygden
783 1080 62 29 äro
869 1077 351 37 brukningsdelarna
1244 1077 12 30 i
1279 1076 170 32 medeltal
1470 1076 150 32 mindre.
1664 1076 138 37 Fastig-

300 1130 351 37 hetsomsättningen
675 1129 65 31 har
766 1129 199 32 emellertid
990 1130 39 30 så
1058 1130 77 36 gott
1161 1139 74 21 som
1260 1128 276 37 undantagslöst
1562 1128 135 31 bestått
1721 1127 13 31 i
1760 1137 44 21 en

299 1181 210 38 överföring
535 1192 46 21 av
607 1181 139 31 mindre
773 1183 88 35 ägor
888 1181 83 31 från
994 1191 44 21 en
1064 1180 261 37 brukningsdel
1351 1180 59 31 till
1435 1189 131 26 annan,
1594 1179 210 37 varigenom

301 1232 221 38 jordbruken
544 1232 289 38 genomsnittligt
854 1232 168 32 behållits
1044 1232 63 31 vid
1127 1232 154 37 ungefär
1302 1241 139 22 samma
1463 1231 134 31 storlek
1619 1240 76 21 som
1716 1231 88 30 stor-

301 1285 296 31 skifteslotterna.
638 1283 126 32 Denna
785 1284 95 30 form
900 1284 55 30 för
975 1282 464 38 fastighetsomsättningen
1458 1282 66 31 har
1545 1282 153 31 sålunda
1717 1283 88 30 mot-

302 1336 128 32 verkat
460 1336 244 37 klyvningens
733 1335 177 31 inverkan
938 1336 46 35 på
1014 1329 371 42 brukningsdelarnas
1416 1334 144 36 storlek,
1590 1343 83 22 men
1704 1333 102 32 dessa

303 1388 92 31 båda
414 1388 160 31 faktorer
591 1388 97 30 hava
706 1386 170 38 jämsides
896 1386 83 31 ökat
999 1385 235 37 splittringen
1252 1396 46 20 av
1317 1385 371 37 brukningsdelarnas
1708 1387 97 34 ägor.

302 1439 449 36 Storskiftesindelningen
780 1438 65 31 har
875 1437 132 32 brutits
1036 1437 143 34 sönder;
1209 1437 224 31 åbolotterna
1463 1436 199 32 innehavas
1691 1436 114 31 vanli-

304 1500 68 28 gen
390 1500 46 22 av
453 1491 51 31 ett
523 1490 125 31 flertal
665 1490 177 37 delägare,
861 1489 100 31 vilka
978 1499 67 21 var
1065 1489 56 31 för
1141 1488 56 37 sig
1214 1489 96 30 hava
1329 1488 56 31 del
1403 1488 139 37 jämväl
1559 1488 13 31 i
1592 1488 114 31 andra
1725 1487 80 32 åbo-

302 1543 117 31 lotter.
459 1542 98 36 Byar
578 1542 132 35 finnas,
730 1541 65 31 där
814 1540 204 32 medeltalet
1040 1540 214 36 fastigheter
1275 1540 56 31 för
1350 1540 167 37 delägare
1538 1540 199 37 överstiger
1758 1540 48 36 10,

303 1594 67 31 och
391 1593 161 37 exempel
574 1593 122 31 finnas
718 1593 21 30 å
762 1592 176 37 delägare,
962 1602 75 21 som
1062 1591 180 31 innehava
1264 1591 106 31 andel
1392 1592 11 30 i
1427 1594 85 28 över
1535 1593 52 30 ett
1611 1591 195 31 hundratal

303 1646 176 31 hemman.

343 1696 379 38 Brukningsdelarnas
741 1699 88 33 ägor
849 1696 94 31 hava
962 1695 126 31 endast
1108 1696 11 30 i
1140 1695 106 37 ringa
1265 1694 254 37 utsträckning
1540 1695 107 31 blivit
1668 1695 46 36 på
1734 1694 73 37 lag-

304 1749 51 37 lig
378 1751 71 35 väg
471 1748 186 31 utbrutna.
700 1747 73 32 Vid
796 1747 41 31 de
861 1747 204 37 upprepade
1091 1746 324 37 arvsdelningarna
1438 1746 102 31 torde
1562 1746 158 31 lotterna
1741 1746 67 30 säl-

304 1801 62 31 lan
387 1800 85 31 eller
493 1800 137 31 kanske
652 1799 117 37 aldrig
790 1800 199 30 motsvarat
1011 1799 42 30 de
1073 1799 13 30 i
1108 1799 79 30 1804
1208 1799 58 30 års
1288 1798 89 30 brev
1399 1797 208 37 uppställda
1629 1797 178 37 fordring-

305 1862 99 21 arna.
444 1852 100 37 Laga
564 1851 147 37 delning
731 1850 119 31 kunde
869 1850 106 31 alltså
994 1850 34 36 ej
1051 1850 71 30 ske.
1162 1850 19 31 TI
1200 1849 120 31 stället
1339 1849 183 31 användes
1542 1849 68 31 den
1631 1849 177 37 delnings-

306 1904 104 36 form,
437 1903 273 37 sämjedelning,
736 1902 81 31 med
843 1901 123 32 vilken
992 1901 221 37 jordägarna
1238 1901 113 31 redan
1377 1901 84 30 från
1487 1901 101 31 tiden
1616 1901 78 31 före
1721 1902 86 29 stor-

306 1955 127 32 skiftet
460 1955 97 31 varit
585 1954 198 36 förtrogna.
829 1950 103 34 Även
957 1953 110 31 sedan
1094 1953 41 31 de
1163 1952 232 31 storskiftade
1424 1952 230 31 dalaorterna
1683 1961 125 28 genom

305 2007 79 31 1881
410 2008 58 30 års
494 2004 599 38 hemmansklyvningsförordning
1121 2004 105 31 blivit
1251 2003 186 32 likställda
1462 2004 79 31 med
1567 2003 123 32 landet
1716 2003 12 31 i
1755 2005 57 29 öv-

303 2058 76 37 rigt
401 2057 230 33 beträffande
654 2059 119 30 rätten
797 2059 55 31 att
875 2057 119 37 klyva,
1017 2057 68 31 har
1109 2056 420 37 sämjedelningsformen
1554 2056 96 32 varit
1674 2056 138 31 förhär-

307 2111 143 32 skande.
493 2111 183 36 Vanligen
697 2111 67 30 har
786 2110 78 31 icke
887 2111 209 35 upprättats
1119 2119 87 22 vare
1228 2109 55 37 sig
1306 2109 107 31 karta
1435 2109 86 31 eller
1545 2110 120 36 någon
1686 2108 123 31 skrift-

308 2163 51 38 lig
380 2163 184 37 handling,
586 2161 191 32 utvisande
799 2162 94 30 huru
915 2161 262 37 sämjedelning
1199 2160 142 31 utförts.
1383 2160 230 37 Upplåtelser
1637 2161 84 30 från
1740 2160 70 31 fas-

307 2215 117 37 tighet
442 2215 96 31 hava
557 2213 182 38 praktiskt
758 2214 100 36 taget
877 2212 276 37 undantagslöst
1173 2213 116 30 avsett
1311 2212 98 31 vissa
1428 2212 58 31 till
1507 2212 97 37 läget
1625 2211 187 32 bestämda

307 2269 89 34 ägor
420 2267 54 30 att
496 2265 199 32 innehavas
719 2266 118 30 såsom
860 2264 244 31 hemmansdel
1128 2263 86 31 eller
1238 2263 230 37 avsöndring.
1511 2263 228 37 Utbrytning
1763 2264 47 35 på

309 2317 118 38 grund
454 2328 47 21 av
529 2317 127 37 dylika
684 2316 189 37 arealfång
899 2315 65 32 har
994 2314 230 33 förekommit
1252 2314 13 31 i
1294 2314 127 32 endast
1451 2314 185 38 obetydlig
1665 2314 144 32 omfatt-

307 2369 98 37 ning.
449 2368 236 32 Härutinnan
707 2369 59 30 må
791 2368 149 35 erinras,
965 2367 54 31 att
1044 2365 477 38 avsöndringsförfarandet,
1547 2376 76 21 som
1647 2376 66 22 var
1737 2367 73 29 sär-

308 2421 87 32 skilt
414 2420 136 37 lämpat
572 2420 56 32 för
648 2420 67 31 den
734 2420 67 30 här
821 2418 303 31 karakteristiska
1145 2418 136 30 formen
1302 2417 56 32 för
1380 2416 430 38 fastighetsomsättning-
