1910 2804
481 153 398 35 Jordbruksutskottets
905 155 188 35 utlåtande
1121 157 52 33 Nr
1196 159 51 30 45.
1528 160 39 31 23

111 246 72 21 som
206 236 87 32 dock
318 238 12 30 i
354 239 94 35 regel
472 240 44 34 på
540 240 115 35 grund
678 250 45 21 av
748 241 101 36 ringa
873 242 342 38 förmultningsgrad
1239 245 31 36 ej
1296 246 118 30 kunna
1431 247 180 30 användas

110 288 53 30 för
198 287 121 37 odling
351 289 121 32 förrän
506 291 41 31 de
579 291 230 37 fullständigt
838 294 167 37 torrlagts
1028 295 63 31 och
1114 295 151 32 därefter
1288 297 109 31 under
1420 299 115 34 någon
1560 299 50 30 tid

109 339 129 31 hunnit
261 340 98 31 bliva
383 343 263 35 genomluftade
671 344 64 31 och
759 345 152 37 tjänliga
935 346 54 31 för
1012 347 132 36 odling.

151 391 65 31 Att
250 392 163 33 intresset
448 395 54 30 för
535 394 120 37 odling
680 399 40 28 är
744 398 228 35 synnerligen
996 400 87 30 stort
1106 399 98 32 torde
1228 400 136 37 framgå
1387 412 44 20 av
1456 403 154 35 följande

108 443 196 36 uppgifter:

150 492 95 35 Åren
280 496 213 32 1918—1920
528 499 230 32 verkställdes
793 501 78 31 med
902 502 158 37 tillhjälp
1084 513 45 21 av
1153 514 125 25 genom
1301 507 131 30 statens
1456 506 153 37 odlings-

106 547 244 35 organisation
385 548 213 33 förmedlade
632 552 216 37 statsbidrag
877 554 97 30 inom
997 553 175 33 Norrland
1197 557 116 35 42,220
1337 558 143 36 stycken
1504 559 105 36 nyod-

105 598 119 37 lingar
258 600 79 32 med
371 610 43 22 en
449 603 244 37 sammanlagd
728 605 94 31 areal
857 615 44 21 av
937 606 115 36 15,850
1087 607 134 32 hektar.
1267 608 118 32 Under
1413 620 131 22 samma
1569 613 39 29 år

104 651 193 37 beviljades
333 653 60 31 763
427 653 60 32 lån
521 665 41 20 ur
584 657 234 31 norrländska
842 658 318 36 nyodlingsfonden
1184 660 54 31 för
1262 662 192 37 uppodling
1478 673 43 20 av
1547 664 60 31 714

104 703 134 32 hektar.

147 753 96 33 Ären
278 757 214 32 1918—1920
519 759 180 32 lämnades
723 761 215 36 statsbidrag
962 763 57 30 till
1043 764 61 30 678
1129 766 477 37 vattenavledningsarbeten

104 807 12 29 i
150 806 176 33 Norrland
353 809 63 31 och
439 809 166 38 Dalarna,
630 813 127 30 varvid
781 813 66 31 den
871 815 276 31 vattenbefriade
1172 816 84 31 eller
1280 817 212 33 förbättrade
1515 820 91 35 jord-

103 858 130 31 vidden
257 860 188 31 beräknats
469 863 116 34 uppgå
609 863 57 30 till
691 864 117 36 24,132
832 865 136 31 hektar.
1014 866 219 37 Visserligen
1257 869 121 30 kunna
1402 870 95 31 dessa
1523 882 83 25 upp-

102 909 109 36 gifter
234 911 31 36 ej
290 921 101 22 anses
415 914 126 35 utgöra
565 915 49 30 ett
638 916 143 36 uttryck
805 916 55 31 för
883 917 261 37 omfattningen
1167 929 45 20 av
1238 920 122 37 odling
1376 922 62 30 och
1455 922 150 37 dikning

101 962 112 31 under
237 964 160 30 normala
421 965 51 36 år,
496 975 79 21 men
599 966 40 31 de
663 968 133 35 angiva
820 968 86 32 dock
930 969 131 36 tydligt
1083 972 52 29 att
1160 971 114 36 viljan
1298 973 57 30 till
1379 974 169 37 nyodling
1573 976 30 36 ej

100 1014 138 36 saknas,
263 1014 43 32 då
329 1015 41 32 de
394 1016 226 32 ekonomiska
644 1019 271 32 förhållandena
931 1021 164 37 medgiva
1111 1023 182 31 arbetenas
1310 1025 195 32 utförande.
1542 1027 62 31 Att

100 1075 43 22 en
166 1067 72 31 stor
262 1067 55 31 del
340 1078 46 21 av
410 1067 98 33 dessa
532 1069 164 38 odlingar
720 1072 96 31 inom
839 1072 175 33 Norrland
1039 1074 148 32 kommit
1210 1076 57 30 till
1292 1077 101 31 stånd
1415 1078 99 31 beror
1531 1079 72 31 helt

99 1118 119 32 säkert
252 1120 44 35 på
324 1121 52 30 att
404 1120 40 32 de
473 1121 95 32 förut
591 1123 78 31 med
693 1124 213 37 statsbidrag
930 1126 141 31 utförda
1095 1127 237 37 dikningarna
1356 1130 246 32 åstadkommit

100 1170 172 37 lämpliga
295 1172 318 36 odlingsområden.

141 1222 180 32 Utskottet
356 1224 64 31 har
455 1225 75 31 icke
565 1226 110 32 heller
708 1228 139 32 kunnat
882 1229 119 37 undgå
1037 1231 89 31 fästa
1150 1233 169 31 avseende
1343 1234 59 30 vid
1427 1233 39 31 de
1494 1234 107 32 ökade

97 1273 187 33 kostnader
318 1286 74 21 som
430 1278 50 30 ett
514 1278 102 31 bifall
653 1280 58 30 till
751 1282 262 35 propositionen
1051 1283 12 30 i
1102 1283 228 33 förevarande
1364 1286 112 36 punkt
1514 1287 87 31 oför-

96 1326 134 31 ändrad
264 1327 115 32 skulle
413 1328 141 32 komma
587 1332 52 30 att
674 1332 156 31 medföra
865 1333 53 31 för
955 1335 221 31 statsverket.
1222 1336 51 31 Då
1308 1347 41 21 en
1373 1338 160 36 sjättedel
1555 1349 45 20 av

96 1378 195 32 kostnaden
325 1380 55 31 för
412 1381 244 38 avdikningen
680 1397 39 4 —
744 1385 112 31 under
889 1385 256 39 förutsättning
1173 1389 51 29 att
1253 1389 136 31 hälften
1412 1390 114 31 skulle
1550 1401 49 20 er-

96 1429 116 32 hållas
236 1431 12 30 i
272 1432 214 37 statsbidrag
512 1445 37 5 —
573 1434 92 31 skall
690 1436 140 31 innestå
853 1437 57 31 till
935 1438 75 31 dess
1032 1439 88 31 visst
1138 1439 209 33 föreskrivet
1362 1442 137 31 område
1517 1453 83 26 upp:

95 1481 113 32 odlats
242 1483 105 37 följer
381 1484 108 31 därav
524 1487 52 30 att
609 1487 247 38 besiktningar
890 1490 62 30 och
976 1490 152 32 kontroll
1153 1493 110 30 måste
1287 1495 65 34 äga
1376 1504 88 26 rum,
1489 1495 110 31 innan

95 1533 115 32 denna
242 1535 55 31 del
321 1546 45 21 av
391 1537 249 38 statsbidraget
663 1540 71 31 kan
758 1541 185 31 utbetalas.
990 1540 101 34 Även
1115 1553 55 21 om
1195 1554 81 21 man
1300 1545 121 32 härtill
1447 1547 68 30 kan
1538 1558 59 20 an-

94 1586 115 31 vända
243 1587 471 40 hushållningssällskapens
750 1593 213 36 tjänstemän
999 1595 10 30 i
1045 1596 95 30 vissa
1174 1596 75 36 fall,
1274 1597 138 31 komma
1442 1599 154 35 givetvis

94 1638 236 32 kostnaderna
362 1640 54 31 för
440 1641 200 33 kontrollen
664 1645 52 30 att
738 1645 94 36 stiga
856 1656 56 21 om
936 1646 40 31 de
1000 1647 54 31 för
1078 1648 156 36 verkligt
1257 1650 212 35 produktiva
1493 1652 103 30 ända-

93 1690 71 31 mål
188 1691 231 37 tillgängliga
442 1694 138 31 medlen
603 1696 53 30 att
680 1696 141 36 sjunka.
856 1697 179 37 Slutligen
1059 1700 65 30 vill
1141 1701 168 31 utskottet
1327 1702 200 37 framhålla,
1544 1706 52 29 att

92 1741 225 36 Jordbrukets
352 1746 148 30 utövare
534 1746 96 31 inom
665 1748 100 31 dessa
799 1749 134 31 trakter
966 1750 155 36 alltjämt
1156 1752 92 30 hava
1282 1755 51 28 att
1368 1754 126 35 kämpa
1518 1756 76 30 med

91 1795 228 36 synnerligen
342 1797 95 30 stora
454 1798 220 36 svårigheter
691 1800 12 30 i
719 1801 170 31 avseende
906 1802 44 35 på
966 1802 138 36 klimat,
1121 1803 345 33 kommunikationer
1479 1817 44 20 m.
1537 1817 56 26 m.,

92 1846 105 35 något
231 1857 74 20 som
339 1848 156 36 givetvis
528 1850 95 31 varit
657 1852 195 37 anledning
887 1854 58 30 till
981 1855 289 32 statsmakternas
1308 1857 286 32 hittillsvarande

90 1897 261 33 bestämmelser
376 1900 12 30 i
411 1900 103 36 fråga
537 1912 56 20 om
617 1903 180 37 bidragets
821 1905 131 30 storlek
977 1906 57 30 till
1050 1906 241 37 avdikningar
1308 1909 11 29 i
1337 1909 96 30 dessa
1450 1911 142 30 trakter.

133 1948 76 32 Vad
233 1951 113 36 angår
370 1952 57 30 det
451 1952 12 30 i
487 1953 221 32 motionerna
731 1955 116 32 I:252
871 1957 63 30 och
957 1957 36 30 II
1007 1958 82 30 :374
1115 1977 39 4 —
1181 1978 38 4 —
1245 1979 38 3 —
1308 1961 150 31 erinran.

133 2052 117 33 Under
273 2055 217 37 åberopande
514 2067 44 21 av
583 2058 57 31 det
663 2059 148 32 anförda
836 2060 201 32 hemställer
1061 2058 182 45 utskottet,

531 2163 52 30 att
607 2163 188 37 riksdagen
819 2166 57 29 må
899 2165 12 30 i
935 2165 192 37 anledning
1151 2177 44 21 av
1217 2167 136 37 Kungl.
1369 2168 119 38 Maj:ts
1505 2170 86 32 före-

489 2214 153 31 varande
658 2215 268 38 framställning
943 2217 63 31 och
1022 2218 41 31 de
1082 2219 10 30 i
1104 2221 119 29 ämnet
1236 2221 125 30 väckta
1374 2222 217 32 motionerna

489 2265 114 32 I:252
636 2267 63 31 och
727 2267 144 38 II:374,
896 2269 114 31 I:254
1034 2270 63 31 och
1120 2271 34 30 II
1170 2272 82 31 :376
1277 2274 89 30 samt
1389 2273 113 32 I:255
1527 2276 63 30 och

488 2317 36 31 IT
538 2329 7 19 :
560 2318 61 31 377

528 2367 33 36 a)
596 2370 188 36 godkänna
818 2372 41 31 de
893 2383 44 20 av
967 2373 378 37 departementschefen
1370 2377 12 30 i
1406 2378 183 31 statsråds-

486 2422 210 35 protokollet
731 2424 201 36 tillstyrkta
955 2426 152 31 ändrade
1132 2428 155 35 grunder
1311 2429 53 30 för
1388 2430 201 31 understöd-

486 2473 104 36 Jande
607 2474 146 32 medelst
774 2476 215 37 statsbidrag
1006 2479 86 30 utan
1109 2480 478 39 återbetalningsskyldighet
