1904 2842
247 184 19 30 8
541 185 120 30 Andra
681 185 244 40 lagutskottets
948 187 178 30 utlåtande
1147 197 42 20 nr
1209 188 39 29 41
1270 188 40 30 år
1332 188 84 30 1967

596 381 304 48 Propositionens
919 381 276 50 huvudsakliga
1213 383 169 36 innehåll

293 464 12 29 I
322 465 261 39 propositionen
602 466 145 30 föreslås
765 468 49 28 att
832 467 56 29 det
906 468 202 29 nuvarande
1125 468 121 30 kravet
1263 468 44 40 på
1324 469 336 40 mantalsskrivning
1677 470 55 29 för

248 519 201 39 utlännings
487 519 214 40 tillhörighet
739 521 52 29 till
830 520 331 41 sjukförsäkringen
1198 522 66 30 och
1301 523 431 40 tilläggspensioneringen

248 573 125 30 ersätts
388 583 42 20 av
445 575 47 28 ett
506 574 87 29 krav
607 574 44 39 på
664 575 202 40 bosättning
882 575 11 30 i
907 575 146 40 Sverige.
1069 576 178 40 Förslaget
1263 577 144 30 innebär
1423 579 50 29 att
1488 587 43 21 en
1546 578 186 40 utlänning

245 628 108 30 redan
367 637 123 32 genom
503 630 202 40 bosättning
718 630 10 29 i
743 630 135 40 Sverige
891 631 70 29 kan
975 631 36 30 få
1022 632 69 30 rätt
1104 632 53 29 till
1206 632 335 31 sjukvårdsförmåner
1556 634 64 29 och
1635 634 97 40 sjuk-

246 683 154 41 penning
417 686 89 28 samt
524 686 49 28 att
589 685 372 40 pensionsgrundande
978 686 155 30 inkomst
1150 687 70 29 kan
1237 687 274 40 tillgodoräknas
1528 688 131 30 honom
1677 689 53 30 för

246 737 56 31 det
320 738 207 31 kalenderår
546 739 44 30 då
607 739 71 30 han
695 740 115 30 bosatt
830 740 50 40 sig
898 740 73 30 här.
991 741 64 30 Det
1074 742 159 39 gällande
1253 743 478 40 mantalsskrivningskravet

246 792 55 30 för
313 793 69 29 rätt
395 793 52 30 till
461 793 223 40 folkpension
698 794 54 30 för
767 796 127 29 svensk
907 795 235 40 medborgare,
1159 806 74 20 som
1247 797 71 30 inte
1332 797 89 30 varit
1435 798 295 29 mantalsskriven

246 847 11 28 i
272 847 135 39 Sverige
422 848 54 29 för
491 848 56 30 det
562 848 38 30 år
614 849 174 30 varunder
803 850 70 29 han
888 850 79 39 fyllt
981 850 40 30 62
1037 851 38 29 år
1089 851 65 29 och
1168 851 41 30 de
1223 851 71 30 fem
1310 852 83 30 åren
1407 853 157 29 närmast
1579 852 151 30 dessför-

246 899 117 34 innan,
384 899 146 30 föreslås
548 903 107 27 ersatt
674 902 79 28 med
771 903 48 27 ett
838 902 86 29 krav
942 903 44 38 på
1003 903 201 38 bosättning
1222 904 10 28 i
1253 904 146 38 Sverige.

289 952 265 40 Propositionen
577 954 194 31 innehåller
793 955 118 30 vidare
935 956 131 40 förslag
1088 966 57 21 om
1168 957 42 30 de
1233 957 246 40 lagändringar
1504 967 74 21 som
1600 958 129 30 behövs

245 1006 53 29 för
327 1008 272 37 genomförande
628 1018 42 20 av
700 1010 362 39 standardhöjningen
1090 1011 65 29 och
1183 1012 476 39 basbeloppsanknytningen
1688 1022 43 19 av

245 1060 260 40 folkpensioner
526 1062 11 29 i
556 1062 151 39 enlighet
728 1063 80 29 med
828 1063 130 40 förslag
977 1064 12 30 i
1011 1065 466 40 statsverkspropositionen.
1498 1066 66 30 Vid
1585 1068 48 28 ett
1653 1066 77 30 bas-

244 1114 124 40 belopp
386 1125 42 20 av
445 1115 17 29 5
480 1116 61 29 700
559 1116 52 29 kr.
630 1116 66 30 blir
715 1117 41 29 fr.
776 1126 29 20 o.
825 1127 44 20 m.
889 1118 66 29 den
977 1118 14 29 1
1010 1118 67 39 juli
1098 1118 81 30 1967
1200 1119 56 30 det
1275 1119 109 40 årliga
1401 1120 328 40 pensionsbeloppet

242 1186 45 3 -—
303 1168 146 30 bortsett
469 1169 79 29 från
567 1169 222 31 kommunalt
808 1170 264 41 bostadstillägg
1088 1190 45 3 —
1151 1172 54 30 för
1225 1182 42 20 en
1286 1182 121 21 ensam
1426 1174 187 38 pensionär
1632 1174 20 29 4
1666 1174 64 30 920

244 1224 51 29 kr.
322 1224 65 29 och
413 1224 54 30 för
493 1224 58 30 två
575 1225 382 40 pensionsberättigade
982 1227 123 29 makar
1131 1227 148 40 tillhopa
1306 1227 94 30 7680
1428 1229 51 29 kr.
1506 1227 156 42 Ändring
1688 1239 43 20 av

243 1278 394 40 konsumentprisindex
663 1279 146 30 föreslås
834 1280 78 29 leda
936 1281 53 29 till
1015 1281 149 40 ändring
1189 1291 43 20 av
1255 1282 233 39 pensionerna
1512 1282 147 40 tidigare
1685 1284 45 28 än

243 1331 70 30 f.n.
335 1332 13 29 I
368 1333 262 38 propositionen
650 1333 156 35 föreslås,
828 1336 50 28 att
897 1334 188 40 riksdagen
1105 1335 55 30 för
1179 1336 204 39 budgetåret
1406 1335 140 35 1967/68
1567 1337 52 30 till
1640 1337 89 29 folk-

242 1386 185 38 pensioner
443 1386 147 40 beviljar
606 1389 48 28 ett
671 1387 273 41 förslagsanslag
960 1398 42 21 av
1018 1388 18 30 5
1051 1388 62 30 535
1131 1389 88 40 milj.
1236 1390 51 29 kr.

287 1438 13 29 I
318 1439 262 39 propositionen
599 1440 146 30 föreslås
764 1441 179 30 dessutom
962 1444 49 28 att
1029 1443 58 29 vid
1104 1442 265 31 bestämmande
1389 1452 42 21 av
1449 1444 279 39 arbetsgivarnas

241 1492 226 38 preliminära
491 1493 108 39 avgift
622 1494 106 39 enligt
752 1495 100 39 lagen
875 1504 57 21 om
956 1496 131 29 allmän
1111 1496 209 40 försäkring,
1346 1506 45 20 m.
1405 1507 46 20 m.
1474 1497 139 40 hänsyn
1638 1498 89 29 skall

241 1545 122 30 kunna
388 1548 53 28 tas
467 1546 53 30 till
547 1556 96 21 mera
668 1547 196 40 betydande
891 1549 148 40 ändring
1066 1558 75 22 som
1168 1550 333 40 avgiftsunderlaget
1529 1551 70 30 kan
1626 1554 101 27 antas

242 1599 143 30 komma
402 1601 50 29 att
470 1600 156 40 undergå
643 1601 53 30 till
715 1601 89 40 följd
823 1611 42 21 av
882 1603 67 29 den
968 1603 178 31 allmänna
1164 1604 336 40 löneutvecklingen.

286 1653 266 40 Propositionen
568 1654 193 31 innehåller
777 1655 163 40 slutligen
957 1656 131 40 förslag
1103 1657 11 29 i
1132 1657 99 40 fråga
1246 1667 58 21 om
1320 1658 185 41 fondering
1520 1660 12 29 i
1548 1659 178 30 allmänna

243 1706 448 41 sjukförsäkringsfonden.

827 1976 310 42 Motionsyrkandet

282 2046 14 29 I
316 2047 220 30 motionerna
556 2048 29 30 I:
603 2048 61 30 748
686 2058 40 20 av
748 2049 79 29 herr
849 2050 187 30 Hibinette
1057 2051 64 29 och
1143 2052 45 29 II:
1205 2051 61 30 935
1289 2062 42 20 av
1351 2053 80 29 herr
1452 2053 158 40 Ringaby
1630 2054 96 30 hem-

239 2101 127 34 ställes,
389 2103 69 28 »att
478 2102 187 39 riksdagen
685 2103 79 29 med
784 2104 117 39 avslag
920 2104 20 29 å
959 2105 216 39 proposition
1195 2115 41 20 nr
1258 2106 38 30 73
1318 2106 103 30 såvitt
1441 2117 99 20 avser
1560 2107 164 41 förslaget

236 2163 57 21 om
318 2155 134 29 ändrad
475 2155 130 39 lydelse
630 2166 42 20 av
696 2156 40 30 20
763 2156 15 37 8
805 2157 250 40 förordningen
1080 2158 66 30 den
1173 2159 38 30 18
1236 2159 180 31 december
1443 2160 83 31 1959
1557 2161 58 35 (nr
1639 2161 81 35 552)

237 2208 178 40 angående
432 2210 160 38 uppbörd
608 2220 42 20 av
664 2210 93 30 vissa
774 2211 147 39 avgifter
938 2212 106 39 enligt
1060 2213 100 39 lagen
1177 2222 57 20 om
1251 2214 132 29 allmän
1399 2214 201 41 försäkring
1615 2225 45 20 m.
1678 2225 45 20 m.

235 2262 11 29 i
277 2263 165 29 skrivelse
470 2264 53 28 till
553 2263 126 40 Kungl.
709 2264 105 39 Maj:t
844 2265 107 29 måtte
980 2266 143 29 anhålla
1151 2276 57 20 om
1237 2267 150 40 förnyad
1416 2269 188 39 utredning
1634 2271 90 28 samt

236 2315 132 40 förslag
387 2317 11 28 i
420 2317 89 39 syfte
531 2319 49 27 att
601 2318 140 29 minska
761 2319 347 39 regleringsavgiften
1127 2320 58 29 vid
1206 2321 206 39 erläggande
1434 2331 42 20 av
1496 2322 229 40 arbetsgivar-

236 2370 177 39 avgifter.»

278 2423 227 30 Beträffande
529 2424 41 30 de
595 2425 75 29 skäl
695 2425 260 31 motionärerna
978 2426 117 30 anfört
1118 2427 53 30 till
1196 2428 77 29 stöd
1297 2428 54 30 för
1376 2429 58 29 sitt
1457 2429 158 39 yrkande
1639 2430 86 30 hän-

235 2477 93 29 visas
345 2478 53 28 till
417 2478 178 29 motionen
615 2478 28 29 1:
661 2478 72 29 748.
