2337 2716
738 199 90 38 Lag-
838 199 173 31 Utskottets
1040 198 184 38 Utlåtande,
1249 199 66 31 N:o
1339 202 27 28 9.
1787 201 5 28 I

965 789 76 35 NV:o
1070 788 42 36 9.

793 923 71 27 Ank.
887 923 40 27 till
956 924 92 27 Riksd.
1073 924 96 27 Kansli
1193 923 26 29 d.
1247 927 35 26 15
1307 924 132 28 Febrnari
1467 924 83 31 1870,
1575 924 36 27 kl.
1641 926 6 25 I
1676 934 21 17 e
1723 934 33 18 m.

448 1100 194 42 Utlatande,
674 1102 14 34 i
719 1101 192 47 anledning
935 1102 45 48 af
1002 1102 122 35 väckta
1151 1102 166 35 motioner
1344 1114 54 23 om
1426 1102 154 48 ändring
1608 1103 46 47 af
1673 1102 167 48 gällande

639 1167 221 48 stadganden
889 1168 183 48 angående
1100 1169 195 47 skyldighet
1317 1175 47 29 att
1391 1169 139 48 deltaga
1558 1170 13 34 i
1597 1170 165 46 byggnad
1780 1171 57 34 och

639 1235 187 35 underhall
853 1236 45 47 af
914 1236 159 47 tingshus
1101 1236 60 35 och
1188 1236 301 49 häradsfängelse.

378 1342 289 48 Ifrågavarande,
707 1345 55 34 till
808 1345 283 47 Lag-Utskottet
1129 1346 231 35 remitterade
1401 1347 178 34 motioner
1617 1353 60 29 äro
1711 1347 128 35 väckta

249 1392 95 35 mom
387 1395 123 34 Andra
553 1395 221 35 Kammaren
815 1397 38 33 af
886 1396 132 34 Herrar
1047 1394 40 37 O.
1113 1396 32 34 B
1183 1394 126 37 Olsson
1338 1395 203 42 (motionen
1569 1397 66 35 N:o
1664 1398 52 40 7),
1745 1396 93 37 Sven

249 1443 144 36 Nilsson
422 1445 8 34 i
462 1444 156 36 Efveröd
649 1445 203 44 (motionen
882 1446 65 35 N:o
976 1444 65 42 20)
1071 1447 66 34 och
1165 1447 158 47 Magnus
1352 1447 174 35 Svensson
1545 1446 202 40 (motionen
1770 1447 67 36 N:o

245 1497 74 38 52),
363 1495 121 35 hvilka
518 1497 70 34 alla
615 1505 54 26 tre
698 1498 115 46 yrkat,
843 1504 51 28 att
923 1501 44 31 26
999 1498 151 47 kapitlet
1178 1503 21 30 4
1229 1496 17 47 S
1275 1498 354 48 byggninga-balken
1658 1500 111 33 måtte
1799 1501 38 32 så

245 1546 141 39 ändras,
415 1554 52 26 att
495 1547 69 34 alla
592 1548 95 34 inom
719 1548 109 34 härad
858 1548 87 34 eller
972 1549 155 47 tingslag
1157 1550 58 33 må
1238 1549 111 34 blifva
1377 1550 165 47 skyldige
1565 1556 52 28 att
1631 1550 92 34 efter
1738 1550 97 46 fyrk-

244 1596 46 33 tal
317 1597 176 46 deltaga
483 1592 23 59 i
523 1598 186 47 byggande
739 1599 66 34 och
834 1599 187 34 underhåll
1052 1600 38 33 af
1113 1600 167 47 tingshus
1309 1601 65 33 och
1405 1600 303 47 häradsfängelse.

383 1646 157 36 Berörda
582 1649 137 46 lagrum
761 1649 104 46 lyder
906 1650 165 34 sålunda:
1125 1650 313 48 »Tingsbyggning
1471 1651 91 34 skall
1595 1651 104 33 hvart
1728 1651 110 33 härad

244 1696 125 47 bygga,
399 1698 91 33 efter
514 1699 210 46 gårdatalet,
753 1701 20 32 å
800 1699 119 47 vanlig
945 1700 170 47 tingstad,
1143 1700 87 34 eller
1258 1701 62 34 der
1351 1701 222 46 Konungens
1597 1701 243 47 Befallnings-

245 1747 177 34 hafvande
463 1750 145 45 pröfvar
648 1750 60 33 det
750 1750 55 33 för
841 1750 176 47 allmogen
1048 1751 176 47 lägligast,
1257 1751 109 34 sedan
1399 1751 131 34 Rätten
1560 1751 163 34 deröfver
1751 1751 86 34 hörd

245 1803 47 28 är.
345 1797 75 35 Der
456 1799 91 34 skall
589 1812 83 21 vara
713 1813 44 21 en
797 1800 120 34 stufva
950 1802 39 32 så
1018 1807 83 30 stor,
1127 1814 76 21 som
1232 1802 146 38 tarfvas,
1407 1801 67 34 och
1501 1802 60 34 två
1590 1802 155 36 kamrar:
1774 1801 65 35 och

246 1860 79 21 vare
368 1849 149 34 häradet
556 1850 161 47 skyldigt
744 1851 69 33 den
843 1851 180 47 byggning
1051 1852 203 46 uppehålla.
1309 1851 70 34 Vid
1408 1852 102 34 hvart
1537 1852 183 46 tingställe
1749 1852 90 35 skall

245 1899 64 33 ock
338 1905 52 27 ett
418 1900 160 46 fängelse
607 1913 93 27 vara,
729 1901 63 34 der
821 1901 345 47 missgerningsmän
1195 1904 58 32 må
1281 1903 10 33 i
1320 1903 118 33 förvar
1465 1902 125 35 hållas.
1632 1902 70 34 För
1724 1903 117 34 denna

247 1948 165 48 byggnad
453 1963 81 21 vare
574 1951 106 47 ingen
709 1951 56 40 fri,
796 1960 83 26 utan
909 1957 114 29 sätes-
1047 1952 66 34 och
1142 1953 224 47 ladugårdar,
1394 1952 146 48 afhyste
1569 1954 55 33 rå-
1653 1953 65 34 och
1747 1959 93 28 rörs-

246 1999 179 40 hemman,
467 2003 39 31 så
547 2002 64 33 ock
652 2009 139 40 preste-
824 2002 66 35 och
924 2003 253 34 klockarebol»
1244 2003 176 40 Varande,
1453 2003 111 48 enligt
1591 2003 132 48 Kongl.
1752 2003 88 35 För-

246 2050 195 47 ordningen
485 2051 67 34 den
598 2055 42 31 17
681 2051 214 49 September
930 2055 105 38 1783,
1065 2053 241 35 lotshemman
1336 2054 159 34 befriade
1524 2055 80 33 från
1633 2054 209 47 skyldighet

247 2107 52 26 att
327 2101 8 33 i
363 2101 338 49 tingshusbyggnad
730 2104 151 46 deltaga.

382 2150 69 36 Det
480 2153 68 33 kan
577 2153 77 34 icke
683 2154 178 39 förnekas,
892 2161 52 27 att
971 2167 42 21 en
1040 2155 160 46 jemnare
1229 2155 66 34 och
1324 2167 98 22 mera
1449 2155 170 47 tidsenlig
1639 2155 203 46 fördelning

245 2201 38 33 af
309 2201 271 45 ifrågavarande
610 2203 127 35 besvär
765 2210 38 28 är
831 2205 38 33 af
895 2206 150 33 rättvisa
1078 2205 65 34 och
1172 2205 165 47 billighet
1366 2205 177 48 påkallad.
1582 2205 55 34 På
1661 2211 73 29 sätt
1748 2205 94 47 Lag-

330 2255 74 31 Bih.
430 2256 48 31 till
502 2257 113 31 Biksd.
639 2258 90 31 Prot.
753 2260 96 29 1870.
894 2261 19 29 7
936 2259 101 31 Saml.
1081 2262 19 28 5
1124 2259 96 40 Häft.
1745 2261 12 28 I
