1890 2836
1495 151 40 29 25

140 246 81 28 1936
245 244 55 30 års
325 242 258 32 lönekommitté
606 243 62 29 har
692 243 9 29 i
726 241 56 30 sitt
806 240 218 31 betänkande
1048 240 76 29 med
1149 238 129 37 förslag
1302 237 49 30 till
1375 236 91 30 civilt
1491 236 89 28 avlö-

92 289 306 39 ningsreglemente
422 289 68 29 fäst
514 287 352 39 uppmärksamheten
890 285 44 38 på
958 286 66 28 den
1048 284 168 29 växlande
1240 281 124 40 praxis,
1390 290 73 21 som
1489 279 91 30 inom

93 334 90 30 olika
202 333 352 38 förvaltningsgrenar
574 332 97 30 råder
690 332 78 29 med
787 330 167 30 avseende
973 329 19 30 å
1011 328 350 37 tillsättningsformer
1380 336 43 19 m.
1443 335 55 24 m.,
1518 324 63 29 och

95 380 118 29 uttalat
236 378 49 38 sig
307 379 54 29 för
381 382 47 26 att
449 388 41 20 en
513 377 180 37 utredning
714 375 104 30 måtte
840 375 201 30 verkställas
1063 374 9 29 i
1094 373 87 38 syfte
1203 376 48 26 att
1272 372 186 36 klarlägga,
1481 370 70 29 dels
1573 369 8 29 i

94 425 64 29 vad
176 423 81 31 mån
275 423 143 39 tjänster
435 424 84 29 böra
538 422 154 30 tillsättas
711 429 122 30 genom
852 420 162 30 fullmakt
1031 419 190 38 respektive
1240 426 122 28 genom
1380 414 201 31 konstituto-

94 469 71 35 rial,
189 469 71 29 dels
284 469 64 29 ock
371 467 43 40 på
437 467 92 30 vilka
552 466 240 39 myndigheter
813 466 55 29 det
891 465 88 30 skall
1003 465 186 29 ankomma
1213 465 48 27 att
1282 461 131 30 besluta
1438 461 37 29 rö
1487 459 96 30 rande

95 514 208 30 tillsättande
330 524 41 20 av
400 512 231 38 befattningar
659 511 9 30 i
697 511 92 29 olika
818 510 248 39 tjänstegrader
1095 508 54 30 vid
1179 509 41 29 de
1250 506 167 31 särskilda
1446 506 136 28 verken.

94 558 263 38 Föredragande
374 556 376 40 departementschefen
769 556 62 29 har
848 556 86 29 även
952 554 10 30 i
973 552 257 41 propositionen
1243 562 40 20 nr
1295 552 62 29 263
1371 551 47 30 till
1435 550 81 29 1938
1529 549 54 30 års

94 603 138 39 riksdag
254 603 168 30 förklarat
444 603 49 38 sig
516 603 74 29 dela
612 600 222 31 kommitténs
856 599 139 38 mening
1016 599 146 29 rörande
1184 598 145 29 behovet
1351 606 41 20 av
1414 605 41 20 en
1477 594 106 30 sådan

96 648 181 38 utredning
300 649 64 29 och
387 651 72 35 sagt
482 648 49 38 sig
554 648 89 29 hava
665 646 54 30 för
742 645 111 30 avsikt
876 648 47 27 att
946 644 10 30 i
978 644 111 30 sinom
1113 643 47 30 tid
1182 642 216 30 återkomma
1423 640 48 30 till
1494 640 89 29 detta

95 693 178 39 spörsmål.

140 737 298 31 Lönekommittén
459 737 54 29 för
533 736 200 38 riksdagens
755 736 80 28 verk
857 734 58 30 vill
937 734 8 30 i
967 733 197 37 anslutning
1185 731 116 31 härtill
1320 730 144 39 påpeka,
1487 732 47 27 att
1555 728 30 38 ej

96 784 104 29 heller
222 782 96 30 inom
341 782 200 38 riksdagens
564 782 80 29 verk
668 779 208 39 enhetlighet
899 780 64 28 och
988 779 214 29 konsekvens
1226 779 37 28 är
1286 776 152 30 rådande
1460 773 124 31 beträf-

97 827 102 31 fande
219 827 407 38 tillsättningsformerna.
647 826 98 29 Inom
766 825 210 30 riksbanken
997 823 154 30 tillsättas
1172 822 208 39 tjänstemän
1400 820 9 29 i
1430 819 155 37 samtliga

96 873 201 38 lönegrader
316 875 94 27 utom
431 873 66 29 den
516 873 75 28 30:e
612 879 122 30 genom
755 868 267 35 konstitutorial;
1042 865 432 34 bankokommissarierna,
1495 864 81 30 vilks

96 917 137 31 tillhöra
251 917 213 30 sistnämnda
482 916 172 38 lönegrad,
672 916 184 29 utnämnas
874 914 146 30 sålunda
1037 921 121 30 genom
1177 912 171 30 fullmakt.
1368 909 218 31 Sistnämnda

98 961 313 39 tillsättningsform
438 962 140 29 bereder
604 961 87 29 dock
718 961 94 28 inom
840 960 90 29 detta
957 956 372 39 förvaltningsområde
1355 955 73 30 icke
1455 962 131 22 samma

98 1007 156 39 trygghet
275 1016 73 20 som
370 1007 55 29 vid
447 1004 338 38 statsförvaltningen
807 1004 9 30 i
836 1003 119 38 övrigt,
977 1004 83 29 enär
1081 1002 18 37 $
1121 1003 40 28 36
1184 1000 309 39 regeringsformen
1514 999 74 29 icke

98 1053 87 29 lärer
207 1054 64 36 äga
294 1051 217 39 tillämpning
533 1051 19 30 å
574 1050 235 30 innehavarna
833 1059 40 20 av
896 1049 98 29 dessa
1016 1047 243 37 befattningar.
1283 1046 76 29 Med
1381 1046 136 37 hänsyn
1539 1043 49 30 till

98 1096 210 39 förefintliga
333 1096 256 30 bestämmelser
612 1105 56 20 om
693 1094 238 38 entledigande
955 1103 42 20 av
1021 1092 171 30 ordinarie
1217 1091 338 37 befattningshavare
1579 1087 9 30 i

96 1141 212 30 riksbanken
332 1140 53 39 ($$
404 1142 39 28 37
464 1141 64 29 och
547 1141 41 29 38
608 1143 87 26 samt
715 1138 19 38 $
754 1140 41 28 40
814 1148 103 20 mom.
937 1139 19 28 3
975 1135 351 39 bankoreglementet)
1350 1134 140 30 bereder
1510 1133 75 29 full-

99 1187 139 29 makten
258 1186 56 30 för
333 1187 96 28 dessa
449 1185 340 38 befattningshavare
808 1184 30 38 ej
858 1193 59 20 ens
937 1192 132 20 samma
1090 1182 156 38 trygghet
1266 1190 73 20 som
1359 1183 44 26 ett
1423 1177 165 31 konstitu-

99 1231 98 30 torial
215 1231 55 30 för
288 1230 98 30 civila
406 1230 290 38 statstjänstemän
715 1229 9 29 i
744 1229 197 29 allmänhet.
962 1227 242 39 Nyssnämnda
1222 1224 257 31 bestämmelser
1498 1223 90 29 med-

100 1277 73 29 föra
197 1276 10 29 i
230 1276 109 38 själva
362 1276 124 35 verket,
511 1278 48 27 att
582 1275 53 29 för
657 1273 229 31 riksbankens
909 1272 206 39 tjänstemän
1140 1271 114 38 någon
1277 1269 108 39 saklig
1409 1268 148 31 skillnad
1581 1268 8 29 i

100 1320 212 31 innebörden
333 1330 41 20 av
394 1320 162 30 fullmakt
576 1320 64 29 och
661 1318 254 31 konstitutorial
936 1318 30 38 ej
987 1317 96 30 torde
1103 1315 176 39 föreligga.

144 1366 63 30 Vid
234 1365 332 38 riksgäldskontoret
592 1364 157 30 tillsättas
777 1363 103 38 enligt
906 1362 257 30 bestämmelser
1190 1361 9 29 1
1227 1361 133 29 verkets
1387 1359 203 38 reglemente

100 1411 157 37 samtliga
276 1410 208 38 tjänstemän
563 1408 97 31 alltså
679 1410 86 28 även
783 1409 51 31 de,
855 1417 73 20 som
947 1407 137 30 tillhöra
1102 1407 41 28 30
1161 1405 208 38 lönegraden
1394 1403 194 39 (riksgälds-

101 1456 208 28 sekreterare
332 1455 63 28 och
419 1451 423 40 riksgäldskommissarie)
871 1470 43 2 —
938 1459 123 30 genom
1085 1449 266 30 konstitutorial.

144 1499 63 30 Vid
233 1498 357 38 riksdagsbiblioteket
615 1498 88 29 hava
729 1496 157 38 samtliga
912 1496 218 38 tjänstemän,
1156 1493 170 31 inklusive
1351 1494 240 31 vaktmästare,

100 1544 142 38 tidigare
266 1543 160 30 tilldelats
449 1543 171 34 fullmakt,
644 1552 78 19 men
746 1541 103 38 enligt
872 1540 136 39 uppgift
1030 1541 63 29 har
1116 1548 154 25 numera,
1294 1541 82 27 trots
1399 1536 192 37 avlönings-

101 1590 236 36 reglementets
361 1588 187 38 stadgande
571 1597 55 20 om
650 1586 202 38 tillsättning
875 1586 142 30 medelst
1041 1585 161 30 fullmakt
1225 1584 80 29 eller
1328 1581 263 34 konstitutorial,

100 1634 174 29 utvecklat
294 1633 49 37 sig
363 1633 64 29 den
447 1633 125 38 praxis,
593 1635 47 26 att
660 1631 256 30 vederbörande
936 1630 208 38 tjänsteman
1164 1629 9 29 i
1194 1628 189 30 allmänhet
1402 1627 121 29 endast
1542 1635 48 20 er-

103 1678 106 30 håller
235 1678 326 39 protokollsutdrag,
588 1676 179 30 utvisande
794 1679 46 27 att
867 1676 69 29 han
962 1674 96 30 blivit
1085 1674 208 29 innehavare
1320 1681 40 21 av
1387 1672 64 29 den
1479 1671 112 38 tjänst,

102 1733 119 20 varom
250 1722 98 39 fråga
377 1724 46 28 är.
453 1722 262 30 Bestämmelser
744 1720 176 38 angående
949 1718 397 38 tillsättningsformerna
1375 1716 115 30 finnas
1520 1716 72 29 icke

103 1769 201 29 meddelade
327 1768 9 29 i
359 1767 216 30 bibliotekets
599 1767 146 36 stadgar.

144 1812 64 30 Vid
233 1812 142 38 justitie-
399 1812 63 29 och
488 1809 652 39 militieombudsmansexpeditionerna
1166 1808 159 29 tillsättas
1350 1806 104 37 enligt
1477 1804 114 39 praxis

104 1858 107 29 andra
239 1857 207 38 tjänstemän
474 1858 44 28 än
545 1855 249 39 byråcheferna
823 1855 141 29 medelst
992 1852 264 31 konstitutorial.
1285 1851 228 30 Föreskrifter
1537 1859 55 19 om

105 1901 355 38 tillsättningsformen
483 1901 125 29 saknas
630 1900 9 29 i
660 1900 318 29 ombudsmännens
1001 1897 255 30 instruktioner.

148 1946 12 29 I
179 1946 88 38 syfte
286 1949 47 26 att
352 1945 115 38 uppnå
487 1946 106 28 större
611 1945 207 36 enhetlighet
837 1943 219 29 beträffande
1074 1940 401 38 anställningsformerna
1496 1947 98 30 synes

104 2001 40 19 en
163 1992 147 36 översyn
330 2000 40 19 av
389 1990 255 29 bestämmelser
663 1990 64 28 och
748 1988 114 38 praxis
880 1987 42 39 på
944 1986 154 30 området
1117 1988 84 28 även
1223 1986 54 29 för
1295 1985 199 36 riksdagens
1514 1984 79 28 verk

105 2045 68 20 vara
207 2045 41 19 av
271 2036 144 28 behovet
437 2034 172 39 påkallad,
632 2034 104 29 sedan
760 2033 54 29 för
835 2031 337 37 statsförvaltningen
1196 2030 8 29 i
1227 2029 108 37 övrigt
1358 2030 134 29 klarare
1514 2027 80 30 rikt-

106 2080 98 38 linjer
223 2079 211 39 uppdragits.
456 2078 227 30 Föreskrifter
700 2088 57 19 om
777 2076 397 37 tillsättningsformerna
1196 2076 103 33 torde,
1321 2075 60 29 där
1401 2074 129 29 sådana
1550 2082 44 19 nu

106 2126 135 33 saknas,
271 2125 83 29 böra
384 2125 172 29 meddelas
586 2124 7 29 i
622 2123 255 30 vederbörande
906 2122 238 37 reglementen,
1175 2120 137 37 stadgar
1341 2119 79 29 eller
1448 2118 145 29 instruk-

108 2169 115 30 tioner.

150 2217 67 28 För
237 2215 216 30 närvarande
474 2214 154 29 tillsättas
650 2213 7 29 i
679 2212 210 29 riksbanken
912 2211 186 37 tjänsterna
1122 2209 112 29 såsom
1256 2208 156 30 bankråd
1435 2209 160 28 ävensom

107 2261 252 29 verkställande
386 2259 327 37 styrelseledamöter
741 2256 55 29 vid
824 2255 369 36 avdelningskontoren
1223 2257 85 26 samt
1338 2252 257 29 föreståndaren

108 2306 51 28 för
180 2304 228 29 riksbankens
429 2301 239 38 sedeltryckeri
690 2301 63 28 och
777 2301 207 27 förvaltaren
1006 2298 54 29 vid
1083 2298 227 29 riksbankens
1331 2296 234 38 pappersbruk
1589 2295 7 28 i

107 2349 133 29 Tumba
262 2348 138 29 medelst
423 2346 231 29 förordnande
674 2345 42 37 på
737 2348 43 25 ett
802 2344 46 29 år.
870 2344 96 28 Inom
988 2341 338 37 statsförvaltningen
1348 2341 7 28 i
1374 2341 108 35 övrigt
1505 2340 92 29 torde

109 2394 51 28 för
176 2392 196 39 jämförliga
393 2392 205 37 tjänstemän
617 2390 34 29 så
670 2391 96 27 korta
787 2386 391 36 förordnandeperioder
1196 2386 73 29 icke
1288 2386 224 28 förekomma.
1532 2384 64 28 Un-

108 2438 58 28 der
187 2437 137 29 erinran
349 2437 119 28 härom
492 2436 56 28 vill
572 2433 201 30 kommittén
798 2432 210 36 ifrågasätta,
1032 2430 168 30 huruvida
1225 2430 73 29 icke
1319 2429 199 37 spörsmålet
1542 2438 54 18 om

107 2483 115 34 längre
245 2481 65 29 tids
333 2480 232 29 förordnande
586 2478 17 30 å
626 2479 96 28 dessa
747 2477 141 38 tjänster
908 2476 106 29 borde
1036 2478 168 35 upptagas
1227 2474 46 29 till
1297 2473 237 38 omprövning.
