1896 2836
1516 158 37 31 51

804 248 41 30 50
870 245 30 41 8.

657 308 391 41 (Riksgäldskontoret.)

154 369 15 28 1
192 368 65 29 och
278 368 20 29 2
320 376 102 20 mom.
446 366 49 29 De
516 365 10 29 i
548 365 97 30 dessa
666 366 155 27 moment
842 362 142 38 intagna
1006 360 307 31 bestämmelserna
1334 357 178 40 angående
1533 358 68 29 sär-

109 412 78 30 skilt
205 412 128 30 arvode
351 412 119 29 utöver
488 410 103 41 lönen
610 409 54 29 för
681 407 335 38 riksgäldsdirektör,
1037 415 74 20 som
1130 404 30 39 ej
1179 405 38 29 är
1237 403 208 38 fullmäktig,
1465 402 64 30 och
1549 401 54 30 för

109 455 386 40 riksgäldsdirektörens
520 455 163 29 ersättare
707 456 89 27 samt
819 461 57 21 om
900 450 204 40 gottgörelse
1127 449 34 31 åt
1186 448 149 39 tillfällig
1360 448 163 30 ersättare
1548 446 54 30 för

108 500 369 40 riksgäldsdirektören
493 499 90 30 hava
602 498 78 30 med
698 497 8 30 i
725 497 185 30 huvudsak
929 495 202 31 oförändrat
1150 492 219 31 sakinnehåll
1387 491 215 39 överflyttats

108 545 77 31 från
206 544 19 40 $
246 546 39 29 21
308 545 222 38 reglementet
549 543 55 30 för
621 542 342 38 riksgäldskontoret.

151 591 20 28 3
196 599 104 20 mom.
344 589 74 30 Vad
447 588 10 30 i
487 587 227 31 förevarande
744 588 154 28 moment
928 584 138 38 stadgas
1096 582 179 39 angående
1305 580 296 39 felräkningspen-

109 634 121 39 ningar
250 634 52 30 till
323 634 165 29 kassören
509 632 150 30 ansluter
682 631 50 38 sig
753 631 50 29 till
825 630 41 30 de
887 630 10 29 i
918 629 76 30 avd.
1017 629 30 29 II
1068 628 156 38 punkten
1248 628 15 28 1
1287 636 41 20 av
1351 625 250 39 tillämpnings-

107 678 306 31 bestämmelserna
443 677 52 30 till
526 676 200 30 nuvarande
756 674 391 38 avlöningsreglemente
1177 671 56 30 för
1262 670 341 38 befattningshavare

107 723 58 30 vid
186 723 203 37 riksdagens
412 722 83 29 verk
517 720 201 30 meddelade
740 718 273 35 föreskrifterna,
1038 717 89 30 dock
1149 716 80 30 med
1251 715 69 30 viss
1342 713 182 40 jämkning
1545 713 56 29 be-

109 767 175 31 träffande
308 764 509 40 fonderingsbestämmelserna
841 772 42 21 av
908 761 166 31 liknande
1098 760 179 35 innebörd,
1303 769 75 21 som
1402 767 90 22 ovan
1516 757 87 30 före-

108 811 116 40 slagits
251 810 221 31 beträffande
498 809 220 30 riksbanken.

151 928 49 30 De
221 928 112 29 under
353 926 183 38 avdelning
558 925 40 36 II,
620 924 156 39 punkten
798 924 20 30 2
839 933 42 20 av
902 921 238 40 nyssnämnda
1161 918 361 40 tillämpningsb
1571 927 30 20 e-

108 972 285 31 stämmelser
445 970 213 30 innefattade
681 968 238 39 stadgandena
943 965 179 40 angående
1143 965 92 30 vissa
1259 964 169 30 särskilda
1452 962 151 31 arvoden

108 1017 56 30 vid
186 1016 334 39 riksgäldskontoret
549 1014 162 39 (arvoden
735 1012 20 31 å
777 1013 102 37 högst
902 1012 64 30 360
989 1012 129 28 kronor
1142 1009 50 30 till
1216 1009 107 30 förste
1345 1008 258 30 vaktmästaren

109 1062 63 29 och
193 1071 42 20 en
255 1061 234 29 vaktmästare
509 1059 55 30 för
583 1057 267 40 postbefordran
871 1058 89 28 samt
980 1054 20 31 å
1019 1055 101 37 högst
1140 1054 63 29 200
1224 1054 130 29 kronor
1373 1052 51 30 till
1444 1061 43 20 en
1507 1051 95 30 vakt-

108 1107 148 29 mästare
277 1105 55 30 för
351 1104 133 30 biträde
503 1103 58 30 vid
580 1101 223 39 mottagande
822 1101 65 30 och
908 1099 226 30 utlämnande
1154 1107 42 21 av
1216 1095 271 40 riksdagstryck)
1512 1096 91 29 hava

109 1150 75 30 icke
201 1149 138 31 erhållit
358 1148 114 38 någon
491 1146 245 39 motsvarighet
761 1146 4 29 i
785 1144 224 31 kommitténs
1028 1142 346 39 reglementsförslag.
1396 1141 12 29 I
1429 1139 99 40 fråga
1546 1148 57 21 om

109 1195 96 31 dessa
232 1194 152 30 arvoden
410 1194 119 29 kunna
555 1193 98 37 göras
680 1190 159 39 gällande
866 1189 214 39 synpunkter
1104 1187 165 30 liknande
1297 1187 87 34 dem,
1412 1195 75 20 som
1512 1194 88 21 ovan

108 1238 131 32 anförts
260 1239 11 30 i
290 1237 98 40 fråga
407 1247 57 21 om
484 1237 43 30 de
544 1236 109 30 under
673 1235 75 30 avd.
771 1235 13 29 I
804 1235 196 39 punkterna
1020 1233 18 29 5
1058 1232 66 30 och
1144 1232 19 30 6
1184 1240 42 21 av
1246 1229 353 41 tilläggsbestämmel-

109 1293 98 21 serna
228 1283 151 30 avsedda
401 1282 173 30 arvodena
597 1281 49 30 till
667 1280 91 30 vissa
779 1278 342 38 befattningshavare
1142 1276 58 30 vid
1221 1276 221 29 riksbanken.
1468 1273 135 39 Frågan

109 1337 56 22 om
188 1331 46 28 ett
257 1326 164 31 framtida
444 1325 215 31 fortbestånd
682 1334 41 20 av
747 1325 99 30 dessa
868 1324 152 30 arvoden
1043 1321 113 31 såsom
1180 1323 204 36 permanent
1407 1318 193 38 avlönings-

110 1373 92 30 form
227 1392 46 4 —
300 1372 120 30 varvid
449 1372 42 29 de
520 1379 102 30 synas
650 1379 82 21 vara
762 1378 42 21 av
831 1366 244 32 beskaffenhet
1104 1368 48 28 att
1180 1366 85 29 böra
1294 1367 169 36 upptagas
1492 1364 109 29 under

109 1418 40 30 50
163 1415 20 40 8
205 1436 44 4 —
269 1417 97 30 torde
389 1415 145 31 sålunda
557 1415 84 30 böra
663 1415 100 38 göras
786 1412 50 31 till
858 1411 146 31 föremål
1026 1410 54 31 för
1104 1409 169 40 prövning
1296 1410 10 29 i
1330 1409 169 30 samband
1522 1408 78 29 med

109 1460 380 40 ståndpunktstagande
512 1458 49 31 till
583 1458 243 30 motsvarande
848 1456 152 30 arvoden
1023 1454 93 31 inom
1138 1454 222 30 riksbanken.
1392 1453 13 29 I
1429 1453 173 30 avvaktan

109 1506 109 39 härpå
240 1507 85 29 böra
347 1504 217 38 fullmäktige
584 1503 10 30 i
616 1502 331 39 riksgäldskontoret
968 1499 57 31 vid
1048 1498 98 31 sidan
1168 1506 42 22 av
1234 1497 365 38 avlöningsreglemen-

108 1554 45 27 tet
182 1548 225 40 bemyndigas
437 1552 49 27 att
514 1547 68 31 tills
613 1546 117 31 vidare
760 1547 152 29 utbetala
942 1544 265 38 ifrågavarande
1238 1543 151 29 arvoden
1420 1541 104 37 enligt
1553 1550 45 21 nu

108 1595 157 39 gällande
288 1595 117 37 regler,
431 1593 89 30 dock
544 1592 78 30 med
644 1591 68 30 viss
736 1590 182 39 jämkning
941 1589 80 29 med
1044 1588 136 37 hänsyn
1202 1586 52 31 till
1277 1589 49 27 att
1350 1581 250 47 dyrtidstillägg

108 1640 29 39 ej
158 1640 119 38 längre
298 1640 141 28 komma
461 1640 48 27 att
531 1635 90 39 utgå.

804 1717 37 30 51
870 1714 30 42 8.

679 1770 232 39 (Riksdagens
936 1769 94 36 hus.)

153 1828 63 31 Det
237 1829 65 29 har
323 1830 94 36 synts
438 1825 205 31 kommittén
664 1824 191 35 motiverat,
878 1826 47 27 att
946 1822 204 39 portvakten
1173 1820 9 30 i
1204 1820 259 38 riksdagshuset
1484 1820 86 29 även
1592 1816 9 30 i

109 1871 266 39 fortsättningen
399 1869 187 32 bibehålles
611 1869 56 30 vid
692 1870 66 29 den
783 1869 130 29 honom
938 1866 104 39 enligt
1068 1866 75 30 avd.
1170 1865 58 35 III,
1255 1865 154 38 punkten
1435 1864 20 29 3
1480 1864 10 29 i
1518 1863 80 29 1921

109 1917 54 30 års
182 1915 496 40 tillämpningsbestämmelser
697 1912 184 39 medgivna
899 1913 111 29 rätten
1030 1910 49 30 till
1099 1909 43 31 fri
1160 1909 123 30 bostad
1303 1909 78 29 med
1400 1909 117 29 värme
1536 1907 64 29 och

109 1962 70 38 lyse
203 1962 10 29 i
237 1961 269 38 riksdagshuset.
541 1959 14 29 I
579 1957 66 31 viss
669 1957 82 30 mån
775 1958 70 29 kan
870 1957 90 29 detta
985 1956 99 37 sägas
1107 1955 121 37 utgöra
1253 1956 46 27 ett
1321 1953 178 36 undantag
1523 1950 78 31 från

110 2007 64 29 den
203 2006 178 30 allmänna
411 2003 114 38 regeln
554 2012 57 20 om
643 2001 194 39 skyldighet
868 2000 54 30 för
952 1998 351 38 befattningshavare,
1335 1996 33 30 åt
1398 1996 115 30 vilken
1543 2005 57 20 an-

110 2051 101 30 visats
240 2048 147 31 särskild
414 2047 256 39 tjänstebostad,
698 2049 48 27 att
774 2045 119 30 härför
920 2045 137 37 erlägga
1085 2042 188 37 ersättning
1301 2041 104 38 enligt
1431 2041 42 30 de
1500 2048 100 30 grun-

110 2095 67 35 der,
202 2104 74 20 som
299 2094 9 29 i
332 2091 400 39 avlöningsreglementet
756 2089 150 39 angivas.
941 2089 57 30 Ett
1021 2087 109 39 dylikt
1152 2087 178 37 undantag
1354 2087 37 29 är
1414 2084 188 31 emellertid

111 2139 151 39 påkallat
291 2149 42 20 av
361 2141 47 27 att
435 2136 264 39 ifrågavarande
727 2134 249 39 tjänstebostad
1003 2133 128 38 jämväl
1160 2133 38 28 är
1226 2134 47 27 att
1302 2130 9 30 i
1339 2129 67 31 viss
1434 2130 167 29 utsträck-

110 2183 80 38 ning
229 2183 158 29 betrakta
426 2181 113 30 såsom
580 2179 230 39 tjänstelokal,
839 2178 105 30 vilket
973 2176 140 38 givetvis
1142 2177 155 28 avsevärt
1326 2174 172 36 förringar
1527 2174 75 29 dess

111 2228 102 29 värde
239 2226 114 30 såsom
379 2224 245 40 privatbostad.
661 2225 64 33 Att,
753 2223 113 30 såsom
893 2222 53 30 för
972 2221 215 30 närvarande
1214 2221 38 28 är
1279 2219 104 34 fallet,
1411 2217 190 31 föreskriva

110 2271 112 37 någon
245 2271 231 36 begränsning
500 2271 9 28 i
533 2270 64 29 den
621 2266 230 38 förbrukning
875 2277 42 19 av
940 2264 160 31 elektrisk
1124 2266 117 32 ström,
1266 2273 73 20 som
1363 2262 57 30 må
1442 2263 160 29 bekostas

111 2326 40 20 av
176 2315 205 34 statsmedel,
406 2315 63 28 har
494 2316 93 35 synts
612 2311 204 30 kommittén
842 2310 74 30 icke
940 2319 82 20 vara
1047 2307 225 38 erforderligt.

155 2421 163 29 Däremot
344 2420 62 29 har
433 2417 203 31 kommittén
662 2418 10 29 i
700 2417 55 30 sitt
781 2416 128 37 förslag
934 2415 75 30 icke
1034 2413 154 40 upptagit
1216 2412 113 38 någon
1357 2411 245 37 motsvarighet

113 2465 44 30 till
186 2465 155 38 punkten
371 2465 13 28 1
413 2474 41 19 av
482 2463 41 29 de
551 2462 53 30 för
630 2461 340 37 befattningshavare
999 2459 55 29 vid
1082 2458 201 37 riksdagens
1311 2458 63 29 hus
1402 2456 200 30 meddelade
