1906 2820
301 204 42 31 54
797 202 231 29 sStatsutskottets
1051 200 149 29 utlåtande
1221 200 48 27 Nr
1293 201 26 27 6.

356 277 175 32 Utskottet
567 277 62 32 har
665 277 100 32 alltså
790 275 143 33 anslutit
959 275 53 43 sig
1038 275 55 32 till
1120 274 41 33 de
1187 284 39 21 av
1253 269 376 46 departementschefen
1655 268 145 43 angivna

303 328 215 42 riktlinjerna
534 328 53 32 för
605 326 454 33 automobilskattemedlens
1077 324 217 42 användning
1311 325 94 30 utom
1422 322 64 31 vad
1503 323 104 39 angår
1623 319 177 33 städernas

305 380 216 41 bidragsrätt,
543 379 10 30 i
575 378 105 32 vilket
701 378 167 32 avseende
890 377 166 31 utskottet
1078 377 112 31 ansett
1211 373 301 33 bestämmelserna
1533 372 84 31 böra
1639 371 164 31 utformas

304 430 11 31 i
334 429 227 41 huvudsaklig
580 427 337 33 överensstämmelse
936 427 77 31 med
1034 426 81 31 1935
1134 427 54 29 års
1207 422 293 44 vägsakkunnigas
1520 421 137 42 förslag.

360 479 117 32 Under
494 478 215 42 åberopande
727 489 41 20 av
785 477 66 32 vad
869 476 142 33 sålunda
1029 476 133 32 anförts
1180 475 50 31 får
1248 474 168 32 utskottet
1433 471 189 38 hemställa,

600 545 27 31 I.
652 547 48 29 att
719 543 190 41 riksdagen,
929 543 12 31 i
960 542 186 41 anledning
1165 553 40 20 av
1223 540 126 42 Kungl.
1370 539 119 42 Maj:ts
1509 538 129 41 förslag
1657 538 62 31 och
1739 548 63 19 mo:

558 596 156 31 tionerna
739 595 29 31 I:
785 595 59 31 142
872 596 85 30 samt
983 593 50 31 II:
1048 593 61 31 238
1134 612 42 3 —
1201 591 167 33 avseende
1395 590 177 32 städernas
1598 589 208 41 bidragsrätt

558 666 43 3 —
624 648 54 30 må
701 645 205 42 bemyndiga
930 644 127 42 Kungl.
1084 643 100 41 Maj:t
1209 644 50 30 att
1283 641 78 32 med
1384 640 191 33 beaktande
1601 650 40 21 av
1666 639 41 32 de
1733 650 74 30 syn-

557 696 146 42 punkter
722 695 168 32 utskottet
910 694 113 32 anfört
1042 693 136 32 utfärda
1197 691 257 32 bestämmelser
1473 701 55 21 om
1549 689 195 42 fördelning
1763 698 41 22 av

557 744 413 34 automobilskattemedel
987 745 88 30 samt
1093 754 55 21 om
1165 742 209 41 statsbidrag
1390 740 54 32 till
1461 740 66 32 den
1545 739 170 32 allmänna
1731 740 73 40 väg-

557 795 198 43 hållningen
778 795 11 31 i
813 794 87 32 riket
922 794 12 31 i
956 793 229 41 huvudsaklig
1208 790 337 34 överensstämmelse
1569 790 77 32 med
1670 790 41 31 de
1735 788 69 32 sak-

557 846 168 42 kunnigas
748 844 139 43 förslag;

604 897 47 31 II.
676 896 107 41 a)—c)
802 909 40 14 =
854 895 195 32 utskottet.»

363 982 67 41 4:0)
459 993 39 21 av
522 982 79 31 herr
626 981 199 31 Andersson
850 980 11 30 i
886 978 136 38 Malmö,
1049 989 73 20 som
1148 977 76 31 med
1248 975 248 32 instämmande
1522 975 12 31 i
1559 974 112 42 övrigt
1696 974 11 31 i
1733 974 75 32 sist-

308 1033 147 32 nämnda
478 1044 39 19 av
541 1032 79 31 herr
644 1031 198 41 Bergström
866 1040 41 20 m.
933 1029 35 30 fl.
994 1028 144 41 avgivna
1163 1026 208 32 reservation
1396 1027 121 36 ansett,
1544 1027 49 29 att
1617 1024 54 32 till
1696 1024 108 32 denna

311 1084 227 33 reservations
567 1082 203 41 motivering
797 1081 78 31 bort
901 1080 159 41 tilläggas
1089 1078 151 41 följande
1268 1077 128 41 stycke:

367 1149 13 14 »
386 1134 176 33 Utskottet
589 1132 188 42 tillstyrker
804 1132 99 31 alltså
928 1150 42 4 —
995 1149 43 4 —
1063 1149 43 3 —
1131 1129 54 31 till
1212 1128 249 41 författningar.

365 1186 18 31 I
399 1186 93 41 fråga
508 1196 55 20 om
578 1184 177 42 principen
771 1183 54 31 för
841 1182 239 40 fördelningen
1097 1180 123 31 mellan
1237 1179 159 32 städerna
1413 1190 40 20 av
1471 1178 119 32 dessas
1607 1177 101 32 andel
1723 1177 85 32 hava

311 1236 92 31 inom
428 1234 175 37 utskottet,
630 1234 93 31 såväl
748 1242 74 21 som
847 1232 75 30 från
947 1231 90 31 olika
1062 1229 124 38 städer,
1212 1231 123 39 yppats
1360 1228 91 31 olika
1475 1227 185 42 meningar.
1696 1226 112 32 Bland

314 1289 103 31 annat
438 1287 61 31 har
523 1284 204 33 framhållits
752 1282 273 33 önskvärdheten
1051 1293 40 20 av
1117 1292 41 20 en
1184 1280 105 32 sådan
1315 1280 155 40 ordning,
1496 1281 50 29 att
1570 1278 239 42 huvudparten

313 1350 40 20 av
378 1338 99 31 dessa
499 1336 112 32 medel
634 1335 161 31 hänföres
820 1334 53 31 till
898 1333 65 31 den
988 1332 172 32 ordinarie
1185 1331 153 31 andelen.
1375 1330 212 41 Härigenom
1611 1329 110 32 skulle
1747 1331 63 30 stä-

313 1389 114 37 derna,
447 1387 57 32 vid
524 1385 237 43 uppgörandet
781 1395 41 21 av
842 1384 74 32 sina
936 1383 232 41 årsbudgeter,
1190 1382 113 31 kunna
1324 1381 103 31 räkna
1448 1380 77 32 med
1548 1391 41 21 en
1611 1381 109 31 större
1743 1379 67 32 fast

314 1439 66 38 del,
402 1441 41 29 än
465 1449 72 20 som
559 1448 123 20 annars
703 1436 68 31 blir
793 1435 104 31 fallet.

366 1489 177 32 Utskottet
566 1498 100 21 anser
687 1489 49 29 att
759 1486 94 31 detta
876 1485 166 42 spörsmål
1065 1484 63 32 bör
1152 1485 165 40 upptagas
1340 1482 54 32 till
1418 1482 145 42 förnyad
1587 1481 224 42 omprövning

314 1541 11 30 i
350 1539 162 33 samband
537 1538 78 32 med
639 1538 117 41 frågan
781 1547 55 21 om
861 1536 176 31 städernas
1062 1534 208 41 bidragsrätt
1295 1533 172 32 inbördes.

365 1590 20 32 I
407 1590 90 32 detta
520 1588 242 41 sammanhang
782 1607 43 3 —
845 1606 41 4 —
906 1606 42 3 —
969 1585 217 41 nödvändiga
1208 1583 452 43 vägförbättringsföretag.»

363 1682 213 34 beträffande
610 1685 95 35 punkt
737 1680 77 42 19:0)
837 1680 115 41 (inköp
986 1690 40 21 av
1054 1678 147 42 gatsten)
1224 1690 39 20 av
1296 1678 117 32 herrar
1435 1677 140 33 Persson
1597 1677 12 31 i
1632 1677 97 33 Falla
1750 1677 64 31 och

309 1746 60 21 von
394 1734 84 32 Seth.

755 2521 131 21 Stockholm
903 2520 60 20 1938.
985 2520 28 20 K.
1027 2520 25 20 L.
1066 2520 129 20 Beckmans
1210 2518 159 24 Boktryckeri.
