1918 2824
642 193 230 28 Statsutskottets
895 195 147 28 utlåtande
1065 195 49 27 Nr
1138 197 25 27 6.
1595 195 38 31 17

125 263 118 31 härtill
280 264 62 31 och
379 265 52 30 till
468 265 148 32 kontroll
652 278 40 19 av
729 268 167 30 huruvida
932 268 105 31 sådan
1075 269 184 31 åtskillnad
1297 269 175 41 iakttagits
1510 270 122 31 saknas

127 305 203 31 erfarenhet.
367 307 61 30 Att
463 308 92 30 såväl
591 308 256 42 uppdelningen
883 310 10 30 i
930 310 176 31 städernas
1131 310 184 42 bokföring
1340 322 73 20 som
1439 311 193 32 kontrollen

130 347 103 31 därav
275 348 110 31 skulle
427 349 151 31 medföra
622 350 193 41 betydande
858 352 210 40 svårigheter
1111 352 63 31 och
1218 353 192 36 kostnader,
1457 356 80 29 utan
1581 356 49 29 att

126 389 87 31 dock
242 390 113 31 kunna
385 390 48 31 bli
464 391 212 41 fullständig,
709 404 101 28 synes
841 393 190 32 emellertid
1063 395 181 30 sannolikt.
1277 395 213 41 Visserligen
1522 396 109 32 skulle

125 432 42 31 de
202 432 229 42 sakkunnigas
466 434 128 41 förslag
627 437 49 28 att
712 436 56 30 det
803 436 251 41 sammanlagda
1089 437 357 41 underhållsbidraget
1481 439 53 30 till
1569 441 64 29 stä-

126 474 108 31 derna
270 474 109 32 skulle
416 476 199 31 maximeras
654 477 53 30 till
745 477 38 31 85
820 485 140 32 procent
997 489 40 20 av
1075 490 42 19 en
1155 479 206 41 uppskattad
1399 480 233 32 totalkostnad

125 516 76 30 från
237 517 263 31 statsfinansiell
536 519 173 40 synpunkt
744 519 162 32 innebära
942 532 42 19 en
1018 521 70 31 viss
1124 522 132 40 garanti
1292 525 69 28 mot
1397 533 42 20 en
1474 523 77 31 hela
1586 523 46 31 bi-

125 558 269 42 dragssystemet
422 560 223 41 förryckande
674 562 152 40 stegring
854 574 40 20 av
922 563 254 41 statsbidraget,
1206 575 76 20 men
1310 565 75 30 från
1414 565 218 41 synpunkten

125 611 42 20 av
195 612 41 19 en
263 601 119 32 rättvis
410 602 195 42 fördelning
632 614 40 20 av
700 604 294 41 bidragssumman
1023 606 159 30 städerna
1210 606 143 31 emellan
1381 607 110 31 skulle
1520 607 112 32 denna

124 642 225 43 maximering
380 643 73 32 icke
487 645 150 31 utesluta
669 646 41 30 de
745 656 242 31 ogynnsamma
1009 647 249 41 verkningarna
1279 660 40 19 av
1341 649 146 32 berörda
1509 650 124 41 svårig-

125 684 106 31 heter.
259 685 55 31 Då
331 685 57 32 det
403 687 234 40 procentuella
652 687 157 42 bidraget
825 688 54 31 till
897 689 158 41 samtliga
1071 690 116 31 städer
1202 690 110 32 skulle
1329 702 80 20 vara
1425 691 77 38 lika,
1521 692 110 32 skulle

127 727 172 41 nämligen
328 739 41 20 en
398 728 142 41 felaktig
567 729 185 41 bokföring
780 742 40 19 av
849 731 430 32 underhållskostnaderna
1309 733 83 31 eller
1421 735 49 29 ett
1499 734 132 31 mindre

126 769 174 32 rationellt
322 769 246 33 handhavande
592 783 39 19 av
655 772 216 32 underhållet
894 773 11 30 i
929 784 41 20 en
994 773 83 31 eller
1100 773 86 32 flera
1210 774 114 31 städer
1347 775 105 31 sänka
1475 775 156 41 bidraget

123 810 54 31 för
196 811 116 42 övriga
331 812 123 31 städer.
475 812 60 31 Ett
554 813 122 31 sådant
696 814 212 32 förhållande
928 814 110 32 skulle
1057 815 115 31 kunna
1190 815 132 32 minska
1339 816 144 32 känslan
1496 828 40 20 av
1548 818 80 31 nöd-

123 853 230 42 vändigheten
377 857 49 28 att
449 854 149 42 iakttaga
621 855 107 42 nödig
752 856 220 41 sparsamhet.
1008 857 168 32 Häremot
1198 858 66 31 kan
1287 859 175 38 invändas,
1487 863 49 28 att
1560 860 68 32 det-

127 907 128 21 samma
285 897 107 41 gäller
421 898 257 40 vägdistrikten.
722 899 128 31 Mellan
882 900 160 31 städerna
1073 901 63 30 och
1167 901 248 41 vägdistrikten
1448 903 183 41 föreligger

124 939 192 31 emellertid
339 939 65 31 den
427 940 201 37 skillnaden,
652 944 50 28 att
724 942 265 40 vägdistriktens
1011 942 77 32 hela
1111 945 123 39 vägnät
1257 946 137 38 utgöres
1418 955 40 20 av
1480 945 151 41 bidrags-

125 980 212 42 berättigade
364 983 110 39 vägar,
501 982 120 31 medan
648 983 160 31 städerna
834 984 106 41 enligt
967 984 41 31 de
1035 985 230 41 sakkunnigas
1293 986 129 42 förslag
1447 987 109 31 skulle
1585 998 45 20 er-

124 1022 93 32 hålla
238 1023 321 42 underhållsbidrag
580 1025 122 31 endast
724 1025 53 31 för
798 1037 41 20 en
860 1026 192 41 begränsad
1074 1027 55 31 del
1152 1038 40 20 av
1215 1028 60 31 sitt
1297 1031 91 38 gatu-
1411 1029 62 31 och
1496 1031 132 39 vägnät.

126 1065 129 31 Härtill
281 1065 150 32 kommer
457 1068 49 29 att
532 1067 124 31 mellan
683 1068 248 40 vägdistrikten
957 1068 74 32 icke
1058 1069 184 42 föreligger
1269 1081 126 21 samma
1423 1072 207 40 ömsesidiga

124 1107 181 38 beroende,
333 1118 73 21 som
432 1108 107 41 enligt
566 1109 41 31 de
634 1109 228 42 sakkunnigas
890 1110 130 41 förslag
1045 1111 111 31 skulle
1183 1112 204 41 uppkomma
1415 1113 124 31 mellan
1566 1116 63 29 stä-

123 1149 116 38 derna,
261 1150 11 30 1
293 1150 57 31 det
371 1152 49 29 att
440 1150 89 41 höga
549 1151 386 32 underhållskostnader
955 1153 11 30 i
988 1155 49 29 ett
1058 1153 84 31 eller
1163 1153 85 32 flera
1270 1154 138 31 distrikt
1431 1155 72 31 icke
1526 1156 103 31 sänka

125 1192 358 41 underhållsbidraget
507 1193 13 30 i
545 1192 105 32 andra
676 1194 108 31 under
810 1194 194 32 fastställda
1031 1195 39 31 85
1096 1198 149 38 procent.
1285 1196 52 31 Då
1363 1197 57 41 jag
1446 1197 114 32 funnit
1587 1198 42 31 de

124 1234 230 42 sakkunnigas
375 1235 129 40 förslag
523 1235 10 30 i
554 1235 222 32 förevarande
797 1236 194 32 hänseende
1012 1237 153 31 medföra
1185 1238 193 40 betydande
1400 1239 227 42 olägenheter,

124 1276 74 31 icke
224 1277 104 31 minst
353 1277 54 31 för
432 1277 158 31 städerna
616 1278 117 40 själva,
761 1281 81 29 utan
867 1281 49 29 att
942 1281 111 39 någon
1080 1281 109 30 större
1216 1281 111 31 fördel
1353 1281 140 32 därmed
1519 1282 109 32 skulle

123 1319 132 37 vinnas,
276 1319 61 31 har
357 1319 57 41 jag
434 1322 112 28 ansett
567 1320 69 40 mig
657 1320 73 31 icke
752 1320 83 32 böra
856 1321 138 31 förorda
1015 1322 195 31 detsamma.

177 1360 177 42 Uppgives
377 1361 57 32 det
457 1362 167 31 särskilda
646 1363 357 42 underhållsbidraget
1025 1365 54 31 till
1102 1366 168 38 städerna,
1296 1378 101 30 synes
1422 1368 101 32 därav
1546 1368 83 32 böra

122 1402 86 42 följa
225 1405 49 29 att
292 1403 73 31 icke
383 1403 108 31 heller
508 1405 103 40 något
629 1404 139 31 särskilt
786 1406 118 41 anslag
921 1406 54 31 till
993 1406 179 41 byggande
1190 1419 41 19 av
1248 1410 101 39 vägar
1368 1409 63 31 och
1449 1412 97 39 gator
1563 1410 63 31 bör

124 1447 90 39 utgå.
247 1445 164 41 Bidraget
432 1446 53 30 till
508 1447 176 31 städernas
707 1448 237 41 gatuhållning
966 1449 109 31 skulle
1098 1450 145 31 sålunda
1265 1453 112 29 såsom
1399 1452 126 31 hittills
1549 1455 80 39 utgå

122 1487 78 31 med
217 1490 48 28 ett
281 1487 223 42 totalbelopp,
522 1488 104 31 vilket
643 1489 150 31 fördelas
810 1490 124 31 mellan
951 1490 160 32 städerna
1127 1491 108 39 enligt
1251 1492 57 31 det
1324 1493 138 41 förslag,
1480 1504 73 21 som
1569 1494 57 41 jag

123 1530 11 30 1
159 1530 57 31 det
240 1530 152 41 följande
417 1530 210 41 framlägger.

176 1571 17 31 I
211 1572 107 31 likhet
335 1572 76 31 med
428 1572 42 31 de
489 1573 211 31 sakkunniga
717 1574 113 31 finner
845 1575 57 40 jag
919 1575 186 41 anledning
1120 1576 54 31 till
1191 1576 170 43 justering
1378 1589 41 20 av
1436 1579 192 40 grunderna

122 1613 54 31 för
190 1614 177 31 städernas
382 1614 339 43 bidragstilldelning
736 1616 166 41 föreligga
917 1617 53 31 för
983 1619 49 29 att
1044 1619 85 30 även
1142 1618 215 33 beträffande
1372 1620 111 32 denna
1495 1621 133 31 komma

122 1655 11 31 1
156 1657 153 30 närmare
331 1656 199 41 anslutning
552 1657 54 30 till
629 1657 66 31 den
718 1658 10 30 i
752 1658 62 31 och
837 1659 54 30 för
913 1659 53 40 sig
987 1659 123 41 riktiga
1133 1660 320 43 behovsprincipen.
1487 1663 141 32 Liksom

121 1697 11 30 i
155 1698 95 41 fråga
272 1709 54 20 om
349 1698 100 31 länen
472 1698 96 31 torde
591 1698 65 31 den
679 1698 149 33 influtna
850 1699 326 33 automobilskatten
1198 1702 168 42 knappast
1388 1703 114 32 kunna
1524 1714 100 21 anses

124 1751 74 20 som
227 1752 41 19 en
297 1740 80 31 fullt
406 1740 321 32 tillfredsställande
757 1744 125 29 mätare
912 1754 40 19 av
982 1744 177 31 städernas
1189 1745 260 41 bidragsbehov.
1493 1747 135 32 Fördel-

124 1783 126 40 ningen
278 1782 107 41 enligt
412 1793 45 20 nu
485 1783 156 40 gällande
669 1784 110 40 regler
806 1795 40 20 av
874 1785 177 32 städernas
1080 1786 171 32 ordinarie
1280 1788 99 31 andel
1408 1789 141 37 medför,
1579 1791 49 29 att

122 1827 161 31 städerna
305 1828 34 30 få
361 1828 75 31 sina
457 1829 267 40 gatukostnader
746 1830 111 31 täckta
880 1830 76 31 med
979 1830 210 41 statsbidrag
1211 1832 53 30 till
1287 1833 132 40 mycket
1443 1834 90 31 olika
1556 1845 73 30 pro-

120 1870 87 29 cent.
239 1868 68 32 Det
327 1880 111 30 synes,
460 1872 37 28 så
516 1870 93 41 långt
629 1871 218 40 möjligheter
866 1872 54 30 till
939 1872 149 31 kontroll
1109 1873 198 36 förefinnas,
1329 1874 54 30 till
1403 1875 63 31 och
1486 1876 76 30 med
1582 1876 43 31 ha

122 1911 166 37 inträffat,
310 1914 49 28 att
379 1912 93 31 vissa
492 1913 114 30 städer
625 1913 44 31 ha
690 1914 64 30 fått
774 1914 210 41 statsbidrag
1003 1914 53 31 till
1076 1915 106 40 högre
1202 1916 126 41 belopp
1348 1919 42 30 än
1413 1928 153 20 summan
1588 1929 40 20 av

122 1952 42 31 de
182 1953 106 31 totala
307 1955 91 39 gatu-
415 1954 62 30 och
495 1954 302 40 vägkostnaderna,
816 1956 121 31 medan
955 1956 105 31 andra
1077 1957 116 31 städer
1209 1958 122 31 endast
1349 1959 44 31 ha
1411 1959 64 31 fått
1493 1960 136 31 relativt

122 1997 73 28 små
213 1994 130 41 bidrag.
375 1995 53 31 En
448 1996 70 30 viss
539 1996 193 42 utjämning
750 2009 40 19 av
808 1998 165 40 bidragen
993 1998 77 31 sker
1089 1998 203 42 visserligen
1311 2000 57 31 vid
1388 2001 240 41 fördelningen

122 2047 41 19 av
182 2037 177 31 städernas
379 2037 322 41 utjämningsandel,
723 2039 62 31 och
805 2051 41 19 en
866 2040 204 41 fullständig
1088 2040 217 42 eliminering
1324 2053 40 20 av
1384 2043 101 31 dessa
1504 2044 124 40 ojämn-

123 2078 96 31 heter
253 2079 97 31 torde
384 2079 72 31 icke
491 2091 77 19 vara
600 2080 121 41 möjlig
755 2083 80 29 utan
871 2081 65 31 den
970 2081 207 32 kostsamma
1209 2083 158 37 kontroll,
1403 2096 83 25 som,
1521 2086 107 40 enligt

123 2121 64 30 vad
217 2121 56 40 jag
301 2121 146 40 tidigare
479 2122 194 37 framhållit,
704 2123 91 31 helst
824 2123 63 31 bör
916 2124 175 31 undvikas.
1123 2125 201 31 Emellertid
1355 2127 97 31 torde
1483 2127 146 32 berörda

122 2162 213 40 ojämnheter
367 2164 10 29 1
410 2163 177 31 huvudsak
619 2164 115 31 kunna
767 2165 130 40 undgås
930 2176 120 29 genom
1083 2168 49 29 att
1165 2167 65 30 den
1263 2167 144 40 höjning
1438 2180 40 19 av
1510 2170 118 39 utjäm-

121 2204 258 41 ningsandelen,
412 2215 73 20 som
516 2205 91 30 vissa
639 2205 239 41 länsstyrelser
910 2207 185 41 föreslagit,
1129 2209 98 38 göres
1260 2209 198 41 tillräckligt
1489 2211 133 41 kraftig.

177 2288 79 30 Med
278 2288 131 40 hänsyn
433 2289 49 29 till
507 2289 63 30 den
592 2301 45 18 nu
662 2290 166 38 utgående
852 2291 169 30 ordinarie
1044 2292 162 29 andelens
1231 2293 125 30 storlek
1381 2294 8 29 i
1414 2294 212 31 förhållande

122 2338 53 30 till
202 2338 41 30 de
268 2338 105 30 totala
398 2339 310 38 gatukostnaderna
735 2341 6 29 i
770 2341 90 29 vissa
886 2341 114 29 städer
1026 2341 60 30 har
1112 2341 374 40 departementschefen
1515 2344 112 30 funnit

123 2388 355 40 utjämningsandelen
507 2389 181 40 lämpligen
717 2389 81 31 böra
825 2390 96 39 höjas
953 2391 69 29 från
1053 2392 192 30 nuvarande
1274 2394 38 27 20
1340 2396 140 36 procent
1507 2393 53 30 till
1587 2394 40 30 60

125 2440 140 38 procent
289 2449 39 20 av
353 2438 176 30 städernas
555 2439 104 30 totala
684 2439 109 30 andel.
831 2441 62 28 Om
920 2439 65 31 den
1010 2440 143 31 sålunda
1182 2442 151 38 förhöjda
1364 2443 263 40 utjämningsan-

121 2488 98 30 delen
247 2488 147 30 därefter
421 2488 190 30 fördelades
637 2489 121 30 mellan
784 2490 154 30 städerna
967 2490 86 30 efter
1078 2502 40 19 en
1144 2491 299 40 behovsprövning
1469 2493 8 29 i
1503 2494 123 30 anslut-

177 2548 111 36 Bihang
313 2549 42 27 till
378 2549 166 35 riksdagens
566 2550 143 35 protokoll
735 2549 87 29 1938.
871 2549 20 27 6
913 2551 80 28 saml.
1043 2552 42 27 Nr
1110 2556 26 24 b.
1444 2562 39 17 630
1498 2563 24 17 88
1569 2557 15 24 2
