2198 2636
671 161 348 34 Jordbruksutskottets
1041 159 165 33 utlåtande
1229 159 53 32 Nr
1304 159 52 32 56.
1731 157 38 31 19

212 258 47 23 av
287 243 232 50 lägenheter,
549 255 80 24 som
658 246 64 31 äro
751 240 163 37 avsedda
935 244 54 31 att
1009 239 127 49 säljas.
1182 237 240 37 Beträffande
1442 250 46 22 en
1508 249 47 23 av
1574 236 45 36 de
1638 235 177 47 sökande,

213 296 38 36 8.
280 295 228 47 Bengtsson,
533 294 97 35 hava
649 292 468 50 uppskattningsmännen
1136 289 257 48 uttryckligen
1413 288 174 48 avstyrkt
1606 287 210 48 upplåtelse

211 350 49 46 på
287 346 125 49 grund
442 359 45 22 av
516 346 95 35 hans
639 344 230 48 backstugas
897 341 297 49 närbelägenhet
1213 341 58 35 till
1290 340 163 48 gårdens
1473 339 207 48 tomtplats.

342 397 289 49 Propositionen
663 396 102 36 hann
793 393 208 37 emellertid
1029 393 82 36 icke
1141 397 53 31 att
1221 391 217 45 behandlas,
1468 390 115 36 innan
1611 389 203 48 riksdagen

212 450 207 49 upplöstes.
463 448 86 37 Med
569 447 208 49 anledning
796 447 116 36 härav
933 445 106 37 torde
1058 458 52 35 ny
1129 443 234 51 proposition
1383 443 12 36 i
1414 447 128 31 ämnet
1562 441 91 37 böra
1672 441 142 36 avlåtas

213 503 56 36 till
309 501 216 49 riksdagen.
581 500 58 36 Då
679 498 259 51 nyssnämnda
980 497 112 37 skrift
1128 496 82 37 icke
1248 508 113 37 synes
1394 494 81 49 mig
1503 495 90 36 böra
1624 493 191 37 föranleda

212 554 164 47 ändring
402 553 13 36 i
443 551 246 38 förenämnda
729 550 255 50 propositions
1026 549 165 36 innehåll
1233 548 69 36 och
1335 548 47 35 då
1405 548 71 47 jag
1503 546 31 48 ej
1567 545 114 36 heller
1709 545 106 49 eljest

212 606 246 48 ifrågasätter
486 606 129 45 någon
643 603 164 47 ändring
835 601 92 46 däri,
957 600 219 36 hemställer
1200 600 71 48 jag
1297 621 50 4 —
1377 620 48 5 —
1454 611 72 22 —>

343 707 17 36 I
401 707 102 36 detta
545 705 279 49 sammanhang
862 705 68 35 har
969 703 185 37 utskottet
1195 703 56 36 till
1279 701 234 49 behandling
1540 700 161 37 förehaft
1729 699 86 36 en
1795 695 25 63 i

212 760 121 37 andra
360 759 219 36 kammaren
608 771 47 22 av
687 757 85 36 herr
799 758 210 35 Andersson
1038 756 12 35 i
1078 754 225 37 Milsmaden
1331 754 112 36 väckt
1472 753 154 46 motion,
1656 766 43 21 nr
1727 754 86 43 218,

214 813 12 36 i
253 811 129 37 vilken
424 810 222 46 hemställts,
683 814 53 31 att
769 807 206 49 riksdagen
1003 807 185 48 antingen
1217 808 115 34 måtte
1360 805 131 36 bifalla
1519 804 140 48 Kungl.
1690 803 124 49 Maj:ts

214 863 237 50 proposition
491 860 86 37 med
618 861 102 36 vissa
760 860 13 36 i
814 860 191 35 motionen
1034 858 214 48 föreslagna
1276 857 265 48 förändringar
1569 856 69 35 och
1665 855 149 48 tillägg,

214 915 80 37 dels
336 915 11 35 i
385 912 185 38 avseende
597 915 48 47 på
673 911 247 37 saluvärdena
949 911 70 36 och
1047 910 79 36 dels
1154 909 86 37 med
1270 908 184 37 avseende
1482 911 20 33 å
1531 914 52 30 ett
1612 921 46 22 av
1683 908 132 35 motio-

214 972 116 31 nären
371 965 56 37 till
465 964 229 49 försäljning
726 963 205 48 föreslaget
954 961 254 50 jordområde,
1237 961 98 46 eller,
1365 960 124 36 därest
1517 960 102 36 detta
1646 958 168 49 yrkande

214 1019 84 36 icke
338 1017 126 37 kunde
504 1016 162 47 bifallas,
709 1021 56 31 att
804 1014 205 49 riksdagen
1050 1016 115 34 måtte
1207 1013 103 36 avslå
1351 1011 141 50 Kungl.
1526 1011 126 49 Maj:ts
1680 1011 137 48 ifråga-

214 1069 167 37 varande
408 1068 237 50 proposition
673 1067 121 37 under
823 1066 186 47 anhållan,
1039 1072 55 30 att
1121 1065 64 36 vid
1205 1064 159 50 förnyad
1386 1063 431 49 arrendeuppskattning

214 1122 47 36 de
288 1122 13 35 i
329 1121 192 35 motionen
550 1119 136 49 gjorda
715 1118 349 48 anmärkningarna
1091 1119 116 34 måtte
1235 1117 100 36 bliva
1364 1115 192 37 beaktade.

345 1172 73 36 Till
460 1170 84 38 stöd
586 1171 58 35 för
684 1170 123 36 denna
847 1169 283 47 framställning
1166 1169 68 35 har
1267 1168 235 35 motionären
1530 1166 177 48 åberopat
1735 1165 79 36 dels

215 1224 280 47 motiveringen
523 1222 57 36 till
609 1235 46 23 en
683 1235 48 22 av
758 1222 140 35 honom
927 1220 63 36 vid
1020 1221 98 35 förra
1145 1219 202 48 riksdagen
1371 1217 254 37 innevarande
1645 1220 39 33 år
1703 1216 113 37 väckt

216 1276 156 46 motion,
414 1288 46 22 nr
488 1275 86 46 250,
604 1273 85 37 med
718 1272 195 37 enahanda
940 1271 169 50 yrkande
1143 1284 80 24 som
1252 1271 71 36 den
1352 1269 257 46 förevarande,
1639 1269 77 36 dels
1746 1268 70 36 ock

215 1327 194 48 åtskilliga
436 1325 64 36 vid
530 1325 235 36 motionerna
795 1323 136 49 fogade
959 1323 160 49 bilagor.

345 1378 84 36 Den
457 1376 211 49 åberopade
697 1376 279 48 motiveringen
1005 1379 40 31 är
1074 1388 46 23 av
1149 1374 165 49 följande
1342 1373 157 49 lydelse:

346 1429 73 36 »På
461 1434 73 31 sätt
562 1442 47 23 en
637 1427 63 37 vid
729 1427 255 36 innevarande
1010 1426 157 49 riksdag
1195 1425 198 37 avlämnad
1422 1425 131 48 kungl.
1584 1423 232 49 proposition

216 1495 47 23 nr
291 1483 48 34 25
381 1481 156 46 utvisar,
579 1480 69 36 har
688 1479 65 36 vid
794 1491 46 23 en
881 1481 41 33 år
953 1480 96 34 1912
1080 1481 20 33 å
1128 1478 112 48 Long
1267 1491 44 22 nr
1340 1479 20 34 3
1392 1476 254 49 Storegården
1675 1488 60 23 om
1763 1480 54 31 ett

216 1533 144 37 mantal
388 1533 12 35 i
428 1532 112 48 Long
567 1531 140 37 socken
736 1544 47 23 av
803 1530 237 48 Skaraborgs
1064 1530 64 36 län
1147 1530 125 36 hållen
1291 1527 526 52 uppskattningsförrättning

217 1584 228 49 föreslagits,
484 1589 54 31 att
566 1583 91 36 flera
684 1583 12 36 i
724 1582 284 50 propositionen
1036 1586 174 31 närmare
1238 1582 166 47 angivna
1431 1580 221 48 lägenheter
1679 1578 56 36 till
1763 1584 54 30 ett

218 1637 102 36 antal
350 1650 46 22 av
427 1638 45 34 17
502 1638 116 33 måtte
646 1634 236 49 egendomen
910 1633 217 49 frånskiljas
1156 1633 71 36 och
1255 1632 186 49 försäljas.

349 1687 90 38 Som
481 1687 110 36 dessa
632 1686 219 49 lägenheter
883 1685 118 36 delvis
1029 1690 109 44 synts
1167 1685 98 36 hava
1292 1684 108 36 blivit
1429 1697 47 22 av
1504 1682 313 50 uppskattnings-

217 1745 166 31 männen
426 1739 57 36 för
523 1739 94 48 högt
644 1737 215 47 värderade,
889 1737 169 48 företogs
1087 1737 72 36 den
1190 1738 45 35 16
1265 1735 156 37 oktober
1452 1737 96 34 1913
1577 1737 46 46 på
1651 1734 166 48 begäran

217 1805 49 23 av
293 1797 151 43 torpare
471 1790 119 37 under
617 1789 236 49 egendomen
881 1802 46 23 av
955 1794 140 31 tvenne
1123 1788 252 36 nämndemän
1411 1800 46 23 en
1485 1786 285 48 undersökning
1797 1788 19 33 å

217 1844 149 48 platsen
402 1843 58 36 för
488 1847 56 31 att
572 1842 95 36 efter
689 1841 221 48 jämförelse
940 1854 46 22 av
1014 1840 294 49 huvudgårdens
1337 1839 70 36 och
1436 1839 46 36 de
1511 1839 54 35 till
1594 1838 226 48 försäljning

219 1895 217 48 föreslagna
463 1894 291 48 lägenheternas
778 1892 86 49 jord
885 1906 48 22 m.
954 1906 49 22 m.
1024 1897 147 41 utröna,
1192 1891 185 36 huruvida
1396 1890 72 37 den
1489 1903 46 23 av
1555 1890 266 47 förrättnings-

218 1951 166 32 männen
412 1946 134 49 gjorda
575 1944 204 49 värdering
807 1944 126 36 kunde
961 1956 109 24 anses
1099 1943 136 49 skälig.

351 1997 132 38 Såsom
521 1995 218 50 vidfogade,
770 1996 119 36 under
916 1995 301 50 edsförpliktelse
1245 1994 190 37 avfattade
1464 1993 356 48 värderingsinstru-

219 2056 105 30 ment
343 2048 162 50 (Bilaga)
525 2049 155 46 utvisar,
702 2048 176 48 framgår,
901 2053 54 30 att
973 2047 293 48 huvudgårdens
1281 2046 86 49 jord
1383 2047 12 35 i
1411 2045 205 36 allmänhet
1630 2044 190 37 värderats

219 2101 106 49 lägre
352 2105 48 32 än
424 2101 87 48 jord
540 2103 21 34 å
588 2099 284 49 lägenheterna,
901 2099 118 36 ehuru
1047 2099 73 36 den
1141 2111 130 24 senare
1291 2099 11 35 i
1322 2097 204 37 allmänhet
1545 2110 67 22 var
1631 2110 46 22 av
1697 2101 123 31 sämre

219 2152 272 38 beskaffenhet.

351 2204 87 37 Med
476 2203 206 48 anledning
724 2216 46 23 av
798 2202 123 36 denna
948 2202 286 47 undersökning
1263 2201 176 48 framgår,
1470 2206 53 30 att
1551 2204 122 44 torpet
1700 2199 120 48 Tjust,

219 2268 83 24 som
332 2269 46 23 av
418 2255 466 49 uppskattningsmännen
926 2253 277 36 saluvärderats
1245 2252 56 36 till
1344 2253 112 46 5,000
1502 2252 149 45 kronor,
1690 2251 132 36 endast

1883 701 108 24 Motion.
