1876 2782
281 152 19 31 6
640 153 409 41 Bevillningsutskottets
1075 155 221 31 betänkande
1321 165 45 21 nr
1391 156 51 30 10.

915 289 244 30 Närvarande:

328 354 82 30 från
446 355 168 30 första
647 356 223 30 kammaren:
907 357 124 30 herrar
1066 356 156 39 Sjödahl,
1258 357 173 35 Heiman,
1468 358 171 34 Franzon,
1675 359 125 30 Gustaf

285 396 177 35 Elofsson,
492 397 183 34 Velander,
707 397 97 35 Falk,
835 398 184 39 Ramberg,
1048 398 153 40 Wehtje,
1232 398 126 31 Fritiof
1387 399 171 31 Karlsson
1587 401 65 30 och
1682 401 116 40 Spetz;

286 439 92 30 samt

329 497 81 30 från
448 498 155 29 andra
639 498 223 30 kammaren:
890 499 123 29 herrar
1039 499 127 30 Olsson
1192 499 11 29 i
1230 499 114 36 Gävle,
1372 500 210 39 Björklund,
1609 501 153 30 Jonsson
1788 502 12 29 i

285 539 215 40 Skedsbygd,
520 539 146 40 Orgård,
689 540 149 30 Persson
858 541 11 29 i
890 541 191 40 Svensköp,
1103 541 123 39 Sjölin,
1248 541 177 35 Olofsson,
1448 543 164 36 Strandh,
1634 543 166 29 Kärrlan-

285 582 60 29 der
365 582 66 29 och
450 582 140 30 Nilsson
608 583 11 29 i
639 582 134 31 Svalöv.

814 776 456 35 Reservationer:

324 868 31 32 I)
383 877 44 20 av
447 868 123 30 herrar
592 868 128 40 Gustaf
741 869 174 39 Elofsson,
939 870 129 39 Fritiof
1088 870 182 37 Karlsson,
1293 871 154 30 Jonsson
1470 871 12 29 i
1506 871 203 39 Skedsbygd
1733 871 66 30 och

281 917 167 39 Strandh,
468 918 96 30 vilka
583 921 127 31 ansett,
733 921 50 28 att
804 920 191 30 utskottets
1018 921 163 38 yttrande
1201 921 66 30 och
1287 921 214 31 hemställan
1523 921 79 30 bort
1622 922 91 30 hava
1736 922 65 30 föl-

281 968 108 38 jande
415 969 146 39 lydelse:

328 1019 34 28 »I
381 1019 43 29 de
443 1019 231 30 förevarande
693 1037 45 3 -—
752 1038 45 2 —
813 1038 44 3 —
879 1020 58 34 (=
958 1021 173 30 utskottet
1149 1032 26 21 s.
1196 1021 20 29 4
1237 1022 63 29 rad
1320 1022 19 29 9
1359 1022 171 40 uppifrån
1547 1040 44 3 —
1610 1032 26 21 s.
1657 1022 19 30 5
1697 1023 63 29 rad
1780 1023 19 29 9

283 1069 188 40 uppifrån)
495 1088 44 3 —
557 1088 44 3 —
619 1088 44 3 —
685 1071 208 40 utvidgning
912 1082 43 20 av
975 1072 223 39 fastigheten.

328 1120 180 30 Utskottet
528 1120 96 31 delar
643 1121 282 31 motionärernas
945 1122 239 40 uppfattning,
1205 1124 51 29 att
1277 1122 223 40 stenröjning
1519 1125 12 29 i
1551 1123 41 30 de
1612 1123 106 31 flesta
1737 1123 63 30 fall

284 1171 102 39 utgör
405 1180 45 20 en
469 1171 257 40 förutsättning
745 1172 55 30 för
818 1172 229 39 jordbrukets
1068 1172 211 31 bedrivande
1299 1173 11 30 i
1330 1182 137 22 samma
1488 1173 216 40 omfattning
1725 1183 75 21 som

284 1220 96 30 förut
400 1221 92 30 varit
510 1222 149 39 möjligt,
679 1223 66 29 och
765 1224 50 28 att
835 1222 201 40 synnerliga
1056 1223 75 30 skäl
1150 1223 123 30 därför
1292 1224 124 29 kunna
1437 1232 104 22 anses
1560 1224 170 40 föreligga
1749 1225 51 29 att

283 1271 163 31 betrakta
461 1272 272 30 bortskaffande
748 1282 43 21 av
805 1273 55 30 för
875 1274 68 29 den
959 1273 167 30 fortsatta
1140 1273 224 40 brukningen
1380 1274 176 39 hinderlig
1573 1276 77 28 sten
1665 1274 20 30 å
1701 1275 100 29 åker-

282 1321 126 40 jorden
431 1322 116 30 såsom
570 1322 335 31 underhållsarbete.

325 1370 180 31 Utskottet
523 1372 210 31 förutsätter
751 1372 121 31 därför
891 1375 52 28 att
964 1373 84 30 1950
1068 1373 57 30 års
1144 1373 422 40 skattelagssakkunniga
1585 1375 109 39 pröva
1717 1375 83 29 den-

284 1431 45 21 na
347 1422 102 40 fråga
468 1424 87 29 även
574 1432 43 21 ur
634 1424 104 29 dessa
757 1424 230 40 synpunkter.

324 1472 180 30 Utskottet
522 1474 38 29 är
578 1474 182 38 övertygat
779 1482 57 21 om
854 1474 51 29 att
924 1475 50 28 ett
994 1473 230 40 medgivande
1245 1483 43 21 av
1306 1475 223 39 avdragsrätt
1548 1475 55 30 för
1623 1475 102 30 dessa
1745 1484 54 21 ar-

282 1523 102 30 beten
404 1524 114 30 skulle
535 1524 11 29 i
563 1525 141 38 mycket
721 1524 68 40 hög
807 1525 83 39 grad
909 1525 108 30 verka
1036 1524 252 31 stimulerande
1306 1525 45 41 på
1368 1526 117 30 denna
1503 1525 235 31 verksamhet.

325 1572 78 30 Med
422 1572 212 39 hänvisning
651 1572 56 31 till
725 1591 42 3 —
786 1591 41 3 —
844 1591 43 4 —
911 1573 59 35 (=
992 1574 166 30 utskottet
1179 1583 27 21 s.
1226 1574 18 29 5
1265 1575 63 29 rad
1347 1574 39 30 27
1406 1592 43 3 —
1467 1575 64 29 rad
1551 1575 40 30 34
1612 1575 183 37 uppifrån)

281 1641 45 3 —
341 1642 45 3 —
403 1642 44 3 —
466 1624 113 39 någon
598 1624 208 39 riksdagens
824 1625 162 39 åtgärd»;
1008 1628 90 27 samt

323 1674 47 31 ID)
397 1683 43 21 av
461 1674 121 30 herrar
611 1674 181 37 Velander,
817 1674 139 40 Wehtje
980 1675 66 30 och
1067 1675 140 30 Nilsson
1232 1676 11 28 i
1266 1675 135 31 Svalöv.
