2224 2650
360 192 117 32 Andra
499 191 217 33 Kammarens
740 188 188 42 Tillfälliga
955 187 144 34 Utskotts
1121 187 76 39 (N:o
1222 188 32 37 4)
1282 185 176 34 Utlåtande
1480 185 64 32 N:o
1568 187 44 29 11.
1773 187 18 29 3

180 274 98 49 tagit
303 276 48 46 på
377 272 59 37 sin
462 272 59 48 ed,
548 275 55 34 att
629 270 161 50 olyckan
816 268 166 38 inträffat
1008 281 136 37 genom
1171 266 214 50 förvexling
1404 266 35 37 af
1454 265 338 38 Sandhammarens

182 325 70 38 och
278 323 223 39 Bornholms
527 322 112 51 fyrar.

316 375 56 38 Då
398 374 82 38 icke
506 377 125 46 någon
660 371 280 51 sjöfartsidkare
967 369 168 39 hvarken
1162 369 69 37 hos
1257 368 259 50 lotsstyrelsen
1543 366 89 38 eller
1650 366 138 46 Kongl.

183 426 106 50 Maj:t
315 425 134 50 begärt
474 423 284 51 ifrågavarande
785 421 221 50 förändring
1033 420 40 38 af
1094 420 164 50 fyrarne,
1286 419 69 37 och
1382 419 216 37 densamma
1621 418 31 49 ej
1679 417 116 37 heller

183 476 189 39 medförde
398 479 124 46 någon
549 474 206 38 nämnvärd
782 473 216 50 besparing,
1024 485 85 24 men
1135 470 115 37 redan
1277 469 264 38 åstadkommit
1565 468 137 38 skador
1725 468 69 37 och

181 528 176 37 förluster
396 527 69 37 och
504 524 229 40 fortfarande
772 523 135 38 hotade
939 528 54 32 att
1024 526 40 33 så
1091 527 104 44 göra,
1224 521 110 49 hyste
1362 520 228 37 motionären
1618 519 72 37 den
1717 519 74 36 för-

183 578 255 51 hoppningen,
478 582 54 32 att
561 576 219 49 Riksdagen
813 574 121 38 skulle
964 573 165 38 vidhålla
1157 572 64 37 sitt
1248 572 35 37 af
1310 571 196 50 praktiska
1532 569 262 38 klokhetsskäl

183 629 139 38 fattade
387 629 97 37 beslut
524 627 69 38 och
632 626 99 38 vaka
770 625 180 48 deröfver,
991 629 54 32 att
1084 623 46 38 de
1163 623 232 47 sjöfarandes
1422 622 46 36 lif
1492 621 68 38 och
1587 621 97 49 gods
1710 620 83 38 icke

183 679 216 51 onödigtvis
439 684 116 32 sattes
585 681 48 47 på
660 678 92 50 spel,
779 677 206 49 hvarjemte
1012 674 229 38 motionären
1269 673 177 49 slutligen
1472 672 140 46 tillade,
1641 677 54 32 att
1722 671 72 38 alla

184 731 84 38 skäl
293 730 123 38 talade
441 730 57 39 för
524 734 55 33 att
604 731 126 47 någon
757 727 133 51 åtgärd
916 741 50 23 nu
992 726 173 48 vidtoges
1192 725 13 37 i
1232 724 156 38 berörda
1416 724 108 49 syfte,
1548 722 156 39 emedan
1722 722 71 38 den

184 781 144 39 släckta
353 783 107 48 fyren
487 785 100 33 ännu
614 779 200 50 qvarstode
840 781 48 46 på
915 777 58 38 sin
1000 778 126 48 gamla
1152 777 110 49 plats.

319 983 52 38 Af
396 982 238 50 handlingar,
658 994 80 25 som
761 979 98 39 varit
875 979 57 38 för
949 979 184 38 utskottet
1150 977 253 50 tillgängliga,
1423 976 67 37 har
1507 975 215 49 inhemtats,
1741 980 54 32 att

184 1035 259 50 lotsstyrelsen
470 1033 14 37 i
511 1032 197 38 skrifvelse
746 1031 56 38 till
836 1030 136 50 Kongl
1005 1030 107 50 Maj:t
1139 1028 193 50 angående
1359 1026 339 51 nyanskaffningar
1725 1025 69 38 och

183 1086 188 49 tillfälliga
397 1084 110 38 behof
534 1083 72 38 den
633 1085 48 36 26
708 1081 162 39 februari
900 1083 94 35 1889
1022 1080 205 49 föreslagit,
1256 1085 54 31 att
1336 1079 73 37 den
1435 1091 70 24 ena
1532 1077 37 37 af
1588 1077 207 37 Sandham-

185 1150 148 25 marens
359 1136 125 49 begge
509 1134 102 51 fyrar
638 1134 121 37 skulle
786 1133 194 49 borttagas
1008 1137 96 32 samt
1131 1131 72 37 den
1230 1130 116 37 andra
1372 1130 105 49 fyren
1502 1128 194 37 förändras
1714 1128 81 37 från

184 1188 81 38 hvit
304 1187 57 38 till
399 1185 197 38 tindrande
628 1185 59 50 fyr
714 1184 35 38 af
776 1184 105 38 2:dra
907 1183 219 49 ordningen,
1155 1182 69 37 och
1252 1184 122 34 såsom
1403 1180 83 37 skäl
1513 1179 121 37 derför
1662 1178 133 46 anfört,

185 1244 65 41 att,
278 1239 111 49 jemte
415 1237 64 38 det
504 1235 234 51 ljusstyrkan
765 1235 215 48 derigenom
1008 1233 146 37 komme
1183 1237 53 32 att
1254 1232 102 42 ökas,
1376 1231 282 50 fyrpersonalen
1674 1229 121 39 skulle

184 1290 129 36 kunna
352 1287 168 37 minskas
560 1286 68 37 och
667 1285 205 50 besparing
911 1284 136 49 jemväl
1085 1283 135 37 vinnas
1259 1282 12 37 i
1311 1282 62 36 det
1404 1281 119 49 årliga
1549 1279 246 48 underhållet,

185 1340 192 37 äfvensom
408 1343 55 33 att
493 1342 53 34 ett
576 1337 165 49 jerntorn
768 1336 70 37 och
863 1338 64 34 två
953 1335 271 49 linsapparater
1251 1333 121 36 blefve
1398 1331 243 50 tillgängliga
1668 1336 55 31 att
1748 1333 48 47 på

186 1395 114 34 annat
340 1389 107 38 ställe
479 1387 204 44 användas,
716 1386 205 50 hvarjemte
952 1384 260 50 lotsetyrelsen
1238 1383 121 37 tillika
1387 1382 197 48 meddelat,
1612 1386 54 32 att
1693 1381 102 37 kost-

186 1441 122 37 naden
335 1440 55 37 för
416 1439 71 38 den
515 1438 222 50 ifrågasatta
751 1436 266 49 förändringen
1031 1435 202 37 beräknats
1247 1435 56 36 till
1318 1435 136 46 26,000
1471 1433 147 37 kronor.
1651 1431 145 38 Genom

185 1492 126 38 beslut
341 1490 71 39 den
448 1491 44 37 15
524 1502 100 25 mars
654 1490 95 38 1889
776 1488 93 37 fann
896 1486 203 40 emellertid
1127 1485 137 50 Kongl.
1294 1485 106 48 Maj:t
1428 1497 142 24 samma
1597 1483 198 37 framställ-

186 1542 94 50 ning
306 1542 83 39 icke
415 1540 90 39 böra
532 1540 234 50 godkännas,

320 1593 17 37 I
375 1591 235 49 underdånig
651 1589 197 39 skrifvelse
879 1589 72 37 den
983 1590 45 36 21
1053 1587 150 51 januari
1234 1588 95 35 1890
1357 1584 194 51 angående
1579 1583 218 51 nyanskaff-

186 1644 138 49 ningar
361 1657 47 25 m,
450 1656 46 23 m.
529 1643 56 36 för
615 1640 225 39 lotsverkets
871 1639 116 38 behof
1010 1652 141 24 samma
1178 1641 40 34 år
1244 1637 180 49 förnyade
1450 1635 261 51 lotsstyrelsen
1739 1634 58 38 sin

186 1694 159 38 berörda
371 1692 288 48 framställning,
687 1690 159 40 hvarvid
872 1690 133 37 endast
1032 1688 185 47 anfördes,
1246 1693 54 31 att
1326 1687 234 49 ljusstyrkan
1580 1686 147 37 komme
1743 1690 53 32 att

186 1745 95 37 ökas
321 1744 68 37 och
421 1748 54 32 att
501 1741 211 40 kostnaden
738 1740 201 38 beräknats
966 1740 56 36 till
1050 1740 136 47 27,500
1214 1738 147 36 kronor.
1416 1737 132 37 Denna
1575 1735 223 39 hemställan

186 1794 80 39 blef
295 1794 71 38 den
400 1795 18 35 7
453 1793 113 50 derpå
597 1791 163 51 följande
786 1790 161 38 februari
975 1789 178 50 godkänd
1180 1789 35 37 af
1242 1788 137 49 Kongl.
1409 1788 117 49 Maj:t,
1555 1800 78 23 som
1661 1786 12 36 i
1702 1799 97 24 sam-

187 1845 192 48 manhang
406 1843 149 39 dermed
582 1842 179 40 anvisade
788 1841 120 38 medel
934 1840 56 38 för
1016 1840 162 37 arbetets
1205 1838 209 48 utförande,
1442 1837 185 37 hvarefter
1654 1836 73 39 den
1750 1839 46 34 22

188 1895 96 51 april
326 1897 93 38 1891
462 1894 46 39 de
546 1894 97 39 båda
682 1893 97 38 fasta
818 1892 150 50 fyrarne
1009 1890 161 38 släcktes
1211 1890 68 37 och
1306 1890 12 36 i
1346 1889 124 37 stället
1509 1887 132 38 tändes
1670 1901 40 23 en
1738 1887 61 50 fyr

189 1946 84 38 med
299 1945 126 38 blänk.

322 1997 52 37 På
400 1999 114 36 våren
542 2008 142 25 samma
711 1997 39 35 år
777 1993 158 50 ingingo
962 1991 203 38 emellertid
1194 1990 192 49 åtskilliga
1414 1989 163 39 svenska
1597 1988 202 50 sjöförsäk-

189 2047 222 49 ringgbolag
437 2046 70 41 och
534 2044 394 48 assuransföreningar
955 2042 84 38 med
1066 2055 45 24 en
1140 2040 277 50 framställning
1443 2040 57 36 till
1526 2039 273 49 lotsstyrelsen,

189 2102 55 34 att
284 2097 45 40 de
368 2096 96 39 båda
502 2096 97 37 fasta
631 2095 148 50 fyrarne
810 2097 78 34 åter
915 2096 111 34 måtte
1058 2092 115 37 varda
1200 2091 113 37 tända
1340 2091 35 37 af
1403 2090 72 39 den
1503 2089 214 48 anledning,
1747 2094 53 32 att

190 2147 339 40 Sandhammarens
569 2159 75 35 nya
684 2145 61 48 fyr
784 2143 192 48 lätteligen
1016 2141 234 38 förvexlades
1290 2141 84 37 med
1414 2141 245 36 Hammerens
1691 2139 62 49 fyr
1780 2142 20 34 å

190 2197 200 42 Bornholm
417 2200 48 47 på
491 2196 221 38 farvattnets
740 2194 116 40 andra
883 2193 92 43 sida,
1003 2192 55 37 till
1086 2192 106 37 bevis
1220 2191 149 39 hvarför
1393 2190 239 49 åberopades,
1652 2194 54 32 att
1724 2192 77 37 åtta

191 2248 118 51 dagar
335 2248 92 41 efter
453 2246 63 41 det
542 2245 266 50 förändringen
835 2244 85 41 med
946 2243 108 49 fyren
1081 2242 182 50 vidtagits
1289 2246 54 34 ett
1361 2240 157 43 svenskt
1537 2240 130 51 skepp,
1687 2239 112 43 desti-
