1860 2796
248 185 20 28 4
591 176 113 26 Första
727 171 219 36 lagutskottets
970 167 161 28 utlåtande
1154 174 39 18 nr
1216 165 16 26 4
1255 164 36 27 år
1313 163 75 27 1959

302 260 258 29 Motionärerna
577 254 128 31 föreslå
720 263 58 24 nu,
794 254 51 28 att
861 252 115 29 denna
992 250 84 29 sista
1092 246 155 32 återstod
1262 255 42 19 av
1319 245 57 28 det
1393 243 102 29 forna
1511 239 223 39 kungörelse-

247 304 159 31 läsandet
428 303 79 29 från
529 299 237 42 predikstolen
789 297 90 30 skall
902 294 191 32 avskaffas,
1117 292 64 29 och
1204 290 168 30 motivera
1396 288 53 29 sin
1473 283 261 37 framställning

248 349 78 30 med
351 350 51 27 att
427 347 204 29 modernare
657 338 404 45 publiceringsmetoder,
1088 337 115 29 såsom
1230 342 107 32 press,
1364 332 98 29 radio
1488 340 45 20 m.
1560 339 56 23 m.,
1643 328 91 39 gjort

249 394 166 38 anslagen
434 393 10 27 i
465 391 110 39 kyrka
594 388 158 38 onödiga.
784 387 64 28 Det
869 384 97 30 torde
986 383 29 39 ej
1039 382 107 29 heller
1167 381 119 28 kunna
1307 378 85 29 råda
1413 375 119 30 delade
1554 374 181 36 meningar

249 447 56 20 om
328 439 50 27 att
402 436 41 29 de
467 435 158 29 rubriker
649 434 80 28 över
752 431 170 29 inkomna
946 426 237 40 kungörelser,
1207 424 93 28 vilka
1325 431 47 20 nu
1397 417 339 40 författningsenligt

249 483 183 39 uppsättas
460 480 9 28 i
496 479 188 39 kyrkorna,
712 474 176 41 praktiskt
915 474 92 37 taget
1036 471 109 28 sakna
1173 467 174 40 betydelse
1375 467 10 28 i
1414 462 322 42 publiceringshän-

251 526 134 30 seende.
420 525 102 28 Detta
545 531 101 30 synes
669 522 86 28 även
776 517 181 31 bekräftas
981 525 41 20 av
1044 515 40 29 de
1109 522 89 24 svar,
1222 521 73 20 som
1319 511 107 37 enligt
1447 508 67 29 vad
1537 516 89 20 ovan
1649 506 88 29 åter-

250 571 101 39 givits
381 568 148 40 avgåvos
558 567 19 29 å
607 566 66 28 den
703 564 51 29 till
784 561 241 39 domkapitlen
1056 558 127 30 ställda
1214 554 218 38 rundfrågan
1461 551 178 40 angående
1671 549 66 31 till-

251 614 226 39 lämpningen
502 621 41 20 av
571 610 81 29 1942
679 609 56 29 års
761 606 231 40 lagstiftning.
1031 604 79 28 Som
1138 602 141 29 nämnts
1306 600 63 28 har
1396 597 105 30 också
1528 596 56 29 det
1611 595 127 30 tilläm-

251 659 87 40 pade
370 654 362 41 anslagsförfarandet
763 652 108 29 redan
904 650 80 29 från
1017 648 53 29 sin
1101 647 171 29 tillkomst
1295 644 130 29 avsetts
1447 641 123 30 endast
1593 649 75 19 som
1691 639 48 27 ett

252 702 249 41 provisorium;
533 700 64 29 och
628 699 93 28 detta
752 697 62 28 har
846 697 87 28 även
964 691 261 32 understrukits
1254 699 41 19 av
1326 688 112 29 första
1469 685 228 39 lagutskottet
1728 683 11 29 i

253 748 77 29 dess
350 745 163 40 yttrande
534 746 80 27 över
635 743 41 28 de
697 742 57 28 vid
778 739 83 30 1943
883 739 56 29 års
962 737 140 38 riksdag
1123 736 126 28 väckta
1271 733 219 29 motionerna
1512 731 11 28 i
1546 730 126 29 ämnet.

308 791 177 29 Utskottet
501 789 94 28 delar
612 786 148 30 sålunda
775 784 279 29 motionärernas
1070 778 238 41 uppfattning,
1325 779 49 26 att
1391 776 66 28 den
1474 784 47 19 nu
1538 771 202 39 tillämpade

254 835 161 30 metoden
435 834 74 29 icke
529 834 37 28 är
588 827 324 33 tillfredsställande
932 826 64 29 och
1015 827 50 27 att
1085 823 161 39 åtgärder
1265 822 84 29 böra
1369 820 158 37 vidtagas
1547 819 10 27 i
1579 817 90 39 syfte
1690 816 50 29 att

255 880 35 29 få
308 880 50 29 till
378 878 103 30 stånd
499 886 40 20 en
558 877 112 28 bättre
689 873 159 37 ordning.
878 871 58 29 Att
955 869 213 30 omedelbart
1187 867 63 28 och
1271 864 246 38 allmängiltigt
1536 859 205 32 föreskriva,

255 926 49 27 att
330 924 40 28 de
398 921 172 31 särskilda
598 918 238 38 stadgandena
863 924 57 20 om
947 912 228 40 kungörande
1202 912 10 27 i
1240 910 111 39 kyrka
1379 908 98 29 skola
1505 906 159 39 upphöra
1692 905 50 27 att

255 968 99 39 gälla,
372 967 88 29 låter
479 966 49 37 sig
546 965 85 28 dock
653 964 74 28 icke
746 963 81 37 göra
845 960 45 29 bl.
910 969 29 19 a.
958 968 42 19 av
1017 958 66 28 den
1102 955 244 37 anledningen,
1367 954 49 27 att
1436 953 9 27 i
1466 951 87 29 flera
1572 950 61 29 fall
1654 950 88 28 kun-

256 1011 166 40 görandet
440 1011 100 36 utgör
558 1006 263 40 utgångspunkt
840 1004 54 29 för
912 1001 182 31 fatalietid.
1125 1001 11 28 I
1155 999 114 30 stället
1288 1006 102 30 synes
1409 1005 92 23 man,
1520 995 115 28 såsom
1655 993 88 28 före-

258 1057 118 37 slagits
395 1056 9 28 i
427 1054 81 29 1945
528 1053 56 29 års
603 1049 244 42 promemoria,
867 1048 85 29 böra
970 1046 192 29 reformera
1181 1042 168 39 etappvis.
1370 1041 74 28 Den
1465 1040 110 28 första
1595 1040 148 36 etappen

257 1101 69 29 kan
345 1100 55 29 för
419 1099 110 37 övrigt
549 1098 99 36 sägas
669 1095 107 29 redan
795 1094 45 28 ha
860 1090 251 40 tillryggalagts
1132 1096 123 30 genom
1276 1088 49 27 att
1346 1085 41 29 de
1408 1082 228 31 kommunala
1657 1082 88 28 kun-

258 1144 198 39 görelserna
486 1142 55 28 vid
572 1135 461 40 kommunallagsreformen
1064 1132 172 30 överförts
1267 1131 51 28 till
1351 1129 66 29 den
1437 1126 228 30 kommunala
1687 1133 58 21 an-

259 1188 223 39 slagstavlan.
512 1186 107 28 Nästa
640 1182 136 40 uppgift
796 1182 63 28 bör
881 1180 43 29 då
944 1180 10 28 i
975 1178 151 38 enlighet
1148 1176 77 29 med
1247 1172 278 42 promemorians
1547 1171 130 37 förslag
1698 1168 47 30 bli

258 1242 42 20 en
317 1234 148 35 översyn
483 1240 41 19 av
541 1230 40 28 de
598 1228 169 37 viktigare
786 1223 262 38 författningar,
1068 1230 74 20 som
1162 1220 152 38 alltjämt
1333 1219 176 37 inrymma
1526 1212 221 32 bestämmel-

260 1286 53 20 ser
337 1285 56 20 om
417 1273 227 39 kungörande
669 1272 9 28 i
703 1270 121 39 kyrka,
849 1268 121 29 varvid
994 1267 113 29 denna
1132 1261 355 43 publiceringsmetod
1511 1259 138 39 utbytes
1674 1259 73 28 mot

260 1321 109 30 andra
387 1319 131 30 sådana
535 1318 92 32 eller,
644 1317 62 28 där
724 1315 37 29 så
777 1315 70 28 kan
866 1314 71 32 ske,
955 1312 114 38 slopas
1087 1312 85 27 utan
1190 1307 204 37 ersättning.
1425 1304 115 39 Enligt
1559 1302 188 31 utskottets

260 1366 140 37 mening
420 1366 38 27 är
477 1361 191 31 emellertid
687 1360 94 29 detta
799 1356 251 31 reformarbete
1069 1355 76 29 icke
1165 1363 42 19 av
1226 1353 65 28 den
1311 1349 214 39 omfattning
1545 1348 82 29 eller
1647 1354 101 30 ange-

259 1407 277 41 lägenhetsgrad,
558 1408 49 27 att
628 1405 56 28 det
707 1412 101 30 synes
829 1401 156 40 påkallat
1007 1401 47 28 att
1077 1398 122 29 enbart
1221 1396 120 29 härför
1363 1394 146 30 tillsätta
1532 1402 42 19 en
1596 1389 151 32 särskild

260 1453 198 38 utredning.
476 1452 101 28 Detta
595 1449 112 29 skulle
724 1447 30 39 ej
775 1446 108 30 heller
900 1453 83 21 vara
1000 1442 176 41 praktiskt
1195 1440 168 39 lämpligt,
1382 1438 44 29 då
1444 1447 43 20 en
1506 1436 108 30 sådan
1633 1434 115 30 utred-

260 1498 82 38 ning
364 1496 112 30 skulle
498 1495 130 37 nödgas
650 1492 111 39 syssla
782 1490 79 29 med
883 1490 40 28 de
946 1490 87 27 mest
1056 1485 178 31 skiftande
1256 1481 405 41 lagstiftningskomplex
1684 1478 64 30 och

261 1543 175 38 knappast
457 1540 120 28 kunna
597 1538 156 28 utrustas
774 1534 79 30 med
873 1532 204 38 erforderlig
1099 1529 229 38 sakkunskap
1351 1527 53 29 för
1425 1528 49 27 att
1496 1525 44 40 på
1559 1524 97 38 varje
1679 1524 70 28 sär-

262 1586 82 29 skilt
367 1584 142 30 område
534 1583 120 28 kunna
677 1580 147 29 bedöma
847 1578 95 29 vilka
966 1572 392 44 publiceringsmetoder
1385 1580 74 20 som
1483 1570 73 39 just
1583 1569 62 29 där
1669 1575 80 21 vore

263 1630 40 29 de
325 1628 230 39 lämpligaste.
591 1626 10 28 I
627 1625 112 29 stället
764 1631 102 30 synes
890 1630 82 20 man
994 1621 95 28 inom
1113 1617 108 30 redan
1245 1617 146 29 tillsatta
1415 1613 228 38 utredningar
1666 1613 84 28 böra

262 1674 58 29 vid
337 1673 101 29 sidan
456 1681 40 20 av
513 1671 54 29 det
586 1669 169 39 egentliga
774 1664 339 39 utredningsarbetet
1133 1662 129 39 jämväl
1280 1661 137 31 beakta,
1436 1661 50 27 att
1504 1655 247 41 kyrkokungö-

263 1718 123 29 randet
408 1717 11 28 i
443 1712 288 33 förekommande
755 1711 60 29 fall
839 1711 62 28 bör
925 1710 147 28 ersättas
1097 1707 78 29 med
1199 1708 47 26 ett
1271 1713 95 20 mera
1391 1702 177 38 tidsenligt
1593 1700 159 40 publika-

264 1759 310 33 tionsförfarande.
609 1758 64 28 Det
697 1758 38 27 är
759 1755 53 29 för
836 1754 172 29 utskottet
1031 1752 140 32 bekant,
1196 1752 50 27 att
1270 1758 81 19 man
1376 1748 57 28 vid
1458 1747 92 28 vissa
1574 1743 177 42 pågående

265 1805 229 38 utredningar
514 1804 42 27 har
595 1804 49 27 att
665 1803 77 36 taga
763 1798 167 39 ställning
950 1797 51 29 till
1022 1796 117 37 frågor
1159 1804 41 20 av
1220 1794 93 29 detta
1336 1793 83 36 slag.
1448 1789 304 31 Besvärssakkun-

266 1851 79 37 niga
366 1850 143 28 komma
530 1845 147 30 sålunda
698 1845 44 28 bl.
764 1853 29 19 a.
815 1844 36 28 in
873 1842 44 39 på
939 1839 207 41 spörsmålet
1168 1848 56 19 om
1246 1836 198 39 delgivning
1467 1844 41 20 av
1531 1832 222 31 administra-

265 1895 71 29 tiva
358 1893 115 29 beslut
498 1890 77 29 med
601 1888 214 38 menigheter
840 1886 66 29 och
930 1885 78 29 med
1033 1893 42 20 en
1101 1881 180 31 obestämd
1307 1879 236 41 personkrets,
1569 1878 64 28 och
1658 1877 96 28 inom

269 1937 82 30 1954
377 1937 57 29 års
461 1929 550 43 fastighetsbildningskommitté
1039 1928 102 29 söker
1167 1935 81 20 man
1276 1925 100 29 finna
1403 1923 166 39 lämpliga
1595 1920 159 41 publika-

269 1979 251 32 tionsmetoder
553 1979 94 27 inom
680 1970 522 44 jorddelningslagstiftningen.
1248 1968 136 37 Frågan
1418 1976 56 19 om
1509 1964 246 40 kyrkokungö-

268 2026 141 30 randets
438 2021 231 32 avskaffande
698 2029 101 29 synes
829 2019 122 28 kunna
979 2016 231 30 aktualiseras
1239 2016 86 27 även
1352 2012 59 29 vid
1440 2010 110 30 andra
1578 2007 177 43 pågående

269 2070 81 29 eller
373 2067 151 40 begärda
549 2065 238 37 utredningar.
824 2061 228 39 Möjligheten
1077 2062 49 27 att
1153 2059 128 29 ersätta
1308 2058 56 28 det
1391 2057 10 28 i
1428 2053 328 40 rättegångsbalken

270 2113 220 31 föreskrivna
520 2106 358 43 kyrkokungörandet
908 2106 62 29 bör
1000 2103 148 30 sålunda
1178 2103 119 28 kunna
1327 2101 188 37 övervägas
1546 2100 95 28 inom
1674 2096 79 29 1951

270 2159 55 29 års
352 2152 398 42 rättegångskommitté,
776 2151 65 29 och
868 2146 431 41 kungörelseförfarandet
1325 2145 58 29 vid
1411 2143 184 30 exekutiva
1623 2141 135 30 auktio-

270 2211 61 20 ner
355 2201 63 29 bör
443 2199 188 39 lämpligen
657 2198 126 37 upptas
808 2194 58 29 vid
893 2193 67 29 den
985 2193 179 29 allmänna
1190 2190 150 29 revision
1367 2198 42 20 av
1435 2186 323 38 utsökningslagen,

272 2255 74 20 som
368 2244 188 38 riksdagen
578 2241 147 39 begärde
748 2240 38 29 år
811 2238 82 29 1945
924 2237 126 34 (första
1074 2235 246 39 lagutskottets
1345 2232 61 30 utl.
1431 2241 41 20 nr
1496 2231 52 33 39,
1572 2240 26 19 r.
1624 2230 69 29 skr.
1718 2237 40 20 nor

266 2289 95 33 365).
386 2288 127 30 Vidare
530 2295 103 30 synas
649 2281 401 42 expropriationslagens
1065 2278 263 31 bestämmelser
1344 2286 57 20 om
1416 2272 344 42 kyrkokungörande

272 2334 84 29 böra
377 2332 185 39 omprövas
584 2330 10 29 i
617 2328 169 30 samband
810 2326 79 29 med
912 2326 67 28 den
1001 2334 41 20 av
1064 2323 187 37 riksdagen
1274 2320 150 39 begärda
1448 2319 232 37 utredningen
1704 2326 56 20 om

269 2378 114 29 denna
398 2377 74 37 lags
487 2374 262 30 bestämmelser
764 2370 180 39 angående
960 2366 274 32 underrättande
1250 2376 41 19 av
1307 2366 167 36 sakägare
1491 2372 57 21 om
1563 2360 198 42 expropria-

273 2420 263 31 tionsansökan.
572 2418 64 28 Det
672 2418 37 28 är
743 2417 86 28 även
865 2414 178 32 önskvärt,
1079 2414 49 27 att
1166 2420 81 19 man
1272 2411 95 28 inom
1393 2408 287 39 departementen
1704 2404 57 29 vid

274 2464 244 38 omarbetning
534 2472 42 19 av
592 2459 283 32 administrativa
893 2457 251 38 författningar
1162 2465 41 19 av
1221 2454 114 30 skilda
1353 2454 73 37 slag
1444 2453 10 28 i
1474 2448 288 33 förekommande

275 2509 61 30 fall
363 2508 88 30 låter
478 2503 358 43 kyrkokungörandet
864 2503 149 29 ersättas
1041 2500 79 29 med
1149 2498 205 30 modernare
1383 2495 380 41 publiceringsformer.
