1900 2844
290 152 19 29 4
717 151 106 28 Andra
845 151 221 34 lagutskottets
1088 151 163 28 utlätande
1275 151 47 28 Nr
1350 155 48 26 27.

1620 414 133 38 Bilaga.

298 583 125 39 Kungl.
448 582 288 40 Socialstyrelsen.

1124 642 190 33 Stockholm
1339 642 61 33 den
1424 644 39 31 19
1487 642 148 33 februari
1659 644 95 31 1930.

710 787 69 32 Till
807 784 213 41 Riksdagens
1051 787 104 32 andra
1184 787 199 38 lagutskott.

341 854 124 33 Genom
491 854 115 32 remiss
631 854 61 32 den
718 855 39 31 31
783 854 165 32 nästlidne
971 855 133 38 januari
1128 855 62 32 har
1214 855 129 39 Kungl.
1368 855 102 38 Maj:t
1494 855 165 32 anbefallt
1684 855 115 33 social-

299 898 163 38 styrelsen
482 901 51 29 att
551 897 123 38 avgiva
694 898 61 33 och
775 901 109 29 senast
903 898 62 32 den
985 899 41 32 20
1045 898 223 33 innevarande
1288 898 150 32 februari
1458 898 55 32 till
1532 898 91 32 Eder
1642 898 158 32 överläm-

298 953 42 20 na
364 940 159 38 yttrande
547 945 76 27 över
647 952 40 20 en
710 940 88 32 inom
824 940 198 39 riksdagens
1047 940 108 33 första
1180 940 170 33 kammare
1374 940 102 34 väckt
1501 941 133 37 motion,
1660 953 40 20 nr
1727 942 73 36 165,

299 995 50 20 om
371 983 181 38 utredning
573 984 11 31 i
608 983 92 38 syfte
723 986 52 29 att
797 983 118 33 bereda
937 983 151 32 arbetare
1113 983 111 38 skydd
1247 987 70 28 mot
1337 983 169 39 vräkning
1528 983 58 32 vid
1610 983 191 33 arbetskon-

297 1024 127 33 flikter.
471 1024 77 33 Med
571 1024 180 38 anledning
774 1025 104 32 härav
902 1025 55 32 får
981 1025 269 38 socialstyrelsen
1275 1025 119 32 anföra
1418 1025 160 38 följande.

342 1067 75 33 Vad
438 1068 54 32 till
514 1080 38 20 en
573 1067 117 38 början
712 1067 246 39 omfattningen
980 1080 42 20 av
1044 1068 219 32 förevarande
1286 1068 162 38 spörsmål
1470 1068 116 38 angår,
1609 1068 93 32 torde
1727 1068 73 32 den-

300 1123 135 36 samma,
455 1113 53 30 att
527 1111 95 32 döma
641 1123 42 19 av
703 1110 179 38 ordalagen
901 1111 12 30 i
933 1110 182 32 motionens
1136 1110 161 48 slutkläm
1319 1123 18 17 »—
1399 1129 32 4 —
1469 1130 28 3 —
1528 1130 32 3 —
1590 1131 45 2 —
1654 1111 36 32 åt
1710 1111 91 32 arbe-

300 1157 79 34 tare,
404 1154 12 31 i
440 1165 78 20 vars
543 1152 303 39 avlöningsvillkor
869 1153 270 47 bostadsförmån
1163 1153 130 39 ingår»,
1319 1152 113 49 kunna
1458 1165 95 35 anses
1580 1154 108 31 såsom
1713 1165 89 26 myc-

298 1196 57 32 ket
372 1180 205 47 vidsträckt.
622 1195 109 38 Dylik
756 1195 130 32 förmån
910 1195 98 38 ingår
1032 1195 179 38 nämligen,
1237 1195 145 32 förutom
1406 1196 12 30 i
1445 1196 38 32 de
1508 1195 11 32 1
1544 1196 164 32 motionen
1735 1200 67 28 sär-

300 1238 80 33 skilt
406 1238 198 32 omnämnda
631 1237 269 32 Jlantarbetarnas
927 1233 311 56 avlöningsvillkor,
1267 1237 124 38 jämväl
1417 1237 103 33 bland
1546 1238 256 32 löneförmåner-

299 1293 42 19 na
364 1281 54 31 för
441 1283 48 29 ett
512 1283 84 29 stort
619 1280 92 32 antal
731 1279 263 44 arbetstagare
990 1292 85 20 inom
1097 1276 198 56 industrien,
1320 1279 144 33 handeln
1489 1280 60 32 och
1572 1280 230 33 kommunika-

300 1322 247 32 tionsväsendet
570 1335 42 19 m.
635 1334 42 21 m.
724 1318 98 36 Även
844 1325 90 29 utom
959 1322 38 32 de
1021 1322 169 39 egentliga
1213 1322 204 49 näringarna
1442 1322 111 33 finner
1577 1335 75 20 man
1677 1324 125 31 sådana

300 1365 240 38 arbetstagare,
565 1364 101 32 bland
688 1364 95 32 vilka
807 1365 54 31 må
884 1369 137 27 nämnas
1047 1364 38 32 de
1108 1376 137 20 numera
1270 1366 11 31 i
1307 1365 38 32 de
1371 1368 105 29 större
1502 1365 155 33 städerna
1682 1365 122 33 talrikt

300 1407 268 33 förekommande
586 1406 241 39 portvakterna
846 1407 11 31 i
876 1406 216 38 hyreshusen.
1135 1406 56 32 Av
1211 1406 182 33 motionens
1414 1407 199 39 motivering
1634 1408 60 32 och
1713 1408 89 32 inne-

299 1450 68 31 håll
392 1450 12 31 i
429 1449 112 39 övrigt
565 1449 92 33 torde
683 1449 183 32 emellertid
892 1449 37 32 få
955 1461 95 20 anses
1076 1449 144 39 framgå,
1248 1452 52 29 att
1324 1449 244 33 motionärerna
1593 1451 209 38 väsentligen

299 1492 132 38 åsyftat
448 1492 205 32 industriens
673 1491 60 33 och
750 1491 210 33 lantbrukets
979 1491 150 32 arbetare
1146 1511 44 3 —
1208 1492 11 31 i
1239 1492 142 32 främsta
1400 1497 141 28 rummet
1560 1493 38 32 de
1617 1505 125 20 senare.

340 1534 18 32 I
374 1534 65 32 vad
458 1535 76 32 mån
552 1534 205 32 industriens
775 1533 150 33 arbetare
944 1533 277 33 tillhandahållas
1241 1534 155 32 bostäder
1415 1546 42 21 av
1479 1534 72 32 sina
1571 1534 228 39 arbetsgivare

300 1577 84 32 låter
408 1577 52 38 sig
484 1577 74 32 icke
580 1577 73 32 med
678 1576 137 39 ledning
839 1589 41 20 av
903 1576 220 39 tillgängliga
1145 1576 250 40 upplysningar
1419 1578 148 32 bedöma.
1614 1578 69 33 Vid
1708 1579 94 32 indu-

300 1619 126 34 striella
445 1619 257 39 anläggningar,
723 1619 157 39 förlagda
899 1619 53 32 till
973 1622 104 30 större
1097 1619 194 38 samhällen,
1311 1620 92 32 torde
1425 1621 37 31 så
1482 1620 183 33 emellertid
1686 1622 118 32 endast

299 1674 70 20 mer
388 1662 245 38 undantagsvis
655 1673 81 21 vara
759 1661 235 32 förhållandet.
1039 1661 18 32 I
1079 1662 101 39 fråga
1201 1674 52 20 om
1273 1662 283 39 industriföretag
1580 1664 19 31 å
1620 1663 182 40 landsbyg-

300 1704 60 32 den
384 1705 72 32 åter
480 1709 38 27 är
542 1704 252 38 arbetsgivaren
819 1704 72 32 ofta
916 1704 132 39 nödgad
1072 1708 52 29 att
1148 1705 90 32 förse
1265 1705 72 32 sina
1361 1705 152 33 arbetare
1538 1706 74 32 med
1637 1706 165 32 bostäder.

300 1746 208 40 Visserligen
528 1747 52 31 lär
598 1746 91 32 detta
708 1758 136 21 numera
864 1747 105 32 oftast
989 1746 58 33 ske
1064 1747 13 31 i
1096 1747 86 32 form
1203 1759 42 20 av
1264 1747 188 38 upplåtelse
1471 1751 69 29 mot
1558 1748 85 38 hyra
1661 1768 45 3 —
1724 1761 78 20 van-

300 1789 89 38 ligen
415 1790 95 38 lägre
538 1794 42 27 än
607 1789 60 32 den
696 1788 170 33 allmänna
892 1789 325 38 hyresmarknadens
1245 1808 45 4 —
1317 1802 73 20 men
1418 1790 160 39 formliga
1607 1791 195 38 hyresavtal

300 1832 92 32 torde
415 1832 117 32 endast
554 1844 68 20 mer
645 1831 108 32 sällan
776 1834 188 36 upprättas.
1011 1831 191 33 Anmärkas
1226 1833 53 31 må
1303 1832 52 32 för
1378 1832 121 39 övrigt,
1524 1837 51 29 att
1598 1833 57 32 vid
1678 1834 124 32 arbets-

298 1873 188 33 konflikter
506 1875 87 31 inom
615 1874 188 31 industrien
825 1874 249 38 arbetsgivaren
1097 1874 12 32 i
1131 1874 91 39 regel
1244 1874 29 38 ej
1297 1879 38 27 är
1356 1875 172 32 nödsakad
1551 1876 60 31 och
1633 1876 170 39 knappast

299 1916 102 33 heller
424 1916 140 33 särskilt
586 1916 149 38 benägen
758 1919 50 29 att
830 1916 116 38 intaga
969 1928 68 26 nya
1059 1916 162 32 arbetare.
1269 1916 192 34 Arbetarna
1484 1917 37 32 få
1545 1918 150 38 sålunda,
1720 1923 82 28 även

301 1959 59 32 där
378 1958 39 33 de
434 1958 75 33 icke
528 1963 64 34 äga
611 1961 69 30 rätt
698 1958 126 39 därtill,
849 1959 6 31 i
874 1958 182 33 allmänhet
1074 1959 40 32 bo
1133 1958 85 33 kvar
1238 1959 11 31 i
1270 1959 269 39 arbetsgivarens
1558 1960 62 33 hus
1641 1966 83 27 även
1743 1973 58 20 un-

301 2001 56 32 der
373 2004 68 29 rätt
456 2000 201 39 långvariga
672 2000 197 39 konflikter,
886 2001 60 31 och
962 2002 102 37 något
1080 2004 157 29 avsevärt
1254 2003 91 32 antal
1361 2002 207 39 vräkningar
1585 2016 42 19 av
1644 2004 158 32 industri-

300 2043 151 33 arbetare
480 2043 11 32 i
520 2043 160 32 samband
708 2043 75 32 med
811 2043 299 32 arbetskonflikter
1137 2044 94 33 torde
1259 2044 30 38 ej
1318 2044 42 33 ha
1390 2044 212 34 förekommit
1630 2046 104 32 under
1765 2047 37 31 de

301 2098 112 20 senare
431 2086 91 32 åren.

343 2127 49 33 De
418 2127 328 39 missförhållanden,
772 2132 147 28 varemot
947 2128 163 33 motionen
1136 2129 126 32 vänder
1290 2129 61 38 sig,
1380 2134 56 28 äro
1464 2129 101 34 alltså
1591 2131 210 39 väsentligen

301 2170 52 33 till
373 2170 178 33 finnandes
572 2171 87 32 inom
680 2170 204 33 lantbruket.

344 2212 48 33 De
414 2216 130 29 senaste
576 2212 219 40 tillgängliga
816 2213 217 39 uppgifterna
1055 2214 171 38 angående
1248 2214 266 33 lantarbetarnas
1537 2217 92 31 antal
1653 2216 60 32 och
1735 2217 66 31 för-

301 2255 134 38 delning
456 2255 139 33 härröra
615 2256 77 31 från
716 2256 85 32 1920
822 2256 53 32 års
896 2255 229 39 folkräkning.
1169 2256 121 39 Enligt
1311 2256 104 33 denna
1437 2257 92 33 källa
1552 2258 84 33 hade
1658 2259 142 32 nämnda

299 2297 245 42 arbetargrupp
568 2297 170 34 härnedan
762 2298 144 41 angivna
932 2299 315 38 sammansättning:
