1924 2792
458 156 119 31 Andra
599 156 246 40 lagutskottets
867 155 179 31 utlåtande
1067 165 42 19 nr
1132 155 40 29 19
1193 155 40 30 år
1256 155 84 29 1960
1624 154 18 29 5

154 238 181 30 medförde
363 237 176 39 nämligen
567 236 106 40 enligt
701 236 102 30 deras
830 236 141 39 mening
1000 235 97 30 alltid
1125 235 74 29 risk
1229 234 54 30 för
1311 236 51 28 att
1389 243 43 21 en
1461 233 182 39 skiljaktig

154 292 119 39 praxis
296 290 223 30 beträffande
544 289 205 40 tolkningen
774 299 42 20 av
840 289 99 39 lagen
963 289 118 29 kunde
1106 288 227 40 uppkomma.

203 349 83 29 1936
309 348 57 30 års
388 347 392 39 semestersakkunniga
801 346 224 30 diskuterade
1049 346 10 29 i
1082 345 59 30 sitt
1163 344 221 31 betänkande
1407 344 42 29 de
1471 343 174 30 tänkbara

156 403 192 38 utvägarna
380 401 54 30 för
466 403 50 28 att
548 400 154 30 undvika
734 400 68 29 den
833 399 232 40 processuella
1097 398 261 40 uppdelningen
1390 407 43 20 av
1465 398 180 28 semester-

157 455 127 39 frågor.
313 454 176 30 Eftersom
517 455 57 29 det
601 463 61 21 var
690 453 167 30 uteslutet
885 455 50 28 att
964 452 156 39 förlägga
1147 451 218 40 prövningen
1393 460 41 20 av
1462 449 184 30 kollektiv-

157 508 256 30 avtalsbundna
445 508 254 38 arbetstagares
732 506 285 39 semesterfrågor
1049 505 52 30 till
1133 505 131 30 allmän
1297 503 160 35 domstol,
1490 502 155 31 återstod

157 563 50 28 att
231 562 165 39 antingen
422 561 156 39 förlägga
601 560 219 40 prövningen
843 569 41 20 av
908 559 159 30 enskilda
1092 559 255 38 arbetstagares
1371 557 69 30 mål
1467 556 178 39 angående

159 617 165 28 semester
345 615 51 29 till
418 614 314 30 arbetsdomstolen
753 613 83 30 eller
858 615 49 28 att
927 630 44 4 —
991 613 44 39 på
1057 613 68 29 sätt
1147 621 75 21 som
1245 611 186 29 skisserats
1452 619 43 20 av
1516 609 131 30 arbets-

157 668 216 30 domstolens
393 667 211 30 ordförande
624 667 12 29 i
654 667 131 29 dennes
806 666 179 30 utlåtande
1005 666 80 29 över
1105 665 167 38 förslaget
1291 664 53 29 till
1364 663 54 39 lag
1438 672 57 20 om
1516 662 131 30 arbets-

158 722 90 29 avtal
274 739 44 3 —
342 720 222 31 beträffande
592 720 283 29 semestermålen
900 720 83 38 göra
1009 717 314 31 arbetsdomstolen
1348 716 52 30 till
1427 716 220 30 överinstans

157 776 81 29 över
262 775 41 30 de
327 775 177 29 allmänna
530 774 269 30 underrätterna
822 772 82 30 eller
928 771 186 31 eventuellt
1138 771 131 30 inrätta
1292 770 116 29 lokala
1432 768 215 31 arbetsdom-

159 828 118 30 stolar.
296 828 117 39 Enligt
431 828 42 29 de
494 825 408 40 semestersakkunnigas
921 825 141 39 mening
1080 834 61 20 var
1161 824 58 30 det
1238 823 192 31 emellertid
1449 822 77 30 icke
1545 821 102 30 tänk-

157 882 79 29 bart
260 884 50 27 att
333 899 43 3 —
399 890 61 21 ens
485 881 11 29 i
520 880 109 30 andra
653 880 137 29 instans
813 897 45 3 —
881 879 70 29 låta
975 876 314 32 arbetsdomstolen
1314 878 153 38 upptaga
1490 875 70 30 mål
1587 884 60 20 an-

159 935 131 39 gående
309 935 75 29 icke
403 933 428 31 kollektivavtalsbundna
851 932 255 38 arbetstagares
1124 931 238 29 semesterrätt
1382 931 86 28 utan
1486 930 51 28 att
1557 937 90 21 sam-

158 988 102 39 tidigt
290 987 314 30 arbetsdomstolen
633 986 142 40 gjordes
804 985 141 39 behörig
975 985 12 29 i
1018 985 67 29 alla
1114 984 70 29 mål
1216 983 178 39 angående
1425 981 221 31 arbetsavtal.

158 1042 104 29 Detta
283 1041 213 29 motiverade
518 1041 41 29 de
582 1039 223 39 sakkunniga
825 1039 80 29 med
927 1040 51 28 att
999 1047 43 20 en
1064 1037 235 38 arbetstagare
1321 1035 118 30 kunde
1461 1035 45 29 ha
1530 1034 117 31 anled-

159 1094 83 40 ning
273 1095 76 29 föra
377 1094 96 29 talan
504 1095 73 28 mot
607 1093 55 30 sin
690 1092 233 39 arbetsgivare
954 1090 220 31 beträffande
1205 1089 177 39 åtskilliga
1411 1088 128 39 frågor,
1572 1096 75 21 som

158 1147 172 30 hänförde
362 1147 50 39 sig
442 1147 53 29 till
527 1145 245 31 arbetsavtalet
803 1145 128 30 mellan
962 1145 129 28 honom
1123 1143 64 30 och
1219 1142 274 39 arbetsgivaren;
1527 1140 120 30 därför

161 1201 112 29 skulle
294 1201 57 29 det
372 1200 108 39 enligt
500 1200 41 30 de
565 1199 240 39 sakkunnigas
826 1198 140 39 mening
988 1198 76 29 icke
1084 1206 84 21 vara
1189 1196 160 40 lämpligt
1371 1195 83 30 eller
1475 1204 62 20 ens
1558 1193 90 39 möj-

159 1254 62 39 ligt
239 1256 51 28 att
307 1254 135 30 fördela
459 1253 146 29 tvistens
623 1252 261 40 handläggning
901 1251 129 30 mellan
1049 1250 113 30 skilda
1180 1249 203 31 domstolar.
1403 1248 59 30 Att
1479 1248 45 40 på
1542 1247 106 39 något

161 1309 68 28 sätt
251 1307 52 30 till
326 1306 314 30 arbetsdomstolen
663 1305 239 30 sammanföra
924 1304 67 30 alla
1013 1304 81 34 mål,
1118 1313 74 20 som
1214 1303 146 30 härleda
1381 1302 50 39 sig
1453 1311 42 20 ur
1518 1301 131 30 arbets-

160 1359 103 36 avtal,
286 1360 71 30 fick
380 1359 107 40 enligt
510 1359 83 30 1936
615 1359 57 30 års
694 1357 390 39 semestersakkunniga
1106 1366 102 20 anses
1230 1355 159 41 lämpligt
1410 1354 107 30 bland
1540 1355 108 28 annat

160 1413 121 30 därför
302 1415 50 28 att
370 1412 308 31 kollektivavtalen
700 1420 147 21 numera
866 1411 117 30 kunde
1005 1411 99 38 sägas
1124 1410 46 29 ha
1189 1409 100 30 blivit
1309 1408 231 30 normerande
1561 1408 88 28 även

162 1466 53 30 för
233 1467 43 29 de
293 1466 159 29 enskilda
471 1465 265 31 arbetsavtalen.
755 1464 126 30 Vilken
898 1465 64 38 väg
982 1472 74 21 som
1075 1462 181 39 härvidlag
1275 1463 45 28 än
1337 1461 118 30 valdes
1473 1470 61 20 var
1553 1460 96 29 detta

160 1519 193 30 emellertid
374 1528 42 20 en
437 1518 232 30 vittutseende
690 1517 109 39 fråga,
823 1526 73 20 som
917 1517 130 29 krävde
1068 1516 169 39 ingående
1259 1514 187 39 utredning
1468 1514 64 29 och
1553 1514 96 29 över-

160 1572 191 40 väganden.

206 1629 394 39 Sammanfattningsvis
633 1628 112 30 funno
781 1628 83 30 1936
898 1627 56 30 års
989 1625 391 39 semestersakkunniga
1414 1623 235 31 förhållandet

160 1692 84 21 vara
266 1683 67 34 det,
355 1685 51 27 att
428 1683 71 29 mål
522 1692 56 20 om
602 1684 165 27 semester
789 1680 221 31 beträffande
1034 1680 246 38 arbetstagare,
1303 1678 113 30 vilkas
1438 1677 211 30 arbetsavtal

161 1736 152 40 regleras
334 1746 42 20 av
396 1735 272 34 kollektivavtal,
692 1736 87 28 även
800 1734 87 30 efter
909 1733 288 40 genomförandet
1219 1742 43 20 av
1283 1741 43 20 en
1347 1731 219 39 lagstiftning
1590 1739 60 21 an-

161 1790 131 38 gående
316 1791 165 27 semester
502 1789 111 29 måste
636 1789 171 38 upptagas
829 1796 42 20 av
893 1785 323 34 arbetsdomstolen,
1238 1786 52 28 att
1311 1784 70 30 mål
1404 1793 56 21 om
1484 1785 166 28 semester

161 1842 221 30 beträffande
414 1841 118 40 övriga
564 1841 235 38 arbetstagare
831 1840 75 29 icke
936 1839 118 29 kunde
1086 1839 145 38 avgöras
1263 1847 43 20 av
1336 1836 314 31 arbetsdomstolen

162 1897 86 28 utan
277 1897 50 28 att
356 1894 160 39 samtliga
545 1894 70 29 mål
643 1903 57 20 om
730 1892 209 30 arbetsavtal
969 1891 177 39 samtidigt
1176 1890 249 39 överflyttades
1454 1890 52 29 till
1535 1889 115 29 denna

161 1947 150 30 domstol
339 1949 91 28 samt
455 1949 51 27 att
531 1947 94 30 detta
652 1946 86 29 sista
764 1945 171 40 spörsmål
960 1954 61 20 var
1048 1954 42 20 av
1115 1944 36 29 så
1177 1943 233 30 vittutseende
1437 1944 54 28 art
1517 1944 50 28 att
1593 1942 58 29 det

163 2000 267 40 nödvändigtvis
449 2000 130 29 krävde
598 2009 42 19 en
660 1999 150 29 särskild
831 1997 186 39 utredning
1037 2007 41 20 av
1097 1997 120 29 därför
1237 1996 160 39 lämpade
1418 1994 232 39 sakkunniga.

163 2055 54 28 En
240 2054 108 29 sådan
371 2053 187 39 utredning
580 2053 118 29 kunde
722 2052 172 29 beräknas
918 2053 78 37 taga
1020 2050 79 39 lång
1122 2050 51 29 tid
1196 2050 10 29 i
1231 2049 164 40 anspråk,
1419 2049 64 29 och
1508 2049 40 28 de
1574 2048 77 29 sak-

163 2107 158 39 kunniga
343 2106 200 30 förklarade
566 2105 49 39 sig
636 2106 76 28 icke
735 2114 83 20 anse
840 2104 266 39 olägenheterna
1129 2112 42 20 av
1193 2105 50 27 att
1265 2112 42 20 en
1329 2102 54 38 lag
1405 2111 56 20 om
1486 2103 165 28 semester

162 2160 83 29 kom
267 2162 50 27 att
338 2160 114 29 tolkas
474 2159 95 29 såväl
591 2168 41 19 av
653 2159 41 29 de
716 2158 178 29 allmänna
915 2156 238 30 domstolarna
1177 2165 73 20 som
1273 2164 43 20 av
1337 2154 314 30 arbetsdomstolen

163 2222 83 20 vara
267 2213 37 29 så
324 2214 103 32 stora,
447 2214 51 27 att
516 2221 82 20 man
618 2211 120 29 därför
758 2210 110 29 måste
889 2209 96 29 avstå
1006 2209 77 29 från
1105 2210 50 27 att
1174 2208 205 39 genomföra
1398 2217 43 20 en
1461 2216 42 20 av
1523 2206 130 30 sociala

165 2265 75 29 skäl
268 2265 113 29 såsom
408 2263 198 38 nödvändig
632 2263 131 29 ansedd
789 2262 55 38 lag
869 2271 55 20 om
952 2263 164 27 semester
1141 2261 10 28 i
1177 2260 174 29 avvaktan
1376 2260 44 39 på
1446 2269 41 19 en
1514 2259 137 38 lösning

164 2327 41 20 av
235 2317 207 40 spörsmålet
471 2325 56 20 om
558 2315 218 30 hänförande
806 2314 52 30 till
887 2312 313 31 arbetsdomstolen
1231 2322 42 19 av
1303 2312 160 38 samtliga
1492 2311 69 29 mål
1593 2320 59 20 an-

164 2370 131 38 gående
321 2369 220 29 arbetsavtal.
567 2368 47 29 De
640 2367 222 38 sakkunniga
886 2366 185 29 förordade
1096 2365 153 29 därefter
1274 2365 68 29 den
1366 2364 148 39 ordning
1539 2364 11 28 i
1575 2373 78 30 pro-

164 2422 163 30 cessuellt
352 2422 198 29 hänseende
576 2420 221 30 beträffande
823 2419 68 29 mål
918 2429 55 19 om
1003 2420 174 31 semester,
1205 2427 75 20 som
1306 2417 115 39 ingick
1448 2417 10 28 i
1487 2416 82 30 1938
1596 2416 57 29 års

165 2476 55 39 lag
242 2485 56 20 om
321 2476 165 28 semester
508 2475 64 29 och
594 2483 73 20 som
690 2473 161 29 kvarstår
872 2473 10 28 i
904 2472 64 29 den
993 2481 46 20 nu
1062 2471 158 39 gällande
1244 2470 278 38 semesterlagen.
