2121 2664
302 205 19 28 4
800 199 246 43 Lag-Utskottets
1073 199 160 32 Utlåtande
1256 199 63 32 N:o
1341 200 52 31 46.

303 282 84 36 med
417 282 97 36 hvad
544 295 79 23 som
652 282 115 35 redan
797 282 100 35 skett
925 282 11 35 i
965 281 72 35 den
1058 280 108 49 tyska
1191 279 469 48 församlingsordningen;
1681 279 64 36 det
1765 279 140 36 skedde

302 347 135 35 genom
476 339 56 31 att
573 333 115 37 samla
721 333 69 36 och
821 333 119 36 ordna
967 331 291 50 församlingens
1287 332 169 49 kyrkligt
1483 331 251 36 intresserade
1763 331 143 36 krafter

303 388 9 33 i
355 400 43 21 en
442 386 314 48 representation,
798 398 79 23 som
920 384 123 37 kände
1077 384 95 36 både
1207 385 56 35 sin
1301 384 97 48 pligt
1431 383 69 36 och
1530 384 66 35 sitt
1625 396 144 23 ansvar.
1824 383 79 36 Den

302 451 130 23 senare
461 445 121 41 vägen
611 450 90 23 vore
730 437 82 36 icke
842 437 155 36 alldeles
1027 436 124 36 okänd
1178 435 59 36 för
1265 436 71 35 den
1367 435 158 36 svenska
1555 433 350 51 kyrkolagstiftnin-

301 503 85 35 gen,
428 489 114 36 sedan
584 488 58 37 för
683 486 212 51 Göteborgs
932 488 102 36 stads
1067 488 245 36 territoriella
1347 486 264 49 församlingar
1639 486 134 48 Kongl.
1803 485 102 49 Maj:t

302 542 71 35 den
405 544 18 33 5
454 540 70 49 Maj
558 542 93 36 1882
682 540 169 36 utfärdat
879 539 272 49 författningen
1188 552 60 23 om
1277 538 363 49 kyrkofullmäktige
1670 538 69 36 och
1771 538 135 48 kyrko-

302 593 151 35 nämnd.
481 612 48 4 —
556 592 68 37 Att
651 592 96 36 inom
776 592 221 36 kontraktet
1032 591 120 36 införa
1189 594 122 44 någon
1340 590 158 48 synodal
1527 590 256 47 organisation
1814 603 91 23 vore

301 645 141 35 kanske
484 645 83 35 icke
609 644 39 36 af
680 644 180 36 behofvet
890 643 202 49 påkalladt.
1147 642 180 36 Deremot
1355 641 126 37 kunde
1511 642 81 35 icke
1621 642 126 44 nekas,
1777 647 55 30 att
1861 655 45 22 en

303 696 114 35 sådan
460 697 58 33 väl
560 696 120 34 skulle
723 709 88 21 vara
847 699 46 43 på
922 696 56 34 sin
1007 695 97 46 plats
1132 694 58 35 för
1218 698 116 43 något
1362 695 92 34 visst
1483 694 100 35 antal
1613 693 189 43 kontrakt,
1832 692 75 36 för-

304 747 117 35 enade
450 746 55 36 till
536 746 101 36 krets.
692 745 55 37 De
775 746 108 36 flesta
911 745 38 36 af
974 748 89 33 våra
1092 744 82 37 stift
1202 744 195 49 utgjordes
1426 743 38 36 af
1488 743 83 36 från
1599 746 43 34 12
1665 743 94 36 ända
1780 744 59 34 till
1861 745 44 34 27

303 799 179 35 kontrakt
511 799 70 35 och
611 798 204 48 inbegrepe
837 797 78 36 ofta
935 798 101 35 inom
1057 797 56 48 sig
1141 797 99 35 olika
1269 796 182 47 landskap
1480 795 85 36 med
1599 809 44 22 en
1672 794 234 48 befolkning,

304 863 79 23 som
426 853 46 44 på
512 850 124 47 grund
665 849 40 36 af
729 849 189 36 skiftande
947 848 273 44 förhållanden,
1251 851 39 33 så
1318 847 77 36 fort
1423 847 364 48 landskapsgränsen
1816 859 91 23 vore

304 901 271 43 öfverskriden,
604 901 126 35 kunde
751 913 88 24 vara
859 900 58 36 för
937 898 391 50 grannbefolkningen
1345 899 139 47 ganska
1500 897 244 37 främmande.
1784 896 124 37 Stifts-

304 953 161 35 enheten
495 952 95 36 hade
619 953 82 35 icke
729 951 246 37 sammanfört
1003 952 97 35 dem.
1147 950 245 36 Kontraktets
1412 949 215 48 fördelning
1646 950 10 34 i
1676 950 98 35 vissa
1795 962 113 34 grup-

305 1017 77 35 per,
412 1005 97 35 vissa
537 1004 159 44 kretsar,
725 1003 128 36 hvilka
881 1004 247 35 tillsammans
1157 1002 177 48 utgjorde
1363 1002 99 35 basis
1491 1000 58 36 för
1568 1000 260 48 kretssynoden,
1849 1000 58 36 till

304 1056 152 36 hvilken
485 1054 329 49 församlingarnas
843 1060 146 42 prester
1018 1055 70 35 och
1117 1054 109 35 valda
1253 1053 141 36 ombud
1415 1052 121 36 under
1557 1052 119 36 äldste
1697 1051 213 37 kontrakts-

305 1113 175 41 prostens
508 1106 216 46 presidium
753 1106 128 48 hvarje
911 1109 40 32 år
979 1105 226 36 församlade
1238 1105 57 47 sig
1327 1104 58 36 för
1413 1109 66 39 att,
1510 1104 100 35 inom
1640 1111 203 40 gränserna
1872 1102 40 36 af

305 1159 86 34 dem
432 1158 155 35 tillmätt
629 1158 235 46 kompetens,
893 1158 10 34 i
934 1158 78 34 sina
1041 1157 173 47 kyrkliga
1243 1156 320 48 angelägenheter
1591 1155 126 36 rådslå
1746 1155 70 36 och
1846 1154 63 36 be-

305 1209 111 46 sluta,
445 1209 121 35 skulle
596 1209 80 35 helt
703 1208 128 36 säkert
859 1208 258 35 åstadkomma
1151 1220 44 22 en
1225 1205 58 37 för
1311 1207 73 35 den
1412 1207 80 34 inre
1522 1206 385 46 sammanslutningen

306 1260 70 36 och
419 1259 63 36 det
523 1260 174 48 kyrkliga
739 1260 178 35 intresset
953 1259 140 48 ganska
1130 1257 230 48 fördelaktig
1400 1256 153 37 verkan.
1586 1276 49 4 —
1661 1256 116 36 Nästa
1807 1256 59 35 led
1897 1256 11 34 i

306 1311 71 36 den
419 1311 174 48 kyrkliga
635 1311 306 47 organisationen
987 1322 89 24 vore
1118 1309 265 49 stiftssynoden.
1450 1307 77 37 Vår
1573 1306 336 50 kyrklagstiftning

307 1362 153 47 erbjöde
502 1362 116 35 redan
661 1375 44 22 en
739 1361 379 48 anknytningspunkt
1146 1360 58 36 för
1233 1360 122 36 denna
1384 1360 10 34 i
1423 1364 237 43 prestmötet.
1714 1358 194 48 Uppkom-

307 1420 76 29 met
424 1426 44 22 ur
509 1413 45 35 de
595 1412 143 45 förhör,
772 1413 57 36 till
859 1412 126 36 hvilka
1013 1412 229 48 biskoparne
1272 1411 116 35 redan
1417 1411 115 47 tidigt
1560 1410 96 35 hade
1685 1410 116 35 kallat
1828 1409 81 36 sina

306 1469 147 44 prester
494 1463 58 37 för
592 1463 149 49 »öfning
779 1464 69 35 och
892 1463 193 48 pröfning»
1127 1462 40 36 af
1204 1462 109 36 deras
1350 1461 211 49 teologiska
1603 1461 171 49 insigter,
1812 1460 96 36 hade

307 1516 63 35 det
412 1523 99 28 ännu
553 1516 11 35 i
602 1515 72 48 dag
707 1515 200 36 bibehållit
934 1515 56 35 sin
1018 1513 271 37 företrädesvis
1317 1513 207 36 teoretiska
1553 1512 131 47 pregel
1713 1512 70 36 och
1812 1511 96 36 hade

306 1566 58 36 för
405 1566 64 36 det
502 1566 173 48 kyrkliga
715 1565 107 37 lifvet
862 1565 116 36 redan
1020 1566 87 35 mist
1148 1565 72 36 den
1257 1564 207 48 betydelse,
1507 1564 64 35 det
1609 1564 10 34 i
1654 1564 134 35 socialt
1816 1562 93 36 afse-

307 1617 94 36 ende
444 1623 194 42 presterna
680 1618 160 35 emellan
881 1617 180 48 möjligen
1103 1624 99 28 ännu
1235 1615 200 37 bevarade.
1490 1614 54 36 En
1580 1615 78 35 helt
1687 1627 121 23 annan
1838 1614 70 36 och

306 1669 186 47 vigtigare
538 1669 181 47 ställning
763 1668 121 36 skulle
926 1668 64 35 det
1031 1668 171 35 deremot
1248 1667 153 44 erhålla,
1445 1666 211 36 ombildadt
1697 1666 58 35 till
1793 1665 117 36 stifts-

307 1720 131 48 synod.
492 1719 210 36 Bestående
740 1719 39 36 af
808 1719 221 44 ledamöter,
1068 1719 126 35 hvilka
1222 1717 58 36 för
1307 1718 75 36 viss
1409 1717 56 36 tid
1494 1717 97 36 valts
1619 1717 58 36 till
1705 1717 75 35 lika
1809 1717 100 35 antal

307 1770 39 36 af
384 1771 294 48 kretssynodens
719 1771 224 47 presterliga
984 1770 69 35 och
1096 1769 446 36 lekmannamedlemmar
1588 1774 97 30 samt
1726 1768 182 47 möjligen

307 1822 59 35 till
407 1825 122 44 någon
571 1821 59 36 del
669 1821 39 36 af
741 1821 45 36 de
823 1827 121 30 större
973 1820 324 49 församlingarna,
1326 1819 86 36 med
1441 1820 204 46 konungen
1673 1819 234 35 förbehållen

308 1877 76 31 rätt
426 1878 55 31 att
521 1878 85 30 utse
642 1876 116 44 något
793 1872 145 35 mindre
976 1872 113 44 antal,
1119 1872 66 35 der
1214 1872 72 35 han
1315 1874 38 32 så
1383 1870 133 36 aktade
1545 1870 144 48 nödigt,
1719 1869 84 36 med
1832 1870 78 48 lag-

307 1924 92 35 tima
441 1923 304 36 sammanträden
787 1923 112 36 hvart
939 1923 121 47 tredje
1090 1926 40 32 år
1158 1922 122 35 under
1309 1920 322 48 ordförandeskap
1661 1920 41 36 af
1725 1921 183 47 biskopen

308 1975 93 35 eller
430 1975 92 35 hans
550 1973 334 46 ställföreträdare,
922 1974 83 36 med
1034 1973 175 49 stadgadt
1239 1972 154 37 område
1422 1971 57 37 för
1507 1972 55 36 sin
1589 1971 229 49 befogenhet
1838 1971 70 36 och

309 2025 83 36 med
422 2024 136 49 lagfäst
586 2025 236 36 förhållande
851 2026 57 35 till
937 2028 40 32 så
1004 2025 59 35 väl
1092 2024 316 49 kretssynoderna
1438 2023 69 36 och
1537 2024 45 35 de
1610 2023 184 35 särskilda
1835 2021 75 36 för-

308 2077 252 47 samlingarna
581 2090 78 22 som
690 2077 45 35 de
763 2077 174 47 kyrkliga
966 2076 69 35 och
1066 2076 110 35 civila
1205 2074 460 48 embetsmyndigheterna
1694 2074 103 35 inom
1826 2086 84 35 pro-

308 2128 143 43 vinsen,
481 2128 148 35 komme
658 2126 271 50 stiftssynoden
959 2127 165 36 hvarken
1155 2132 56 30 att
1239 2126 114 36 sakna
1381 2126 159 35 föremål
1564 2124 59 36 för
1643 2125 56 35 sin
1720 2124 190 36 verksam-

310 2179 64 36 het
402 2179 93 36 eller
523 2178 163 37 behöfva
713 2177 140 46 frukta,
882 2184 55 29 att
966 2178 120 35 denna
1114 2178 121 35 skulle
1265 2177 114 35 varda
1408 2183 89 29 utan
1526 2176 195 48 betydelse
1749 2175 60 35 för
1846 2176 64 35 det

310 2230 173 48 kyrkliga
524 2230 400 48 utvecklingsarbetet.
953 2249 48 3 —
1028 2229 74 35 Det
1142 2242 90 22 vore
1273 2229 82 35 icke
1389 2228 257 36 motionärens
1675 2227 152 47 mening
1855 2231 54 31 att

309 2281 88 48 ingå
426 2281 10 35 i
464 2284 123 45 någon
616 2280 279 49 framställning
923 2279 39 38 af
987 2278 428 50 organisationsfrågans
1448 2278 172 48 detaljer.
1672 2276 83 38 Han
1797 2277 111 49 nöjde
