1918 2800
607 207 234 29 Statsutskottets
863 207 152 28 utlåtande
1037 206 44 29 Nr
1103 209 49 26 50.
1612 204 15 29 1

804 728 60 40 Nr
890 729 62 40 30.

568 868 118 29 Ankom
709 869 47 28 till
780 869 172 34 riksdagens
975 869 95 28 kansli
1093 870 58 27 den
1176 871 16 26 9
1217 879 76 18 mars
1318 870 78 27 1926
1421 869 37 28 kl.
1485 870 36 26 12
1546 879 38 18 m.

346 989 180 32 Utlåtande
543 991 12 30 i
571 989 179 39 anledning
769 1001 41 20 av
828 991 92 31 vissa
936 993 80 28 utav
1032 989 126 39 Kungl.
1176 990 102 39 Maj:t
1295 993 12 30 i
1324 990 300 38 statsverkspropo-

567 1041 141 32 sitionen
729 1040 104 33 under
854 1041 134 32 åttonde
1010 1041 212 32 huvudtiteln
1245 1041 116 40 gjorda
1384 1041 240 39 framställnin-

564 1102 60 27 gar
647 1091 171 39 angående
843 1091 118 39 anslag
986 1092 52 32 till
1062 1091 404 39 folkskoleseminarierna
1489 1093 102 39 jämte
1615 1093 11 30 i

567 1145 110 29 ämnet
700 1143 123 32 väckta
846 1145 170 31 motioner.

1400 1193 69 39 (2:a
1492 1193 90 40 avd.)

171 1332 72 40 1:0)
268 1334 19 32 I
306 1334 61 32 den
386 1334 55 32 till
461 1334 179 39 riksdagen
660 1335 62 32 den
742 1337 17 31 7
779 1335 134 39 januari
935 1337 83 32 1926
1038 1336 135 33 avlåtna
1193 1337 245 39 propositionen
1458 1337 169 38 angående
1666 1354 146 24 Folkskole-

122 1384 219 32 statsverkets
359 1384 156 33 tillstånd
531 1385 60 32 och
606 1385 104 32 behov
726 1386 106 31 under
849 1386 197 39 budgetåret
1064 1388 216 32 1926—1927
1299 1388 60 32 har
1377 1389 127 38 Kungl.
1522 1389 101 38 Maj:t
1648 1388 177 23 seminarierna

121 1434 105 32 under
253 1435 134 33 åttonde
413 1435 223 40 huvudtiteln,
664 1436 73 32 med
766 1436 208 39 åberopande
1000 1449 42 20 av
1068 1438 55 32 det
1148 1438 58 32 vid
1231 1439 244 38 propositionen
1503 1439 120 39 fogade

122 1485 370 38 statsrådsprotokollet
511 1491 77 27 över
610 1486 360 34 ecklesiastikärenden
992 1488 53 32 för
1069 1500 125 21 samma
1216 1489 75 40 dag,
1314 1489 106 39 punkt
1443 1491 73 38 131,
1539 1490 84 32 före-
1635 1469 95 64 jämte
1743 1474 93 55 åa

122 1536 103 39 slagit
252 1536 180 39 riksdagen
459 1540 51 29 att
534 1537 72 33 dels
632 1537 54 33 för
711 1538 220 33 överförande
958 1539 76 32 från
1063 1540 59 32 och
1149 1541 72 32 med
1247 1540 61 32 den
1338 1542 15 30 1
1381 1541 61 37 juli
1471 1542 84 31 1926
1581 1553 41 20 av
1669 1540 132 23 motioner.

122 1585 361 35 folkskoleseminariet
514 1588 4 31 i
544 1587 104 33 Umeå
673 1589 44 38 på
741 1589 165 33 ordinarie
931 1593 66 29 stat
1023 1590 107 32 såsom
1156 1590 333 33 dubbelseminarium
1515 1604 42 21 m.
1581 1604 42 20 m.

121 1636 77 39 höja
220 1638 61 32 den
300 1638 11 32 i
332 1638 54 32 det
404 1650 245 27 gemensamma
667 1639 165 33 ordinarie
853 1640 375 40 reservationsanslaget
1245 1642 54 32 till
1319 1642 304 33 folkskolesemina-

122 1687 109 33 rierna
246 1688 164 39 ingående
426 1692 131 35 posten:
573 1689 430 42 Folkskoleseminarierna,
1021 1703 43 20 nu
1082 1693 172 37 1,773,700
1270 1692 128 41 kronor,
1416 1693 72 32 med
1506 1694 117 38 25,370

121 1737 122 33 kronor
263 1739 54 32 till
342 1740 173 38 1,799,070
537 1740 136 39 kronor;

165 1788 71 33 dels
254 1790 59 31 ock
334 1789 163 40 förklara,
516 1793 50 30 att
584 1790 149 39 följande
752 1792 11 31 i
782 1792 144 33 nämnda
947 1793 342 39 reservationsanslag
1306 1794 161 39 ingående
1487 1794 135 32 särskil-

121 1838 42 32 da
184 1842 113 35 poster
318 1839 94 33 skola
434 1840 95 38 höjas
552 1841 73 32 med
647 1842 106 32 nedan
776 1842 147 39 angivna
943 1843 127 41 belopp,
1092 1844 168 39 nämligen

167 1888 36 41 a)
232 1890 143 32 arvoden
406 1891 35 32 åt
471 1891 302 41 seminarieläkare,
804 1905 45 20 nu
879 1894 118 38 27,000
1028 1894 131 39 kronor,
1190 1895 73 32 med
1295 1896 94 37 1,000
1420 1895 120 33 kronor
1570 1896 53 32 till

122 1940 118 38 28,000
262 1940 132 40 kronor,

165 1988 37 41 b)
231 1991 145 32 arvoden
397 1992 35 32 åt
453 1992 437 42 seminariebibliotekarier,
912 2007 45 20 nu
980 1996 95 37 9,900
1096 1995 130 42 kronor,
1249 1997 74 32 med
1346 1998 61 31 400
1428 1997 120 32 kronor
1570 1997 53 33 till

123 2041 118 39 10,300
261 2041 132 42 kronor,

166 2090 33 41 ec)
228 2092 145 33 arvoden
395 2094 35 32 åt
452 2093 153 34 biträden
624 2096 58 32 vid
704 2095 255 34 seminariernas
982 2096 363 43 rektorsexpeditioner,
1368 2111 43 20 nu
1435 2100 94 36 7,200
1550 2099 73 32 kro-

121 2153 69 28 nor,
213 2143 73 33 med
309 2144 63 32 200
393 2143 123 33 kronor
536 2145 55 32 till
614 2147 96 37 7,400
732 2146 133 34 kronor.

166 2192 229 41 Utredningen
419 2195 183 33 återfinnes
626 2197 19 31 å
669 2197 62 33 sid.
754 2199 175 31 481—488
951 2198 12 32 i
988 2200 377 38 statsrådsprotokollet.

165 2243 19 32 I
201 2244 160 33 samband
379 2245 137 33 härmed
532 2246 61 32 har
609 2247 165 33 utskottet
790 2248 55 32 till
862 2248 202 40 behandling
1082 2250 150 32 förehaft
1251 2251 57 31 två
1325 2250 216 39 likalydande
1559 2264 63 19 mo-

120 2293 117 40 tioner,
256 2294 124 34 väckta
402 2295 61 33 den
484 2308 59 21 ena
564 2297 87 32 inom
673 2297 107 33 första
800 2298 193 33 kammaren
1012 2312 42 20 av
1075 2300 76 32 herr
1171 2301 35 32 J.
1226 2301 132 32 Sandén
1384 2300 55 40 (nr
1461 2301 78 39 108)
1565 2302 58 32 och

122 2343 61 33 den
207 2345 104 33 andra
335 2346 89 32 inom
450 2347 104 32 andra
577 2347 193 34 kammaren
795 2362 41 20 av
860 2350 76 32 herr
958 2351 40 32 E.
1022 2351 191 32 Bernström
1242 2350 55 40 (nr
1321 2351 94 40 231),
1440 2352 71 32 däri
1535 2353 86 31 hem-

121 2395 122 41 ställts,
271 2399 51 29 att
348 2396 180 40 riksdagen
554 2398 80 33 ville
661 2399 131 33 besluta
818 2403 52 29 att
895 2401 58 32 vid
981 2401 181 32 Karlstads
1190 2402 210 32 seminarium
1427 2403 124 32 inrätta
1578 2404 44 37 på

120 2444 166 34 ordinarie
305 2450 68 29 stat
392 2447 77 32 från
489 2448 60 33 och
567 2450 73 32 med
659 2449 61 33 den
740 2451 16 31 1
776 2450 63 39 juli
859 2452 84 32 1926
962 2464 39 20 en
1018 2452 198 38 lärartjänst
1236 2454 10 31 i
1265 2453 193 39 gymnastik
1476 2454 72 31 med
1568 2453 54 32 lek

156 2517 120 36 Bihang
299 2519 47 28 till
367 2519 174 36 riksdagens
561 2522 144 34 protokoll
729 2525 91 26 1926.
867 2526 17 26 6
907 2524 83 28 saml.
1036 2527 39 25 32
1100 2525 74 33 häft.
1220 2521 57 35 (Nr
1300 2526 64 30 50.)
1564 2524 15 29 1
