2190 2622
145 703 152 30 Prövnings-

150 734 146 27 nämndens

136 774 181 21 semmansätt-

189 807 69 31 ning.

390 157 19 29 4
779 155 364 41 Bevillningsutskottets
1167 155 194 31 betänkande
1384 156 53 31 Nr
1462 156 48 30 iÅ.

345 248 62 22 om
447 233 374 37 ortsförbållandena.
879 234 133 35 Denna
1043 233 211 36 kännedom
1283 234 108 35 torde
1418 233 86 36 bäst
1533 233 110 35 sökas
1672 234 11 35 i
1712 234 152 36 kretsen
1895 246 45 22 av

345 286 45 36 de
420 285 282 48 skattskyldiga
730 285 155 48 själva.»

473 337 128 48 Något
629 337 180 48 missnöje
839 337 85 36 med
952 337 234 48 Konungens
1215 336 421 48 befallningshavandes
1657 341 74 30 sätt
1750 343 53 30 att
1822 336 119 36 hand-

345 390 97 34 hava
478 389 57 35 sin
569 389 249 35 förevarande
846 388 229 48 befogenhet
1105 389 77 45 har,
1213 388 113 36 såvitt
1353 388 59 36 för
1439 388 187 36 utskottet
1655 391 40 32 är
1723 388 103 47 känt,
1855 388 84 37 icke

343 446 151 43 yppats,
537 440 69 36 och
649 440 106 36 torde
795 440 128 35 därför
964 442 39 34 så
1038 440 149 48 mycket
1235 439 145 36 mindre
1414 440 205 47 anledning
1651 439 205 36 förefinnas
1886 446 55 30 att

345 492 225 48 kringskära
598 492 217 36 densamma
842 492 13 35 i
883 504 46 23 en
959 496 77 31 mot
1061 491 225 48 riksdagens
1315 503 98 24 ovan
1442 491 160 36 citerade
1631 491 191 35 uttalande
1850 498 90 29 mot-

347 549 73 30 satt
448 544 183 47 riktning.

476 698 211 49 Angående
715 698 421 49 prövningsnämndens
1165 699 345 47 sammansättning
1529 703 40 30 är
1589 698 10 34 i
1620 699 46 34 41
1690 697 20 48 $
1730 697 212 48 taxerings-

348 751 275 47 förordningen
664 749 113 36 bland
820 756 117 29 annat
974 750 161 47 stadgat,
1180 755 54 31 att
1274 749 110 36 bland
1429 750 256 35 ledamöterna
1719 749 77 44 bör,
1827 748 116 37 såvitt

349 802 163 48 möjligt,
554 803 116 35 minst
715 801 144 36 hälften
900 801 71 36 och
999 802 11 35 i
1044 800 239 37 Stockholms
1312 801 83 36 stad
1424 802 114 35 minst
1566 814 45 23 en
1641 800 180 49 fjärdedel
1850 813 93 23 vara

350 858 116 44 ägare
502 867 47 22 av
579 853 73 36 fast
680 853 196 47 egendom,
905 853 175 48 gällande
1107 866 145 23 samma
1279 853 193 36 föreskrift
1500 853 124 48 ifråga
1652 865 61 23 om
1742 852 199 49 supplean-

349 911 117 30 terna.
511 905 81 36 Mot
620 905 72 36 den
721 905 157 36 sålunda
902 905 136 48 gjorda
1060 905 326 47 inskränkningen
1406 905 12 35 i
1437 905 237 47 Konungens
1694 903 248 48 befallnings-

350 956 192 37 havandes
582 956 360 37 bestämmanderätt
973 956 63 36 vid
1064 956 208 36 nämndens
1301 956 229 36 tillsättande
1558 956 98 35 hava
1684 955 96 36 båda
1808 956 135 35 motio-

351 1013 159 32 närerna
537 1008 116 36 riktat
681 1008 60 48 sig
768 1008 85 36 med
881 1008 171 48 yrkande
1080 1021 60 23 om
1169 1008 84 36 dess
1282 1008 262 47 borttagande.

480 1060 264 36 Förevarande
784 1060 264 36 bestämmelse
1081 1064 40 31 är
1149 1073 46 22 av
1223 1060 184 47 gammalt
1436 1059 127 36 datum
1593 1059 69 35 och
1690 1058 69 36 har
1786 1058 84 36 från
1899 1058 45 35 de

351 1112 129 47 gamla
497 1111 550 48 bevillningsförordningarna
1066 1111 145 49 flyttats
1230 1112 39 34 in
1291 1111 11 35 i
1318 1111 178 48 gällande
1510 1110 433 49 taxeringsförordning,

351 1169 90 30 utan
470 1169 55 30 att
552 1166 129 45 någon
710 1163 441 48 meningsskiljaktighet
1179 1163 127 36 därom
1335 1163 160 36 kommit
1522 1163 55 35 till
1598 1175 113 35 synes
1731 1162 89 36 eller
1840 1161 105 37 däråt

352 1220 137 43 ägnats
518 1217 127 45 någon
675 1214 158 36 särskild
862 1214 344 49 uppmärksamhet.
1245 1214 72 36 Det
1344 1214 107 36 torde
1479 1214 82 36 icke
1589 1214 128 35 kunna
1746 1213 197 46 bestridas,

354 1272 54 31 att
446 1266 290 37 bestämmelsen
768 1266 153 36 bottnar
948 1267 12 34 i
989 1266 100 36 äldre
1118 1265 275 46 förhållanden,
1423 1279 79 23 som
1533 1278 155 23 numera
1716 1265 82 36 icke
1825 1265 125 36 bestå.

355 1319 80 36 Den
464 1318 68 36 har
560 1319 163 47 givetvis
743 1318 186 36 avseende
950 1323 164 30 närmast
1133 1320 48 46 på
1200 1322 141 43 ägarna
1360 1331 47 22 av
1423 1317 432 49 jordbruksfastigheter
1875 1317 70 35 och

354 1370 67 36 har
463 1370 140 48 åsyftat
645 1374 54 31 att
739 1370 121 35 under
888 1382 46 23 en
962 1369 65 47 tid,
1056 1369 46 36 då
1130 1369 72 36 den
1232 1369 350 49 fastighetsägande
1611 1369 70 35 och
1709 1368 134 36 främst
1871 1368 74 36 den

349 1421 282 48 jordbrukande
660 1421 273 48 befolkningen
962 1434 101 23 mera
1090 1426 48 31 än
1167 1424 126 46 någon
1323 1434 125 22 annan
1476 1421 101 36 klass
1598 1434 47 22 av
1666 1420 280 49 skattskyldiga

354 1474 136 47 bidrog
505 1474 56 35 till
580 1478 143 31 statens
744 1473 146 35 direkta
909 1473 304 45 skatteinkomst,
1234 1473 138 36 bevara
1394 1472 86 36 dess
1502 1472 207 49 inflytande
1728 1474 48 46 på
1795 1472 74 35 den
1890 1472 58 35 för

354 1525 386 47 skatteberäkningen
782 1524 318 49 grundläggande
1141 1524 439 48 fastighetstaxeringen.
1635 1523 56 36 De
1728 1536 134 23 senare
1890 1526 57 33 år-

354 1577 178 35 tiondena
573 1576 99 36 hava
714 1590 46 21 av
794 1576 154 36 orsaker
981 1576 68 36 och
1077 1576 12 35 i
1118 1589 46 23 en
1193 1576 244 47 omfattning,
1467 1575 127 36 varför
1622 1575 68 35 här
1718 1575 31 48 ej
1780 1575 168 36 behöver

353 1628 220 48 redogöras,
608 1627 238 49 åvägabragt
878 1640 47 23 en
953 1627 161 47 ändring
1140 1628 12 34 i
1181 1627 165 36 nämnda
1374 1626 244 37 förhållande.
1676 1626 270 37 Statsbeskatt-

353 1680 145 48 ningen
527 1685 40 30 är
594 1692 157 23 numera
780 1679 103 36 fotad
912 1684 49 43 på
990 1679 71 35 den
1088 1679 172 48 verkliga
1287 1679 228 45 inkomsten,
1545 1679 72 35 den
1638 1681 60 33 må
1718 1678 162 48 härflyta
1901 1692 46 22 av

353 1731 187 48 fastighet
582 1731 91 35 eller
714 1744 124 22 annan
880 1730 278 47 inkomstkälla,
1203 1730 70 36 och
1302 1729 71 37 den
1402 1730 176 36 taxerade
1605 1730 342 36 inkomstsumman

352 1788 156 43 utgöres
540 1796 49 22 nu
625 1783 54 35 till
717 1796 47 22 en
808 1783 153 35 relativt
1006 1782 143 35 mindre
1183 1782 60 36 del
1289 1795 47 22 av
1376 1782 166 36 inkomst
1570 1794 46 23 av
1645 1781 73 36 fast
1746 1781 200 49 egendom.

352 1834 74 36 Det
468 1847 111 36 synes
621 1834 47 36 då
709 1839 73 43 äga
818 1834 96 35 visst
952 1834 66 47 fog
1054 1834 58 35 för
1140 1834 61 47 sig
1229 1839 54 30 att
1310 1833 172 36 betrakta
1514 1833 70 37 den
1605 1833 251 36 omhandlade
1884 1833 64 36 be-

354 1886 243 36 stämmelsen
647 1888 123 34 såsom
816 1886 189 35 föråldrad
1051 1886 70 35 och
1163 1886 33 48 ej
1240 1886 132 47 längre
1412 1885 175 48 befogad.
1650 1885 77 46 Att,
1771 1887 123 34 såsom
1938 1885 11 35 i

353 1938 238 36 motionerna
631 1937 230 49 föreslagits,
904 1943 91 30 utan
1035 1937 128 36 vidare
1202 1937 162 36 utesluta
1392 1936 291 37 bestämmelsen
1712 1949 112 36 synes
1852 1936 97 36 dock

352 1989 83 36 icke
477 1989 92 37 böra
609 1989 275 48 ifrågakomma
925 1989 69 36 och
1030 1989 95 36 lärer
1152 1989 64 35 väl
1243 1988 33 48 ej
1307 1988 117 36 heller
1451 2002 91 22 vara
1570 1988 12 35 i
1611 1988 173 48 grunden
1812 1994 134 29 avsett.

354 2040 124 36 Därav
519 2041 119 36 skulle
678 2041 194 47 nämligen
912 2041 128 35 kunna
1068 2040 213 36 föranledas
1310 2040 73 36 den
1412 2040 306 48 uppfattningen,
1747 2045 55 31 att
1830 2042 121 45 några

354 2093 315 48 fastighetsägare
697 2093 31 47 ej
760 2093 69 35 alls
857 2092 104 48 finge
988 2105 89 23 vara
1104 2091 85 37 med
1218 2092 12 36 i
1258 2092 203 35 nämnden.
1499 2091 193 37 Utskottet
1717 2092 64 35 vill
1800 2091 58 36 för
1877 2091 72 36 dena

354 2144 98 36 skull
484 2144 139 36 föreslå
656 2150 65 41 att,
761 2144 65 36 vid
869 2143 105 37 bifall
1011 2144 54 35 till
1093 2144 300 36 motionärernas
1423 2143 154 48 förslag,
1607 2144 12 35 1
1647 2156 142 23 samma
1817 2143 132 49 stycke

354 2196 158 36 framför
553 2196 116 36 orden
700 2196 101 36 »dels
830 2195 307 49 näringsidkare»
1165 2195 187 48 inskjutas
1382 2195 117 36 orden
1527 2195 101 36 »dels
1657 2199 115 44 ägare
1802 2208 45 22 av
1876 2194 74 36 fast
