2287 2787
731 231 96 31 Stats-
836 231 152 31 Utskottets
1011 230 171 38 Memorial,
1207 230 60 31 N:o
1291 231 25 29 1.
1774 232 19 28 3

217 315 180 30 Dessutom
429 309 100 33 hafva
561 320 121 30 genom
714 307 192 42 fortgående
940 307 245 41 afbetalningar
1218 307 372 42 Riksgälds-kontorets
1625 307 137 32 skulder
1785 308 51 32 för

217 355 237 35 Riksbankens
487 352 286 40 försträckningar
805 351 106 32 under
945 350 82 32 1808
1051 351 60 31 och
1134 351 82 31 1809
1239 354 53 29 års
1314 351 77 41 krig
1414 354 85 28 samt
1520 350 51 32 för
1594 350 55 32 det
1671 351 107 31 under
1801 354 36 30 år

217 401 83 33 1854
331 398 53 31 till
415 396 140 41 utgifter
586 396 52 31 för
669 393 291 42 upprätthållande
995 394 36 31 af
1048 394 121 31 Rikets
1191 394 194 31 neutralitet
1406 397 168 38 upptagna
1595 394 56 31 lån
1673 394 164 31 minskats

216 444 77 33 med
324 441 220 32 tillsammans
577 438 135 39 229,500
741 437 89 32 R:dr.
877 437 66 31 Till
966 436 107 32 denna
1096 437 346 41 skuldförminskning
1464 437 59 31 har
1547 437 63 31 den
1631 437 205 32 hufvudsak-

217 489 117 39 ligaste
356 484 185 41 tillgången
564 481 148 32 erhållits
735 491 120 31 genom
879 480 38 31 de
940 480 120 39 medel,
1085 490 70 21 som
1178 480 106 32 under
1307 483 36 29 år
1366 480 82 32 1866
1471 480 125 31 influtit
1618 480 74 32 utaf
1712 491 124 20 samma

216 534 54 29 års
292 526 180 34 fonderade
491 525 225 42 jernvägslån,
746 524 36 31 af
800 523 116 32 hvilka
938 523 109 31 medel
1071 526 104 28 större
1200 523 96 32 delen
1318 523 129 32 kunnat
1470 523 170 32 användas
1662 523 52 31 till
1736 523 102 32 Riks-

216 572 286 43 gälds-kontorets
525 567 223 42 godtgörande
771 567 52 31 för
846 566 39 31 de
910 569 107 28 såsom
1039 566 145 31 förskott
1206 566 106 32 under
1333 566 275 41 nästföregående
1621 569 37 29 år
1669 566 170 32 utbetalda

217 625 147 23 summor
387 614 52 30 för
461 610 220 33 fortsättande
705 610 35 31 af
760 609 134 33 Statens
912 609 482 41 jernvägsbyggnadsarbeten.

367 655 118 33 Under
506 653 237 33 meranämnda
770 656 37 29 år
833 652 100 32 hafva
956 652 148 31 deremot
1126 664 60 30 nya
1209 652 80 32 eller
1312 653 94 31 ökade
1428 652 120 32 skulder
1569 652 51 32 för
1642 651 196 41 Riksgälds-

217 703 159 32 kontoret
408 697 212 43 uppkommit
653 707 120 31 genom
807 695 39 32 de
880 695 58 32 vid
972 695 69 31 dels
1073 695 180 41 riksdagen
1287 699 79 28 åren
1389 695 82 32 1862
1495 695 60 31 och
1578 695 83 32 1863
1685 695 61 31 och
1769 695 69 31 dels

218 745 153 33 sednaste
405 741 137 41 riksdag
564 743 20 29 å
605 738 356 42 Riksgälds-kontoret
994 738 52 31 till
1078 739 209 40 utbetalning
1308 738 106 32 under
1447 738 253 41 ifrågavarande
1724 741 36 28 år
1783 749 55 20 an-

216 788 124 37 visade,
364 797 77 20 men
463 785 69 31 före
557 783 74 32 dess
655 783 66 31 slut
743 782 75 31 icke
841 781 127 42 lyftade
993 781 60 31 och
1076 781 128 31 derföre
1227 781 101 32 bland
1344 781 183 32 Kontorets
1545 781 294 31 skulder
1690 777 17 52 i
1720 781 119 31 räken-

218 832 165 40 skaperna
405 827 214 34 balanserade
644 826 291 40 anslagssummor.
976 824 126 32 Likaså
1122 825 100 31 hafva
1246 825 181 31 skulderna
1449 824 106 32 under
1578 828 36 28 år
1638 825 82 30 1866
1744 824 95 31 ökats

216 885 120 32 genom
369 875 48 29 ett
444 872 11 30 i
477 869 355 42 Riksgälds-kontoret
864 868 67 31 tills
954 867 113 32 vidare
1091 867 202 41 deponeradt
1315 868 126 40 kapital
1464 867 36 32 af
1517 867 138 41 66,6663
1676 867 81 31 R:dr
1780 867 60 31 och

216 923 126 27 tvänne
364 919 43 37 på
427 915 136 31 kortare
586 912 50 32 tid
657 911 252 42 upptagna
849 906 62 54 och
931 911 58 31 vid
1011 913 87 29 årets
1123 911 67 31 slut
1213 916 89 26 ännu
1322 911 75 31 icke
1420 911 52 30 till
1493 911 171 40 betalning
1686 910 155 31 förfallna

218 962 56 31 lån
296 963 19 29 4
346 959 219 31 tillsammans
599 955 136 38 400,000
767 954 81 32 R:dr
876 954 172 32 äfvensom
1071 964 119 30 genom
1212 953 160 41 indragna
1395 964 146 20 summor
1564 956 19 29 å
1606 957 48 27 ett
1677 963 163 21 samman-

218 1003 93 41 lagdt
343 1002 120 40 belopp
497 999 36 32 af
553 998 165 38 1,096,000
741 997 100 32 Mark
863 997 120 31 Hamb.
1008 996 83 31 B:ko
1114 996 75 31 utaf
1209 996 65 32 den
1295 996 76 32 med
1393 996 196 41 Nordtyska
1610 996 143 31 Banken
1775 996 66 31 för-

217 1043 92 36 liden
340 1045 76 31 höst
450 1041 279 33 öfverenskomna
761 1040 121 38 kredit,
913 1051 71 20 som
1005 1039 115 41 längre
1143 1039 86 32 fram
1250 1040 12 30 i
1286 1039 107 32 denna
1415 1039 179 32 berättelse
1617 1039 153 31 kommer
1793 1042 48 28 att

223 1089 113 32 vidare
359 1086 220 33 omförmälas.

370 1129 118 40 Enligt
522 1131 48 28 ett
602 1128 10 30 i
645 1126 374 41 Riksgälds-kontorets
1051 1125 301 32 Boksluts-kontor
1384 1127 43 38 på
1459 1125 108 41 grund
1601 1125 36 31 af
1656 1124 58 32 der
1736 1124 105 33 under

221 1176 113 39 loppet
356 1173 36 31 af
412 1175 36 29 år
471 1171 82 31 1866
576 1170 102 38 förda,
704 1175 88 26 ännu
815 1169 74 31 icke
913 1168 161 32 afslutade
1098 1168 182 41 räkningar
1301 1168 178 40 uppgjordt
1502 1168 230 40 sammandrag
1750 1167 92 32 öfver

220 1218 220 40 tillgångarne
465 1214 60 31 och
548 1213 182 32 skulderna
751 1212 57 32 vid
831 1215 88 29 årets
941 1212 115 40 början
1078 1212 61 31 och
1162 1212 75 37 slut,
1260 1211 84 31 hade
1367 1211 348 42 skuldförminskningen
1738 1210 104 32 under

220 1264 70 28 Aret
319 1260 126 39 Utgjort
472 1282 1 6 .
521 1282 5 5 .
574 1282 5 5 .
626 1282 6 4 -
679 1281 5 6 ss
731 1280 5 6 so
784 1280 5 6 so
837 1280 5 6 so
889 1279 59 6 sor
994 1279 59 7 RR
1100 1280 5 5 ro
1153 1279 58 6 Rv
1259 1279 57 6 vv
1363 1279 5 5 2
1416 1279 5 6 0
1467 1255 81 30 Ridr
1592 1254 175 38 5,949,712:
1790 1253 49 37 58,

222 1304 60 31 och
305 1298 108 36 skulle
438 1300 329 42 Riksgälds-kontorets
790 1298 131 38 skulder,
946 1297 41 32 då
1010 1297 38 32 de
1071 1297 177 32 fonderade
1273 1297 183 32 statslånen
1477 1297 74 31 icke
1575 1302 92 35 tagas
1689 1297 12 30 i
1724 1296 119 32 beräk-

224 1347 89 40 ning,
341 1344 53 33 vid
417 1342 224 33 innevarande
666 1345 52 28 års
741 1342 115 40 början
878 1344 110 38 uppgå
1010 1341 52 31 till
1085 1344 47 28 ett
1154 1341 120 40 belopp
1298 1340 34 31 af
1368 1365 5 6 .
1421 1365 6 5 .
1471 1340 81 32 Rdr
1575 1340 195 38 17,851,501:
1793 1339 48 31 64.

371 1386 213 33 Beträffande
620 1384 160 32 särskildt
814 1384 39 31 de
887 1385 224 30 räntebärande
1144 1384 173 37 skulderna,
1350 1383 124 38 hvilka,
1499 1388 81 27 utan
1602 1383 188 40 beräkning
1812 1382 34 31 af

226 1433 64 31 den
311 1430 178 32 fonderade
513 1428 228 37 låneskulden,
766 1427 57 32 vid
846 1427 80 31 1865
950 1430 52 28 års
1025 1427 114 41 början
1162 1426 150 41 utgjorde
1367 1452 6 5 .
1421 1451 6 6 .
1471 1427 80 31 Rdr
1594 1426 176 38 6,381,550:
1794 1425 49 37 51,

224 1475 61 32 och
308 1474 57 32 vid
387 1474 116 39 början
525 1472 35 31 af
579 1475 37 28 år
638 1471 83 31 1866
743 1470 167 41 uppgingo
933 1470 53 31 till
1050 1495 5 6 .
1103 1495 6 5 .
1155 1495 5 6 oo.
1313 1494 58 7 «oo
1417 1495 6 6 «
1468 1469 81 32 Ridr
1572 1468 198 39 18,183,084:
1794 1468 49 37 24,

225 1519 59 31 har
319 1517 64 31 den
416 1527 119 30 genom
559 1515 99 31 ofvan
682 1513 217 32 omförmälda
922 1513 244 41 afbetalningar
1189 1516 18 29 å
1230 1513 94 31 dessa
1347 1513 136 31 skulder
1505 1512 106 32 under
1635 1512 151 31 sistlidna
1808 1514 37 29 år

224 1561 192 41 uppkomna
442 1559 204 39 minskning,
675 1557 104 40 enligt
801 1556 228 42 nyssnämnda
1052 1556 238 41 sammandrag,
1314 1556 125 40 utgjort
1471 1556 81 31 R:dr
1595 1554 176 39 5,S55,327:
1793 1554 50 31 27.

372 1602 143 32 Utöfver
549 1601 39 31 de
611 1601 12 30 i
646 1600 326 40 annuitetsanslagen
989 1599 195 40 inbegripna
1207 1603 122 34 räntor,
1355 1610 70 20 som
1447 1602 87 28 måst
1557 1599 154 39 erläggas
1730 1598 51 30 för
1805 1597 39 31 de

225 1646 174 32 fonderade
433 1645 108 37 lånen,
576 1643 100 32 hafva
708 1642 252 43 ränteutgifterna
982 1642 51 31 för
1055 1642 373 41 Riksgälds-kontorets
1452 1642 105 40 öfriga
1580 1640 138 32 skulder
1740 1640 105 31 under

223 1693 36 29 år
283 1689 81 31 1865
388 1690 141 38 uppgått
551 1687 81 30 till.
680 1711 5 6 .
734 1712 4 5 .
786 1711 6 6 =
839 1711 6 6 =
892 1711 5 5 =
945 1711 5 5 =
1000 1710 2 5 =
1053 1710 2 6 =
1106 1710 2 5 >
1156 1710 5 6 2
1209 1710 5 6 so
1265 1679 31 53 oo
1314 1710 5 5 «oo
1365 1709 5 6 -
1419 1710 7 5 -
1470 1684 81 32 Ridr
1587 1679 17 53 —
1626 1683 144 38 690,746:
1794 1683 49 36 19,

224 1732 61 31 och
306 1731 107 31 under
436 1734 36 27 år
496 1730 82 30 1866
600 1729 53 31 till
683 1753 5 6 .
842 1752 58 7 hd
1000 1752 6 6 oo.
1054 1751 5 6 8
1106 1752 5 6 «
1158 1752 6 6 ss
1212 1752 5 6 mm
1264 1752 5 6 fs
1316 1752 5 6 m
1498 1752 13 12 3
1595 1726 175 38 1,191,519:
1794 1725 49 37 22,

223 1774 121 32 hvaraf
363 1773 51 31 för
438 1773 81 30 1865
543 1775 53 29 års
620 1776 189 36 temporära
830 1771 56 31 lån
908 1770 158 33 utbetalts
1089 1770 106 31 under
1218 1781 124 20 samma
1364 1773 37 29 år
1423 1795 6 6 .
1628 1769 143 38 370,453:
1794 1769 50 37 85,

226 1818 60 31 och
308 1816 107 32 under
438 1818 36 29 år
497 1815 84 31 1866
630 1839 7 7 -.
1498 1838 13 11 5
1627 1811 144 38 844,054:
1794 1811 51 31 31.

374 1858 53 31 De
462 1858 35 31 af
525 1857 121 31 Rikets
682 1856 144 33 Ständer
859 1856 162 41 beviljade
1052 1856 60 31 och
1134 1856 52 30 till
1208 1856 163 40 utgående
1394 1855 75 32 från
1489 1855 358 41 Riksgälds-kontoret

225 1902 166 36 anvisade,
426 1901 52 31 till
511 1901 163 40 beloppen
707 1899 182 38 bestämda,
925 1905 85 25 extra
1037 1899 191 42 statsanslag,
1253 1909 70 21 som
1345 1902 88 37 uppå
1454 1898 232 40 vederbörliga
1707 1897 139 40 reqvisi-

227 1946 109 31 tioner
369 1944 61 31 och
464 1944 85 31 ofter
571 1943 223 40 fullgörandet
817 1942 35 31 af
872 1942 39 31 de
935 1942 50 31 för
1009 1942 94 31 deras
1126 1942 279 31 utbekommande
1429 1941 201 32 föreskrifna
1652 1940 111 32 vilkor
1787 1940 60 31 och

228 1988 163 32 förbehåll
414 1987 95 31 skola
530 1987 175 37 utbetalas,
729 1997 78 20 men
828 1985 74 31 icke
925 1985 111 32 blifvit
1058 1984 125 42 lyftade
1207 1985 60 31 och
1280 1985 126 32 således
1419 1984 174 32 innestodo
1616 1984 12 31 i
1649 1983 197 41 Riksgälds-

231 2032 159 31 kontoret
413 2033 84 28 samt
520 2040 79 21 vore
622 2029 101 32 bland
746 2029 74 31 dess
844 2028 137 32 skulder
1003 2032 177 37 upptagna,
1203 2028 151 41 utgjorde

428 2073 58 32 vid
509 2072 82 32 1865
615 2075 53 29 års
692 2073 67 30 slut
789 2097 4 5 .
841 2097 5 5 .
894 2097 5 6 .
948 2096 5 6 ss
1000 2096 6 6 ss
1053 2096 5 6 so
1106 2097 4 5 so
1158 2096 6 5 co
1211 2095 59 6 cc

1471 2070 82 32 R:dr
1596 2069 175 38 4,007,414:
1795 2069 48 37 84,

343 2117 59 31 och
426 2115 57 32 vid
505 2115 83 32 1866
611 2118 53 29 års
688 2115 67 32 slut
786 2140 7 6 .

1495 2139 12 11 si
1598 2112 173 40 4,076,094:
1796 2112 47 32 10.

298 2332 149 48 För
482 2332 38 32 de
546 2332 171 42 fonderade
750 2332 138 37 statslån,
912 2343 70 20 som
1004 2332 168 40 upptagits
1194 2331 51 31 för
1267 2329 403 42 jernvägsanläggningar,
1695 2329 150 40 utgjorde

229 2375 271 41 kapitalskulden
534 2375 56 33 vid
624 2375 81 32 1865
729 2377 53 30 års
805 2374 115 42 början
943 2374 84 33 efter
1050 2378 141 39 antagna
1213 2374 120 32 kurser
1355 2373 51 32 för
1429 2372 39 33 de
1492 2375 19 30 å
1533 2371 179 33 utländska
1733 2375 113 39 mynt-
