2232 2628
434 200 39 30 12
889 200 248 33 Statsutskottets
1164 200 171 33 Utlåtande
1358 201 67 32 N:o
1447 204 52 29 50.

516 284 57 31 att
613 279 48 36 de
704 279 57 36 till
803 279 229 49 försäljning
1073 280 224 48 föreslagna
1325 280 89 50 fyra
1439 280 205 50 obebygda
1672 286 202 43 tomterna,
1904 295 80 24 om-

387 331 172 36 fattande
601 330 253 38 tillsammans
891 332 83 46 86,4
1021 344 50 34 ar,
1117 332 263 37 motsvarades
1416 332 42 36 af
1495 333 267 48 egofigurerna
1795 332 72 37 n:is
1898 336 85 43 301,

387 384 85 42 304,
503 384 72 35 305
608 382 70 37 och
709 384 72 35 307
814 386 19 33 å
862 382 249 38 förenämnda
1139 384 110 36 karta
1277 390 98 30 samt
1404 384 86 36 med
1520 384 187 37 förbehåll
1727 385 36 36 af
1778 384 72 37 fria
1863 390 121 43 vägar

387 437 47 46 på
463 434 95 36 båda
588 434 103 36 sidor
719 447 61 23 om
809 439 190 32 tomterna
1027 434 282 38 saluvärderats
1339 449 46 22 en
1414 436 97 36 hvar
1539 436 56 36 till
1625 437 74 35 350
1723 436 155 46 kronor;

515 491 57 31 att
613 485 421 50 förrättningsmännen
1079 486 186 49 derjemte
1305 493 138 40 ansett,
1483 493 57 31 att
1584 487 56 36 till
1670 487 314 37 Kristianstad—

384 537 182 36 Immelns
591 538 412 48 jernvägsaktiebolag
1032 538 115 37 borde
1176 539 58 35 för
1261 538 237 50 utvidgning
1527 540 42 36 af
1592 539 72 37 den
1695 542 21 33 å
1744 539 241 37 hemmanets

386 602 93 35 egor
521 589 166 48 belägna
723 590 332 48 jernvägsstation
1097 590 224 49 hembjudas
1362 591 225 48 egofiguren
1622 604 61 23 n:o
1712 592 74 35 303
1816 591 84 37 med
1929 597 55 31 ett

385 640 155 37 område
568 641 40 35 af
635 641 56 47 7,8
723 654 41 23 ar
788 640 57 37 för
873 647 54 30 ett
955 641 79 49 pris
1063 642 41 35 af
1131 644 70 35 100
1230 642 153 46 kronor;

515 698 56 30 att
599 692 142 49 Kongl.
773 692 125 49 Maj:ts
927 692 426 50 befallningshafvande
1382 694 142 37 biträdt
1540 694 442 50 förrättningsmännens

386 743 156 49 förslag,
574 744 97 36 dock
701 744 85 36 med
816 744 73 36 den
918 744 167 49 ändring
1112 751 67 42 att,
1209 750 92 32 enär
1323 746 9 35 i
1349 746 172 37 området
1536 747 56 35 för
1606 746 38 36 P.
1662 747 175 49 Nymans
1852 746 131 49 lägen-

385 796 65 36 het
475 808 142 35 genom
647 796 239 36 förbiseende
915 796 163 48 origtigt
1103 797 200 49 upptagits
1333 797 223 49 egofiguren
1586 811 61 23 n:o
1677 801 87 45 327,
1795 798 187 37 hvilken
1954 792 30 58 i

385 847 405 49 kartebeskrifningen
820 848 185 49 angåfves
1034 851 122 33 såsom
1189 849 221 49 qvarnplats
1439 849 180 37 samfäldt
1638 850 57 36 till
1711 850 90 48 byn,
1818 850 166 37 nämnda

386 899 219 49 egofigurer
635 898 115 37 borde
778 899 83 36 från
890 899 277 49 försäljningen
1197 901 258 48 undantagas;
1485 907 100 31 samt

514 957 55 30 att
599 950 179 49 samtlige
794 951 457 49 lägenhetsinnehafvåre
1268 953 180 36 aflemnat
1463 953 43 36 af
1517 953 145 48 borgen
1680 953 159 48 åtföljda
1853 953 131 37 skrift-

385 1002 78 49 liga
505 1002 282 49 förklaranden,
830 1008 55 31 att
922 1003 46 36 de
996 1004 170 36 önskade
1195 1004 191 36 förvärfva
1416 1004 228 49 eganderätt
1673 1004 57 36 till
1758 1005 46 36 de
1833 1005 41 36 af
1896 1005 86 36 dem

386 1053 173 37 bebodda
588 1054 226 48 lägenheter
842 1055 85 36 med
952 1054 115 37 ofvan
1096 1055 158 48 angifna
1283 1056 179 36 områden
1483 1056 59 36 för
1558 1056 311 49 köpeskillingar,
1887 1063 95 29 mot-

386 1106 188 36 svarande
604 1106 205 37 områdena
838 1110 122 33 åsatta
994 1107 242 48 saluvärden,
1254 1107 211 49 hvarjemte
1482 1107 501 37 Kristianstad—Immelns

380 1157 410 49 jernvägsaktiebolag
831 1158 183 37 förklarat
1058 1159 59 48 sig
1146 1159 125 48 villigt
1300 1166 54 29 att
1383 1159 127 36 tillösa
1540 1159 61 49 sig
1629 1160 64 36 det
1721 1162 21 33 å
1770 1160 213 48 egokartan

386 1209 86 36 med
516 1222 61 23 n:o
612 1211 72 35 303
716 1210 191 36 utmärkta
935 1210 155 37 område
1119 1216 78 31 mot
1226 1211 220 49 föreslagna
1475 1211 324 49 köpeskillingen,
1829 1211 155 37 hvarför

386 1261 145 48 borgen
561 1260 184 37 likaledes
774 1262 211 37 aflemnats.

514 1312 76 36 För
618 1325 98 35 egen
746 1312 60 37 del
830 1313 97 36 hade
955 1313 344 49 domänstyrelsen,
1323 1314 119 48 jemte
1472 1314 251 47 meddelande
1752 1320 56 31 att
1833 1315 55 36 för
1904 1328 80 23 om-

385 1364 188 37 förmälda
596 1365 187 48 jernvägs
799 1365 167 48 räkning
981 1365 81 36 från
1080 1365 218 37 hemmanet
1314 1366 100 36 förut
1430 1366 284 49 exproprierats
1730 1366 254 37 tillsammans

390 1420 14 32 1
439 1416 67 36 har
536 1418 110 44 61,50
678 1429 52 35 ar,
760 1416 11 36 i
801 1416 91 48 följd
926 1417 135 36 hvaraf
1078 1417 262 49 ursprungliga
1361 1419 188 46 arrendet,
1567 1418 157 45 hvilket,
1741 1421 125 33 såsom
1883 1418 102 37 förut

386 1468 157 46 anförts,
574 1470 126 45 utgått
729 1468 85 36 med
846 1470 109 46 1,800
984 1469 152 47 kronor,
1166 1469 122 48 enligt
1317 1469 128 49 kongl.
1478 1470 147 36 brefvet
1653 1470 73 36 den
1758 1472 44 34 29
1826 1470 160 36 oktober

389 1522 96 34 1896
517 1520 186 35 minskats
734 1520 85 36 med
849 1522 45 34 22
924 1520 142 36 kronor
1095 1522 46 35 96
1171 1526 76 42 öre,
1277 1521 200 49 tillstyrkt,
1508 1528 54 29 att
1583 1521 160 37 berörda
1760 1521 226 50 lägenheter

387 1572 70 36 och
487 1577 140 30 tomter
656 1575 116 33 måtte
802 1572 81 36 från
912 1572 240 48 egendomen
1181 1572 199 37 afsöndras
1410 1573 71 36 och
1505 1573 186 48 försäljas.

515 1623 86 36 Med
644 1623 181 36 afseende
858 1626 20 33 å
906 1624 99 37 hvad
1035 1624 11 36 i
1075 1625 156 36 ärendet
1261 1624 243 37 förekommit
1533 1625 68 36 har
1630 1625 139 49 Kongl.
1799 1625 105 49 Maj:t
1932 1638 51 23 nu

387 1674 199 49 föreslagit
614 1675 221 49 Riksdagen
865 1681 55 30 att
948 1675 208 49 medgifva:

516 1733 55 29 att
600 1726 291 48 ifrågavarande
920 1727 57 36 till
1007 1727 100 36 förra
1135 1728 383 48 sergeantsbostället
1558 1734 7 39 >
1596 1728 141 37 mantal
1758 1728 227 48 Arkelstorp

387 1792 62 22 n:o
481 1780 17 34 1
530 1778 170 36 hörande
728 1778 54 36 tio
813 1778 176 50 bebygda
1018 1779 225 48 lägenheter
1271 1780 71 36 och
1370 1779 56 37 till
1461 1792 145 24 samma
1635 1780 163 37 boställe
1815 1780 170 37 hörande

388 1829 86 37 med
503 1830 271 48 egofigurerna
802 1830 73 36 n:is
904 1833 86 45 301,
1021 1833 85 46 302,
1136 1833 83 41 303,
1248 1833 86 46 304,
1364 1833 72 35 305
1464 1832 72 36 och
1562 1834 71 34 307
1665 1834 21 34 å
1701 1831 286 37 ofvannämnda

388 1882 109 36 karta
526 1881 234 37 betecknade
790 1883 177 36 områden
998 1887 117 32 måtte
1144 1883 82 36 från
1254 1884 239 48 egendomen
1524 1883 212 48 afsöndras,

516 1939 55 31 att
612 1934 262 48 nyssnämnda
916 1934 52 36 tio
999 1934 178 49 bebygda
1204 1934 226 49 lägenheter
1461 1937 117 34 måtte
1607 1935 84 37 med
1720 1934 267 37 tillträdesrätt

387 1986 74 36 den
494 1988 43 33 14
569 1997 100 24 mars
702 1988 96 35 1900
828 1986 55 36 till
912 1986 273 37 innehafvarne
1215 1987 174 48 försäljas
1418 1992 79 31 mot
1517 2000 47 23 en
1581 1986 262 49 köpeskilling
1862 1986 37 36 af
1923 1988 62 35 300

387 2037 141 36 kronor
568 2037 58 36 för
667 2037 84 36 Nils
793 2037 188 37 Larssons
1024 2038 192 49 lägenhet,
1253 2040 74 35 350
1357 2039 141 35 kronor
1528 2039 57 35 för
1613 2039 153 48 August
1793 2038 193 37 Jönssons

389 2089 195 48 lägenhet,
630 2090 71 35 150
745 2090 139 35 krouor
927 2090 56 36 för
1017 2089 187 37 hvardera
1233 2090 42 36 af
1297 2090 382 49 goodtemplarlogen
1709 2089 278 49 Skogskällans

389 2141 71 36 och
490 2141 139 36 Hanna
657 2140 188 37 Larssons
871 2141 234 48 lägenheter,
1137 2143 73 35 250
1240 2142 140 36 kronor
1408 2142 58 36 för
1496 2142 70 37 Ola
1590 2142 185 36 Perssons
1791 2142 195 47 lägenhet,

391 2195 73 34 550
494 2193 141 35 kronor
665 2193 57 35 för
750 2193 137 36 Håkan
915 2193 243 37 Johanssons
1187 2193 192 49 lägenhet,
1402 2196 112 42 2,000
1531 2194 139 36 kronor
1687 2193 57 37 för
1759 2194 40 36 P.
1816 2194 172 48 Nymans

390 2244 194 48 lägenhet,
633 2247 72 34 350
750 2245 139 36 kroner
929 2245 58 37 för
1030 2245 69 36 Ola
1140 2245 217 37 Johnssons
1398 2245 194 48 lägenhet,
1635 2248 74 34 400
1751 2245 140 36 kronor
1930 2244 59 37 för

391 2296 45 36 N.
503 2302 100 30 Östers
632 2296 181 49 lägenhet
842 2302 98 31 samt
970 2298 73 35 550
1074 2297 139 36 kronor
1229 2297 57 37 för
1303 2296 242 37 handlanden
1561 2297 45 36 N.
1625 2296 217 38 Svenssons
1858 2297 131 48 lägen-
