2193 2686
434 213 20 31 4
885 213 248 33 Statsutskottets
1162 213 172 34 Utlåtande
1357 214 62 32 N:o
1442 215 30 31 9.

389 294 59 37 för
487 294 267 37 konsistorium
796 294 175 50 åberopat
1011 294 73 38 den
1123 295 203 49 utredning
1358 295 69 37 och
1454 295 236 49 motivering,
1720 309 80 24 som
1828 295 149 37 institu-

388 346 147 39 tionens
575 346 254 38 föreståndare
870 347 148 50 afgifvit
1058 347 68 37 och
1159 347 152 38 hvilken
1343 352 41 33 är
1411 348 41 37 af
1474 348 315 49 hufvudsakligen
1817 348 161 50 följande

388 400 173 37 innehåll.

516 453 56 37 De
613 452 274 50 anslagsbehof,
930 466 59 23 om
1030 452 128 38 hvilka
1198 453 67 37 här
1304 467 88 23 vore
1434 453 117 49 fråga,
1580 456 130 46 måste,
1739 454 57 36 för
1824 458 55 32 att
1905 458 75 32 rätt

387 505 203 51 uppfattas,
631 505 191 38 betraktas
864 505 119 38 under
1015 506 146 50 hänsyn
1192 505 57 38 till
1277 505 72 38 den
1377 506 269 49 omhvälfning,
1677 520 79 23 som
1784 506 195 37 undervis-

387 558 230 50 ningssättet
656 559 13 37 i
709 558 221 50 mineralogi
971 559 69 37 och
1081 559 150 49 geologi
1274 559 62 37 vid
1377 559 269 37 universiteten
1684 563 48 46 på
1767 573 129 24 senare
1924 559 56 37 tid

389 612 212 49 undergått.
657 612 135 37 Medan
820 617 98 31 ännu
945 612 57 36 för
1029 615 117 46 några
1173 612 36 37 få
1236 612 193 37 årtionden
1449 612 115 37 sedan
1582 612 320 49 undervisningen
1920 617 59 32 ut-

387 665 122 49 gjorts
543 665 133 37 endast
704 665 40 36 af
766 664 284 50 föreläsningar,
1083 664 68 38 och
1175 664 280 38 institutionens
1475 665 168 37 materiel
1662 665 236 37 uteslutande
1917 664 63 38 be-

388 720 92 33 stått
508 718 40 34 af
571 717 253 48 samlingarna
851 718 12 35 i
892 722 136 42 ämnet,
1054 718 118 35 stälde
1191 717 71 36 den
1282 718 130 36 nutida
1430 718 319 48 undervisningen
1768 718 78 37 helt
1865 718 115 37 andra

387 768 88 38 kraf
497 771 47 47 på
570 768 280 38 imstitutionens
879 768 205 38 materiella
1111 768 226 50 utrustning.
1381 769 329 49 Undervisningen
1728 770 12 35 i
1760 770 220 48 mineralogi

388 822 69 36 och
497 821 266 50 kristallografi
804 822 171 37 fordrade
1002 826 103 32 utom
1133 822 165 37 lärarens
1327 822 234 37 omedelbara
1588 822 256 49 handledning
1872 822 108 37 äfven

388 874 160 49 dyrbara
589 874 286 37 instrumentala
916 870 239 71 hjelpmedel;
1197 874 119 37 likaså
1357 874 139 44 studiet
1529 875 40 36 af
1590 875 261 49 petrografien.
1907 875 74 36 För

387 931 56 32 att
470 926 45 37 de
544 926 224 38 studerande
797 926 120 37 skulle
945 927 126 36 kunna
1097 931 94 45 göra
1219 927 59 48 sig
1305 927 192 49 förtrogne
1525 927 86 37 med
1639 927 44 37 de
1715 927 167 37 metoder
1912 927 69 37 och

388 979 286 37 instrumentala
697 979 242 50 hjelpmedel,;
955 993 79 23 som
1055 979 71 37 den
1146 979 562 59 mineralogisk-petrografiska
1726 980 255 58 vetenskapen

387 1045 50 23 nu
467 1031 180 49 använde,
677 1031 244 49 erfordrades,
950 1037 56 31 att
1033 1031 45 37 de
1106 1032 100 49 finge
1234 1011 145 58 tillfälle
1408 1037 55 31 att
1490 1032 143 37 utbilda
1661 1032 59 49 sig
1747 1033 13 36 i
1788 1033 62 36 det
1868 1032 111 49 prak-

387 1084 101 37 tiska
528 1084 303 37 handhafvandet
872 1085 40 36 af
947 1060 285 73 ifrågavarande
1272 1084 237 38 instrument.
1568 1085 165 37 Härmed
1773 1084 121 38 blefve
1935 1098 46 23 en

389 1137 366 49 öfningsinstitution
782 1137 227 49 nödvändig.

518 1188 48 38 Så
592 1189 111 49 länge
730 1189 262 37 institutionen
1020 1192 97 34 måst
1145 1189 145 49 åtnöjas
1318 1189 86 37 med
1433 1189 57 37 sin
1518 1189 99 37 förra
1643 1189 100 37 lokal
1770 1189 12 36 i
1810 1189 171 37 kemiska

387 1241 240 50 byggnaden,
656 1241 95 37 hade
780 1254 46 24 en
854 1241 115 37 sådan
992 1241 239 49 utvidgning,
1262 1255 79 23 som
1368 1241 179 37 behöfdes
1575 1241 57 37 för
1659 1242 257 36 anordnandet
1944 1242 41 35 af

387 1294 195 49 praktiska
623 1294 172 49 öfningar
822 1294 12 36 i
863 1299 118 32 större
1010 1294 161 48 omfång,
1205 1294 97 36 varit
1330 1294 166 49 omöjlig,
1527 1299 88 31 enär
1641 1299 187 44 utrymme
1857 1294 124 37 dertill

389 1346 164 37 saknats.
610 1346 55 37 Då
704 1346 261 37 institutionen
1006 1349 39 34 år
1088 1347 96 36 1885
1227 1346 249 49 öfverflyttats
1508 1346 57 37 till
1592 1346 126 49 gamla
1745 1346 233 37 konsistorii-

388 1399 111 36 huset
527 1398 68 37 och
622 1399 70 36 fått
720 1399 103 36 detta
846 1399 78 36 helt
952 1399 69 36 och
1048 1399 114 36 hållet
1188 1398 57 37 till
1269 1398 66 37 sitt
1353 1398 231 49 förfogande,
1605 1399 94 36 hade
1719 1399 261 36 institutionen

388 1451 178 36 tilldelats
599 1456 55 31 ett
686 1454 40 34 så
752 1451 188 49 betydligt
973 1457 118 31 större
1118 1456 199 44 utrymme,
1346 1451 315 49 hufvudsakligen
1688 1451 12 36 i
1728 1451 170 37 ändamål
1926 1456 54 31 att

389 1503 226 49 möjliggöra
643 1503 265 50 upprättandet
936 1503 41 37 af
999 1516 46 24 en
1073 1503 291 49 öfningsanstalt
1392 1503 41 36 af
1455 1503 63 37 det
1546 1483 93 69 slag,
1670 1516 78 24 som
1769 1503 63 37 det
1850 1503 130 37 nutida

390 1555 139 37 studiet
554 1556 41 36 af
609 1556 220 48 mineralogi
848 1556 69 36 och
935 1556 150 49 geologi
1105 1532 180 60 fordrade.
1328 1556 120 36 Dessa
1466 1556 141 36 lokaler
1625 1569 88 23 vore
1733 1555 94 37 dock
1846 1555 134 37 hittills

389 1605 132 39 endast
549 1607 117 37 delvis
694 1585 155 59 inredda
876 1607 56 37 för
960 1608 107 36 deras
1090 1621 74 36 nya
1182 1608 273 48 bestämmelse,
1477 1608 68 36 och
1563 1607 153 37 framför
1736 1608 65 36 allt
1820 1608 160 36 fattades

388 1659 192 37 derstädes
622 1660 72 36 den
733 1660 287 37 instrumentala
1060 1660 276 49 utrustningen,
1364 1665 92 32 utan
1481 1660 154 37 hvilken
1661 1660 168 37 hvarken
1856 1663 124 45 någon

388 1711 271 50 undervisning
678 1712 89 37 eller
780 1716 118 45 några
911 1712 286 50 vetenskapliga
1210 1712 325 49 undersökningar
1549 1712 124 36 kunde
1689 1712 288 37 åstadkommas.

517 1764 73 37 Det
630 1778 88 23 vore
760 1765 143 36 således
944 1764 132 37 endast
1117 1770 54 31 ett
1210 1764 233 50 fullföljande
1484 1765 40 36 af
1559 1765 72 36 den
1658 1764 115 37 redan
1800 1764 179 37 beträdda

388 1820 134 44 vägen,
564 1816 46 37 då
649 1830 50 23 nu
740 1817 56 37 för
836 1816 261 37 Institutionen
1138 1816 181 49 begärdes
1353 1829 75 37 nya
1455 1817 132 48 anslag
1615 1816 78 37 dels
1721 1820 46 45 på
1796 1816 183 37 ordinarie

390 1873 85 43 stat,
505 1868 79 37 dels
613 1869 57 36 för
699 1882 46 23 en
771 1872 113 46 gång.

518 1920 72 37 Vid
630 1921 264 49 redogörelsen
935 1921 56 36 för
1031 1920 45 37 de
1118 1924 20 33 å
1178 1926 103 31 extra
1314 1926 74 31 stat
1417 1920 242 49 erforderliga
1686 1921 180 48 anslagen
1893 1920 86 37 ville

389 1972 410 49 departementschefen
826 1978 167 44 upptaga
1020 1973 131 49 frågan
1179 1986 59 23 om
1268 1973 62 37 det
1357 1973 145 49 belopp,
1524 1986 80 23 som
1623 1973 225 37 härutinnan
1867 1972 112 37 borde

388 2025 111 36 äskas
541 2030 55 32 att
636 2025 56 37 för
733 2039 46 23 en
819 2029 102 45 gång
961 2028 100 46 utgå.
1117 2025 236 37 Beträffande
1380 2025 251 49 tillökningen
1659 2028 19 34 å
1707 2025 169 37 ordinare
1905 2030 74 32 stat

390 2077 95 37 hade
513 2077 282 38 institutionens
823 2077 253 37 föreståndare
1105 2077 122 37 anfört
1254 2077 174 50 följande.

516 2129 73 37 Det
629 2130 214 37 nuvarande
885 2130 232 49 årsanslaget
1143 2130 174 49 utgjorde
1349 2132 109 47 1,850
1487 2130 147 48 kronor,
1664 2130 135 36 hvaraf
1821 2130 158 49 utginge

389 2181 166 49 aflöning
596 2185 37 33 åt
674 2196 45 22 en
760 2196 202 23 amanuens
1004 2182 85 37 med
1117 2184 73 35 500
1219 2182 147 49 kronor,
1395 2182 165 49 aflöning
1588 2185 35 33 åt
1653 2195 45 23 en
1726 2183 252 35 vaktmästare

390 2234 84 36 med
505 2236 72 35 500
605 2235 137 36 kronor
770 2235 69 36 och
866 2234 57 37 till
950 2234 218 38 materielen
1188 2236 73 36 850
1281 2235 146 37 kronor.
1474 2235 119 36 Dessa
1612 2235 122 36 medel
1752 2235 94 36 hade
1865 2234 115 37 redan

389 2287 57 36 för
472 2286 111 49 länge
612 2287 114 37 sedan
754 2287 98 37 visat
880 2287 60 49 sig
967 2287 151 37 alldeles
1147 2287 247 49 otillräckliga
1421 2287 57 37 för
1496 2287 280 37 institutionens
1797 2287 180 36 ändamål.

389 2339 161 37 Dermed
578 2339 95 37 hade
702 2339 32 50 ej
765 2352 66 24 ens
859 2339 143 37 kunnat
1029 2339 218 50 tillgodoses
1276 2340 272 50 samlingarnas
1576 2339 123 48 behof,
1730 2343 39 33 så
1797 2345 54 31 att
1871 2339 110 37 dessa
