1922 2868
500 180 412 29 Konstitutionsutskottets
934 179 163 28 utlåtande
1122 178 47 29 Nr
1190 182 49 27 13.
1602 176 16 32 1

790 568 61 41 Nr
880 568 57 40 13.

515 714 117 28 Ankom
656 713 46 28 till
725 713 171 33 riksdagens
919 712 94 28 kansli
1036 712 58 27 den
1119 713 17 26 6
1160 720 78 18 mars
1261 711 81 27 1930
1367 709 38 28 kl.
1431 711 36 26 11
1494 708 20 28 f.
1539 718 38 18 m.

336 844 436 33 Konstitutionsutskottets
794 842 174 34 utlåtande
991 844 13 31 i
1026 841 180 39 anledning
1229 852 41 22 av
1294 840 101 33 väckt
1418 841 123 30 motion
1565 850 55 20 an-

557 894 129 40 gående
706 894 127 33 sådana
855 893 183 38 ändringar
1059 895 13 30 i
1095 891 262 40 grundlagarna,
1378 893 51 30 att
1451 889 62 33 den
1536 900 85 22 sam-

559 944 316 34 hällsomstörtande
900 943 241 39 propagandan
1166 943 55 31 må
1248 941 112 33 kunna
1386 940 129 40 stävjas
1541 939 82 33 eller

558 996 200 32 åtminstone
781 994 182 40 försvåras.

157 1132 18 32 I
192 1144 39 20 en
249 1132 88 32 inom
354 1131 105 33 andra
476 1130 193 33 kammaren
686 1129 102 33 väckt
805 1129 133 39 motion,
956 1141 39 20 nr
1014 1129 74 38 399,
1107 1128 62 32 har
1187 1127 76 32 herr
1282 1127 135 38 Edberg
1437 1124 183 38 hemställt,

112 1186 73 29 »att
199 1182 181 38 riksdagen
394 1181 129 33 avlåter
536 1193 40 20 en
590 1180 162 33 skrivelse
766 1180 53 32 till
835 1179 128 39 Kungl.
979 1179 112 38 Maj:t,
1106 1179 12 31 i
1133 1177 113 33 vilken
1262 1177 181 38 riksdagen
1459 1175 161 38 anhåller,

115 1236 51 28 att
188 1231 128 40 Kungl.
338 1231 103 39 Maj:t
461 1232 103 32 måtte
586 1231 196 38 igångsätta
805 1242 38 21 en
865 1229 191 39 utredning,
1079 1228 160 39 syftande
1261 1227 54 33 till
1338 1226 125 34 sådana
1486 1226 135 33 föränd-

116 1284 116 38 ringar
251 1283 13 32 i
285 1282 250 40 grundlagarna
557 1285 52 29 att
630 1281 61 33 den
714 1279 386 34 samhällsomstörtande
1123 1278 240 40 propagandan
1384 1278 104 32 måtte
1508 1276 114 33 kunna

117 1333 127 39 stävjas
263 1332 81 34 eller
360 1332 199 33 åtminstone
577 1332 172 32 försvåras
767 1331 60 33 och
844 1334 52 29 att
912 1330 129 39 Kungl.
1059 1329 104 39 Maj:t
1180 1329 149 32 därefter
1345 1329 105 32 måtte
1466 1328 53 32 för
1538 1326 84 33 riks-

116 1384 108 39 dagen
248 1383 193 39 framlägga
466 1383 38 33 de
528 1382 142 39 förslag,
693 1382 116 32 vartill
834 1381 105 32 denna
962 1380 183 39 utredning
1165 1379 68 33 kan
1258 1378 207 34 föranleda.»

160 1434 226 33 Beträffande
406 1433 240 38 motiveringen
668 1433 56 31 får
744 1432 165 32 utskottet
928 1431 140 32 hänvisa
1088 1430 56 32 till
1165 1430 176 32 motionen.

160 1536 68 31 Det
248 1536 12 31 i
283 1534 220 33 förevarande
526 1534 124 32 motion
671 1533 139 33 berörda
834 1532 238 33 rättsområdet
1094 1536 38 27 är
1155 1531 53 32 för
1230 1529 207 33 närvarande
1459 1529 13 31 i
1495 1527 127 33 huvud-

117 1586 61 32 sak
197 1585 146 39 reglerat
359 1585 12 32 i
390 1584 125 33 allmän
534 1584 67 39 lag,
622 1584 73 33 icke
714 1584 13 32 i
745 1583 179 39 grundlag.
956 1581 149 34 Sålunda
1125 1580 168 33 meddelas
1312 1580 13 31 i
1344 1579 206 39 strafflagen
1569 1578 54 32 be-

117 1636 207 33 stämmelser
344 1647 51 21 om
417 1635 104 32 straff
542 1635 54 32 för
613 1634 93 33 vissa
724 1633 203 40 handlingar
946 1644 42 21 av
1007 1632 63 32 här
1088 1630 263 40 ifrågavarande
1371 1633 68 35 art;
1460 1629 12 32 1
1492 1629 79 38 kap.
1593 1629 30 38 8,

119 1686 40 40 28
185 1688 84 31 1—3
294 1686 266 39 straffbelägges
585 1684 177 39 förräderi,
787 1683 183 39 stämpling
993 1683 55 32 till
1071 1681 166 34 förräderi
1261 1680 61 33 och
1345 1679 115 34 försök
1483 1683 51 29 att
1557 1679 67 33 för-

117 1737 75 33 leda
211 1737 54 32 till
284 1736 176 39 förräderi,
478 1736 13 32 i
507 1735 81 39 kap.
608 1737 52 37 10,
680 1734 19 40 8
720 1736 40 31 14
778 1733 209 40 uppmaning
1004 1733 55 33 till
1076 1732 93 33 brott
1187 1731 61 33 och
1266 1731 157 39 prisande
1442 1742 42 20 av
1502 1730 122 32 brotts-

118 1788 50 39 lig
185 1787 173 38 handling.
390 1787 120 38 Enligt
527 1786 207 38 strafflagen
751 1785 79 38 kap.
850 1785 30 38 2,
901 1785 19 39 $
940 1785 40 31 19
999 1783 114 33 kunna
1132 1783 91 32 brott
1240 1794 43 20 av
1301 1781 144 39 angiven
1465 1784 54 29 art
1536 1780 88 33 med-

119 1839 74 32 föra
214 1838 61 32 den
296 1837 142 39 påföljd,
459 1840 51 29 att
528 1836 246 33 vederbörande
793 1835 75 33 icke
886 1835 54 32 må
960 1838 101 29 utöva
1082 1833 125 33 allmän
1227 1832 194 38 befattning
1441 1831 81 33 eller
1542 1833 82 30 röst-

119 1892 69 29 rätt
206 1889 57 31 vid
283 1888 161 39 politiska
463 1887 60 33 och
542 1886 214 33 kommunala
776 1885 57 32 val
853 1885 81 32 eller
952 1884 96 38 eljest
1076 1884 4 32 i
1098 1882 215 34 kommunala
1334 1881 291 39 angelägenheter.

119 1940 18 31 I
161 1939 252 38 grundlagarna
438 1938 111 32 finnas
573 1937 119 32 endast
713 1939 48 29 ett
783 1947 64 27 par
867 1934 259 38 bestämmelser,
1151 1945 69 20 som
1244 1933 53 32 stå
1319 1932 12 32 1
1354 1932 86 32 visst
1462 1943 162 21 samman-

119 1990 90 38 hang
226 1989 74 32 med
320 1989 39 31 de
377 1988 155 32 nämnda.
563 1987 18 32 I
601 1987 18 38 8
640 1988 41 31 26
701 1985 340 39 riksdagsordningen
1061 1983 137 39 stadgas
1218 1983 101 32 bland
1340 1986 111 34 annat,
1471 1985 52 29 att
1541 1981 84 32 riks-

120 2038 399 40 dagsmannabefattning
540 2037 30 38 ej
590 2037 68 32 kan
678 2040 117 29 utövas
816 2048 43 20 av
881 2035 71 38 den,
974 2046 68 21 som
1063 2035 44 38 på
1128 2033 109 39 grund
1257 2045 42 20 av
1320 2032 120 33 ådömd
1460 2031 165 39 straffpå-

120 2089 87 39 följd
233 2088 73 34 icke
332 2089 54 32 må
412 2091 100 29 utöva
539 2087 125 33 allmän
690 2086 194 38 befattning
909 2085 81 33 eller
1015 2096 117 28 genom
1159 2083 125 38 utslag,
1312 2094 69 21 som
1407 2081 74 33 icke
1506 2081 121 33 vunnit

116 2142 79 37 laga
217 2140 105 39 kraft,
345 2145 38 27 är
406 2139 97 32 dömd
525 2138 54 33 till
603 2138 104 32 sådan
731 2135 251 40 straffpåföljd.
1028 2135 67 32 Det
1117 2134 59 33 bör
1199 2133 61 33 ock
1283 2133 139 38 erinras,
1446 2135 52 29 att
1520 2131 106 39 enligt

121 2190 19 39 8
170 2191 62 31 110
262 2189 302 39 regeringsformen
595 2187 233 39 riksdagsman
857 2185 118 34 endast
1002 2186 87 32 efter
1115 2184 112 33 beslut
1253 2183 74 33 med
1356 2183 69 32 fem
1452 2181 173 39 sjättedels

120 2240 170 38 majoritet
313 2240 11 31 i
349 2238 245 34 vederbörande
620 2238 169 32 kammare
814 2236 66 32 kan
906 2235 119 33 ställas
1048 2234 107 33 under
1178 2233 104 33 tilltal
1307 2233 81 33 eller
1412 2233 137 32 berövas
1574 2231 51 33 sin

121 2291 105 31 frihet
244 2290 55 32 för
317 2290 73 32 sina
410 2289 184 38 gärningar
613 2288 82 32 eller
713 2286 181 40 yttranden
912 2286 12 32 i
942 2285 169 38 egenskap
1131 2296 44 20 av
1193 2283 247 39 riksdagsman.

163 2342 64 31 Att
244 2341 179 31 härutöver
441 2339 11 31 i
470 2338 254 39 grundlagarna
739 2340 154 35 upptaga
911 2334 249 33 bestämmelser
1179 2334 44 38 på
1242 2333 145 38 angivna
1407 2331 132 33 område
1561 2331 65 32 fin-

117 2403 58 20 ner
194 2390 165 32 utskottet
378 2388 188 39 olämpligt.
608 2387 136 38 Frågan
764 2398 52 21 om
835 2385 81 33 eller
934 2386 13 31 i
964 2384 67 33 vad
1050 2384 77 31 mån
1148 2383 184 38 ändringar
1351 2383 11 31 i
1383 2381 143 33 anförda
1546 2381 81 32 eller

119 2441 104 32 andra
247 2440 11 31 i
282 2439 124 33 allmän
431 2439 57 37 lag
511 2438 102 38 givna
636 2435 249 34 bestämmelser
908 2435 114 32 kunna
1044 2445 82 21 vara
1151 2432 178 40 påkallade
1354 2432 110 38 ligger
1487 2431 140 33 utanför

119 2490 181 32 utskottets
319 2488 200 39 befogenhet
538 2491 50 29 att
607 2491 115 35 pröva.

162 2561 115 33 Bihang
300 2560 47 28 till
370 2559 173 33 riksdagens
564 2557 144 35 protokoll
731 2559 89 27 1980.
857 2559 16 26 5&
897 2556 83 28 saml.
1017 2558 17 25 6
1059 2554 75 34 häft.
1169 2548 57 37 (Nr
1251 2550 63 34 13.)
1570 2555 16 26 1

1659 1532 157 28 Utskottets

1665 1566 143 35 yttrande.
