1903 2830
250 168 18 31 2
596 169 286 31 Statsutskottets
901 168 240 31 utlåtande
1103 164 41 45 nr
1161 168 59 31 101
1241 169 40 31 år
1300 169 83 30 1969

298 249 13 29 I
336 249 178 30 motionen
539 250 45 30 II:
601 249 62 31 305
688 250 119 30 berörs
832 259 43 21 en
899 250 87 30 teori
1011 259 56 21 om
1094 257 122 32 gasens
1241 249 172 40 vandring
1436 250 12 29 i
1473 258 42 21 en
1540 257 122 32 genom
1688 249 48 29 ett

251 294 183 40 jordskalv
462 295 239 40 uppkommen
731 295 183 39 sprickzon
943 295 81 31 från
1055 295 103 30 södra
1187 294 182 41 Östersjön
1399 294 53 31 till
1482 294 253 40 Östergötland.

253 340 121 30 Denna
394 341 329 40 sammankoppling
742 351 42 20 av
802 340 371 31 kolväteförekomster
1190 341 12 29 i
1222 341 103 30 södra
1344 339 309 41 östersjöområdet
1671 339 64 31 och

252 385 244 40 Östergötland
524 387 70 29 kan
622 387 171 29 uteslutas
820 386 108 30 redan
956 395 42 21 av
1025 386 57 30 det
1111 387 111 29 skälet
1250 388 51 28 att
1328 395 43 21 en
1399 385 109 31 sådan
1535 385 200 40 hypotetisk

253 431 183 38 sprickzon
459 431 112 30 skulle
592 440 84 21 vara
698 431 207 39 vattenfylld
928 431 65 30 och
1014 431 109 39 några
1145 431 198 39 geologiska
1364 430 294 40 förutsättningar
1680 430 55 30 för

252 475 210 40 gasrörelser
481 476 80 30 över
581 475 132 31 sådana
731 476 228 30 horisontella
978 476 147 31 avstånd
1145 477 30 39 ej
1197 476 70 30 kan
1287 475 149 40 påvisas.

296 521 13 29 I
327 522 178 29 motionen
522 522 64 29 har
603 522 119 30 vidare
739 522 169 39 påpekats
926 524 50 28 att
994 522 343 39 gasutströmningen
1354 523 11 28 i
1383 521 352 40 observationspunk-

252 568 100 29 terna
367 567 91 30 varit
474 567 167 30 konstant
659 567 81 30 eller
758 567 52 30 till
827 567 65 30 och
909 568 79 29 med
1006 568 82 29 ökat
1105 567 115 39 något.
1238 567 78 30 Med
1334 567 66 30 den
1418 566 316 31 underkambriska

251 612 212 30 sandstenen
491 621 74 21 som
593 612 319 40 reservoarbergart
939 612 106 30 borde
1073 612 106 40 enligt
1207 612 219 30 motionären
1454 612 280 39 utströmningen

251 657 141 30 minska
414 657 82 30 eller
518 657 161 40 upphöra
701 658 165 30 eftersom
889 667 82 21 man
995 658 30 40 ej
1052 658 69 30 kan
1145 658 112 30 räkna
1279 658 79 30 med
1381 657 207 41 nybildning
1610 667 41 21 av
1675 665 59 32 gas

250 703 11 30 i
285 703 223 30 sandstenen.

295 748 79 30 Viss
397 748 206 40 nybildning
626 758 42 21 av
691 756 58 31 gas
772 748 71 30 kan
866 749 191 30 emellertid
1080 749 126 30 tänkas
1230 750 61 29 ske
1314 750 10 29 i
1348 749 247 36 alunskiffern,
1618 749 116 30 vartill

252 794 70 29 kan
344 794 98 39 fogas
466 795 50 28 att
537 794 57 29 det
616 795 101 39 tryck
739 794 110 30 under
870 793 108 30 vilket
1000 801 104 32 gasen
1126 794 160 30 befinner
1309 794 51 40 sig
1381 795 11 29 i
1416 794 210 30 sandstenen
1648 803 86 31 upp-

250 838 182 31 rätthålles
460 846 122 31 genom
609 839 171 30 inverkan
807 849 42 20 av
876 839 57 30 det
959 840 11 29 i
998 839 242 39 berggrunden
1267 839 181 39 befintliga
1476 840 257 39 grundvattnet.

252 883 85 29 Sker
361 883 139 29 utträde
525 892 42 20 av
589 885 119 27 vatten
732 884 65 28 och
823 890 60 32 gas
906 884 12 28 i
943 893 42 19 en
1009 883 126 35 brunn,
1160 884 159 29 kommer
1343 885 10 28 i
1378 884 242 39 berggrunden
1645 884 89 29 före-

251 927 211 30 kommande
483 934 59 33 gas
562 927 95 31 inom
679 928 67 30 den
766 928 177 30 närmaste
964 927 245 41 omgivningen
1230 930 50 29 att
1301 938 42 21 av
1364 929 370 40 grundvattentrycket

250 974 96 29 föras
370 975 74 28 mot
466 973 172 30 brunnen.
664 973 13 29 I
700 974 93 29 vissa
817 974 62 29 fall
903 974 70 29 kan
997 984 42 20 en
1063 974 115 30 brunn
1202 974 152 30 influera
1379 984 42 20 en
1446 976 72 28 stor
1541 984 193 20 reservoar-

246 1019 125 39 volym,
395 1019 119 30 varför
536 1019 223 40 gasbrunnen
781 1019 67 31 blir
872 1019 227 40 »långlivad>.
1123 1021 53 29 En
1200 1020 131 41 ökning
1354 1021 10 29 i
1388 1021 343 40 gasutströmningen

251 1063 69 29 kan
341 1063 82 30 bero
443 1062 44 40 på
507 1065 50 27 att
577 1063 429 39 grundvattenrörelserna
1026 1063 141 40 frigjort
1187 1074 42 20 en
1248 1065 11 29 i
1280 1074 42 20 en
1344 1064 134 30 »ficka>
1502 1064 145 40 tidigare
1667 1064 66 30 låst

251 1108 201 39 gasmängd.

295 1153 13 29 I
336 1153 179 30 motionen
543 1153 192 31 innefattas
765 1154 154 30 förutom
948 1156 167 37 naturgas
1145 1154 86 30 även
1261 1155 81 39 olja.
1371 1155 100 39 Fynd
1501 1164 41 21 av
1571 1154 162 30 kolväten

249 1198 10 29 i
283 1198 91 30 form
397 1207 43 21 av
461 1199 72 40 olja
554 1200 10 29 i
588 1199 210 31 utvinnbara
821 1199 209 30 kvantiteter
1052 1200 98 30 torde
1172 1200 55 30 för
1251 1199 261 40 Östergötlands
1535 1201 54 29 del
1613 1200 120 29 kunna

250 1244 181 29 uteslutas.

294 1290 64 29 Det
382 1290 198 40 geologiska
602 1291 169 34 material,
796 1290 45 41 på
863 1290 107 30 vilket
994 1290 80 31 SGU
1099 1290 150 40 grundat
1273 1290 77 30 sina
1372 1290 126 30 hittills
1522 1289 124 41 gjorda
1667 1291 66 39 ytt-

249 1335 133 29 randen
402 1336 149 29 rörande
572 1335 298 40 förutsättningen
891 1338 51 27 att
961 1336 100 29 finna
1082 1343 59 32 gas
1162 1336 11 29 i
1194 1335 244 39 Östergötland
1459 1336 120 39 utgörs
1599 1335 134 30 huvud-

250 1379 157 40 sakligen
427 1389 43 20 av
489 1380 299 39 kärnborrningar
810 1390 42 20 av
872 1379 94 31 vilka
987 1379 109 40 några
1117 1380 60 39 går
1199 1388 122 31 genom
1344 1380 66 30 den
1432 1379 235 31 sedimentära
1687 1380 47 29 la-

249 1424 173 40 gerserien
447 1426 66 29 och
537 1425 64 30 når
626 1425 170 40 urberget.
823 1425 103 30 Detta
950 1425 159 30 material
1134 1425 129 30 tillåter
1289 1426 123 29 endast
1438 1435 41 20 en
1505 1426 149 39 generell
1679 1425 55 30 be-

249 1470 168 39 dömning
436 1479 42 21 av
496 1470 270 40 möjligheterna
786 1471 38 30 så
843 1471 52 30 till
914 1471 80 29 vida
1014 1473 50 27 att
1083 1470 221 40 fyndigheter
1324 1481 42 20 av
1385 1471 153 39 regional
1558 1470 175 40 betydelse

248 1516 71 28 kan
343 1516 181 29 uteslutas.

292 1560 102 30 Trots
418 1560 94 30 detta
534 1560 64 30 har
621 1560 238 30 förekomsten
883 1570 42 20 av
947 1568 59 32 gas
1029 1561 10 29 i
1063 1560 262 40 Östergötlands
1348 1560 197 40 berggrund
1568 1560 165 40 betydan-

249 1605 42 30 de
307 1606 158 29 intresse.
484 1606 64 29 Det
566 1607 70 28 kan
653 1606 72 29 inte
742 1606 179 30 betraktas
940 1615 74 21 som
1033 1606 166 30 uteslutet
1217 1608 50 28 att
1283 1606 200 40 ytterligare
1501 1606 231 30 förekomster

248 1650 56 29 för
323 1650 110 30 lokalt
452 1650 226 39 utnyttjande
697 1651 70 29 kan
787 1650 184 39 påträffas.
992 1650 193 30 Därutöver
1207 1651 112 30 skulle
1339 1661 42 20 en
1401 1651 112 30 bättre
1534 1651 197 30 kännedom

247 1695 222 30 beträffande
492 1703 123 31 gasens
639 1696 168 29 karaktär
830 1696 65 30 och
918 1695 265 31 förekomstsätt
1206 1705 83 21 vara
1312 1706 42 20 av
1375 1696 105 30 värde
1503 1696 55 30 för
1581 1696 152 30 kolväte-

248 1740 310 39 prospekteringen
584 1741 10 29 i
622 1740 318 39 östersjöområdet,
968 1740 164 30 eftersom
1159 1741 232 29 förekomster
1417 1750 42 20 av
1485 1749 58 32 gas
1570 1742 65 29 och
1662 1741 70 35 olja

248 1786 10 28 i
278 1786 95 28 detta
390 1785 142 30 område
551 1786 70 29 kan
639 1786 125 29 tänkas
784 1786 174 38 uppträda
975 1786 10 29 i
1004 1786 245 29 motsvarande
1267 1786 253 38 bergartslager
1538 1787 65 29 och
1621 1786 110 29 under

248 1830 166 29 liknande
444 1829 217 39 betingelser.
694 1829 211 40 Härigenom
937 1830 163 39 erbjuder
1131 1830 265 39 östgötaslätten
1427 1830 221 40 möjligheter
1679 1830 53 30 till

247 1875 273 34 modellstudier,
547 1884 80 20 vars
655 1875 146 30 resultat
829 1875 106 30 också
962 1875 70 30 kan
1059 1885 84 20 vara
1170 1875 239 39 applicerbara
1437 1876 45 39 på
1509 1876 223 36 östersjöom-

247 1919 107 34 rådet,
384 1920 63 29 där
474 1920 246 29 motsvarande
748 1920 213 38 bergartsled
991 1921 37 28 är
1056 1921 139 38 mycket
1225 1920 280 40 svåråtkomliga.
1535 1920 197 30 Undersök-

247 1964 129 38 ningen
398 1964 106 29 borde
527 1973 79 21 avse
628 1964 210 30 variationer
861 1965 10 29 i
895 1964 229 30 sandstenens
1148 1965 190 39 porvolym,
1362 1965 184 30 seismiska
1568 1966 65 30 och
1657 1973 75 32 geo-

247 2009 134 38 logiska
402 2009 132 29 studier
554 2009 55 30 för
629 2011 50 28 att
699 2009 120 39 påvisa
840 2010 242 38 gassamlande
1102 2011 208 34 strukturer,
1333 2012 90 28 samt
1443 2011 93 30 vissa
1555 2011 177 39 paleonto-

247 2054 134 39 logiska
404 2054 65 29 och
491 2054 223 39 geokemiska
737 2054 141 30 studier.
902 2054 245 31 Motsvarande
1169 2055 142 30 arbeten
1333 2056 106 30 borde
1462 2056 106 30 också
1590 2057 142 29 komma

250 2099 50 29 till
321 2099 102 29 stånd
442 2098 44 40 på
506 2098 122 30 Öland.
648 2099 49 30 De
716 2100 112 29 medel
849 2109 73 20 som
944 2100 80 30 SGU
1043 2109 48 20 nu
1111 2100 156 39 förfogar
1288 2101 79 29 över
1387 2101 55 29 för
1462 2101 270 39 oljegeologiska

247 2144 141 29 arbeten
406 2144 140 39 medger
564 2144 192 30 emellertid
774 2144 76 30 icke
869 2144 237 40 upptagandet
1125 2155 41 20 av
1185 2145 132 30 sådana
1334 2145 314 40 undersökningar.

290 2244 184 30 Utskottet.
497 2244 51 30 Av
571 2244 153 39 Sveriges
748 2243 198 40 geologiska
967 2244 281 39 undersöknings
1270 2245 163 38 yttrande
1456 2246 80 29 över
1558 2246 67 29 den
1647 2246 81 29 ifrå-

245 2298 196 39 gavarande
461 2298 180 29 motionen
662 2297 155 40 framgår
839 2299 51 28 att
913 2297 80 31 SGU
1015 2297 71 31 inte
1108 2297 163 31 bedömer
1293 2299 57 29 det
1373 2308 74 21 som
1470 2299 72 30 helt
1564 2300 164 29 uteslutet

246 2353 50 28 att
315 2351 199 40 ytterligare
535 2351 232 30 förekomster
788 2361 42 20 av
849 2352 167 39 naturgas
1037 2352 55 30 för
1112 2352 109 30 lokalt
1240 2352 93 30 bruk
1352 2354 71 29 kan
1443 2353 173 39 påträffas
1637 2354 10 29 i
1669 2353 59 30 Ös-

247 2405 212 39 tergötlands
485 2404 208 40 berggrund.
720 2405 117 40 Enligt
864 2405 80 31 SGU
971 2406 112 30 skulle
1109 2406 187 30 därutöver
1323 2416 42 20 en
1391 2407 113 30 bättre
1530 2408 197 29 kännedom

244 2459 221 29 beträffande
489 2466 122 31 gasens
635 2459 167 29 karaktär
826 2459 65 30 och
913 2458 265 31 förekomstsätt
1200 2468 83 21 vara
1307 2470 41 20 av
1371 2460 105 30 värde
1499 2461 55 30 för
1577 2462 150 29 kolväte-

243 2512 311 39 prospekteringen
580 2513 11 28 i
619 2512 319 39 Östersjöområdet.
