2196 2642
415 227 36 28 10
876 230 360 31 Konstitutionsutskottets
1263 233 154 30 Utlåtande
1440 235 58 28 N:o
1521 236 28 28 8.

511 303 126 37 Under
675 305 251 38 innevarande
965 308 150 47 riksdag
1154 309 65 36 har
1255 310 85 36 herr
1368 310 36 36 E.
1432 310 135 38 Olsson
1595 312 210 38 äfvenledes
1833 315 108 35 väckt
1968 327 44 24 en

411 354 139 35 motion
589 368 60 23 om
676 355 158 49 ändring
862 356 40 36 af
924 359 251 48 nyssnämnda
1202 360 220 50 paragrafer,
1450 375 84 23 men
1562 364 12 35 i
1601 377 44 22 en
1672 364 78 36 helt
1776 377 124 23 annan
1927 366 87 47 rigt-

410 404 89 47 ning
534 412 46 29 än
616 405 221 49 föregående
868 408 85 36 året.
1006 408 141 38 Genom
1176 412 188 36 motionen
1393 412 42 36 af
1453 413 41 36 år
1523 417 95 34 1895
1648 414 118 47 afsågs
1794 428 44 23 en
1866 416 147 46 lösning

411 453 39 37 af
474 455 68 36 den
571 456 112 37 sedan
711 458 108 46 länge
846 458 47 47 på
920 459 279 48 dagordningen
1227 462 150 38 stående
1403 462 130 49 frågan
1562 477 61 24 om
1650 466 200 46 ovilkorlig
1868 472 73 30 rätt
1959 473 54 29 att

408 504 48 47 på
480 506 256 49 landsbygden
763 509 139 36 likaväl
928 522 78 24 som
1033 512 12 34 i
1072 512 81 35 stad
1180 514 159 47 anlägga
1366 514 244 49 boktryckeri.
1650 515 190 38 Motionen
1859 517 41 36 af
1918 520 91 34 1896

409 554 94 38 afser
538 563 55 30 att
626 557 59 37 för
711 559 105 36 alltid
844 560 151 37 beröfva
1021 562 258 50 landsbygden
1307 564 120 37 denna
1453 571 74 30 rätt
1554 567 69 35 och
1649 567 12 35 i
1688 568 121 35 stället
1836 575 89 40 göra
1951 581 61 22 an-

407 606 178 50 läggning
611 608 41 36 af
674 609 238 46 boktryckeri
938 611 21 36 å
984 612 127 37 landet
1137 614 183 37 beroende
1347 615 41 36 af
1411 615 227 51 Konungens
1665 617 271 48 medgifvande.
1994 667 3 4 |

507 658 71 36 Det
603 659 150 48 förslag,
781 673 80 24 som
889 663 230 37 motionären
1147 665 12 35 i
1187 664 40 37 år
1254 664 184 38 framstält
1468 666 268 49 beträffande
1717 654 21 65 $
1761 673 27 41 1,
1807 669 205 36 innehåller

406 713 56 31 tre
500 710 180 36 särskilda
719 711 283 49 bestämningar.
1055 713 142 38 Genom
1238 716 70 36 den
1348 717 114 36 första
1497 718 279 49 bestämningen
1812 721 118 35 skulle
1966 734 44 23 en

406 760 131 46 partiel
565 761 224 49 utvidgning
816 762 41 37 af
880 762 156 39 friheten
1057 771 55 30 att
1139 767 158 48 anlägga
1325 768 278 45 boktryckerier
1621 770 140 45 vinnas,
1782 778 88 28 enär
1887 776 121 31 rätten

397 810 66 35 till
497 810 114 37 sådan
640 813 226 48 anläggning
893 815 118 36 skulle
1037 816 102 35 inom
1165 817 141 48 köping
1332 818 116 37 blifva
1474 820 76 35 lika
1577 821 198 47 ovilkorlig
1803 834 78 23 som
1908 823 101 35 inom

406 860 89 35 stad.
546 861 82 37 Den
667 863 116 36 andra
823 864 280 48 bestämningen
1144 866 76 38 åter
1258 869 121 36 skulle
1417 870 169 46 borttaga
1628 884 44 23 en
1704 868 306 57 grundlagsenlig

405 911 182 48 rättighet,
624 925 77 24 som
738 915 116 45 enligt
880 917 170 44 gällande
1080 917 458 50 tryckfrihetsförordning
1563 922 227 36 tillkommer
1817 924 74 35 alla
1917 923 92 45 dem,

405 973 79 24 som
523 963 126 49 bygga
688 964 66 36 och
795 966 47 35 bo
879 967 100 36 inom
1016 981 44 23 en
1088 968 83 36 half
1194 970 65 35 mil
1286 969 83 37 från
1397 971 89 36 stad.
1540 970 144 38 Genom
1710 970 72 39 den
1809 973 117 48 tredje
1952 975 57 35 be-

405 1013 232 47 stämningen
673 1015 118 37 skulle
827 1022 120 32 rätten
983 1023 54 31 att
1073 1019 48 48 på
1156 1020 257 50 landsbygden
1441 1023 160 47 anlägga
1627 1024 237 49 boktryckeri
1891 1024 118 38 blifva

404 1062 96 37 blott
527 1064 183 50 vilkorlig.

502 1114 81 37 Den
610 1116 12 35 i
649 1117 189 37 motionen
872 1119 67 35 och
965 1120 199 37 utskottets
1190 1121 140 48 förslag
1357 1128 191 43 upptagna
1575 1124 291 46 bestämmelsen,
1894 1126 114 47 enligt

404 1164 149 37 hvilken
594 1167 209 37 inrättande
848 1168 41 36 af
924 1170 236 50 boktryckeri
1187 1172 47 49 på
1260 1173 255 49 landsbygden
1546 1175 118 36 skulle
1691 1183 106 40 göras
1825 1177 182 36 beroende

403 1214 41 36 af
466 1215 228 49 Konungens
726 1218 189 48 pröfning,
942 1221 106 36 torde
1074 1222 81 36 icke
1182 1235 89 24 vara
1298 1223 41 36 af
1362 1224 113 36 sådan
1502 1226 192 45 innebörd,
1720 1232 56 31 att
1794 1227 213 37 densamma

402 1266 68 36 bör
505 1267 114 37 vinna
653 1268 228 47 Riksdagens
908 1271 281 48 godkännande.
1241 1274 86 36 Med
1355 1288 44 23 en
1426 1276 185 36 vexlande
1637 1276 243 48 uppfattning
1905 1280 100 35 inom

401 1317 188 47 konseljen
630 1319 40 36 af
704 1320 285 48 tryckfrihetens.
1015 1322 163 38 fördelar
1204 1325 89 36 eller
1321 1326 235 47 olägenheter
1583 1328 119 36 skulle
1728 1328 78 36 helt
1832 1330 90 35 visst
1947 1343 59 33 pe-

402 1367 135 37 riodvis
577 1368 93 49 följa
710 1371 231 46 benägenhet
980 1374 88 36 eller
1108 1375 256 47 obenägenhet
1388 1375 58 37 för
1472 1377 297 49 boktryckeriers
1797 1380 209 37 inrättande

401 1418 47 48 på
474 1418 265 50 landsbygden.
781 1422 127 37 Under
926 1436 43 24 en
987 1425 130 46 period
1135 1425 105 37 torde
1258 1427 250 48 ansökningar
1526 1428 128 36 derom
1672 1430 176 46 temligen
1868 1431 137 36 undan-

400 1470 153 44 tagslöst
580 1471 161 48 beviljas,
769 1473 122 36 under
918 1487 43 23 en
988 1487 124 24 annan
1139 1472 128 51 period
1296 1477 78 37 åter
1399 1480 251 47 systematiskt
1677 1479 118 37 afslås.

499 1520 81 36 Den
609 1520 40 37 af
673 1524 179 36 utskottet
879 1524 209 50 föreslagna
1116 1527 259 49 ordalydelsen
1394 1529 229 36 beträffande
1641 1536 121 31 rätten
1781 1532 57 46 till
1857 1533 147 48 anlägg-

400 1571 90 46 ning
525 1571 41 36 af
589 1572 235 46 boktryckeri
853 1574 20 36 å
900 1576 124 36 landet
1051 1590 108 35 synes
1185 1591 90 24 vara
1301 1579 155 38 särdeles
1485 1580 154 49 otydlig.
1690 1579 227 50 Ansökning
1943 1597 60 22 om

399 1621 254 49 boktryckeris
693 1625 229 48 anläggning
961 1628 54 35 lär
1054 1629 80 35 icke
1173 1629 128 36 kunna
1341 1631 75 35 helt
1452 1632 228 46 opersonligt
1706 1633 153 46 beviljas
1886 1647 44 23 en
1958 1634 46 48 på

399 1670 255 51 landsbygden
682 1675 153 47 belägen
865 1683 58 29 ort
949 1678 118 35 såsom
1096 1678 123 47 sådan,
1246 1686 91 30 utan
1366 1681 118 37 skulle
1501 1682 62 36 väl
1582 1681 77 38 afse
1677 1696 44 23 en
1740 1683 48 48 på
1807 1684 71 36 den
1898 1691 104 30 orten

398 1722 121 36 bosatt
545 1737 133 33 person
707 1726 88 36 eller
822 1726 66 36 der
914 1728 170 47 befintlig
1110 1730 116 36 firma.
1271 1730 76 37 När
1365 1731 265 38 innehafvaren
1650 1732 40 37 af
1706 1747 44 22 en
1770 1735 91 36 eller
1879 1748 122 23 annan

398 1773 199 49 anledning
637 1776 147 47 upphör
822 1778 86 36 med
947 1779 62 36 sitt
1048 1780 245 49 boktryckeri,
1335 1782 39 36 så
1408 1784 56 34 lär
1490 1783 102 36 detta
1618 1785 79 35 icke
1723 1790 92 31 utan
1842 1785 159 49 förnyad

398 1823 172 47 ansökan,
592 1825 109 37 hvars
715 1827 211 49 beviljande
940 1837 40 28 är
994 1831 106 43 oviss,
1116 1832 126 36 kunna
1260 1832 152 48 öfvergå
1425 1834 56 35 till
1496 1847 124 23 annan
1634 1847 133 34 person
1783 1837 89 35 eller
1885 1837 116 36 firma.

496 1875 293 38 Beaktansvärdt
816 1879 115 37 måste
958 1880 62 37 det
1046 1882 70 35 ock
1143 1896 97 32 vara,
1268 1889 63 39 att,
1361 1897 59 22 om
1447 1885 310 37 tillståndbeviset
1775 1885 59 38 för
1853 1889 148 47 anlägg-

396 1925 90 48 ning
521 1926 40 36 af
592 1927 237 49 boktryckeri
865 1930 20 35 å
921 1930 256 50 landsbygden
1205 1941 40 28 är
1272 1934 142 37 bundet
1439 1935 62 35 vid
1530 1948 45 24 en
1602 1937 73 35 viss
1701 1950 144 33 person,
1872 1939 129 36 värdet

396 1974 41 37 af
460 1977 274 49 boktryckeriet
760 1980 63 36 vid
851 1980 121 37 denna
998 1995 151 35 persons
1175 1983 174 38 frånfälle
1376 1993 40 28 är
1441 1984 58 38 för
1525 1987 93 36 hans
1645 1986 190 48 arfvingar
1854 1989 39 36 så
1910 1989 90 47 godt

394 2037 80 39 som
500 2027 76 37 helt
604 2029 69 35 och
700 2030 115 37 hållet
842 2031 183 38 beroende
1053 2033 41 36 af
1118 2040 51 30 ett
1196 2040 84 45 nytt
1298 2035 297 39 tillståndsbevis.

494 2075 56 39 En
587 2079 158 48 ändring
776 2080 41 37 af
850 2082 506 53 tryckfrihetsförordningen
1383 2087 12 35 i
1422 2086 95 50 syfte
1544 2094 54 30 att
1624 2096 90 41 göra
1740 2089 257 49 landsbygden

394 2128 148 36 likstäld
578 2130 85 36 med
699 2131 80 36 stad
812 2133 11 35 i
850 2131 105 50 fråga
986 2148 60 22 om
1074 2141 75 30 rätt
1174 2137 58 35 till
1259 2137 295 48 boktryckeriers
1581 2140 227 48 anläggning
1837 2140 76 37 blef
1934 2142 64 35 vid

398 2182 91 33 1867
519 2182 58 34 års
604 2181 150 47 riksdag
780 2188 161 41 antagen
968 2190 54 30 att
1049 2185 100 37 hvila
1168 2187 120 36 såsom
1307 2187 351 49 grundlagsförslag.
1697 2189 151 39 Samma
1860 2191 138 47 förslag

393 2228 79 37 blef
505 2231 68 35 ock
601 2231 41 36 af
664 2232 209 49 Riksdagen
902 2234 41 36 år
972 2239 93 33 1870
1094 2237 202 45 godkändt,
1324 2251 82 23 men
1436 2252 98 24 vann
1562 2241 78 35 icke
1666 2240 106 37 bifall
1800 2242 41 36 af
1865 2242 131 47 Konul.

393 2279 107 47 Maj:t.
556 2281 184 39 Utskottet
767 2297 106 24 anser
900 2286 223 48 visserligen,
1151 2294 54 30 att
1231 2289 62 36 det
1320 2290 118 36 skulle
1460 2304 89 23 vara
1568 2290 265 49 följdrigtigast
1849 2299 56 30 att
1920 2294 76 36 vid-
