2251 2665
470 193 18 29 4
640 191 117 33 Andra
780 192 202 33 kammarens
1004 193 138 32 andra
1166 193 173 42 tillfälliga
1361 194 138 33 utskotts
1521 195 174 33 utlåtande
1714 196 51 32 Nr
1788 200 27 28 1.

525 280 17 37 I
570 279 193 39 motionen
790 280 50 39 ha
868 284 144 46 antytts
1040 281 80 49 fall,
1148 282 47 38 då
1223 282 76 38 åtal
1327 283 244 38 förekommit
1598 289 93 33 utan
1718 289 56 33 att
1788 284 243 39 hälsovårds-

427 332 142 37 nämnd
597 331 102 40 förut
731 332 109 38 blivit
867 332 95 37 hörd
990 338 92 32 över
1110 334 125 37 åtalet.
1289 335 58 37 Då
1374 335 211 38 emellertid
1614 336 199 51 samtidigt
1839 337 190 51 upplysts,

427 389 56 32 att
511 384 206 48 åklagaren
745 384 136 37 vunnit
909 384 280 39 domstolarnas
1217 386 106 38 bifall
1351 387 57 36 till
1436 387 59 37 sin
1510 387 115 49 talan,
1641 389 130 37 kunna
1785 389 245 50 uppenbarli-

427 448 76 37 gen
532 435 128 50 dylika
687 435 67 38 fall
781 436 84 37 icke
893 436 137 50 läggas
1055 436 57 38 till
1139 437 126 50 grund
1293 438 60 38 för
1381 438 107 38 bifall
1514 439 58 37 till
1601 440 207 49 motionen,
1836 446 92 33 utan
1945 455 85 23 sna-

427 500 86 25 rare
541 487 59 37 för
627 493 56 32 ett
710 487 258 51 avstyrkande
997 502 47 23 av
1071 489 234 38 densamma.

524 539 88 37 Med
640 539 210 50 anledning
877 553 47 24 av
951 540 73 37 vad
1052 540 161 39 sålunda
1243 542 144 37 anförts
1415 542 221 38 hemställer
1663 543 201 49 utskottet,

877 647 55 34 att
971 643 252 39 förevarande
1253 645 142 38 motion
1418 645 84 38 icke
1530 649 61 35 må
1617 646 57 38 till
1702 649 127 48 någon
1858 646 171 39 kamma-

826 708 88 22 rens
944 695 135 48 åtgärd
1107 696 210 37 föranleda.

525 845 221 38 Stockholm
776 846 73 38 den
880 848 45 36 10
953 847 170 38 februari
1153 850 106 36 1915.

998 950 54 37 På
1079 951 206 37 utskottets
1314 956 167 45 vägnar:

1022 1054 218 38 WALTER
1267 1055 152 37 KANT.

471 1366 95 42 Vid
599 1367 206 41 förevarande
839 1369 131 30 ärendes
1004 1369 260 39 slutbehandling
1287 1370 81 30 hava
1391 1370 81 30 varit
1493 1371 207 29 närvarande:
1725 1371 107 30 herrar
1853 1370 103 38 Kant,
1986 1369 32 33 O.

418 1407 134 32 Nilsson
584 1409 10 29 i
629 1409 126 37 Örebro,
793 1409 155 32 Svensson
981 1411 10 29 i
1026 1411 187 40 Skönsberg,
1246 1410 164 33 Johanson
1442 1413 11 29 i
1487 1412 90 37 Gäre,
1608 1411 151 42 Hellberg
1790 1414 11 29 i
1823 1413 196 40 Ljungskile,

418 1449 134 32 Nalsson
574 1452 8 29 i
609 1452 130 37 Antnäs,
763 1451 136 33 Persson
921 1455 11 28 i
955 1454 176 37 Västervik,
1155 1453 194 37 Lindström,
1376 1454 165 40 Sundberg
1564 1456 58 30 och
1646 1455 170 40 Mossberg.

813 2268 239 55 Stockholm,
1017 2264 42 74 K.
1078 2264 37 74 B.
1109 2269 174 49 Boströms
1303 2271 205 56 Boktryckeri,
1524 2273 90 47 1915.
