1876 2794
555 162 275 30 Statsutskottets
854 160 175 31 utlåtande
1050 170 40 21 nr
1115 161 68 30 103.
1409 194 2 2 |
1590 154 18 29 5

148 245 74 34 3:0)
244 245 213 34 Avlöningar
474 244 57 29 vid
552 242 267 35 beskickningar
838 242 64 28 och
920 241 178 29 konsulat:
1121 239 191 30 Attachéer.
1331 239 13 28 I
1365 238 149 37 enlighet
1532 237 77 29 med

104 296 124 39 Kungl.
249 295 126 39 Maj:ts
396 294 131 39 förslag
552 293 129 40 (punkt
703 293 29 34 3,
754 302 25 20 s.
801 291 51 34 7),
873 291 54 29 för
947 291 107 30 vilket
1074 291 183 39 åberopats
1280 298 135 21 samma
1436 289 76 29 skäl
1535 297 73 20 som

105 347 134 29 anförts
262 346 112 29 under
397 345 112 40 punkt
534 345 28 33 2,
586 343 201 30 hemställer
811 342 180 33 utskottet,

460 431 50 27 att
535 428 186 39 riksdagen
746 427 59 30 må
829 426 169 39 medgiva,
1027 428 50 27 att
1102 426 67 29 den
1194 427 10 28 i
1231 424 298 39 avlöningsstaten
1556 423 54 29 för

416 479 176 30 attachéer
618 480 177 38 upptagna
822 477 180 40 delposten
1031 477 53 29 till
1109 474 417 42 prisutjämningstillägg
1554 473 57 29 må

415 531 54 29 för
488 530 203 39 budgetåret
711 528 149 36 1948/49
879 528 221 30 överskridas
1118 527 79 29 med
1214 527 103 38 högst
1334 526 41 29 30
1390 525 62 30 000
1469 525 141 29 kronor.

149 666 75 34 4:0)
250 665 212 35 Avlöningar
482 665 58 29 vid
561 664 267 34 beskickningar
849 663 63 29 och
934 662 177 30 konsulat:
1135 661 270 30 Skrivbiträden.
1427 660 13 29 I
1463 659 149 37 enlighet

107 717 78 29 med
204 716 126 39 Kungl.
352 715 123 39 Maj:ts
495 715 131 38 förslag
652 714 129 40 (punkt
801 713 30 34 4,
853 722 24 21 s.
900 713 50 34 7),
972 713 55 29 för
1047 713 107 29 vilket
1174 712 184 39 åberopats
1380 720 134 20 samma
1537 709 73 30 skäl

108 776 73 20 som
200 767 136 29 anförts
357 767 110 28 under
485 766 114 39 punkt
618 765 29 34 2,
665 764 203 30 hemställer
885 764 182 33 utskottet,

461 852 50 27 att
540 850 186 38 riksdagen
753 849 58 30 må
840 849 52 29 till
921 848 214 39 Avlöningar
1165 847 56 29 vid
1250 846 270 39 beskickningar
1549 845 62 29 och

418 900 181 30 konsulat:
627 899 263 30 Skrivbiträden
919 899 19 30 å
964 899 210 38 tilläggsstat
1201 898 29 29 II
1259 897 53 30 till
1340 897 191 30 riksstaten
1559 896 54 29 för

417 951 203 38 budgetåret
649 949 149 35 1948/49
825 950 121 30 anvisa
971 951 47 28 ett
1046 948 356 38 reservationsanslag
1428 957 40 20 av
1496 946 39 30 75
1551 945 62 30 000

417 1001 140 29 kronor.

152 1136 74 33 5:0)
250 1136 213 35 Avlöningar
482 1136 57 28 vid
561 1135 266 34 beskickningar
847 1134 64 29 och
931 1133 178 29 konsulat:
1131 1133 103 29 Extra
1255 1132 158 29 biträden
1435 1131 64 29 och
1519 1130 95 29 vakt-

110 1187 159 34 betjänte.
296 1186 12 28 I
331 1185 149 38 enlighet
503 1185 78 30 med
606 1185 122 37 Kungl.
752 1184 122 37 Maj:ts
897 1184 131 36 förslag
1056 1183 127 37 (punkt
1205 1183 29 34 5,
1258 1193 26 20 s.
1308 1182 17 29 7
1350 1181 64 31 och
1436 1181 49 34 8),
1509 1180 105 30 vilket

110 1237 183 30 föranletts
313 1237 74 30 dels
406 1247 40 20 av
465 1246 136 20 samma
619 1236 75 30 skäl
713 1245 74 21 som
807 1235 136 30 anförts
961 1236 111 28 under
1090 1235 113 39 punkt
1222 1234 29 34 2,
1270 1233 75 31 dels
1364 1234 64 29 ock
1446 1243 42 20 av
1505 1232 110 30 behov

110 1297 42 21 av
171 1287 199 39 ytterligare
392 1286 326 40 biträdespersonal,
740 1286 203 30 hemställer
963 1286 181 33 utskottet,

465 1373 49 28 att
543 1371 187 38 riksdagen
758 1370 59 30 må
845 1369 52 30 till
925 1369 215 39 Avlöningar
1168 1368 57 30 vid
1254 1367 270 38 beskickningar
1552 1366 63 29 och

421 1419 181 31 konsulat:
629 1421 106 29 Extra
763 1419 158 30 biträden
949 1419 62 30 och
1040 1418 239 39 vaktbetjänte
1307 1418 20 30 å
1352 1418 209 38 tilläggsstat
1587 1416 29 29 II

421 1470 52 30 till
504 1471 190 29 riksstaten
727 1470 54 29 för
814 1469 204 39 budgetåret
1053 1468 149 32 1948/49
1235 1468 121 31 anvisa
1387 1469 48 29 ett
1465 1476 152 20 reserva-

420 1520 217 39 tionsanslag
660 1530 41 20 av
724 1520 63 29 230
803 1520 62 29 000
889 1521 140 27 kronor.

156 1655 74 33 6:0)
267 1654 552 34 Kontorskostnadsersättningar
848 1654 34 28 åt
915 1653 124 29 lönade
1067 1652 220 35 tjänstemän.
1319 1651 13 28 I
1362 1650 150 38 enlighet
1541 1649 77 30 med

113 1706 123 39 Kungl.
260 1705 125 40 Maj:ts
406 1705 131 40 förslag
564 1704 129 40 (punkt
716 1705 29 34 6,
769 1715 25 19 s.
818 1704 51 34 8),
892 1704 107 31 vilket
1021 1703 184 30 föranletts
1226 1703 74 29 dels
1323 1712 42 20 av
1387 1702 157 37 stegrade
1567 1702 52 28 ut-

114 1756 101 38 gifter
242 1756 55 29 för
326 1756 105 39 hyror
459 1756 64 29 och
551 1756 144 29 därmed
720 1754 350 38 sammanhängande
1098 1753 259 33 omkostnader,
1385 1752 73 30 dels
1485 1752 66 29 ock
1578 1760 41 21 av

113 1806 220 39 merutgifter
355 1806 51 29 till
428 1806 89 38 följd
540 1815 41 20 av
603 1806 250 38 upprättandet
875 1814 42 20 av
938 1813 42 20 en
1002 1804 229 37 beskickning
1251 1804 11 28 i
1283 1803 112 32 Delhi,
1417 1801 202 31 hemställer

113 1857 179 33 utskottet,

468 1940 49 28 att
544 1938 187 38 riksdagen
758 1938 58 29 må
845 1937 50 29 till
922 1934 562 40 Kontorskostnadsersättningar
1511 1934 36 29 åt
1574 1933 46 30 lö-

423 1989 89 29 nade
538 1987 213 40 tjänstemän
775 1988 20 29 å
820 1987 209 39 tilläggsstat
1054 1986 29 29 II
1108 1986 52 29 till
1185 1986 191 29 riksstaten
1399 1985 55 30 för
1478 1985 142 37 budget-

424 2039 73 29 året
520 2037 150 35 1948/49
692 2038 119 29 anvisa
833 2039 47 28 ett
902 2036 356 38 reservationsanslag
1279 2045 42 20 av
1343 2035 38 29 75
1397 2035 62 29 000
1480 2035 140 28 kronor.

160 2173 73 33 7:0)
258 2173 156 34 Sveriges
436 2172 201 34 deltagande
659 2172 10 28 i
691 2170 282 36 pionjärjubileet
1002 2171 3 28 i
1028 2170 179 28 Amerikas
1230 2170 148 28 Förenta
1400 2168 109 29 Stater
1532 2168 88 28 1948.

116 2223 124 38 Kungl.
261 2223 107 38 Maj:t
388 2223 63 29 har
472 2222 178 37 föreslagit
671 2222 187 37 riksdagen
879 2221 158 38 medgiva
1064 2221 129 38 (punkt
1216 2220 28 32 7,
1267 2230 25 19 s.
1314 2219 19 29 8
1353 2219 64 29 och
1437 2219 51 33 9),
1510 2220 49 28 att
1581 2227 40 20 av

116 2273 56 30 del
194 2273 19 29 å
234 2272 210 38 tilläggsstat
466 2272 30 28 II
518 2271 52 29 till
593 2271 189 29 riksstaten
804 2271 55 29 för
881 2270 205 37 budgetåret
1110 2268 150 32 1947/48
1283 2269 164 29 anvisade
1469 2277 153 20 reserva-

116 2322 250 38 tionsanslaget
392 2321 48 29 till
470 2321 155 37 Sveriges
650 2321 206 36 deltagande
881 2321 10 28 i
916 2318 286 41 pionjärjubileet
1228 2322 9 28 i
1264 2318 183 29 Amerikas
1473 2318 149 28 Förenta

118 2373 111 29 Stater
256 2371 83 30 1948
364 2373 48 28 ett
436 2371 123 39 belopp
583 2381 41 19 av
648 2371 99 37 högst
772 2370 17 28 8
806 2370 62 28 000
892 2370 130 29 kronor
1046 2369 56 29 må
1126 2369 179 29 användas
1329 2368 44 39 på
1397 2369 67 28 sätt
1487 2368 10 28 i
1522 2368 101 28 stats-

118 2421 291 40 rådsprotokollet
427 2422 80 28 över
527 2420 549 39 utrikesdepartementsärenden
1098 2419 53 29 för
1170 2419 66 29 den
1261 2418 37 28 18
1317 2427 94 20 mars
1432 2416 83 30 1949
1535 2417 88 29 före-

119 2473 127 37 slagits.
