2176 2547
734 160 102 31 Stats-
847 159 166 31 Utskottets
1036 159 172 32 Memorial
1233 159 62 31 N:o
1319 161 50 28 79.
1790 159 18 29 3

242 243 20 34 å
310 243 197 44 1,000,000
549 241 131 35 kronor
712 239 54 35 för
799 238 186 35 utförande
1014 239 36 33 af
1075 250 69 34 nya
1172 237 210 47 byggnader
1411 236 66 36 och
1506 236 261 47 anläggningar
1796 236 57 34 vid

243 299 132 31 statens
414 293 192 46 jernvägar
649 291 66 35 och
756 290 75 35 dels
873 290 19 34 å
936 291 200 44 5,400,000
1179 290 131 34 kronor
1340 289 52 34 för
1422 288 231 35 anskaffande
1682 288 39 34 af
1746 287 109 46 rörlig

243 345 157 35 materiel
429 344 53 35 till
514 355 103 23 norra
646 343 210 35 stambanan
885 353 82 22 norr
996 353 56 22 om
1081 340 153 45 Storvik,
1263 344 91 31 samt
1383 338 55 36 till
1458 340 41 34 de
1520 340 79 34 utaf
1615 339 240 35 innevarande

246 397 157 44 Riksdag
446 394 174 46 beviljade
664 394 124 45 anslag
824 392 72 35 dels
925 392 20 35 å
978 394 196 44 1,350,000
1204 392 132 34 kronor
1365 391 52 35 för
1447 391 221 46 anläggning
1698 391 38 33 af
1757 390 98 46 jern-

247 452 69 41 väg
353 447 78 34 från
473 458 104 22 norra
620 446 210 34 stambanan
869 444 56 35 vid
957 443 171 46 Carlberg
1156 442 52 35 till
1238 443 93 35 Lilla
1360 442 147 44 Värtan,
1538 442 74 35 dels
1640 442 20 34 å
1691 443 162 42 600,000

246 500 129 34 kronor
416 497 53 35 för
504 497 187 34 utförande
721 496 34 35 af
783 496 42 34 de
854 496 111 34 under
994 495 38 34 år
1064 496 94 34 1879
1191 494 232 46 erforderliga
1453 506 70 35 nya
1553 493 207 47 byggnader
1789 493 64 35 och

245 549 260 47 anläggningar
547 549 59 34 vid
634 552 133 31 statens
792 547 203 47 jernvägar,
1024 546 177 35 äfvensom
1233 545 230 35 anskaffande
1493 545 39 34 af
1557 545 89 34 fasta
1675 545 179 34 maskiner

244 601 53 34 till
327 599 434 48 reparationsverkstäder,
787 598 72 35 dels
889 598 20 34 å
939 599 199 44 2,000,000
1168 598 131 34 kronor
1327 597 52 34 för
1408 596 221 35 betäckande
1658 596 38 34 af
1720 596 133 45 ökning

245 653 11 34 i
299 660 133 27 statens
466 652 210 47 jernvägars
710 649 282 36 materialförråd
1023 649 63 36 och
1117 648 229 46 kassaförlag,
1376 652 91 30 samt
1496 648 74 34 dels
1599 647 21 35 å
1650 649 200 44 6,078,240

245 704 131 34 kronor
434 703 53 34 för
545 703 109 45 inköp
710 702 37 34 af
789 700 279 46 Bergslagernas
1110 699 396 47 jernvägsakticbolags
1552 699 234 46 obligationer
1832 698 20 34 å

247 756 202 45 6,753,600
500 754 130 34 kronor
677 774 49 4 —
764 764 124 34 genom
927 752 206 46 försäljning
1175 751 39 34 af
1248 763 81 22 vare
1372 751 54 43 sig
1468 750 223 35 återstående
1734 750 120 34 osålda

247 806 235 46 obligationer
511 805 38 35 af
578 806 96 34 1872
705 804 57 34 års
790 803 159 46 statslån,
978 803 83 35 eller
1090 802 220 35 återstående
1340 801 234 46 obligationer
1603 801 38 35 af
1669 803 96 33 1875
1795 801 56 34 års

247 857 157 45 statslån,
446 856 85 35 eller
564 868 81 34 nya,
674 856 11 33 i
715 859 109 31 annat
852 854 178 47 myntslag
1058 854 67 35 och
1154 854 76 34 med
1261 853 104 45 högst
1393 853 78 46 fyra
1500 853 66 34 och
1594 865 44 22 en
1665 852 78 35 half
1770 864 79 35 pro-

246 914 80 29 cent
367 912 100 30 ränta
508 911 92 31 samt
639 907 78 34 med
757 905 72 36 wviss
858 905 154 35 bestämd
1038 904 329 45 återbetalningstid
1395 904 190 35 förskrifna
1614 903 238 45 obligationer

247 960 85 35 eller
360 958 372 48 partialförbindelser,
761 957 79 35 dem
869 956 240 47 Fullmäktige
1135 968 65 34 ega
1229 955 150 45 utfärda,
1410 955 155 47 upplåna
1594 960 49 29 ett
1671 954 128 47 belopp
1818 954 38 34 af

248 1012 147 34 aderton
423 1010 175 34 millioner
627 1008 201 36 sexhundra
858 1009 249 33 adertontusen
1135 1007 201 35 tvåhundra
1354 1005 193 36 femtiofem
1564 1006 129 35 kronor
1715 1007 45 34 25
1779 1010 73 41 öre;

248 1062 169 35 skolande
460 1061 241 45 Fullmäktige
743 1059 11 35 i
796 1059 105 46 öfrigt
937 1059 56 34 vid
1026 1058 240 47 upplåningen
1295 1057 196 46 tillvägagå
1519 1057 46 46 på
1594 1061 68 31 sätt
1688 1057 41 34 de
1757 1056 96 35 finna

248 1113 200 47 lämpligast
476 1112 65 34 och
570 1113 78 33 bäst
676 1111 169 45 befrämja
874 1115 130 30 statens
1033 1110 121 44 fördel,
1186 1113 99 40 samt,
1315 1108 52 35 för
1396 1109 67 34 den
1488 1108 167 35 händelse
1672 1119 70 35 nya
1759 1108 93 34 obli-

249 1165 160 44 gationer
438 1164 139 34 komma
606 1166 51 31 att
685 1162 38 35 af
747 1161 356 46 Riksgäldskontoret
1127 1160 169 45 utfärdas,
1327 1159 217 35 underställa
1574 1158 132 46 Kongl.
1735 1158 118 47 Maj:ts

251 1216 130 45 nådiga
422 1214 223 35 fastställelse
688 1214 41 34 de
773 1213 123 40 beslut,
939 1223 73 23 som
1053 1212 149 34 rörande
1233 1211 145 34 berörda
1407 1223 69 34 nya
1505 1210 195 47 upplåning
1732 1210 122 34 kunna

250 1268 140 33 komma
418 1269 52 30 att
498 1265 116 44 fattas,
643 1264 78 35 med
750 1263 220 45 underdånig
998 1262 177 46 anhållan,
1211 1267 50 30 att
1289 1262 133 46 Kongl.
1452 1260 102 47 Maj:t
1582 1262 136 34 täcktes
1747 1261 20 34 å
1796 1261 57 34 det

252 1330 67 34 nya
347 1317 96 34 lånet
472 1316 160 34 meddela
657 1316 52 34 sin
735 1315 147 46 garanti.

380 1368 187 34 Dessutom
597 1367 86 34 böra
711 1365 241 46 Fullmäktige
980 1386 47 4 —
1057 1364 106 35 sedan
1189 1364 130 46 Kongl.
1349 1364 102 46 Maj:t
1478 1363 130 34 bifallit
1628 1362 225 47 Riksdagens

249 1421 10 33 i
294 1419 222 45 underdånig
544 1418 184 35 skrifvelse
757 1417 207 34 framstälda
994 1417 152 44 begäran
1176 1416 132 44 derom,
1339 1419 51 30 att
1419 1413 352 46 utlottningslistorna
1799 1418 54 30 rö-

252 1472 107 33 rande
401 1470 38 34 så
481 1470 56 34 väl
571 1471 95 33 1870
709 1470 58 33 års
795 1480 74 23 som
898 1468 113 45 öfriga
1039 1468 9 33 i
1076 1468 139 34 svenskt
1240 1469 97 41 mynt
1366 1466 191 34 förskrifna
1585 1465 269 45 statsobligatio-

250 1534 62 23 ner
343 1522 55 33 må
427 1520 113 35 såsom
570 1520 132 45 bihang
727 1520 35 34 få
791 1518 167 47 medfölja
982 1518 135 35 Svensk
1146 1517 379 46 författningssamling
1554 1538 50 4 —
1634 1516 218 45 föranstalta,

252 1574 59 34 det
354 1573 153 33 nämnda
550 1571 96 34 listor
676 1570 204 34 hädanefter
909 1570 108 34 varda
1046 1569 51 34 till
1128 1569 263 34 vederbörande
1422 1568 193 45 behörigen
1646 1567 206 45 aflemnade,

253 1625 51 34 för
337 1628 48 30 att
416 1623 46 46 på
498 1622 152 35 nämnda
679 1625 67 31 sätt
775 1622 139 33 komma
943 1621 54 34 till
1026 1620 257 35 allmänhetens
1312 1620 213 44 kännedom;
1556 1619 170 34 skolande
1754 1618 98 35 Full-

252 1675 163 45 mäktige,
444 1686 54 22 om
525 1686 68 34 nya
621 1672 319 46 statsobligationer
977 1671 107 35 blifva
1112 1672 9 33 i
1150 1671 145 35 svenskt
1319 1675 100 42 mynt
1447 1669 190 36 förskrifna
1653 1670 83 34 eller
1753 1670 100 34 deras

252 1726 123 46 belopp
419 1726 123 33 varder
584 1725 10 33 i
623 1724 145 35 svenskt
796 1728 99 42 mynt
922 1723 216 45 evalveradt,
1179 1722 100 43 tillse,
1304 1726 50 30 att
1382 1721 186 35 enahanda
1603 1720 210 46 kungörelse
1841 1720 11 33 i

250 1777 162 35 afseende
450 1776 20 34 å
498 1776 78 34 dem
605 1775 169 44 utfärdas,
799 1775 177 34 äfvensom
1008 1774 83 34 söka
1121 1774 159 44 utverka,
1310 1777 51 30 att
1392 1773 100 34 dessa
1520 1772 232 45 obligationer
1782 1771 69 34 till-

250 1828 153 35 hörande
433 1827 184 46 kuponger
645 1826 68 45 må,
741 1826 45 47 på
814 1837 132 23 samma
975 1829 67 30 sätt
1070 1837 73 23 som
1172 1825 10 33 i
1212 1824 163 35 afseende
1403 1824 20 33 å
1453 1823 183 47 kuponger
1668 1823 52 34 till
1754 1824 96 34 1870

249 1879 64 35 och
335 1880 94 33 1872
448 1878 57 35 års
521 1878 58 33 lån
595 1889 82 35 eger
694 1889 87 30 rum,
797 1877 10 33 i
827 1876 318 35 landtränterierna
1165 1876 131 34 inlösas
1313 1874 64 35 och
1394 1874 10 34 i
1422 1874 206 47 uppbörden
1644 1874 206 46 mottagas."'

378 1929 125 34 Denna
532 1928 211 35 hemställan
771 1928 64 34 har
864 1927 115 34 blifvit
1007 1927 37 34 af
1068 1926 124 35 Första
1222 1925 218 35 Kammaren
1468 1925 143 35 bifallen
1632 1926 124 33 endast
1776 1924 76 35 med

250 1982 66 35 den
345 1980 207 45 förändring
580 1983 51 31 att
658 1979 41 35 de
729 1979 64 35 här
821 1979 104 34 ofvan
952 1978 222 35 kursiverade
1203 1977 123 35 orden:
1356 1977 113 34 "samt
1498 1977 78 34 med
1597 1977 70 34 viss
1697 1975 154 35 bestämd

250 2031 356 46 återbetalningstid",
647 2030 11 34 i
699 2030 360 35 öfverensstämmelse
1102 2029 77 35 med
1222 2028 89 35 båda
1340 2028 217 35 Kamrarnes
1586 2030 266 32 sammanstäm-

251 2084 125 35 mande
418 2082 114 35 beslut
573 2081 215 36 beträffande
826 2081 196 35 Utskottets
1062 2081 109 34 under
1212 2080 158 47 punkten
1419 2083 49 31 1:o
1492 2078 123 47 gjorda
1643 2078 141 45 förslag,
1814 2090 39 22 ur

251 2134 211 47 paragrafen
507 2133 193 45 uteslutits;
742 2133 12 34 i
796 2133 84 45 följd
911 2131 135 43 hvaraf,
1075 2132 65 35 och
1169 2132 87 34 efter
1284 2131 230 45 iakttagande
1543 2129 38 35 af
1606 2129 67 35 den
1702 2129 149 45 rättelse,

252 2186 145 34 hvarom
428 2184 182 36 Utskottet
638 2184 21 34 å
687 2184 83 34 sista
799 2184 99 34 sidan
927 2184 38 33 af
991 2183 218 35 Memorialet
1238 2182 67 35 N:o
1337 2184 43 32 77
1414 2182 91 46 gjort
1533 2180 176 44 anmälan,
1739 2180 112 35 bestå-

251 2237 88 35 ende
381 2237 123 35 endast
532 2236 73 34 deri
633 2239 51 31 att
721 2235 122 35 orden:
873 2235 61 34 "af
961 2236 91 33 1875
1083 2234 55 35 års
1167 2234 171 35 statslån'!
1367 2233 20 34 å
1416 2233 101 34 sidan
1547 2234 32 43 8,
1609 2232 72 34 rad.
1716 2234 43 33 18
1790 2231 61 35 och

257 2290 41 33 19
342 2288 159 34 nedifrån
532 2287 37 35 af
593 2286 206 35 Utlåtandet
833 2285 66 35 N:o
929 2287 46 33 76
1006 2286 84 34 böra
1122 2285 140 47 utbytas
1292 2289 70 30 mot
1391 2283 123 36 orden:
1544 2282 58 35 "af
1632 2284 96 34 1875
1758 2283 57 35 års
1843 2282 11 34 i
