1909 2820
476 179 120 31 Andra
618 179 246 40 lagutskottets
887 179 179 32 utlåtande
1087 190 43 21 nr
1152 181 38 31 51
1214 181 40 31 år
1276 181 85 31 1970
1622 182 39 30 13

219 260 13 29 I
251 260 222 31 motionerna
491 262 30 29 I:
539 261 80 31 1181
642 262 65 30 och
727 263 46 29 II:
791 263 83 30 1388
893 263 107 40 yrkas
1020 266 50 28 att
1089 264 372 31 rekommendationen
1480 265 11 29 i
1511 265 20 30 3
1553 265 16 37 $
1591 265 70 40 lag-

175 313 166 40 förslaget
362 324 56 20 om
439 315 94 30 inval
555 325 42 20 av
615 316 107 39 jurist
743 316 65 30 och
829 317 119 30 läkare
968 318 10 29 i
1000 317 67 31 den
1089 317 128 31 sociala
1238 318 312 31 centralnämnden
1571 319 89 30 skall

174 367 92 40 utgå.
291 368 261 31 Motionärerna
575 379 103 21 anser
701 372 51 28 att
776 380 42 20 en
842 370 110 31 sådan
975 372 327 30 rekommendation
1325 373 39 29 är
1387 372 186 41 otidsenlig
1596 372 65 31 och

175 431 121 20 menar
312 424 51 28 att
379 423 58 29 det
454 423 39 29 är
509 423 222 31 främmande
747 425 55 29 för
819 434 43 20 en
878 424 241 31 demokratisk
1134 425 209 41 valordning
1358 428 51 28 att
1426 426 235 40 specialdesti-

176 485 83 20 nera
280 477 145 29 mandat
446 477 53 29 till
520 478 94 29 vissa
635 478 268 40 yrkesgrupper.
926 479 74 30 Den
1023 479 333 40 expertmedverkan
1379 489 75 21 som
1476 480 104 30 krävs
1601 481 59 30 vid

175 529 213 41 behandling
406 540 42 20 av
465 531 93 30 vissa
577 531 152 30 ärenden
747 532 10 29 i
776 532 178 30 nämnden
971 533 63 30 bör
1053 533 106 40 enligt
1178 534 100 30 deras
1296 534 143 40 mening
1456 534 62 31 ske
1536 542 124 32 genom

174 584 214 30 medverkan
408 594 41 20 av
469 585 195 30 nämndens
686 593 86 32 egna
792 586 215 39 tjänstemän
1028 588 82 29 eller
1130 595 123 31 genom
1274 588 233 30 tillkallandet
1527 598 42 21 av
1590 589 71 29 sär-

176 638 115 29 skilda
305 638 233 40 sakkunniga.
554 640 12 28 I
582 640 57 29 det
655 640 289 40 sammanhanget
959 640 204 31 framhåller
1178 642 261 29 motionärerna
1453 644 50 28 att
1518 642 58 30 det
1590 643 71 29 kan

175 692 47 29 bli
245 692 100 39 fråga
368 702 57 20 om
449 695 51 27 att
523 694 149 29 tillkalla
694 695 72 28 inte
790 695 122 29 endast
934 695 107 39 jurist
1065 695 82 30 eller
1170 695 120 30 läkare
1312 697 86 28 utan
1421 696 107 30 också
1551 696 110 30 andra

175 746 223 39 sakkunniga
423 756 74 20 som
523 747 267 40 barnpsykolog,
818 748 233 35 skolkurator,
1077 748 329 41 familjerådgivare,
1431 749 230 40 befattnings-

174 800 129 30 havare
325 801 57 29 vid
405 801 279 40 invandrarbyrå
706 811 45 20 m.
766 802 37 29 fl.

218 854 137 39 Frågan
381 864 57 20 om
465 856 333 38 expertmedverkan
824 857 9 28 i
860 857 42 29 de
928 857 129 30 sociala
1081 857 220 30 nämnderna
1325 857 64 30 har
1415 857 169 41 tilldragit
1611 858 52 39 sig

175 908 143 29 särskilt
341 909 149 30 intresse
514 909 104 30 såvitt
642 909 106 40 gäller
771 910 125 39 jurists
919 911 214 29 medverkan
1155 911 11 29 i
1189 910 381 31 barnavårdsärenden.
1595 912 66 29 Vid

175 962 336 40 barnavårdslagens
534 963 173 30 tillkomst
731 963 83 31 1960
837 964 152 40 ägnades
1012 964 125 40 frågan
1160 964 154 41 åtskillig
1336 965 325 40 uppmärksamhet.

175 1015 171 40 Lagrådet
365 1016 167 30 framhöll
551 1017 44 29 bl.
611 1026 28 20 a.
660 1019 50 28 att
729 1018 227 39 obligatorisk
975 1018 321 40 juristmedverkan
1314 1019 11 29 i
1345 1018 317 31 barnavårdsären-

175 1070 67 29 den
264 1079 61 20 var
349 1072 47 27 ett
420 1070 251 40 ofrånkomligt
693 1072 96 29 krav.
812 1072 76 29 Hur
911 1081 42 20 en
977 1072 109 29 sådan
1108 1072 213 30 medverkan
1344 1072 187 40 lämpligen
1554 1073 108 30 borde

176 1124 65 29 och
262 1124 119 30 kunde
402 1125 177 29 anordnas
599 1125 11 29 i
633 1125 290 39 organisatoriskt
945 1126 169 30 avseende
1135 1126 74 29 fick
1229 1126 47 29 bli
1297 1126 173 30 beroende
1490 1126 46 40 på
1556 1128 106 38 ytter-

176 1178 107 39 ligare
306 1178 199 39 utredning.
530 1178 12 29 I
568 1178 149 30 avbidan
740 1178 112 40 härpå
875 1179 108 40 ansåg
1006 1179 155 39 lagrådet
1185 1181 50 28 att
1259 1189 83 20 man
1364 1198 45 3 —
1431 1180 53 30 till
1509 1180 152 30 skillnad

175 1231 80 30 från
277 1232 67 30 vad
367 1232 255 39 föredragande
645 1233 187 29 statsrådet
855 1233 77 30 Ulla
954 1233 201 30 Lindström
1179 1235 114 28 ansett
1315 1234 11 29 i
1350 1234 58 30 det
1430 1234 53 30 till
1506 1234 156 39 lagrådet

176 1286 224 29 remitterade
417 1286 167 40 förslaget
601 1286 53 30 till
671 1296 48 30 ny
735 1286 274 41 barnavårdslag
1025 1305 45 3 —
1086 1287 107 30 borde
1210 1287 138 30 behålla
1365 1288 67 29 den
1449 1288 125 30 dittills
1593 1288 69 39 gäl-

176 1340 103 29 lande
296 1340 373 30 rekommendationen
688 1342 49 28 att
757 1350 57 20 om
831 1341 138 39 möjligt
986 1341 96 40 välja
1099 1341 37 30 in
1154 1341 107 40 jurist
1287 1342 3 29 i
1309 1341 188 30 nämnden.
1516 1342 67 29 Vid
1602 1351 60 20 an-

175 1394 118 29 mälan
321 1404 42 20 av
390 1393 173 40 lagrådets
590 1395 163 38 yttrande
780 1394 201 31 förklarade
1007 1395 254 39 föredragande
1288 1394 188 31 statsrådet
1503 1397 51 28 att
1580 1395 81 35 hon,

177 1448 111 29 ehuru
308 1448 216 39 stadganden
543 1457 75 21 som
638 1448 122 30 endast
779 1448 145 30 innebar
943 1458 42 20 en
1003 1448 326 30 rekommendation
1348 1458 56 21 om
1422 1449 95 30 inval
1534 1449 11 30 i
1565 1449 97 30 kom-

175 1502 145 29 munala
342 1502 172 29 nämnder
537 1512 42 20 av
601 1511 166 30 personer
790 1503 79 29 med
894 1502 174 30 särskilda
1090 1502 285 31 kvalifikationer
1400 1504 117 38 syntes
1541 1503 122 30 kunna

177 1563 39 31 ge
240 1556 189 39 anledning
452 1557 53 28 till
529 1556 257 39 invändningar
810 1556 80 29 från
915 1556 95 30 såväl
1033 1557 184 38 praktiska
1241 1566 75 20 som
1340 1557 219 39 principiella
1584 1566 78 30 syn-

176 1610 162 38 punkter,
359 1610 81 29 ville
460 1609 42 39 gå
520 1609 156 39 lagrådet
695 1610 52 29 till
766 1610 111 29 mötes
896 1610 11 29 i
928 1610 150 39 angivna
1097 1610 208 30 hänseende.

220 1663 449 30 Justitieombudsmannen
693 1663 64 30 har
782 1664 10 29 i
819 1673 41 20 en
885 1663 262 40 framställning
1170 1664 54 30 till
1249 1664 124 39 Kungl.
1399 1664 106 40 Maj:t
1529 1664 67 30 den
1621 1664 40 30 30

177 1717 70 40 maj
274 1717 82 30 1967
380 1718 126 29 uttalat
527 1719 50 28 att
599 1717 176 39 åtskilliga
796 1717 152 30 ärenden
970 1717 178 40 angående
1168 1718 232 39 ingripanden
1421 1718 79 30 med
1522 1718 77 30 stöd
1621 1727 42 21 av

178 1771 39 29 25
241 1770 15 37 8
278 1770 319 39 barnavårdslagen
618 1780 56 20 om
695 1771 344 38 omhändertagande
1059 1780 42 20 av
1120 1771 88 29 barn
1228 1771 56 29 för
1305 1770 255 31 samhällsvård
1581 1771 82 30 eller

178 1824 40 30 50
241 1824 15 37 $
278 1824 179 39 angående
476 1824 128 30 förbud
624 1826 51 28 att
694 1824 104 39 flytta
818 1825 48 28 ett
885 1824 87 30 barn
992 1824 80 30 från
1092 1825 78 29 dess
1191 1824 190 30 fosterhem
1402 1824 155 40 avgjorts
1577 1826 87 28 utan

176 1878 333 40 juristmedverkan.
537 1878 66 30 Vid
632 1878 77 30 sina
735 1878 240 39 inspektioner
1002 1878 90 30 hade
1119 1877 71 30 han
1218 1878 137 30 kunnat
1382 1878 203 30 konstatera
1613 1880 50 28 att

177 1931 438 31 barnavårdsnämnderna
637 1932 10 29 i
672 1931 176 40 åtskilliga
872 1941 42 21 av
936 1932 101 29 dessa
1061 1932 152 29 ärenden
1238 1932 92 39 gjort
1354 1932 51 39 sig
1429 1932 159 39 skyldiga
1610 1932 54 30 till

178 1986 180 39 allvarliga
383 1986 64 30 och
472 1986 200 39 betänkliga
696 1985 250 39 feltolkningar
972 1995 41 21 av
1037 1985 318 40 barnavårdslagen
1381 1986 65 30 och
1471 1985 111 30 andra
1605 1985 58 30 fel.

179 2040 103 30 Detta
300 2040 173 30 framstod
493 2049 74 21 som
587 2040 98 29 desto
704 2049 73 20 mer
795 2039 195 39 betänkligt
1009 2049 74 20 som
1103 2040 57 29 det
1180 2039 112 39 gällde
1310 2039 119 40 frågor
1448 2048 57 22 om
1523 2039 141 30 frihets-

178 2094 231 30 berövanden.
435 2094 116 39 Enligt
574 2093 88 30 JO:s
686 2094 142 38 mening
850 2093 99 30 torde
971 2093 102 30 dessa
1096 2093 48 30 fel
1166 2094 10 28 i
1201 2093 196 39 betydande
1420 2093 245 40 utsträckning

179 2148 138 30 kunnat
334 2148 173 29 undvikas
526 2157 56 20 om
598 2148 107 39 jurist
722 2147 203 29 medverkat
940 2147 58 30 vid
1015 2147 177 30 beslutens
1209 2147 169 30 fattande.
1394 2147 80 30 Han
1489 2147 82 30 ville
1587 2147 77 30 där-

179 2202 55 30 för
256 2201 207 40 ifrågasätta
485 2211 56 20 om
563 2202 72 29 inte
660 2201 38 30 10
723 2201 15 37 $
762 2200 318 40 barnavårdslagen
1101 2201 107 30 borde
1230 2201 128 30 ändras
1380 2200 46 41 på
1448 2200 125 31 sådant
1596 2201 68 30 sätt

179 2258 51 27 att
250 2256 322 39 juristmedverkan
591 2256 11 28 i
624 2254 114 39 någon
760 2255 91 29 form
874 2255 138 39 gjordes
1034 2254 227 39 obligatorisk
1280 2255 11 29 i
1313 2255 153 29 ärenden
1487 2254 178 39 angående

179 2309 351 30 frihetsberövanden
549 2309 65 29 och
634 2308 128 30 förbud
783 2310 72 28 mot
876 2307 453 40 fosterbarnsförflyttning.

224 2363 74 30 Den
322 2372 42 21 av
386 2362 51 30 JO
461 2362 258 30 aktualiserade
741 2361 125 40 frågan
889 2362 186 30 omnämns
1096 2362 12 29 i
1133 2361 359 40 socialutredningens
1515 2362 151 30 direktiv

180 2426 75 21 som
281 2419 48 27 ett
355 2426 41 20 av
421 2417 42 29 de
488 2416 172 40 spörsmål
685 2416 178 39 angående
888 2415 335 39 barnavårdslagens
1251 2416 134 38 sakliga
1408 2415 156 30 innehåll
1590 2425 74 20 som

181 2471 233 39 utredningen
432 2471 63 29 bör
514 2470 322 40 uppmärksamma.

225 2526 12 28 I
265 2525 113 40 själva
403 2524 191 39 sakfrågan
620 2533 56 20 om
701 2523 321 40 juristmedverkan
1048 2523 58 30 vid
1131 2522 213 40 behandling
1369 2532 42 21 av
1436 2522 230 31 barnavårds-
