1884 2836
330 152 26 30 £
727 156 293 34 Statsutskottets
1039 157 190 38 utlåtande
1249 160 54 34 Nr
1331 160 53 32 42.

865 415 364 42 Reservation

330 526 46 21 av
410 515 129 33 herrar
573 517 165 37 Hamrin,
772 519 189 37 Lindblad,
996 521 200 38 Bergqvist,
1232 522 144 33 Nilsson
1412 524 12 31 i
1450 524 142 39 Malmö,
1618 525 176 39 Asplund,

280 566 228 40 Bergström,
527 569 189 33 Anderson
735 570 12 31 i
767 570 166 38 Råstock,
955 572 205 39 Holmgren,
1180 575 171 32 Eriksson
1372 576 12 31 i
1405 576 215 38 Stockholm,
1640 578 154 33 Anders-

288 627 65 23 son
369 619 12 31 i
402 619 167 33 Prästbol
587 621 64 32 och
670 622 150 36 Norsell,
838 623 102 32 vilka
957 626 126 36 ansett,
1102 626 54 32 att
1173 626 192 33 utskottets
1383 629 170 35 yttrande
1571 630 65 31 och
1656 630 137 38 förslag

281 669 87 34 'bort
385 671 96 33 hava
501 672 158 37 följande
676 674 148 37 lydelse:

329 748 84 33 »Att
431 750 281 38 ifrågavarande
733 753 54 32 för
806 755 131 31 svensk
956 756 153 37 räkning
1128 757 223 37 ockuperade
1369 758 359 39 stenkolstillgångar
1745 761 47 37 på

278 800 246 39 Spetsbergen
551 805 150 36 tryggas
732 806 37 30 åt
796 806 124 32 landet
950 808 111 32 måste
1091 808 114 38 enligt
1233 810 191 32 utskottets
1455 811 144 37 mening
1629 812 159 37 alltjämt

284 853 154 32 framstå
462 864 76 22 som
559 857 50 30 ett
633 856 270 37 betydelsefullt
926 859 190 32 nationellt
1136 860 161 32 intresse.
1341 862 153 32 Erinras
1517 864 68 36 må,
1608 864 55 31 att
1685 864 104 32 dessa

286 904 124 34 förråd
426 907 48 35 på
490 916 42 22 en
549 917 45 22 av
610 908 42 31 de
669 909 56 31 för
742 909 139 32 landets
898 910 229 33 industriella
1144 912 207 38 utveckling
1367 914 66 31 och
1451 915 172 32 framtida
1640 912 146 45 försörj-

277 956 95 37 ning
394 957 195 38 viktigaste
608 960 200 32 råvarorna
828 963 63 30 äro
914 972 47 21 av
981 972 43 21 en
1047 963 55 31 för
1121 964 154 31 svenska
1297 965 252 32 förhållanden
1571 968 216 32 enastående

281 1008 218 38 mäktighet;
520 1010 111 37 enligt
647 1011 221 33 verkställda
888 1014 305 38 uppskattningar
1213 1018 119 35 uppgå
1352 1017 43 31 de
1416 1017 58 32 till
1493 1017 133 32 inemot
1645 1028 44 21 en
1708 1019 77 32 mil-

274 1058 91 37 jard
388 1061 71 36 ton,
485 1071 43 22 en
551 1062 181 32 kvantitet
756 1065 252 32 motsvarande
1032 1066 165 37 Sveriges
1220 1067 301 38 kolförbrukning
1548 1070 55 31 för
1629 1070 156 32 århund-

282 1111 112 32 raden
422 1112 144 33 framåt.

322 1162 314 39 Spetsbergskolen
660 1166 95 31 hava
778 1167 146 33 erkänts
948 1179 90 21 vara
1061 1180 45 21 av
1132 1170 70 37 hög
1225 1170 152 33 kvalitet
1402 1172 66 31 och
1492 1172 12 32 i
1530 1173 254 33 bränslevärde

279 1215 257 37 ungefärligen
556 1216 211 38 jämförliga
790 1220 78 31 med
892 1220 45 31 de
961 1220 115 32 bättre
1100 1222 169 35 engelska
1292 1222 233 34 kolsorterna.
1569 1224 215 39 Brytnings-

280 1265 278 34 förhållandena
579 1271 62 29 äro
664 1269 158 33 tekniskt
843 1272 70 30 sett
935 1272 161 37 ovanligt
1117 1274 102 35 goda.
1260 1274 159 33 Bortsett
1442 1275 83 32 från
1544 1276 70 32 den
1634 1272 148 47 begrän-

279 1317 85 32 sade
385 1318 395 39 skeppningssäsongen
800 1322 95 31 hava
920 1323 392 38 bränsletillgångarna
1334 1328 44 34 på
1404 1327 237 37 Spetsbergen
1663 1329 51 31 ett
1738 1339 45 21 ur

278 1370 131 30 svensk
433 1372 183 35 synpunkt
642 1372 235 38 fördelaktigt
901 1375 222 36 geografiskt
1147 1377 90 37 läge,
1263 1378 147 32 särskilt
1434 1388 57 22 om
1515 1379 141 37 hänsyn
1677 1377 105 45 tages

280 1420 56 31 till
357 1422 410 37 importmöjligheterna
787 1427 83 29 över
888 1425 149 38 Narvik,
1055 1428 133 31 mellan
1207 1428 121 32 vilken
1347 1429 96 36 plats
1461 1430 64 31 och
1545 1431 236 37 Sveagruvan

278 1473 193 32 avståndet
500 1476 40 29 är
570 1475 252 37 ungefärligen
848 1477 201 33 detsamma
1074 1489 75 21 som
1174 1480 133 31 mellan
1335 1480 186 38 Englands
1548 1483 140 31 ostkust
1714 1484 67 31 och

277 1524 130 31 svensk
430 1525 286 33 västkusthamn.

318 1575 75 31 Den
416 1578 209 32 nuvarande
648 1578 333 38 lågkonjunkturen
1004 1582 79 32 med
1107 1584 113 31 därav
1244 1583 159 37 följande
1426 1585 165 32 abnormt
1614 1586 165 37 nedpres-

275 1627 86 31 sade
379 1627 136 37 kolpris
534 1631 39 29 är
589 1629 213 38 visserligen
819 1640 199 28 ogynnsam
1035 1633 54 31 för
1108 1634 511 38 Spetsbergsfyndigheternas
1638 1639 141 35 exploa-

271 1677 133 38 tering,
425 1689 82 22 men
527 1681 99 31 såväl
648 1681 85 32 från
755 1683 106 31 norsk
880 1693 77 22 som
978 1685 85 36 rysk
1083 1685 78 33 sida
1180 1686 164 33 bedrives
1365 1687 91 32 dock
1479 1689 55 31 för
1553 1689 229 33 närvarande

274 1729 237 40 kolbrytning
537 1734 44 35 på
607 1733 245 38 Spetsbergen.
898 1736 126 37 Enligt
1051 1747 42 21 en
1119 1737 207 39 tillgänglig
1351 1740 343 36 styrelseberättelse
1722 1743 57 31 för

275 1781 191 33 driftsåret
488 1784 17 30 1
526 1783 66 37 juli
614 1785 158 32 1932—30
795 1786 79 36 juni
898 1787 79 32 1933
997 1789 65 30 har
1084 1789 59 32 det
1165 1790 132 31 norska
1319 1791 143 36 bolaget
1485 1792 112 32 under
1620 1791 159 34 nämnda

275 1832 54 33 tid
350 1836 80 31 med
452 1845 45 21 en
518 1836 247 37 arbetsstyrka
785 1848 45 21 av
852 1839 59 30 442
934 1850 84 21 man
1039 1841 113 31 brutit
1175 1842 129 36 275,000
1326 1843 61 30 ton
1410 1844 271 37 spetsbergskol,
1702 1854 76 23 som

274 1884 14 31 i
309 1884 55 32 sin
387 1885 121 32 helhet
527 1887 167 37 skeppats
715 1890 112 30 under
850 1889 148 37 fjolåret
1020 1892 64 31 och
1107 1892 83 32 haft
1213 1903 44 21 en
1280 1894 67 36 god
1369 1895 220 38 avsättning.
1630 1897 69 31 Det
1722 1897 55 32 be-

272 1935 110 34 höves
400 1938 127 31 endast
543 1948 42 21 en
600 1940 146 36 måttlig
763 1941 162 37 stegring
941 1942 12 31 i
971 1943 110 36 priset
1098 1945 46 35 på
1162 1945 140 31 stenkol
1319 1946 56 30 för
1393 1947 55 30 att
1465 1957 43 21 en
1524 1948 129 31 svensk
1670 1956 107 28 gruv-

268 1987 97 32 drift
385 1989 46 35 på
452 1989 235 37 Spetsbergen
710 1991 71 32 kan
802 1992 213 34 förutsättas
1037 1994 97 32 bliva
1155 1995 162 33 lönande.
1359 1997 19 31 I
1400 1998 101 32 detta
1523 2000 173 31 avseende
1718 2001 58 30 må

273 2037 172 34 hänvisas
466 2040 56 31 till
540 2042 43 31 de
606 2043 247 38 utredningar,
873 2054 76 22 som
972 2046 80 36 lågo
1073 2046 56 31 till
1152 2048 119 35 grund
1294 2048 55 31 för
1371 2049 80 31 1926
1473 2050 59 31 års
1554 2050 222 37 proposition

272 2091 12 31 i
302 2092 130 35 ämnet,
444 2093 66 30 och
524 2092 97 32 vilka
639 2094 175 37 utvisade,
825 2096 54 30 att
892 2096 115 37 enligt
1019 2096 44 32 då
1076 2097 205 39 framlagda
1293 2100 177 37 utförliga
1481 2101 175 37 kalkyler,
1669 2111 108 28 grun-

269 2142 95 32 dade
380 2145 46 35 på
444 2144 203 37 antagande
664 2155 46 22 av
726 2156 43 21 en
785 2148 39 30 så
841 2147 71 37 hög
933 2148 178 32 arbetslön
1128 2160 76 21 som
1222 2153 83 29 över
1322 2152 39 31 20
1375 2152 133 32 kronor
1526 2163 63 27 per
1605 2154 91 32 skift
1713 2154 67 33 och

269 2203 47 22 en
341 2196 40 30 så
406 2194 71 38 hög
504 2196 252 33 fraktkostnad
782 2198 456 41 Spetsbergen—Göteborg
1264 2213 74 21 som
1364 2205 19 30 7
1408 2204 133 33 kronor
1566 2206 37 31 75
1630 2208 60 30 öre
1716 2216 65 28 per

271 2247 71 36 ton,
363 2247 262 37 spetsbergskol
649 2249 83 31 från
755 2250 236 37 Sveagruvan
1013 2253 113 31 skulle
1148 2253 124 33 kunna
1294 2255 179 34 levereras
1496 2257 80 35 fritt
1600 2257 177 39 Göteborg

272 2297 57 32 till
350 2300 52 31 ett
423 2300 77 36 pris
521 2310 45 22 av
586 2301 166 37 omkring
774 2302 38 31 20
832 2303 134 32 kronor
986 2314 63 26 per
1070 2306 85 31 ton.!

313 2382 8 14 "
342 2386 241 35 Dagsnoteringen
607 2386 16 27 å
645 2390 131 32 engelska
795 2391 162 25 ostkustkol
977 2393 60 24 fritt
1056 2393 144 33 Göteborg
1218 2396 32 23 är
1270 2396 77 25 cirka
1366 2398 33 23 18
1418 2397 109 25 kronor
1544 2405 51 24 per
1612 2400 59 28 ton,
1691 2406 85 18 varav

266 2429 108 25 inemot
392 2432 15 22 4
427 2431 109 25 kronor
555 2434 83 31 utgör
657 2434 124 31 sjöfrakt.
818 2435 40 24 De
877 2436 120 24 svenska
1010 2437 245 31 spetsbergskolen
1271 2447 79 17 anses
1363 2440 73 25 hava
1449 2442 40 23 ett
1502 2437 276 42 försäljningsvärde,

263 2472 70 25 med
350 2473 82 32 högst
452 2476 32 23 10
497 2474 28 29 2
546 2476 220 33 understigande
784 2478 33 24 de
836 2479 132 32 engelska
987 2480 219 26 ostkustkolens.
