2126 2659
375 169 39 31 14
787 169 99 34 Stats-
896 171 163 33 Utskottets
1095 172 170 33 Utlåtande
1290 175 61 31 N:o
1374 174 41 31 41
1439 173 24 33 b.

457 253 171 48 Slutligen
656 253 65 37 har
749 253 92 37 Herr
869 254 44 36 B.
941 255 191 47 Bengtsson
1165 257 50 36 uti
1242 269 43 24 en
1312 257 95 36 inom
1435 257 122 37 Andra
1584 258 216 38 Kammaren
1828 261 104 36 väckt

326 306 131 36 motion
497 306 80 47 (N:o
610 309 90 45 177)
730 307 177 48 föreslagit
935 308 66 36 ”att
1028 310 205 47 Riksdagen
1260 310 82 37 ville
1370 310 112 37 uttala
1510 312 65 35 den
1604 312 101 48 åsigt,
1734 316 50 32 att
1810 313 121 49 Nyeds

327 359 163 48 bergslag
531 360 10 35 i
584 359 225 38 Wermlands
850 361 57 36 län
949 362 185 37 framdeles
1175 375 73 24 som
1281 363 125 37 hittills
1438 364 126 37 blifver
1591 364 130 37 befriad
1751 366 76 36 från
1857 379 72 24 om-

329 413 151 36 nämnda
508 413 340 48 rotevakansafgift.”

453 675 62 36 Uti
556 675 64 35 den
666 676 108 46 fråga,
804 676 104 36 hvars
937 678 190 45 afgörande
1156 677 294 37 Stats-Utskottet
1478 692 47 22 nu
1553 680 73 35 åter
1653 681 63 46 går
1743 684 51 31 att
1822 680 106 36 Riks-

325 727 132 46 dagens
494 727 163 47 pröfning
685 727 223 47 underställa,
937 729 129 35 saknas
1094 729 191 47 ingalunda
1315 729 198 50 utredning.
1571 730 134 37 Genom
1742 732 186 48 kollegier-

324 791 62 24 nas
429 779 253 37 ofvanberörda
723 780 240 48 underdåniga
1005 781 191 48 utlåtande,
1236 795 126 35 genom
1400 783 41 36 de
1469 785 244 36 betänkanden
1739 786 189 36 nästförut-

324 831 141 48 gångna
505 833 102 35 årens
648 832 220 48 Riksdagars
897 833 257 37 Stats-Utskott
1182 835 11 35 i
1221 839 115 32 ämnet
1364 836 138 47 afgifvit
1529 837 64 36 och
1623 850 125 35 genom
1775 838 58 35 det
1870 842 58 44 yt-

323 884 123 36 trande
487 884 94 37 Herr
622 884 196 37 Statsrådet
854 886 62 36 och
959 887 132 36 Chefen
1132 887 52 36 för
1221 888 423 49 Finans-departementet
1671 890 174 36 meddelat
1874 891 55 37 till

323 938 209 47 protokollet
573 938 52 36 för
652 938 290 36 Finansärenden
971 940 68 35 den
1069 940 19 34 9
1118 940 157 36 sistlidne
1303 940 148 37 Januari
1479 954 102 36 synes
1610 943 174 47 nemligen
1813 947 116 33 ämnet

322 990 11 35 i
361 990 58 35 det
446 994 176 32 närmaste
650 991 162 35 uttömdt.
868 991 228 37 Hänvisande
1113 992 64 36 till
1206 993 191 36 innehållet
1424 994 39 35 af
1485 994 101 37 dessa
1613 995 221 48 handlingar,
1855 1008 72 24 som

322 1047 60 32 äro
410 1042 53 37 för
490 1043 187 48 vidlyftiga
706 1047 50 32 att
784 1043 64 36 här
876 1044 199 48 återgifvas,
1105 1045 62 47 går
1196 1045 182 46 Utskottet
1405 1060 48 22 nu
1481 1051 49 32 att
1558 1052 92 44 vttra
1675 1049 52 47 sig
1747 1049 181 47 angående

322 1095 42 35 de
391 1096 172 35 särskilda
591 1096 142 47 förslag,
762 1108 74 23 som
864 1097 50 35 till
943 1097 140 45 frågans
1111 1098 140 47 lösning
1279 1104 52 30 för
1359 1101 218 35 närvarande
1605 1101 179 48 föreligga.

450 1148 106 36 Hvad
591 1148 85 36 först
706 1149 109 46 angår
844 1149 128 36 Grefve
1002 1150 159 36 Mörners
1191 1151 255 36 ofvanberörda
1473 1154 140 45 motion,
1648 1154 37 34 så
1712 1154 91 34 lärer
1831 1155 95 34 svår-

321 1200 94 45 ligen
456 1201 121 34 kunna
618 1200 164 35 förnekas
819 1204 60 40 att,
907 1201 114 35 derest
1050 1202 123 47 frågan
1201 1203 178 35 betraktas
1408 1204 123 35 endast
1559 1217 40 22 ur
1627 1208 138 43 strängt
1791 1205 136 47 rättslig

323 1252 190 47 synpunkt,
542 1264 81 23 man
651 1252 77 35 icke
757 1264 107 35 gerna
894 1252 70 36 kan
994 1253 93 36 finna
1115 1254 143 48 frågans
1286 1255 138 48 lösning
1452 1256 44 48 på
1524 1268 115 24 annan
1670 1261 77 43 väg,
1778 1260 44 32 än
1849 1257 78 47 den,

321 1315 71 24 som
435 1304 140 35 anvisas
616 1304 51 36 uti
701 1303 128 48 Kongl.
859 1304 117 48 Maj:ts
1006 1305 51 36 till
1091 1308 92 34 1869
1215 1307 56 36 års
1299 1306 159 48 Riksdag
1486 1308 130 36 aflåtna
1644 1310 131 47 nådiga
1802 1322 124 36 propo-

322 1356 102 35 sition
452 1356 10 35 i
492 1360 116 32 ämnet
631 1357 106 47 jemte
766 1357 310 37 Stats-Utskottets
1106 1359 55 34 vid
1190 1359 41 36 de
1261 1361 78 34 2:ne
1367 1361 160 35 sednaste
1555 1361 228 48 riksdagarne
1811 1362 11 35 i
1848 1362 78 35 huf-

322 1408 185 47 vudsaklig
540 1408 361 37 öfverensstämmelse
930 1410 140 36 dermed
1099 1410 133 48 afgifna
1262 1412 213 47 utlåtanden,
1505 1412 140 37 hvadan
1661 1414 63 35 och
1739 1414 44 35 då
1797 1413 129 37 Grefve

321 1459 160 36 Mörners
511 1462 141 44 motion,
685 1461 44 47 på
758 1465 68 31 sätt
854 1462 104 35 ofvan
986 1462 170 47 förmäles,
1186 1464 144 36 anslutit
1350 1465 52 47 sig
1422 1465 52 35 till
1495 1466 109 44 dessa,
1624 1466 302 47 framställningen

319 1525 41 22 ur
390 1512 113 36 denna
532 1514 182 47 synpunkt
743 1513 98 36 torde
871 1527 82 23 vara
981 1515 267 37 beaktansvärd.
1303 1517 61 36 Ett
1392 1517 224 37 vidhållande
1645 1519 38 35 af
1707 1519 58 36 det
1783 1519 139 48 förslag,

320 1566 313 46 nästförutgångna
679 1567 102 34 årens
811 1566 260 37 Stats-Utskott
1097 1569 11 34 i
1137 1573 116 31 ämnet
1282 1574 125 31 tvenne
1436 1571 131 46 gånger
1595 1571 197 45 framställt,
1821 1583 104 36 synes

323 1617 191 36 emellertid
557 1630 83 23 vara
682 1618 135 36 mindre
846 1618 170 49 lämpligt,
1045 1620 103 36 äfven
1177 1634 65 29 om,
1271 1621 136 36 hvilket
1434 1622 89 36 dock
1551 1623 78 35 icke
1660 1627 38 31 är
1726 1623 107 46 fallet,
1861 1636 64 22 nu-

318 1670 153 35 varande
513 1669 257 37 Stats-Utskott
809 1671 11 34 i
861 1671 67 35 allo
970 1672 110 36 skulle
1109 1672 77 37 dela
1216 1673 41 35 de
1285 1674 140 47 åsigter,
1453 1674 121 36 hvilka
1602 1675 96 48 ligga
1725 1675 53 36 till
1810 1676 116 47 grund

317 1721 52 35 för
409 1723 248 34 förutvarande
702 1722 157 36 Utskotts
902 1724 121 46 beslut,
1066 1725 44 34 då
1138 1725 221 48 Riksdagens
1400 1727 111 47 begge
1539 1727 152 35 Kamrar
1719 1728 90 34 båda
1839 1728 85 46 gån-

317 1785 108 35 gerna
453 1774 140 47 afslagit
625 1774 192 36 Utskottets
846 1775 216 46 hemställan,
1092 1778 61 35 och
1185 1777 179 37 Utskottet
1392 1779 56 34 vid
1477 1779 126 35 sådant
1630 1780 222 35 förhållande
1869 1780 56 35 väl

317 1826 97 35 torde
452 1838 100 23 anses
579 1827 84 35 böra
691 1828 81 46 foga
799 1828 52 47 sig
880 1828 85 34 efter
994 1829 41 34 de
1063 1830 138 47 åsigter,
1231 1843 73 23 som
1333 1830 119 36 kunna
1481 1839 147 40 antagas
1657 1832 106 35 hafva
1790 1833 131 46 grund-

316 1877 73 47 lagt
416 1876 216 38 Kamrarnes
664 1879 231 47 nyssberörda
924 1880 123 36 beslut.

444 1930 53 34 Af
535 1931 100 34 dessa
676 1931 139 46 åsigter,
845 1944 71 22 som
944 1932 76 35 icke
1049 1933 76 35 med
1154 1933 125 36 lätthet
1306 1934 120 35 kunna
1453 1938 152 40 utrönas,
1635 1947 103 36 synes
1767 1935 155 36 emeller-

317 1981 47 35 tid
402 1981 244 37 företrädesvis
675 1983 146 47 framgå,
850 1983 91 36 hvad
971 1984 65 36 ock
1065 1984 224 48 Riksdagens
1317 1986 124 36 Första
1469 1986 191 37 Kammare
1687 1988 236 48 uttryckligen

315 2033 180 46 förklarat,
537 2035 174 47 nemligen
754 2035 67 35 den
849 2037 144 46 önskan,
1023 2041 51 31 att
1100 2038 243 48 beräkningen
1371 2039 38 35 af
1433 2039 41 36 de
1502 2039 184 47 förmåner,
1714 2040 208 47 bergslagen

315 2086 11 34 1
368 2086 113 35 denna
523 2088 177 46 egenskap
741 2087 76 35 haft
857 2089 52 46 sig
942 2089 204 47 förunnade,
1187 2090 107 35 borde
1335 2091 61 35 ske
1425 2091 85 35 efter
1537 2092 191 47 lindrigare
1757 2092 164 47 grunder,

316 2142 45 31 än
389 2138 217 48 kollegierna
634 2139 190 47 föreslagit.

450 2190 103 36 Detta
592 2191 65 35 har
698 2191 173 37 föranledt
900 2192 178 37 Utskottet
1107 2197 51 32 att
1180 2194 132 47 jemväl
1339 2207 41 23 ur
1409 2195 220 48 billighetens
1657 2197 178 47 synpunkt
1862 2197 60 35 be-

314 2241 117 36 trakta
471 2242 135 48 frågan.
673 2243 137 36 Härvid
838 2244 64 36 har
931 2246 58 34 det
1016 2246 76 36 icke
1121 2246 135 37 kunnat
1283 2247 119 47 undgå
1429 2247 198 37 Utskottets
1654 2249 267 48 uppmärksam-

314 2294 70 46 het,
426 2298 60 42 att,
527 2296 44 34 då
613 2296 58 35 det
711 2296 204 45 ifrågasatta
944 2298 198 47 vederlaget
1174 2299 53 35 för
1260 2300 312 46 tackjernstiondes
1600 2301 227 47 upphörande
1855 2313 66 23 nu-

320 2358 95 24 mera
456 2347 54 35 till
551 2348 195 47 väsendtlig
787 2349 56 35 del
883 2349 112 36 skulle
1023 2350 101 36 träffa
1152 2351 111 35 andra
1291 2355 45 31 än
1364 2352 88 47 dem,
1481 2364 73 24 som
1584 2353 38 35 af
1646 2353 113 35 denna
1786 2353 136 36 tiondes
