1842 2784
264 186 20 29 2
433 185 106 27 Andra
557 185 199 28 kammarens
775 185 157 28 allmänna
951 186 321 34 beredningsutskotts
1293 186 156 27 utlåtande
1469 194 37 19 nr
1528 187 44 26 18.

310 274 78 30 Med
405 275 67 30 den
492 285 44 20 av
553 275 265 31 motionärerna
835 276 162 30 lämnade
1016 275 195 40 uppgiften,
1229 279 51 27 att
1299 275 285 31 indexnämnden
1602 285 148 20 numera

264 327 113 30 skulle
406 328 44 30 ha
480 328 135 35 erkänt,
643 331 51 28 att
723 329 246 39 felberäkning
997 339 43 20 av
1068 328 422 31 levnadskostnadsindex
1521 328 229 30 förekommit

263 381 114 30 under
398 380 83 31 åren
507 382 225 34 1946—1949,
757 383 99 29 torde
878 381 133 39 åsyftas
1034 382 67 30 den
1124 382 166 30 anmälan
1314 382 225 30 beträffande
1562 381 94 31 olika
1679 391 71 21 me-

263 434 102 30 toder
385 434 54 30 för
459 434 439 40 medelprisberäkningar,
921 444 76 21 som
1017 436 169 38 styrelsen
1207 435 10 29 i
1238 435 167 30 skrivelse
1426 435 53 30 till
1500 434 124 39 Kungl.
1648 434 102 39 Maj:t

263 487 70 30 den
361 488 36 29 12
424 487 142 39 januari
596 488 79 30 1951
705 488 93 39 gjort
824 487 180 40 angående
1032 488 423 30 levnadskostnadsindex
1482 488 58 30 för
1566 488 185 30 december

266 541 94 30 1950.
391 540 176 39 Styrelsen
597 542 90 29 hade
717 541 11 30 i
756 542 154 29 nämnda
940 541 178 35 skrivelse,
1151 550 75 21 som
1257 541 11 30 i
1298 544 174 27 transumt
1501 541 100 39 fogas
1632 540 118 31 såsom

263 593 117 40 bilaga
401 594 51 30 till
475 594 188 31 utskottets
687 594 192 36 utlåtande,
903 595 57 30 bil.
984 595 49 35 A.,
1058 595 185 35 meddelat,
1268 597 51 28 att
1342 594 41 30 fr.
1409 603 30 21 o.
1463 604 45 20 m.
1533 593 39 31 år
1599 595 82 29 1950
1706 604 43 20 en

262 646 74 31 viss
354 648 133 29 ändrad
511 648 118 30 metod
651 648 194 39 tillämpats
866 648 56 30 vid
941 648 241 39 beräkningen
1204 658 44 20 av
1267 647 266 40 prisändringar
1555 646 45 40 på
1622 647 128 39 grund-

262 700 59 30 val
339 710 41 20 av
399 700 270 39 prisombudens
689 701 213 39 noteringar.
924 701 124 30 Denna
1067 699 221 41 metodfråga
1308 701 90 30 hade
1419 700 81 30 med
1519 700 231 30 indexnämn-

262 753 70 31 den
355 753 214 31 diskuterats
592 754 56 30 vid
672 755 262 29 sammanträde
959 755 67 29 den
1054 755 38 29 10
1115 754 140 39 januari
1283 754 92 30 1951.
1402 753 230 39 Meningarna
1658 753 92 30 hade

262 807 125 31 därvid
408 807 89 31 varit
520 808 131 34 delade,
673 808 177 30 huruvida
869 808 66 30 den
958 807 165 40 vidtagna
1144 807 230 39 jämkningen
1397 817 42 20 av
1462 806 288 39 beräkningsme-

263 861 107 30 toden
394 871 81 20 vore
499 871 43 20 av
566 862 66 29 den
656 864 64 32 art,
746 864 51 27 att
821 862 56 29 det
901 862 81 29 över
1007 861 121 30 huvud
1152 861 119 29 kunde
1296 860 143 30 komma
1464 859 9 30 i
1501 859 99 40 fråga
1626 862 50 27 att
1701 868 49 21 nu

263 914 207 31 retroaktivt
496 914 159 39 tillämpa
681 915 69 30 den
775 913 46 40 på
847 914 168 39 perioden
1043 914 225 30 1946—1949.
1298 913 110 39 Något
1435 916 108 27 annat
1567 912 184 31 uttalande

263 966 82 31 från
372 968 301 30 indexnämndens
701 968 76 30 sida
805 967 153 39 förelåge
985 967 89 30 icke.
1104 967 297 34 Indexnämnden,
1431 975 76 21 som
1536 965 141 31 tillsatts
1707 975 44 20 av

264 1021 123 39 Kungl.
414 1021 101 38 Maj:t
540 1021 56 30 för
621 1024 50 27 att
696 1021 81 29 med
803 1021 168 38 styrelsen
998 1020 225 39 fortlöpande
1249 1020 184 37 överlägga
1460 1028 58 20 om
1544 1018 206 30 metoderna

263 1074 58 30 för
340 1074 400 39 indexberäkningarna,
765 1074 91 30 hade
875 1073 76 31 icke
972 1072 116 40 någon
1112 1073 278 30 beslutanderätt
1411 1072 10 29 i
1446 1070 99 40 fråga
1568 1081 57 20 om
1648 1071 102 30 dessa

262 1127 247 39 beräkningar,
534 1127 56 30 för
613 1127 93 31 vilka
731 1128 170 38 styrelsen
924 1136 123 21 ensam
1070 1127 85 30 bure
1179 1128 173 28 ansvaret.
1376 1125 185 30 Nämnden
1583 1125 90 30 hade
1698 1123 52 31 så-

262 1181 109 30 lunda
389 1180 75 31 icke
482 1180 138 30 kunnat
638 1180 159 31 erkänna
815 1179 114 40 någon
947 1179 256 38 felberäkning,
1223 1188 77 21 som
1319 1178 10 30 i
1347 1178 181 30 motionen
1546 1180 142 36 antytts.

309 1234 262 30 Motionärerna
595 1244 103 28 synas
724 1233 84 40 utgå
830 1233 79 31 från
934 1237 50 27 att
1009 1244 43 20 en
1074 1234 144 30 korrekt
1244 1234 106 30 index
1372 1234 112 30 under
1509 1235 67 29 den
1598 1235 153 39 angivna

262 1287 240 40 tidsperioden
523 1288 108 29 borde
651 1288 45 29 ha
718 1287 131 30 utvisat
869 1297 42 20 en
933 1287 155 39 stegring
1110 1297 42 20 av
1176 1288 72 34 11,4
1271 1287 10 30 i
1304 1288 113 29 stället
1439 1288 56 29 för
1518 1289 52 34 8,0
1593 1290 156 37 procent.

261 1341 71 31 Om
357 1342 114 29 denna
498 1341 153 30 skillnad
676 1341 92 29 hade
797 1341 169 38 styrelsen
993 1341 109 29 redan
1128 1340 9 30 i
1165 1341 156 30 nämnda
1348 1340 167 31 skrivelse
1544 1341 128 35 anfört,
1699 1344 52 27 att

263 1396 181 30 resultatet
461 1405 43 20 av
523 1394 443 39 specialundersökningen
984 1393 78 30 icke
1081 1393 95 39 finge
1193 1394 115 30 tolkas
1327 1392 46 37 så,
1394 1397 50 27 att
1462 1394 57 30 det
1536 1394 108 38 högre
1662 1396 88 37 steg-

262 1448 191 40 ringstalet,
482 1448 73 35 11,4
580 1450 155 37 procent,
763 1447 112 30 skulle
898 1456 84 21 vara
1007 1447 59 30 det
1090 1447 177 30 korrekta.
1293 1446 49 31 På
1365 1447 112 39 grund
1504 1457 42 20 av
1571 1448 42 29 de
1638 1448 113 29 under

261 1502 170 39 perioden
447 1501 194 30 inträffade
659 1500 469 39 kvalitetsförbättringarna
1147 1499 111 31 måste
1278 1500 57 30 det
1354 1501 151 29 tvärtom
1524 1503 155 36 antagas,
1700 1503 51 27 att

263 1554 276 40 prisstegringen
563 1554 89 30 varit
676 1553 140 30 mindre
842 1554 43 29 än
913 1554 71 34 11,4
1009 1556 156 36 procent.
1194 1553 119 30 Under
1338 1553 167 39 perioden
1534 1553 217 30 1946—1949

264 1618 85 21 voro
372 1607 465 39 kvalitetsförändringarna
859 1605 46 40 på
927 1607 42 29 de
995 1606 11 30 i
1028 1607 154 29 handeln
1206 1606 215 39 tillgängliga
1446 1616 151 20 varorna
1622 1605 129 40 många

262 1662 68 30 och
345 1660 257 40 jämförelsevis
618 1660 209 39 betydande.
846 1659 64 30 Vid
926 1659 146 31 bortfall
1088 1669 42 21 av
1147 1669 41 20 en
1205 1659 235 30 varukvalitet
1456 1660 67 29 och
1541 1659 208 39 uppdykan-

258 1716 57 29 det
337 1725 41 20 av
399 1725 41 19 en
460 1725 47 28 ny
527 1724 62 20 var
612 1714 54 30 det
687 1713 94 31 svårt
803 1714 65 29 och
889 1713 72 30 ofta
985 1713 146 38 ogörligt
1153 1715 49 28 att
1224 1713 202 35 bestämma,
1450 1713 68 29 hur
1541 1713 137 38 mycket
1702 1723 42 20 av

260 1778 45 21 en
325 1767 178 39 samtidigt
525 1767 211 39 registrerad
755 1766 225 39 prisändring
1000 1765 47 40 på
1067 1767 208 38 varuslaget,
1299 1776 75 21 som
1395 1768 154 29 berodde
1570 1766 45 40 på
1638 1768 109 30 kvali-

263 1821 325 38 tetsförändringen
608 1821 65 29 och
696 1821 69 29 hur
784 1820 138 38 mycket
944 1829 77 20 som
1044 1829 60 20 var
1127 1829 41 20 en
1191 1819 134 40 verklig
1347 1820 149 39 ändring
1519 1830 42 21 av
1584 1820 167 40 prisläget

263 1874 48 40 på
333 1876 113 29 denna
468 1882 213 30 varugrupp.
707 1873 50 30 De
782 1873 58 29 vid
862 1872 442 40 specialundersökningen
1329 1873 225 30 framkomna
1580 1873 170 31 siffrorna

265 1931 117 36 syntes
405 1936 37 31 ge
465 1928 125 38 belägg
611 1927 54 29 för
687 1929 51 27 att
761 1926 68 30 den
851 1926 161 30 använda
1034 1926 380 39 beräkningsmetoden
1437 1927 153 30 medfört
1614 1937 42 20 en
1680 1927 70 31 viss

264 1980 296 38 underskattning
582 1990 42 20 av
645 1980 57 29 det
725 1989 124 21 senare
871 1981 193 28 momentet
1086 1979 57 30 vid
1165 1978 324 40 prisändringarna.
1514 1980 75 30 Hur
1609 1980 142 38 mycket

264 2036 69 29 den
358 2034 169 30 officiella
550 2033 237 30 indexsiffran
811 2032 112 30 skulle
945 2032 47 30 ha
1014 2031 187 40 påverkats
1228 2042 43 20 av
1296 2041 42 21 en
1366 2032 142 39 »riktig»
1536 2033 215 39 bedömning

264 2099 44 20 av
327 2087 313 40 prisändringarna
660 2085 46 40 på
725 2087 43 29 de
788 2095 111 26 varor,
920 2095 77 20 som
1018 2085 163 39 uppvisat
1202 2085 415 40 kvalitetsförändringar
1637 2087 113 30 under

264 2141 178 40 perioden,
465 2139 110 39 ansåg
595 2139 50 39 sig
662 2139 172 38 styrelsen
855 2138 43 30 då
918 2138 77 30 icke
1016 2138 122 30 kunna
1158 2139 84 38 göra
1264 2137 105 40 något
1390 2139 181 30 uttalande
1594 2149 66 25 om,
1683 2140 67 29 och

264 2195 170 39 styrelsen
456 2203 105 21 anser
582 2192 50 39 sig
655 2192 222 30 fortfarande
898 2191 76 30 icke
996 2191 122 30 kunna
1141 2200 97 30 ange,
1263 2201 61 20 var
1348 2192 114 30 denna
1489 2193 128 29 »rätta»
1645 2192 105 30 index

263 2249 116 30 skulle
397 2248 45 29 ha
460 2248 103 37 legat.

311 2301 262 30 Motionärerna
593 2299 135 34 anföra,
749 2301 51 27 att
819 2299 66 29 den
902 2299 185 37 företagna
1107 2297 442 40 specialundersökningen
1572 2298 112 30 skulle
1704 2299 46 30 ha

263 2354 189 35 bekräftat,
479 2356 52 27 att
558 2351 301 40 prisuppgifterna
886 2351 76 30 icke
989 2350 127 39 avsåge
1145 2351 175 39 »verkliga
1345 2352 101 38 köp».
1478 2351 102 31 Detta
1606 2352 39 29 är
1672 2351 78 31 icke

264 2408 135 39 riktigt;
420 2405 285 40 beräkningarna
726 2405 47 30 ha
794 2405 78 29 hela
893 2404 96 30 tiden
1010 2403 113 40 utgått
1145 2403 79 31 från
1248 2404 42 30 de
1311 2414 42 20 av
1375 2405 187 38 styrelsens
1585 2405 132 30 ombud
1740 2404 10 29 i

264 2462 97 30 olika
381 2460 140 31 butiker
543 2459 203 30 inhämtade
769 2457 225 40 uppgifterna
1013 2467 58 20 om
1093 2458 41 29 de
1155 2457 57 30 vid
1238 2457 173 39 »verkliga
1432 2457 89 39 köp>
1546 2457 205 39 tillämpade
