1882 2774
250 178 40 29 36
545 176 117 29 Andra
681 176 246 38 lagutskottets
947 174 180 30 utlåtande
1145 184 42 20 nr
1204 176 26 28 B
1252 174 39 29 12
1310 174 38 29 år
1369 173 82 30 1958

252 269 94 20 mare
372 259 118 29 hälsar
515 258 251 39 utvidgningen
791 258 78 29 med
894 257 305 30 tillfredsställelse
1225 257 111 29 under
1361 256 209 39 hänvisning
1597 257 50 29 till
1675 257 78 29 dess

250 309 175 39 betydelse
451 309 55 29 för
528 308 323 30 Gotlandstrafiken
874 308 64 29 och
962 308 41 29 de
1026 308 208 38 gotländska
1257 307 169 30 fiskarna.

296 359 345 39 Luftfartsstyrelsen
670 359 154 38 påpekar
851 360 48 27 att
926 358 194 39 ersättning
1145 358 76 29 icke
1249 358 101 38 utgår
1377 357 53 29 för
1457 357 57 30 det
1541 357 59 29 fall
1629 359 49 27 att
1706 360 46 27 ett

252 410 140 29 svenskt
416 409 195 39 luftfartyg,
636 418 73 20 som
733 409 95 29 utför
849 418 42 20 en
914 408 158 39 flygning
1095 408 128 29 mellan
1246 410 93 27 orter
1361 408 94 28 inom
1478 408 89 29 riket
1590 408 65 28 och
1678 417 74 20 som

252 459 120 30 därvid
394 469 41 19 av
454 459 364 34 väderförhållanden,
839 459 271 36 krigshandling,
1131 458 271 37 motorstörning
1422 458 81 29 eller
1526 467 115 20 annan
1662 458 92 29 oför-

253 510 124 29 utsedd
395 510 167 29 händelse
583 509 135 39 tvingas
740 509 104 29 landa
865 509 43 38 på
929 518 42 21 en
993 508 54 29 för
1069 509 163 28 sträckan
1253 508 125 29 utsedd
1400 508 353 39 alternativflygplats

248 561 98 28 utom
364 560 100 37 riket,
485 561 146 29 utsättes
651 560 55 29 för
725 559 218 40 krigsskada.
965 559 175 39 Styrelsen
1160 559 165 39 upplyser
1345 561 49 28 att
1415 559 116 39 dylika
1551 560 199 28 alternativ-

250 610 215 38 flygplatser,
488 609 145 39 belägna
653 612 97 28 utom
774 610 96 33 riket,
892 611 121 27 utsetts
1039 610 52 28 för
1112 612 45 27 ett
1180 610 114 29 flertal
1318 609 127 29 inrikes
1469 609 186 37 flyglinjer.
1679 610 73 36 Sty-

251 660 112 28 relsen
382 669 102 20 anser
503 662 48 27 att
570 660 117 38 lagens
707 659 245 39 tillämplighet
972 659 9 28 i
1001 661 150 27 rummet
1170 659 62 29 bör
1251 659 160 39 utvidgas
1430 662 49 26 att
1498 659 148 29 omfatta
1666 660 85 28 även

250 709 209 39 krigsskada
478 719 74 20 som
569 710 11 28 i
611 719 46 20 nu
676 712 110 27 avsett
804 710 60 29 fall
883 712 94 27 utom
995 710 88 29 riket
1099 710 149 29 drabbar
1267 710 181 37 luftfartyg
1464 710 104 36 jämte
1586 711 166 36 egendom

254 761 145 29 ombord
422 760 93 30 därå.
537 779 44 3 —
603 760 119 30 Såsom
748 770 120 20 senare
891 761 89 29 skall
1003 761 161 29 närmare
1186 760 137 30 utföras
1346 760 221 39 ifrågasätter
1590 760 162 40 sjöfarts-

253 811 170 37 styrelsen
445 813 49 27 att
514 811 100 39 lagen
633 811 77 30 icke
731 811 89 30 skall
840 810 177 31 innehålla
1039 811 114 38 någon
1172 810 199 31 territoriell
1393 810 233 40 begränsning
1647 810 104 31 såvitt

254 863 57 28 rör
335 861 182 39 sjöfarten.

247 961 393 39 Departementschefen

292 1018 265 39 Föredragande
578 1019 384 39 departementschefen
986 1019 63 29 har
1069 1020 10 28 i
1099 1019 263 39 propositionen
1383 1029 40 19 nr
1443 1019 40 29 82
1503 1019 57 29 vid
1581 1019 166 29 remissen

248 1068 51 29 till
323 1069 155 38 lagrådet
502 1069 130 31 anfört:

294 1119 228 29 »Nuvarande
543 1119 263 40 krigsskadelag
828 1123 52 27 tar
902 1120 88 30 sikte
1012 1120 122 29 enbart
1157 1120 44 39 på
1233 1120 256 29 materiell
1524 1120 118 30 skada.
1666 1121 83 28 Där-

247 1171 93 27 emot
361 1170 147 29 ersättes
531 1170 29 38 ej
587 1170 166 29 förluster
775 1170 11 29 i
810 1170 89 29 form
923 1180 42 19 av
986 1170 311 29 inkomstbortfall.
1321 1171 114 38 Lagen
1458 1170 63 29 har
1544 1170 75 30 icke
1642 1170 108 30 heller

247 1219 169 30 avseende
435 1220 45 38 på
499 1220 248 38 personskada.

291 1270 480 39 Försäkringsinspektionen
801 1271 63 28 har
894 1270 189 39 föreslagit,
1116 1273 49 27 att
1194 1271 116 29 denna
1339 1271 217 39 principiella
1585 1272 163 38 avgräns-

246 1319 85 39 ning
357 1329 41 19 av
424 1320 358 39 krigsskadeskyddet
810 1321 188 29 bibehålles
1025 1321 10 28 i
1063 1321 66 29 den
1156 1331 68 29 nya
1250 1321 276 39 lagstiftningen.
1556 1322 193 38 Inspektio-

246 1378 86 20 nens
355 1369 218 40 ståndpunkt
593 1370 64 30 har
678 1371 10 28 i
708 1371 57 29 det
786 1371 193 39 väsentliga
999 1371 172 39 godtagits
1193 1381 41 20 av
1255 1372 358 30 remissinstanserna.
1637 1372 48 29 På
1706 1382 42 19 en

246 1420 113 38 punkt
379 1420 63 29 har
462 1421 191 29 emellertid
674 1421 122 30 delade
816 1421 181 39 meningar
1018 1422 91 38 gjort
1130 1422 50 39 sig
1203 1422 170 39 gällande.
1396 1422 152 30 Sålunda
1568 1423 64 29 har
1653 1423 44 29 bl.
1718 1433 29 19 a.

246 1469 80 30 från
344 1470 225 30 industrihåll
587 1472 175 38 uttryckts
780 1472 180 29 önskemål
980 1481 56 20 om
1055 1474 50 27 att
1122 1472 184 39 möjlighet
1324 1472 141 30 beredes
1484 1473 51 29 till
1554 1473 194 39 ersättning

245 1520 55 28 för
320 1520 392 37 stilleståndsförluster,
732 1522 143 29 varmed
895 1522 10 29 i
925 1522 112 29 första
1055 1522 94 29 hand
1171 1522 135 39 åsyftas
1326 1522 165 31 förluster
1510 1523 44 39 på
1573 1523 114 39 grund
1707 1533 41 20 av

245 1569 255 35 driftsavbrott,
518 1580 73 20 som
608 1572 161 29 orsakats
787 1582 41 19 av
845 1572 353 39 krigsförhållanden.
1217 1575 52 28 En
1287 1576 142 27 motsatt
1448 1574 218 39 ståndpunkt
1684 1574 64 29 har

245 1620 194 30 utvecklats
461 1630 42 20 av
525 1623 130 28 statens
676 1622 338 39 jordbruksnämnd.

289 1670 65 30 Det
370 1671 62 29 bör
448 1672 258 37 understrykas,
723 1675 49 28 att
789 1683 42 20 en
847 1674 399 38 krigsskadeutjämning
1263 1684 42 20 av
1324 1675 65 29 den
1405 1677 59 35 typ
1483 1685 73 21 som
1572 1676 62 29 här
1652 1676 95 29 över-

244 1721 104 38 väges
372 1721 111 30 måste
509 1722 121 29 kunna
655 1723 60 29 ske
740 1722 89 30 efter
854 1723 322 40 schablonmässiga
1200 1733 151 22 normer.
1378 1726 101 28 Detia
1505 1726 37 28 är
1568 1735 42 19 en
1637 1725 110 30 förut-

245 1771 154 39 sättning
424 1771 54 30 för
505 1774 50 27 att
578 1773 435 39 ersättningsförfarandet
1037 1775 80 28 över
1141 1774 120 29 huvud
1288 1775 87 29 skall
1400 1775 121 30 kunna
1546 1777 63 38 äga
1633 1785 78 20 rum
1736 1776 9 29 i

243 1821 173 40 hanterlig
436 1821 102 31 form.
559 1823 279 39 Uppenbarligen
858 1824 69 29 kan
947 1824 57 29 det
1024 1824 76 30 icke
1119 1824 258 40 ifrågakomma
1397 1828 49 28 att
1466 1826 87 29 efter
1574 1827 173 38 generella

243 1871 111 38 regler
379 1873 131 29 ersätta
536 1872 299 32 inkomstbortfall
862 1874 43 39 på
932 1874 114 39 grund
1074 1884 41 20 av
1141 1875 244 30 driftsavbrott
1412 1876 64 29 och
1502 1876 166 30 liknande
1695 1877 51 29 in-

244 1921 260 40 skränkningar
521 1922 10 29 i
549 1923 236 39 näringslivet.
803 1926 57 28 Ett
878 1924 172 39 krigsläge
1068 1925 158 30 kommer
1244 1928 50 27 att
1311 1926 44 39 på
1374 1927 175 38 praktiskt
1567 1929 92 37 taget
1678 1928 67 29 alla

244 1971 339 31 samhällsområden
613 1973 160 30 medföra
804 1974 303 30 intäktsförluster
1138 1976 65 29 och
1234 1976 414 40 inkomstminskningar,
1681 1978 63 29 och

242 2021 103 30 dessa
364 2022 320 40 skadeverkningar
703 2024 91 29 lärer
813 2025 126 39 många
959 2025 128 39 gånger
1106 2026 54 29 väl
1181 2026 123 30 kunna
1323 2028 95 28 mäta
1438 2027 50 40 sig
1507 2028 79 29 med
1607 2029 41 28 de
1668 2031 76 27 rent

242 2072 195 30 materiella
463 2073 185 30 skadorna.
677 2074 65 29 Det
770 2075 38 29 är
837 2075 119 29 därför
982 2075 76 30 icke
1084 2076 137 39 möjligt
1250 2078 50 28 att
1326 2077 95 30 inom
1448 2088 120 20 ramen
1597 2078 54 30 för
1678 2079 66 29 den

241 2121 208 40 ifrågasatta
469 2123 266 40 lagstiftningen
756 2126 36 28 ta
812 2125 137 39 hänsyn
970 2125 51 29 till
1045 2126 131 30 sådana
1196 2127 231 30 ekonomiska
1451 2129 294 39 skadeverkning-

242 2181 49 24 ar,
317 2182 74 19 som
416 2173 65 29 har
505 2173 53 29 sin
584 2174 111 39 grund
720 2174 11 29 i
756 2175 244 31 driftsavbrott
1025 2176 64 29 och
1116 2176 166 31 liknande
1308 2178 306 39 krigsstörningar.
1642 2179 102 30 Detta

242 2223 107 38 gäller
366 2223 86 29 även
467 2223 300 31 inkomstbortfall
784 2225 45 39 på
844 2226 112 39 grund
973 2235 42 20 av
1032 2228 49 28 att
1098 2227 197 30 radioaktiv
1311 2228 205 40 beläggning
1534 2228 54 30 för
1605 2230 139 29 kortare

241 2272 83 30 eller
340 2273 119 39 längre
476 2273 50 30 tid
543 2274 207 40 omöjliggör
767 2276 241 38 utnyttjandet
1026 2286 42 20 av
1084 2286 42 21 en
1142 2277 367 41 industrianläggning
1527 2280 91 36 eller,
1637 2280 107 39 enligt

240 2322 411 41 civilförsvarstyrelsens
676 2326 166 38 exempel,
867 2328 47 29 ett
936 2326 183 39 jordbruk.
1144 2328 13 29 I
1180 2328 68 29 den
1271 2328 82 30 mån
1376 2329 266 40 ifrågavarande
1668 2331 77 29 ska-

243 2373 63 29 dor
330 2373 116 31 finnes
470 2375 85 29 böra
578 2376 158 34 ersättas,
761 2376 97 30 torde
882 2376 57 31 det
963 2376 37 31 få
1025 2378 59 29 ske
1108 2378 11 29 i
1144 2379 151 29 särskild
1321 2380 157 39 ordning.
1503 2382 63 38 Jag
1590 2381 155 31 biträder

239 2422 46 38 på
309 2424 113 37 grund
447 2434 42 19 av
513 2424 57 30 det
595 2425 149 30 anförda
770 2425 486 41 försäkringsinspektionens
1281 2430 141 39 mening
1448 2432 49 28 att
1523 2431 219 39 krigsskade-

243 2473 148 39 skyddet
413 2475 89 29 skall
524 2475 187 40 begränsas
733 2476 53 30 till
807 2477 121 30 enbart
950 2477 110 31 skada
1080 2478 20 30 å
1120 2479 179 39 egendom.
