1884 2776
376 173 119 30 Andra
514 173 247 39 lagutskottets
781 170 178 30 utlåtande
978 179 42 20 nr
1036 172 26 28 B
1084 170 39 28 12
1142 169 39 30 år
1202 168 83 30 1958
1591 168 40 29 25

125 258 156 29 nämnda
302 257 219 30 alternativet
544 256 54 29 får
618 265 82 19 man
724 257 35 27 ta
779 255 10 28 i
811 254 205 33 beaktande,
1041 255 49 27 att
1110 252 209 38 varulagren
1342 251 87 30 efter
1451 253 47 27 ett
1521 251 76 38 krig
1619 250 10 29 i

128 309 191 29 allmänhet
342 309 38 29 är
404 307 145 39 fåtaliga
571 307 65 29 och
658 306 143 39 knappa
825 307 88 29 samt
938 306 49 28 att
1011 304 56 29 det
1090 303 120 30 därför
1233 303 76 29 icke
1333 302 97 30 torde
1454 302 102 30 ställa
1579 301 50 39 sig

125 359 64 29 lätt
206 361 49 27 att
273 368 40 20 av
329 358 100 30 deras
448 358 100 38 ägare
565 359 120 36 uttaga
702 355 157 40 avgifter,
877 364 73 20 som
970 355 112 28 skulle
1100 354 10 28 i
1127 354 114 38 någon
1259 352 245 38 utsträckning
1522 351 108 30 förslå

125 409 52 29 till
205 412 48 27 att
280 409 158 38 gottgöra
465 408 77 29 dem
571 416 73 20 som
672 415 124 30 genom
823 406 111 38 kriget
961 405 65 29 fått
1055 405 76 29 sina
1157 404 183 38 varulager
1368 403 152 29 skadade
1548 402 82 29 eller

126 459 186 30 förstörda.
336 459 126 29 Vidare
485 458 57 29 må
565 457 207 30 framhållas
796 458 49 27 att
868 465 42 20 en
933 455 107 39 avgift
1065 455 20 30 å
1108 455 184 38 varulager
1313 454 89 29 efter
1424 453 112 39 kriget
1559 453 70 29 kan

127 510 125 29 tänkas
274 510 106 29 verka
403 508 206 30 avhållande
632 508 44 39 på
699 508 78 29 dem
801 516 73 20 som
897 507 64 28 har
984 506 53 29 för
1060 506 114 29 avsikt
1198 507 49 27 att
1271 504 118 30 skaffa
1413 504 50 39 sig
1487 504 141 29 sådana.

124 561 53 28 En
198 560 109 29 sådan
327 560 131 29 verkan
480 568 102 30 synes
603 559 171 29 utskottet
795 558 101 38 högst
916 557 149 39 olycklig
1087 565 42 20 ur
1151 555 378 30 samhällsekonomisk
1552 563 78 30 syn-

125 611 124 38 punkt.
267 610 74 30 Vad
360 610 37 29 så
414 609 108 39 angår
539 608 220 30 alternativet
777 610 49 27 att
842 608 155 29 debitera
1013 607 147 39 avgifter
1190 607 6 29 å
1212 606 78 29 dem
1309 615 74 20 som
1401 605 76 29 haft
1493 605 136 29 varula-

125 669 57 29 ger
197 662 108 29 under
320 661 120 37 kriget,
456 660 56 30 må
527 660 87 29 först
630 660 63 29 och
711 659 122 29 främst
850 658 211 34 framhållas,
1079 660 47 27 att
1142 660 46 27 ett
1205 658 121 28 sådant
1343 657 200 29 förfarande
1560 656 69 29 för-

124 712 144 28 utsätter
282 711 220 37 registrering
516 720 41 20 av
572 710 39 29 de
627 710 109 29 under
751 710 109 36 kriget
875 709 212 29 existerande
1102 709 215 36 varulagren.
1334 708 119 28 Såsom
1468 716 88 20 ovan
1572 715 58 20 an-

125 762 87 29 förts
229 763 37 28 är
281 763 45 28 ett
342 761 212 30 omfattande
570 760 355 38 registreringsarbete
940 760 108 29 under
1064 759 175 37 pågående
1254 759 77 36 krig
1347 758 102 37 något
1465 767 74 20 som
1555 758 74 28 icke

124 813 51 28 ter
193 813 50 36 sig
260 812 140 30 särskilt
416 812 188 29 realistiskt
620 813 48 27 att
685 810 211 38 genomföra.
914 810 123 29 Vidare
1055 810 69 29 kan
1142 819 80 19 man
1239 810 68 28 inte
1326 811 82 27 utan
1425 809 117 29 vidare
1560 808 69 29 för-

124 863 142 33 utsätta,
282 864 48 28 att
344 863 65 28 den
425 871 74 20 som
515 862 108 29 under
637 862 111 36 kriget
763 862 55 36 ägt
833 863 45 26 ett
892 861 180 35 varulager
1088 860 88 29 skall
1192 859 85 30 efter
1290 860 110 36 kriget
1412 868 82 20 vara
1506 859 10 28 i
1530 858 99 30 stånd

125 914 50 28 att
199 912 138 39 erlägga
359 911 318 40 krigsskadeavgift
702 911 54 29 för
778 911 104 29 detta.
909 911 80 29 Man
1013 911 70 29 kan
1107 910 179 29 dessutom
1310 910 76 29 icke
1410 909 115 29 bortse
1550 909 79 29 från

124 962 119 29 risken
264 962 55 30 för
339 964 49 27 att
407 961 177 40 juridiska
603 971 166 29 personer
787 980 44 2 —-
850 961 94 29 vilka
964 960 54 29 för
1038 960 112 39 övrigt
1170 960 98 29 torde
1288 969 84 20 vara
1393 961 101 38 ägare
1515 960 51 29 till
1587 959 41 29 de

126 1013 128 28 största
275 1012 153 29 värdena
449 1012 11 28 i
481 1012 182 39 varulager
683 1031 44 2 —
748 1012 157 29 kommer
928 1013 49 27 att
998 1011 94 29 inför
1114 1011 119 29 risken
1257 1013 50 27 att
1329 1010 36 29 få
1386 1010 114 29 betala
1521 1010 108 39 dryga

124 1062 358 39 krigsskadeavgifter
504 1062 44 39 på
569 1062 112 39 grund
705 1072 41 19 av
768 1062 58 29 sitt
848 1062 151 29 innehav
1020 1071 42 19 av
1082 1061 184 39 varulager
1287 1061 112 29 under
1421 1060 112 39 kriget
1555 1060 41 39 gå
1618 1060 11 28 i

123 1112 208 30 likvidation
349 1112 55 30 för
422 1114 50 28 att
491 1112 152 29 därefter
661 1112 204 39 återuppstå
885 1121 74 20 som
977 1121 67 29 nya
1065 1112 243 38 rättssubjekt.

168 1163 49 29 De
237 1172 47 20 nu
303 1163 155 39 antydda
478 1163 260 39 svårigheterna
758 1162 78 30 med
855 1165 47 26 ett
923 1162 367 39 försäkringsmässigt
1311 1164 130 37 system
1459 1161 93 30 visar
1572 1171 56 20 en-

124 1213 61 39 ligt
205 1214 189 29 utskottets
414 1213 141 39 mening
576 1215 49 28 att
645 1215 48 28 ett
715 1213 123 29 sådant
860 1215 128 37 system
1009 1213 176 39 knappast
1207 1214 37 28 är
1265 1213 218 29 användbart
1504 1212 54 29 för
1580 1214 48 27 ett

124 1263 94 30 svårt
238 1263 170 40 krigsfall.
430 1264 125 29 Härtill
576 1264 57 29 må
653 1264 118 39 läggas
792 1266 49 27 att
861 1264 95 29 detta
977 1265 129 37 system
1128 1272 41 20 ur
1191 1263 365 39 rättvisesynpunkter
1577 1264 51 28 ter

124 1314 51 37 sig
192 1314 219 30 diskutabelt.
429 1315 185 36 Systemets
632 1315 210 37 uppdelning
858 1324 41 19 av
916 1315 211 37 egendomen
1132 1310 21 46 å
1180 1314 112 30 skilda
1309 1314 166 29 kollektiv
1491 1314 68 29 kan
1577 1314 51 29 så-

123 1365 109 29 lunda
251 1365 169 35 medföra,
442 1367 50 27 att
512 1374 56 19 om
589 1365 131 38 krigets
741 1364 200 29 förstörelse
962 1364 247 29 företrädesvis
1231 1363 128 30 träffar
1379 1364 93 29 vissa
1493 1364 73 38 slag
1587 1373 41 19 av

123 1416 179 38 egendom,
323 1416 101 37 ägare
444 1424 42 21 av
504 1415 168 38 egendom
692 1415 95 29 inom
806 1414 267 38 ifrågavarande
1092 1414 168 30 kollektiv
1279 1415 159 28 kommer
1459 1416 49 27 att
1528 1414 100 29 drab-

122 1466 62 31 bas
204 1466 146 29 hårdare
373 1475 41 20 av
436 1465 147 39 avgifter
605 1466 43 28 än
671 1465 51 33 de,
744 1465 112 29 vilkas
879 1465 166 38 egendom
1069 1464 119 29 tillhör
1211 1464 109 29 andra
1343 1464 176 29 kollektiv.

167 1516 49 29 De
241 1515 188 30 nackdelar
454 1524 74 21 som
551 1515 107 39 enligt
681 1515 67 29 vad
772 1524 88 20 ovan
884 1514 136 30 anförts
1044 1514 156 30 vidlåder
1224 1517 47 27 ett
1297 1515 331 39 krigsskadeersätt-

123 1565 246 40 ningssystem,
400 1575 74 20 som
503 1566 38 29 är
568 1565 104 40 byggt
700 1565 45 39 på
773 1565 388 39 försäkringsliknande
1190 1565 163 39 grunder,
1383 1565 128 30 saknas
1540 1565 11 29 i
1580 1566 48 28 ett

124 1618 140 37 system,
294 1625 74 20 som
395 1615 140 30 baseras
564 1615 44 39 på
635 1626 41 20 en
705 1615 230 41 finansiering
963 1624 123 30 genom
1118 1616 132 29 skatter
1278 1615 88 30 efter
1394 1615 122 39 kriget.
1546 1615 82 31 Sist-

123 1666 155 29 nämnda
306 1668 129 37 system
462 1666 137 29 medför
625 1666 107 38 enligt
761 1667 187 28 utskottets
976 1666 141 39 mening
1145 1666 125 30 främst
1298 1666 67 29 den
1393 1666 156 29 fördelen
1578 1668 50 27 att

122 1725 83 20 man
232 1716 203 39 därigenom
461 1716 70 29 kan
560 1716 134 29 fördela
721 1716 272 40 krigsbördorna
1018 1716 88 30 efter
1132 1726 124 20 envars
1283 1716 159 39 förmåga
1469 1719 48 27 att
1544 1717 84 29 bära

123 1766 190 29 desamma.
340 1766 48 29 På
413 1766 38 29 så
475 1767 67 28 sätt
567 1766 63 30 har
655 1776 81 20 man
762 1767 182 38 möjlighet
969 1769 49 27 att
1042 1767 58 29 vid
1124 1767 280 38 utdebiteringen
1430 1776 41 20 av
1496 1767 132 29 skatter

125 1816 49 29 till
194 1816 171 30 täckande
384 1826 41 20 av
443 1817 226 38 krigsskador
688 1817 130 29 handla
836 1817 87 29 efter
941 1817 193 39 principen,
1154 1819 49 28 att
1222 1818 112 38 kriget
1353 1819 37 28 är
1408 1827 41 20 en
1469 1818 77 29 hela
1565 1817 62 29 fol-

123 1866 76 29 kets
225 1866 261 38 angelägenhet.
513 1867 66 28 För
604 1867 111 37 övrigt
742 1877 102 28 synes
869 1867 65 29 den
962 1867 218 39 principiella
1208 1867 197 29 skillnaden
1431 1868 128 29 mellan
1587 1868 40 28 de

123 1916 90 28 båda
235 1918 175 36 systemen
431 1916 10 28 i
464 1916 126 38 många
615 1917 194 29 avseenden
832 1917 74 29 icke
929 1917 141 29 särskilt
1094 1919 81 28 stor.
1198 1918 48 29 De
1269 1917 157 38 avgifter,
1450 1927 73 19 som
1547 1918 10 28 i
1580 1920 46 27 ett

123 1966 389 38 försäkringsliknande
541 1969 128 36 system
700 1967 87 28 skall
817 1969 137 36 uttagas
982 1967 87 29 efter
1097 1967 123 38 kriget,
1250 1968 97 29 torde
1377 1968 147 29 sålunda
1552 1968 75 29 icke

121 2017 137 35 mycket
278 2017 102 35 skilja
401 2017 51 37 sig
470 2017 77 29 från
566 2027 42 19 en
628 2018 229 36 specialskatt.
879 2018 10 28 I
910 2020 45 27 ett
974 2018 168 29 avseende
1161 2027 102 27 synes
1282 2019 188 29 emellertid
1491 2021 44 27 ett
1559 2019 68 29 för-

123 2067 302 36 säkringsmässigt
446 2069 126 34 system
591 2077 81 19 vara
690 2070 44 27 ett
755 2068 314 29 skattefinansierat
1090 2071 126 34 system
1236 2070 199 35 överlägset.
1454 2070 61 28 Det
1535 2070 91 28 förra

123 2118 165 36 systemet
306 2116 146 29 innebär
471 2117 172 37 nämligen
663 2136 42 1 —-—
723 2118 8 27 i
750 2120 146 27 motsats
915 2118 49 28 till
983 2118 64 28 vad
1067 2128 73 19 som
1160 2119 37 28 är
1216 2118 93 30 fallet
1331 2119 220 29 beträffande
1571 2120 56 28 det

123 2175 122 20 senare
269 2163 24 48 —
319 2168 48 27 att
385 2176 81 19 man
485 2167 42 37 på
545 2167 150 29 förhand
715 2167 141 29 fastslår
873 2170 49 26 att
940 2168 146 37 avgifter
1109 2168 405 39 (försäkringspremier)
1539 2170 87 28 skall

123 2215 82 38 utgå
228 2215 93 29 inom
341 2216 96 38 varje
457 2216 167 29 kollektiv
645 2217 53 28 för
719 2219 49 27 att
789 2218 178 28 användas
989 2218 47 29 till
1058 2219 195 37 ersättning
1273 2219 30 28 åt
1326 2219 90 33 dem,
1438 2229 71 18 som
1532 2220 94 28 inom

122 2265 200 28 kollektivet
348 2266 61 28 fått
436 2266 51 27 sin
512 2266 166 37 egendom
704 2267 242 37 krigsskadad.
973 2268 209 37 Härigenom
1211 2268 62 29 har
1299 2269 330 38 försäkringssyste-

122 2316 70 27 met
216 2317 132 26 ansetts
373 2315 166 29 innebära
562 2325 41 19 en
629 2317 109 28 större
762 2317 157 38 trygghet
944 2317 53 28 för
1021 2320 49 26 att
1095 2318 112 37 någon
1233 2319 193 37 ersättning
1450 2320 175 37 verkligen

126 2365 86 28 skall
234 2365 141 29 komma
394 2368 49 26 att
463 2366 81 37 utgå
563 2367 42 28 än
625 2367 54 28 det
701 2367 351 30 skattefinansierade
1071 2370 177 37 systemet,
1267 2369 62 29 där
1348 2369 122 38 frågan
1489 2379 55 20 om
1563 2370 64 29 och

122 2413 9 28 i
150 2414 115 29 vilken
285 2415 82 37 grad
389 2415 227 37 krigsskador
635 2417 86 28 skall
742 2418 147 28 ersättas
909 2416 95 30 alltid
1026 2417 64 29 blir
1109 2418 170 30 beroende
1299 2429 41 19 av
1359 2419 266 38 möjligheterna

122 2466 49 26 att
191 2466 118 36 uttaga
330 2465 90 28 skatt
442 2465 88 29 efter
551 2466 120 38 kriget.
693 2467 171 29 Utskottet
886 2477 102 19 anser
1007 2468 86 28 dock
1116 2487 14 1 —
1179 2469 113 28 såsom
1313 2469 9 28 i
1342 2469 55 29 det
1420 2469 206 38 föregående

121 2514 193 29 redovisats
345 2534 1 1 —
406 2516 235 29 nackdelarna
666 2517 77 29 med
769 2517 386 39 försäkringssystemet
1181 2529 83 20 vara
1290 2520 36 28 så
1352 2521 199 32 avsevärda,
1577 2522 50 28 att
