2218 2628
454 237 17 28 6
847 232 392 34 Konstitutionsutskotlets
1269 230 168 33 Utlåtande
1461 229 61 31 N:o
1546 230 29 27 3.

547 315 41 37 af
624 316 88 36 herr
751 314 101 45 Säve,
894 325 80 24 som
1007 311 138 37 anfört:

547 366 78 36 »Då
660 365 69 47 jag
770 364 68 37 har
870 363 71 36 den
971 361 255 50 uppfattning,
1255 364 55 32 att
1338 358 73 37 den
1438 356 219 48 föreslagna
1683 360 125 32 rätten
1837 355 55 36 för
1917 354 94 37 riks-

416 417 185 48 dagsmän
642 415 57 37 till
739 414 71 37 fria
850 426 105 24 resor
986 417 21 33 å
1034 417 146 32 statens
1209 411 209 47 jernvägar
1445 407 120 38 under
1591 406 251 48 riksdagarne
1872 404 92 37 eller
1992 407 21 33 å

416 468 109 47 tider,
568 467 48 38 då
649 465 220 47 Riksdagen
910 464 32 48 ej
986 469 40 31 är
1069 462 157 45 samlad,
1259 464 79 33 står
1364 460 12 35 i
1404 458 135 37 sådant
1567 457 183 37 samband
1779 455 86 38 med
1893 452 44 50 $$
1968 456 43 36 12

418 519 71 37 och
530 520 46 35 23
617 515 407 49 riksdagsordningen,
1066 518 55 31 att
1162 512 75 37 den
1277 509 204 49 rätteligen
1514 509 31 48 ej
1577 509 70 36 bör
1673 506 222 49 lagstadgas
1924 510 89 32 utan

418 569 137 48 tillägg
596 567 58 37 till
687 567 89 36 eller
809 565 207 47 ändringar
1041 564 13 37 i
1081 562 165 38 nämnda
1274 559 233 52 paragrafer,
1536 559 73 37 och
1637 558 46 36 då
1711 557 141 37 sådana
1879 556 137 47 tillägg

419 620 90 36 eller
536 618 207 49 ändringar
771 629 115 37 synas
915 616 77 47 mig
1020 615 169 36 hvarken
1217 612 142 47 nödiga
1387 610 91 38 eller
1505 609 160 49 nyttiga,
1694 609 68 36 har
1789 608 71 49 jag
1879 612 135 40 ansett,

419 675 53 31 att
498 670 132 36 herrar
657 682 73 23 von
755 666 217 39 Strokirchs
1001 665 71 37 och
1099 664 125 38 Johan
1244 662 199 37 Olofssons
1464 660 188 37 motioner
1669 659 86 36 bort
1775 658 41 37 af
1829 657 187 37 utskottet

419 723 48 46 på
494 720 114 37 dessa
631 718 167 49 grunder
825 717 225 48 afstyrkas.»

552 822 41 35 af
619 821 127 36 herrar
772 821 172 36 Johnsson
972 817 70 37 och
1080 817 223 45 Wavrinsky,
1331 813 128 37 hvilka
1486 818 135 43 yttrat:

553 871 108 37 »Fria
700 883 106 23 resor
843 873 20 33 å
904 874 144 31 statens
1075 868 208 46 jernvägar
1311 864 60 37 för
1398 863 265 47 riksdagsmän
1693 873 86 24 vare
1808 860 58 47 sig
1899 858 120 38 under

421 923 248 47 riksdagarne
711 920 91 37 eller
843 923 20 33 å
903 919 108 46 tider,
1053 917 49 37 då
1132 916 219 48 Riksdagen
1376 914 32 48 ej
1439 918 40 32 är
1502 911 158 47 samlad,
1688 924 115 34 synas
1832 923 63 24 oss
1929 905 89 56 obe-

423 973 197 48 stridligen
641 972 182 36 innebära
843 984 46 23 en
911 970 156 45 förmån,
1087 967 155 37 hvarför
1261 964 217 38 eventuella
1496 962 291 39 bestämmelser
1803 974 60 24 om
1880 959 140 38 sådana

422 1025 69 36 fria
531 1036 107 24 resor
677 1026 118 34 måste
836 1020 150 49 påkalla
1014 1018 164 48 ändring
1203 1017 12 37 i
1245 1016 92 37 eller
1361 1015 134 48 tillägg
1523 1014 57 36 till
1604 1010 44 50 $$
1679 1015 41 34 12
1750 1012 71 36 och
1850 1012 47 36 23
1925 1010 95 37 riks-

424 1074 329 49 dagsordningen;
783 1085 86 24 men
897 1071 47 36 då
972 1070 97 36 hvad
1100 1068 282 37 motionärerna
1410 1065 123 37 anfört
1562 1064 54 36 till
1645 1063 85 36 stöd
1758 1062 59 37 för
1845 1062 82 36 sina
1945 1060 75 37 för-

424 1126 82 48 elag
545 1125 87 37 icke
674 1136 114 36 synes
828 1121 185 38 innefatta
1053 1120 138 48 giltiga
1223 1118 82 37 skäl
1335 1117 58 37 för
1422 1115 140 37 sådana
1591 1108 430 59 grundlagsändringar,

424 1176 111 37 hafva
563 1176 38 36 vi
629 1180 125 31 ansett
781 1173 237 36 motionerna
1045 1171 95 36 böra
1168 1170 39 36 af
1230 1169 189 36 utskottet
1445 1170 48 45 på
1520 1166 125 36 denna
1671 1164 124 48 grund
1816 1162 204 48 afstyrkas.

425 1227 16 36 I
480 1226 132 48 hvarje
653 1224 64 37 fall
758 1223 107 37 torde
908 1223 65 36 det
1012 1222 86 36 icke
1132 1221 128 36 kunna
1287 1219 243 46 ifrågasättas
1558 1221 66 40 att,
1653 1218 48 46 på
1729 1219 76 32 sätt
1833 1214 87 36 herr
1948 1226 74 22 von

428 1276 197 39 Strokirch
666 1274 214 48 föreslagit,
921 1273 169 37 ledamot
1130 1271 39 37 af
1196 1271 136 36 Första
1360 1269 232 36 Kammaren
1621 1265 122 37 skulle
1772 1277 72 34 ega
1871 1268 74 32 rätt
1972 1267 55 32 att

427 1327 94 38 efter
561 1325 276 51 godtfinnande
880 1324 71 37 och
987 1322 143 50 jemväl
1170 1321 12 36 i
1225 1319 175 38 enskilda
1432 1316 325 50 angelägenheter
1785 1315 145 48 åtnjuta
1955 1312 70 38 fria

427 1391 106 24 resor
574 1381 20 32 å
635 1382 144 31 statens
808 1375 221 49 jernvägar,
1058 1373 122 36 under
1207 1372 66 36 det
1301 1376 55 31 att
1384 1381 144 26 samma
1555 1368 146 36 förmån
1730 1365 83 37 icke
1842 1365 101 48 finge
1972 1366 53 34 åt-

428 1430 126 47 njutas
583 1428 62 36 vid
674 1440 106 24 resor
806 1426 58 36 till
889 1426 71 36 och
989 1425 83 36 från
1101 1422 258 48 Riksdagen.»

563 1529 41 38 af
632 1530 87 36 herr
759 1528 266 43 Waldenström,
1059 1538 82 24 som
1173 1528 137 41 ansett,
1339 1527 55 32 att
1422 1518 260 40 betänkandet
1708 1518 86 37 bort
1820 1516 112 37 hafva
1960 1514 68 37 föl-

424 1580 117 49 jande
567 1579 165 49 lydelse:

562 1631 219 38 »Utskottet
809 1641 112 25 anser
948 1627 11 36 i
987 1627 120 36 likhet
1134 1625 86 38 med
1248 1623 295 45 motionärerna,
1574 1625 55 32 att
1655 1617 217 39 införandet
1900 1616 40 37 af
1956 1615 72 37 fria

431 1695 107 24 resor
577 1682 59 37 för
675 1678 459 52 folkrepresentationens
1175 1675 249 38 medlemmar
1463 1678 90 31 utan
1594 1670 134 37 ivifvel
1766 1667 123 38 skulle
1916 1665 114 39 lända

433 1731 328 50 riksdagsarbetet
801 1730 73 37 och
916 1728 208 37 såmedelst
1163 1726 66 38 det
1266 1726 190 36 allmänna
1489 1723 57 37 till
1576 1719 195 40 afsevärdt
1798 1732 115 35 gagn.
1973 1716 55 37 De

433 1783 121 37 skulle
595 1782 194 48 nemligen
831 1780 123 48 enligt
994 1778 208 37 utskottets
1244 1777 99 47 åsigt
1380 1775 32 48 ej
1443 1772 236 48 oväsentligt
1704 1770 161 47 bidraga
1892 1768 56 37 till
1976 1772 54 32 att

432 1834 69 37 hos
540 1833 348 47 riksdagsmännen
927 1830 72 37 öka
1037 1828 269 37 kännedomen
1340 1840 61 23 om
1435 1821 332 40 fäderneslandets
1797 1820 101 37 olika
1925 1817 105 38 delar

434 1890 97 32 samt
558 1885 141 48 skärpa
727 1883 112 37 deras
866 1882 163 36 intresse
1049 1879 57 37 för
1126 1878 124 37 skilda
1269 1876 253 38 landsändars
1541 1871 119 39 behof
1678 1872 72 37 och
1769 1868 262 48 utvecklings-

435 1935 256 49 möjligheter,
719 1938 117 43 något
864 1946 81 23 som
974 1932 10 36 i
1013 1930 213 50 synnerhet
1251 1928 13 37 i
1291 1933 56 32 ett
1373 1926 88 38 land
1490 1938 82 24 som
1600 1926 84 34 vårt
1706 1921 89 38 med
1814 1920 89 37 dess
1921 1920 110 47 bety-

435 1986 122 37 dande
599 1984 267 48 utsträckning
905 1982 71 38 och
1017 1980 157 38 dermed
1214 1978 182 39 förenade
1430 1974 309 51 skiljaktigheter
1765 1972 12 36 i
1805 1976 126 32 natur-
1959 1968 72 38 och

436 2034 391 39 kulturförhållanden
871 2036 119 34 måste
1032 2045 114 23 anses
1187 2044 90 23 vara
1317 2029 42 37 af
1381 2033 80 32 stor
1488 2024 212 50 betydelse.
1755 2016 125 43 Äfven
1908 2019 122 39 skulle

436 2087 139 38 sådana
603 2099 107 24 resor
737 2086 141 44 kunna,
906 2084 158 36 likasom
1098 2080 256 39 förhållandet
1374 2079 32 48 ej
1430 2078 119 37 sällan
1570 2075 97 37 varit
1686 2073 86 38 med
1788 2070 243 39 statsreviso-

435 2151 130 24 rernas
593 2150 118 34 resor,
738 2136 105 48 gifva
870 2134 164 50 uppslag
1061 2133 56 36 till
1145 2132 151 48 nyttiga
1323 2129 187 38 reformer
1537 2127 11 36 i
1576 2131 56 31 ett
1658 2124 92 37 eller
1781 2128 116 32 annat
1928 2133 104 25 mera

437 2188 161 50 specielt
625 2186 191 38 afseende.
872 2186 218 37 Utskottets
1119 2181 249 52 uppfattning
1396 2193 59 24 om
1485 2178 46 37 de
1558 2176 224 48 ifrågasatta
1810 2173 71 37 fria
1907 2184 125 25 resor-

436 2252 68 24 nas
544 2238 200 49 betydelse
786 2237 59 36 för
885 2239 84 34 vårt
1008 2234 89 37 land
1139 2232 194 38 bekräftas
1375 2230 111 37 äfven
1527 2227 41 38 af
1591 2227 74 37 den
1692 2224 228 46 erfarenhet,
1948 2234 83 26 som

438 2290 153 37 vunnits
619 2290 11 35 i
659 2287 181 38 afseende
881 2290 21 34 å
937 2286 46 37 de
1011 2298 119 33 resor,
1159 2283 140 46 hvilka,
1326 2284 50 47 på
1403 2285 73 33 sätt
1503 2278 99 38 båda
1631 2276 277 37 motionärerna
1935 2272 97 38 erin-
