1872 2776
261 151 18 29 bo

622 152 409 39 Bevillningsutskottets
1059 152 222 30 betänkande
1306 163 42 19 nr
1372 154 52 29 24.

309 235 13 29 I
346 235 206 39 anslutning
574 235 54 29 till
654 235 174 30 särskilda
851 235 130 30 mellan
1004 237 167 38 parterna
1194 236 154 30 träffade
1372 237 236 38 tilläggsavtal
1632 238 150 30 föreslås

264 285 167 29 liknande
461 285 266 30 bestämmelser
757 286 80 29 med
869 286 170 29 avseende
1069 296 20 20 å
1120 288 166 37 exporten
1317 287 112 29 under
1458 287 118 39 fjärde
1608 288 174 30 kvartalet

267 335 94 29 1951.
383 335 13 29 I
417 335 95 30 detta
535 335 64 29 fall
621 335 91 30 skall
733 336 90 29 dock
845 335 316 30 förskottsskatten
1183 337 84 38 utgå
1288 337 80 29 med
1389 337 41 29 28
1451 340 156 37 procent.

310 435 67 29 Fill
397 435 191 30 utskottets
607 436 214 39 behandling
838 437 46 29 ha
902 437 236 29 överlämnats
1159 438 41 28 de
1219 438 10 28 i
1249 438 189 39 anledning
1457 448 41 20 av
1517 439 266 39 propositionen

264 485 126 29 väckta
411 485 227 39 likalydande
659 486 222 30 motionerna
903 487 28 29 1:
949 487 60 29 377
1033 497 42 19 av
1095 488 81 29 herr
1200 488 106 29 Ernsi
1328 487 164 39 Hjalmar
1511 489 142 29 Nilsson
1677 499 44 19 m.
1744 490 37 29 fl.

265 535 65 28 och
351 535 45 29 IT:
413 535 63 29 498
497 545 43 20 av
559 536 81 29 herr
661 536 203 30 Andersson
885 537 11 29 i
916 537 224 30 Alfredshem
1161 547 45 19 m.
1227 538 48 33 fl.,
1296 538 75 29 vari
1391 539 210 33 hemställts,
1623 541 51 28 att
1694 540 90 29 riks-

265 585 111 38 dagen
396 586 108 29 måtte
522 586 139 29 besluta
680 589 50 27 att
748 587 159 39 företaga
926 587 109 30 sådan
1055 588 150 39 ändring
1226 598 41 19 av
1286 589 125 38 Kungl.
1433 589 125 39 Maj:ts
1579 589 132 41 förslag
1729 590 53 29 till

265 635 208 39 förordning
498 645 58 20 om
577 637 70 29 rätt
669 639 50 27 att
740 637 58 29 vid
820 638 159 38 taxering
1001 637 55 30 för
1078 638 157 31 inkomst
1256 638 104 39 njuta
1382 639 130 39 avdrag
1534 640 56 29 för
1611 640 93 29 vissa
1727 650 55 19 ex-

265 686 230 38 portavgifter
518 687 171 29 avseende
714 687 38 30 år
778 687 83 29 1952
885 697 45 20 m.
953 697 45 20 m.
1023 688 65 29 och
1111 688 127 39 Kungl.
1263 689 124 38 Maj:ts
1412 689 133 39 förslag
1568 690 53 29 till
1647 690 136 30 förord-

265 735 84 39 ning
370 745 56 20 om
447 737 71 29 rätt
540 739 51 28 att
614 737 57 30 vid
693 738 160 38 taxering
875 738 55 31 för
951 738 157 29 inkomst
1130 739 103 38 njuta
1256 740 129 39 avdrag
1407 740 55 29 för
1484 740 93 29 vissa
1600 743 182 36 exportav-

265 786 104 37 gifter
394 787 171 29 avseende
592 787 116 39 fjärde
733 788 175 29 kvartalet
935 789 80 28 1951
1043 798 46 20 m.
1119 798 57 25 m.,
1205 791 50 28 att
1280 789 182 39 företagen
1489 790 77 29 icke
1592 791 100 29 skola
1718 792 63 37 äga

264 836 66 28 rätt
350 838 47 27 att
416 836 109 30 under
546 836 345 38 återbetalningsåret
915 838 78 29 från
1012 839 55 29 det
1087 838 231 31 återbetalade
1337 840 160 37 beloppet
1516 841 188 29 verkställa
1725 850 57 20 av-

263 887 86 40 drag
372 888 54 29 för
447 889 315 39 värdeminskning
785 891 82 28 eller
890 890 211 30 underskott
1121 891 45 39 på
1188 891 254 31 förvärvskälla
1466 893 65 28 och
1553 894 50 28 att
1625 893 79 29 hela
1726 893 56 29 be-

265 937 116 39 loppet
400 937 149 30 sålunda
570 938 90 29 skall
679 939 116 30 såsom
816 939 214 29 nettointäkt
1051 939 93 30 bliva
1162 940 148 30 föremål
1328 941 55 29 för
1401 941 209 30 kommunal
1628 942 156 29 beskatt-

265 987 94 38 ning.

308 1037 229 30 Beträffande
558 1039 42 28 de
621 1039 86 33 skäl,
729 1048 75 20 som
825 1040 136 29 anförts
982 1040 52 29 till
1057 1040 78 29 stöd
1156 1041 55 29 för
1233 1041 56 29 det
1310 1041 10 29 i
1340 1042 221 29 motionerna
1583 1042 198 30 framförda

264 1087 183 38 yrkandet,
471 1088 56 29 får
551 1089 182 33 utskottet,
763 1090 5 28 i
791 1090 66 28 den
885 1090 82 29 mån
993 1090 219 39 redogörelse
1236 1091 121 29 härför
1382 1091 30 39 ej
1440 1092 137 29 lämnas
1602 1092 9 29 i
1636 1093 57 29 det
1718 1093 65 29 föl-

262 1137 117 38 jande,
402 1138 148 30 hänvisa
570 1139 52 28 till
643 1139 180 29 motionen
845 1140 28 29 I:
890 1140 73 29 377.

310 1238 160 29 Rörande
495 1239 193 29 innehållet
710 1249 42 20 av
774 1240 387 39 statsrådsprotokollet
1184 1242 9 28 i
1216 1242 144 29 ärendet
1382 1243 131 29 tillåter
1536 1243 52 38 sig
1610 1244 172 29 utskottet

265 1287 147 30 hänvisa
430 1289 52 28 till
500 1289 267 39 propositionen
793 1290 42 32 (s.
855 1290 141 34 6—13).

307 1339 398 40 Departementschefen
726 1340 64 29 har
812 1340 52 29 till
886 1341 77 29 stöd
984 1342 55 28 för
1060 1342 41 29 de
1122 1342 10 28 i
1152 1343 263 38 propositionen
1439 1343 198 39 framlagda
1658 1344 126 30 försla-

265 1395 64 31 gen
349 1388 118 30 anfört
486 1389 171 39 följande.

307 1439 13 29 I
339 1439 42 29 de
399 1439 103 34 avtal,
523 1449 77 20 som
619 1440 112 30 under
751 1440 84 30 åren
857 1441 217 31 1947---1950
1095 1442 173 32 träffades
1288 1443 129 30 mellan
1438 1446 114 27 staten
1573 1444 65 29 och
1659 1445 119 39 skogs-

262 1486 240 32 industrierna
522 1498 57 20 om
601 1489 209 39 erläggande
831 1500 43 20 av
894 1490 93 31 vissa
1007 1491 150 39 avgifter
1178 1492 57 30 vid
1255 1495 132 37 export,
1408 1494 208 30 förutsattes
1639 1495 50 29 att
1709 1494 70 30 frå-

264 1544 67 29 san
348 1547 57 20 om
420 1538 268 37 beskattningen
706 1548 42 20 av
767 1540 194 36 avgifterna
979 1540 112 31 skulle
1110 1541 92 29 lösas
1221 1542 44 36 på
1281 1542 11 29 i
1311 1543 136 29 avtalen
1467 1544 160 29 närmare
1646 1544 136 37 angivet

262 1588 79 30 sätt.
363 1589 42 30 Så
424 1589 66 30 har
510 1591 87 29 även
620 1590 92 30 skett
731 1591 66 29 och
817 1592 127 39 Kungl.
965 1592 107 39 Maj:t
1091 1592 75 34 har,
1187 1593 10 28 i
1217 1594 351 30 överensstämmelse
1589 1596 80 29 med
1689 1595 89 29 riks-

261 1637 131 39 dagens
412 1638 125 35 beslut,
559 1639 56 30 för
635 1641 41 29 de
696 1640 93 30 olika
811 1640 102 32 årens
932 1641 202 40 taxeringar
1155 1643 157 29 utfärdat
1332 1644 176 30 särskilda
1528 1644 251 40 förordningar

261 1686 11 28 i
298 1687 128 30 ämnet.
453 1688 320 31 Bestämmelserna
798 1689 169 32 innebära
993 1691 11 29 i
1029 1691 200 35 huvudsak,
1256 1695 50 28 att
1333 1693 197 39 avgifterna
1556 1694 37 29 få
1619 1704 43 20 av
1688 1696 90 29 före-

262 1738 104 38 tagen
381 1738 172 39 avdragas
568 1738 58 30 vid
640 1738 364 41 inkomsttaxeringen
1021 1740 56 30 för
1092 1741 58 29 det
1166 1742 38 29 år
1220 1742 41 29 de
1276 1742 157 40 erläggas
1449 1745 92 27 samt
1557 1746 51 28 att
1627 1745 154 29 beskatt-

263 1787 84 39 ning
367 1788 107 39 enligt
494 1789 432 40 kommunalskattelagen
947 1791 63 29 och
1032 1791 255 40 förordningen
1308 1802 57 20 om
1386 1794 120 38 statlig
1525 1794 256 31 inkomstskatt

261 1837 65 30 hos
342 1838 177 38 företagen
537 1848 43 20 av
595 1839 232 31 återbetalade
841 1841 112 29 medel
972 1841 88 30 skall
1077 1842 60 29 ske
1153 1842 89 30 först
1258 1843 58 29 vid
1332 1844 218 37 utbetalning
1565 1845 107 37 enligt
1687 1847 95 28 avta-

261 1887 66 31 len.
353 1888 127 31 Vidare
506 1890 109 38 gäller
641 1892 50 29 att
716 1892 41 29 de
784 1890 126 31 fonder
934 1892 64 29 och
1025 1892 179 35 stiftelser,
1230 1902 75 21 som
1330 1894 129 30 bildats
1485 1895 11 29 i
1521 1896 256 30 överensstäm-

264 1939 107 29 melse
389 1939 79 29 med
483 1940 159 29 avtalens
658 1940 234 33 föreskrifter,
909 1942 60 28 äro
984 1941 155 38 fritagna
1154 1943 81 29 från
1251 1943 198 39 skyldighet
1466 1947 50 27 alt
1532 1946 139 39 erlägga
1687 1946 95 29 skatt

261 1988 56 30 för
338 1988 156 31 inkomst
517 1991 66 28 och
605 1990 255 40 förmögenhet.

305 2039 137 30 Jämväl
470 2040 10 29 i
511 2040 42 29 de
582 2049 49 20 nu
661 2040 232 30 förevarande
922 2042 138 29 avtalen
1092 2042 65 30 och
1187 2043 279 39 tilläggsavtalen
1495 2045 65 30 har
1591 2046 187 30 förutsatts

262 2091 51 27 att
337 2089 125 39 frågan
486 2099 58 20 om
569 2090 216 39 avgifternas
810 2091 215 40 behandling
1048 2092 11 29 i
1084 2092 449 41 beskattningshänseende
1559 2096 91 30 skall
1678 2097 102 38 göras

261 2139 53 29 till
338 2130 149 40 föremål
511 2140 56 30 för
592 2140 153 31 särskild
768 2142 183 39 reglering.
976 2142 132 31 Därvid
1133 2143 47 30 ha
1206 2144 193 31 emellertid
1424 2147 168 38 parterna
1618 2148 161 28 överens-

262 2189 150 30 kommit
436 2199 57 20 om
517 2200 44 20 en
585 2191 109 30 delvis
718 2201 119 20 annan
863 2192 149 39 ordning
1035 2193 46 29 än
1106 2194 66 29 den
1197 2203 75 20 som
1297 2195 83 38 gällt
1403 2196 108 39 enligt
1537 2197 41 29 de
1602 2197 96 30 äldre
1721 2206 59 20 av-

262 2240 104 29 talen.
396 2240 155 30 Sålunda
578 2241 181 30 innehålla
787 2241 140 31 avtalen
954 2242 266 31 bestämmelser
1248 2253 57 21 om
1334 2247 51 28 att
1414 2246 71 30 viss
1515 2247 55 30 del
1599 2257 44 21 av
1669 2247 111 38 avgif-

260 2290 100 29 terna
381 2290 90 30 skall
490 2290 213 31 inlevereras
726 2292 50 29 till
798 2293 210 30 statsverket
1031 2293 117 30 såsom
1168 2294 105 30 skatt.
1295 2295 103 31 Detta
1419 2297 148 30 innebär
1589 2301 51 27 att
1662 2299 113 28 staten

260 2339 90 29 skall
376 2340 64 38 äga
466 2342 51 28 att
544 2341 216 30 omedelbart
787 2342 159 39 uppbära
973 2343 66 29 den
1066 2343 20 29 å
1112 2343 198 40 avgifterna
1335 2345 194 41 belöpande
1558 2347 140 39 statliga
1725 2347 51 29 in-

262 2389 270 31 komstskatten.
554 2391 76 30 Den
650 2391 229 31 kommunala
900 2392 271 40 beskattningen
1193 2394 89 30 skall
1304 2395 168 37 däremot,
1494 2397 128 30 liksom
1642 2396 137 35 hittills,

260 2439 61 30 ske
346 2439 88 31 först
457 2440 11 29 i
493 2441 173 30 samband
691 2442 78 29 med
794 2442 67 29 den
885 2441 168 31 framtida
1077 2443 301 41 återbetalningen
1403 2456 43 20 av
1471 2448 111 29 medel
1609 2447 52 30 till
1686 2447 90 29 före-
