2200 2632
724 199 232 40 Lagutskottets
980 201 167 30 utlåtande
1172 201 50 30 Nr
1244 203 49 28 49.
1765 202 36 29 13

202 284 11 35 i
241 287 87 33 mån
356 298 46 22 av
430 284 107 36 deras
565 284 231 49 lämplighet.
853 285 55 36 De
937 285 216 36 försäkrade
1181 285 154 36 tillsätta
1364 287 58 35 för
1450 299 94 34 egen
1579 286 59 36 del
1669 288 16 33 1
1718 285 83 49 (när

201 335 85 37 hela
326 336 138 36 antalet
505 341 40 31 är
587 335 36 49 3)
651 336 88 36 eller
768 338 21 34 2
819 335 82 49 (när
929 337 84 36 hela
1041 337 138 36 antalet
1207 342 41 31 är
1276 337 38 47 5)
1343 338 192 36 revisorer.
1590 338 83 36 Den
1706 341 93 33 åter-

202 387 153 36 stående
390 388 170 35 revisorn
595 388 173 36 tillsättes
802 401 46 22 av
880 394 234 41 garanterna.
1171 388 252 49 Suppleanter
1467 389 58 36 för
1568 390 230 35 revisorerna

202 439 107 35 skola
346 444 100 31 utses
474 439 55 36 till
558 444 50 31 ett
636 440 101 35 antal
766 453 46 21 av
841 440 114 35 minst
982 445 55 30 tre
1064 440 12 35 i
1104 453 143 22 samma
1274 441 217 48 proportion
1520 440 69 36 och
1616 441 12 35 i
1657 454 143 22 samma

200 490 165 47 ordning
406 503 80 23 som
530 491 237 35 revisorerna
807 491 129 47 själva.
992 491 390 49 Revisorssuppleant,
1425 505 79 22 som
1544 492 82 36 icke
1666 497 135 31 utövar

200 541 216 48 befattning
443 541 11 35 i
483 541 122 36 stället
632 542 58 35 för
717 544 129 46 någon
873 542 154 45 revisor,
1056 545 61 32 må
1145 542 81 36 icke
1253 542 171 49 uppbära
1451 542 147 37 arvode.

308 594 70 34 166
409 591 32 49 $.
496 592 106 36 Efter
642 593 118 35 andra
787 593 146 48 stycket
960 593 198 48 inskjutes:
1188 593 247 37 Revisorerna
1462 594 105 36 skola
1594 594 119 36 under
1740 594 58 36 sin

201 643 241 49 granskning
471 644 91 36 efter
589 644 106 36 bästa
722 644 174 48 förmåga
923 645 108 46 tillse,
1061 650 53 30 att
1142 646 183 47 styrelsen
1349 646 90 36 eller
1457 648 138 45 någon,
1617 648 36 33 åt
1671 645 128 36 vilken

202 695 71 36 den
315 695 140 36 lämnat
494 695 185 49 uppdrag,
721 696 82 36 icke
844 696 84 36 med
969 699 127 45 någon
1125 696 132 49 åtgärd
1286 697 114 36 brutit
1427 702 77 31 mot
1531 697 175 48 gällande
1734 698 65 47 lag

201 746 89 37 eller
309 746 224 50 författning
557 747 87 36 eller
663 753 77 31 mot
759 747 300 49 bolagsordning
1078 748 89 36 eller
1186 754 77 30 mot
1283 749 131 48 övriga
1434 749 180 36 stadfästa
1632 749 167 48 grunder

200 798 59 36 för
299 798 171 49 bolagets
511 799 247 36 verksamhet.
814 799 56 36 De
911 799 106 36 skola
1057 799 153 36 särskilt
1246 800 108 47 tillse,
1384 814 59 23 om
1472 801 70 36 och
1570 801 11 35 i
1609 800 73 36 vad
1712 804 86 33 mån

199 850 207 48 utgifterna
446 850 59 36 för
543 850 173 49 bolagets
752 851 240 36 verksamhet
1019 856 208 31 motsvaras
1256 865 47 22 av
1330 852 160 36 behovet
1518 852 69 36 och
1614 851 73 37 vad
1716 865 81 23 som

200 906 41 31 är
269 901 140 49 skäligt
435 902 12 35 i
475 914 71 23 ena
573 902 87 36 eller
689 902 116 36 andra
832 902 230 48 riktningen,
1091 903 119 35 likaså
1237 903 230 36 beträffande
1494 903 238 48 utbetalning
1751 917 47 22 av

200 953 178 35 förfallna
418 952 372 51 försäkringsbelopp
832 967 100 35 noga
972 957 190 45 genomgå
1202 955 73 35 alla
1315 955 56 36 till
1406 955 104 48 varje
1538 954 66 37 fall
1631 955 167 36 hörande

200 1004 237 48 handlingar.

306 1058 70 34 167
405 1055 30 50 $.
492 1056 105 37 Efter
624 1056 118 36 första
769 1056 146 49 stycket
943 1056 200 50 inskjutes:
1174 1056 109 37 Hava
1309 1057 184 36 revisorer
1519 1057 203 36 underlåtit
1746 1063 52 30 att

199 1107 55 36 till
295 1108 323 49 bolagsstämman
659 1108 148 36 anmäla
848 1108 117 37 sådan
1005 1114 79 30 mot
1124 1108 65 49 lag
1229 1109 90 36 eller
1355 1109 226 48 författning
1608 1109 190 36 stridande

199 1159 197 49 handling,
438 1173 82 23 som
561 1160 46 36 de
638 1160 118 36 under
784 1161 58 35 sin
869 1160 239 49 granskning
1135 1173 47 23 av
1209 1160 368 50 bolagsförvaltning
1603 1161 194 49 upptäckt,

200 1224 110 24 anses
339 1212 46 37 de
412 1212 289 48 medansvariga
728 1212 12 35 i
769 1211 73 37 den
869 1212 241 48 handlingen.

306 1265 72 35 168
408 1263 32 49 &.
496 1263 16 36 I
553 1264 116 35 första
710 1264 147 48 stycket
897 1264 183 48 inskjutes
1122 1264 93 36 efter
1248 1263 114 37 orden
1399 1263 198 38 ”stridande
1625 1273 79 28 mot
1732 1265 65 36 bo-

199 1315 146 47 lagets:
388 1315 45 49 Ej
464 1315 118 36 heller
608 1318 61 33 må
696 1315 75 36 han
799 1315 99 36 delta
924 1316 12 35 i
964 1315 217 49 avgörande
1209 1329 48 22 av
1284 1315 157 49 förslag,
1469 1329 87 23 vars
1585 1316 212 49 antagande

199 1366 120 37 skulle
359 1367 224 36 tillerkänna
624 1367 139 36 honom
805 1380 46 23 en
888 1372 84 42 rätt,
1001 1380 82 23 som
1112 1367 135 36 strider
1275 1373 79 30 mot
1380 1371 147 45 någons
1556 1368 115 36 redan
1698 1368 99 36 före-

198 1418 147 47 fintliga
371 1424 83 31 rätt.

302 1469 18 37 I
361 1470 117 36 andra
518 1470 146 49 stycket
704 1470 151 49 utbytas
888 1470 116 36 orden
1041 1469 410 50 ”förvaltningsåtgärd,
1480 1470 59 36 för
1565 1470 127 37 vilken
1720 1470 77 36 han

199 1526 41 32 är
268 1521 186 50 ansvarig
483 1527 79 31 mot
589 1522 114 36 orden
733 1521 217 50 'styrelsens
979 1521 256 50 förvaltning'.

305 1575 71 35 169
406 1573 32 50 $.
495 1575 96 35 Före
618 1574 117 36 första
764 1574 147 49 stycket
937 1574 200 49 inskjutes:
1167 1574 213 36 Försäkrad
1400 1579 91 43 äger
1508 1574 82 36 icke
1609 1579 54 31 att
1682 1579 114 31 utöva

197 1630 155 32 rösträtt
379 1629 49 46 på
454 1626 296 48 bolagsstämma
777 1626 126 36 förrän
931 1626 75 36 han
1033 1626 96 36 varit
1156 1626 195 36 försäkrad
1379 1626 12 36 1
1418 1626 152 49 bolaget
1597 1626 114 36 minst
1738 1631 57 32 tre

198 1680 41 34 år
266 1678 12 36 i
306 1678 105 49 följd.
467 1677 56 37 De
549 1678 315 48 röstberättigade
892 1672 220 42 försäkrade
1138 1678 49 35 ha
1213 1678 65 36 vid
1310 1678 321 48 bolagsstämman
1651 1691 46 23 en
1717 1682 79 32 röst

197 1729 168 37 vardera.
422 1729 142 37 Garant
592 1730 89 36 eller
709 1729 176 49 delägare
911 1730 13 35 1
946 1730 466 48 livförsäkringsbolagets
1432 1729 364 49 förlagsaktiebolag

197 1781 68 36 har
291 1781 65 36 vid
384 1781 464 49 livförsäkringsbolagets
876 1786 159 31 stämma
1062 1794 46 24 en
1135 1786 78 31 röst
1240 1782 60 35 för
1327 1782 103 48 varje
1457 1782 77 36 helt
1552 1781 104 37 tiotal
1676 1781 120 37 aktier

199 1832 111 48 (dock
337 1833 115 36 minst
479 1846 46 24 en
551 1833 104 49 röst),
685 1836 40 34 så
752 1834 114 48 länge
893 1834 83 36 icke
1004 1833 46 36 de
1077 1833 239 36 försäkrades
1345 1833 99 36 antal
1472 1839 41 30 är
1531 1834 117 36 minst
1668 1834 124 46 5,000.

198 1884 124 37 Sedan
364 1885 101 36 detta
505 1886 100 35 antal
646 1890 41 31 är
726 1888 170 46 uppnått,
937 1885 49 36 ha
1017 1890 228 44 garanterna
1272 1885 95 37 blott
1394 1899 46 22 en
1467 1890 79 32 röst
1573 1899 45 35 pr
1644 1898 148 36 person.

196 1937 57 37 De
280 1936 221 37 försäkrade
528 1937 49 36 ha
604 1937 105 36 alltid
737 1951 46 23 en
812 1942 78 31 röst
917 1951 45 35 pr
989 1950 148 35 person.

302 1990 70 35 171
416 1988 33 49 $.
503 1989 94 36 Före
637 1989 116 36 första
794 1989 145 49 stycket
979 1988 198 49 inskjutes:
1221 1989 128 37 Under
1388 1988 102 37 tiden
1531 1989 79 36 före
1642 1989 153 48 bolags-

197 2045 186 32 stämman
412 2040 95 37 skall
535 2042 182 46 styrelsen
744 2044 49 46 på
821 2041 72 36 alla
919 2041 231 49 trycksaker,
1179 2054 82 23 som
1290 2046 64 31 äro
1383 2040 163 37 avsedda
1570 2046 53 31 att
1641 2041 153 36 komma

196 2092 47 37 de
282 2092 220 37 försäkrade
542 2093 182 36 tillhanda
764 2093 83 36 från
888 2093 70 36 och
999 2093 86 36 med
1113 2093 72 36 den
1216 2095 17 33 1
1260 2093 151 49 januari
1438 2093 62 36 det
1527 2096 51 45 år,
1606 2093 189 36 varunder

196 2149 185 32 stämman
409 2144 129 47 hålles,
566 2147 49 46 på
642 2158 47 23 en
716 2145 68 36 lätt
811 2145 13 36 i
852 2149 151 44 ögonen
1030 2144 163 37 fallande
1221 2145 98 49 plats
1347 2145 70 36 och
1445 2150 52 31 ett
1524 2145 69 35 lätt
1611 2145 12 35 i
1643 2149 151 44 ögonen

196 2196 163 36 fallande
387 2201 73 32 sätt
486 2209 191 36 uppmana
705 2196 46 37 de
780 2196 218 37 försäkrade
1017 2202 53 30 att
1089 2210 61 23 om
1170 2197 152 49 möjligt
1341 2197 139 36 besöka
1498 2196 296 49 bolagsstämma

195 2253 97 32 samt
331 2248 85 37 med
457 2251 119 46 några
611 2248 66 37 ord
705 2248 124 37 erinra
856 2261 61 24 om
945 2248 220 48 betydelsen
1193 2262 47 23 av
1267 2253 122 32 rätten
1415 2248 136 37 härtill.
1607 2248 187 49 Samtliga

195 2300 13 36 i
239 2300 153 49 bolaget
418 2300 217 37 försäkrade
662 2300 102 37 inom
793 2300 71 37 den
898 2306 68 42 ort,
996 2300 67 37 där
1091 2305 186 32 stämman
1304 2300 130 48 hålles,
1463 2301 106 36 skola
1599 2302 46 35 14
1674 2300 120 50 dagar
