1930 2856
234 2282 9 11 .

312 176 18 28 4
683 173 320 32 Bankoutskottets
1031 173 188 32 utlåtande
1248 174 52 31 Nr
1324 174 51 31 49.

268 262 44 20 av
345 252 58 31 lån
438 262 57 21 må
518 252 206 30 bestämmas
747 252 169 35 antingen
939 251 85 31 efter
1048 251 225 36 egendomens
1296 252 373 37 bevillningstaxering
1693 254 82 30 eller

268 295 87 31 efter
388 295 148 31 särskild
570 295 195 36 värdering.
812 295 76 30 Den
917 295 266 36 uppfattningen
1206 295 63 30 har
1292 305 48 20 nu
1365 296 249 35 framkommit,
1637 299 51 28 att
1710 297 66 31 den

268 340 12 28 i
303 340 18 37 9
346 340 18 29 5
388 339 197 31 meddelade
619 338 117 36 regeln
768 338 112 31 skulle
908 348 85 20 vara
1015 340 51 29 att
1090 338 158 36 tillämpa
1271 338 131 37 endast,
1426 339 44 31 då
1492 339 284 36 hypoteksvärde-

269 382 202 36 ringsvärde
495 392 78 21 men
597 382 73 31 icke
693 382 43 30 då
760 382 285 36 taxeringsvärde
1069 382 89 35 lagts
1179 382 54 30 till
1250 382 115 36 grund
1382 383 53 30 för
1450 382 325 37 låneansökningen,

269 436 110 20 varav
413 426 110 30 skulle
558 426 95 30 bliva
687 435 42 21 en
757 425 96 36 följd,
882 427 51 29 att
957 426 12 29 i
992 425 57 31 det
1071 435 119 21 senare
1214 425 98 31 fallet
1336 426 224 35 egendomens
1583 426 193 36 belånings-

269 470 105 30 värde
397 469 111 31 skulle
531 470 138 30 komma
691 470 51 29 att
766 469 153 30 formellt
941 469 137 30 baseras
1099 470 43 34 på
1157 471 48 29 ett
1220 469 115 35 värde,
1352 479 73 20 som
1441 470 132 35 jämväl
1590 469 186 31 omfattade

269 513 199 36 byggnader
501 513 62 30 och
597 512 157 31 växande
789 513 94 35 skog,
918 512 109 31 under
1061 512 56 31 det
1146 514 50 29 att
1219 512 303 36 belåningsvärdet
1545 513 98 31 reellt
1665 513 111 30 skulle

269 557 151 35 grundas
455 558 42 34 på
531 566 42 21 en
596 566 46 21 av
664 555 166 37 styrelsen
854 556 99 36 gjord
976 556 348 36 kontrollvärdering,
1349 556 174 36 företagen
1546 558 44 35 på
1613 557 163 30 liknande

268 602 78 33 sätt,
382 610 72 21 som
481 610 97 20 avses
603 600 53 30 för
678 599 65 31 den
766 610 46 19 av
835 599 41 31 de
899 599 220 36 sakkunniga
1143 600 194 35 föreslagna
1360 600 415 36 överslagsvärderingen.

269 644 73 30 Den
374 646 162 28 motsatta
559 643 268 36 uppfattningen
851 644 62 35 går
936 645 39 28 ut
997 643 118 36 därpå,
1139 645 50 29 att
1213 643 78 30 från
1315 644 300 35 taxeringsvärdet
1638 644 59 30 bör
1720 654 55 20 av-

269 687 123 36 dragas
427 688 67 30 vad
517 697 73 20 som
614 687 68 30 kan
705 688 144 34 antagas
873 687 118 35 belöpa
1014 688 21 28 å
1059 687 377 36 förmögenhetsobjekt,
1460 697 72 20 som
1556 687 118 30 kunna
1697 687 79 31 från

270 731 205 36 fastigheten
510 731 131 35 skiljas,
675 730 61 30 och
771 732 50 29 att
844 730 147 31 sålunda
1014 731 194 29 maximum
1232 730 52 30 för
1307 731 57 30 det
1387 730 114 36 värde,
1525 731 12 29 i
1561 730 215 31 förhållande

269 775 120 30 vartill
413 775 58 29 lån
494 775 57 29 må
574 773 181 36 meddelas,
779 776 49 33 är,
853 774 44 30 då
920 774 281 36 taxeringsvärde
1225 774 174 36 åberopas,
1424 774 56 31 det
1495 775 43 35 på
1553 774 223 36 nyssberörda

269 820 68 28 sätt
375 818 203 30 reducerade
612 817 309 35 taxeringsvärdet.
967 818 62 30 Att
1064 817 266 36 ifrågavarande
1366 818 199 36 förordning
1600 818 76 30 med
1710 818 66 30 den

269 861 94 30 förra
386 861 268 36 uppfattningen
677 861 109 30 skulle
810 861 96 30 bliva
930 861 259 35 inkonsekvent,
1214 861 111 35 ligger
1349 861 11 29 i
1381 864 105 33 öppen
1504 862 77 35 dag,
1595 861 61 31 och
1672 861 104 31 redan

269 905 109 30 denna
411 905 251 36 omständighet
694 904 189 31 innefattar
907 905 149 35 givetvis
1080 906 47 29 ett
1150 904 155 36 vägande
1329 904 75 31 skäl
1427 907 71 28 mot
1521 907 49 28 att
1593 905 183 35 godkänna

271 948 139 31 berörda
445 948 231 36 uppfattning.
723 948 128 30 Därtill
885 948 154 30 kommer
1074 948 30 36 ej
1140 948 86 30 blott
1259 949 51 29 att
1346 948 262 36 förordningens
1636 948 139 35 ordalag

269 992 138 36 avgjort
430 992 108 30 strida
561 993 71 29 mot
655 991 198 31 densamma
877 993 84 29 utan
985 994 87 28 även
1096 993 50 29 att
1169 1001 80 20 man
1273 991 61 31 vid
1358 991 271 36 formuleringen
1650 1002 45 20 av
1711 992 65 30 för-

269 1036 207 35 ordningens
511 1034 200 31 nuvarande
746 1036 72 29 text
854 1052 39 3 —
928 1034 109 36 enligt
1060 1035 68 30 vad
1152 1035 11 29 i
1187 1035 254 36 motiveringen
1464 1035 233 36 uttryckligen
1720 1045 56 20 an-

270 1080 96 34 gives
403 1097 38 2 —
477 1079 70 35 Just
570 1079 106 35 avsåg
700 1079 51 30 att
774 1079 83 35 giva
880 1079 137 35 uttryck
1041 1079 37 29 åt
1101 1078 65 31 den
1189 1088 117 21 senare
1330 1089 46 20 av
1399 1079 40 30 de
1463 1079 62 30 här
1548 1079 228 31 omförmälda

270 1123 319 35 uppfattningarna.
635 1121 118 32 Under
776 1122 130 30 sådana
923 1122 239 30 förhållanden
1179 1132 98 26 synes
1293 1124 115 34 någon
1425 1123 125 30 tvekan
1568 1123 73 30 icke
1658 1123 118 30 kunna

271 1166 81 31 råda
375 1176 56 20 om
455 1168 51 28 att
528 1166 113 30 denna
664 1175 116 21 senare
804 1165 222 36 uppfattning
1051 1168 40 28 är
1113 1165 65 31 den
1202 1166 138 35 riktiga.

314 1209 233 36 Nyssberörda
582 1210 165 34 spörsmål
782 1209 65 30 har
882 1209 66 30 fått
982 1209 87 31 ökad
1105 1209 169 36 betydelse
1297 1210 12 29 i
1335 1209 86 36 följd
1444 1219 45 20 av
1512 1209 40 30 de
1575 1209 200 35 ändringar,

270 1263 73 20 som
367 1262 122 27 genom
513 1253 119 35 kungl.
650 1253 246 35 förordningen
912 1252 65 31 den
994 1254 17 29 7
1029 1253 67 35 juli
1114 1253 81 30 1921
1214 1262 54 20 om
1284 1253 134 30 allmän
1435 1252 340 36 fastighetstaxering

274 1297 81 30 1922
381 1297 209 36 genomförts
615 1297 12 29 i
650 1296 167 31 avseende
840 1300 21 26 äå
884 1296 159 35 taxering
1061 1306 45 20 av
1122 1296 358 36 jordbruksfastighet.
1527 1296 125 30 Medan
1668 1296 108 35 enligt

271 1340 95 31 äldre
401 1340 434 36 taxeringsbestämmelser
870 1339 53 31 för
958 1340 96 35 varje
1086 1340 107 30 sådan
1216 1339 166 36 fastighet
1405 1339 110 30 skulle
1539 1341 167 34 upptagas
1729 1341 48 29 ett

271 1386 212 33 gemensamt
515 1383 285 36 taxeringsvärde
833 1383 53 30 för
918 1383 73 35 allt,
1016 1393 73 20 som
1113 1383 109 35 enligt
1246 1383 55 36 lag
1328 1385 40 28 är
1391 1385 51 28 att
1465 1383 145 30 hänföra
1633 1383 54 30 till
1711 1383 65 30 den

272 1428 89 30 fasta
397 1427 218 36 egendomen,
650 1427 88 30 skall
775 1427 202 35 taxeringen
1012 1427 110 35 enligt
1156 1426 234 36 nyssnämnda
1425 1426 199 36 förordning
1653 1427 58 29 ske
1734 1428 43 34 på

271 1471 123 31 sådant
428 1472 77 34 sätt,
540 1472 51 29 att
626 1470 299 37 jordbruksvärde,
961 1470 207 36 skogsvärde
1202 1472 89 28 samt
1314 1472 99 28 tomt-
1437 1470 60 30 och
1521 1470 256 31 industrivärde

273 1515 173 30 redovisas
468 1516 79 28 vart
563 1514 53 30 för
633 1515 62 35 sig.
742 1514 132 30 Därvid
892 1514 123 30 förstås
1031 1513 78 31 med
1126 1514 290 35 jordbruksvärde
1432 1513 224 36 fastighetens
1673 1513 103 31 värde

272 1559 53 29 för
347 1558 166 35 jordbruk
526 1558 77 30 med
615 1558 203 35 binäringar
830 1560 162 28 ävensom
1006 1557 120 30 värdet
1138 1567 45 20 av
1194 1557 201 36 skogsmark
1408 1557 61 30 och
1482 1557 97 36 övrig
1591 1557 55 31 till
1660 1557 116 35 fastig-

272 1602 100 30 heten
385 1601 149 31 hörande
547 1601 109 36 mark,
670 1601 76 31 med
756 1601 208 35 skogsvärde
974 1601 120 30 värdet
1104 1611 46 20 av
1159 1601 158 30 växande
1328 1601 83 35 skog
1422 1603 89 28 samt
1520 1601 77 30 med
1608 1602 97 29 tomt-
1715 1600 61 31 och

273 1645 254 31 industrivärde
539 1645 56 30 det
607 1645 114 35 värde,
732 1655 72 20 som
815 1645 99 29 mark
925 1647 81 33 äger
1016 1646 121 29 utöver
1146 1644 312 36 jordbruksvärdet.
1482 1644 74 30 Den
1566 1644 209 35 uppdelning

272 1699 45 20 av
340 1688 309 36 taxeringsvärdet,
674 1698 71 21 som
769 1688 78 30 med
870 1688 135 36 hänsyn
1025 1688 56 30 till
1097 1688 221 36 skogsvärdet
1336 1687 337 36 författningsenligt
1688 1688 87 29 skall

272 1733 58 29 ske
354 1732 60 31 vid
446 1732 195 36 beviljande
664 1742 46 20 av
737 1732 236 35 hypotekslån,
997 1734 97 33 göres
1117 1731 146 31 sålunda
1286 1741 145 20 numera
1455 1731 104 30 redan
1583 1731 60 30 vid
1666 1731 111 35 själva

272 1776 212 35 taxeringen.
531 1775 202 31 Emellertid
768 1775 64 30 har
865 1775 57 30 det
945 1775 60 30 vid
1029 1775 266 36 tillärapningen
1318 1785 47 20 av
1389 1775 82 30 1921
1496 1776 55 28 års
1576 1774 200 36 förordning

273 1820 91 29 visat
396 1820 63 34 sig,
482 1821 51 28 att
556 1818 467 37 taxeringsmyndigheterna
1046 1820 44 34 på
1113 1819 76 29 sina
1211 1818 72 30 håll
1307 1818 62 30 vid
1392 1818 56 30 det
1471 1818 94 30 äldre
1589 1818 187 36 taxerings-

273 1863 137 30 värdets
445 1862 211 36 uppdelning
692 1864 67 29 satt
793 1862 224 35 skogsvärdet
1041 1862 141 30 relativt
1205 1862 81 35 högt
1309 1862 63 30 och
1396 1862 11 29 i
1431 1861 63 30 allt
1518 1861 63 30 fall
1605 1861 104 36 högre
1732 1864 45 28 än

272 1907 57 30 det
352 1906 130 35 belopp,
507 1906 119 30 vartill
650 1906 190 30 detsamma
864 1905 60 30 vid
948 1905 244 36 hypotekslåns
1214 1905 197 36 beviljande
1430 1905 191 30 beräknats.
1657 1905 120 30 Härav

273 1950 68 30 blir
365 1951 74 29 åter
462 1959 41 21 en
528 1949 96 36 följd,
648 1951 51 28 att
723 1949 60 30 vid
807 1958 42 20 en
873 1948 173 31 eventuell
1071 1948 169 36 förnyelse
1263 1959 45 20 av
1331 1948 96 31 äldre
1451 1948 58 30 lån
1526 1949 251 30 vederbörande

273 1993 287 36 fastighetsägare
593 1993 74 30 icke
690 1994 84 29 utan
799 1992 352 36 hypoteksvärdering
1176 1992 68 30 kan
1267 1992 134 30 erhålla
1424 2002 131 20 samma
1579 1992 198 35 lånebelopp

273 2047 72 20 som
381 2037 101 35 förut,
517 2037 35 35 ja
587 2036 63 30 fall
686 2036 90 30 hava
811 2035 56 31 till
896 2035 61 30 och
981 2035 77 31 med
1082 2035 228 36 förekommit,
1336 2036 11 29 i
1372 2035 97 30 vilka
1492 2036 56 30 det
1571 2035 94 31 äldre
1689 2036 88 30 låne-

273 2080 154 35 beloppet
450 2080 74 30 icke
547 2080 111 30 skulle
682 2080 118 29 kunna
824 2079 148 30 erhållas
989 2089 58 20 ens
1064 2089 56 20 om
1137 2079 225 36 lånegränsen
1378 2079 116 35 höjdes
1511 2079 55 30 till
1584 2079 39 30 60
1640 2081 137 33 procent

273 2134 45 20 av
352 2123 313 36 egendomsvärdet.
712 2123 59 31 Ett
805 2122 115 36 dylikt
954 2122 144 31 resultat
1132 2123 68 30 kan
1224 2123 151 35 givetvis
1399 2123 73 29 icke
1495 2132 97 20 anses
1616 2122 160 31 tillfreds-

272 2167 179 31 ställande.
497 2167 168 35 Godtages
688 2166 192 31 emellertid
902 2166 66 30 den
991 2176 45 20 av
1059 2166 41 31 de
1121 2166 218 36 sakkunniga
1356 2176 91 20 ovan
1463 2166 179 30 förordade
1658 2166 119 30 anord-

273 2211 129 35 ningen
436 2212 51 29 att
521 2211 60 30 vid
616 2210 99 31 sidan
749 2220 45 20 av
822 2210 190 35 taxerings-
1036 2210 62 30 och
1121 2209 521 37 hypoteksvärderingsvärdena
1665 2210 108 30 såsom

274 2254 322 36 beräkningsgrund
629 2254 181 36 godkänna
842 2253 56 30 det
922 2253 114 35 värde,
1061 2253 119 30 vartill
1205 2253 342 36 hypoteksförenings
1570 2252 142 36 styrelse
1733 2254 43 34 på

273 2298 173 35 grundval
470 2308 44 20 av
537 2298 191 30 arealbevis
751 2297 62 30 och
837 2297 340 35 värderingstariffer
1200 2297 110 30 finner
1334 2297 53 35 sig
1405 2297 80 30 böra
1510 2298 150 34 upptaga
1681 2305 95 26 egen-

272 2342 133 35 domen,
430 2341 178 31 bortfaller
630 2341 65 30 den
719 2350 80 26 nyss
823 2340 142 30 berörda
989 2340 250 36 svårigheten.»

317 2429 16 29 I
357 2438 42 20 en
434 2428 54 30 till
523 2428 120 30 chefen
678 2428 53 30 för
764 2427 382 35 finansdepartementet
1180 2427 112 35 ställd,
1327 2427 67 30 den
1429 2429 40 28 14
1493 2427 175 30 december
1692 2427 82 30 1923

273 2480 214 36 dagtecknad
525 2480 166 30 skrivelse
729 2479 63 30 har
826 2479 167 36 styrelsen
1029 2479 52 30 för
1116 2479 157 36 Sveriges
1307 2479 179 30 allmänna
1520 2479 256 36 hypoteksbank

273 2532 115 31 anfört
412 2533 10 29 i
448 2532 182 31 huvudsak
655 2532 164 36 följande:
