2212 2648
713 204 255 33 Statsutskottets
998 204 170 33 Utlåtande
1190 205 63 32 N:o
1280 205 52 32 60.
1746 205 37 30 11

873 502 294 37 Reservationer:

332 602 41 37 af
398 603 130 36 herrar
556 604 50 35 H.
635 604 41 36 P.
706 604 40 35 P.
780 605 138 46 Tamm,
947 605 40 35 F.
1016 605 44 35 E.
1089 605 208 46 Pettersson,
1326 605 37 35 J.
1401 605 100 48 Wijk,
1531 604 161 36 friherre
1720 605 37 36 J.
1783 605 39 36 T.

232 655 233 49 Gripenstedt,
502 655 136 49 grefve
675 657 45 35 K.
759 658 44 34 A.
841 657 115 44 Posse,
994 656 134 48 grefve
1169 655 37 38 C.
1240 655 40 38 O.
1314 655 129 47 Taube,
1472 657 45 36 K.
1546 657 44 35 E.
1619 657 204 42 Bolnstedt,

226 708 45 35 ED.
300 708 183 42 Fränckel,
515 707 135 49 grefve
677 708 41 36 P.
754 707 39 38 O.
822 708 43 36 L.
895 709 208 48 Klingspor,
1134 709 52 36 N.
1215 710 43 35 A.
1289 709 49 35 H.
1368 709 241 36 Palmstierna
1633 708 70 37 och
1726 708 37 38 C.
1784 709 37 36 J.

231 759 41 37 G.
293 760 148 43 Swartz,
470 760 129 36 hvilka
633 764 136 44 ansett,
799 764 56 32 att
882 760 64 37 det
974 760 12 37 i
1015 761 91 36 sista
1134 760 151 49 stycket
1313 761 41 36 af
1378 760 281 49 motiveringen
1687 760 136 50 gjorda

226 812 206 46 uttalande,
471 825 81 23 som
580 812 127 48 börjas
735 812 88 36 med
852 812 132 37 orden:
1015 825 107 24 »men
1150 813 66 36 vill
1244 813 218 36 framhålla»
1492 813 70 35 och
1592 812 116 37 slutar
1737 813 86 36 med

227 864 134 37 orden:
391 864 137 36 »innan
556 864 234 49 beviljandet
818 864 117 49 sker»,
964 864 84 37 icke
1077 865 86 36 bort
1189 865 13 36 i
1230 864 210 38 utlåtandet
1466 864 148 49 inflyta;

330 942 41 37 af
395 943 89 36 herr
511 943 40 35 P.
582 943 165 45 Pehrson,
778 955 80 24 som
886 943 123 48 yrkat,
1039 947 56 32 att
1122 943 189 36 utskottet
1338 946 115 33 måtte
1483 942 211 48 hemställa,

731 1051 54 31 att
813 1046 220 49 Riksdagen
1062 1050 70 42 må,
1152 1046 57 36 till
1228 1046 267 37 fullbordande
1511 1047 41 36 af
1568 1047 256 47 befästnings-

629 1098 179 36 arbetena
848 1098 63 36 vid
952 1098 132 37 Boden
1125 1098 11 36 i
1174 1098 394 37 öfverensstämmelse
1596 1099 87 36 med
1711 1099 73 36 den
1813 1099 12 35 i

628 1150 419 50 statsrådsprotokollet
1096 1150 157 50 angifna
1294 1151 100 49 plan,
1436 1151 140 49 bevilja
1622 1153 201 45 7,134,500

629 1203 143 37 kronor
813 1203 69 37 och
926 1203 111 36 däraf
1075 1207 20 33 å
1136 1208 107 32 extra
1285 1208 75 32 stat
1399 1203 59 36 för
1495 1206 40 34 år
1567 1205 95 35 1907
1693 1204 131 36 anvisa

632 1257 201 46 1,575,000
862 1255 151 36 kronor.

332 1461 74 36 Det
435 1461 119 36 skulle
584 1461 68 36 här
680 1462 221 45 antecknas,
931 1467 56 32 att
1014 1463 131 36 herrar
1172 1464 44 35 E.
1246 1464 275 36 Hammarlund
1546 1464 71 35 och
1636 1465 42 34 L.
1700 1465 125 36 Eriks-

228 1526 64 24 son
320 1513 84 37 icke
434 1512 160 50 deltagit
621 1513 12 36 i
662 1513 240 38 förestående
930 1514 159 37 ärendes
1117 1515 232 49 behandling
1377 1516 101 35 inom
1506 1515 197 37 utskottet.
