1888 2814
286 155 17 29 2
727 162 305 30 Bankoutskottets
1054 162 177 31 utlåtande
1254 172 41 21 nr
1321 164 48 28 53.

288 246 103 36 lighet
405 248 38 28 är
458 249 48 27 att
523 247 83 29 söka
622 247 126 30 bereda
763 248 149 29 rörelsen
928 248 90 29 ökad
1034 247 275 36 kapitaltillgång
1324 256 124 28 genom
1466 247 160 38 frivilliga
1643 249 145 31 insatser

287 297 9 29 i
315 296 365 36 jordbrukskassorna.
704 297 68 30 För
792 300 48 28 att
860 296 44 37 på
926 298 112 30 denna
1059 299 63 35 väg
1143 299 88 29 skall
1252 299 119 29 kunna
1391 298 260 33 åstadkommas
1672 300 114 36 någon

287 347 289 36 kapitaltillförsel
601 357 42 21 av
669 347 207 36 betydenhet
902 349 38 29 är
966 349 54 30 det
1046 348 272 36 uppenbarligen
1345 349 213 37 nödvändigt
1586 353 58 33 att,
1673 350 114 31 såsom

285 396 430 37 jordbrukskreditkassan
734 397 201 36 framhållit,
957 398 178 36 möjlighet
1156 400 133 35 öppnas
1309 403 48 26 att
1376 400 118 30 lämna
1513 400 274 31 medlemmarna

286 449 109 35 skälig
411 448 205 37 avkastning
632 448 20 31 å
669 450 55 29 det
743 449 239 36 insatskapital
1000 449 41 31 de
1059 449 154 37 frivilligt
1231 449 178 37 tillskjuta.
1430 449 130 31 Härför
1576 451 209 35 förutsättes,

287 502 48 26 att
354 500 151 35 eftergift
526 500 96 35 göres
643 500 79 29 med
744 499 167 31 avseende
932 499 19 31 å
973 500 56 30 det
1049 500 10 29 i
1081 500 41 29 56
1145 499 17 37 8
1184 501 199 35 uppställda
1404 501 119 30 kravet
1546 504 49 28 att
1619 502 104 29 minst
1746 502 40 29 75

285 554 141 31 procent
446 560 41 20 av
506 550 307 36 jordbrukskassas
833 550 147 31 årsvinst
999 551 96 30 skola
1114 551 150 30 avsättas
1285 551 51 30 till
1355 551 254 31 reseryfonden.
1631 552 52 31 Då
1704 561 82 21 man

285 600 189 31 emellertid
492 601 73 30 icke
584 601 95 30 torde
697 602 120 29 kunna
834 601 113 30 bortse
964 600 78 31 från
1059 605 48 27 att
1126 602 55 29 det
1199 601 9 30 i
1225 601 285 31 reservfonderna
1528 603 142 30 bundna
1689 602 96 36 kapi-

286 651 80 30 talet
389 653 39 28 är
450 661 94 20 mera
566 651 115 31 stabilt
704 653 45 29 än
771 652 56 29 det
848 651 162 37 frivilliga
1033 652 275 36 insatskapitalet
1332 653 64 29 och
1420 653 57 30 det
1501 654 87 29 även
1611 663 42 20 av
1676 654 110 29 andra

286 702 74 30 skäl
384 701 110 31 måste
517 711 98 23 anses
640 703 186 35 angeläget,
851 705 48 27 att
923 703 283 35 avsättningarna
1230 703 50 30 till
1303 703 286 31 reservfonderna
1615 704 74 30 icke
1716 705 70 29 helt

285 753 169 35 upphöra,
472 762 99 26 synes
584 753 70 36 mig
667 753 178 36 utdelning
860 752 20 31 å
895 753 160 36 frivilliga
1070 753 145 30 insatser
1229 753 84 31 böra
1328 753 35 31 få
1378 755 60 29 ske
1453 754 85 31 först
1552 754 107 30 sedan
1672 754 113 36 någon

286 803 54 30 del
360 812 43 20 av
425 803 143 36 vinsten,
592 803 198 36 förslagsvis
813 803 39 29 25
874 806 152 33 procent,
1049 803 97 31 blivit
1167 807 111 27 avsatt
1300 803 50 31 till
1373 804 253 30 reservfonden.
1653 805 14 29 I
1692 806 94 29 över-

285 854 257 30 ensstämmelse
565 854 78 30 med
667 854 66 30 den
758 853 215 37 terminologi
998 863 73 21 som
1097 854 9 29 i
1132 853 98 37 fråga
1255 864 57 21 om
1337 854 318 31 centralkassornas
1681 855 104 30 vinst-

286 904 202 36 disposition
509 904 183 36 begagnats
714 904 9 30 i
747 905 39 28 27
811 904 17 36 $
850 913 100 27 synes
971 905 65 29 vad
1058 914 73 21 som
1154 904 146 32 sålunda
1322 906 69 29 kan
1412 915 43 20 av
1476 905 311 37 jordbrukskassas

285 955 89 30 vinst
392 956 142 29 komma
551 959 47 26 att
616 956 133 29 utdelas
768 956 49 29 till
837 955 270 30 medlemmarna
1126 955 19 30 å
1165 956 99 30 deras
1283 956 162 36 frivilliga
1463 956 146 31 insatser
1626 956 85 31 böra
1730 957 54 30 be-

284 1006 140 31 tecknas
443 1006 76 29 icke
536 1015 73 21 som
627 1007 99 29 ränta
744 1008 85 27 utan
847 1014 73 21 som
938 1005 186 36 utdelning.

328 1055 74 29 Den
431 1054 146 37 ändring
606 1055 10 30 i
645 1055 155 36 reglerna
828 1064 56 21 om
912 1054 267 37 användningen
1206 1064 41 22 av
1273 1054 311 37 jordbrukskassas
1614 1055 90 31 vinst
1733 1056 59 36 jag

284 1104 145 31 sålunda
451 1104 58 31 vill
533 1104 168 38 tillstyrka
726 1107 94 29 torde
842 1105 84 30 böra
951 1106 200 29 verkställas
1174 1114 123 27 genom
1320 1110 48 26 att
1394 1106 10 30 i
1428 1107 41 29 56
1493 1106 18 36 8
1534 1106 127 30 mellan
1682 1107 108 29 andra

283 1156 64 29 och
369 1155 110 36 tredje
501 1156 164 35 styckena
689 1155 134 36 infogas
846 1159 46 26 ett
912 1159 75 32 nytt
1009 1156 117 35 stycke
1149 1157 79 29 med
1253 1155 151 31 innehåll
1430 1166 75 20 som
1528 1166 82 27 nyss
1634 1155 155 38 angivits.

285 1205 114 31 Därav
428 1206 196 30 föranledas
654 1207 87 29 även
771 1209 45 27 ett
848 1215 62 27 par
939 1205 134 31 mindre
1102 1206 188 37 ändringar
1322 1207 7 30 i
1363 1207 56 30 det
1448 1207 201 30 nuvarande
1681 1207 109 35 tredje

284 1257 140 34 stycket.

328 1308 13 29 I
359 1309 93 30 detta
468 1309 252 36 sammanhang
737 1318 99 27 synes
852 1309 68 36 mig
936 1309 117 30 vidare
1070 1309 83 30 böra
1171 1309 141 30 beaktas
1331 1308 123 36 frågan
1472 1318 57 20 om
1547 1309 238 30 förbättrande

284 1368 41 21 av
352 1359 42 30 de
421 1358 416 37 jordbruksekonomiska
864 1359 261 36 föreningarnas
1153 1358 219 37 möjligheter
1400 1361 48 28 att
1475 1358 132 31 erhålla
1634 1359 113 31 kredit
1775 1359 9 29 i

284 1410 297 30 centralkassorna
599 1419 124 27 genom
743 1410 234 36 diskontering
996 1420 41 20 av
1055 1410 216 30 varuväxlar.
1291 1410 49 29 Av
1359 1410 105 29 bland
1486 1414 106 26 annat
1609 1409 175 37 organisa-

284 1461 128 30 toriska
434 1461 75 29 skäl
530 1461 64 29 och
616 1461 78 30 med
718 1461 135 35 hänsyn
875 1461 50 30 till
948 1462 315 29 centralkassornas
1287 1461 107 30 större
1417 1460 218 36 möjligheter
1657 1464 49 27 att
1729 1461 54 29 be-

284 1511 102 30 döma
416 1512 42 29 de
488 1512 224 29 ekonomiska
744 1511 260 36 föreningarnas
1034 1511 294 36 kreditvärdighet
1358 1512 45 29 ha
1435 1511 245 36 föreningarna
1713 1514 70 26 ute-

284 1563 130 35 stängts
430 1562 79 30 från
525 1562 177 36 möjlighet
718 1564 48 29 att
783 1561 129 31 erhålla
928 1562 111 30 kredit
1057 1563 8 29 i
1083 1562 357 36 jordbrukskassorna
1458 1562 65 29 och
1528 1557 18 45 i
1571 1562 110 30 stället
1699 1562 85 29 hän-

284 1612 103 31 visats
414 1613 51 29 till
494 1613 308 30 centralkassorna.
832 1612 52 30 En
911 1612 173 36 förenings
1112 1612 147 31 lånerätt
1288 1612 177 30 därstädes
1494 1612 64 30 har
1584 1613 200 35 begränsats

285 1662 154 36 sålunda,
463 1668 47 26 att
532 1663 153 30 krediten
710 1664 74 29 icke
806 1663 54 30 får
882 1663 167 36 överstiga
1073 1667 45 27 ett
1142 1663 124 36 belopp
1290 1663 244 30 motsvarande
1559 1663 75 36 fyra
1657 1662 129 36 gånger

283 1714 219 36 föreningens
519 1717 71 33 eget
605 1715 142 35 kapital,
764 1713 167 37 varjämte
947 1714 223 35 föreskrivits,
1188 1717 48 27 att
1253 1714 251 30 centralkassas
1521 1713 263 35 sammanlagda

282 1764 156 36 utlåning
466 1765 50 29 till
540 1764 415 37 jordbruksekonomiska
982 1764 197 36 föreningar
1206 1764 75 31 icke
1309 1763 55 31 får
1389 1763 168 37 överstiga
1585 1773 42 21 en
1655 1763 129 31 tiondel

284 1824 40 21 av
346 1816 146 30 kassans
514 1816 78 29 hela
612 1815 158 36 utlåning
792 1816 64 29 och
877 1818 49 27 att
947 1815 49 30 till
1018 1825 42 20 en
1081 1816 65 28 och
1169 1824 133 21 samma
1325 1814 158 36 förening
1505 1814 30 36 ej
1560 1814 57 31 må
1640 1813 144 36 beviljas

284 1863 56 30 lån
357 1865 50 29 till
425 1865 106 35 högre
548 1865 122 35 belopp
690 1867 44 28 än
754 1875 73 20 som
844 1868 192 27 motsvarar
1052 1874 42 20 en
1110 1864 259 38 tjugofemtedel
1389 1874 41 20 av
1447 1864 146 30 kassans
1612 1873 175 21 samman-

283 1916 99 36 lagda
399 1916 166 36 utlåning.
584 1916 526 30 Jordbrukskassemedlemmen
1129 1918 38 28 är
1184 1917 156 29 däremot
1358 1916 55 30 för
1430 1914 199 32 erhållande
1648 1925 42 20 av
1708 1916 74 29 kre-

283 1966 48 31 dit
360 1967 95 30 inom
485 1968 251 29 kasserörelsen
766 1967 168 30 hänvisad
964 1967 49 30 till
1041 1966 259 30 vederbörande
1329 1965 301 37 jordbrukskassa.
1662 1966 121 29 Denna

283 2016 212 36 uppdelning
513 2026 41 20 av
573 2016 297 36 kreditgivningen
888 2017 65 29 har
972 2017 162 30 föranlett
1155 2016 150 30 ovisshet
1323 2015 173 30 huruvida
1518 2015 95 30 inom
1631 2015 155 30 kasserö-

283 2066 109 30 relsen
410 2066 136 30 kunnat
563 2066 216 31 diskonteras
799 2066 90 31 vissa
907 2077 42 20 av
967 2065 417 37 jordbruksekonomiska
1405 2065 200 36 föreningar
1624 2065 162 30 utställda

282 2118 66 29 och
362 2127 42 20 av
420 2117 231 37 jordbrukare
668 2119 223 35 accepterade
908 2118 125 35 växlar,
1052 2118 110 30 ehuru
1180 2121 72 27 mot
1270 2118 178 30 desamma
1465 2127 43 20 ur
1525 2116 257 35 säkerhetssyn-

281 2169 111 35 punkt
410 2168 9 31 i
437 2169 66 30 och
522 2169 53 30 för
592 2169 50 36 sig
660 2169 75 30 icke
753 2169 88 30 varit
858 2168 103 37 något
979 2172 47 27 att
1044 2169 161 29 invända.
1226 2167 140 32 Oavsett
1383 2178 57 20 om
1459 2169 226 34 acceptanten
1703 2168 80 34 äger

283 2219 198 37 outnyttjad
513 2219 294 37 kreditmöjlighet
839 2219 9 30 i
881 2219 292 36 jordbrukskassa
1206 2220 131 35 nödgas
1370 2218 175 36 nämligen
1578 2218 203 35 föreningen

282 2270 112 30 vända
415 2270 51 36 sig
488 2270 49 30 till
558 2273 106 27 annat
684 2270 248 30 kreditinstitut
953 2271 44 29 än
1018 2271 259 29 centralkassan
1298 2270 55 30 för
1372 2274 48 26 att
1442 2269 36 30 få
1499 2269 123 30 växeln
1643 2268 139 30 diskon-

282 2320 105 36 terad,
410 2321 114 30 därest
546 2320 113 37 någon
679 2330 42 21 av
743 2321 41 30 de
805 2330 79 26 nyss
907 2320 147 37 angivna
1075 2322 188 34 gränserna
1285 2321 55 29 för
1361 2320 220 35 föreningens
1603 2318 181 37 möjlighet

281 2374 48 27 att
349 2370 131 32 erhålla
501 2371 111 31 kredit
632 2372 111 30 skulle
765 2371 216 30 överskridas
1001 2380 124 27 genom
1147 2371 289 35 diskonteringen.

325 2422 14 29 I
361 2422 227 31 betraktande
611 2432 41 20 av
675 2424 49 28 att
747 2421 493 37 acceptanten-jordbrukaren
1266 2423 37 29 är
1326 2421 66 30 den
1418 2422 8 29 i
1452 2421 82 30 sista
1557 2420 95 31 hand
1677 2419 104 31 betal-

281 2472 257 37 ningsskyldige
558 2473 63 30 och
645 2473 220 36 föreningens
885 2472 213 37 förpliktelse
1119 2472 95 31 reellt
1237 2473 154 29 närmast
1413 2473 38 29 är
1472 2474 48 27 att
1541 2480 81 21 anse
1644 2480 75 21 som
1741 2478 41 21 en
