<?xml version="1.0" encoding="UTF-8"?>
<alto xmlns="http://www.loc.gov/standards/alto/ns-v3#" xmlns:xlink="http://www.w3.org/1999/xlink" xmlns:xsi="http://www.w3.org/2001/XMLSchema-instance" xsi:schemaLocation="http://www.loc.gov/standards/alto/ns-v3# http://www.loc.gov/alto/v3/alto-3-0.xsd">
	<Description>
		<MeasurementUnit>pixel</MeasurementUnit>
		<sourceImageInformation>
			<fileName>/tmp/tess__bmklnu9_input.PNG</fileName>
		</sourceImageInformation>
		<OCRProcessing ID="OCR_0">
			<ocrProcessingStep>
				<processingSoftware>
					<softwareName>tesseract 5.3.0</softwareName>
				</processingSoftware>
			</ocrProcessingStep>
		</OCRProcessing>
	</Description>
	<Layout>
		<Page WIDTH="2206" HEIGHT="2632" PHYSICAL_IMG_NR="0" ID="page_0">
			<PrintSpace HPOS="0" VPOS="0" WIDTH="2206" HEIGHT="2632">
				<ComposedBlock ID="cblock_0" HPOS="741" VPOS="166" WIDTH="1066" HEIGHT="45">
					<TextBlock ID="block_0" HPOS="741" VPOS="166" WIDTH="1066" HEIGHT="45">
						<TextLine ID="line_0" HPOS="741" VPOS="166" WIDTH="1066" HEIGHT="45">
							<String ID="string_0" HPOS="741" VPOS="166" WIDTH="250" HEIGHT="35" WC="0.88" CONTENT="Statsutskottets"/><SP WIDTH="28" VPOS="166" HPOS="991"/>
							<String ID="string_1" HPOS="1019" VPOS="169" WIDTH="170" HEIGHT="34" WC="0.96" CONTENT="Utlåtande"/><SP WIDTH="20" VPOS="169" HPOS="1189"/>
							<String ID="string_2" HPOS="1209" VPOS="171" WIDTH="63" HEIGHT="33" WC="0.96" CONTENT="N:o"/><SP WIDTH="27" VPOS="171" HPOS="1272"/>
							<String ID="string_3" HPOS="1299" VPOS="174" WIDTH="67" HEIGHT="32" WC="0.96" CONTENT="182."/><SP WIDTH="401" VPOS="174" HPOS="1366"/>
							<String ID="string_4" HPOS="1767" VPOS="178" WIDTH="40" HEIGHT="33" WC="0.62" CONTENT="3l"/>
						</TextLine>
					</TextBlock>
				</ComposedBlock>
				<ComposedBlock ID="cblock_1" HPOS="241" VPOS="240" WIDTH="1617" HEIGHT="2089">
					<TextBlock ID="block_1" HPOS="250" VPOS="240" WIDTH="1608" HEIGHT="515">
						<TextLine ID="line_1" HPOS="253" VPOS="240" WIDTH="1605" HEIGHT="60">
							<String ID="string_5" HPOS="253" VPOS="240" WIDTH="206" HEIGHT="49" WC="0.90" CONTENT="hemställt,"/><SP WIDTH="44" VPOS="240" HPOS="459"/>
							<String ID="string_6" HPOS="503" VPOS="249" WIDTH="54" HEIGHT="31" WC="0.95" CONTENT="att"/><SP WIDTH="28" VPOS="249" HPOS="557"/>
							<String ID="string_7" HPOS="585" VPOS="244" WIDTH="64" HEIGHT="37" WC="0.92" CONTENT="vid"/><SP WIDTH="31" VPOS="244" HPOS="649"/>
							<String ID="string_8" HPOS="680" VPOS="246" WIDTH="244" HEIGHT="49" WC="0.92" CONTENT="afvittringen"/><SP WIDTH="35" VPOS="246" HPOS="924"/>
							<String ID="string_9" HPOS="959" VPOS="249" WIDTH="84" HEIGHT="36" WC="0.96" CONTENT="utaf"/><SP WIDTH="25" VPOS="249" HPOS="1043"/>
							<String ID="string_10" HPOS="1068" VPOS="249" WIDTH="62" HEIGHT="37" WC="0.93" CONTENT="det"/><SP WIDTH="28" VPOS="249" HPOS="1130"/>
							<String ID="string_11" HPOS="1158" VPOS="250" WIDTH="265" HEIGHT="50" WC="0.92" CONTENT="kronoparken"/><SP WIDTH="30" VPOS="250" HPOS="1423"/>
							<String ID="string_12" HPOS="1453" VPOS="253" WIDTH="225" HEIGHT="39" WC="0.96" CONTENT="tillhörande"/><SP WIDTH="28" VPOS="253" HPOS="1678"/>
							<String ID="string_13" HPOS="1706" VPOS="258" WIDTH="152" HEIGHT="36" WC="0.96" CONTENT="område"/>
						</TextLine>
						<TextLine ID="line_2" HPOS="254" VPOS="294" WIDTH="1602" HEIGHT="63">
							<String ID="string_14" HPOS="254" VPOS="305" WIDTH="90" HEIGHT="24" WC="0.96" CONTENT="norr"/><SP WIDTH="28" VPOS="305" HPOS="344"/>
							<String ID="string_15" HPOS="372" VPOS="306" WIDTH="60" HEIGHT="24" WC="0.93" CONTENT="om"/><SP WIDTH="32" VPOS="306" HPOS="432"/>
							<String ID="string_16" HPOS="464" VPOS="294" WIDTH="199" HEIGHT="51" WC="0.90" CONTENT="Vojmsjön"/><SP WIDTH="21" VPOS="294" HPOS="663"/>
							<String ID="string_17" HPOS="684" VPOS="297" WIDTH="118" HEIGHT="49" WC="0.93" CONTENT="nödig"/><SP WIDTH="20" VPOS="297" HPOS="802"/>
							<String ID="string_18" HPOS="822" VPOS="298" WIDTH="310" HEIGHT="51" WC="0.91" CONTENT="husbehofsskog"/><SP WIDTH="18" VPOS="298" HPOS="1132"/>
							<String ID="string_19" HPOS="1150" VPOS="303" WIDTH="103" HEIGHT="48" WC="0.96" CONTENT="finge"/><SP WIDTH="21" VPOS="303" HPOS="1253"/>
							<String ID="string_20" HPOS="1274" VPOS="303" WIDTH="162" HEIGHT="37" WC="0.96" CONTENT="tilldelas"/><SP WIDTH="21" VPOS="303" HPOS="1436"/>
							<String ID="string_21" HPOS="1457" VPOS="305" WIDTH="215" HEIGHT="38" WC="0.95" CONTENT="hemmanet"/><SP WIDTH="20" VPOS="305" HPOS="1672"/>
							<String ID="string_22" HPOS="1692" VPOS="307" WIDTH="164" HEIGHT="50" WC="0.92" CONTENT="Dajkan-"/>
						</TextLine>
						<TextLine ID="line_3" HPOS="252" VPOS="344" WIDTH="1604" HEIGHT="61">
							<String ID="string_23" HPOS="252" VPOS="344" WIDTH="84" HEIGHT="45" WC="0.96" CONTENT="vik;"/><SP WIDTH="31" VPOS="344" HPOS="336"/>
							<String ID="string_24" HPOS="367" VPOS="350" WIDTH="56" HEIGHT="31" WC="0.96" CONTENT="att"/><SP WIDTH="28" VPOS="350" HPOS="423"/>
							<String ID="string_25" HPOS="451" VPOS="346" WIDTH="72" HEIGHT="37" WC="0.96" CONTENT="den"/><SP WIDTH="29" VPOS="346" HPOS="523"/>
							<String ID="string_26" HPOS="552" VPOS="348" WIDTH="112" HEIGHT="47" WC="0.96" CONTENT="olaga"/><SP WIDTH="28" VPOS="348" HPOS="664"/>
							<String ID="string_27" HPOS="692" VPOS="349" WIDTH="225" HEIGHT="50" WC="0.96" CONTENT="utflyttning"/><SP WIDTH="30" VPOS="349" HPOS="917"/>
							<String ID="string_28" HPOS="947" VPOS="352" WIDTH="83" HEIGHT="36" WC="0.96" CONTENT="från"/><SP WIDTH="29" VPOS="352" HPOS="1030"/>
							<String ID="string_29" HPOS="1059" VPOS="352" WIDTH="216" HEIGHT="38" WC="0.95" CONTENT="hemmanet"/><SP WIDTH="28" VPOS="352" HPOS="1275"/>
							<String ID="string_30" HPOS="1303" VPOS="355" WIDTH="229" HEIGHT="50" WC="0.91" CONTENT="Dajkanvik,"/><SP WIDTH="30" VPOS="355" HPOS="1532"/>
							<String ID="string_31" HPOS="1562" VPOS="371" WIDTH="79" HEIGHT="24" WC="0.96" CONTENT="som"/><SP WIDTH="31" VPOS="371" HPOS="1641"/>
							<String ID="string_32" HPOS="1672" VPOS="359" WIDTH="102" HEIGHT="38" WC="0.95" CONTENT="skett"/><SP WIDTH="28" VPOS="359" HPOS="1774"/>
							<String ID="string_33" HPOS="1802" VPOS="361" WIDTH="54" HEIGHT="36" WC="0.96" CONTENT="till"/>
						</TextLine>
						<TextLine ID="line_4" HPOS="252" VPOS="395" WIDTH="1603" HEIGHT="61">
							<String ID="string_34" HPOS="252" VPOS="395" WIDTH="75" HEIGHT="37" WC="0.95" CONTENT="den"/><SP WIDTH="43" VPOS="395" HPOS="327"/>
							<String ID="string_35" HPOS="370" VPOS="397" WIDTH="110" HEIGHT="37" WC="0.96" CONTENT="söder"/><SP WIDTH="37" VPOS="397" HPOS="480"/>
							<String ID="string_36" HPOS="517" VPOS="412" WIDTH="60" HEIGHT="23" WC="0.92" CONTENT="om"/><SP WIDTH="32" VPOS="412" HPOS="577"/>
							<String ID="string_37" HPOS="609" VPOS="399" WIDTH="199" HEIGHT="50" WC="0.92" CONTENT="Vojmsjön"/><SP WIDTH="30" VPOS="399" HPOS="808"/>
							<String ID="string_38" HPOS="838" VPOS="402" WIDTH="164" HEIGHT="48" WC="0.96" CONTENT="belägna"/><SP WIDTH="29" VPOS="402" HPOS="1002"/>
							<String ID="string_39" HPOS="1031" VPOS="404" WIDTH="108" HEIGHT="37" WC="0.96" CONTENT="delen"/><SP WIDTH="29" VPOS="404" HPOS="1139"/>
							<String ID="string_40" HPOS="1168" VPOS="406" WIDTH="41" HEIGHT="35" WC="0.96" CONTENT="af"/><SP WIDTH="23" VPOS="406" HPOS="1209"/>
							<String ID="string_41" HPOS="1232" VPOS="406" WIDTH="276" HEIGHT="50" WC="0.91" CONTENT="kronoparken,"/><SP WIDTH="30" VPOS="406" HPOS="1508"/>
							<String ID="string_42" HPOS="1538" VPOS="409" WIDTH="83" HEIGHT="37" WC="0.96" CONTENT="icke"/><SP WIDTH="29" VPOS="409" HPOS="1621"/>
							<String ID="string_43" HPOS="1650" VPOS="414" WIDTH="115" HEIGHT="34" WC="0.96" CONTENT="måtte"/><SP WIDTH="29" VPOS="414" HPOS="1765"/>
							<String ID="string_44" HPOS="1794" VPOS="413" WIDTH="61" HEIGHT="35" WC="0.96" CONTENT="vid"/>
						</TextLine>
						<TextLine ID="line_5" HPOS="252" VPOS="447" WIDTH="1602" HEIGHT="69">
							<String ID="string_45" HPOS="252" VPOS="447" WIDTH="249" HEIGHT="50" WC="0.92" CONTENT="afvittringen"/><SP WIDTH="29" VPOS="447" HPOS="501"/>
							<String ID="string_46" HPOS="530" VPOS="451" WIDTH="239" HEIGHT="49" WC="0.91" CONTENT="skattläggas"/><SP WIDTH="29" VPOS="451" HPOS="769"/>
							<String ID="string_47" HPOS="798" VPOS="454" WIDTH="69" HEIGHT="35" WC="0.96" CONTENT="och"/><SP WIDTH="29" VPOS="454" HPOS="867"/>
							<String ID="string_48" HPOS="896" VPOS="455" WIDTH="161" HEIGHT="36" WC="0.96" CONTENT="tilldelas"/><SP WIDTH="28" VPOS="455" HPOS="1057"/>
							<String ID="string_49" HPOS="1085" VPOS="457" WIDTH="106" HEIGHT="35" WC="0.96" CONTENT="mark"/><SP WIDTH="30" VPOS="457" HPOS="1191"/>
							<String ID="string_50" HPOS="1221" VPOS="457" WIDTH="41" HEIGHT="36" WC="0.95" CONTENT="af"/><SP WIDTH="25" VPOS="457" HPOS="1262"/>
							<String ID="string_51" HPOS="1287" VPOS="458" WIDTH="118" HEIGHT="49" WC="0.95" CONTENT="sagda"/><SP WIDTH="29" VPOS="458" HPOS="1405"/>
							<String ID="string_52" HPOS="1434" VPOS="459" WIDTH="58" HEIGHT="36" WC="0.96" CONTENT="del"/><SP WIDTH="31" VPOS="459" HPOS="1492"/>
							<String ID="string_53" HPOS="1523" VPOS="460" WIDTH="41" HEIGHT="36" WC="0.96" CONTENT="af"/><SP WIDTH="15" VPOS="460" HPOS="1564"/>
							<String ID="string_54" HPOS="1579" VPOS="457" WIDTH="275" HEIGHT="59" WC="0.91" CONTENT="kronoparken,"/>
						</TextLine>
						<TextLine ID="line_6" HPOS="255" VPOS="500" WIDTH="1599" HEIGHT="63">
							<String ID="string_55" HPOS="255" VPOS="504" WIDTH="88" HEIGHT="30" WC="0.96" CONTENT="utan"/><SP WIDTH="29" VPOS="504" HPOS="343"/>
							<String ID="string_56" HPOS="372" VPOS="500" WIDTH="122" HEIGHT="37" WC="0.96" CONTENT="denna"/><SP WIDTH="29" VPOS="500" HPOS="494"/>
							<String ID="string_57" HPOS="523" VPOS="502" WIDTH="59" HEIGHT="36" WC="0.94" CONTENT="del"/><SP WIDTH="28" VPOS="502" HPOS="582"/>
							<String ID="string_58" HPOS="610" VPOS="503" WIDTH="11" HEIGHT="35" WC="0.96" CONTENT="i"/><SP WIDTH="29" VPOS="503" HPOS="621"/>
							<String ID="string_59" HPOS="650" VPOS="503" WIDTH="59" HEIGHT="35" WC="0.96" CONTENT="sin"/><SP WIDTH="29" VPOS="503" HPOS="709"/>
							<String ID="string_60" HPOS="738" VPOS="503" WIDTH="126" HEIGHT="37" WC="0.93" CONTENT="helhet"/><SP WIDTH="27" VPOS="503" HPOS="864"/>
							<String ID="string_61" HPOS="891" VPOS="505" WIDTH="209" HEIGHT="38" WC="0.68" CONTENT="bibebållas"/><SP WIDTH="29" VPOS="505" HPOS="1100"/>
							<String ID="string_62" HPOS="1129" VPOS="511" WIDTH="37" HEIGHT="32" WC="0.96" CONTENT="åt"/><SP WIDTH="27" VPOS="511" HPOS="1166"/>
							<String ID="string_63" HPOS="1193" VPOS="508" WIDTH="162" HEIGHT="46" WC="0.96" CONTENT="kronan;"/><SP WIDTH="31" VPOS="508" HPOS="1355"/>
							<String ID="string_64" HPOS="1386" VPOS="517" WIDTH="97" HEIGHT="29" WC="0.95" CONTENT="samt"/><SP WIDTH="29" VPOS="517" HPOS="1483"/>
							<String ID="string_65" HPOS="1512" VPOS="517" WIDTH="55" HEIGHT="31" WC="0.96" CONTENT="att"/><SP WIDTH="24" VPOS="517" HPOS="1567"/>
							<String ID="string_66" HPOS="1591" VPOS="513" WIDTH="263" HEIGHT="50" WC="0.92" CONTENT="kronoparken"/>
						</TextLine>
						<TextLine ID="line_7" HPOS="250" VPOS="550" WIDTH="1605" HEIGHT="69">
							<String ID="string_67" HPOS="250" VPOS="550" WIDTH="12" HEIGHT="35" WC="0.84" CONTENT="1"/><SP WIDTH="29" VPOS="550" HPOS="262"/>
							<String ID="string_68" HPOS="291" VPOS="552" WIDTH="212" HEIGHT="49" WC="0.94" CONTENT="ersättning"/><SP WIDTH="29" VPOS="552" HPOS="503"/>
							<String ID="string_69" HPOS="532" VPOS="553" WIDTH="58" HEIGHT="36" WC="0.92" CONTENT="för"/><SP WIDTH="28" VPOS="553" HPOS="590"/>
							<String ID="string_70" HPOS="618" VPOS="554" WIDTH="154" HEIGHT="37" WC="0.91" CONTENT="mistadt"/><SP WIDTH="27" VPOS="554" HPOS="772"/>
							<String ID="string_71" HPOS="799" VPOS="557" WIDTH="154" HEIGHT="36" WC="0.96" CONTENT="område"/><SP WIDTH="28" VPOS="557" HPOS="953"/>
							<String ID="string_72" HPOS="981" VPOS="570" WIDTH="87" HEIGHT="24" WC="0.96" CONTENT="norr"/><SP WIDTH="20" VPOS="570" HPOS="1068"/>
							<String ID="string_73" HPOS="1088" VPOS="572" WIDTH="60" HEIGHT="22" WC="0.93" CONTENT="om"/><SP WIDTH="21" VPOS="572" HPOS="1148"/>
							<String ID="string_74" HPOS="1169" VPOS="559" WIDTH="200" HEIGHT="50" WC="0.92" CONTENT="Vojmsjön"/><SP WIDTH="21" VPOS="559" HPOS="1369"/>
							<String ID="string_75" HPOS="1390" VPOS="565" WIDTH="116" HEIGHT="33" WC="0.96" CONTENT="måtte"/><SP WIDTH="20" VPOS="565" HPOS="1506"/>
							<String ID="string_76" HPOS="1526" VPOS="563" WIDTH="61" HEIGHT="36" WC="0.96" CONTENT="vid"/><SP WIDTH="22" VPOS="563" HPOS="1587"/>
							<String ID="string_77" HPOS="1609" VPOS="560" WIDTH="246" HEIGHT="59" WC="0.91" CONTENT="afvittringen"/>
						</TextLine>
						<TextLine ID="line_8" HPOS="250" VPOS="601" WIDTH="1605" HEIGHT="66">
							<String ID="string_78" HPOS="250" VPOS="601" WIDTH="163" HEIGHT="38" WC="0.96" CONTENT="tilldelas"/><SP WIDTH="29" VPOS="601" HPOS="413"/>
							<String ID="string_79" HPOS="442" VPOS="605" WIDTH="266" HEIGHT="37" WC="0.96" CONTENT="motsvarande"/><SP WIDTH="30" VPOS="605" HPOS="708"/>
							<String ID="string_80" HPOS="738" VPOS="608" WIDTH="106" HEIGHT="35" WC="0.96" CONTENT="mark"/><SP WIDTH="29" VPOS="608" HPOS="844"/>
							<String ID="string_81" HPOS="873" VPOS="609" WIDTH="40" HEIGHT="35" WC="0.96" CONTENT="af"/><SP WIDTH="24" VPOS="609" HPOS="913"/>
							<String ID="string_82" HPOS="937" VPOS="608" WIDTH="64" HEIGHT="36" WC="0.93" CONTENT="det"/><SP WIDTH="28" VPOS="608" HPOS="1001"/>
							<String ID="string_83" HPOS="1029" VPOS="610" WIDTH="227" HEIGHT="37" WC="0.90" CONTENT="oafvittrade"/><SP WIDTH="29" VPOS="610" HPOS="1256"/>
							<String ID="string_84" HPOS="1285" VPOS="613" WIDTH="164" HEIGHT="46" WC="0.96" CONTENT="område,"/><SP WIDTH="30" VPOS="613" HPOS="1449"/>
							<String ID="string_85" HPOS="1479" VPOS="627" WIDTH="81" HEIGHT="23" WC="0.96" CONTENT="som"/><SP WIDTH="29" VPOS="627" HPOS="1560"/>
							<String ID="string_86" HPOS="1589" VPOS="629" WIDTH="90" HEIGHT="23" WC="0.96" CONTENT="vore"/><SP WIDTH="24" VPOS="629" HPOS="1679"/>
							<String ID="string_87" HPOS="1703" VPOS="616" WIDTH="152" HEIGHT="51" WC="0.96" CONTENT="beläget"/>
						</TextLine>
						<TextLine ID="line_9" HPOS="251" VPOS="656" WIDTH="1603" HEIGHT="61">
							<String ID="string_88" HPOS="251" VPOS="657" WIDTH="126" HEIGHT="33" WC="0.96" CONTENT="väster"/><SP WIDTH="40" VPOS="657" HPOS="377"/>
							<String ID="string_89" HPOS="417" VPOS="667" WIDTH="61" HEIGHT="24" WC="0.91" CONTENT="om"/><SP WIDTH="46" VPOS="667" HPOS="478"/>
							<String ID="string_90" HPOS="524" VPOS="656" WIDTH="262" HEIGHT="50" WC="0.80" CONTENT="kronoparken"/><SP WIDTH="29" VPOS="656" HPOS="786"/>
							<String ID="string_91" HPOS="815" VPOS="659" WIDTH="71" HEIGHT="36" WC="0.96" CONTENT="och"/><SP WIDTH="28" VPOS="659" HPOS="886"/>
							<String ID="string_92" HPOS="914" VPOS="660" WIDTH="110" HEIGHT="37" WC="0.96" CONTENT="söder"/><SP WIDTH="28" VPOS="660" HPOS="1024"/>
							<String ID="string_93" HPOS="1052" VPOS="675" WIDTH="59" HEIGHT="22" WC="0.93" CONTENT="om"/><SP WIDTH="31" VPOS="675" HPOS="1111"/>
							<String ID="string_94" HPOS="1142" VPOS="662" WIDTH="199" HEIGHT="50" WC="0.92" CONTENT="Vojmsjön"/><SP WIDTH="32" VPOS="662" HPOS="1341"/>
							<String ID="string_95" HPOS="1373" VPOS="664" WIDTH="12" HEIGHT="36" WC="0.96" CONTENT="i"/><SP WIDTH="29" VPOS="664" HPOS="1385"/>
							<String ID="string_96" HPOS="1414" VPOS="664" WIDTH="124" HEIGHT="38" WC="0.96" CONTENT="direkt"/><SP WIDTH="29" VPOS="664" HPOS="1538"/>
							<String ID="string_97" HPOS="1567" VPOS="667" WIDTH="176" HEIGHT="50" WC="0.96" CONTENT="förening"/><SP WIDTH="28" VPOS="667" HPOS="1743"/>
							<String ID="string_98" HPOS="1771" VPOS="671" WIDTH="83" HEIGHT="35" WC="0.96" CONTENT="med"/>
						</TextLine>
						<TextLine ID="line_10" HPOS="250" VPOS="704" WIDTH="736" HEIGHT="51">
							<String ID="string_99" HPOS="250" VPOS="704" WIDTH="283" HEIGHT="51" WC="0.92" CONTENT="kronoparkens"/><SP WIDTH="31" VPOS="704" HPOS="533"/>
							<String ID="string_100" HPOS="564" VPOS="708" WIDTH="232" HEIGHT="39" WC="0.96" CONTENT="därvarande"/><SP WIDTH="29" VPOS="708" HPOS="796"/>
							<String ID="string_101" HPOS="825" VPOS="712" WIDTH="161" HEIGHT="36" WC="0.96" CONTENT="område."/>
						</TextLine>
					</TextBlock>
					<TextBlock ID="block_2" HPOS="248" VPOS="757" WIDTH="1606" HEIGHT="152">
						<TextLine ID="line_11" HPOS="378" VPOS="757" WIDTH="1475" HEIGHT="59">
							<String ID="string_102" HPOS="378" VPOS="757" WIDTH="73" HEIGHT="37" WC="0.96" CONTENT="Till"/><SP WIDTH="42" VPOS="757" HPOS="451"/>
							<String ID="string_103" HPOS="493" VPOS="759" WIDTH="93" HEIGHT="50" WC="0.96" CONTENT="följd"/><SP WIDTH="43" VPOS="759" HPOS="586"/>
							<String ID="string_104" HPOS="629" VPOS="761" WIDTH="40" HEIGHT="36" WC="0.96" CONTENT="af"/><SP WIDTH="37" VPOS="761" HPOS="669"/>
							<String ID="string_105" HPOS="706" VPOS="763" WIDTH="12" HEIGHT="35" WC="0.96" CONTENT="i"/><SP WIDTH="41" VPOS="763" HPOS="718"/>
							<String ID="string_106" HPOS="759" VPOS="763" WIDTH="159" HEIGHT="37" WC="0.96" CONTENT="ärendet"/><SP WIDTH="42" VPOS="763" HPOS="918"/>
							<String ID="string_107" HPOS="960" VPOS="764" WIDTH="169" HEIGHT="39" WC="0.95" CONTENT="erhållen"/><SP WIDTH="36" VPOS="764" HPOS="1129"/>
							<String ID="string_108" HPOS="1165" VPOS="768" WIDTH="117" HEIGHT="48" WC="0.96" CONTENT="nådig"/><SP WIDTH="33" VPOS="768" HPOS="1282"/>
							<String ID="string_109" HPOS="1315" VPOS="770" WIDTH="133" HEIGHT="36" WC="0.95" CONTENT="remiss"/><SP WIDTH="29" VPOS="770" HPOS="1448"/>
							<String ID="string_110" HPOS="1477" VPOS="770" WIDTH="68" HEIGHT="37" WC="0.96" CONTENT="har"/><SP WIDTH="28" VPOS="770" HPOS="1545"/>
							<String ID="string_111" HPOS="1573" VPOS="772" WIDTH="129" HEIGHT="37" WC="0.93" CONTENT="vidare"/><SP WIDTH="28" VPOS="772" HPOS="1702"/>
							<String ID="string_112" HPOS="1730" VPOS="773" WIDTH="123" HEIGHT="37" WC="0.93" CONTENT="landt-"/>
						</TextLine>
						<TextLine ID="line_12" HPOS="250" VPOS="809" WIDTH="1604" HEIGHT="55">
							<String ID="string_113" HPOS="250" VPOS="809" WIDTH="327" HEIGHT="50" WC="0.91" CONTENT="mäteristyrelsen"/><SP WIDTH="41" VPOS="809" HPOS="577"/>
							<String ID="string_114" HPOS="618" VPOS="813" WIDTH="12" HEIGHT="35" WC="0.96" CONTENT="i"/><SP WIDTH="41" VPOS="813" HPOS="630"/>
							<String ID="string_115" HPOS="671" VPOS="814" WIDTH="254" HEIGHT="50" WC="0.81" CONTENT="underdånigt"/><SP WIDTH="41" VPOS="814" HPOS="925"/>
							<String ID="string_116" HPOS="966" VPOS="817" WIDTH="195" HEIGHT="38" WC="0.96" CONTENT="utlåtande"/><SP WIDTH="43" VPOS="817" HPOS="1161"/>
							<String ID="string_117" HPOS="1204" VPOS="819" WIDTH="72" HEIGHT="37" WC="0.96" CONTENT="den"/><SP WIDTH="44" VPOS="819" HPOS="1276"/>
							<String ID="string_118" HPOS="1320" VPOS="822" WIDTH="46" HEIGHT="35" WC="0.96" CONTENT="26"/><SP WIDTH="46" VPOS="822" HPOS="1366"/>
							<String ID="string_119" HPOS="1412" VPOS="821" WIDTH="160" HEIGHT="38" WC="0.96" CONTENT="oktober"/><SP WIDTH="31" VPOS="821" HPOS="1572"/>
							<String ID="string_120" HPOS="1603" VPOS="825" WIDTH="95" HEIGHT="35" WC="0.96" CONTENT="1906"/><SP WIDTH="32" VPOS="825" HPOS="1698"/>
							<String ID="string_121" HPOS="1730" VPOS="824" WIDTH="124" HEIGHT="38" WC="0.96" CONTENT="anfört"/>
						</TextLine>
						<TextLine ID="line_13" HPOS="248" VPOS="859" WIDTH="179" HEIGHT="50">
							<String ID="string_122" HPOS="248" VPOS="859" WIDTH="179" HEIGHT="50" WC="0.96" CONTENT="följande."/>
						</TextLine>
					</TextBlock>
					<TextBlock ID="block_3" HPOS="241" VPOS="912" WIDTH="1611" HEIGHT="1417">
						<TextLine ID="line_14" HPOS="378" VPOS="912" WIDTH="1474" HEIGHT="65">
							<String ID="string_123" HPOS="378" VPOS="912" WIDTH="57" HEIGHT="38" WC="0.96" CONTENT="Då"/><SP WIDTH="44" VPOS="912" HPOS="435"/>
							<String ID="string_124" HPOS="479" VPOS="915" WIDTH="218" HEIGHT="38" WC="0.93" CONTENT="hemmanet"/><SP WIDTH="40" VPOS="915" HPOS="697"/>
							<String ID="string_125" HPOS="737" VPOS="918" WIDTH="215" HEIGHT="48" WC="0.91" CONTENT="Dajkanvik"/><SP WIDTH="44" VPOS="918" HPOS="952"/>
							<String ID="string_126" HPOS="996" VPOS="933" WIDTH="58" HEIGHT="24" WC="0.72" CONTENT="n:r"/><SP WIDTH="32" VPOS="933" HPOS="1054"/>
							<String ID="string_127" HPOS="1086" VPOS="923" WIDTH="16" HEIGHT="33" WC="0.96" CONTENT="1"/><SP WIDTH="33" VPOS="923" HPOS="1102"/>
							<String ID="string_128" HPOS="1135" VPOS="921" WIDTH="97" HEIGHT="37" WC="0.96" CONTENT="varit"/><SP WIDTH="28" VPOS="921" HPOS="1232"/>
							<String ID="string_129" HPOS="1260" VPOS="922" WIDTH="193" HEIGHT="50" WC="0.96" CONTENT="befintligt"/><SP WIDTH="28" VPOS="922" HPOS="1453"/>
							<String ID="string_130" HPOS="1481" VPOS="925" WIDTH="79" HEIGHT="36" WC="0.96" CONTENT="före"/><SP WIDTH="29" VPOS="925" HPOS="1560"/>
							<String ID="string_131" HPOS="1589" VPOS="926" WIDTH="263" HEIGHT="51" WC="0.91" CONTENT="afvittringen,"/>
						</TextLine>
						<TextLine ID="line_15" HPOS="248" VPOS="965" WIDTH="1602" HEIGHT="61">
							<String ID="string_132" HPOS="248" VPOS="965" WIDTH="97" HEIGHT="37" WC="0.96" CONTENT="hade"/><SP WIDTH="38" VPOS="965" HPOS="345"/>
							<String ID="string_133" HPOS="383" VPOS="966" WIDTH="209" HEIGHT="38" WC="0.92" CONTENT="detsamma"/><SP WIDTH="37" VPOS="966" HPOS="592"/>
							<String ID="string_134" HPOS="629" VPOS="969" WIDTH="156" HEIGHT="48" WC="0.92" CONTENT="jämlikt"/><SP WIDTH="31" VPOS="969" HPOS="785"/>
							<String ID="string_135" HPOS="816" VPOS="972" WIDTH="16" HEIGHT="33" WC="0.75" CONTENT="1"/><SP WIDTH="33" VPOS="972" HPOS="832"/>
							<String ID="string_136" HPOS="865" VPOS="969" WIDTH="21" HEIGHT="51" WC="0.55" CONTENT="$"/><SP WIDTH="42" VPOS="969" HPOS="886"/>
							<String ID="string_137" HPOS="928" VPOS="971" WIDTH="42" HEIGHT="36" WC="0.96" CONTENT="af"/><SP WIDTH="37" VPOS="971" HPOS="970"/>
							<String ID="string_138" HPOS="1007" VPOS="972" WIDTH="140" HEIGHT="49" WC="0.96" CONTENT="nådiga"/><SP WIDTH="35" VPOS="972" HPOS="1147"/>
							<String ID="string_139" HPOS="1182" VPOS="973" WIDTH="165" HEIGHT="50" WC="0.96" CONTENT="stadgan"/><SP WIDTH="28" VPOS="973" HPOS="1347"/>
							<String ID="string_140" HPOS="1375" VPOS="975" WIDTH="73" HEIGHT="36" WC="0.96" CONTENT="den"/><SP WIDTH="30" VPOS="975" HPOS="1448"/>
							<String ID="string_141" HPOS="1478" VPOS="978" WIDTH="47" HEIGHT="35" WC="0.96" CONTENT="30"/><SP WIDTH="30" VPOS="978" HPOS="1525"/>
							<String ID="string_142" HPOS="1555" VPOS="978" WIDTH="74" HEIGHT="48" WC="0.96" CONTENT="maj"/><SP WIDTH="34" VPOS="978" HPOS="1629"/>
							<String ID="string_143" HPOS="1663" VPOS="980" WIDTH="97" HEIGHT="36" WC="0.96" CONTENT="1873"/><SP WIDTH="31" VPOS="980" HPOS="1760"/>
							<String ID="string_144" HPOS="1791" VPOS="993" WIDTH="59" HEIGHT="24" WC="0.96" CONTENT="om"/>
						</TextLine>
						<TextLine ID="line_16" HPOS="248" VPOS="1017" WIDTH="1603" HEIGHT="63">
							<String ID="string_145" HPOS="248" VPOS="1017" WIDTH="204" HEIGHT="50" WC="0.92" CONTENT="afvittring"/><SP WIDTH="40" VPOS="1017" HPOS="452"/>
							<String ID="string_146" HPOS="492" VPOS="1019" WIDTH="11" HEIGHT="36" WC="0.96" CONTENT="i"/><SP WIDTH="43" VPOS="1019" HPOS="503"/>
							<String ID="string_147" HPOS="546" VPOS="1020" WIDTH="293" HEIGHT="38" WC="0.95" CONTENT="Västerbottens"/><SP WIDTH="51" VPOS="1020" HPOS="839"/>
							<String ID="string_148" HPOS="890" VPOS="1023" WIDTH="69" HEIGHT="36" WC="0.96" CONTENT="och"/><SP WIDTH="49" VPOS="1023" HPOS="959"/>
							<String ID="string_149" HPOS="1008" VPOS="1023" WIDTH="256" HEIGHT="39" WC="0.95" CONTENT="Norrbottens"/><SP WIDTH="43" VPOS="1023" HPOS="1264"/>
							<String ID="string_150" HPOS="1307" VPOS="1027" WIDTH="83" HEIGHT="36" WC="0.93" CONTENT="läns"/><SP WIDTH="41" VPOS="1027" HPOS="1390"/>
							<String ID="string_151" HPOS="1431" VPOS="1028" WIDTH="241" HEIGHT="50" WC="0.91" CONTENT="lappmarker"/><SP WIDTH="40" VPOS="1028" HPOS="1672"/>
							<String ID="string_152" HPOS="1712" VPOS="1044" WIDTH="139" HEIGHT="36" WC="0.95" CONTENT="genom"/>
						</TextLine>
						<TextLine ID="line_17" HPOS="249" VPOS="1069" WIDTH="1603" HEIGHT="56">
							<String ID="string_153" HPOS="249" VPOS="1069" WIDTH="139" HEIGHT="37" WC="0.79" CONTENT="allmän"/><SP WIDTH="43" VPOS="1069" HPOS="388"/>
							<String ID="string_154" HPOS="431" VPOS="1069" WIDTH="203" HEIGHT="52" WC="0.79" CONTENT="afvittring"/><SP WIDTH="28" VPOS="1069" HPOS="634"/>
							<String ID="string_155" HPOS="662" VPOS="1072" WIDTH="86" HEIGHT="37" WC="0.96" CONTENT="bort"/><SP WIDTH="27" VPOS="1072" HPOS="748"/>
							<String ID="string_156" HPOS="775" VPOS="1073" WIDTH="161" HEIGHT="39" WC="0.92" CONTENT="tilldelas"/><SP WIDTH="29" VPOS="1073" HPOS="936"/>
							<String ID="string_157" HPOS="965" VPOS="1076" WIDTH="136" HEIGHT="49" WC="0.92" CONTENT="nödigt"/><SP WIDTH="28" VPOS="1076" HPOS="1101"/>
							<String ID="string_158" HPOS="1129" VPOS="1078" WIDTH="152" HEIGHT="36" WC="0.96" CONTENT="område"/><SP WIDTH="28" VPOS="1078" HPOS="1281"/>
							<String ID="string_159" HPOS="1309" VPOS="1079" WIDTH="42" HEIGHT="36" WC="0.96" CONTENT="af"/><SP WIDTH="23" VPOS="1079" HPOS="1351"/>
							<String ID="string_160" HPOS="1374" VPOS="1079" WIDTH="166" HEIGHT="38" WC="0.95" CONTENT="kronans"/><SP WIDTH="29" VPOS="1079" HPOS="1540"/>
							<String ID="string_161" HPOS="1569" VPOS="1082" WIDTH="159" HEIGHT="38" WC="0.94" CONTENT="marker."/><SP WIDTH="57" VPOS="1082" HPOS="1728"/>
							<String ID="string_162" HPOS="1785" VPOS="1084" WIDTH="67" HEIGHT="37" WC="0.94" CONTENT="Att"/>
						</TextLine>
						<TextLine ID="line_18" HPOS="248" VPOS="1122" WIDTH="1604" HEIGHT="59">
							<String ID="string_163" HPOS="248" VPOS="1123" WIDTH="41" HEIGHT="34" WC="0.96" CONTENT="så"/><SP WIDTH="51" VPOS="1123" HPOS="289"/>
							<String ID="string_164" HPOS="340" VPOS="1122" WIDTH="82" HEIGHT="36" WC="0.91" CONTENT="icke"/><SP WIDTH="46" VPOS="1122" HPOS="422"/>
							<String ID="string_165" HPOS="468" VPOS="1123" WIDTH="102" HEIGHT="37" WC="0.95" CONTENT="skett"/><SP WIDTH="46" VPOS="1123" HPOS="570"/>
							<String ID="string_166" HPOS="616" VPOS="1129" WIDTH="129" HEIGHT="45" WC="0.96" CONTENT="syntes"/><SP WIDTH="51" VPOS="1129" HPOS="745"/>
							<String ID="string_167" HPOS="796" VPOS="1127" WIDTH="188" HEIGHT="49" WC="0.96" CONTENT="styrelsen"/><SP WIDTH="52" VPOS="1127" HPOS="984"/>
							<String ID="string_168" HPOS="1036" VPOS="1128" WIDTH="114" HEIGHT="37" WC="0.95" CONTENT="hafva"/><SP WIDTH="50" VPOS="1128" HPOS="1150"/>
							<String ID="string_169" HPOS="1200" VPOS="1129" WIDTH="127" HEIGHT="38" WC="0.95" CONTENT="berott"/><SP WIDTH="48" VPOS="1129" HPOS="1327"/>
							<String ID="string_170" HPOS="1375" VPOS="1134" WIDTH="49" HEIGHT="47" WC="0.96" CONTENT="på"/><SP WIDTH="50" VPOS="1134" HPOS="1424"/>
							<String ID="string_171" HPOS="1474" VPOS="1132" WIDTH="238" HEIGHT="40" WC="0.94" CONTENT="förbiseende"/><SP WIDTH="50" VPOS="1132" HPOS="1712"/>
							<String ID="string_172" HPOS="1762" VPOS="1135" WIDTH="90" HEIGHT="38" WC="0.75" CONTENT="eller"/>
						</TextLine>
						<TextLine ID="line_19" HPOS="246" VPOS="1173" WIDTH="1603" HEIGHT="68">
							<String ID="string_173" HPOS="246" VPOS="1173" WIDTH="189" HEIGHT="49" WC="0.94" CONTENT="glömska,"/><SP WIDTH="42" VPOS="1173" HPOS="435"/>
							<String ID="string_174" HPOS="477" VPOS="1176" WIDTH="70" HEIGHT="36" WC="0.96" CONTENT="och"/><SP WIDTH="43" VPOS="1176" HPOS="547"/>
							<String ID="string_175" HPOS="590" VPOS="1176" WIDTH="62" HEIGHT="37" WC="0.95" CONTENT="det"/><SP WIDTH="42" VPOS="1176" HPOS="652"/>
							<String ID="string_176" HPOS="694" VPOS="1177" WIDTH="62" HEIGHT="48" WC="0.95" CONTENT="fel,"/><SP WIDTH="39" VPOS="1177" HPOS="756"/>
							<String ID="string_177" HPOS="795" VPOS="1191" WIDTH="78" HEIGHT="23" WC="0.96" CONTENT="som"/><SP WIDTH="30" VPOS="1191" HPOS="873"/>
							<String ID="string_178" HPOS="903" VPOS="1179" WIDTH="224" HEIGHT="49" WC="0.95" CONTENT="härigenom"/><SP WIDTH="30" VPOS="1179" HPOS="1127"/>
							<String ID="string_179" HPOS="1157" VPOS="1181" WIDTH="254" HEIGHT="50" WC="0.95" CONTENT="förekommit,"/><SP WIDTH="29" VPOS="1181" HPOS="1411"/>
							<String ID="string_180" HPOS="1440" VPOS="1189" WIDTH="131" HEIGHT="44" WC="0.96" CONTENT="syntes"/><SP WIDTH="30" VPOS="1189" HPOS="1571"/>
							<String ID="string_181" HPOS="1601" VPOS="1185" WIDTH="90" HEIGHT="38" WC="0.95" CONTENT="böra"/><SP WIDTH="28" VPOS="1185" HPOS="1691"/>
							<String ID="string_182" HPOS="1719" VPOS="1184" WIDTH="130" HEIGHT="57" WC="0.94" CONTENT="rättas,"/>
						</TextLine>
						<TextLine ID="line_20" HPOS="247" VPOS="1225" WIDTH="1602" HEIGHT="58">
							<String ID="string_183" HPOS="247" VPOS="1225" WIDTH="112" HEIGHT="37" WC="0.95" CONTENT="äfven"/><SP WIDTH="37" VPOS="1225" HPOS="359"/>
							<String ID="string_184" HPOS="396" VPOS="1240" WIDTH="62" HEIGHT="23" WC="0.90" CONTENT="om"/><SP WIDTH="35" VPOS="1240" HPOS="458"/>
							<String ID="string_185" HPOS="493" VPOS="1227" WIDTH="193" HEIGHT="51" WC="0.90" CONTENT="rubbning"/><SP WIDTH="33" VPOS="1227" HPOS="686"/>
							<String ID="string_186" HPOS="719" VPOS="1229" WIDTH="41" HEIGHT="36" WC="0.95" CONTENT="af"/><SP WIDTH="24" VPOS="1229" HPOS="760"/>
							<String ID="string_187" HPOS="784" VPOS="1235" WIDTH="210" HEIGHT="44" WC="0.96" CONTENT="gränserna"/><SP WIDTH="30" VPOS="1235" HPOS="994"/>
							<String ID="string_188" HPOS="1024" VPOS="1232" WIDTH="58" HEIGHT="37" WC="0.93" CONTENT="för"/><SP WIDTH="28" VPOS="1232" HPOS="1082"/>
							<String ID="string_189" HPOS="1110" VPOS="1233" WIDTH="267" HEIGHT="50" WC="0.92" CONTENT="kronoparken"/><SP WIDTH="30" VPOS="1233" HPOS="1377"/>
							<String ID="string_190" HPOS="1407" VPOS="1249" WIDTH="58" HEIGHT="23" WC="0.73" CONTENT="n:r"/><SP WIDTH="32" VPOS="1249" HPOS="1465"/>
							<String ID="string_191" HPOS="1497" VPOS="1239" WIDTH="43" HEIGHT="34" WC="0.96" CONTENT="17"/><SP WIDTH="32" VPOS="1239" HPOS="1540"/>
							<String ID="string_192" HPOS="1572" VPOS="1238" WIDTH="131" HEIGHT="37" WC="0.96" CONTENT="därvid"/><SP WIDTH="28" VPOS="1238" HPOS="1703"/>
							<String ID="string_193" HPOS="1731" VPOS="1242" WIDTH="118" HEIGHT="35" WC="0.96" CONTENT="måste"/>
						</TextLine>
						<TextLine ID="line_21" HPOS="247" VPOS="1276" WIDTH="1602" HEIGHT="63">
							<String ID="string_194" HPOS="247" VPOS="1276" WIDTH="76" HEIGHT="37" WC="0.95" CONTENT="ske."/><SP WIDTH="56" VPOS="1276" HPOS="323"/>
							<String ID="string_195" HPOS="379" VPOS="1278" WIDTH="108" HEIGHT="37" WC="0.96" CONTENT="Felet"/><SP WIDTH="40" VPOS="1278" HPOS="487"/>
							<String ID="string_196" HPOS="527" VPOS="1280" WIDTH="75" HEIGHT="37" WC="0.96" CONTENT="läte"/><SP WIDTH="41" VPOS="1280" HPOS="602"/>
							<String ID="string_197" HPOS="643" VPOS="1282" WIDTH="61" HEIGHT="47" WC="0.96" CONTENT="sig"/><SP WIDTH="35" VPOS="1282" HPOS="704"/>
							<String ID="string_198" HPOS="739" VPOS="1282" WIDTH="281" HEIGHT="47" WC="0.96" CONTENT="jämförelsevis"/><SP WIDTH="41" VPOS="1282" HPOS="1020"/>
							<String ID="string_199" HPOS="1061" VPOS="1285" WIDTH="69" HEIGHT="36" WC="0.93" CONTENT="lätt"/><SP WIDTH="42" VPOS="1285" HPOS="1130"/>
							<String ID="string_200" HPOS="1172" VPOS="1286" WIDTH="203" HEIGHT="50" WC="0.92" CONTENT="afhjälpas,"/><SP WIDTH="29" VPOS="1286" HPOS="1375"/>
							<String ID="string_201" HPOS="1404" VPOS="1288" WIDTH="159" HEIGHT="37" WC="0.96" CONTENT="emedan"/><SP WIDTH="28" VPOS="1288" HPOS="1563"/>
							<String ID="string_202" HPOS="1591" VPOS="1292" WIDTH="258" HEIGHT="47" WC="0.96" CONTENT="nyssnämnda"/>
						</TextLine>
						<TextLine ID="line_22" HPOS="246" VPOS="1329" WIDTH="1600" HEIGHT="66">
							<String ID="string_203" HPOS="246" VPOS="1329" WIDTH="218" HEIGHT="51" WC="0.91" CONTENT="kronopark"/><SP WIDTH="41" VPOS="1329" HPOS="464"/>
							<String ID="string_204" HPOS="505" VPOS="1333" WIDTH="190" HEIGHT="47" WC="0.94" CONTENT="gränsade"/><SP WIDTH="42" VPOS="1333" HPOS="695"/>
							<String ID="string_205" HPOS="737" VPOS="1340" WIDTH="101" HEIGHT="30" WC="0.69" CONTENT="emot"/><SP WIDTH="36" VPOS="1340" HPOS="838"/>
							<String ID="string_206" HPOS="874" VPOS="1335" WIDTH="230" HEIGHT="38" WC="0.92" CONTENT="oafvittrade"/><SP WIDTH="28" VPOS="1335" HPOS="1104"/>
							<String ID="string_207" HPOS="1132" VPOS="1337" WIDTH="147" HEIGHT="37" WC="0.95" CONTENT="trakter"/><SP WIDTH="27" VPOS="1337" HPOS="1279"/>
							<String ID="string_208" HPOS="1306" VPOS="1338" WIDTH="100" HEIGHT="37" WC="0.96" CONTENT="inom"/><SP WIDTH="32" VPOS="1338" HPOS="1406"/>
							<String ID="string_209" HPOS="1438" VPOS="1339" WIDTH="230" HEIGHT="39" WC="0.95" CONTENT="Vilhelmina"/><SP WIDTH="28" VPOS="1339" HPOS="1668"/>
							<String ID="string_210" HPOS="1696" VPOS="1339" WIDTH="150" HEIGHT="56" WC="0.96" CONTENT="socken,"/>
						</TextLine>
						<TextLine ID="line_23" HPOS="246" VPOS="1381" WIDTH="1602" HEIGHT="62">
							<String ID="string_211" HPOS="246" VPOS="1381" WIDTH="131" HEIGHT="37" WC="0.95" CONTENT="hvilka"/><SP WIDTH="31" VPOS="1381" HPOS="377"/>
							<String ID="string_212" HPOS="408" VPOS="1395" WIDTH="91" HEIGHT="24" WC="0.95" CONTENT="vore"/><SP WIDTH="30" VPOS="1395" HPOS="499"/>
							<String ID="string_213" HPOS="529" VPOS="1384" WIDTH="156" HEIGHT="37" WC="0.96" CONTENT="föremål"/><SP WIDTH="29" VPOS="1384" HPOS="685"/>
							<String ID="string_214" HPOS="714" VPOS="1384" WIDTH="57" HEIGHT="37" WC="0.93" CONTENT="för"/><SP WIDTH="28" VPOS="1384" HPOS="771"/>
							<String ID="string_215" HPOS="799" VPOS="1385" WIDTH="211" HEIGHT="51" WC="0.87" CONTENT="afvittring."/><SP WIDTH="58" VPOS="1385" HPOS="1010"/>
							<String ID="string_216" HPOS="1068" VPOS="1388" WIDTH="199" HEIGHT="38" WC="0.93" CONTENT="Huruvida"/><SP WIDTH="19" VPOS="1388" HPOS="1267"/>
							<String ID="string_217" HPOS="1286" VPOS="1390" WIDTH="224" HEIGHT="50" WC="0.91" CONTENT="utflyttaren"/><SP WIDTH="20" VPOS="1390" HPOS="1510"/>
							<String ID="string_218" HPOS="1530" VPOS="1393" WIDTH="83" HEIGHT="36" WC="0.92" CONTENT="från"/><SP WIDTH="20" VPOS="1393" HPOS="1613"/>
							<String ID="string_219" HPOS="1633" VPOS="1393" WIDTH="215" HEIGHT="50" WC="0.92" CONTENT="Dajkanvik"/>
						</TextLine>
						<TextLine ID="line_24" HPOS="246" VPOS="1434" WIDTH="1601" HEIGHT="62">
							<String ID="string_220" HPOS="246" VPOS="1446" WIDTH="59" HEIGHT="23" WC="0.86" CONTENT="n:r"/><SP WIDTH="31" VPOS="1446" HPOS="305"/>
							<String ID="string_221" HPOS="336" VPOS="1435" WIDTH="17" HEIGHT="34" WC="0.91" CONTENT="1"/><SP WIDTH="31" VPOS="1435" HPOS="353"/>
							<String ID="string_222" HPOS="384" VPOS="1434" WIDTH="58" HEIGHT="36" WC="0.95" CONTENT="till"/><SP WIDTH="29" VPOS="1434" HPOS="442"/>
							<String ID="string_223" HPOS="471" VPOS="1435" WIDTH="152" HEIGHT="37" WC="0.93" CONTENT="trakten"/><SP WIDTH="29" VPOS="1435" HPOS="623"/>
							<String ID="string_224" HPOS="652" VPOS="1439" WIDTH="20" HEIGHT="34" WC="0.92" CONTENT="å"/><SP WIDTH="28" VPOS="1439" HPOS="672"/>
							<String ID="string_225" HPOS="700" VPOS="1436" WIDTH="265" HEIGHT="51" WC="0.91" CONTENT="kronoparken"/><SP WIDTH="28" VPOS="1436" HPOS="965"/>
							<String ID="string_226" HPOS="993" VPOS="1453" WIDTH="59" HEIGHT="23" WC="0.89" CONTENT="n:r"/><SP WIDTH="31" VPOS="1453" HPOS="1052"/>
							<String ID="string_227" HPOS="1083" VPOS="1442" WIDTH="43" HEIGHT="34" WC="0.96" CONTENT="17"/><SP WIDTH="32" VPOS="1442" HPOS="1126"/>
							<String ID="string_228" HPOS="1158" VPOS="1441" WIDTH="111" HEIGHT="36" WC="0.96" CONTENT="söder"/><SP WIDTH="29" VPOS="1441" HPOS="1269"/>
							<String ID="string_229" HPOS="1298" VPOS="1455" WIDTH="59" HEIGHT="23" WC="0.93" CONTENT="om"/><SP WIDTH="29" VPOS="1455" HPOS="1357"/>
							<String ID="string_230" HPOS="1386" VPOS="1442" WIDTH="202" HEIGHT="51" WC="0.91" CONTENT="Vojmsjön"/><SP WIDTH="25" VPOS="1442" HPOS="1588"/>
							<String ID="string_231" HPOS="1613" VPOS="1458" WIDTH="90" HEIGHT="24" WC="0.96" CONTENT="vore"/><SP WIDTH="30" VPOS="1458" HPOS="1703"/>
							<String ID="string_232" HPOS="1733" VPOS="1452" WIDTH="114" HEIGHT="44" WC="0.96" CONTENT="ägare"/>
						</TextLine>
						<TextLine ID="line_25" HPOS="246" VPOS="1485" WIDTH="1601" HEIGHT="62">
							<String ID="string_233" HPOS="246" VPOS="1485" WIDTH="42" HEIGHT="36" WC="0.96" CONTENT="af"/><SP WIDTH="43" VPOS="1485" HPOS="288"/>
							<String ID="string_234" HPOS="331" VPOS="1485" WIDTH="110" HEIGHT="38" WC="0.96" CONTENT="andel"/><SP WIDTH="42" VPOS="1485" HPOS="441"/>
							<String ID="string_235" HPOS="483" VPOS="1487" WIDTH="11" HEIGHT="36" WC="0.93" CONTENT="i"/><SP WIDTH="35" VPOS="1487" HPOS="494"/>
							<String ID="string_236" HPOS="529" VPOS="1488" WIDTH="238" HEIGHT="38" WC="0.90" CONTENT="hemmanets"/><SP WIDTH="43" VPOS="1488" HPOS="767"/>
							<String ID="string_237" HPOS="810" VPOS="1491" WIDTH="141" HEIGHT="36" WC="0.96" CONTENT="mantal"/><SP WIDTH="42" VPOS="1491" HPOS="951"/>
							<String ID="string_238" HPOS="993" VPOS="1492" WIDTH="72" HEIGHT="36" WC="0.96" CONTENT="och"/><SP WIDTH="41" VPOS="1492" HPOS="1065"/>
							<String ID="string_239" HPOS="1106" VPOS="1492" WIDTH="129" HEIGHT="38" WC="0.94" CONTENT="därför"/><SP WIDTH="42" VPOS="1492" HPOS="1235"/>
							<String ID="string_240" HPOS="1277" VPOS="1494" WIDTH="90" HEIGHT="36" WC="0.96" CONTENT="eller"/><SP WIDTH="41" VPOS="1494" HPOS="1367"/>
							<String ID="string_241" HPOS="1408" VPOS="1496" WIDTH="184" HEIGHT="49" WC="0.96" CONTENT="möjligen"/><SP WIDTH="41" VPOS="1496" HPOS="1592"/>
							<String ID="string_242" HPOS="1633" VPOS="1500" WIDTH="48" HEIGHT="47" WC="0.96" CONTENT="på"/><SP WIDTH="42" VPOS="1500" HPOS="1681"/>
							<String ID="string_243" HPOS="1723" VPOS="1512" WIDTH="124" HEIGHT="24" WC="0.95" CONTENT="annan"/>
						</TextLine>
						<TextLine ID="line_26" HPOS="245" VPOS="1538" WIDTH="1602" HEIGHT="60">
							<String ID="string_244" HPOS="245" VPOS="1538" WIDTH="126" HEIGHT="47" WC="0.96" CONTENT="grund"/><SP WIDTH="28" VPOS="1538" HPOS="371"/>
							<String ID="string_245" HPOS="399" VPOS="1539" WIDTH="169" HEIGHT="49" WC="0.96" CONTENT="lagligen"/><SP WIDTH="29" VPOS="1539" HPOS="568"/>
							<String ID="string_246" HPOS="597" VPOS="1540" WIDTH="215" HEIGHT="50" WC="0.96" CONTENT="berättigad"/><SP WIDTH="27" VPOS="1540" HPOS="812"/>
							<String ID="string_247" HPOS="839" VPOS="1542" WIDTH="58" HEIGHT="37" WC="0.93" CONTENT="till"/><SP WIDTH="28" VPOS="1542" HPOS="897"/>
							<String ID="string_248" HPOS="925" VPOS="1543" WIDTH="266" HEIGHT="51" WC="0.91" CONTENT="skogsanslag,"/><SP WIDTH="30" VPOS="1543" HPOS="1191"/>
							<String ID="string_249" HPOS="1221" VPOS="1545" WIDTH="118" HEIGHT="38" WC="0.92" CONTENT="funne"/><SP WIDTH="30" VPOS="1545" HPOS="1339"/>
							<String ID="string_250" HPOS="1369" VPOS="1548" WIDTH="187" HEIGHT="48" WC="0.96" CONTENT="styrelsen"/><SP WIDTH="30" VPOS="1548" HPOS="1556"/>
							<String ID="string_251" HPOS="1586" VPOS="1550" WIDTH="32" HEIGHT="48" WC="0.96" CONTENT="ej"/><SP WIDTH="22" VPOS="1550" HPOS="1618"/>
							<String ID="string_252" HPOS="1640" VPOS="1549" WIDTH="130" HEIGHT="38" WC="0.96" CONTENT="kunna"/><SP WIDTH="19" VPOS="1549" HPOS="1770"/>
							<String ID="string_253" HPOS="1789" VPOS="1551" WIDTH="58" HEIGHT="38" WC="0.96" CONTENT="för"/>
						</TextLine>
						<TextLine ID="line_27" HPOS="245" VPOS="1588" WIDTH="1601" HEIGHT="64">
							<String ID="string_254" HPOS="245" VPOS="1588" WIDTH="63" HEIGHT="37" WC="0.96" CONTENT="det"/><SP WIDTH="41" VPOS="1588" HPOS="308"/>
							<String ID="string_255" HPOS="349" VPOS="1590" WIDTH="216" HEIGHT="39" WC="0.95" CONTENT="dåvarande"/><SP WIDTH="40" VPOS="1590" HPOS="565"/>
							<String ID="string_256" HPOS="605" VPOS="1593" WIDTH="85" HEIGHT="36" WC="0.96" CONTENT="med"/><SP WIDTH="43" VPOS="1593" HPOS="690"/>
							<String ID="string_257" HPOS="733" VPOS="1594" WIDTH="68" HEIGHT="36" WC="0.96" CONTENT="full"/><SP WIDTH="42" VPOS="1594" HPOS="801"/>
							<String ID="string_258" HPOS="843" VPOS="1595" WIDTH="144" HEIGHT="37" WC="0.96" CONTENT="visshet"/><SP WIDTH="41" VPOS="1595" HPOS="987"/>
							<String ID="string_259" HPOS="1028" VPOS="1596" WIDTH="191" HEIGHT="49" WC="0.96" CONTENT="bedömas,"/><SP WIDTH="29" VPOS="1596" HPOS="1219"/>
							<String ID="string_260" HPOS="1248" VPOS="1603" WIDTH="92" HEIGHT="32" WC="0.96" CONTENT="utan"/><SP WIDTH="30" VPOS="1603" HPOS="1340"/>
							<String ID="string_261" HPOS="1370" VPOS="1605" WIDTH="131" HEIGHT="44" WC="0.96" CONTENT="syntes"/><SP WIDTH="29" VPOS="1605" HPOS="1501"/>
							<String ID="string_262" HPOS="1530" VPOS="1600" WIDTH="102" HEIGHT="38" WC="0.96" CONTENT="detta"/><SP WIDTH="28" VPOS="1600" HPOS="1632"/>
							<String ID="string_263" HPOS="1660" VPOS="1605" WIDTH="186" HEIGHT="47" WC="0.54" CONTENT="spörsmål"/>
						</TextLine>
						<TextLine ID="line_28" HPOS="245" VPOS="1641" WIDTH="1598" HEIGHT="63">
							<String ID="string_264" HPOS="245" VPOS="1641" WIDTH="208" HEIGHT="50" WC="0.96" CONTENT="lämpligen"/><SP WIDTH="28" VPOS="1641" HPOS="453"/>
							<String ID="string_265" HPOS="481" VPOS="1643" WIDTH="92" HEIGHT="37" WC="0.96" CONTENT="böra"/><SP WIDTH="28" VPOS="1643" HPOS="573"/>
							<String ID="string_266" HPOS="601" VPOS="1650" WIDTH="189" HEIGHT="45" WC="0.95" CONTENT="upptagas"/><SP WIDTH="28" VPOS="1650" HPOS="790"/>
							<String ID="string_267" HPOS="818" VPOS="1647" WIDTH="58" HEIGHT="36" WC="0.93" CONTENT="till"/><SP WIDTH="27" VPOS="1647" HPOS="876"/>
							<String ID="string_268" HPOS="903" VPOS="1648" WIDTH="183" HEIGHT="49" WC="0.92" CONTENT="pröfning"/><SP WIDTH="26" VPOS="1648" HPOS="1086"/>
							<String ID="string_269" HPOS="1112" VPOS="1649" WIDTH="12" HEIGHT="36" WC="0.96" CONTENT="i"/><SP WIDTH="29" VPOS="1649" HPOS="1124"/>
							<String ID="string_270" HPOS="1153" VPOS="1649" WIDTH="133" HEIGHT="49" WC="0.96" CONTENT="vanlig"/><SP WIDTH="28" VPOS="1649" HPOS="1286"/>
							<String ID="string_271" HPOS="1314" VPOS="1651" WIDTH="164" HEIGHT="50" WC="0.95" CONTENT="ordning"/><SP WIDTH="25" VPOS="1651" HPOS="1478"/>
							<String ID="string_272" HPOS="1503" VPOS="1652" WIDTH="63" HEIGHT="37" WC="0.96" CONTENT="vid"/><SP WIDTH="22" VPOS="1652" HPOS="1566"/>
							<String ID="string_273" HPOS="1588" VPOS="1653" WIDTH="202" HEIGHT="51" WC="0.92" CONTENT="afvittring"/><SP WIDTH="19" VPOS="1653" HPOS="1790"/>
							<String ID="string_274" HPOS="1809" VPOS="1658" WIDTH="34" HEIGHT="34" WC="0.94" CONTENT="at"/>
						</TextLine>
						<TextLine ID="line_29" HPOS="245" VPOS="1692" WIDTH="1599" HEIGHT="64">
							<String ID="string_275" HPOS="245" VPOS="1692" WIDTH="218" HEIGHT="51" WC="0.92" CONTENT="Dajkanvik"/><SP WIDTH="38" VPOS="1692" HPOS="463"/>
							<String ID="string_276" HPOS="501" VPOS="1710" WIDTH="58" HEIGHT="22" WC="0.89" CONTENT="n:r"/><SP WIDTH="31" VPOS="1710" HPOS="559"/>
							<String ID="string_277" HPOS="590" VPOS="1698" WIDTH="32" HEIGHT="46" WC="0.96" CONTENT="1,"/><SP WIDTH="29" VPOS="1698" HPOS="622"/>
							<String ID="string_278" HPOS="651" VPOS="1697" WIDTH="127" HEIGHT="37" WC="0.96" CONTENT="därest"/><SP WIDTH="28" VPOS="1697" HPOS="778"/>
							<String ID="string_279" HPOS="806" VPOS="1699" WIDTH="115" HEIGHT="36" WC="0.96" CONTENT="sådan"/><SP WIDTH="27" VPOS="1699" HPOS="921"/>
							<String ID="string_280" HPOS="948" VPOS="1700" WIDTH="12" HEIGHT="36" WC="0.96" CONTENT="i"/><SP WIDTH="28" VPOS="1700" HPOS="960"/>
							<String ID="string_281" HPOS="988" VPOS="1700" WIDTH="118" HEIGHT="37" WC="0.93" CONTENT="nåder"/><SP WIDTH="28" VPOS="1700" HPOS="1106"/>
							<String ID="string_282" HPOS="1134" VPOS="1700" WIDTH="126" HEIGHT="38" WC="0.92" CONTENT="blefve"/><SP WIDTH="28" VPOS="1700" HPOS="1260"/>
							<String ID="string_283" HPOS="1288" VPOS="1702" WIDTH="267" HEIGHT="39" WC="0.90" CONTENT="föreskrifven."/><SP WIDTH="57" VPOS="1702" HPOS="1555"/>
							<String ID="string_284" HPOS="1612" VPOS="1705" WIDTH="72" HEIGHT="38" WC="0.96" CONTENT="Det"/><SP WIDTH="29" VPOS="1705" HPOS="1684"/>
							<String ID="string_285" HPOS="1713" VPOS="1712" WIDTH="131" HEIGHT="44" WC="0.96" CONTENT="syntes"/>
						</TextLine>
						<TextLine ID="line_30" HPOS="244" VPOS="1746" WIDTH="1600" HEIGHT="59">
							<String ID="string_286" HPOS="244" VPOS="1746" WIDTH="187" HEIGHT="48" WC="0.93" CONTENT="styrelsen"/><SP WIDTH="20" VPOS="1746" HPOS="431"/>
							<String ID="string_287" HPOS="451" VPOS="1748" WIDTH="148" HEIGHT="49" WC="0.91" CONTENT="nödigt,"/><SP WIDTH="21" VPOS="1748" HPOS="599"/>
							<String ID="string_288" HPOS="620" VPOS="1754" WIDTH="55" HEIGHT="31" WC="0.93" CONTENT="att"/><SP WIDTH="20" VPOS="1754" HPOS="675"/>
							<String ID="string_289" HPOS="695" VPOS="1749" WIDTH="266" HEIGHT="51" WC="0.91" CONTENT="kronoparken"/><SP WIDTH="20" VPOS="1749" HPOS="961"/>
							<String ID="string_290" HPOS="981" VPOS="1766" WIDTH="58" HEIGHT="22" WC="0.91" CONTENT="n:r"/><SP WIDTH="22" VPOS="1766" HPOS="1039"/>
							<String ID="string_291" HPOS="1061" VPOS="1755" WIDTH="44" HEIGHT="34" WC="0.93" CONTENT="17"/><SP WIDTH="21" VPOS="1755" HPOS="1105"/>
							<String ID="string_292" HPOS="1126" VPOS="1753" WIDTH="186" HEIGHT="38" WC="0.91" CONTENT="bereddes"/><SP WIDTH="21" VPOS="1753" HPOS="1312"/>
							<String ID="string_293" HPOS="1333" VPOS="1757" WIDTH="226" HEIGHT="48" WC="0.96" CONTENT="ersättning,"/><SP WIDTH="17" VPOS="1757" HPOS="1559"/>
							<String ID="string_294" HPOS="1576" VPOS="1759" WIDTH="268" HEIGHT="37" WC="0.95" CONTENT="motsvarande"/>
						</TextLine>
						<TextLine ID="line_31" HPOS="244" VPOS="1796" WIDTH="1599" HEIGHT="61">
							<String ID="string_295" HPOS="244" VPOS="1796" WIDTH="64" HEIGHT="38" WC="0.96" CONTENT="det"/><SP WIDTH="28" VPOS="1796" HPOS="308"/>
							<String ID="string_296" HPOS="336" VPOS="1799" WIDTH="166" HEIGHT="48" WC="0.95" CONTENT="område,"/><SP WIDTH="30" VPOS="1799" HPOS="502"/>
							<String ID="string_297" HPOS="532" VPOS="1813" WIDTH="82" HEIGHT="24" WC="0.96" CONTENT="som"/><SP WIDTH="29" VPOS="1813" HPOS="614"/>
							<String ID="string_298" HPOS="643" VPOS="1801" WIDTH="41" HEIGHT="36" WC="0.96" CONTENT="af"/><SP WIDTH="25" VPOS="1801" HPOS="684"/>
							<String ID="string_299" HPOS="709" VPOS="1801" WIDTH="219" HEIGHT="39" WC="0.96" CONTENT="densamma"/><SP WIDTH="27" VPOS="1801" HPOS="928"/>
							<String ID="string_300" HPOS="955" VPOS="1803" WIDTH="150" HEIGHT="39" WC="0.96" CONTENT="komme"/><SP WIDTH="21" VPOS="1803" HPOS="1105"/>
							<String ID="string_301" HPOS="1126" VPOS="1810" WIDTH="55" HEIGHT="31" WC="0.96" CONTENT="att"/><SP WIDTH="19" VPOS="1810" HPOS="1181"/>
							<String ID="string_302" HPOS="1200" VPOS="1805" WIDTH="165" HEIGHT="38" WC="0.93" CONTENT="tilldelas"/><SP WIDTH="20" VPOS="1805" HPOS="1365"/>
							<String ID="string_303" HPOS="1385" VPOS="1807" WIDTH="218" HEIGHT="50" WC="0.92" CONTENT="Dajkanvik"/><SP WIDTH="19" VPOS="1807" HPOS="1603"/>
							<String ID="string_304" HPOS="1622" VPOS="1823" WIDTH="58" HEIGHT="24" WC="0.93" CONTENT="n:r"/><SP WIDTH="22" VPOS="1823" HPOS="1680"/>
							<String ID="string_305" HPOS="1702" VPOS="1813" WIDTH="32" HEIGHT="44" WC="0.96" CONTENT="1,"/><SP WIDTH="22" VPOS="1813" HPOS="1734"/>
							<String ID="string_306" HPOS="1756" VPOS="1824" WIDTH="87" HEIGHT="24" WC="0.96" CONTENT="men"/>
						</TextLine>
						<TextLine ID="line_32" HPOS="244" VPOS="1848" WIDTH="1598" HEIGHT="62">
							<String ID="string_307" HPOS="244" VPOS="1848" WIDTH="48" HEIGHT="37" WC="0.96" CONTENT="då"/><SP WIDTH="41" VPOS="1848" HPOS="292"/>
							<String ID="string_308" HPOS="333" VPOS="1850" WIDTH="63" HEIGHT="37" WC="0.96" CONTENT="det"/><SP WIDTH="40" VPOS="1850" HPOS="396"/>
							<String ID="string_309" HPOS="436" VPOS="1851" WIDTH="127" HEIGHT="38" WC="0.96" CONTENT="kunde"/><SP WIDTH="42" VPOS="1851" HPOS="563"/>
							<String ID="string_310" HPOS="605" VPOS="1853" WIDTH="151" HEIGHT="37" WC="0.94" CONTENT="komma"/><SP WIDTH="33" VPOS="1853" HPOS="756"/>
							<String ID="string_311" HPOS="789" VPOS="1860" WIDTH="55" HEIGHT="31" WC="0.92" CONTENT="att"/><SP WIDTH="27" VPOS="1860" HPOS="844"/>
							<String ID="string_312" HPOS="871" VPOS="1854" WIDTH="172" HEIGHT="38" WC="0.91" CONTENT="befinnas"/><SP WIDTH="27" VPOS="1854" HPOS="1043"/>
							<String ID="string_313" HPOS="1070" VPOS="1857" WIDTH="177" HEIGHT="49" WC="0.96" CONTENT="lämpligt"/><SP WIDTH="28" VPOS="1857" HPOS="1247"/>
							<String ID="string_314" HPOS="1275" VPOS="1863" WIDTH="56" HEIGHT="32" WC="0.96" CONTENT="att"/><SP WIDTH="27" VPOS="1863" HPOS="1331"/>
							<String ID="string_315" HPOS="1358" VPOS="1858" WIDTH="141" HEIGHT="38" WC="0.93" CONTENT="tilldela"/><SP WIDTH="28" VPOS="1858" HPOS="1499"/>
							<String ID="string_316" HPOS="1527" VPOS="1860" WIDTH="217" HEIGHT="50" WC="0.90" CONTENT="Dajkanvik"/><SP WIDTH="29" VPOS="1860" HPOS="1744"/>
							<String ID="string_317" HPOS="1773" VPOS="1863" WIDTH="69" HEIGHT="37" WC="0.92" CONTENT="till-"/>
						</TextLine>
						<TextLine ID="line_33" HPOS="243" VPOS="1901" WIDTH="1599" HEIGHT="62">
							<String ID="string_318" HPOS="243" VPOS="1901" WIDTH="144" HEIGHT="50" WC="0.92" CONTENT="börligt"/><SP WIDTH="42" VPOS="1901" HPOS="387"/>
							<String ID="string_319" HPOS="429" VPOS="1904" WIDTH="153" HEIGHT="37" WC="0.96" CONTENT="område"/><SP WIDTH="30" VPOS="1904" HPOS="582"/>
							<String ID="string_320" HPOS="612" VPOS="1905" WIDTH="33" HEIGHT="49" WC="0.93" CONTENT="ej"/><SP WIDTH="38" VPOS="1905" HPOS="645"/>
							<String ID="string_321" HPOS="683" VPOS="1905" WIDTH="158" HEIGHT="38" WC="0.91" CONTENT="allenast"/><SP WIDTH="28" VPOS="1905" HPOS="841"/>
							<String ID="string_322" HPOS="869" VPOS="1908" WIDTH="42" HEIGHT="36" WC="0.93" CONTENT="af"/><SP WIDTH="24" VPOS="1908" HPOS="911"/>
							<String ID="string_323" HPOS="935" VPOS="1908" WIDTH="266" HEIGHT="50" WC="0.91" CONTENT="kronoparken"/><SP WIDTH="30" VPOS="1908" HPOS="1201"/>
							<String ID="string_324" HPOS="1231" VPOS="1923" WIDTH="57" HEIGHT="23" WC="0.93" CONTENT="n:r"/><SP WIDTH="30" VPOS="1923" HPOS="1288"/>
							<String ID="string_325" HPOS="1318" VPOS="1913" WIDTH="58" HEIGHT="45" WC="0.96" CONTENT="17,"/><SP WIDTH="30" VPOS="1913" HPOS="1376"/>
							<String ID="string_326" HPOS="1406" VPOS="1917" WIDTH="91" HEIGHT="32" WC="0.96" CONTENT="utan"/><SP WIDTH="28" VPOS="1917" HPOS="1497"/>
							<String ID="string_327" HPOS="1525" VPOS="1914" WIDTH="185" HEIGHT="49" WC="0.96" CONTENT="möjligen"/><SP WIDTH="20" VPOS="1914" HPOS="1710"/>
							<String ID="string_328" HPOS="1730" VPOS="1915" WIDTH="112" HEIGHT="37" WC="0.96" CONTENT="äfven"/>
						</TextLine>
						<TextLine ID="line_34" HPOS="244" VPOS="1952" WIDTH="1597" HEIGHT="63">
							<String ID="string_329" HPOS="244" VPOS="1952" WIDTH="43" HEIGHT="37" WC="0.93" CONTENT="af"/><SP WIDTH="24" VPOS="1952" HPOS="287"/>
							<String ID="string_330" HPOS="311" VPOS="1954" WIDTH="201" HEIGHT="39" WC="0.92" CONTENT="oafvittrad"/><SP WIDTH="31" VPOS="1954" HPOS="512"/>
							<String ID="string_331" HPOS="543" VPOS="1958" WIDTH="118" HEIGHT="47" WC="0.96" CONTENT="mark,"/><SP WIDTH="30" VPOS="1958" HPOS="661"/>
							<String ID="string_332" HPOS="691" VPOS="1958" WIDTH="70" HEIGHT="37" WC="0.96" CONTENT="och"/><SP WIDTH="29" VPOS="1958" HPOS="761"/>
							<String ID="string_333" HPOS="790" VPOS="1959" WIDTH="46" HEIGHT="36" WC="0.96" CONTENT="då"/><SP WIDTH="30" VPOS="1959" HPOS="836"/>
							<String ID="string_334" HPOS="866" VPOS="1959" WIDTH="62" HEIGHT="37" WC="0.96" CONTENT="det"/><SP WIDTH="27" VPOS="1959" HPOS="928"/>
							<String ID="string_335" HPOS="955" VPOS="1973" WIDTH="91" HEIGHT="24" WC="0.93" CONTENT="vore"/><SP WIDTH="20" VPOS="1973" HPOS="1046"/>
							<String ID="string_336" HPOS="1066" VPOS="1961" WIDTH="159" HEIGHT="48" WC="0.90" CONTENT="outredt,"/><SP WIDTH="22" VPOS="1961" HPOS="1225"/>
							<String ID="string_337" HPOS="1247" VPOS="1962" WIDTH="188" HEIGHT="38" WC="0.96" CONTENT="huruvida"/><SP WIDTH="20" VPOS="1962" HPOS="1435"/>
							<String ID="string_338" HPOS="1455" VPOS="1964" WIDTH="72" HEIGHT="38" WC="0.96" CONTENT="den"/><SP WIDTH="19" VPOS="1964" HPOS="1527"/>
							<String ID="string_339" HPOS="1546" VPOS="1965" WIDTH="193" HEIGHT="50" WC="0.96" CONTENT="lägenhet,"/><SP WIDTH="21" VPOS="1965" HPOS="1739"/>
							<String ID="string_340" HPOS="1760" VPOS="1980" WIDTH="81" HEIGHT="25" WC="0.96" CONTENT="som"/>
						</TextLine>
						<TextLine ID="line_35" HPOS="243" VPOS="2005" WIDTH="1599" HEIGHT="63">
							<String ID="string_341" HPOS="243" VPOS="2005" WIDTH="190" HEIGHT="50" WC="0.49" CONTENT="utflyttats"/><SP WIDTH="42" VPOS="2005" HPOS="433"/>
							<String ID="string_342" HPOS="475" VPOS="2008" WIDTH="57" HEIGHT="37" WC="0.92" CONTENT="till"/><SP WIDTH="40" VPOS="2008" HPOS="532"/>
							<String ID="string_343" HPOS="572" VPOS="2010" WIDTH="150" HEIGHT="36" WC="0.96" CONTENT="trakten"/><SP WIDTH="34" VPOS="2010" HPOS="722"/>
							<String ID="string_344" HPOS="756" VPOS="2011" WIDTH="109" HEIGHT="37" WC="0.96" CONTENT="söder"/><SP WIDTH="27" VPOS="2011" HPOS="865"/>
							<String ID="string_345" HPOS="892" VPOS="2025" WIDTH="57" HEIGHT="23" WC="0.93" CONTENT="om"/><SP WIDTH="32" VPOS="2025" HPOS="949"/>
							<String ID="string_346" HPOS="981" VPOS="2012" WIDTH="212" HEIGHT="51" WC="0.91" CONTENT="Vojmsjön,"/><SP WIDTH="29" VPOS="2012" HPOS="1193"/>
							<String ID="string_347" HPOS="1222" VPOS="2014" WIDTH="172" HEIGHT="50" WC="0.96" CONTENT="lagligen"/><SP WIDTH="28" VPOS="2014" HPOS="1394"/>
							<String ID="string_348" HPOS="1422" VPOS="2029" WIDTH="92" HEIGHT="24" WC="0.96" CONTENT="vore"/><SP WIDTH="29" VPOS="2029" HPOS="1514"/>
							<String ID="string_349" HPOS="1543" VPOS="2017" WIDTH="214" HEIGHT="51" WC="0.94" CONTENT="berättigad"/><SP WIDTH="28" VPOS="2017" HPOS="1757"/>
							<String ID="string_350" HPOS="1785" VPOS="2019" WIDTH="57" HEIGHT="38" WC="0.92" CONTENT="till"/>
						</TextLine>
						<TextLine ID="line_36" HPOS="243" VPOS="2057" WIDTH="1598" HEIGHT="64">
							<String ID="string_351" HPOS="243" VPOS="2057" WIDTH="257" HEIGHT="52" WC="0.92" CONTENT="skogsanslag"/><SP WIDTH="27" VPOS="2057" HPOS="500"/>
							<String ID="string_352" HPOS="527" VPOS="2061" WIDTH="90" HEIGHT="37" WC="0.96" CONTENT="eller"/><SP WIDTH="28" VPOS="2061" HPOS="617"/>
							<String ID="string_353" HPOS="645" VPOS="2062" WIDTH="93" HEIGHT="48" WC="0.96" CONTENT="icke,"/><SP WIDTH="26" VPOS="2062" HPOS="738"/>
							<String ID="string_354" HPOS="764" VPOS="2068" WIDTH="130" HEIGHT="43" WC="0.96" CONTENT="syntes"/><SP WIDTH="19" VPOS="2068" HPOS="894"/>
							<String ID="string_355" HPOS="913" VPOS="2063" WIDTH="198" HEIGHT="38" WC="0.96" CONTENT="bestämda"/><SP WIDTH="19" VPOS="2063" HPOS="1111"/>
							<String ID="string_356" HPOS="1130" VPOS="2066" WIDTH="238" HEIGHT="38" WC="0.96" CONTENT="föreskrifter"/><SP WIDTH="18" VPOS="2066" HPOS="1368"/>
							<String ID="string_357" HPOS="1386" VPOS="2069" WIDTH="162" HEIGHT="37" WC="0.96" CONTENT="rörande"/><SP WIDTH="20" VPOS="2069" HPOS="1548"/>
							<String ID="string_358" HPOS="1568" VPOS="2070" WIDTH="273" HEIGHT="51" WC="0.96" CONTENT="sträckningen"/>
						</TextLine>
						<TextLine ID="line_37" HPOS="243" VPOS="2109" WIDTH="1594" HEIGHT="61">
							<String ID="string_359" HPOS="243" VPOS="2109" WIDTH="43" HEIGHT="37" WC="0.96" CONTENT="af"/><SP WIDTH="24" VPOS="2109" HPOS="286"/>
							<String ID="string_360" HPOS="310" VPOS="2110" WIDTH="45" HEIGHT="37" WC="0.96" CONTENT="de"/><SP WIDTH="28" VPOS="2110" HPOS="355"/>
							<String ID="string_361" HPOS="383" VPOS="2125" WIDTH="75" HEIGHT="35" WC="0.96" CONTENT="nya"/><SP WIDTH="28" VPOS="2125" HPOS="458"/>
							<String ID="string_362" HPOS="486" VPOS="2117" WIDTH="210" HEIGHT="44" WC="0.96" CONTENT="gränserna"/><SP WIDTH="27" VPOS="2117" HPOS="696"/>
							<String ID="string_363" HPOS="723" VPOS="2115" WIDTH="180" HEIGHT="49" WC="0.93" CONTENT="omkring"/><SP WIDTH="27" VPOS="2115" HPOS="903"/>
							<String ID="string_364" HPOS="930" VPOS="2116" WIDTH="216" HEIGHT="47" WC="0.92" CONTENT="Dajkanvik"/><SP WIDTH="27" VPOS="2116" HPOS="1146"/>
							<String ID="string_365" HPOS="1173" VPOS="2131" WIDTH="60" HEIGHT="23" WC="0.89" CONTENT="n:r"/><SP WIDTH="31" VPOS="2131" HPOS="1233"/>
							<String ID="string_366" HPOS="1264" VPOS="2120" WIDTH="17" HEIGHT="34" WC="0.95" CONTENT="1"/><SP WIDTH="32" VPOS="2120" HPOS="1281"/>
							<String ID="string_367" HPOS="1313" VPOS="2119" WIDTH="71" HEIGHT="37" WC="0.92" CONTENT="och"/><SP WIDTH="27" VPOS="2119" HPOS="1384"/>
							<String ID="string_368" HPOS="1411" VPOS="2120" WIDTH="268" HEIGHT="50" WC="0.91" CONTENT="kronoparken"/><SP WIDTH="30" VPOS="2120" HPOS="1679"/>
							<String ID="string_369" HPOS="1709" VPOS="2137" WIDTH="59" HEIGHT="23" WC="0.83" CONTENT="n:r"/><SP WIDTH="26" VPOS="2137" HPOS="1768"/>
							<String ID="string_370" HPOS="1794" VPOS="2126" WIDTH="43" HEIGHT="35" WC="0.96" CONTENT="17"/>
						</TextLine>
						<TextLine ID="line_38" HPOS="243" VPOS="2161" WIDTH="1597" HEIGHT="56">
							<String ID="string_371" HPOS="243" VPOS="2161" WIDTH="83" HEIGHT="38" WC="0.95" CONTENT="icke"/><SP WIDTH="50" VPOS="2161" HPOS="326"/>
							<String ID="string_372" HPOS="376" VPOS="2163" WIDTH="92" HEIGHT="37" WC="0.95" CONTENT="böra"/><SP WIDTH="47" VPOS="2163" HPOS="468"/>
							<String ID="string_373" HPOS="515" VPOS="2165" WIDTH="41" HEIGHT="36" WC="0.96" CONTENT="af"/><SP WIDTH="37" VPOS="2165" HPOS="556"/>
							<String ID="string_374" HPOS="593" VPOS="2165" WIDTH="144" HEIGHT="51" WC="0.94" CONTENT="Kungl."/><SP WIDTH="43" VPOS="2165" HPOS="737"/>
							<String ID="string_375" HPOS="780" VPOS="2166" WIDTH="111" HEIGHT="50" WC="0.93" CONTENT="Maj:t"/><SP WIDTH="40" VPOS="2166" HPOS="891"/>
							<String ID="string_376" HPOS="931" VPOS="2168" WIDTH="141" HEIGHT="49" WC="0.92" CONTENT="gifvas,"/><SP WIDTH="40" VPOS="2168" HPOS="1072"/>
							<String ID="string_377" HPOS="1112" VPOS="2175" WIDTH="92" HEIGHT="31" WC="0.96" CONTENT="utan"/><SP WIDTH="46" VPOS="2175" HPOS="1204"/>
							<String ID="string_378" HPOS="1250" VPOS="2170" WIDTH="305" HEIGHT="40" WC="0.96" CONTENT="bestämmandet"/><SP WIDTH="41" VPOS="2170" HPOS="1555"/>
							<String ID="string_379" HPOS="1596" VPOS="2174" WIDTH="42" HEIGHT="36" WC="0.96" CONTENT="af"/><SP WIDTH="36" VPOS="2174" HPOS="1638"/>
							<String ID="string_380" HPOS="1674" VPOS="2176" WIDTH="166" HEIGHT="37" WC="0.96" CONTENT="nämnda"/>
						</TextLine>
						<TextLine ID="line_39" HPOS="242" VPOS="2215" WIDTH="1598" HEIGHT="63">
							<String ID="string_381" HPOS="242" VPOS="2219" WIDTH="160" HEIGHT="42" WC="0.95" CONTENT="gränser"/><SP WIDTH="28" VPOS="2219" HPOS="402"/>
							<String ID="string_382" HPOS="430" VPOS="2215" WIDTH="91" HEIGHT="38" WC="0.96" CONTENT="böra"/><SP WIDTH="28" VPOS="2215" HPOS="521"/>
							<String ID="string_383" HPOS="549" VPOS="2217" WIDTH="38" HEIGHT="36" WC="0.96" CONTENT="få"/><SP WIDTH="27" VPOS="2217" HPOS="587"/>
							<String ID="string_384" HPOS="614" VPOS="2218" WIDTH="66" HEIGHT="37" WC="0.96" CONTENT="ske"/><SP WIDTH="27" VPOS="2218" HPOS="680"/>
							<String ID="string_385" HPOS="707" VPOS="2218" WIDTH="13" HEIGHT="36" WC="0.96" CONTENT="i"/><SP WIDTH="28" VPOS="2218" HPOS="720"/>
							<String ID="string_386" HPOS="748" VPOS="2219" WIDTH="59" HEIGHT="36" WC="0.93" CONTENT="för"/><SP WIDTH="28" VPOS="2219" HPOS="807"/>
							<String ID="string_387" HPOS="835" VPOS="2219" WIDTH="202" HEIGHT="50" WC="0.91" CONTENT="afvittring"/><SP WIDTH="27" VPOS="2219" HPOS="1037"/>
							<String ID="string_388" HPOS="1064" VPOS="2221" WIDTH="132" HEIGHT="50" WC="0.96" CONTENT="vanlig"/><SP WIDTH="28" VPOS="2221" HPOS="1196"/>
							<String ID="string_389" HPOS="1224" VPOS="2222" WIDTH="174" HEIGHT="51" WC="0.95" CONTENT="ordning."/><SP WIDTH="56" VPOS="2222" HPOS="1398"/>
							<String ID="string_390" HPOS="1454" VPOS="2224" WIDTH="84" HEIGHT="38" WC="0.95" CONTENT="Den"/><SP WIDTH="24" VPOS="2224" HPOS="1538"/>
							<String ID="string_391" HPOS="1562" VPOS="2226" WIDTH="59" HEIGHT="37" WC="0.95" CONTENT="för"/><SP WIDTH="20" VPOS="2226" HPOS="1621"/>
							<String ID="string_392" HPOS="1641" VPOS="2227" WIDTH="199" HEIGHT="51" WC="0.90" CONTENT="afvittring"/>
						</TextLine>
						<TextLine ID="line_40" HPOS="241" VPOS="2266" WIDTH="1597" HEIGHT="63">
							<String ID="string_393" HPOS="241" VPOS="2266" WIDTH="187" HEIGHT="38" WC="0.96" CONTENT="nedanför"/><SP WIDTH="41" VPOS="2266" HPOS="428"/>
							<String ID="string_394" HPOS="469" VPOS="2269" WIDTH="319" HEIGHT="50" WC="0.96" CONTENT="odlingsgränsen"/><SP WIDTH="42" VPOS="2269" HPOS="788"/>
							<String ID="string_395" HPOS="830" VPOS="2271" WIDTH="8" HEIGHT="36" WC="0.96" CONTENT="i"/><SP WIDTH="45" VPOS="2271" HPOS="838"/>
							<String ID="string_396" HPOS="883" VPOS="2271" WIDTH="132" HEIGHT="38" WC="0.92" CONTENT="skalan"/><SP WIDTH="35" VPOS="2271" HPOS="1015"/>
							<String ID="string_397" HPOS="1050" VPOS="2275" WIDTH="201" HEIGHT="46" WC="0.83" CONTENT="1:16,000"/><SP WIDTH="28" VPOS="2275" HPOS="1251"/>
							<String ID="string_398" HPOS="1279" VPOS="2276" WIDTH="225" HEIGHT="49" WC="0.96" CONTENT="upprättade"/><SP WIDTH="29" VPOS="2276" HPOS="1504"/>
							<String ID="string_399" HPOS="1533" VPOS="2277" WIDTH="136" HEIGHT="38" WC="0.96" CONTENT="kartan"/><SP WIDTH="29" VPOS="2277" HPOS="1669"/>
							<String ID="string_400" HPOS="1698" VPOS="2282" WIDTH="140" HEIGHT="47" WC="0.92" CONTENT="ansåge"/>
						</TextLine>
					</TextBlock>
				</ComposedBlock>
			</PrintSpace>
		</Page>
	</Layout>
</alto>
