2227 2668
455 231 249 33 Sammansatta
732 225 184 44 Stlats-(och
944 227 322 42 Banko-)utskottets
1300 227 174 34 Utlåtande
1501 228 53 32 Nr
1581 230 27 29 1.
1725 226 46 32 65

234 314 66 37 Att
328 314 331 50 pensioneringen,
689 313 11 37 i
729 313 71 59 den
828 327 86 22 mån
942 311 340 51 pensionsfondens
1312 311 221 48 afkastning
1553 316 94 31 samt
1668 311 155 48 tjänste-

234 367 291 36 innehafvarnas
561 366 153 50 afgifter
747 366 31 49 ej
810 365 125 59 förslå,
966 365 67 37 bör
1061 364 184 38 bestridas
1274 378 137 36 genom
1439 336 242 80 trafikmedel,
1711 375 113 37 synes

234 420 79 48 mig
340 420 225 49 uppenbart,
594 422 48 46 på
671 419 62 36 det
761 380 53 75 tt
842 418 12 36 1
877 417 369 51 järnvägstyrelsens
1270 394 210 71 räkenskap
1510 419 60 33 må
1588 416 133 36 vinnas
1741 415 83 36 full-

234 449 154 72 ständig
417 472 181 36 öfversikt
626 471 158 36 rörande
813 470 173 49 samtliga
1013 469 203 38 kostnader
1244 469 57 37 för
1327 469 243 49 personalens
1597 468 194 49 räkning.»

337 576 17 36 I
396 576 218 49 anslutning
653 576 57 36 till
739 575 71 37 den
839 575 40 37 af
905 575 181 37 docenten
1113 574 224 49 Fagerholm
1366 572 228 38 verkställda
1622 572 204 37 undersök-

235 629 105 49 ning,
383 642 80 23 som
504 629 167 48 bifogats
717 627 254 37 innevarande
1018 630 57 33 års
1122 626 247 50 proposition,
1407 626 214 36 framhåller
1658 625 169 49 departe-

235 681 273 49 rmentschefen,
538 681 178 36 hurusom
747 681 39 36 af
812 680 158 37 nämnda
996 678 274 50 undersökning
1292 679 176 49 framgår,
1490 683 53 32 att
1563 682 143 33 statens
1726 678 102 37 kost-

235 734 115 37 nader
378 734 58 37 för
462 734 319 49 pensioueringen
809 732 120 37 skulle
956 733 117 36 blifva
1101 735 118 46 något
1248 737 117 32 större
1394 736 47 32 än
1470 745 80 23 som
1578 731 167 49 antagits
1763 730 64 37 vid

236 786 288 50 framläggande
566 786 41 36 af
639 786 100 37 förra
767 788 96 34 årets
891 785 246 49 proposition.
1192 785 208 36 Resultatet
1430 783 40 37 af
1493 783 334 49 undersökningen

236 845 129 42 syntes
395 839 412 59 departementschefen
836 837 204 37 emellertid
1068 837 82 36 icke
1177 837 90 36 böra
1286 837 105 49 gifva
1411 836 203 49 anledning
1634 835 55 37 till
1709 838 119 46 några

232 892 248 49 jämkningar
507 892 12 36 i
547 891 62 37 det
638 890 99 38 förut
766 890 211 50 framlagda
1006 890 190 49 förslaget.

341 996 237 37 Beträffande
606 995 193 37 ordnande
828 995 39 36 af
892 995 46 36 de
967 994 243 37 ekonomiska
1238 993 270 48 förhållanden,
1525 1006 80 23 som
1625 995 57 34 stå
1701 992 11 36 i
1732 1005 95 24 sam-

237 1049 100 37 band
352 1049 85 36 med
457 1049 72 36 den
557 1047 261 50 föreliggande
847 1047 326 49 pensionsfrågan,
1203 1046 113 36 hafva
1344 1046 12 36 i
1377 1046 44 36 de
1450 1046 115 35 ofvan
1581 1045 246 37 omförmälda

237 1102 236 36 motionerna
510 1100 183 37 särskilda
732 1100 141 49 förslag
909 1100 198 49 framlagts
1146 1099 77 36 dels
1260 1099 42 36 af
1333 1098 86 37 herr
1447 1098 111 37 Nobb
1587 1098 67 36 och
1685 1098 77 36 dels
1792 1098 39 36 af

238 1155 86 35 herr
342 1153 231 50 Wijkander.

343 1205 165 37 Sålunda
536 1206 67 35 har
631 1205 39 36 af
695 1205 85 36 herr
807 1204 111 37 Kobb
946 1204 13 36 1
987 1203 245 37 förevarande
1260 1208 108 31 ämne
1396 1203 225 36 hemställts:

340 1266 70 29 »att
441 1257 18 49 I
490 1260 46 34 20
565 1258 12 35 i
605 1258 111 48 lagen
744 1260 115 33 måtte
888 1257 139 36 erhålla
1055 1256 165 49 följande
1247 1256 155 48 lydelse:

342 1312 53 35 Af
432 1316 141 31 statens
597 1309 184 49 järnvägs
810 1309 233 36 trafikmedel
1071 1308 131 49 gäldas
1233 1311 40 33 så
1302 1313 77 31 stor
1407 1307 59 37 del
1493 1308 42 36 af
1559 1307 119 49 enligt
1707 1307 122 36 denna

239 1364 63 49 lag
329 1364 56 36 till
413 1363 240 49 tjänstemän,
683 1376 80 22 som
790 1362 63 36 vid
881 1362 130 49 lagens
1041 1360 180 37 trädande
1248 1361 12 36 i
1287 1360 101 36 kraft
1415 1374 92 22 voro
1533 1360 201 48 delägare
1714 1356 20 61 i
1757 1365 72 31 sta-

243 1395 78 57 tens
359 1415 318 50 järnvägstrafiks
718 1414 404 50 pensionsinrättning,
1151 1413 188 49 utgående
1367 1413 211 58 pensioner,
1608 1425 80 24 som
1717 1412 72 36 den
1817 1412 12 36 i

242 1470 44 34 19
318 1468 20 48 $
368 1467 247 37 omförmälda
642 1467 91 36 fond
762 1467 118 48 enligt
908 1480 46 23 en
983 1466 93 36 efter
1103 1442 132 72 lagens
1264 1465 179 37 trädande
1470 1466 12 35 1
1506 1465 100 36 kraft
1625 1464 204 37 verkställd

240 1520 237 54 matematisk
504 1519 204 49 utredning
735 1519 32 49 ej
799 1524 40 31 är
866 1519 11 36 i
907 1519 108 36 stånd
1044 1518 56 36 till
1127 1496 54 59 att
1209 1518 175 37 bestrida.

342 1564 249 45 Återstående
621 1572 106 36 delen
756 1571 39 37 af
821 1572 44 35 de
894 1572 119 48 enligt
1041 1571 120 36 denna
1188 1571 64 48 lag
1278 1570 119 37 under
1427 1572 76 34 året
1532 1569 188 49 utgående
1739 1582 90 36 pen-

240 1625 124 36 sioner
395 1624 184 37 bestrides
608 1624 84 36 från
719 1623 256 50 nyssnämnda
1003 1623 103 48 fond,
1136 1600 178 60 skolande
1342 1622 96 37 dock
1465 1622 57 37 till
1551 1601 214 58 densamma
1794 1622 40 36 af

235 1677 440 50 järnvägstrafiksmedel
703 1677 204 48 tillskjutas
937 1677 61 35 det
1026 1676 148 49 belopp,
1205 1689 80 23 som
1314 1678 58 33 må
1401 1674 188 37 erfordras
1617 1675 59 36 för
1696 1680 52 31 att
1766 1674 64 36 vid

241 1731 112 35 slutet
395 1730 41 36 af
472 1729 130 48 hvarje
644 1743 39 22 år
724 1729 138 36 fonden
891 1728 94 37 skall
1014 1728 118 49 enligt
1159 1727 260 37 matematiska
1447 1727 166 48 grunder
1641 1732 189 31 motsvara

242 1782 208 36 skillnaden
492 1782 136 35 mellan
670 1796 19 21 äå
731 1794 68 23 ena
841 1780 120 49 sidan,
993 1780 274 50 kapitalvärdet
1297 1780 39 36 af
1362 1780 70 35 alla
1459 1779 140 37 fonden
1627 1778 203 49 åliggande

243 1834 432 50 pensionsförpliktelser
703 1833 81 44 och,
814 1840 19 30 å
863 1833 115 36 andra
1006 1833 118 47 sidan,
1153 1832 272 50 kapitalvärdet
1449 1831 41 37 af
1507 1832 322 48 tjänstemännens

241 1886 350 50 pensionsafeifter;

346 1946 51 29 att
437 1952 46 23 en
511 1938 264 37 motsvarande
804 1937 162 48 ändring
994 1942 110 44 göres
1132 1937 12 35 1
1172 1936 20 49 $
1220 1939 47 34 23
1298 1936 39 36 af
1362 1936 469 49 öfvergångsbestämmel-

243 2004 122 32 serna;
396 1996 96 31 samt

347 2051 50 29 att
425 2043 218 48 Riksdagen
671 2042 12 36 i
711 2042 195 36 skrifvelse
934 2042 56 36 till
1018 2042 140 49 Kungl.
1188 2041 106 49 Maj:t
1322 2044 113 34 måtte
1464 2041 146 36 anhålla
1630 2054 59 23 om
1709 2041 122 36 utred-

243 2096 95 49 ning
379 2109 59 23 om
477 2095 70 37 och
575 2095 144 48 förslag
746 2095 56 35 till
832 2094 229 49 amortering
1090 2095 39 35 af
1153 2093 251 37 kostnaderna
1432 2094 57 36 för
1516 2094 316 50 pensioneringen

245 2148 39 36 al
322 2149 11 35 1
363 2149 109 49 tjänst
499 2149 161 35 varande
681 2148 174 48 personal
883 2147 64 36 vid
975 2152 142 31 statens
1141 2147 208 49 järnvägar
1377 2147 8 36 1
1417 2146 98 50 syfte
1543 2147 56 36 till
1622 2147 106 49 jämn
1757 2147 74 35 för-

245 2201 156 48 delning
429 2200 40 37 af
493 2200 285 37 kostnaderna.»

347 2254 17 35 I
406 2253 190 36 motionen
638 2252 67 36 har
744 2252 56 36 till
841 2265 46 22 en
928 2251 133 49 början
1103 2250 81 50 (sid.
1230 2250 163 49 14-16)
1434 2251 213 49 redogjorts
1688 2251 57 36 för
1786 2264 45 45 en

244 2305 243 48 reservation,
530 2318 80 24 som
653 2304 170 49 afgifvits
865 2304 41 36 af
942 2265 235 75 motionären
1201 2305 118 48 jämte
1346 2303 317 38 bankdirektören
1690 2303 102 47 Moll,

245 2358 192 49 egenskap
480 2357 40 37 af
551 2334 205 61 ledamöter
796 2357 12 36 i
849 2357 71 36 den
962 2357 39 36 af
1039 2357 142 48 Kungl.
1210 2357 107 48 Maj:t
1346 2359 39 34 år
1415 2358 96 35 1903
1541 2357 57 36 för
1627 2317 206 76 ordnandet

328 2421 68 28 Bih.
422 2421 44 28 till
488 2420 102 28 Riksd.
616 2420 78 28 Prot.
722 2420 88 27 1910.
858 2426 16 21 4
899 2419 87 29 Saml.
1032 2420 20 27 2
1075 2419 69 35 Afd.
1195 2420 13 27 1
1232 2419 87 36 Hit.
1775 2420 16 27 9

1862 1007 168 22 Motionerna.
