2226 2666
394 224 247 34 Sammansatta
669 225 183 42 Stats-(och
880 227 326 41 Banko-)utskottets
1239 229 177 33 Utlåtande
1443 231 52 31 Nr
1522 232 28 30 1.
1671 232 41 31 71

185 307 124 37 sioner
349 313 136 44 utgöra
529 310 252 47 110,743,000
822 309 138 38 kronor
1000 316 96 31 samt
1138 311 39 36 af
1211 313 240 48 personalens
1480 312 152 50 afcifter
1655 313 118 49 jämte

183 360 459 50 pensionsinrättningens
661 362 221 49 behållning
901 363 156 49 tillhopa
1077 365 227 47 25,719,000
1324 365 151 47 kronor,
1496 365 150 37 hvadan
1667 367 106 36 alltså

183 425 46 23 en
255 413 95 37 brist
379 413 40 36 af
445 415 228 47 85,024,000
698 415 137 36 kronor
855 416 214 48 föreligger.
1111 416 54 36 Af
1180 417 251 49 utredningen
1451 418 165 49 framgår
1634 419 139 47 vidare,

183 470 65 42 att,
279 479 60 22 om
369 479 85 22 man
483 467 137 35 räknar
648 467 84 35 med
760 481 46 22 en
833 468 163 36 räntefot
1023 468 40 35 af
1088 470 53 46 4,2
1169 475 165 43 procent,
1355 470 119 35 skulle
1494 471 118 48 enligt
1634 470 138 50 Kungl.

182 517 126 50 Maj:ts
337 517 144 50 förslag
509 518 71 36 den
608 519 11 35 i
650 520 45 35 19
726 518 20 50 $
776 520 246 36 omförmälda
1050 520 140 37 fonden
1217 535 91 23 vara
1335 522 12 36 i
1376 522 109 36 stånd
1514 528 53 31 att
1594 523 112 49 gälda
1726 525 46 35 25

182 575 158 44 procent
369 570 40 36 af
434 571 71 36 alla
532 571 200 49 pensioner
758 572 85 37 med
871 573 195 49 undantag
1090 573 40 36 af
1147 573 95 49 dem,
1263 587 79 24 som
1361 574 208 38 tillkomme
1588 577 185 48 personal,

182 635 81 24 som
304 623 260 49 pensionerats
604 627 48 46 på
692 625 124 48 grund
858 625 40 35 af
935 625 126 47 skada,
1096 626 165 36 erhållen
1289 627 117 36 under
1433 627 269 50 tjänstgöring.
1757 628 18 36 I

183 675 393 37 öfverensstämmelse
617 676 153 37 härmed
807 677 120 37 skulle
965 678 38 36 af
1036 678 233 37 trafikmedel
1297 679 143 48 gäldas,
1469 684 105 32 utom
1601 681 84 36 hela
1712 681 62 37 be-

181 727 129 50 loppet
352 728 40 36 af
421 729 256 48 nyssnämnda
704 729 353 50 invalidpensioner,
1090 732 44 35 75
1163 737 154 44 procent
1346 732 40 36 af
1411 732 124 49 öfriga
1562 733 210 49 pensioner.

182 780 55 36 De
280 780 118 49 årliga
434 780 149 51 belopp,
613 795 80 23 som
721 782 156 36 sålunda
906 783 118 49 enligt
1052 783 183 37 docenten
1257 784 245 49 Fagerholms
1520 785 255 50 beräkningar

181 832 129 36 kunna
352 839 156 43 antagas
544 834 92 36 böra
664 834 118 49 enligt
809 835 141 49 Kungl.
980 835 124 49 Maj:ts
1133 836 143 49 förslag
1303 837 132 48 gäldas
1466 837 40 36 af
1530 838 243 49 trafikmedel,

182 890 65 31 äro
290 885 156 49 angifna
486 886 12 36 i
540 885 71 37 den
652 888 20 34 å
714 887 67 36 sid.
818 889 46 34 30
893 887 12 36 i
936 889 97 35 1910
1063 894 59 30 års
1149 889 236 49 proposition
1413 889 208 50 framlagda
1648 891 124 37 tabell.

183 937 74 36 För
285 939 228 49 exempelvis
541 939 167 49 följande
737 943 50 45 år,
818 939 119 37 skulle
965 940 185 50 beloppen
1178 941 150 37 komma
1355 946 55 32 att
1438 947 149 44 utgöra:

182 1032 54 46 År
266 1043 246 35 1910...
547 1044 200 46 1,122,000
777 1043 148 37 kronor.
978 1028 19 70 =
1032 1034 54 46 År
1116 1046 234 35 1930...
1394 1048 201 46 3,097,000
1623 1047 149 37 kronor.

200 1107 17 23 »
267 1096 244 34 1915...
547 1097 199 46 1,762,000
785 1081 14 67 =
839 1108 17 23 »
1047 1109 18 23 »
1114 1099 198 34 1935...
1390 1100 201 47 3,605,000
1628 1085 18 67 =
1684 1112 17 23 »

200 1159 17 22 »
267 1148 142 35 1920.
544 1149 203 47 2.331,000
787 1133 13 67 =
840 1161 17 22 »
1049 1161 17 23 »
1116 1151 209 35 1940.
1357 1153 237 46 4.338,000
1633 1137 14 68 =
1686 1165 18 23 »

199 1211 18 23 »
266 1200 222 36 192850
543 1201 203 48 2,750,000
780 1197 22 56 —
839 1213 17 23 »
1049 1213 17 24 »
1115 1203 96 35 1942
1277 1234 60 5 0.
1391 1205 203 47 4,698,000
1687 1218 18 22 >»

287 1303 235 37 Beträffande
538 1304 287 49 ifrågavarande
840 1305 205 50 utredning
1064 1307 136 36 tillåter
1220 1307 60 49 sig
1298 1308 182 36 utskottet
1500 1308 56 36 till
1575 1322 46 23 en
1641 1309 132 50 början

184 1356 133 47 erinra,
362 1362 64 42 att,
468 1359 47 47 på
557 1362 73 31 sätt
659 1357 111 37 också
798 1358 86 36 herr
912 1358 222 49 Wijkander
1161 1359 12 36 i
1202 1360 58 35 sin
1288 1360 142 36 motion
1459 1361 212 49 framhållit,
1702 1363 72 36 den

184 1409 284 48 förutsättning,
509 1409 118 37 under
667 1409 154 37 hvilken
854 1411 214 36 densamma
1095 1412 150 47 utförts,
1275 1413 192 48 nämligen
1495 1419 53 30 att
1577 1414 71 36 den
1677 1415 97 36 ordi-

182 1461 103 36 narie
311 1461 243 49 personalens
583 1462 100 36 antal
711 1462 119 37 skulle
859 1463 176 36 förblifva
1062 1463 191 49 konstant,
1283 1465 82 36 icke
1392 1465 169 37 kommer
1580 1472 53 31 att
1653 1467 121 37 öfver-

184 1518 228 32 ensstiimma
452 1514 85 36 med
577 1514 271 49 verkligheten,
892 1515 44 37 då
973 1529 86 23 man
1088 1517 190 48 nämligen
1305 1520 118 34 måste
1450 1518 117 37 räkna
1594 1520 95 46 med,
1719 1525 55 32 att

182 1567 224 48 personalen
447 1566 80 36 icke
569 1567 209 49 obetydligt
819 1568 90 36 ökas
950 1571 40 33 år
1030 1568 82 36 från
1152 1572 50 33 år.
1258 1569 16 36 I
1316 1570 98 36 hvad
1455 1574 86 33 mån
1569 1571 102 37 detta
1699 1572 75 36 kan

182 1618 151 36 komma
375 1623 53 31 att
469 1623 71 44 äga
582 1632 93 34 rum,
706 1624 41 31 är
775 1620 82 36 icke
884 1620 151 49 möjligt
1063 1626 54 31 att
1144 1624 47 46 på
1220 1622 158 36 förhand
1406 1623 176 48 beräkna,
1613 1624 45 37 då
1685 1624 89 37 flera

184 1670 147 37 okända
373 1670 164 37 faktorer
565 1671 198 50 härvidlag
792 1672 102 49 spela
922 1673 38 35 in
989 1676 123 33 såsom
1140 1674 179 37 trafikens
1347 1675 159 47 tillväxt,
1537 1677 238 49 anläggning

184 1724 41 34 af
262 1736 74 36 nya
378 1723 223 48 statsbanor,
643 1724 182 49 möjligen
865 1725 224 37 inträffande
1129 1726 115 49 inköp
1287 1727 41 36 af
1365 1728 168 36 enskilda
1570 1729 204 50 järnvägar

184 1788 32 22 0.
247 1788 28 23 8
305 1789 34 21 v.
397 1774 49 38 Så
473 1775 149 49 mycket
650 1781 41 31 är
719 1777 203 36 emellertid
949 1778 105 47 visst,
1084 1782 54 32 att
1156 1778 208 38 kostnaden
1384 1780 58 36 för
1459 1781 316 50 pensioneringen

185 1827 40 36 al
250 1827 71 36 den
350 1828 184 36 ordinarie
558 1829 409 49 järnvägspersonalen
995 1830 168 36 kommer
1190 1836 55 31 att
1272 1832 118 36 under
1418 1835 108 34 årens
1554 1834 89 49 lopp
1673 1836 102 47 stiga

184 1879 188 49 betydligt
399 1880 149 36 utöfver
575 1880 100 37 hvad
703 1881 10 35 i
743 1881 71 37 den
842 1882 245 36 omförmälda
1114 1883 252 50 utredningen
1396 1885 174 49 antagits.

288 1932 16 36 I
333 1932 101 36 detta
462 1933 274 49 sammanhang
763 1934 64 36 vill
854 1934 183 37 utskottet
1060 1934 143 49 jämväl
1230 1936 133 36 beröra
1382 1937 62 36 det
1462 1938 177 37 likaledes
1659 1939 12 35 i
1690 1939 85 37 herr

184 1983 240 50 Wijkanders
452 1985 144 36 motion
623 1986 197 36 anmärkta
840 1986 256 49 förhållandet,
1118 1993 53 31 att
1190 1988 62 36 vid
1272 1994 142 31 statens
1429 1990 207 49 järnvägar
1654 1991 120 37 finnes

186 2036 159 37 anställd
374 2050 45 23 en
447 2037 57 36 till
523 2043 221 31 numerären
763 2038 80 37 icke
864 2039 193 50 obetydlig
1074 2041 185 48 personal,
1281 2054 81 23 som
1383 2042 180 49 antingen
1581 2046 48 47 på
1648 2044 126 49 grund

185 2089 42 35 af
251 2089 57 36 för
335 2089 77 49 hög
441 2090 101 36 ålder
570 2091 89 36 eller
686 2091 84 36 med
798 2091 147 49 hänsyn
973 2092 55 36 till
1056 2097 105 32 arten
1188 2093 41 36 af
1254 2093 71 37 den
1352 2095 240 37 verksamhet
1620 2095 71 38 den
1719 2102 56 31 ut-

185 2141 118 48 öfvar,
346 2141 143 37 hvilket
518 2156 130 23 senare
677 2149 40 30 är
744 2143 104 37 fallet
876 2144 176 37 särskildt
1080 2145 84 37 med
1193 2146 194 37 arbetarna
1414 2147 12 36 i
1455 2153 140 31 statens
1619 2149 156 49 järnvä-

184 2207 88 34 gars
300 2194 229 48 verkstäder,
559 2194 80 37 icke
667 2195 74 36 kan
769 2200 158 45 antagas
956 2196 139 37 erhålla
1124 2198 185 38 ordinarie
1337 2199 215 50 befattning
1580 2201 70 36 och
1679 2201 96 37 däri-

184 2259 140 35 genom
364 2246 150 37 komma
555 2247 12 36 i
608 2248 219 49 åtnjutande
868 2249 41 36 af
945 2250 159 49 pension
1145 2251 118 48 enligt
1300 2251 72 37 den
1408 2252 214 50 föreslagna
1650 2254 123 49 lagen.

184 2298 132 49 Enligt
357 2299 41 35 af
424 2299 372 50 järnvägsstyrelsen
823 2301 194 36 meddelad
1045 2303 154 48 uppgift
1225 2309 114 43 utgör
1366 2304 58 36 för
1452 2306 231 37 närvarande
1712 2320 63 23 an-

184 2351 91 36 talet
303 2352 184 49 personal,
526 2352 223 37 tillhörande
776 2353 289 49 ifrågavarande
1092 2355 183 49 kategori,
1305 2357 176 49 omkring
1505 2353 116 53 4,340
1649 2372 126 37 perso-
