2184 2652
405 192 21 30 4
565 192 116 31 Andra
705 192 216 31 Kammarens
949 191 185 42 Tillfälliga
1165 190 138 34 Utskotts
1326 191 80 39 (N:o
1431 192 39 35 2)
1503 191 167 33 Utlåtande
1694 194 63 31 N:o
1781 195 55 31 23.

405 281 183 37 direktion
617 282 93 35 hade
738 281 128 36 därvid
894 281 131 36 uttalat
1053 282 69 34 den
1150 280 248 48 uppfattning,
1430 284 53 32 att
1511 281 261 49 försäljningen
1795 284 13 36 i
1827 284 172 47 handköp

405 336 40 35 af
487 339 89 32 eter-
604 336 67 35 och
718 334 231 48 sprithaltiga
995 334 199 36 läkemedel
1244 333 177 37 minskats
1467 335 105 46 högst
1605 336 194 48 väsentligt
1827 339 92 35 efter
1947 343 53 31 ut-

405 390 191 35 färdandet
641 388 41 36 af
725 388 259 48 förordningen
1030 389 69 34 den
1143 391 20 32 8
1208 388 188 35 december
1441 390 113 43 1876,
1589 391 99 33 utom
1717 390 170 48 möjligen
1915 392 13 35 i
1957 393 44 35 de

403 442 220 48 nordligaste
664 442 120 44 länen,
828 445 92 33 samt
961 445 53 33 att
1046 441 204 36 åtkomsten
1279 441 41 35 af
1344 442 103 35 dessa
1476 442 211 44 läkemedel,
1718 454 74 24 som
1822 444 54 35 för
1904 445 96 36 vissa

403 509 160 35 grupper
604 496 40 35 af
682 495 383 48 arbetsbefolkningen
1093 495 92 35 hade
1214 498 75 33 stor
1321 496 196 47 betydelse,
1548 495 80 36 icke
1657 496 111 35 borde
1796 498 204 47 onödigtvis

404 551 189 44 försvåras,
637 549 142 36 hvilket
821 550 117 35 skulle
970 549 115 36 blifva
1113 549 251 44 förhållandet,
1397 562 55 23 om
1483 550 44 34 de
1554 549 81 36 icke
1664 550 97 46 finge
1789 551 211 46 expedieras

403 607 111 33 annat
555 609 45 30 än
642 603 93 36 efter
776 603 141 36 läkares
952 606 133 44 recept.
1143 603 153 35 Snarare
1326 615 83 24 vore
1438 604 46 34 då
1511 602 176 48 lämpligt,
1722 615 78 24 »om
1830 607 51 32 ett
1909 604 92 37 visst

404 658 196 35 maximum
643 657 57 36 för
735 657 70 35 den
834 657 143 47 mängd,
1008 669 74 23 som
1111 656 12 36 i
1152 656 172 48 handköp
1354 656 39 36 af
1418 656 230 48 sprithaltiga
1675 657 200 35 läkemedel
1904 658 96 47 finge

403 714 46 45 på
491 724 45 23 en
578 714 96 45 gång
701 711 191 45 utlämnas,
924 711 123 35 kunde
1075 710 254 45 bestämmas»,
1360 710 221 47 exempelvis
1613 713 74 33 100
1717 723 111 34 gram,
1858 714 100 33 utom
1988 712 13 35 i

407 766 66 35 »de
514 764 239 37 norrländska
794 765 107 35 länen
943 765 66 35 och
1051 764 43 35 de
1126 767 97 32 orter
1250 763 14 36 i
1292 764 119 47 öfrigt,
1442 764 65 35 där
1535 777 44 23 en
1603 763 263 49 jämförelsevis
1895 764 105 48 ringa

403 818 214 48 befolkning
658 824 40 29 är
736 818 126 47 spridd
890 818 101 36 öfver
1019 820 50 33 ett
1098 817 202 36 vidsträckt
1327 818 144 35 område
1498 818 66 35 och
1593 819 65 34 där
1686 818 170 35 behofvet
1883 818 41 35 af
1948 821 54 33 att

402 872 12 35 i
456 873 166 35 hemmen
665 877 67 42 äga
774 872 120 35 förråd
926 871 41 36 af
991 871 201 35 läkemedel
1220 871 74 35 kan
1323 883 103 24 anses
1456 884 84 23 vara
1568 884 97 23 mera
1694 871 218 45 afsevärdt»,
1944 872 56 35 för

401 925 127 36 hvilka
569 929 96 33 orter
707 925 230 37 direktionen
965 927 111 45 ansåg
1105 925 85 36 böra
1219 925 246 45 föreskrifvas,
1497 928 52 33 att
1577 925 146 47 köpare,
1754 937 73 23 som
1857 925 143 48 styrkte

402 980 55 47 sig
499 980 109 36 hafva
649 979 64 37 sitt
745 978 157 37 hemvist
930 981 46 45 på
1004 991 76 23 mer
1107 984 45 30 än
1183 981 21 33 5
1235 978 82 36 mils
1346 978 144 36 afstånd
1518 979 80 35 från
1626 982 181 32 närmaste
1835 979 164 47 apoteks-

401 1033 213 48 inrättning,
659 1034 118 35 skulle
821 1036 73 33 mot
922 1032 162 47 skriftlig
1111 1031 226 46 rekvisition,
1369 1032 104 36 hvari
1501 1033 71 34 han
1597 1032 137 48 jämväl
1763 1032 151 36 förband
1943 1032 56 48 sig

401 1091 53 32 att
482 1087 81 36 icke
591 1088 167 35 använda
786 1087 217 35 läkemedlet
1031 1086 56 36 till
1114 1086 190 47 rusdryck,
1335 1086 232 36 utbekomma
1597 1088 75 33 500
1702 1098 112 35 gram.

508 1140 376 49 Medicinalstyrelsen
913 1140 204 35 förklarade
1146 1139 56 47 sig
1230 1139 57 36 för
1311 1139 56 36 sin
1383 1140 57 35 del
1455 1143 140 44 antaga,
1614 1142 53 33 att
1682 1140 45 35 de
1742 1139 13 36 1
1770 1139 229 49 Riksdagens

401 1194 192 36 skrifvelse
630 1194 191 36 omordade
854 1193 242 44 missbruken,
1126 1193 127 36 hvilka
1281 1195 46 45 på
1355 1205 125 24 senare
1508 1193 101 36 tiden
1637 1193 206 47 egentligen
1871 1195 129 35 endast

402 1248 229 36 förekommit
658 1248 14 35 i
701 1249 44 34 de
773 1247 139 36 trakter
940 1247 40 35 af
1003 1247 133 44 landet,
1167 1247 65 35 där
1260 1246 149 37 införsel
1438 1248 66 35 och
1529 1247 216 48 försäljning
1764 1247 40 35 af
1815 1247 181 36 brännvin

401 1302 74 35 förr
502 1301 95 37 varit
624 1301 204 49 förbjuden,
859 1301 117 35 skulle
1005 1300 13 36 1
1046 1302 60 34 det
1132 1304 182 32 närmaste
1342 1301 174 47 upphöra,
1547 1301 110 35 sedan
1685 1301 157 35 nämnda
1865 1301 132 36 förbud

400 1368 127 35 genom
570 1356 244 46 kungörelsen
855 1356 70 34 den
969 1357 45 33 31
1060 1354 188 36 december
1294 1357 97 33 1897
1436 1355 158 47 upphört
1627 1357 53 33 att
1708 1355 105 47 gälla,
1844 1355 151 35 emedan

401 1409 205 36 skillnaden
652 1409 13 35 i
712 1409 76 47 pris
834 1409 131 35 mellan
1012 1407 179 37 brännvin
1220 1408 68 35 och
1316 1407 230 48 sprithaltiga
1572 1408 203 36 läkemedel
1802 1408 76 36 helt
1905 1408 91 36 visst

400 1463 143 36 komme
571 1466 53 33 att
651 1462 145 36 minska
824 1463 147 47 begäret
991 1462 91 36 efter
1101 1461 225 37 sistnämnda
1346 1462 116 35 medel
1481 1464 113 34 såsom
1615 1462 378 47 brännvinssurrogat.

402 1517 124 35 Skulle
569 1516 201 36 emellertid
798 1517 157 34 ändrade
984 1516 269 35 bestämmelser
1282 1516 185 47 angående
1495 1516 158 35 handeln
1682 1516 83 35 med
1792 1519 86 32 eter-
1908 1516 88 35 eller

401 1570 229 48 sprithaltiga
672 1570 201 36 läkemedel
915 1570 140 35 ändock
1097 1582 103 23 anses
1242 1569 191 47 behöfliga,
1473 1570 122 35 kunde
1624 1569 372 48 medicinalstyrelsen

400 1624 164 36 hvarken
592 1624 144 36 förorda
764 1626 52 33 ett
845 1623 146 36 allmänt
1023 1623 129 36 förbud
1178 1626 74 32 mot
1272 1623 213 48 försäljning
1504 1623 13 35 i
1536 1623 172 47 handköp
1728 1623 40 35 af
1783 1623 210 45 läkemedel,

401 1690 74 23 som
517 1677 182 36 innehölle
732 1677 181 36 brännvin
942 1677 87 36 eller
1057 1676 91 48 sprit
1175 1677 67 35 och
1272 1689 73 23 som
1374 1689 85 24 vore
1488 1677 40 35 af
1553 1677 68 35 den
1649 1677 263 44 beskaffenhet,
1944 1680 53 32 att

401 1733 43 34 de
473 1731 122 36 kunde
623 1732 185 35 användas
837 1733 115 33 såsom
980 1730 236 48 rusgifvande
1245 1731 126 44 medel,
1402 1730 30 49 ej
1455 1731 113 35 heller
1587 1730 409 47 apotekaresocietetens

401 1784 201 37 direktions
644 1785 135 47 förslag
821 1797 54 24 om
905 1785 285 35 bestämmandet
1218 1783 40 36 af
1283 1783 95 37 vissa
1406 1783 231 45 kvantiteter,
1669 1796 73 24 som
1773 1784 117 35 skulle
1919 1784 36 35 få
1984 1783 13 36 i

400 1839 171 47 handköp
613 1841 46 45 på
701 1851 45 23 en
788 1841 95 45 gång
914 1839 190 35 utlämnas.
1163 1837 126 37 Skulle
1318 1837 141 45 förbud,
1491 1850 73 24 som
1593 1837 13 36 i
1635 1837 97 36 förra
1760 1837 100 36 fallet
1887 1838 107 44 afses,

400 1893 173 44 utfärdas,
613 1895 39 33 så
689 1893 111 35 borde
837 1892 183 48 nämligen
1057 1893 195 35 detsamma
1290 1890 218 37 inskränkas
1544 1891 57 36 till
1629 1892 44 35 de
1701 1892 72 44 län,
1804 1892 63 35 där
1896 1890 99 37 miss-

400 1946 143 36 bruken
572 1947 40 35 af
636 1946 44 36 de
708 1946 276 48 ifrågavarande
1013 1946 140 35 medlen
1181 1948 131 33 nästan
1339 1945 229 36 uteslutande
1595 1944 110 49 gifvit
1733 1944 56 48 sig
1804 1944 190 45 tillkänna,

401 2001 34 35 d.
466 2013 33 23 v.
530 2012 27 23 8.
587 2000 58 36 till
687 2000 44 36 de
772 2000 222 47 nordligaste
1036 2000 107 35 länen
1184 1999 13 36 i
1239 1998 108 44 riket,
1391 2000 66 34 och
1487 2002 73 33 mot
1587 1998 409 48 apotekaresocietetens

401 2053 201 36 direktions
644 2054 135 47 förslag
821 2053 122 36 kunde
986 2054 81 35 med
1110 2053 60 47 fog
1213 2053 71 35 den
1321 2052 226 48 invändning
1583 2058 115 42 göras,
1730 2055 53 33 att
1811 2065 43 23 en
1884 2053 112 35 sådan

400 2107 437 48 undantagslagstiftning
878 2107 55 36 för
975 2107 96 36 vissa
1112 2111 94 32 orter
1248 2106 77 35 helt
1365 2106 91 36 visst
1491 2106 141 36 komme
1674 2108 54 33 att
1756 2106 167 36 befordra
1952 2106 44 35 de

400 2161 190 36 anmärkta
619 2161 361 36 missförhållandena
1009 2161 194 43 därstädes,
1235 2160 46 35 då
1308 2159 80 37 litet
1416 2161 90 35 hvar
1525 2163 87 32 utan
1632 2159 161 48 egentlig
1812 2159 184 48 svårighet

401 2215 117 35 skulle
545 2215 233 36 utbekomma
807 2215 100 47 långt
935 2217 113 34 större
1077 2214 182 36 kvantitet
1287 2216 75 33 eter
1386 2214 88 35 eller
1499 2213 212 36 >Hoffmans
1731 2213 175 48 droppar»
1928 2211 67 37 och
