2203 2618
204 392 112 24 Arbetets
331 393 69 29 plan.

462 160 19 31 4
670 162 218 30 Sammansatta
913 166 85 26 stats-
1025 165 46 27 och
1097 165 244 29 bankoutskottets
1364 166 45 28 Nr
1431 169 21 25 2
1476 167 149 28 utlåtande
1648 167 46 29 Nr
1723 168 22 30 1.

420 244 59 33 att
507 244 173 44 upptaga
707 242 62 35 till
796 242 150 48 lösning
974 244 74 34 den
1076 244 70 35 här
1173 244 228 36 framhållna
1421 246 202 46 uppgiften
1644 246 73 35 och
1735 247 157 35 därmed
1911 247 92 46 fylla

420 293 72 36 den
520 293 147 36 kanske
694 297 100 33 mest
821 294 218 47 påfallande
1067 296 142 36 luckan
1238 296 11 35 i
1278 299 67 32 vår
1372 297 200 36 inhemska
1600 297 209 36 litteratur.

548 397 184 36 Källorna
759 398 61 35 till
848 400 57 34 ett
933 399 131 35 arbete
1094 400 41 34 af
1158 401 107 34 detta
1294 401 81 46 slag
1403 406 66 30 äro
1498 400 84 36 från
1609 401 136 46 början
1776 404 58 33 att
1861 402 104 36 finna
1991 406 13 32 i

420 449 45 35 de
485 449 217 46 respektive
721 450 202 36 ländernas
942 450 460 49 författningssamlingar
1421 453 91 34 eller
1532 453 185 35 särskilda
1737 453 265 47 lageditioner,

420 501 87 35 med
548 500 233 37 tillhörande
824 514 80 23 mer
931 502 92 36 eller
1051 503 147 35 mindre
1227 503 177 36 officiella
1432 504 310 37 kommentarier.
1800 505 73 36 För
1901 518 104 23 mera

420 551 264 47 främmande
670 547 23 59 ?
712 554 300 45 språkområden
1067 555 122 35 finner
1233 568 90 23 man
1369 556 73 35 ock
1487 556 211 36 värdefulla
1745 557 259 36 andrahands-

421 604 288 47 publikationer
743 608 50 44 på
820 608 119 44 något
967 606 42 35 af
1033 608 45 33 de
1107 610 104 33 stora
1238 607 301 47 kulturspråken
1569 609 137 44 (såsom
1734 611 128 34 senast
1888 610 118 35 Anton

421 656 135 45 Palme,
594 656 67 36 Die
694 657 187 36 russische
908 659 243 46 Verfassung,
1185 662 112 42 1910;
1328 660 73 34 den
1428 672 75 33 nya
1531 661 240 46 grundlagen
1800 661 42 35 af
1868 664 96 33 1906
1994 662 12 34 i

421 710 84 33 text
533 708 72 35 och
632 709 317 46 kommentarier;
979 710 42 35 af
1044 710 219 47 vallagarne
1292 712 133 35 endast
1452 711 167 45 referat).

549 761 126 35 Jämte
704 761 108 35 dessa
840 762 251 46 speciallagar
1119 763 71 35 och
1210 763 254 46 monografier
1482 764 119 35 finnes
1620 764 250 47 naturligtvis
1891 765 115 36 också

421 812 194 35 allmänna
642 812 209 47 samlingar
878 813 58 35 för
965 814 104 35 olika
1097 814 133 36 länder
1257 815 13 34 i
1299 817 68 42 ett,
1396 815 118 34 bland
1541 815 132 36 hvilka
1703 816 45 35 de
1778 819 131 43 nyaste
1936 817 71 35 och

421 862 308 49 fullständigaste
771 870 66 30 äro
879 864 41 36 af
958 865 150 36 Dareste
1148 869 49 44 på
1224 866 155 35 franska
1408 867 158 45 språket
1594 867 110 45 (>Les
1733 868 274 36 constitutions

421 915 236 45 modernes»>,
687 919 148 33 senaste
864 917 196 46 upplagan
1091 919 111 44 1910)
1231 920 100 33 samt
1358 917 154 36 Posener
1539 921 50 44 på
1616 919 114 46 tyska
1758 919 93 36 eller
1876 920 132 35 veder-

421 967 170 35 börande
618 967 109 36 lands
756 968 201 47 tungomål
986 969 110 45 (>Die
1125 969 397 47 Staatsverfassungen
1551 971 64 34 des
1644 971 213 45 Erdballs>,
1882 972 124 45 1909).

421 1019 115 35 Dessa
565 1019 158 35 arbeten
752 1020 163 35 omfatta
943 1020 96 45 (som
1067 1022 118 45 regel)
1207 1022 134 34 endast
1361 1021 283 47 grundlagarne
1665 1022 145 46 själfva.
1854 1024 154 35 Arbets-

424 1070 257 47 ordningarne
723 1077 66 29 äro
831 1072 167 35 samlade
1039 1072 59 36 för
1134 1073 57 46 sig
1219 1073 41 35 af
1285 1072 323 48 Moreau-Delpech
1635 1074 13 35 i
1676 1077 67 32 två
1770 1075 102 34 band
1900 1075 109 44 (>Les

421 1121 231 48 reglements
693 1123 65 35 des
799 1124 232 35 Assemblées
1059 1124 253 46 législatives>
1349 1125 202 45 1906—7),
1580 1125 215 47 hvarjämte
1824 1129 49 43 på
1902 1126 108 36 detta

423 1173 155 36 område
620 1179 65 30 äro
727 1175 182 35 särskildt
952 1178 60 33 att
1038 1175 202 36 framhålla
1269 1176 124 47 May's
1420 1176 182 35 berömda
1630 1177 164 46 samling
1821 1177 59 35 för
1908 1178 102 46 Eng-

422 1226 109 34 lands
565 1226 217 45 parlament
817 1226 103 45 (elfte
949 1227 196 47 upplagan
1176 1228 112 45 1906)
1319 1228 70 35 och
1417 1227 132 36 Plate's
1577 1228 58 35 för
1663 1229 201 35 Preussens
1891 1230 119 35 andra

422 1277 198 36 kammare
660 1280 97 33 1904
800 1278 100 45 (med
927 1281 128 33 texter
1083 1280 111 35 äfven
1222 1279 59 36 för
1309 1279 225 36 herrehuset
1563 1283 98 33 samt
1687 1280 61 36 för
1775 1280 112 47 tyska
1914 1281 96 35 riks-

423 1328 151 47 dagen).
631 1329 74 35 För
744 1330 222 47 vallagarne
995 1331 182 35 särskildt
1204 1331 148 35 känner
1375 1331 68 46 jag
1471 1332 117 45 ingen
1616 1332 268 36 motsvarande
1913 1345 97 23 sam-

423 1380 92 47 ling,
544 1392 88 23 men
660 1381 123 47 enligt
812 1393 46 23 en
887 1382 156 46 uppgift
1070 1382 69 36 hos
1166 1383 157 35 Dareste
1353 1388 42 29 är
1414 1395 46 23 en
1481 1383 118 35 sådan
1618 1384 122 35 under
1758 1384 252 36 förberedelse

423 1434 50 44 på
500 1431 156 37 franska
684 1433 168 46 språket.
898 1434 137 46 Någon
1055 1446 218 35 gemensam
1292 1434 247 47 publikation
1558 1435 193 46 slutligen,
1774 1435 237 37 omfattande

426 1483 75 35 alla
540 1487 60 32 tre
640 1484 283 47 kategorierna,
966 1485 120 36 finnes
1126 1486 80 46 mig
1246 1486 181 46 veterligt
1469 1485 85 36 icke
1581 1486 171 37 förutom
1781 1488 72 35 den
1882 1488 129 36 ofvan-

424 1535 168 36 nämnda
619 1536 42 35 af
684 1536 195 47 Sveistrup
907 1540 50 44 på
985 1537 146 36 danska
1159 1538 167 46 språket.

552 1587 17 35 I
610 1588 107 35 detta
758 1588 67 35 fall
867 1594 42 29 är
949 1589 145 36 således
1129 1589 213 47 Sveistrups
1371 1590 162 45 samling
1561 1602 105 23 mera
1695 1590 239 37 omfattande
1963 1598 49 29 än

424 1642 127 44 någon
580 1651 125 23 annan
733 1642 51 44 på
812 1640 184 36 området.
1052 1641 80 35 Den
1160 1641 213 36 innehåller
1390 1641 129 35 tillika
1537 1641 180 52 fylligare
1736 1643 278 47 upplysningar

424 1691 41 35 af
488 1690 343 36 kommenterande
860 1692 80 46 slag
969 1693 26 44 (i
1024 1697 112 31 noter
1163 1693 121 35 under
1311 1692 159 45 texten).
1526 1696 31 32 Å
1586 1694 120 35 andra
1734 1694 108 35 sidan
1870 1694 144 47 åsyftar

425 1743 72 35 den
525 1742 86 36 icke
639 1742 73 35 den
739 1743 295 47 fullständighet
1063 1745 12 33 i
1103 1744 109 46 fråga
1241 1757 59 23 om
1329 1744 224 36 redovisade
1581 1748 122 33 stater
1730 1757 80 24 som
1838 1747 176 35 Darestes

426 1794 71 35 och
524 1793 181 36 Poseners
733 1795 169 35 arbeten.
957 1796 82 34 Den
1068 1801 42 29 är
1137 1797 194 46 nämligen
1358 1797 214 45 begränsad
1598 1797 60 35 till
1677 1797 167 47 följande
1863 1798 148 35 länder:

425 1845 206 46 Danmark,
673 1846 139 46 Norge,
855 1846 161 47 Sverige,
1060 1847 176 45 Holland,
1277 1848 167 46 Belgien,
1488 1848 226 45 Frankrike,
1749 1849 123 45 Tyska
1899 1849 113 46 riket,

424 1898 194 44 Preussen,
649 1891 195 42 Österrike
868 1898 122 46 jämte
1020 1893 87 41 Öfre
1136 1894 214 41 Österrikes
1377 1900 452 47 landtdagsförfattning,
1851 1900 163 36 Schweiz

423 1949 119 46 jämte
583 1951 59 33 tre
683 1950 467 47 kantonalförfattningar
1178 1951 71 36 och
1278 1963 47 23 en
1352 1952 81 34 dito
1462 1952 138 46 vallag,
1630 1952 188 45 England,
1849 1951 163 47 Canada,

425 2000 179 36 Viktoria
619 2004 99 33 samt
728 2002 167 35 Förenta
904 2004 173 33 staterna
1085 2003 121 45 jämte
1218 2006 58 32 tre
1286 2003 437 45 delstatsförfattningar
1735 2003 72 35 och
1818 2016 45 22 en
1874 2005 138 46 vallag.

554 2052 73 36 Det
659 2065 108 34 synes
793 2053 86 36 från
906 2053 136 47 början
1070 2054 116 46 klart,
1217 2057 60 33 att
1305 2057 57 33 ett
1390 2055 156 35 svenskt
1574 2055 130 35 arbete
1734 2054 42 36 af
1799 2056 107 35 detta
1934 2056 81 47 slag

425 2105 98 35 både
563 2104 75 49 till
665 2104 172 36 innehåll
866 2106 71 35 och
966 2105 234 48 omfattning
1228 2109 171 33 närmast
1425 2107 71 35 bör
1524 2106 151 36 ansluta
1703 2107 58 46 sig
1789 2107 61 35 till
1878 2108 73 35 den
1980 2108 39 34 af

426 2156 196 47 Sveistrup
663 2156 159 47 angifna
862 2160 128 44 typen.
1046 2159 160 35 Arbetet
1246 2158 123 36 skulle
1410 2158 216 46 säkerligen
1653 2158 39 35 få
1720 2171 47 23 en
1796 2159 130 35 alltför
1952 2161 63 34 be-

427 2208 165 45 gränsad
608 2232 16 25 -
632 2209 247 46 användning
919 2209 104 35 inom
1056 2213 92 32 våra
1181 2210 346 46 parlamentariska
1554 2210 163 45 kretsar,
1748 2223 61 23 om
1837 2212 66 34 det
1929 2211 86 35 icke
