1916 2826
529 160 251 31 Statsutskottets
794 160 161 32 utlåtande
967 172 38 20 nr
1017 162 21 30 8
1051 161 34 31 år
1121 162 65 31 1970
1555 164 42 31 23

162 237 64 31 Vid
241 238 144 31 ärendets
400 239 253 41 slutbehandling
667 241 87 31 inom
768 242 152 31 utskottet
932 243 58 30 har
1002 243 138 31 närvarit

161 299 71 32 från
260 300 151 32 första
440 301 195 33 kammaren:
656 304 107 31 herrar
781 305 147 31 Bohman
947 306 69 37 (m),
1036 307 108 39 Birger
1160 307 186 31 Andersson
1363 308 52 38 (s),
1434 309 83 30 Axel
1533 310 68 30 An-

116 345 131 31 dersson
267 346 71 40 (fp),
359 346 122 32 Rikard
499 348 158 31 Svensson
677 349 51 38 (s),
748 350 50 31 fru
817 350 220 32 Wallentheim
1055 352 51 38 (s),
1126 352 107 31 herrar
1250 353 204 32 Mårtensson
1471 355 52 37 (s),
1542 355 59 31 Per

114 392 176 31 Jacobsson
310 393 71 40 (fp),
401 394 99 31 Bertil
518 395 167 31 Petersson
704 396 51 37 (s),
776 396 102 40 Bengt
896 397 199 31 Gustavsson
1114 398 51 37 (s),
1185 399 163 39 Bengtson
1367 399 76 40 (cp),
1464 400 137 30 Herbert

114 436 139 31 Larsson
279 437 51 38 (s),
356 437 175 42 Rönnberg
556 439 49 37 (s)
622 439 108 32 Wirtén
755 440 71 40 (fp),
851 441 172 31 Wallmark
1047 443 59 37 (m)
1131 443 62 31 och
1215 444 52 30 fru
1289 443 81 40 Elvy
1393 444 117 31 Olsson
1535 445 66 40 (cp)

115 486 81 26 samt

160 553 70 31 från
273 555 130 31 andra
432 555 195 33 kammaren:
650 557 108 31 herrar
778 558 152 31 Karlsson
949 559 11 31 i
979 559 176 31 Olofström
1176 561 51 37 (s),
1248 561 162 40 Mellqvist
1429 562 51 37 (s),
1501 562 101 31 Elias-

117 608 57 21 son
190 599 10 30 i
216 599 171 31 Sundborn
404 601 77 39 (cp),
499 602 222 31 Nordstrandh
738 603 69 37 (m),
824 604 51 30 fru
889 604 277 31 Lewén-Eliasson
1183 606 51 37 (s),
1251 606 108 30 herrar
1373 607 158 39 Bergman
1547 608 52 37 (s),

114 644 161 30 Mattsson
298 645 76 39 (cp),
388 645 117 40 Alemyr
532 647 51 37 (s),
605 647 130 31 Nilsson
754 648 11 30 i
786 647 181 33 Tvärålund
989 649 77 39 (cp),
1088 649 179 40 Fagerlund
1288 651 52 37 (s),
1362 651 143 32 Källstad
1528 652 71 40 (fp),

116 689 199 31 Gustavsson
336 691 11 29 i
367 689 192 41 Ängelholm
582 692 51 37 (s),
656 693 50 29 fru
725 693 163 40 Sundberg
909 694 69 38 (m),
1000 695 72 30 herr
1092 695 164 40 Westberg
1276 696 10 30 i
1305 696 131 39 Ljusdal
1457 697 61 40 (fp)
1540 698 61 31 och

115 734 51 31 fru
182 735 122 31 Gradin
320 736 52 37 (s).

736 882 244 32 Reservationer

164 959 26 30 1.
216 960 52 30 vid
289 960 143 38 punkten
454 961 40 31 11
520 961 330 41 (Skolöverstyrelsen)
872 964 201 32 beträffande
1089 968 252 35 representation
1361 969 11 29 i
1390 966 212 39 skolöversty-

116 1013 118 31 relsens
254 1014 129 37 styrelse
405 1015 52 36 för
477 1015 86 31 olika
583 1026 137 28 grupper
741 1027 69 21 som
831 1019 36 29 är
888 1018 198 31 verksamma
1107 1021 10 29 i
1135 1020 112 31 skolan
1269 1030 38 20 av
1327 1020 108 31 herrar
1454 1021 147 31 Bohman

117 1067 70 38 (m),
209 1068 83 31 Axel
312 1069 187 31 Andersson
520 1070 72 40 (fp),
614 1072 59 29 Per
691 1072 177 30 Jacobsson
888 1073 72 40 (fp),
981 1073 120 31 Wirtén
1121 1074 72 40 (fp),
1214 1074 174 31 Wallmark
1407 1075 69 38 (m),
1496 1075 105 31 Nord-

115 1123 129 31 strandh
270 1123 69 38 (m),
364 1124 145 31 Källstad
535 1125 71 40 (fp),
632 1126 51 31 fru
707 1127 165 40 Sundberg
896 1127 59 38 (m)
980 1129 61 30 och
1065 1129 73 31 herr
1161 1129 164 40 Westberg
1347 1131 10 30 i
1382 1130 131 39 Ljusdal
1537 1129 61 41 (fp)

115 1185 70 21 som
206 1186 91 22 anser
316 1181 45 27 att

161 1231 69 30 dels
253 1231 53 31 det
328 1231 110 40 stycke
460 1233 11 30 i
493 1232 167 33 utskottets
683 1235 146 38 yttrande
849 1235 43 40 på
914 1245 23 21 s.
961 1236 20 30 4
1003 1246 72 21 som
1095 1236 109 40 börjar
1225 1237 73 30 med
1324 1237 181 32 »Utskottet
1527 1238 71 31 vill»

117 1285 62 31 och
194 1285 98 31 slutar
305 1286 74 30 med
397 1288 30 30 »>i
441 1286 107 41 fråga»
566 1287 73 32 bort
653 1288 42 31 ha
707 1289 142 39 följande
862 1290 127 39 lydelse:

164 1339 182 32 >Utskottet
371 1341 54 30 vill
451 1341 73 31 med
552 1342 169 41 anledning
748 1353 39 21 av
811 1344 294 40 motionsyrkandet
1129 1346 210 39 understryka
1362 1346 107 31 vikten
1495 1357 39 20 av
1560 1352 43 26 att

117 1394 245 39 överstyrelsens
383 1395 129 39 styrelse
531 1396 58 30 har
608 1396 34 31 så
662 1397 62 39 god
743 1397 134 32 kontakt
896 1408 70 21 som
983 1399 122 39 möjligt
1123 1400 73 30 med
1214 1400 42 30 de
1273 1400 86 31 olika
1377 1410 137 30 grupper
1531 1411 71 21 som

116 1447 101 31 deltar
239 1449 11 30 i
272 1448 75 31 eller
368 1448 42 40 på
432 1455 96 26 annat
549 1451 61 30 sätt
629 1450 109 32 berörs
762 1461 39 21 av
821 1451 242 32 verksamheten
1082 1455 89 29 inom
1188 1453 123 32 skolan.
1334 1455 194 30 Nuvarande
1548 1455 54 30 be-

115 1502 180 31 stämmelse
323 1512 53 20 om
404 1507 45 27 att
474 1504 10 30 i
511 1504 151 39 styrelsen
688 1504 79 31 skall
793 1505 73 39 ingå
891 1510 45 26 tre
962 1506 195 32 företrädare
1182 1508 51 30 för
1259 1508 346 40 arbetstagarintressen

117 1558 33 29 är
173 1557 57 30 bra
253 1567 74 21 men
350 1558 65 30 inte
437 1559 174 39 tillräcklig.
636 1560 50 30 En
709 1560 132 31 bredare
865 1561 134 31 kontakt
1022 1562 74 30 med
1118 1562 173 40 opinionen
1313 1563 98 31 bland
1435 1564 72 30 dem
1532 1573 68 22 som

117 1609 58 30 har
196 1610 52 30 sitt
268 1611 124 39 dagliga
412 1611 107 31 arbete
539 1616 53 26 ute
611 1612 11 31 i
642 1612 158 38 skolorna,
820 1614 11 30 i
849 1614 100 31 första
967 1614 87 31 hand
1072 1615 134 38 lärarna,
1228 1616 100 31 skulle
1347 1626 76 21 vara
1442 1616 160 32 önskvärd

119 1664 61 30 och
202 1665 34 29 är
258 1665 129 39 givetvis
408 1665 110 40 möjlig
540 1671 45 26 att
604 1666 110 40 uppnå
734 1677 114 30 genom
870 1678 40 20 en
930 1668 154 41 utökning
1106 1679 38 21 av
1166 1670 117 31 antalet
1304 1670 299 41 arbetstagarrepre-

119 1722 167 33 sentanter,
308 1720 79 29 även
407 1729 54 21 om
482 1720 53 30 det
555 1730 38 20 av
613 1721 162 39 praktiska
795 1721 67 31 skäl
881 1723 63 30 inte
965 1724 34 29 är
1018 1723 122 40 möjligt
1159 1728 44 26 att
1221 1723 64 32 låta
1303 1724 86 40 varje
1408 1725 75 31 liten
1501 1735 102 31 grupp

118 1772 42 30 ha
183 1782 39 20 en
245 1782 78 30 egen
344 1779 218 34 representant
583 1776 10 29 i
614 1775 160 39 styrelsen.
797 1776 163 31 Utskottet
981 1786 91 21 anser
1092 1782 44 26 att
1155 1777 168 41 riksdagen
1344 1780 11 30 i
1376 1779 169 41 anledning
1566 1790 38 21 av

118 1827 201 31 motionerna
339 1827 61 31 bör
420 1828 167 31 hemställa
607 1829 58 31 hos
688 1829 113 40 Kungl.
825 1830 96 39 Maj:t
941 1836 44 26 att
1005 1831 41 30 de
1066 1841 137 31 grupper
1222 1842 72 22 som
1316 1834 34 29 är
1370 1833 198 32 verksamma
1594 1836 10 30 i

119 1880 113 31 skolan
246 1890 53 30 ges
314 1891 40 20 en
368 1881 151 41 utvidgad
532 1883 250 39 representation
796 1883 10 31 i
820 1884 314 40 skolöverstyrelsens
1150 1886 159 39 styrelse.»

165 1934 67 31 dels
246 1934 168 32 utskottets
429 1936 188 31 hemställan
631 1937 101 30 under
747 1938 20 29 2
782 1938 72 30 bort
868 1938 42 31 ha
925 1938 141 40 följande
1080 1939 128 40 lydelse:

485 1991 50 30 »2.
562 1995 44 26 att
622 1990 168 41 riksdagen
808 1992 10 30 i
836 1992 168 40 anledning
1021 2003 39 21 av
1077 1994 199 31 motionerna
1292 1995 94 31 1:282
1404 1996 62 31 och
1482 1997 120 37 II:216,

437 2043 92 32 såvitt
549 2054 43 20 nu
613 2046 35 29 är
667 2046 11 29 i
697 2045 98 40 fråga,
817 2046 58 30 hos
896 2046 114 40 Kungl.
1031 2047 96 39 Maj:t
1145 2048 181 31 hemställer
1346 2054 44 26 att
1409 2051 39 30 de
1468 2060 136 31 grupper

437 2107 70 22 som
525 2100 34 29 är
573 2099 200 31 verksamma
788 2100 11 30 i
815 2100 112 31 skolan
942 2110 53 30 ges
1012 2111 39 20 en
1066 2101 150 40 utvidgad
1232 2105 248 38 representation
1495 2105 11 30 i
1521 2105 83 31 skol-

435 2153 244 40 överstyrelsens
699 2154 159 40 styrelse.»

166 2241 30 30 2.
221 2240 54 31 vid
289 2241 142 38 punkten
447 2241 42 31 14
506 2241 130 40 (Bidrag
651 2242 45 31 till
710 2243 83 30 vissa
808 2243 330 40 elevorganisationer)

164 2339 28 21 a.
217 2330 200 31 beträffande
444 2331 110 38 bidrag
579 2332 44 30 till
650 2332 158 31 Tekniska
832 2333 105 37 linjers
961 2333 209 37 elevförbund
1194 2344 39 22 av
1255 2335 71 31 herr
1350 2336 172 32 Wallmark
1546 2338 59 38 (m)

120 2385 62 30 och
195 2384 50 31 fru
258 2385 165 40 Sundberg
439 2386 58 37 (m)
513 2395 70 21 som
597 2395 92 21 anser
702 2391 46 26 att

166 2438 67 31 dels
253 2439 53 30 det
325 2439 106 39 stycke
451 2440 11 30 i
479 2440 168 30 utskottets
666 2441 144 38 yttrande
829 2440 42 41 på
888 2451 23 21 s.
942 2442 9 30 5
971 2452 69 20 som
1059 2442 106 40 börjar
1183 2444 73 30 med
1277 2445 93 30 »Vad
1388 2444 53 31 så»
1463 2446 62 31 och
1544 2447 60 30 slu-

121 2498 48 26 tar
183 2493 74 30 med
273 2493 71 31 »för
358 2493 115 40 Kungl.
488 2493 114 40 Maj:t»
620 2494 72 32 bort
705 2495 42 30 ha
760 2495 141 40 följande
914 2495 128 40 lydelse:
