1893 2836
320 195 22 32 4
736 194 251 32 Statsutskottets
1001 193 160 32 utlåtande
1174 204 36 20 nr
1223 193 21 31 8
1257 192 34 32 år
1327 193 66 31 1970

369 277 166 32 Utskottet.
555 277 65 31 Vid
638 276 256 41 organisationen
912 286 39 21 av
969 276 61 31 den
1048 275 184 31 nuvarande
1250 273 299 40 skolöverstyrelsen
1566 272 180 32 bestämdes
1765 276 43 26 att

321 332 71 31 dess
414 332 127 40 styrelse
562 331 100 32 skulle
680 331 99 38 bestå,
800 332 140 30 förutom
960 340 39 22 av
1016 330 123 32 verkets
1159 329 267 41 generaldirektör
1444 329 60 31 och
1521 327 227 37 överdirektör,
1769 336 39 21 av

321 388 55 30 nio
394 397 39 21 av
450 387 115 40 Kungl.
583 386 96 40 Maj:t
695 386 134 32 utsedda
846 386 185 37 ledamöter,
1048 394 97 22 varav
1160 390 46 26 tre
1223 384 195 31 företrädare
1435 383 50 31 för
1503 381 305 41 arbetstagarintres-

323 451 64 22 sen.
409 442 148 31 Därefter
576 441 58 31 har
653 441 115 40 Kungl.
788 440 96 40 Maj:t
903 441 62 30 den
989 440 38 31 10
1045 440 68 40 juni
1135 440 83 31 1969
1238 439 160 30 meddelat
1415 437 238 32 bestämmelser
1672 446 53 21 om
1743 436 65 30 för-

321 496 276 31 söksverksamhet
619 495 75 32 med
718 494 439 41 studeranderepresentation
1180 494 10 30 i
1212 493 238 39 överstyrelsen,
1474 492 135 31 varefter
1632 500 69 22 som
1722 490 87 31 leda-

322 556 68 27 mot
407 561 39 21 av
462 551 150 40 styrelsen
629 551 50 30 för
693 551 88 30 tiden
797 550 61 31 den
876 550 19 31 6
912 550 177 40 september
1109 549 194 31 1969—den
1320 548 42 31 30
1379 547 67 40 juni
1467 547 85 31 1970
1569 546 182 31 förordnats
1769 554 40 22 en

321 606 141 31 ledamot
484 615 39 22 av
543 605 141 40 Sveriges
707 605 118 31 elevers
847 603 349 41 centralorganisations
1219 603 137 39 styrelse.
1386 603 6 29 I
1411 601 202 32 motionerna
1632 600 94 31 1:282
1748 599 61 31 och

323 661 110 31 II:216
452 660 114 31 uttalas
587 665 45 26 att
650 660 53 31 det
722 659 100 31 skulle
839 668 77 22 vara
932 658 149 40 naturligt
1097 658 75 30 med
1190 667 40 21 en
1247 656 177 41 ytterligare
1441 655 186 40 utvidgning
1645 664 38 21 av
1701 654 108 40 styrel-

324 725 66 28 sen,
413 716 61 30 och
495 714 238 32 motionärerna
753 714 181 31 hemställer
953 713 109 31 därför
1082 717 43 26 att
1145 712 170 40 riksdagen
1336 711 58 31 hos
1415 710 116 40 Kungl.
1552 709 96 40 Maj:t
1669 708 141 32 anhåller

323 775 45 26 att
386 770 62 31 alla
465 779 136 31 grupper
620 779 70 21 som
708 771 33 29 är
759 768 201 31 verksamma
976 768 10 30 i
1005 767 112 32 skolan
1132 777 55 30 ges
1205 766 250 40 representation
1471 765 10 31 i
1498 763 309 40 skolöverstyrelsen.

322 825 96 31 Detta
438 824 100 31 skulle
556 824 95 40 enligt
670 824 235 30 motionärerna
923 823 81 39 ligga
1023 822 10 30 i
1050 822 73 39 linje
1143 822 72 30 med
1235 822 61 30 den
1314 822 126 30 strävan
1459 829 74 21 man
1551 819 82 31 hade
1650 818 53 32 vid
1721 827 88 30 nyss-

324 879 140 30 nämnda
485 879 214 38 organisation
719 887 38 20 av
777 878 237 38 överstyrelsen,
1035 876 159 39 nämligen
1213 881 44 24 att
1276 876 87 29 inom
1382 875 71 29 dess
1472 874 129 38 ledning
1618 873 33 30 få
1669 872 74 30 med
1760 872 49 30 fö-

323 932 160 32 reträdare
497 932 50 32 för
561 932 39 31 de
615 941 137 31 grupper
766 941 69 22 som
848 930 113 32 verkar
975 930 87 32 inom
1077 929 122 32 skolan.

368 988 162 31 Utskottet
546 987 54 31 vill
618 987 73 30 med
710 986 167 39 anledning
895 995 38 21 av
950 984 292 40 motionsyrkandet
1258 982 209 40 understryka
1483 982 106 31 vikten
1605 991 39 21 av
1661 985 44 26 att
1719 978 91 33 över-

325 1042 166 40 styrelsens
512 1041 129 40 styrelse
659 1041 58 30 har
737 1040 35 31 så
790 1039 62 41 god
870 1039 135 32 kontakt
1022 1049 70 21 som
1108 1038 123 40 möjligt
1247 1038 74 30 med
1340 1038 39 30 de
1399 1037 85 31 olika
1502 1045 137 31 grupper
1657 1045 70 21 som
1745 1035 65 30 del-

325 1102 47 26 tar
391 1096 10 31 i
421 1097 75 30 eller
513 1095 43 41 på
575 1100 97 27 annat
690 1096 60 30 sätt
767 1095 110 31 berörs
897 1104 39 21 av
953 1093 242 32 verksamheten
1214 1093 88 30 inom
1321 1091 121 32 skolan.
1462 1090 208 41 Synpunkten
1687 1090 57 30 har
1763 1089 47 31 sin

322 1150 161 40 betydelse
507 1149 83 32 både
614 1149 53 31 vid
691 1148 196 40 utväljandet
911 1157 38 22 av
973 1148 39 30 de
1035 1147 69 31 icke
1128 1146 207 40 självskrivna
1356 1146 219 31 ledamöterna
1597 1154 39 21 av
1660 1144 151 39 styrelsen

325 1206 60 31 och
407 1215 70 21 som
500 1214 39 21 en
560 1203 165 41 riktpunkt
744 1203 50 31 för
817 1203 120 31 arbetet
957 1202 87 31 inom
1066 1202 195 30 densamma.
1284 1201 76 30 Som
1380 1200 237 31 motionärerna
1638 1198 98 40 själva
1755 1197 56 41 på-

324 1260 96 40 pekat
442 1260 97 39 ligger
561 1258 172 31 emellertid
756 1257 118 32 bakom
898 1257 39 30 de
959 1256 184 31 nuvarande
1163 1255 282 31 bestämmelserna
1467 1264 52 21 om
1541 1253 166 40 styrelsens
1729 1261 82 22 sam-

324 1314 217 39 mansättning
559 1313 63 40 just
642 1322 40 22 en
701 1312 76 40 vilja
797 1317 44 26 att
859 1311 33 31 få
911 1311 74 31 med
1004 1314 254 36 representanter
1276 1309 51 31 för
1346 1308 86 32 olika
1450 1308 280 40 intressegrupper,
1752 1307 60 30 och

325 1374 44 25 ett
388 1368 178 40 ytterligare
584 1366 125 40 uttryck
729 1367 50 29 för
799 1366 105 30 denna
924 1365 74 39 vilja
1018 1367 33 28 är
1070 1364 129 40 givetvis
1219 1364 62 30 den
1300 1363 43 40 på
1361 1363 111 30 försök
1491 1362 126 30 införda
1637 1362 175 38 elevrepre-

324 1422 209 32 sentationen.
555 1421 107 40 Enligt
682 1420 167 31 utskottets
871 1419 129 40 mening
1021 1421 33 28 är
1076 1419 39 30 de
1136 1419 9 30 i
1168 1418 112 31 skolan
1300 1417 203 31 verksamma
1523 1417 289 38 arbetstagargrup-

324 1487 100 30 perna
449 1478 9 29 i
483 1476 103 40 rimlig
611 1476 77 40 grad
712 1474 260 40 representerade
996 1474 9 30 i
1029 1473 154 40 styrelsen
1205 1482 117 31 genom
1347 1472 69 31 sina
1439 1470 372 40 huvudorganisationer.

325 1532 80 30 Med
428 1532 124 38 hänsyn
574 1530 104 31 härtill
700 1530 85 30 finns
809 1529 53 31 det
884 1528 96 40 enligt
1001 1528 168 31 utskottets
1191 1527 131 39 mening
1343 1526 64 31 inte
1431 1526 68 30 skäl
1521 1525 51 31 för
1593 1524 154 32 utskottet
1769 1529 43 25 att

325 1586 118 31 föreslå
463 1585 169 40 riksdagen
655 1589 45 26 att
721 1585 76 39 göra
819 1583 52 31 det
893 1592 39 22 av
952 1582 225 31 moionärerna
1196 1581 146 31 önskade
1362 1580 178 31 uttalandet
1561 1589 53 21 om
1634 1589 41 21 en
1695 1578 118 41 ytterli-

326 1650 73 31 gare
422 1639 186 41 utvidgning
631 1649 39 21 av
693 1638 161 40 styrelsen.
877 1637 163 31 Utskottet
1062 1636 161 40 avstyrker
1245 1635 109 31 därför
1374 1635 202 30 motionerna
1597 1633 92 31 såvitt
1709 1633 39 31 de
1770 1642 42 21 nu

326 1698 34 28 är
375 1696 9 30 i
398 1695 99 40 fråga.

371 1748 162 32 Utskottet
551 1748 58 30 har
627 1747 64 31 inte
710 1746 105 31 funnit
833 1745 170 40 anledning
1021 1745 45 31 till
1084 1745 126 31 erinran
1227 1749 69 26 mot
1313 1743 116 40 Kungl.
1448 1743 111 39 Maj:ts
1576 1742 120 40 förslag
1713 1742 101 31 under

327 1803 208 32 förevarande
550 1803 102 40 punkt
668 1802 61 30 och
745 1801 167 40 tillstyrker
928 1800 108 31 därför
1052 1800 95 30 detta.

371 1861 161 32 Utskottet
551 1860 180 31 hemställer

693 1917 27 30 1.
746 1921 44 26 att
808 1916 169 39 riksdagen
997 1915 45 30 till
1059 1914 307 38 Skolöverstyrelsen
1384 1913 52 31 för
1453 1912 186 40 budgetåret
1662 1912 148 36 1970/71

647 1974 124 31 anvisar
785 1979 45 25 ett
843 1973 246 39 förslagsanslag
1102 1982 38 21 av
1154 1972 43 30 42
1211 1972 61 31 981
1289 1972 65 30 000
1368 1971 58 36 kr.,

690 2032 30 30 2.
747 2036 44 26 att
810 2031 170 39 riksdagen
1000 2029 102 32 avslår
1121 2029 201 31 motionerna
1340 2029 95 31 1:282
1455 2028 61 31 och
1535 2027 110 32 II:216
1664 2027 11 30 i
1693 2026 63 31 vad
1775 2026 39 31 de

645 2099 90 21 avser
748 2088 324 40 sammansättningen
1085 2097 39 21 av
1136 2086 315 40 skolöverstyrelsens
1466 2085 137 40 styrelse.

370 2207 46 30 12.
438 2205 366 32 Länsskolnämnderna.
825 2203 163 32 Utskottet
1011 2203 169 39 tillstyrker
1200 2201 116 40 Kungl.
1339 2200 99 40 Maj:t
1458 2200 120 39 förslag
1600 2199 114 40 (punkt
1734 2199 30 30 D
1786 2199 27 34 2,

328 2274 23 21 s.
371 2264 189 37 163—164)
577 2263 60 31 och
651 2262 181 31 hemställer

691 2324 44 26 att
755 2319 169 39 riksdagen
944 2318 45 30 till
1009 2317 356 31 Länsskolnämnderna
1384 2316 50 30 för
1453 2314 187 41 budgetåret
1663 2314 149 36 1970/71

648 2376 125 31 anvisar
788 2381 43 26 ett
845 2375 246 40 förslagsanslag
1106 2384 39 21 av
1160 2375 43 30 22
1220 2374 60 31 118
1294 2374 66 30 000
1376 2373 46 31 kr.

378 2493 48 30 13.
452 2492 341 31 Läroboksnämnden.
809 2491 163 31 Utskottet
988 2490 169 39 tillstyrker
1171 2489 117 39 Kungl.
1305 2488 112 40 Maj:ts
1432 2488 119 39 förslag
1566 2487 115 40 (punkt
1695 2487 31 29 D
1743 2487 30 36 3,
1791 2496 21 20 s.

330 2547 188 37 164—165)
533 2547 60 30 och
605 2546 180 31 hemställer
