1878 2790
260 133 18 27 2
697 134 307 32 Bankoutskottets
1029 134 176 32 utlåtande
1227 144 42 21 nr
1297 138 48 29 29.

264 219 57 31 vid
340 219 129 31 Hamre
488 220 166 36 egendom
675 220 68 30 den
766 220 39 30 19
825 220 88 36 april
936 220 93 37 1944,
1050 220 149 30 varefter
1216 221 71 30 han
1307 220 116 37 flyttat
1442 220 52 31 till
1516 221 147 36 Lundby
1686 220 85 37 gård

262 269 12 30 i
297 270 201 30 Badelunda
520 270 136 36 socken,
682 270 63 30 där
770 271 71 29 han
863 270 137 36 förhyrt
1021 270 123 30 bostad
1166 271 66 30 och
1256 271 110 30 under
1389 270 220 32 skördetiden
1632 270 138 31 anlitats

262 319 57 31 för
335 319 164 37 tillfälligt
519 320 114 31 arbete
653 323 88 28 utan
760 323 49 29 att
829 321 88 30 dock
936 321 91 30 hava
1046 319 135 32 erhållit
1198 321 210 37 anställning
1424 322 12 30 i
1456 321 144 37 egentlig
1619 321 150 37 mening.

264 370 229 36 Westerlund,
521 370 133 36 Olsson,
680 370 199 31 Johansson
901 371 66 30 och
992 371 148 30 Larsson
1163 371 92 31 hava
1279 371 202 37 entledigats
1506 370 80 32 från
1611 371 75 31 sina
1710 380 59 22 an-

262 420 203 36 ställningar
485 420 57 31 vid
563 421 130 30 Hamre
714 421 166 36 egendom
899 420 81 32 från
999 421 65 30 och
1083 422 80 30 med
1183 421 67 30 den
1271 422 15 29 1
1307 421 188 31 november
1515 422 82 29 1944
1618 431 81 23 men
1719 431 50 20 er-

263 469 98 32 hållit
384 469 154 32 tillstånd
559 473 50 28 att
630 471 134 31 kvarbo
785 472 63 30 där
867 471 51 31 till
939 472 67 30 den
1031 472 14 29 1
1069 471 88 37 april
1180 472 93 30 1945.

308 520 50 30 Av
387 520 253 32 landsfiskalen
667 521 11 29 i
706 520 159 31 Västerås
894 520 139 31 distrikt
1059 521 163 30 lämnade
1249 520 176 37 uppgifter
1451 521 147 31 rörande
1626 520 44 31 de
1698 524 70 27 ent-

263 571 156 36 ledigade
446 571 71 30 fem
545 571 186 31 arbetarna
758 571 77 36 giva
862 571 58 31 vid
946 571 150 35 handen,
1126 574 50 28 att
1204 571 42 30 de
1275 572 111 30 sakna
1414 570 183 38 tillgångar
1626 572 66 30 och
1719 575 51 27 att

264 621 264 36 möjligheterna
547 621 55 31 för
621 622 80 30 dem
721 625 50 27 att
790 620 131 32 erhålla
943 631 48 27 ny
1013 621 265 37 stadigvarande
1301 621 211 39 anställning
1529 621 45 37 på
1593 622 114 36 grund
1726 631 44 21 av

264 673 96 31 ålder
382 673 66 31 och
472 673 135 31 nedsatt
632 672 273 37 arbetsförmåga
929 673 97 31 torde
1052 682 82 21 vara
1156 672 205 37 obetydliga.
1386 673 107 36 Ingen
1516 683 43 21 av
1583 673 184 31 arbetarna

264 724 66 30 har
352 722 318 39 försörjningsplikt
691 727 74 27 mot
784 722 233 38 minderåriga
1037 723 96 31 barn.
1158 723 107 31 Deras
1287 723 104 36 ålder,
1414 723 192 36 civilstånd,
1628 723 140 32 anställ-

264 774 189 36 ningstider
472 774 66 30 och
557 772 428 38 avlöningsförhållanden
1004 774 58 30 vid
1083 773 129 31 Hamre
1232 774 168 37 egendom
1421 773 136 37 framgå
1577 784 43 20 av
1638 774 130 31 nedan-

265 824 141 31 stående
424 823 104 32 tablå.

1205 911 2 18 |

784 938 2 12 |
1323 948 11 4 s
1506 924 163 30 Årsavlönin,

262 964 2 34 |
456 963 141 23 Namn
784 968 2 75 |
819 962 142 25 Födelseår
993 964 2 31 |
1025 963 151 24 Civilstånd
1205 930 2 33 |
1246 942 133 66 Anställd
1429 958 76 38 (inkl.
1516 936 248 85 naturaförmåner)

262 1000 2 3 |
993 999 2 24 |
1601 1004 13 16 r

993 1025 6 25 UI
1205 1030 2 13 |

261 1011 3 75 |

262 1087 46 25 IG.
328 1088 34 23 M.
382 1088 391 25 Westerlund.............
783 1097 2 18 |
857 1082 64 42 1881
1034 1089 51 30 gift
1204 1092 2 26 |
1279 1087 65 26 1897
1538 1088 15 25 2
1563 1087 91 26 790:—

277 1131 31 23 AL
329 1130 30 23 BE:
380 1130 100 24 ÖJSSON,
498 1148 6 6 I
514 1148 259 7 sassmee:
652 1125 8 41 I
670 1148 103 7 seems
782 1117 3 28 |
857 1125 65 41 1884
1034 1131 111 31 änkling
1204 1121 2 44 |
1278 1129 65 26 1921
1538 1130 16 25 2
1562 1129 92 26 755:—-

276 1172 32 23 Är
327 1171 25 24 SS;
369 1172 154 24 JOHANSSON
533 1190 241 7 s0svas
633 1165 26 41 tv
669 1190 105 7 eovemes
782 1146 3 49 |
857 1166 65 41 1884
1034 1174 50 29 gift
1203 1171 2 31 |
1278 1171 66 26 1924
1538 1171 16 26 2
1563 1172 91 26 740:—

262 1213 47 31 |K.
329 1213 31 24 E.
378 1214 152 24 Pettersson
550 1231 223 7 ..............
782 1196 3 56 |
856 1212 66 26 1886
994 1213 2 11 |
1033 1215 50 29 gift
1204 1210 1 5 |
1279 1213 75 25 1924
1537 1212 116 27 2700:—

262 1250 46 34 IK.
328 1255 28 24 G.
378 1255 126 24 Larsson.
516 1255 268 25 ......sessessese]
856 1248 65 42 1889
993 1273 2 13 |
1033 1257 50 30 gift
1278 1254 65 26 1928
1414 1284 2 2 |
1537 1256 15 24 2
1562 1255 91 26 840:—

283 1298 28 28 1
329 1298 146 39 Dessutom
494 1314 118 24 anställd
631 1315 89 23 under
738 1314 65 24 åren
823 1312 174 27 1914—1918.

306 1399 65 31 Det
390 1398 109 39 årliga
518 1400 120 31 värdet
657 1409 44 22 av
723 1400 42 31 de
785 1400 314 37 naturaförmåner,
1123 1411 75 21 som
1219 1401 231 31 förenämnda
1474 1401 157 31 arbetare
1653 1401 114 38 åtnju-

262 1450 42 32 tit
323 1450 58 32 vid
403 1450 131 32 Hamre
552 1452 181 36 egendom,
755 1452 65 31 har
837 1453 221 36 uppskattats
1078 1452 52 32 till
1150 1453 66 30 600
1237 1453 130 31 kronor
1386 1453 57 31 för
1463 1452 195 32 Pettersson
1675 1456 93 28 samt

265 1498 51 31 till
337 1500 15 29 1
366 1499 67 31 340
449 1500 129 31 kronor
595 1500 56 31 för
667 1510 106 21 envar
792 1510 44 22 av
851 1502 43 30 de
913 1501 128 38 övriga.

305 1550 341 39 Flygförvaltningen
671 1552 68 31 har
761 1552 11 30 i
797 1551 179 32 utlåtande
999 1552 66 31 den
1088 1553 42 31 30
1153 1562 96 22 mars
1276 1553 83 30 1944
1383 1553 185 36 hemställt,
1594 1557 50 27 att
1667 1552 101 38 årligt

261 1601 188 31 understöd
467 1601 106 33 måtte
589 1603 164 30 utverkas
775 1601 36 33 åt
829 1602 267 38 ifrågavarande
1117 1603 73 31 fem
1209 1603 157 31 arbetare
1384 1606 50 28 att
1455 1602 81 39 utgå
1554 1602 80 32 från
1656 1604 111 37 dagen

261 1651 55 31 för
337 1652 274 31 vederbörandes
631 1652 241 37 entledigande
892 1652 81 32 från
992 1653 256 38 anställningen
1267 1654 59 31 vid
1346 1654 139 31 Hamre.
1507 1650 261 35 Ämbetsverket

260 1702 67 30 har
344 1702 124 31 därvid
489 1703 125 37 anfört,
637 1707 51 27 att
709 1703 57 31 det
785 1704 80 30 med
884 1704 139 36 hänsyn
1043 1703 51 31 till
1113 1704 203 31 arbetarnas
1336 1703 97 32 ålder
1453 1704 79 33 ville
1554 1714 114 28 synas,
1689 1714 77 22 som

260 1761 59 22 om
337 1752 103 37 ingen
459 1763 44 21 av
520 1753 77 32 dem
616 1754 93 30 hade
725 1753 180 38 möjlighet
922 1757 50 28 att
992 1753 132 32 erhålla
1141 1764 48 27 ny
1209 1754 220 37 anställning,
1448 1765 76 21 som
1541 1756 118 30 kunde
1676 1759 90 33 tryg-

259 1811 44 28 ga
320 1803 89 31 hans
426 1803 153 31 framtid.
599 1804 15 30 I
633 1804 173 31 anseende
824 1804 50 30 till
893 1804 45 31 de
955 1804 212 31 förändrade
1186 1804 255 37 förhållanden,
1461 1805 94 32 vilka
1573 1806 120 30 inträtt
1711 1806 56 31 för

259 1853 147 31 berörda
431 1854 157 31 arbetare
611 1854 67 31 och
705 1854 94 31 vilka
824 1864 81 21 vore
931 1854 170 31 likartade
1128 1855 81 31 med
1233 1856 90 35 dem,
1350 1865 75 21 som
1451 1856 203 32 föranledde
1682 1857 82 31 1937

261 1904 56 32 års
339 1905 142 37 riksdag
501 1908 51 28 att
571 1905 128 32 bereda
721 1906 190 37 ersättning
930 1905 36 32 åt
988 1906 156 31 arbetare
1165 1906 59 31 vid
1245 1906 135 37 Hässlö,
1400 1906 129 38 ansåge
1550 1906 215 38 flygförvalt-

259 1953 127 37 ningen
410 1955 76 30 skäl
509 1954 166 37 föreligga
701 1954 57 31 för
781 1959 49 26 att
855 1955 190 31 understöd
1067 1965 43 21 av
1134 1955 200 32 statsmedel
1357 1956 189 37 beviljades
1569 1958 89 30 även
1681 1957 12 31 i
1716 1966 50 22 nu

261 2005 234 37 föreliggande
518 2005 70 31 fall.
614 2005 344 38 Flygförvaltningen
982 2006 177 38 föresloge,
1184 2010 50 28 att
1257 2008 43 31 de
1321 2007 110 37 årliga
1451 2008 235 32 understöden
1708 2009 56 31 be-

261 2056 151 30 stämdes
433 2056 52 30 till
506 2056 65 30 300
592 2057 132 30 kronor
743 2057 56 30 för
819 2056 150 32 Larsson
988 2058 66 30 och
1076 2056 52 32 till
1148 2057 66 31 480
1233 2058 130 31 kronor
1381 2058 57 31 för
1457 2068 106 22 envar
1581 2068 43 22 av
1643 2059 44 31 de
1706 2059 58 31 öv-

260 2114 82 29 riga.

300 2155 263 38 Föredragande
585 2156 381 38 departementschefen
988 2158 65 30 har
1075 2157 129 32 anfört:

302 2213 79 32 Med
406 2215 138 37 hänsyn
569 2216 51 30 till
645 2219 49 27 att
720 2215 265 39 ifrågavarande
1009 2217 156 31 arbetare
1190 2218 76 31 icke
1290 2218 88 31 varit
1404 2219 170 31 anställda
1599 2219 12 29 i
1637 2221 128 29 statens

257 2255 108 37 tjänst
386 2257 42 30 är
449 2258 57 31 det
529 2257 12 30 i
566 2257 67 31 viss
657 2257 84 32 mån
766 2259 179 36 tveksamt,
973 2268 57 21 om
1054 2260 188 31 understöd
1265 2260 82 31 eller
1369 2269 118 24 annan
1510 2260 189 37 ersättning
1722 2269 42 22 av

257 2299 197 30 statsmedel
472 2300 62 30 bör
552 2300 163 31 utverkas
733 2299 35 32 åt
786 2300 89 32 dem.
895 2300 122 32 Såsom
1036 2301 11 30 i
1066 2302 141 30 ärendet
1226 2301 144 32 erinrats
1388 2302 65 31 har
1471 2301 188 32 emellertid
1678 2302 88 31 riks-

256 2340 111 36 dagen
390 2340 145 37 tidigare
558 2341 143 37 beviljat
725 2341 107 38 årliga
855 2343 189 31 understöd
1067 2343 82 31 eller
1170 2343 305 38 flyttningsbidrag
1497 2343 35 32 åt
1557 2343 91 31 vissa
1672 2345 11 29 i
1706 2354 58 21 en-

257 2382 91 31 skild
370 2383 108 36 tjänst
502 2384 171 31 anställda
696 2384 157 32 arbetare
873 2384 59 32 vid
954 2385 125 31 Hässlö
1100 2385 179 37 egendom,
1301 2385 93 31 vilka
1415 2386 53 31 till
1488 2384 91 38 följd
1600 2395 45 21 av
1665 2395 99 28 egen-

256 2424 144 31 domens
419 2425 316 37 ianspråktagande
754 2425 56 31 för
828 2427 217 36 flygvapnets
1064 2427 150 37 räkning
1231 2426 73 38 gått
1325 2426 182 39 förlustiga
1528 2427 75 32 sina
1625 2428 139 31 anställ-
