2156 2630
453 214 215 30 Sammansatta
691 212 88 31 Stats-
805 211 64 40 (och
892 209 248 41 Lag-)Utskottets
1167 209 152 31 Utlåtande
1342 209 59 29 N:o
1426 209 28 29 9.
1736 206 18 29 3

159 295 104 38 äfven
305 293 256 39 erfarenheten
600 291 84 38 från
726 292 115 36 andra
875 291 129 37 länder
1032 290 85 37 med
1146 290 90 36 eller
1264 293 91 32 utan
1384 287 214 49 skogslagar
1626 285 57 38 för
1711 286 45 36 de

158 349 166 38 enskilda
352 350 177 48 skogarne
557 345 196 39 bekräftat.

264 404 55 36 De
359 404 144 48 privata
544 402 181 49 skogarne
767 400 125 36 kunna
920 399 12 36 i
960 398 204 37 allmänhet
1205 397 79 37 icke
1318 398 119 35 skötas
1465 395 185 44 rationellt,
1677 394 79 36 icke

160 458 113 37 heller
301 456 38 38 så
367 456 257 50 själfständigt,
652 468 77 23 som
758 459 52 31 ett
838 453 158 36 ordnadt
1024 452 206 49 skogsbruk
1254 451 179 48 betingar.
1479 448 277 50 Skogsskötseln

160 518 108 43 utgör
295 512 13 35 i
336 512 146 48 privata
506 510 138 37 händer
672 521 44 23 en
736 507 180 49 binäring,
936 520 44 23 en
996 506 234 49 hjälpnäring
1249 504 59 37 för
1327 505 45 36 de
1387 503 114 36 andra
1520 503 234 48 näringarna,

161 566 66 37 och
256 566 126 36 därtill
411 566 180 42 kommer,
622 567 56 31 att
705 561 197 37 tendensen
933 560 202 49 vanligtvis
1163 565 40 29 är
1231 558 130 37 denna:
1389 558 74 36 »låt
1490 569 102 37 yxan
1621 555 55 50 gå,
1696 555 62 36 det

160 621 125 35 räcker
325 631 75 37 nog
426 619 13 34 i
468 617 65 37 vår
574 616 82 37 tid»
711 615 223 49 Vinstbegär
975 615 68 35 och
1085 612 185 50 nödtvång
1312 619 61 29 äro
1402 611 44 36 de
1474 610 176 44 faktorer,
1678 621 79 24 som

162 675 95 48 spela
289 674 38 35 in
356 673 12 35 i
396 671 168 38 afseende
584 670 21 36 å
633 673 70 35 den
731 670 145 49 privata
904 668 279 49 skogsskötseln,
1211 667 246 48 vinstbegäret
1484 669 55 31 att
1566 665 46 48 på
1640 663 118 48 möjli-

162 733 99 44 gaste
302 727 106 36 korta
448 726 56 36 tid
545 723 117 39 skaffa
704 724 55 49 sig
786 727 132 32 största
946 723 150 48 möjliga
1124 721 98 36 vinst
1249 720 67 37 och
1343 717 227 50 nödtvånget
1597 717 20 36 å
1645 717 113 36 andra

162 782 101 36 sidan
292 785 55 32 att
375 779 163 38 anskaffa
567 779 118 36 medel
712 778 59 35 till
800 777 204 48 aflöningar
1028 776 68 35 och
1119 774 58 37 för
1204 779 54 31 att
1286 774 120 36 betala
1424 776 124 32 räntor
1566 771 61 36 till
1646 771 112 36 aktie-

162 843 108 42 ägare
299 834 66 37 och
394 831 461 52 obligationsinnehafvare
884 831 88 35 eller
1000 826 479 51 inteckningsinnehafvare,
1508 825 69 37 och
1596 832 65 29 när
1680 825 78 36 sko-

163 902 68 36 gen
260 894 41 32 är
329 887 186 46 afverkad,
545 893 40 29 är
613 899 44 24 en
686 884 285 50 skogsegendom
1000 884 13 35 i
1036 883 45 36 de
1109 882 103 37 flesta
1239 882 69 36 fall
1336 880 191 50 ingenting
1555 878 100 38 värd.

269 943 92 36 Helt
397 946 111 31 annat
549 948 42 29 är
633 938 245 37 förhållandet
906 937 83 37 med
1018 938 44 35 de
1090 937 188 35 allmänna
1306 935 177 49 skogarne
1511 934 13 35 i
1553 932 81 37 vårt
1662 932 96 36 land.

164 997 53 36 De
258 995 55 38 stå
354 995 117 37 under
512 998 136 33 statens
690 992 194 49 varaktiga
924 991 91 37 vård
1050 990 67 37 och
1145 989 181 45 kontroll;
1355 988 65 37 där
1449 994 40 29 är
1516 986 244 50 skogsbruket

163 1049 272 45 hufvudsaken;
465 1049 66 36 där
559 1047 184 37 bedrifves
771 1046 62 36 det
860 1044 259 50 själfständigt,
1147 1042 205 38 oberoende
1380 1040 41 38 af
1436 1041 116 36 andra
1571 1041 187 47 näringar;

164 1105 65 36 där
257 1112 40 29 är
326 1102 174 38 bildande
529 1103 38 35 af
595 1100 249 50 skogskapital
872 1099 69 36 och
969 1098 303 49 skogskapitalets
1301 1095 205 38 bevarande
1534 1094 226 49 principiellt

163 1158 204 49 fastslaget;
409 1157 66 36 där
516 1154 157 39 sträfvar
714 1167 85 23 man
833 1152 90 38 efter
956 1155 53 34 att
1036 1151 38 37 få
1102 1149 283 40 virkesförrådet
1412 1148 37 38 så
1477 1152 101 41 stort,
1606 1150 55 34 att
1689 1147 70 36 den

165 1212 116 49 årliga
313 1212 196 36 tillväxten
543 1210 127 36 räcker
697 1209 80 35 icke
806 1208 155 36 allenast
988 1207 62 35 till
1074 1203 191 47 husbehof,
1297 1206 88 34 utan
1413 1201 111 38 äfven
1551 1202 61 36 till
1641 1202 118 35 råma-

165 1267 103 35 teriel
309 1264 58 38 för
407 1264 186 50 sågverks-
623 1263 67 36 och
716 1260 290 50 järnindustrien
1035 1261 68 34 och
1132 1259 74 35 alla
1235 1257 119 49 öfriga
1381 1257 185 48 näringar,
1596 1268 77 23 som
1701 1267 59 23 an-

166 1320 117 35 vända
311 1323 69 41 trä;
409 1319 66 35 där
503 1317 119 48 spelar
649 1316 81 36 icke
758 1315 249 48 vinstbegäret
1035 1313 91 36 eller
1145 1311 224 49 nödtvånget
1387 1311 47 44 in,
1454 1309 153 37 emedan
1626 1310 135 34 statens

166 1374 151 36 ambets-
358 1372 67 36 och
468 1372 219 47 tjänstemän
729 1369 81 36 icke
837 1368 110 37 hafva
975 1367 186 49 personlig
1189 1365 118 36 fördel
1335 1363 40 38 af
1401 1366 54 34 att
1483 1363 61 37 det
1572 1375 66 24 ena
1666 1360 95 37 årets

166 1426 217 49 afverkning
424 1432 42 29 är
503 1427 114 35 större
659 1430 46 29 än
738 1422 61 37 det
832 1421 145 45 andras,
1007 1425 90 32 utan
1126 1424 158 33 tvärtom
1312 1418 111 36 hafva
1451 1418 94 48 plikt
1572 1417 69 35 och
1669 1417 93 34 stort

167 1480 203 50 personligt
398 1491 133 25 ansvar
559 1478 11 35 i
599 1476 168 38 afseende
795 1475 21 37 å
843 1476 177 49 tillsynen
1049 1473 41 37 af
1115 1475 55 35 att
1198 1473 134 49 skogen
1362 1472 153 36 bevaras
1533 1471 69 36 och
1621 1471 141 35 lämnar

167 1548 44 23 en
239 1533 159 49 uthållig
425 1531 211 50 afkastning
662 1531 80 36 icke
770 1530 153 36 allenast
950 1528 57 37 för
1035 1528 69 36 den
1124 1526 239 46 närvarande,
1382 1530 90 31 utan
1492 1524 57 37 för
1568 1524 73 36 alla
1660 1523 101 36 kom-

167 1589 129 36 mande
324 1587 260 50 generationer.

273 1641 68 37 Att
381 1641 69 36 öka
490 1640 147 36 arealen
670 1636 41 38 af
737 1637 44 37 de
810 1638 188 35 allmänna
1027 1636 179 48 skogarne
1233 1638 39 32 är
1300 1632 137 39 således
1466 1636 55 32 att
1548 1630 214 38 säkerställa

167 1696 142 36 landets
342 1694 117 49 årliga
491 1691 243 39 virkesbehof.
789 1690 65 37 Ett
881 1692 58 34 för
966 1689 128 36 landet
1121 1701 101 23 mera
1249 1687 129 36 socialt
1405 1686 69 36 och
1502 1697 102 24 mera
1631 1685 131 36 ekono-

166 1750 110 36 miskt
304 1746 309 50 fruktbringande
641 1746 125 35 arbete
794 1744 104 36 torde
926 1742 184 48 svårligen
1139 1742 123 35 kunna
1290 1739 150 50 påvisas.

272 1802 89 36 Man
390 1803 66 34 har
483 1798 225 39 beträffande
737 1798 279 48 skogsmarkens
1044 1794 246 50 godhetsgrad
1320 1793 66 36 och
1415 1789 274 52 alstringskraft
1712 1791 50 35 in-

168 1856 97 36 delat
293 1855 211 36 densamma
532 1855 12 34 i
575 1855 20 36 5
626 1853 21 36 å
678 1854 20 36 6
728 1852 147 36 klasser.
930 1848 230 51 Byråchefen
1189 1849 12 35 i
1225 1847 309 48 domänstyrelsen
1569 1843 41 38 af
1635 1844 127 37 Zellén

167 1911 105 34 anför
300 1910 12 34 i
337 1914 52 31 ett
416 1909 36 36 af
475 1908 77 36 sina
581 1907 151 36 arbeten
760 1904 160 50 följande
949 1903 170 48 exempel
1147 1901 46 50 på
1221 1902 98 36 hvad
1338 1899 193 50 medelgod
1547 1898 217 49 skogsmark

168 1962 175 37 afkastar:
389 1963 81 36 »vid
508 1960 165 49 100-årig
701 1958 225 49 omloppstid
955 1958 143 35 lämnar
1126 1969 43 23 en
1198 1955 239 47 normalskog
1465 1954 37 36 af
1529 1953 69 36 tall
1627 1953 11 34 i
1668 1951 95 48 3:dje

167 2016 310 37 bonnitetklassen
507 2015 67 36 och
607 2015 111 44 1,000
747 2013 83 35 hars
858 2012 161 35 normalt
1046 2010 231 49 skogbeväxt
1304 2008 129 50 ytvidd
1461 2008 13 34 i
1501 2006 96 49 årlig
1625 2005 137 37 virkes-

166 2069 224 48 afkastning:

168 2159 197 49 årshygget
393 2155 323 50 (slutafverkning)
753 2182 123 8 -......e
883 2179 466 9 sees
1382 2149 116 44 3,730
1528 2146 237 37 kubikmeter

168 2211 273 48 förafverkning
471 2210 324 49 (hjälpgallringar
827 2207 83 36 med
943 2205 156 48 tioåriga
1128 2202 224 47 intervaller)
1387 2202 112 43 1,270
1609 2212 18 24 »

1126 2276 92 35 eller
1251 2274 11 35 i
1290 2274 92 37 alltö
1415 2274 89 45 ,000
1534 2272 232 36 kubikmeter
