1916 2850
300 167 17 30 6
722 169 102 28 Andra
849 169 198 34 lagutskottets
1069 170 152 28 utlåtande
1244 170 44 27 Nr
1310 172 49 26 23.

300 243 139 38 styrkan
461 243 53 33 till
537 243 53 33 det
612 255 44 20 nu
682 243 223 39 föreliggande
926 244 223 39 lagförslaget,
1175 244 170 38 samtidigt
1369 256 67 20 som
1460 245 157 32 utskottet
1641 245 142 32 emeller-

301 296 49 32 tid
373 297 108 32 finner
506 297 53 32 det
583 297 173 39 angeläget
777 297 115 38 uttala,
920 301 49 29 att
992 301 46 29 ett
1062 297 161 39 åtagande
1249 297 74 33 från
1348 298 268 33 statsmakternas
1639 297 73 34 sida
1736 302 49 29 att

301 350 134 32 bekosta
457 349 254 40 ifrågavarande
738 351 252 32 försöksskiften
1015 351 52 32 till
1093 352 53 33 det
1172 351 100 38 antal,
1299 363 67 20 som
1393 351 173 33 framdeles
1592 352 66 32 kan
1682 351 104 33 varda

302 404 148 38 bestämt,
471 403 72 33 icke
563 404 12 32 i
598 405 107 38 någon
727 405 75 31 mån
823 404 232 39 prejudicierar
1076 405 12 32 i
1111 405 97 39 fråga
1230 417 50 20 om
1302 404 241 39 omfattningen
1566 418 40 20 av
1628 404 155 33 blivande

303 456 200 40 statsbidrag
522 457 53 32 till
596 457 39 33 de
656 457 78 39 laga
754 457 133 39 skiften,
909 469 68 21 som
998 457 12 32 i
1031 457 177 40 anledning
1229 470 41 21 av
1292 469 38 21 en
1351 470 89 20 mera
1463 457 152 33 definitiv
1636 457 146 40 lagstift-

302 510 80 39 ning
398 510 12 32 1
426 510 254 40 ifrågavarande
698 510 124 33 trakter
839 511 179 33 sedermera
1035 512 52 31 må
1102 511 131 33 komma
1249 510 53 33 till
1320 511 105 32 stånd.

346 589 216 34 Beträffande
589 590 180 38 detaljerna
792 589 12 32 i
831 590 52 34 det
910 590 222 39 föreliggande
1159 590 216 39 lagförslaget
1401 590 61 33 har
1488 590 157 33 utskottet
1673 591 113 33 funnit

302 643 177 39 anledning
499 643 53 33 till
575 643 129 33 erinran
728 643 77 33 eller
828 643 168 33 uttalande
1020 643 138 34 allenast
1180 644 11 31 i
1215 644 103 32 nedan
1340 643 142 46 angivna
1505 644 213 34 hänseenden.

1008 750 69 40 28.

346 831 19 32 I
383 830 147 40 punkten
551 830 35 41 1)
611 831 132 38 uttalas,
762 834 48 30 att
829 831 165 38 angående
1013 831 243 33 skiftesvitsord
1276 831 85 33 skall
1381 832 99 32 lända
1500 831 52 32 till
1571 831 214 33 efterrättelse

301 884 65 32 vad
385 884 12 32 i
417 884 216 39 kungörelsen
656 884 61 32 den
741 885 39 32 18
804 884 145 33 februari
974 885 82 32 1859
1084 884 55 41 (nr
1164 884 58 41 11)
1249 884 106 33 finnes
1379 885 141 38 stadgat.
1543 885 116 38 Enligt
1681 885 106 32 denna

302 938 105 38 gäller
425 938 101 32 bland
546 941 109 36 annat,
679 941 58 36 att,
760 938 108 32 därest
890 938 186 32 framställd
1096 938 144 39 begäran
1261 950 51 20 om
1333 937 76 39 laga
1430 937 101 33 skifte
1551 939 42 37 på
1614 938 108 39 grund
1743 951 41 20 av

303 990 206 33 bestridande
537 991 101 32 därav
666 991 76 32 från
771 991 159 38 delägare,
959 1003 68 21 som
1055 991 162 32 innehava
1246 1003 87 20 mera
1360 996 41 27 än
1429 991 130 32 hälften
1586 1003 40 22 av
1654 991 131 32 skiftes-

303 1044 104 38 lagets
432 1044 164 38 skattetal,
622 1044 160 38 förfaller,
809 1044 118 38 frågan
952 1056 51 20 om
1028 1044 100 33 skifte
1149 1044 72 32 icke
1247 1044 53 32 får
1321 1045 42 38 på
1388 1047 76 36 nytt
1488 1045 120 32 väckas
1632 1044 88 33 inom
1746 1045 40 32 10

302 1098 36 31 år
357 1097 151 39 därefter,
530 1097 114 33 såvida
663 1097 72 32 icke
755 1097 99 33 minst
875 1097 38 39 23
937 1110 41 21 av
999 1098 175 38 delägarna
1197 1098 112 33 förena
1328 1097 51 39 sig
1399 1097 11 32 i
1430 1110 46 26 ny
1497 1097 192 40 ansökning.
1712 1098 75 32 Med

303 1151 212 33 förevarande
537 1150 200 39 lagförslags
763 1151 156 38 syftemål
942 1151 90 32 torde
1056 1154 280 35 överensstämma,
1363 1154 48 31 att
1436 1163 82 21 ovan
1540 1151 171 39 återgivna
1735 1151 51 33 be-

302 1204 184 33 stämmelse
507 1204 72 33 icke
601 1205 53 31 må
676 1216 93 21 anses
791 1205 49 32 stå
861 1204 181 33 hindrande
1062 1204 12 32 i
1096 1209 105 34 vägen
1224 1205 52 31 för
1297 1205 202 33 tillkomsten
1522 1217 40 20 av
1583 1208 45 29 ett
1651 1204 103 33 skifte
1775 1205 11 31 i

303 1257 145 39 enlighet
476 1257 71 33 med
576 1257 175 39 förslagets
781 1258 113 38 regler,
926 1258 107 32 därest
1062 1258 114 38 övriga
1204 1258 275 38 förutsättningar
1509 1258 111 32 därför
1649 1262 55 28 äro
1736 1258 51 32 för

303 1311 138 33 handen.
464 1311 173 32 Likaledes
661 1311 91 32 torde
775 1311 35 32 få
835 1311 201 38 förutsättas,
1062 1314 48 30 att
1132 1323 39 21 en
1196 1311 182 39 ansökning
1400 1323 51 20 om
1476 1311 100 33 skifte
1598 1311 104 39 enligt
1726 1311 61 32 den

304 1364 186 39 föreslagna
512 1364 106 39 lagen,
645 1376 67 21 som
736 1365 43 38 på
801 1365 106 38 grund
931 1377 42 20 av
994 1364 164 34 bristande
1183 1364 191 39 anslutning
1400 1364 75 32 från
1500 1364 191 39 delägarnas
1716 1364 72 33 sida

304 1417 154 39 förfallit,
488 1417 72 33 icke
590 1418 71 32 med
693 1418 155 32 avseende
878 1418 20 32 å
930 1418 157 32 framtida
1115 1418 144 38 begäran
1290 1430 51 20 om
1370 1418 78 38 laga
1480 1417 99 33 skifte
1611 1419 53 31 må
1694 1429 93 21 anses

302 1470 87 34 hava
410 1470 60 34 den
489 1470 194 34 hämmande
703 1470 167 39 inverkan,
893 1483 67 20 som
984 1471 51 32 för
1056 1471 156 33 förfallen
1233 1471 142 33 ansökan
1397 1471 11 32 i
1430 1471 211 33 förenämnda
1662 1471 124 38 kungö-

304 1525 81 32 relse
407 1524 217 33 föreskrivits.

347 1577 217 33 Beträffande
589 1578 147 38 punkten
764 1577 36 41 3)
829 1578 60 32 har
916 1578 293 33 överlantmätaren
1237 1578 12 32 i
1277 1578 232 39 Kopparbergs
1536 1578 54 32 län
1615 1577 12 32 i
1655 1578 133 38 avgivet

304 1631 168 32 utlåtande
499 1631 195 39 framhållit,
721 1634 48 30 att
793 1631 193 33 tredskande
1013 1632 150 38 delägare
1186 1631 72 34 icke
1284 1632 96 32 borde
1406 1631 35 33 få
1467 1631 117 33 hindra
1610 1643 38 21 en
1676 1632 113 38 nyttig

304 1684 59 32 och
391 1684 99 39 nödig
516 1684 164 39 flyttning
707 1684 87 33 inom
822 1685 192 38 byområdet
1041 1697 40 20 av
1108 1688 45 30 ett
1180 1685 79 32 eller
1286 1690 99 28 annat
1413 1685 200 32 därvarande
1640 1685 62 32 hus
1728 1685 59 32 och

304 1737 186 39 därigenom
514 1737 214 39 omöjliggöra
750 1750 38 21 en
812 1738 153 39 behövlig
988 1738 162 39 reglering
1174 1751 41 20 av
1237 1750 39 21 en
1300 1742 191 35 tomtgräns.
1514 1738 273 39 Lantmäteristy-

305 1791 102 32 relsen
432 1791 61 32 har
516 1791 12 32 i
552 1791 178 39 anledning
753 1791 103 34 härav
878 1792 131 38 uttalat,
1036 1795 48 29 att
1110 1792 159 38 förslaget
1293 1792 71 32 icke
1389 1804 96 26 synes
1510 1792 99 38 lägga
1633 1791 117 33 hinder
1776 1791 12 32 i

303 1848 104 34 vägen
430 1844 51 32 för
502 1844 124 33 mindre
647 1844 184 39 betydande
850 1844 266 40 husflyttningar
1139 1845 51 32 för
1210 1845 139 38 lämplig
1371 1844 164 39 reglering
1555 1857 40 20 av
1617 1847 169 35 tomterna,

304 1897 104 34 vilket
428 1897 89 34 torde
539 1897 82 39 följa
643 1898 112 38 därav,
778 1901 48 29 att
847 1898 106 38 själva
973 1898 164 39 byplanen
1160 1898 86 33 skall
1268 1898 77 39 ingå
1366 1898 11 32 i
1398 1898 305 39 delningsområdet.
1725 1898 62 32 De-

304 1951 313 38 partementschefen
640 1951 62 33 har
725 1951 12 32 i
763 1951 57 33 sitt
846 1952 154 38 yttrande
1022 1952 53 32 till
1102 1952 353 38 statsrådsprotokollet
1479 1951 84 39 givit
1589 1951 49 32 sin
1664 1951 123 32 anslut-

305 2004 80 39 ning
407 2004 54 32 till
484 2004 88 33 detta
596 2005 176 38 styrelsens
796 2005 179 33 uttalande.
998 2005 75 32 Fall
1096 2006 113 33 kunna
1233 2005 177 32 emellertid
1435 2004 117 33 tänkas
1577 2004 209 38 förekomma,

307 2058 41 32 då
366 2070 38 20 en
422 2058 139 39 lämplig
579 2058 264 39 tomtanordning
861 2058 106 33 skulle
986 2058 150 39 ytterligt
1155 2059 174 38 försvåras,
1349 2058 107 32 därest
1474 2057 29 39 ej
1522 2057 170 40 möjlighet
1712 2058 74 32 fun-

307 2123 54 21 nes
380 2111 54 33 till
453 2111 164 39 flyttning
633 2111 72 33 icke
724 2111 83 33 blott
825 2124 40 20 av
883 2115 46 29 ett
947 2112 78 32 eller
1044 2115 99 29 annat
1159 2111 63 33 hus
1242 2111 86 32 inom
1347 2111 68 39 byn
1434 2114 80 29 utan
1532 2111 122 38 jämväl
1672 2124 40 20 av
1732 2111 54 32 hel

306 2165 82 38 gård
406 2164 54 33 till
479 2177 106 20 annan
604 2165 173 39 obebyggd
795 2167 81 30 tomt
894 2165 78 32 eller
991 2165 97 32 lucka
1106 2164 88 32 inom
1212 2165 54 32 det
1283 2164 175 39 bebyggda
1477 2164 143 32 området
1636 2164 78 32 eller
1733 2164 53 32 till

306 2217 98 40 plats,
427 2218 135 39 belägen
584 2218 11 32 i
618 2218 182 33 omedelbar
821 2217 192 40 anslutning
1033 2217 52 33 till
1107 2218 189 32 detsamma.
1317 2217 64 32 För
1401 2217 252 39 tydliggörande
1676 2229 41 21 av
1738 2220 48 30 att

308 2276 82 27 även
411 2271 12 32 1
447 2271 116 33 sådant
585 2271 62 32 fall
668 2271 182 39 åläggande
873 2271 53 32 till
950 2270 163 40 flyttning
1135 2272 53 31 må
1210 2271 12 31 i
1244 2271 152 32 händelse
1419 2283 40 20 av
1483 2270 205 33 bestridande
1711 2271 75 32 från

307 2324 237 33 vederbörande
564 2324 167 39 delägares
751 2324 71 33 sida
839 2324 113 33 kunna
972 2324 171 40 meddelas,
1163 2324 60 32 har
1242 2324 159 32 utskottet
1421 2324 111 32 funnit
1553 2323 50 40 sig
1621 2324 79 32 böra
1721 2324 64 32 för-

308 2378 78 33 orda
402 2378 61 32 den
479 2377 212 39 jämkningen
706 2377 12 33 i
735 2377 162 39 punktens
914 2377 198 39 avfattning,
1131 2380 47 31 att
1197 2377 139 33 framför
1352 2377 89 32 ordet
1458 2377 182 39 »utflytta»
1659 2377 125 39 inskju-

307 2435 50 29 tas
377 2431 96 33 orden
495 2443 59 21 »ur
574 2431 79 38 by».
