1934 2840
271 154 39 30 12
565 153 404 40 Bevillningsutskottets
984 155 219 31 betänkande
1216 165 44 21 nr
1274 157 40 30 75
1328 156 39 31 år
1382 157 84 30 1969

316 234 74 29 Den
410 243 74 21 som
503 235 156 30 inträder
676 236 12 29 i
706 236 289 40 pensionsåldern
1013 237 58 30 vid
1091 237 40 30 65
1152 237 38 30 år
1209 238 64 29 har
1293 239 104 39 enligt
1418 239 338 30 kommunalskatte-

270 288 118 40 lagens
402 289 263 31 bestämmelser
679 290 182 41 möjlighet
877 293 49 28 att
942 291 127 40 utfylla
1081 292 335 31 inkomstbortfallet
1431 294 129 30 mellan
1575 294 181 40 pensions-

271 343 120 30 åldern
409 344 65 30 och
492 344 39 30 67
551 344 47 35 år,
618 344 43 31 då
677 345 146 40 pension
842 345 105 40 enligt
965 347 99 39 lagen
1083 356 56 20 om
1159 347 130 30 allmän
1307 347 200 41 försäkring
1523 348 120 41 börjar
1661 349 93 40 utgå,

272 404 122 32 genom
423 399 49 28 att
499 400 36 28 ta
562 407 43 21 en
633 399 244 41 P-försäkring
903 401 79 29 med
1011 401 68 29 rätt
1106 401 53 30 till
1188 402 128 39 avdrag
1344 402 55 30 för
1427 403 140 39 erlagda
1593 404 160 39 premier.

269 451 517 42 Tjänstepensionsförsäkring
803 454 105 40 enligt
927 455 55 29 det
1002 464 25 21 s.
1046 456 32 29 k.
1098 455 253 40 ITP-systemet
1371 457 38 29 är
1428 456 132 30 således
1576 475 45 3 —
1637 458 11 29 i
1667 459 87 28 mot-

271 508 71 27 sats
358 506 53 30 till
427 507 67 30 vad
510 508 220 30 motionären
748 517 102 31 synes
867 509 85 40 vilja
970 509 82 39 göra
1069 510 159 39 gällande
1244 528 44 2 —
1305 512 49 28 att
1371 511 160 30 betrakta
1550 520 74 21 som
1642 511 112 30 P-för-

270 560 142 40 säkring
424 561 58 30 vid
496 562 278 40 beskattningen.

313 615 77 29 Med
411 615 138 40 hänsyn
571 616 52 30 till
645 617 66 29 den
733 617 160 39 gynnade
915 617 165 41 ställning
1103 627 72 21 som
1199 618 331 41 P-försäkringarna
1551 620 93 29 intar
1665 620 11 29 i
1697 620 56 29 be-

270 669 397 40 skattningshänseende
689 671 38 29 är
748 671 55 29 det
826 672 105 38 enligt
953 673 188 29 utskottets
1162 673 141 39 mening
1325 674 46 28 ett
1394 674 180 39 oavvisligt
1596 674 85 30 krav
1704 676 48 28 att

269 723 149 39 gränsen
438 724 128 30 mellan
589 724 131 30 sådana
742 725 241 40 försäkringar
1004 726 65 30 och
1091 726 286 41 K-försäkringar
1397 728 73 29 inte
1491 728 182 30 utsuddas.
1696 729 57 29 Ett

268 778 271 39 tillgodoseende
556 788 42 20 av
613 779 170 37 yrkandet
800 780 10 29 i
827 780 176 30 motionen
1021 781 110 29 skulle
1147 781 158 30 medföra
1322 783 48 28 att
1388 781 104 31 också
1509 791 82 21 rena
1608 782 145 38 kapilal-

268 832 258 40 utbetalningar
547 833 159 30 kommer
728 835 48 28 alt
798 834 168 30 hänföras
987 835 53 29 till
1061 835 293 40 P-försäkringar.
1378 836 174 30 Utskotlet
1574 846 102 20 anser
1698 837 55 30 för

269 886 53 28 sin
340 886 54 28 del
412 888 46 26 ett
478 886 123 29 sådant
620 888 145 28 resultat
782 888 72 28 inte
872 888 213 38 godtagbart.
1104 889 65 28 Det
1187 890 38 28 är
1243 890 175 37 nämligen
1435 890 118 38 troligt
1572 892 49 26 att
1639 899 43 20 en
1701 890 52 29 så-

268 939 68 29 dan
352 938 313 41 försäkringsform
682 940 112 30 skulle
809 941 142 30 komma
967 943 49 28 att
1032 942 175 40 utnyttjas
1222 942 72 30 inte
1310 943 121 29 endast
1447 943 10 29 i
1473 943 279 40 pensionerings-

268 993 89 37 syfte
376 995 83 28 utan
478 994 105 30 också
601 994 56 30 för
675 996 48 28 att
742 995 116 37 uppnå
877 996 106 29 andra
1003 996 151 30 fördelar
1173 997 12 29 i
1204 996 306 32 skattehänseende
1530 998 45 29 än
1594 1007 74 20 som
1687 998 65 29 föl-

266 1047 52 39 jer
343 1057 42 20 av
408 1048 158 39 gällande
590 1048 262 31 bestämmelser
875 1049 45 40 på
944 1049 167 31 området.
1137 1050 174 30 Utskottet
1335 1051 60 29 vill
1420 1051 191 30 emellertid
1637 1052 115 29 erinra

267 1110 55 20 om
345 1103 49 28 att
414 1102 221 40 möjligheter
657 1102 95 30 finns
774 1105 49 27 att
844 1103 45 40 på
910 1105 106 28 annat
1039 1104 67 30 sätt
1128 1107 121 37 trygga
1270 1104 261 41 försörjningen
1552 1106 111 29 under
1685 1106 66 29 den

267 1156 101 29 korta
384 1156 50 29 tid
452 1156 55 29 det
525 1156 64 29 här
606 1157 38 29 är
662 1156 98 40 fråga
777 1166 67 21 om.
862 1158 77 29 Med
957 1158 56 29 det
1031 1158 148 30 anförda
1197 1159 180 39 avstyrker
1395 1160 169 29 utskottet
1581 1159 100 30 bifall
1698 1159 53 30 till

265 1209 179 30 motionen
458 1210 45 29 II:
520 1210 73 30 821.

311 1263 76 29 Med
401 1264 211 39 hänvisning
626 1265 51 28 till
692 1265 55 29 det
763 1265 147 29 anförda
925 1265 200 30 hemställer
1140 1267 170 29 utskottet

630 1320 49 27 att
694 1319 187 39 riksdagen

631 1372 45 33 A)
705 1373 79 28 med
806 1372 99 29 bifall
927 1373 53 28 till
1003 1374 124 38 Kungl.
1151 1374 124 38 Maj:ts
1297 1374 217 39 proposition
1536 1384 41 19 nr
1602 1375 60 28 162
1686 1375 64 29 och

585 1426 78 29 med
686 1426 117 39 avslag
825 1425 44 41 på
891 1426 178 30 motionen
1093 1427 45 29 II:
1157 1427 82 30 1309
1263 1429 100 28 antar
1386 1428 56 29 det
1464 1428 58 29 vid
1544 1428 206 40 propositio-

584 1488 67 21 nen
672 1479 123 39 fogade
813 1480 165 39 förslaget
996 1481 53 29 till
1068 1481 55 39 lag
1141 1490 56 21 om
1217 1482 148 38 ändring
1382 1482 11 29 i
1412 1482 337 30 kommunalskatte-

586 1533 100 39 lagen
706 1532 117 35 (1928:
839 1533 100 35 370);

628 1587 43 33 B)
702 1587 114 30 avslår

631 1640 33 32 1)
694 1641 179 29 motionen
887 1642 45 28 II:
949 1641 60 30 821
1026 1642 64 29 och

630 1694 37 34 2)
696 1694 178 30 motionen
889 1695 45 29 II:
953 1695 93 30 1308.

309 1764 200 30 Stockholm
526 1765 65 29 den
609 1765 38 29 10
662 1766 180 29 december
859 1766 82 30 1969

697 1854 48 30 På
759 1854 398 40 bevillningsutskottets
1171 1856 146 39 vägnar:

830 1926 116 30 JOHN
971 1926 212 31 ERICSSON

893 2077 225 31 Närvarande

305 2139 80 30 från
441 2140 138 29 första
608 2140 220 30 kammaren:
848 2140 122 30 herrar
985 2141 93 30 John
1096 2142 163 29 Ericsson
1282 2141 64 35 (s),
1365 2141 106 30 Einar
1488 2142 169 30 Eriksson
1680 2142 64 35 (s),

261 2184 212 30 Lundström
494 2184 86 40 (fp),
596 2185 195 39 Wärnberg
811 2185 64 35 (s),
891 2185 105 31 Gösta
1009 2186 193 30 Jacobsson
1223 2186 83 35 (m),
1322 2187 121 30 Tistad
1463 2187 86 40 (fp),
1565 2187 181 30 Wirmark

266 2229 64 35 (s),
346 2230 192 29 Mattsson+
559 2229 89 40 (cp),
666 2230 156 39 Stadling
841 2230 50 34 (s)
910 2231 66 29 och
990 2231 82 29 Karl
1087 2231 200 30 Pettersson
1306 2231 88 35 (m);
1412 2234 89 27 samt

304 2291 79 30 från
415 2292 153 30 andra
600 2292 221 30 kammaren:
845 2293 80 29 herr
946 2293 132 30 Brandt
1106 2293 64 35 (s),
1194 2293 57 30 fru
1273 2294 197 40 Holmqvist
1498 2294 64 35 (s),
1585 2295 82 30 herr
1688 2295 57 30 Vi-

260 2337 115 38 gelsbo
396 2336 89 40 (cp),
502 2337 57 29 fru
575 2337 262 29 Nettelbrandt+
859 2337 86 40 (fp),
960 2338 122 29 herrar
1098 2338 206 30 Kristenson
1325 2338 64 35 (s),
1407 2339 170 30 Carlstein
1597 2339 64 35 (s),
1678 2340 67 39 Ny-

262 2382 107 29 ström
393 2381 64 35 (s),
477 2382 169 29 Eriksson
663 2382 10 29 i
691 2382 195 30 Bäckmora
909 2382 89 40 (cp),
1018 2383 178 30 Enarsson
1219 2382 69 35 (m)
1311 2384 65 29 och
1393 2384 172 30 Wiklund
1582 2385 11 29 i
1613 2385 132 30 Härnö-

261 2426 86 30 sand
366 2425 65 35 (s).

292 2492 13 13 +
329 2492 62 23 Icke
404 2493 123 22 närvarit
541 2492 46 23 vid
600 2492 134 29 justering
748 2499 35 16 av
797 2493 197 23 betänkandet.
