1890 2802
505 175 122 31 Första
651 176 237 36 lagutskottets
914 176 176 32 utlåtande
1114 187 42 21 nr
1176 180 49 30 38.
1598 177 18 30 3

747 326 38 45 2)
843 323 127 51 Lag

543 409 59 24 om
627 401 161 41 ändring
809 401 15 32 i
847 401 345 41 utsökningslagen.

154 486 210 37 Härigenom
378 486 194 35 förordnas,
592 490 49 28 att
657 487 42 30 65
715 483 33 41 8!
764 486 306 38 utsökningslagen
1084 489 90 31 skall
1190 488 131 33 erhålla
1338 491 133 31 ändrad
1486 491 128 38 lydelse

112 536 43 37 på
174 537 67 30 sätt
259 537 11 30 i
289 537 58 31 det
365 536 155 38 följande
538 537 141 37 angives
697 542 89 28 samt
804 542 49 27 att
878 537 5 31 i
901 547 135 24 samma
1055 539 56 38 lag
1129 540 88 31 skall
1237 539 131 33 införas
1388 550 42 22 en
1451 551 46 29 ny
1516 550 98 29 para-

111 587 85 37 graf,
212 588 192 30 betecknad
419 588 42 30 88
476 598 18 21 c
509 588 29 37 $,
555 589 78 30 med
648 589 116 30 nedan
779 589 136 37 angivet
929 589 164 32 innehåll.

817 691 42 30 65
880 690 30 38 8.

152 755 93 32 Från
269 756 195 38 utmätning
489 757 97 31 skola
613 757 218 37 undantagas
857 758 72 31 dels
953 758 127 38 nödiga
1107 758 101 38 gång-
1233 761 67 30 och
1326 761 207 37 sängkläder
1558 761 55 31 för

106 807 220 36 gäldenären,
344 807 88 31 hans
448 807 102 31 make
566 808 66 30 och
648 807 197 38 oförsörjda
860 809 89 30 barn
964 808 84 32 eller
1062 809 240 37 adoptivbarn,
1317 811 73 32 dels
1405 813 66 30 ock
1486 812 127 37 nödiga

107 858 265 36 arbetsredskap
387 858 83 30 eller
483 858 110 31 andra
607 859 127 37 nödiga
750 860 135 29 lösören
901 859 52 31 till
968 863 48 28 ett
1030 861 106 30 värde
1151 871 42 21 av
1208 862 100 37 högst
1322 866 134 28 ettusen
1474 864 137 34 kronor,

107 908 92 35 eller,
219 909 65 30 där
302 909 207 36 gäldenären
527 908 76 32 icke
622 910 40 29 är
679 908 326 40 familjeförsörjare
1023 912 66 30 och
1110 911 32 37 ej
1162 912 108 31 heller
1288 912 63 31 har
1371 917 73 34 eget
1463 912 148 37 hushåll,

105 959 101 38 högst
227 959 218 38 fyrahundra
469 961 139 30 kronor.
646 960 134 32 Saknas
805 962 106 36 utväg
932 961 51 32 till
1005 962 206 38 nödtorftigt
1234 964 198 37 uppehälle;
1456 964 46 32 då
1522 965 91 32 skall

106 1009 78 32 från
199 1010 197 37 utmätning
416 1011 218 37 undantagas
652 1021 44 22 av
715 1012 56 31 det
790 1011 129 38 förråd,
940 1022 76 22 som
1034 1013 11 30 i
1067 1013 101 32 huset
1186 1013 124 38 finnes,
1330 1015 67 31 vad
1417 1015 50 31 till
1488 1016 123 32 under-

105 1060 72 32 håll
196 1061 57 31 för
271 1071 43 21 en
334 1060 131 32 månad
481 1064 124 34 tarvas,
626 1063 91 36 eller,
737 1063 66 30 där
820 1063 200 37 tillräckligt
1041 1063 120 32 förråd
1182 1065 32 38 ej
1235 1065 124 37 finnes,
1380 1075 43 22 av
1446 1067 165 37 penning-

104 1120 49 28 ar,
178 1121 76 21 som
277 1112 209 37 gäldenären
506 1112 147 31 innehar
675 1113 84 31 eller
782 1114 81 36 äger
885 1113 224 33 innestående
1132 1115 12 30 i
1166 1116 94 30 bank
1287 1117 82 30 eller
1392 1126 116 22 annan
1529 1126 82 29 pen-

105 1162 283 37 ninginrättning,
419 1162 39 31 så
484 1164 139 36 mycket
651 1173 77 21 som
753 1164 175 31 erfordras
960 1164 56 31 för
1043 1165 236 32 anskaffande
1306 1176 42 22 av
1375 1167 59 31 det
1463 1167 147 32 felande.

106 1213 66 31 Lös
194 1216 87 34 pant
304 1212 58 32 må
387 1212 30 38 ej
439 1213 217 38 undantagas
683 1213 79 32 från
787 1215 196 37 utmätning
1009 1215 54 31 för
1088 1216 67 31 den
1180 1217 91 36 gäld,
1301 1218 118 31 varför
1444 1219 166 36 pantsätt-

104 1263 126 38 ningen
252 1264 98 31 skett.

796 1349 126 37 88
851 1345 20 45 c
887 1345 38 45 8.

149 1414 136 37 Finnes,
310 1414 43 31 då
374 1415 194 37 utmätning
591 1417 99 35 skett,
714 1420 50 27 att
785 1417 210 36 gäldenären
1016 1418 52 30 till
1090 1418 90 37 följd
1201 1428 43 21 av
1267 1419 164 37 sjukdom
1452 1421 82 30 eller
1556 1430 52 21 ar-

103 1465 187 31 betslöshet
312 1466 82 30 eller
414 1465 45 36 på
481 1467 111 35 grund
613 1476 43 21 av
679 1476 118 21 annan
820 1468 149 31 särskild
991 1469 103 30 orsak
1119 1469 277 38 huvudsakligen
1419 1475 84 28 utan
1525 1480 83 28 egen

104 1515 102 31 skuld
226 1515 101 31 råkat
346 1516 11 30 i
377 1515 414 38 betalningssvårigheter,
814 1527 74 21 som
909 1519 121 31 kunna
1050 1522 144 34 antagas
1215 1529 83 22 vara
1319 1531 42 21 av
1381 1521 150 39 tillfällig
1551 1531 58 21 na-

103 1568 65 35 tur,
189 1567 63 36 äge
273 1567 255 38 överexekutor,
552 1566 147 32 såframt
718 1567 77 32 icke
817 1568 232 37 borgenärens
1069 1571 69 29 rätt
1158 1571 51 30 till
1230 1571 176 38 betalning
1428 1573 182 37 äventyras

99 1616 83 33 eller
203 1617 88 33 hans
313 1618 67 29 rätt
403 1618 97 36 eljest
523 1618 199 37 otillbörligt
745 1618 213 39 åsidosättes,
982 1620 168 32 förordna
1173 1631 57 21 om
1253 1623 160 36 uppskov
1435 1624 79 30 med
1539 1623 69 32 för-

104 1666 151 39 säljning
274 1677 42 21 av
334 1669 212 35 egendomen
564 1668 46 37 på
629 1669 69 31 viss
716 1669 60 38 tid,
797 1670 31 37 ej
849 1671 81 29 över
949 1680 59 21 sex
1024 1670 167 32 månader
1209 1671 79 33 från
1310 1673 56 30 det
1383 1672 226 38 utmätnings-

101 1726 152 22 mannen
281 1721 130 35 mottog
438 1719 43 30 de
506 1719 11 30 i
545 1720 41 30 54
616 1720 82 31 eller
725 1721 41 30 56
797 1721 18 36 8
846 1721 233 33 omförmälda
1106 1723 217 37 handlingar.
1353 1719 257 37 Överexekutor

103 1767 58 32 må
183 1768 193 33 föreskriva
398 1769 124 32 villkor
545 1770 56 30 för
621 1771 195 37 uppskovet
841 1772 75 36 och,
940 1781 57 21 om
1019 1772 187 37 anledning
1229 1773 114 31 därtill
1367 1775 240 36 uppkommer,

103 1817 167 33 återkalla
292 1819 259 32 förordnandet.
1254 1821 2 2 |

147 1869 74 31 Har
246 1878 123 29 genom
399 1871 166 30 domstols
593 1871 82 30 eller
703 1872 383 36 lagsökningsdomares
1113 1874 113 36 utslag
1253 1874 185 32 intecknad
1465 1874 144 32 fordran

102 1919 180 32 fastställts
298 1920 51 30 till
365 1920 176 37 betalning
558 1931 42 20 ur
617 1922 69 30 fast
702 1922 177 36 egendom,
898 1923 88 31 skall
1002 1923 59 36 tid,
1079 1933 75 21 som
1171 1933 89 21 ovan
1279 1925 86 36 sägs,
1382 1926 129 31 räknas
1529 1924 81 32 från

101 1969 57 31 det
173 1969 207 38 försäljning
400 1980 42 21 av
464 1971 211 36 egendomen
697 1972 176 37 begärdes.

147 2020 64 32 Det
229 2019 128 38 åligger
375 2021 298 37 utmätningsman
692 2025 58 33 att,
775 2032 56 21 om
850 2023 75 30 skäl
945 2023 50 31 till
1014 2025 158 36 uppskov
1194 2024 180 38 föreligger
1392 2025 11 31 i
1421 2028 47 28 ett
1487 2035 43 26 av
1547 2027 60 30 ho-

103 2080 81 21 nom
208 2071 168 36 handlagt
402 2071 80 37 mål,
510 2073 82 35 göra
618 2073 164 30 anmälan
809 2074 121 30 därom
956 2074 63 31 hos
1043 2075 256 31 överexekutor.
1340 2076 111 31 Sedan
1478 2077 48 31 tid
1553 2077 55 31 för

103 2122 159 36 uppskov
286 2120 71 38 gått
380 2122 49 30 till
453 2122 100 36 ända,
580 2123 90 30 skall
697 2124 298 35 utmätningsman
1019 2125 81 30 eller
1125 2126 256 36 överexekutor,
1406 2127 62 31 hos
1493 2127 115 31 vilken

102 2170 104 33 målet
227 2171 40 30 är
288 2171 198 37 anhängigt,
508 2171 89 38 ånyo
621 2173 155 36 företaga
801 2173 113 31 målet.

149 2303 121 31 Denna
291 2305 54 36 lag
361 2304 114 30 träder
492 2303 10 31 i
519 2304 94 31 kraft
629 2306 67 29 den
717 2306 13 29 1
751 2305 63 37 juli
835 2306 93 30 1945.

146 2444 8 15 1
175 2446 111 24 Senaste
305 2446 100 29 lydelse
424 2452 25 18 se
468 2446 58 24 SFS
546 2444 72 26 1920:
638 2444 56 27 418.
