1890 2796
256 164 18 29 2
650 168 121 30 Första
795 168 238 37 lagutskottets
1058 168 175 31 utlåtande
1257 178 41 21 nr
1317 171 50 29 38.

300 251 30 31 4.
367 260 58 21 om
445 251 203 36 lägenheten
666 251 130 38 nyttjas
815 251 12 31 i
848 252 86 30 strid
953 256 73 26 mot
1044 253 69 30 vad
1133 252 11 31 i
1165 254 41 30 23
1228 254 18 37 8
1266 254 41 30 är
1326 254 146 36 stadgat,
1495 255 65 30 och
1581 254 177 38 hyresgäs-

255 304 57 27 ten
331 301 79 31 icke
428 300 45 37 på
493 301 183 37 tillsägelse
695 302 152 37 vidtager
867 303 151 36 rättelse;

300 352 29 30 5.
366 361 59 22 om
442 352 222 37 hyresgästen
685 353 90 36 eller,
796 353 63 30 där
873 354 203 36 lägenheten
1098 353 173 32 överlåtits
1289 354 51 31 till
1358 364 128 27 annan,
1504 355 112 31 denne
1636 363 123 29 genom

256 401 216 32 vårdslöshet
492 404 41 29 är
554 402 160 32 vållande
740 403 48 30 till
809 403 236 31 förekomsten
1070 414 43 21 av
1137 405 109 36 ohyra
1268 404 12 31 i
1304 405 204 36 lägenheten
1532 406 82 30 eller
1635 414 124 28 genom

256 452 263 32 underlåtenhet
545 457 49 27 att
622 454 202 31 underrätta
852 455 234 36 hyresvärden
1113 464 59 22 om
1198 455 238 31 förekomsten
1466 456 105 30 därav
1600 456 160 37 bidrager

256 503 51 31 till
325 507 50 27 att
394 504 134 37 ohyran
546 504 133 37 sprides
696 504 12 31 i
728 504 220 37 fastigheten;

300 555 30 29 6.
366 564 60 21 om
449 554 97 37 eljest
566 555 205 36 lägenheten
791 554 205 37 vanvårdas,
1019 556 81 30 eller
1121 566 58 20 om
1201 556 224 37 hyresgästen
1447 557 90 38 eller,
1563 557 62 30 där
1646 558 114 35 lägen-

256 605 103 30 heten
377 604 173 32 överlåtits
568 605 52 31 till
638 615 127 26 annan,
787 606 111 30 denne
917 605 204 32 åsidosätter
1138 605 104 38 något
1259 616 43 21 av
1324 607 70 30 vad
1413 606 139 37 jämlikt
1570 608 42 30 25
1634 608 19 37 8
1672 608 89 30 skall

256 655 172 37 iakttagas
449 655 58 31 vid
523 656 221 36 lägenhetens
761 656 225 37 begagnande
1005 657 81 31 eller
1104 657 124 31 brister
1244 657 12 30 i
1274 657 68 31 den
1361 657 127 37 tillsyn,
1509 667 133 21 samma
1661 667 98 27 para-

255 706 78 36 graf
351 705 139 38 ålägger
506 707 189 37 hyresgäst,
714 707 65 30 och
796 706 78 32 icke
890 706 46 37 på
953 707 182 36 tillsägelse
1151 708 138 30 rättelse
1311 708 92 36 sker;

301 758 29 29 7.
367 766 59 22 om
429 752 24 47 i
482 757 71 36 fall,
575 757 64 31 där
660 756 138 37 jämlikt
820 758 42 30 26
884 758 18 37 8
924 758 223 36 hyresgästen
1168 759 40 30 är
1226 757 123 38 pliktig
1370 762 49 27 att
1442 759 118 30 lämna
1580 759 180 36 hyresvär-

257 806 65 32 den
345 808 84 30 eller
454 817 115 21 annan
592 807 150 31 tillträde
766 808 51 30 till
839 808 214 36 lägenheten,
1082 807 123 32 sådant
1231 810 132 35 vägras,
1389 809 66 30 och
1481 810 224 36 hyresgästen
1728 809 32 37 ej

256 858 70 31 kan
347 858 76 31 visa
441 858 93 37 giltig
550 859 136 36 ursäkt;
706 859 80 30 eller
1338 890 2 6 .

300 910 29 30 8.
367 918 59 21 om
441 909 233 37 hyresgästen,
692 909 61 31 där
769 910 126 30 avtalet
910 910 119 30 utöver
1045 910 68 30 vad
1127 909 12 31 i
1157 910 94 30 detta
1267 909 131 37 kapitel
1415 910 41 30 är
1473 910 134 36 stadgat
1625 909 137 39 ålägger

256 960 131 30 honom
415 959 223 38 förpliktelse,
667 969 78 21 vars
769 960 217 37 fullgörande
1011 959 110 32 måste
1144 969 100 22 anses
1271 969 84 22 vara
1380 960 57 31 för
1459 960 234 37 hyresvärden
1718 970 43 22 av

256 1010 176 37 synnerlig
451 1010 82 36 vikt,
551 1009 205 32 åsidosätter
775 1011 68 30 vad
861 1009 147 32 sålunda
1026 1009 128 38 åligger
1171 1011 140 30 honom.

300 1060 128 32 Finnes
446 1061 12 30 i
475 1079 45 4 —
534 1078 45 5 —
597 1078 46 5 —
660 1060 81 32 från
757 1061 214 36 lägenheten.

301 1111 177 37 Uppsäges
498 1112 136 35 avtalet,
655 1129 45 4 —
721 1129 45 5 —
785 1129 45 5 —
849 1111 52 31 till
923 1110 218 32 skadestånd.

959 1212 42 30 33
1024 1212 29 37 8.

298 1274 47 35 Är
360 1279 217 37 hyresrätten
593 1278 188 31 förverkad
794 1278 46 37 på
854 1279 115 36 grund
986 1288 42 21 av
1043 1278 220 31 förhållande
1279 1288 75 21 som
1370 1278 12 31 i
1398 1279 41 30 32
1457 1279 18 37 $
1498 1279 27 35 1,
1545 1280 30 34 2,
1595 1279 30 35 4,
1643 1280 20 29 6
1678 1280 83 29 eller

256 1331 17 29 7
296 1330 89 36 sägs,
409 1339 80 21 men
509 1330 79 30 sker
607 1330 138 30 rättelse
764 1329 108 31 innan
893 1329 235 36 hyresvärden
1148 1329 91 36 gjort
1259 1329 90 30 bruk
1373 1339 43 20 av
1438 1328 54 32 sin
1514 1330 69 30 rätt
1604 1333 49 27 att
1673 1338 86 28 upp-

255 1381 82 36 säga
357 1381 137 35 avtalet,
514 1381 61 36 äge
593 1380 73 30 han
686 1379 31 37 ej
742 1379 106 32 sedan
870 1378 152 38 åberopa
1045 1379 233 31 förhållandet
1298 1378 115 32 såsom
1432 1380 114 36 grund
1565 1379 57 31 för
1642 1380 117 36 hyres-

254 1432 138 35 gästens
420 1431 171 36 skiljande
617 1429 81 32 från
724 1431 214 36 lägenheten.
967 1430 141 31 Samma
1134 1431 57 35 lag
1216 1439 90 26 vare,
1335 1439 59 21 om
1422 1430 235 37 hyresvärden
1683 1429 78 32 icke

254 1486 150 32 uppsagt
425 1483 124 29 avtalet
571 1481 97 31 inom
691 1491 42 21 en
755 1480 130 32 månad
906 1480 81 31 från
1007 1481 57 30 det
1084 1481 71 30 han
1177 1480 71 31 fick
1273 1481 162 35 kunskap
1458 1490 58 21 om
1540 1479 220 32 förhållande

255 1542 75 21 som
348 1532 12 31 i
377 1533 42 30 32
439 1534 18 37 8
479 1533 30 36 3,
531 1533 19 30 5
571 1533 84 30 eller
672 1533 19 30 8
710 1533 86 36 sägs.

960 1632 42 31 34
1026 1632 29 37 8.

297 1696 48 35 Är
362 1701 216 37 hyresrätten
596 1700 87 31 efter
703 1703 36 34 ty
756 1700 11 30 i
788 1701 40 29 32
851 1700 18 37 8
892 1701 14 29 1
929 1701 76 35 sägs
1027 1699 186 31 förverkad
1232 1698 45 37 på
1294 1699 113 37 grund
1427 1709 42 21 av
1488 1698 169 38 dröjsmål
1679 1698 79 31 med

254 1751 207 37 erläggande
484 1761 42 21 av
550 1752 89 36 hyra
661 1751 66 30 och
748 1751 65 30 har
834 1750 234 37 hyresvärden
1090 1750 83 42 med
1192 1750 187 36 anledning
1399 1750 106 30 därav
1528 1753 148 33 uppsagt
1701 1758 56 21 av-

254 1803 90 35 talet,
366 1801 60 32 må
446 1802 223 37 hyresgästen
688 1801 106 30 likväl
817 1801 31 36 ej
870 1800 45 37 på
934 1801 113 36 grund
1070 1810 42 21 av
1132 1799 202 38 dröjsmålet
1356 1800 121 36 skiljas
1498 1799 80 31 från
1598 1800 159 36 lägenhe-

253 1856 66 33 ten,
342 1854 66 30 där
427 1856 114 28 senast
559 1851 21 31 å
601 1853 106 30 tolvte
729 1851 240 37 söckendagen
989 1850 79 31 från
1090 1851 262 36 uppsägningen
1372 1851 140 30 rättelse
1532 1851 80 30 sker
1632 1859 125 28 genom

253 1907 49 27 att
317 1904 115 37 hyran
446 1904 150 36 erlägges
613 1903 52 30 till
680 1902 234 37 hyresvärden
932 1903 81 29 eller
1027 1902 173 30 nedsättes
1217 1902 63 30 hos
1302 1902 247 29 överexekutor
1568 1901 105 36 enligt
1689 1900 68 31 vad

252 1954 10 30 i
282 1955 40 29 22
344 1955 19 37 8
384 1956 40 29 är
446 1954 142 37 stadgat.

296 2005 14 30 I
328 2005 176 30 avvaktan
520 2022 44 4 —
578 2009 46 17 —
640 2021 46 5 —
702 2003 86 31 efter
805 2002 270 38 uppsägningen.

295 2055 78 31 Vad
389 2055 12 30 i
419 2074 44 4 —
479 2073 44 4 —
539 2073 44 3 —
600 2055 216 36 hyresrätten
834 2053 233 31 förverkades.

294 2191 123 30 Denna
436 2191 56 37 lag
510 2190 113 30 träder
645 2190 11 30 i
676 2189 93 31 kraft
787 2189 67 30 den
876 2190 15 29 1
912 2189 64 36 juli
1002 2189 82 30 1945
1106 2189 66 30 och
1193 2188 88 31 skall
1303 2189 64 35 äga
1386 2187 219 37 tillämpning
1623 2187 129 37 jämväl

252 2242 63 31 där
335 2242 128 31 avtalet
487 2241 110 31 slutits
622 2241 75 31 före
720 2241 115 35 lagens
857 2239 287 32 ikraftträdande.
