2208 2733
379 227 38 28 10
886 214 245 44 Luy-Utskottets
1159 213 159 32 Utlåtunde
1341 211 61 31 N:o
1426 211 46 31 1l.

477 300 76 39 Vid
583 300 46 37 de
657 297 233 50 föregående
917 295 188 48 tillfällen,
1141 294 47 37 då
1215 293 133 50 frågan
1376 292 133 37 härom
1536 289 99 38 varit
1661 288 122 38 under
1810 285 169 39 behand-

378 354 94 48 ling,
500 353 68 36 har
597 352 74 36 den
699 351 101 48 åsigt
828 348 125 38 blifvit
980 347 157 48 uttalad,
1166 352 54 31 att
1248 344 85 49 den,
1363 358 81 23 som
1466 342 98 38 hade
1583 340 182 38 behofvet
1785 339 71 37 och
1876 339 104 49 njöte

378 405 216 37 fördelarne
635 402 41 38 af
712 415 46 23 en
793 400 223 48 inrättning,
1052 398 145 51 jemväl
1224 397 119 37 borde
1370 395 214 37 vidkännas
1614 393 74 36 den
1715 390 165 38 kostnad
1910 390 71 37 och

378 463 132 41 tunga,
552 468 82 23 som
672 452 157 38 dermed
857 465 90 23 vore
975 450 169 37 förenad.
1200 449 87 36 Man
1315 449 69 35 har
1410 461 44 22 ur
1483 446 118 36 sådan
1629 443 197 50 synpunkt
1853 444 126 34 såsom

380 514 98 31 mest
518 506 220 48 rättsenligt
777 504 212 48 ifrågasatt,
1027 507 54 32 att
1108 506 189 43 vägarnes
1325 497 201 38 underhåll
1554 496 122 38 skulle
1704 495 181 36 bekostas
1915 506 66 36 ge-

379 573 89 23 nom
508 558 140 48 bidrag
689 556 40 37 af
765 556 46 36 de
848 554 234 49 vägfarande
1112 553 92 36 eller
1232 565 29 23 s.
1291 551 35 37 k.
1355 549 283 50 vägpenningar.
1691 547 57 36 Då
1774 545 56 37 uti
1858 549 54 32 ett
1940 546 42 35 så

380 612 103 48 glest
510 608 198 39 befolkadt
733 607 89 38 land
851 620 82 23 som
964 605 172 48 Sverige,
1166 604 166 45 hvarest,
1354 599 283 52 jemförelsevis
1657 598 87 37 med
1765 597 118 37 andra
1901 596 80 36 län-

381 663 78 48 der,
502 662 66 36 der
607 665 170 44 vägarne
817 661 49 47 på
902 657 135 37 sådant
1071 661 76 32 sätt
1174 653 309 47 vidmakthölles,
1524 651 161 37 trafiken
1711 649 129 37 kunde
1869 660 112 25 anses

382 713 212 50 obetydlig,
622 712 70 37 har
719 723 87 24 man
834 714 136 41 ansett,
1000 713 54 32 att
1082 707 125 37 denna
1233 710 121 44 utväg
1382 704 83 37 icke
1493 702 127 38 kunde
1648 701 203 49 tillgripas,
1891 705 91 31 utan

381 772 55 30 att
477 764 204 48 afgifterna
707 763 59 35 för
794 762 46 35 de
868 759 255 37 trafikerande
1151 757 199 49 uppginge
1374 756 57 35 till
1460 758 41 31 så
1529 760 103 29 stora
1658 753 154 46 belopp,
1854 756 53 30 att
1935 750 47 35 de

380 815 127 37 blefve
536 814 56 36 för
619 810 424 40 kommunikationerna
1070 808 230 48 hinderliga,
1329 806 101 37 helst
1457 803 194 50 mängden
1676 801 41 39 af
1732 799 251 50 erforderliga

382 867 252 48 vägbommar
675 865 70 36 och
788 862 135 38 dervid
957 861 150 37 anstäld
1141 858 199 50 betjening
1368 857 123 37 skulle
1518 854 193 51 uppsluka
1739 867 47 23 en
1813 858 80 31 stor
1922 851 61 37 del

382 918 41 37 af
459 918 114 36 dessa
612 916 149 47 bidrag.
815 915 103 35 FEnär
959 911 224 46 emellertid,
1225 924 61 23 om
1323 909 112 36 äfven
1470 908 112 36 desse
1611 904 198 51 praktiska
1837 902 147 49 svårig-

381 970 109 35 heter
530 967 128 37 kunde
686 966 176 47 förbises,
899 964 10 36 i
938 966 67 34 vår
1031 962 56 37 tid
1114 962 109 37 torde
1251 966 91 31 utan
1369 959 108 37 bevis
1506 971 91 24 vara
1625 956 157 37 allmänt
1809 954 174 46 erkändt,

383 1026 54 31 att
463 1018 312 38 underlättandet
802 1016 40 37 af
865 1029 47 23 en
940 1021 78 31 orts
1050 1013 373 37 kommunikationer
1452 1015 40 31 är
1520 1009 57 37 för
1605 1009 89 36 dess
1723 1005 262 38 intellektuela

383 1072 72 36 och
496 1069 195 37 materiela
731 1066 224 49 utveckling
989 1079 47 23 en
1063 1068 42 34 så
1133 1063 148 49 mäktig
1307 1062 193 48 häfstång,
1542 1065 53 32 att
1621 1059 85 37 icke
1735 1058 163 37 allenast
1925 1056 59 48 de,

384 1135 82 24 som
495 1120 135 51 sjelfve
658 1120 180 49 begagna
866 1118 61 49 sig
955 1117 41 37 af
1019 1130 47 23 en
1084 1113 428 42 kommunikationsled,
1532 1117 90 31 utan
1643 1110 112 37 äfven
1775 1109 73 37 alla
1868 1108 119 37 andra

384 1172 445 45 samhällsmedlemmar,
859 1169 227 37 åtminstone
1116 1166 227 48 medelbart,
1373 1164 110 37 deraf
1506 1164 128 36 hemta
1661 1161 223 47 väsendtlig
1910 1159 75 37 för-

385 1225 73 47 del,
500 1226 42 35 så
575 1236 115 36 synes
723 1222 187 47 förslaget
941 1234 61 22 om
1030 1224 190 43 vägarnes
1252 1215 297 39 underhållande
1578 1227 139 35 genom
1746 1210 240 50 vägpennin-

384 1289 69 35 gar
492 1275 85 36 icke
618 1287 67 24 ens
726 1287 44 22 ur
810 1271 213 37 theoretisk
1062 1269 196 51 synpunkt
1300 1280 91 24 vara
1427 1269 41 34 så
1501 1264 232 48 rättsenligt,
1775 1276 82 23 som
1899 1274 87 24 man

385 1326 157 48 antagit.

484 1378 100 36 Från
613 1376 125 36 denna
764 1372 442 39 kommunikationernas
1233 1370 179 37 karakter
1440 1368 41 36 af
1503 1365 265 48 allmänneligt
1795 1377 106 36 gagn
1919 1364 69 35 har

386 1442 87 23 man
501 1431 79 33 åter
607 1427 103 36 velat
736 1425 158 37 härleda
922 1423 225 50 skyldighet
1175 1421 57 37 för
1259 1427 112 30 staten
1395 1424 54 32 att
1477 1432 60 23 om
1565 1416 228 51 byggandet
1821 1415 70 36 och
1921 1428 67 22 un-

386 1479 186 37 derhållet
608 1478 41 36 af
676 1478 191 36 allmänna
894 1480 170 44 vägarne
1092 1473 168 48 besörja;
1303 1484 87 24 men
1417 1483 88 24 man
1532 1469 68 36 har
1628 1469 174 35 häremot
1828 1465 162 37 invändt

385 1529 338 47 hufvudsakligen,
765 1533 65 41 att,
873 1527 47 35 då
959 1526 65 35 vid
1059 1523 476 49 väghållningsbesvärets
1570 1519 195 37 ordnande
1793 1520 49 47 på
1870 1516 119 36 sådan

387 1581 126 49 grund
542 1580 147 37 arbetet
717 1578 157 38 dermed
903 1576 192 48 svårligen
1125 1575 123 36 skulle
1277 1574 129 36 kunna
1433 1571 144 38 utföras
1607 1573 47 46 på
1682 1574 116 32 annat
1825 1572 87 43 sätt,
1942 1572 47 31 än

387 1633 164 35 medelst
579 1631 88 36 dess
697 1629 260 37 öfverlåtande
986 1640 139 35 genom
1155 1624 254 50 entreprenad
1438 1626 37 33 åt
1502 1621 186 42 enskilde,
1716 1619 150 37 landets
1887 1623 104 31 stora

388 1683 100 36 areal
517 1682 71 36 och
618 1682 88 36 dess
736 1681 11 35 i
775 1678 236 38 förhållande
1041 1677 126 37 dertill
1187 1677 111 47 ringa
1316 1673 226 49 folkmängd
1563 1670 285 48 otvifvelaktigt
1866 1669 124 36 skulle

387 1734 138 36 hindra
553 1733 74 36 den
655 1732 252 46 konkurrens,
937 1743 94 33 som,
1059 1729 12 36 i
1098 1724 67 40 fall
1193 1728 32 49 ej
1256 1727 80 36 fritt
1362 1726 70 36 fält
1451 1724 98 37 skall
1568 1724 145 36 lemnas
1735 1724 37 34 åt
1790 1720 200 48 vinnings-

388 1784 217 49 lystnaden,
647 1783 64 36 vid
754 1779 463 52 entreprenadauktionen
1249 1780 120 34 måste
1401 1782 111 42 tagas
1547 1775 10 35 1
1587 1773 181 49 anspråk;
1811 1777 99 31 samt
1937 1775 54 32 att

388 1836 57 36 till
473 1835 95 49 följd
596 1834 113 37 häraf
732 1839 124 31 staten
885 1845 140 36 genom
1062 1829 470 49 väghållningsbestyrets
1563 1823 275 49 öfvertagande
1868 1821 123 37 skulle

390 1886 164 37 drabbas
585 1885 39 37 af
649 1888 41 33 så
719 1885 123 49 dryga
869 1882 220 43 kostnader,
1119 1886 54 31 att
1201 1880 64 36 det
1291 1892 91 24 vore
1403 1877 204 47 sannolikt,
1628 1881 54 31 att
1697 1874 294 50 jordbrukaren,

389 1938 112 36 äfven
530 1950 60 23 om
618 1937 75 35 han
721 1936 103 47 finge
859 1935 103 45 flere,
1002 1947 50 22 nu
1081 1932 83 36 icke
1193 1928 471 51 väghållningsskyldige,
1706 1932 54 31 att
1782 1926 119 48 jemte
1931 1923 62 48 sig

388 1989 126 36 lemna
541 1988 151 47 bidrag,
720 1986 119 36 likväl
867 1985 123 36 skulle
1019 1983 11 36 i
1058 1983 95 36 form
1183 1982 41 36 af
1247 1980 266 48 skattebidrag
1540 1979 37 36 få
1603 1977 215 37 vidkännas
1848 1978 41 34 så
1913 1979 79 32 stor

390 2040 61 36 del
493 2038 41 37 af
556 2038 162 37 berörda
747 2036 220 47 kostnader,
1009 2039 54 33 att
1093 2034 57 36 till
1179 2034 95 35 hans
1303 2032 146 36 förmån
1478 2030 123 37 skulle
1629 2041 139 36 genom
1799 2040 47 24 en
1874 2025 117 37 sådan

389 2090 226 48 förändring
642 2089 91 48 föga
761 2088 92 37 eller
881 2087 95 36 intet
1003 2086 147 35 vinnas.
1206 2084 87 36 Men
1322 2097 60 22 om
1411 2082 111 36 äfven
1552 2081 113 36 dessa
1692 2084 85 31 rent
1798 2076 194 39 ekonomi-

390 2142 69 36 ska
500 2139 390 49 bevekelsegrunder,
933 2151 81 23 som
1052 2135 189 37 föranledt
1278 2135 104 36 detta
1409 2133 165 47 förslags
1603 2129 261 47 förkastande,
1896 2127 96 47 icke,

390 2193 57 35 för
487 2192 155 48 frågans
682 2190 240 37 bedömande
963 2202 44 22 ur
1047 2186 153 47 rättslig
1237 2184 208 50 synpunkt,
1486 2185 61 34 må
1582 2182 181 36 tillmätas
1793 2178 200 50 synnerlig

390 2244 95 46 vigt,
515 2246 41 32 så
584 2243 121 35 finnas
735 2241 110 44 dock,
875 2241 95 35 efter
997 2238 218 36 Utskottets
1236 2236 168 47 mening,
1426 2234 118 36 andra
1564 2233 95 47 skäl,
1682 2245 81 23 som
1784 2229 208 48 kraftigare

390 2294 76 36 tala
507 2299 78 30 mot
627 2293 70 35 den
742 2291 159 37 sålunda
944 2289 217 47 föreslagna
1204 2287 277 47 anordningen.
1549 2285 57 35 Då
1647 2283 83 36 icke
1766 2295 67 23 ens
1867 2279 126 38 blifvit
