2202 2720
736 215 244 41 Lag-Utskottets
1007 214 160 31 Utlåtande
1190 213 64 31 N:o
1281 216 43 28 11.
1793 217 34 28 21

230 302 121 31 större
393 295 226 37 industriela
659 294 285 49 anläggningar
977 295 92 37 eller
1097 308 194 36 personer,
1325 307 82 24 som
1436 294 160 48 erlägga
1624 297 127 45 någon
1779 294 52 36 af-

231 348 137 36 sevärd
409 346 216 49 bevillning
666 346 57 36 för
763 346 168 36 inkomst
972 346 40 36 af
1039 346 141 50 kapital
1220 346 71 36 och
1324 345 140 48 arbete,
1506 345 123 37 skulle
1660 345 46 36 de
1734 345 97 36 före-

230 399 136 48 slagna
393 398 333 48 förändringarne,
756 398 112 35 äfven
896 411 60 22 om
986 397 46 36 de
1061 410 61 23 ses
1146 397 137 36 endast
1302 397 71 36 och
1393 397 161 36 allenast
1573 411 43 21 ur
1636 397 196 48 synpunk-

228 456 64 31 ten
321 450 40 36 af
385 450 365 47 hemmansegarnes
780 450 175 45 intresse,
989 448 118 37 verka
1135 449 171 48 skadligt
1334 448 70 36 och
1432 447 155 49 fördyra
1615 447 217 48 vägunder-

229 501 126 36 hållet.
410 501 77 47 Jag
523 505 79 31 tror
631 500 127 36 derför
786 505 54 31 att
868 499 64 36 det
960 499 228 37 åtminstone
1217 499 68 36 bör
1313 499 146 36 lemnas
1487 499 345 47 hemmansegarne

228 557 118 44 öppet
373 557 65 41 att,
469 551 67 36 der
565 551 46 36 de
640 554 41 32 så
709 550 133 47 önska,
870 550 191 36 bibehålla
1077 551 74 36 den
1171 550 128 48 gamla
1319 549 511 48 underhållsskyldigheten,

229 604 119 35 sådan
378 602 74 36 den
479 601 58 37 för
565 601 238 37 närvarande
833 606 50 31 är.

329 653 53 36 Af
407 653 113 36 dessa
549 653 83 36 skäl
661 653 71 36 och
761 652 47 36 då
831 653 70 48 jag
929 665 111 24 anser
1067 651 331 48 vägunderhållet,
1434 650 229 37 åtminstone
1692 651 48 36 då
1768 651 65 36 det

229 705 100 36 afser
371 704 118 37 andra
530 708 47 32 än
618 704 139 47 kyrko-
792 704 71 35 och
896 703 276 48 sockenvägar,
1207 703 84 36 icke
1323 715 91 23 vara
1440 704 127 46 någon
1595 702 237 36 kommunal-

229 755 297 49 angelägenhet,
555 755 74 35 kan
652 755 70 48 jag
750 754 57 36 för
835 754 75 36 min
942 754 61 36 del
1032 754 83 36 icke
1144 753 92 49 gilla
1264 753 318 48 Lag-Utskottets
1611 753 146 48 förslag
1776 753 57 36 till

229 806 243 48 underdånig
501 805 237 37 skrifvelse.»

330 907 41 37 af
394 907 99 37 Herr
522 907 219 47 Ehrenbory,
783 907 136 36 endast
951 906 11 36 i
996 906 64 36 det
1087 906 193 46 afseende,
1322 911 54 31 att
1403 906 74 36 han
1506 910 125 32 ansett
1659 906 173 36 öfvervä-

229 958 128 49 gande
399 959 84 35 skäl
524 958 77 36 tala
633 958 57 36 för
725 957 392 48 landstingsområdet
1148 956 155 37 framför
1336 956 159 37 häradet
1522 959 126 34 såsom
1676 970 157 35 gemen-

230 1010 151 36 samhet
409 1009 55 36 för
492 1008 561 49 väghållningsskyldigheten.

332 1112 99 35 Herr
459 1111 195 46 Holmberg
682 1111 67 35 har
777 1110 137 48 begärt
941 1110 36 36 få
1005 1110 242 46 antecknadt,
1276 1115 54 30 att
1357 1110 74 35 han
1450 1109 12 36 i
1482 1109 94 49 följd
1596 1110 40 35 ar
1651 1109 88 48 laga
1758 1109 74 36 för-

230 1162 65 36 fall
324 1162 100 36 varit
450 1161 224 37 förhindrad
703 1166 55 32 att
785 1161 53 36 uti
867 1161 287 48 behandlingen
1182 1161 40 36 af
1245 1160 133 48 frågan
1407 1160 164 48 deltaga.
