2200 2656
705 201 259 33 Statsutskottets
994 203 170 33 Utlåtande
1187 204 52 32 Nr
1269 208 44 29 47.
1748 211 19 30 9

218 283 217 50 ständighet
464 289 40 32 är
533 290 54 32 att
614 288 140 48 märka,
783 294 54 31 att
865 290 154 36 marken
1048 290 73 37 kan
1150 291 106 50 höjas
1285 292 55 37 till
1364 293 296 51 kringliggande
1679 301 128 44 gators

216 336 87 36 nivå
331 338 183 49 antingen
542 353 138 35 genom
710 346 54 31 att
783 342 174 49 förlägga
977 343 223 51 tillräckliga
1219 345 259 38 källarlokaler
1492 348 12 36 i
1520 348 285 50 byggnaderna,

214 388 129 37 hvilka
384 390 140 38 lokaler
564 395 48 47 på
654 399 51 31 ett
735 394 87 37 eller
851 401 112 31 annat
992 401 73 32 sätt
1093 397 127 37 kunna
1247 399 197 49 utnyttjas,
1474 401 87 36 eller
1588 415 139 35 genom
1755 409 53 30 att

215 441 91 48 fylla
334 456 76 35 upp
439 444 153 36 marken
621 446 55 35 till
705 447 217 47 gatunivån.
965 448 112 36 Detta
1106 463 131 23 senare
1265 451 107 36 torde
1400 452 78 47 ske,
1500 466 58 22 om
1588 454 219 49 byggnads-

216 493 185 51 företaget
437 495 149 38 infaller
624 497 119 37 under
781 512 45 23 en
861 499 67 49 tid,
958 500 46 37 då
1037 501 495 50 byggnadsverksamheten
1561 511 40 31 är
1630 507 177 37 särskildt

214 546 108 50 Iiflig,
352 548 11 35 i
391 548 144 37 hvilket
563 550 65 36 fall
656 551 259 50 utfyllningen
943 553 81 37 icke
1052 554 151 38 kräfver
1231 556 160 37 särskild
1420 557 183 37 kostnad.

316 652 54 36 Af
403 652 61 37 det
496 654 116 36 redan
641 655 157 37 anförda
826 657 175 49 framgår,
1030 663 54 32 att
1113 659 44 36 de
1186 660 237 50 sakkunniga
1450 662 83 37 icke
1560 663 144 37 kunnat
1733 665 73 36 för-

214 704 101 48 orda,
359 709 53 32 att
452 706 255 49 krigsarkivet
748 709 69 36 och
860 710 312 50 sjökrigsarkivet
1213 713 139 36 erhålla
1393 714 57 36 sin
1486 716 98 48 plats
1620 716 12 36 i
1669 717 137 49 själfva

212 756 533 53 krigshögskolebyggnaden.
808 762 58 36 En
908 763 115 36 sådan
1065 765 211 49 anordning
1317 766 119 37 skulle
1464 768 192 49 nämligen
1684 770 121 49 enligt

213 808 44 37 de
298 809 258 51 sakkunnigas
598 812 244 38 förmenande
878 815 81 36 icke
996 819 57 33 stå
1080 817 12 35 i
1120 817 76 48 god
1230 818 388 38 öfverensstämmelse
1647 822 84 35 med
1759 822 45 36 de

211 860 88 37 kraf
335 864 48 48 på
425 863 175 37 säkerhet
641 870 77 32 mot
760 866 153 48 eldfara,
942 880 80 24 som
1050 871 118 34 måste
1196 870 126 37 ställas
1350 874 48 46 på
1426 885 46 23 en
1499 872 155 37 modern
1682 874 122 37 arkiv-

210 913 184 50 byggnad
424 916 69 36 och
522 917 310 50 omöjliggjordes
861 920 191 37 dessutom
1079 921 115 37 redan
1222 922 43 36 af
1289 923 62 36 det
1370 924 212 49 betydande
1605 923 197 57 utrymme,

210 979 81 23 som
320 967 59 36 för
407 967 109 38 dessa
544 969 104 37 arkiv
677 971 160 36 kräfdes.
894 973 16 35 I
939 973 120 36 denna
1078 975 156 48 mening
1253 976 94 36 hade
1364 976 44 37 de
1424 977 239 50 sakkunniga
1679 979 124 37 blifvit

209 1019 219 49 ytterligare
471 1022 157 48 styrkta,
663 1023 114 37 sedan
810 1037 46 23 en
897 1025 41 36 af
976 1025 95 49 dem,
1113 1027 318 49 krigsarkivarien
1472 1030 160 49 Petrelli,
1671 1033 132 36 satts
1781 1015 27 68 i

209 1071 145 36 tillfälle
396 1077 54 31 att
490 1074 12 35 i
542 1075 169 37 utlandet
752 1077 150 36 studera
942 1078 172 37 modernt
1154 1079 186 38 inrättade
1372 1081 332 51 arkivbyggnader
1732 1085 69 36 och

209 1124 177 49 framlagt
414 1126 206 37 resultaten
647 1128 42 36 af
713 1128 121 37 denna
863 1130 214 37 studieresa.

312 1177 238 39 Beträffande
592 1180 135 48 frågan
769 1195 60 23 om
871 1182 129 37 hvilka
1040 1184 142 37 lokaler
1208 1185 12 35 i
1249 1185 118 49 öfrigt
1395 1186 72 37 den
1495 1201 74 35 nya
1597 1188 203 50 krigshög-

208 1228 339 51 skolebyggnaden
576 1232 118 37 skulle
721 1233 187 49 inrymma
935 1235 114 37 hafva
1078 1236 44 37 de
1152 1237 239 50 sakkunniga
1418 1239 82 37 icke
1529 1240 124 37 funnit
1673 1244 126 46 någon

209 1281 206 50 anledning
443 1288 54 31 att
525 1287 48 46 gå
601 1285 149 37 utöfver
779 1286 44 37 de
853 1286 153 50 förslag,
1037 1302 79 23 som
1158 1289 198 38 framlades
1385 1291 59 37 för
1475 1293 96 36 1908
1602 1294 68 36 och
1701 1296 96 35 1909

209 1336 57 34 års
294 1334 223 50 Riksdagar,
546 1342 91 31 utan
665 1337 68 37 har
761 1338 61 37 det
850 1339 12 36 i
890 1341 123 35 stället
1055 1341 191 37 befunnits
1275 1343 175 50 lämpligt
1479 1349 54 32 att
1560 1350 93 44 göra
1680 1349 119 46 några

207 1386 322 50 inskränkningar
558 1389 90 36 däri.
701 1390 112 37 Såväl
841 1405 43 22 ur
911 1392 378 51 kostnadssynpunkt
1318 1409 81 22 som
1427 1397 83 36 med
1539 1397 148 50 hänsyn
1715 1399 83 36 där-

207 1438 68 50 till,
305 1444 53 31 att
386 1439 526 53 krigshögskolebyggnaden
940 1444 116 38 borde
1083 1451 210 32 motsvaras
1323 1448 41 35 af
1388 1462 45 23 en
1461 1449 12 36 i
1502 1449 133 38 hörnet
1662 1451 135 36 mellan

208 1489 260 40 Ostermalms-
497 1493 70 37 och
596 1493 351 52 Skepparegatorna
989 1497 171 50 belägen,
1197 1500 161 48 ungefär
1393 1501 75 36 lika
1496 1507 79 31 stor
1601 1498 195 58 byggnad,

206 1543 113 37 hafva
348 1544 44 37 de
421 1545 239 50 sakkunniga
687 1553 122 31 ansett
851 1548 214 38 densamma
1092 1551 82 36 icke
1202 1551 90 37 böra
1321 1553 35 35 få
1385 1558 120 32 större
1534 1550 262 58 dimensioner,

206 1600 48 31 än
283 1609 80 23 som
392 1597 237 38 erfordrades
658 1599 58 36 för
745 1600 208 37 beredande
973 1602 41 35 af
1039 1602 44 36 de
1112 1608 95 31 mest
1234 1603 190 50 behöfliga
1454 1606 40 35 af
1512 1606 44 36 de
1576 1607 222 48 ifrågasatta

205 1647 201 37 lokalerna.
462 1649 56 37 De
547 1650 238 51 sakkunniga
813 1653 113 36 hafva
959 1654 81 36 icke
1068 1654 88 49 hyst
1183 1658 127 46 någon
1339 1658 139 35 tvekan
1506 1663 54 31 att
1588 1659 11 35 i
1628 1660 65 35 sitt
1721 1661 75 35 för-

206 1700 83 48 slag
316 1706 170 45 upptaga
514 1702 141 37 lokaler
683 1704 70 48 för,
793 1705 161 37 förutom
992 1706 330 50 krigshögskolan,
1367 1710 193 37 chefernas
1590 1711 58 37 för
1676 1712 120 49 fjärde

205 1752 70 36 och
304 1753 112 36 femte
444 1755 423 50 arméfördelningarna,
900 1758 262 49 inspektörens
1205 1760 57 36 för
1304 1761 358 39 militärläroverken
1699 1771 97 30 samt

204 1804 306 39 befälhafvarnas
548 1807 58 37 för
635 1806 239 40 Stockholms
903 1810 119 37 stads-
1051 1812 70 35 och
1149 1812 507 51 landtrullföringsområden
1685 1830 110 37 expe-

205 1856 169 38 ditioner.
418 1858 55 37 De
501 1859 107 37 flesta
636 1860 42 37 af
702 1861 109 37 dessa
838 1862 141 37 lokaler
1006 1866 117 35 måste
1151 1864 154 38 beredas
1332 1869 48 47 på
1407 1868 124 48 grund
1552 1869 40 36 af
1607 1868 72 37 den
1698 1870 96 37 före-

204 1910 154 37 stående
386 1911 274 50 utflyttningen
687 1927 44 23 ur
761 1914 402 51 arméförvaltningens
1192 1918 123 48 gamla
1344 1920 216 37 ämbetshus
1579 1921 62 36 vid
1661 1921 133 37 Munk-

203 1962 199 49 brogatan,
432 1977 79 23 som
539 1965 12 35 i
580 1966 70 35 och
678 1966 60 36 för
766 1967 237 37 öfverlåtelse
1030 1969 56 36 till
1115 1968 238 39 Stockholms
1383 1972 83 36 stad
1486 1972 200 38 beräknats
1705 1989 89 23 vara

202 2015 169 49 utrymdt
398 2016 56 36 till
484 2017 71 36 den
586 2020 17 34 1
636 2018 159 37 oktober
826 2022 109 34 1912.
992 2020 149 38 BSamma
1169 2022 81 37 skäl
1283 2024 119 48 gäller
1429 2025 223 50 visserligen
1681 2027 112 37 äfven

203 2067 58 36 för
288 2069 485 50 remonteringsstyrelsens
806 2071 243 51 förflyttning
1076 2074 57 36 till
1162 2074 71 37 den
1261 2089 74 35 nya
1362 2076 242 50 byggnaden,
1633 2093 86 23 men
1749 2080 44 36 de

202 2120 239 49 sakkunniga
469 2121 111 37 hafva
607 2128 123 31 ansett
758 2124 215 49 lämpligast
1002 2130 53 32 att
1082 2127 162 36 utesluta
1272 2127 98 38 lokal
1398 2129 58 36 för
1485 2130 122 37 denna
1635 2132 157 48 styrelse

201 2185 44 22 ur
272 2172 183 50 förslaget
495 2174 134 37 liksom
667 2175 112 37 äfven
815 2176 140 38 lokaler
986 2177 60 37 för
1072 2178 444 52 kavalleriinspektionen
1546 2183 70 36 och
1644 2185 147 36 stuteri-

202 2224 304 50 öfverstyrelsen.
564 2226 241 38 Sistnämnda
845 2234 57 31 tre
943 2231 267 48 myndigheter
1243 2233 165 36 erfordra
1436 2240 53 30 ett
1516 2240 186 44 utrymme
1730 2251 60 22 om

200 2277 213 48 respektive
443 2281 33 45 3,
507 2280 20 34 5
558 2279 69 37 och
658 2282 20 33 3
715 2294 96 34 rum,
850 2281 69 37 och
959 2283 84 35 med
1085 2283 147 50 hänsyn
1272 2285 57 36 till
1370 2286 107 36 deras
1513 2288 276 48 jämförelsevis

201 2329 144 37 mindre
374 2330 230 51 omfattning
632 2345 111 36 synes
772 2332 63 38 det
863 2334 45 36 de
936 2334 238 51 sakkunniga
1202 2350 89 23 vara
1319 2338 232 50 lämpligare,
1573 2345 54 32 att
1651 2341 44 36 de
1715 2342 75 36 tills

286 2392 67 29 Bih.
379 2393 46 29 till
448 2393 102 29 Riksd.
575 2394 81 29 Prot.
682 2395 88 29 1910.
816 2397 19 27 4
859 2396 89 29 Saml.
996 2398 15 27 1
1035 2398 70 35 Afd.
1152 2399 40 28 38
1214 2399 87 36 Häft.
1730 2405 18 27 2
