2184 2620
698 150 226 41 Lagutskottets
949 150 159 30 utlåtande
1134 149 50 30 Nr
1207 149 56 31 28.
1706 149 37 29 17

311 241 81 34 Har
422 239 413 45 expropriationsmålet
866 239 97 34 varit
991 238 184 43 handlagt
1203 238 63 33 vid
1295 237 223 41 häradsrätt,
1549 235 59 34 må
1637 235 32 43 ej
1702 235 84 42 den,

178 303 77 22 som
286 292 131 33 därvid
446 292 108 33 suttit
581 292 11 32 i
623 290 340 40 häradsnämnden,
988 301 47 22 av
1056 290 114 33 sådan
1193 288 108 45 orsak
1322 300 108 22 anses
1449 287 115 43 jävig.
1602 286 46 43 Ej
1673 286 115 33 heller

177 353 89 23 vare
295 343 83 41 den,
408 354 77 22 som
515 353 46 23 av
590 342 142 33 kronan
761 341 167 43 åtnjuter
955 341 60 33 lön
1046 341 88 32 eller
1162 339 208 42 underhåll,
1400 338 126 34 därför
1543 337 106 43 jävig
1669 337 11 33 i
1700 336 85 43 mål,

177 393 80 34 vari
286 394 142 33 kronan
456 396 41 30 är
524 395 94 40 part.

313 443 115 34 Söker
467 442 123 43 någon
631 442 67 33 sak
731 441 84 33 med
844 439 252 35 ordföranden
1125 440 88 33 eller
1241 439 165 33 ledamot
1432 438 11 33 i
1472 437 314 44 expropriations-

178 494 142 34 nämnd
362 494 87 32 eller
476 493 167 42 tillfogar
670 493 136 32 honom
836 491 114 42 något
978 490 84 34 med
1091 490 66 33 ord
1186 490 89 33 eller
1302 489 159 43 gärning
1488 488 11 33 i
1527 487 177 34 ändamål
1733 490 55 31 att

179 543 154 35 därmed
361 546 89 40 göra
478 543 135 33 honom
641 541 116 43 jävig,
787 541 93 33 skall
910 540 62 34 det
999 539 33 43 ej
1064 540 136 33 räknas
1227 540 58 33 för
1311 538 76 43 jäv.

315 644 133 34 Denna
475 644 62 42 lag
564 643 93 33 skall
686 641 109 36 träda
823 642 11 33 i
862 640 100 34 kraft
990 640 71 34 den
1091 640 73 43 dag
1191 640 213 42 Konungen
1432 637 207 35 förordnar.

921 931 130 58 Lag

266 1041 59 23 om
348 1030 134 33 ändrad
505 1030 137 40 lydelse
665 1039 42 23 av
729 1029 21 32 4
771 1031 22 42 &
816 1029 11 32 i
851 1029 108 41 lagen
983 1037 55 23 om
1063 1026 195 42 skiljemän
1283 1026 68 33 den
1374 1026 41 31 28
1438 1025 156 33 oktober
1617 1023 93 33 18S7.

318 1149 227 43 Härigenom
586 1146 208 43 förordnas,
837 1148 55 32 att
920 1146 21 33 4
969 1142 23 45 $
1019 1146 12 33 i
1059 1146 109 42 lagen
1196 1155 60 23 om
1285 1143 198 43 skiljemän
1512 1142 72 34 den
1614 1141 45 34 28
1689 1141 102 34 okto-

183 1201 66 33 ber
280 1200 93 34 1887
403 1199 93 34 skall
525 1197 143 35 erhålla
694 1196 170 45 följande
892 1196 167 35 ändrade
1088 1195 158 44 lydelse:
1582 1219 2 4 |

953 1317 22 34 4
1004 1313 34 46 8.

320 1404 112 34 Emot
463 1402 200 44 skiljeman
691 1403 97 42 gälle
816 1401 109 34 dessa
950 1400 82 44 jäv:
1061 1411 60 23 om
1150 1399 74 34 han
1253 1397 33 43 ej
1317 1397 87 43 fyllt
1429 1394 189 45 tjugufem
1648 1393 56 40 år;
1734 1404 59 22 om

186 1456 76 34 han
291 1458 42 31 är
360 1454 84 35 med
471 1456 85 41 part
583 1453 12 34 i
623 1453 71 34 den
723 1452 204 43 skyldskap
956 1452 89 33 eller
1072 1450 63 34 det
1162 1448 208 44 svågerlag,
1400 1457 79 24 som
1503 1445 117 42 enligt
1647 1445 63 41 lag
1737 1446 58 31 ut-

186 1509 67 41 gör
292 1505 67 44 jäv
393 1508 78 31 mot
498 1505 167 38 domare;
707 1514 59 23 om
796 1503 74 34 han
899 1503 89 33 eller
1014 1501 136 43 någon,
1180 1511 78 23 som
1288 1498 84 34 med
1401 1498 136 33 honom
1566 1498 41 31 är
1634 1493 162 35 sålunda

187 1557 109 43 skyld
338 1557 87 34 eller
464 1554 220 44 besvågrad,
713 1557 89 40 äger
829 1553 58 34 del
916 1553 11 34 i
956 1553 113 34 saken
1098 1552 89 33 eller
1214 1551 73 33 kan
1316 1549 116 34 därav
1459 1549 116 32 vänta
1602 1540 193 53 synnerlig

186 1611 111 40 nytta
325 1608 88 33 eller
439 1606 132 39 skada;
613 1616 59 23 om
715 1605 74 33 han
823 1603 122 35 såsom
975 1603 151 34 domare
1155 1602 89 33 eller
1271 1599 109 43 eljest
1408 1598 21 34 å
1457 1598 164 34 ämbetes
1649 1598 145 40 vägnar

188 1658 159 43 deltagit
385 1658 11 33 i
430 1656 132 44 åtgärd
590 1657 89 33 eller
705 1656 132 40 beslut,
867 1665 79 23 som
974 1657 102 31 rörer
1102 1653 132 38 saken;
1263 1662 59 23 om
1352 1651 73 33 han
1454 1648 98 34 varit
1578 1645 217 42 fullmäktig

187 1709 12 33 i
228 1709 115 34 saken
371 1709 88 33 eller
486 1707 81 34 däri
593 1707 156 39 vittnat;
779 1717 59 23 om
867 1705 74 34 han
971 1707 41 31 är
1039 1706 85 41 part
1150 1703 12 33 i
1190 1714 45 22 en
1255 1702 76 33 lika
1350 1701 81 37 sak;
1461 1710 59 23 om
1541 1698 74 33 han
1637 1699 42 31 är
1692 1698 104 41 parts

187 1759 291 34 vederdeloman
518 1758 89 34 eller
646 1757 217 43 uppenbare
904 1758 113 36 ovän;
1060 1765 59 23 om
1152 1753 75 34 han
1260 1751 77 35 står
1364 1750 119 34 under
1510 1758 146 25 annans
1684 1745 112 35 måls-

188 1809 185 44 manskap
414 1810 88 33 eller
540 1807 218 44 någondera
798 1809 151 42 partens
978 1803 306 36 husbondevälde
1313 1803 88 33 eller
1429 1812 47 22 av
1504 1800 139 33 honom
1671 1796 128 43 njuter

188 1860 63 34 lön
280 1860 89 34 eller
395 1858 212 41 underhåll;
637 1869 60 23 om
726 1858 75 34 han
829 1856 123 36 såsom
981 1856 159 34 ämbets-
1168 1855 90 33 eller
1284 1852 231 43 tjänsteman
1542 1849 107 43 lyder
1676 1847 124 34 under

188 1910 219 44 någondera
433 1912 152 41 partens
612 1908 260 44 förmanskap;
901 1919 60 23 om
990 1907 75 33 han
1092 1905 109 35 blivit
1228 1903 113 35 dömd
1369 1901 156 43 ovärdig
1553 1902 55 32 att
1639 1899 12 33 i
1683 1898 114 33 rikets

188 1960 123 44 tjänst
336 1961 128 34 vidare
491 1959 146 45 nyttjas
666 1960 89 34 eller
782 1959 109 43 eljest
917 1958 50 44 på
993 1957 122 44 grund
1144 1968 47 22 av
1219 1955 137 34 honom
1385 1951 136 36 ådömd
1541 1942 259 56 straffpåföljd

189 2012 82 34 icke
311 2011 62 34 må
412 2013 114 33 utöva
566 2011 140 34 allmän
746 2010 228 43 befattning;
1016 2019 60 23 om
1118 2008 74 33 han
1225 2016 134 33 genom
1392 2003 134 42 utslag,
1554 2000 118 34 vilket
1699 2001 102 31 ännu

190 2063 81 33 icke
311 2062 135 34 vunnit
484 2062 86 43 laga
610 2060 111 43 kraft,
763 2063 42 32 är
832 2060 111 35 dömd
972 2060 56 33 till
1057 2056 269 45 straffpåföljd,
1355 2065 129 23 varom
1514 2052 67 34 sist
1608 2049 193 39 förmäles;

191 2124 60 23 om
281 2113 75 34 han
384 2112 107 34 blivit
518 2112 113 34 dömd
659 2111 157 44 ovärdig
844 2114 54 31 att
925 2110 82 35 föra
1035 2120 145 23 annans
1208 2108 104 34 talan
1340 2104 98 35 inför
1464 2105 110 32 rätta.

326 2163 80 35 Har
445 2163 114 34 saken
599 2163 99 34 varit
738 2161 192 44 handlagd
970 2160 65 34 vid
1076 2158 225 41 häradsrätt,
1343 2154 62 36 må
1445 2154 83 41 den,
1562 2163 79 23 som
1671 2149 132 56 därvid

193 2214 109 35 suttit
341 2214 12 35 i
391 2213 202 43 nämnden,
636 2213 37 44 ej
705 2225 48 23 av
780 2212 118 36 sådan
927 2211 111 36 orsak
1065 2221 109 24 anses
1201 2208 107 45 jävig
1335 2198 118 63 såsom
1476 2198 223 63 skiljeman.
1753 2199 47 44 Ej

233 2276 131 43 Bihang
387 2276 47 32 till
454 2276 182 42 riksdagens
656 2275 158 45 protokoll
836 2275 95 32 1918.
978 2275 20 30 9
1019 2272 90 33 saml.
1143 2273 57 30 ”20
1224 2270 81 43 häft.
1351 2268 67 40 (Nr
1440 2267 64 39 28.)
1743 2262 20 32 3
