1900 2844
275 176 122 31 Första
413 176 205 32 kammarens
635 176 112 32 andra
765 175 170 40 tillfölliga
952 177 144 32 utskotts
1114 177 173 32 utlåtande
1304 177 50 31 Nr
1371 179 28 29 3.
1562 177 18 31 3

180 264 117 32 Andra
329 265 190 32 kammaren
551 266 102 32 beslöt
686 266 11 31 i
730 267 145 38 enlighet
908 267 74 31 med
1003 267 178 32 utskottets
1203 267 126 38 förslag
1352 267 154 31 skrivelse
1529 267 53 31 till

95 318 122 39 Kungl.
234 319 69 38 Maj
317 324 22 27 :t
353 319 107 32 under
475 320 53 31 det
542 324 52 28 att
609 321 105 31 första
728 321 191 32 kammaren
935 322 111 38 avslog
1061 322 143 38 begäran
1218 331 53 21 om
1288 321 92 38 dylik
1395 321 188 39 utredning.

181 373 132 32 Jämväl
331 374 57 31 vid
405 377 81 29 1933
505 375 53 31 års
577 374 133 40 riksdag
728 375 149 39 förelågo
894 376 162 31 motioner
1073 376 11 30 i
1101 377 112 30 ämnet
1237 376 47 37 (I:
1304 376 38 30 21
1363 376 59 30 och
1440 376 51 30 II:
1511 376 70 37 26).

98 426 253 33 Vederbörande
369 429 172 38 tillfälliga
558 430 127 31 utskott
709 430 5 30 i
732 429 86 32 båda
836 430 176 31 kamrarna
1031 430 170 38 avstyrkte
1219 430 214 31 motionerna.
1471 430 110 31 Reser-

97 481 149 32 vationer
267 483 142 38 avgåvos
430 483 11 30 i
462 483 84 31 båda
567 484 177 31 utskotten.
789 484 119 31 Första
929 484 190 31 kammaren
1141 484 112 38 avslog
1274 494 74 20 men
1370 484 105 31 andra
1494 484 87 30 kam-

96 546 113 22 maren
233 537 97 31 biföll
356 537 63 31 den
443 538 143 39 begärda
609 538 233 39 utredningen.
889 539 134 38 Frågan
1049 549 59 20 var
1133 538 96 31 alltså
1254 539 82 30 även
1362 537 107 32 denna
1495 538 87 38 gång

97 590 113 32 fallen.

180 646 68 31 Vid
272 649 81 28 1934
379 647 53 31 års
456 646 132 39 riksdag
613 647 131 31 väcktes
768 647 88 31 inom
881 647 105 31 andra
1009 647 190 31 kammaren
1223 646 125 31 motion
1378 646 56 37 (nr
1457 646 61 30 484
1541 656 42 21 av

100 699 113 31 herrar
232 700 131 31 Wallén
383 700 58 31 och
460 700 157 39 Nyblom)
642 702 11 29 i
673 701 131 38 frågan.

180 754 118 31 Andra
320 754 205 32 kammarens
548 755 101 31 femte
672 755 172 38 tillfälliga
867 755 127 31 utskott
1018 755 169 37 avstyrkte
1210 754 43 31 då
1275 754 166 31 motionen
1465 754 11 30 i
1498 753 84 31 utlå-

97 808 100 31 tande
214 818 42 20 nr
274 809 18 29 2
318 808 102 38 (efter
437 809 174 38 lottning),
630 818 74 21 men
723 810 11 29 i
753 809 202 31 reservation
973 808 54 32 till
1044 808 188 31 utlåtandet
1251 808 156 31 anfördes
1427 807 11 31 i
1456 807 126 31 huvud-

97 862 58 31 sak
180 862 167 39 följande:
396 860 93 33 Även
516 873 51 20 om
592 863 55 32 det
672 863 110 31 kunde
808 863 224 38 ifrågasättas,
1059 862 168 31 huruvida
1252 872 41 20 en
1320 861 197 39 omändring
1543 871 40 21 av

98 917 191 30 nuvarande
307 917 231 31 halvofficiella
556 917 260 39 penninglotteri
835 927 116 29 genom
970 917 255 39 förstatligande
1244 917 105 31 skulle
1367 917 46 31 bli
1432 917 151 38 billigare

98 970 11 30 1
133 970 85 32 drift
242 971 80 30 eller
346 971 75 38 giva
444 975 108 27 staten
574 971 102 31 ökade
699 971 188 38 inkomster,
913 971 58 31 och
994 975 84 27 utan
1102 975 49 27 att
1175 971 83 38 vilja
1282 971 152 31 avhända
1458 970 124 39 Kungl.

98 1024 103 38 Maj:t
225 1025 175 38 möjlighet
425 1028 49 28 att
499 1025 85 31 efter
608 1025 167 38 prövning
799 1025 11 30 i
834 1025 95 38 varje
953 1025 134 31 särskilt
1111 1025 62 30 fall
1198 1025 114 30 kunna
1337 1024 170 39 tillgodose
1532 1024 50 31 be-

97 1078 258 38 hjärtansvärda
377 1079 103 31 behov
504 1089 40 21 av
567 1079 105 38 ideell,
695 1079 160 31 kulturell
879 1079 78 31 eller
980 1089 112 21 annan
1114 1078 268 39 sambhällsnyttig
1405 1081 61 35 art,
1491 1078 93 38 finge

98 1132 161 32 erkännas
280 1136 50 28 att
350 1133 74 30 med
446 1133 115 31 enbart
582 1133 121 31 hittills
722 1133 161 38 vidtagna
904 1132 156 39 åtgärder
1081 1133 43 37 på
1145 1132 286 31 lotteriväsendets
1452 1132 131 31 område

98 1186 60 31 allt
177 1187 29 38 ej
227 1196 77 21 vore
323 1187 187 31 välbeställt
528 1187 79 31 eller
625 1187 181 38 slutgiltigt
825 1186 128 31 ordnat.
990 1186 158 38 Alltjämt
1167 1186 196 31 förefunnes
1382 1186 201 31 missförhål-

98 1240 129 39 landen,
250 1251 69 21 som
341 1240 56 32 det
418 1240 107 39 gällde
547 1241 97 31 finna
665 1240 233 39 framkomliga
918 1241 104 37 vägar
1042 1240 56 31 för
1120 1243 50 28 att
1190 1239 199 39 undanröja.
1433 1239 150 39 Kapital-

97 1294 132 39 flykten
262 1295 80 30 från
375 1295 113 31 landet
522 1305 116 29 genom
671 1295 69 38 spel
773 1295 45 38 på
850 1294 179 31 utländska
1062 1294 156 38 lotterier,
1254 1293 40 31 de
1327 1303 154 29 summor,
1515 1303 69 22 som

98 1348 127 39 årligen
262 1349 100 31 offras
398 1350 43 37 på
479 1349 86 31 olika
600 1349 72 38 slag
708 1359 41 21 av
785 1348 158 38 lotterier,
981 1351 112 35 syntes
1128 1347 161 31 motivera
1326 1357 41 21 en
1403 1347 182 39 utredning

98 1412 51 22 om
185 1403 286 32 lotteriväsendets
508 1404 169 31 ordnande
714 1404 87 31 efter
827 1404 55 31 för
907 1405 81 30 våra
1014 1404 194 31 nuvarande
1234 1403 234 31 förhållanden
1494 1412 90 21 mera

97 1456 151 39 lämpade
270 1458 155 38 grunder.
472 1458 130 31 Härvid
625 1457 92 31 torde
740 1458 92 31 såväl
854 1458 191 31 restriktiva
1068 1457 156 39 åtgärder
1246 1467 69 21 som
1337 1458 83 29 även
1443 1456 140 38 omlägg-

97 1510 82 39 ning
194 1521 41 20 av
249 1511 194 31 nuvarande
458 1511 318 32 lotteriverksamhet
792 1515 85 28 samt
892 1511 137 32 behovet
1045 1522 41 20 av
1101 1521 40 21 en
1156 1511 110 31 bättre
1282 1510 164 39 anpassad
1460 1510 124 31 lotteri-

97 1564 215 39 lagstiftning
326 1565 81 31 böra
420 1565 128 31 komma
562 1565 107 31 under
684 1565 228 38 omprövning,
929 1566 153 30 ävensom
1096 1566 11 29 i
1122 1565 65 31 vad
1201 1565 77 30 mån
1294 1564 176 39 riksdagen
1484 1563 100 32 borde

98 1618 85 31 hava
202 1618 189 39 inflytande
410 1618 206 32 beträffande
634 1618 259 32 lotterimedlens
912 1618 224 39 användning.

183 1672 92 31 Enär
289 1673 44 38 på
348 1673 250 39 framställning
614 1683 41 21 av
671 1672 177 39 riksdagen
863 1672 181 39 utredning
1060 1682 53 21 om
1129 1671 269 32 lotteriväsendet
1413 1671 172 39 påbörjats

97 1736 75 21 men
187 1727 30 39 ej
234 1727 165 39 fullföljts
414 1727 58 31 och
488 1727 41 31 då
546 1727 63 31 den
624 1728 10 30 i
650 1728 110 30 ämnet
774 1727 119 31 väckta
907 1726 167 32 motionen
1090 1726 142 31 anknöte
1247 1726 53 31 till
1315 1725 145 31 nämnda
1474 1724 110 32 utred-

99 1781 90 39 ning,
215 1781 218 38 hemställdes,
460 1785 50 28 att
534 1781 105 31 andra
664 1781 190 31 kammaren
879 1781 101 31 måtte
1006 1780 118 31 bifalla
1149 1780 64 31 den
1238 1780 41 31 då
1306 1779 52 32 till
1384 1778 201 39 behandling

100 1835 227 39 föreliggande
347 1835 174 32 motionen.

181 1889 117 31 Andra
314 1890 190 30 kammaren
519 1889 97 31 biföll
632 1889 252 37 reservationen,
902 1888 106 31 under
1025 1888 55 31 det
1098 1892 49 27 att
1163 1889 106 30 första
1286 1888 189 30 kammaren
1493 1887 92 38 intog

99 1953 111 21 annan
234 1943 217 38 ståndpunkt,
477 1943 190 38 varigenom
692 1943 159 37 förslaget
876 1952 52 21 om
952 1941 309 39 riksdagsskrivelse
1285 1940 126 31 förföll.

182 1998 16 29 I
215 1997 180 38 anledning
411 2007 40 20 av
467 2007 46 20 nu
528 1997 216 38 förevarande
763 1996 124 31 motion
904 1995 137 31 anförde
1060 1995 105 31 andra
1179 1995 207 30 kammarens
1403 1994 101 31 femte
1520 1993 65 32 till-

99 2051 116 39 fälliga
231 2051 128 30 utskott
373 2051 151 30 härefter
539 2050 167 38 följande:

187 2158 191 32 ”Utskottet
402 2158 64 30 kan
493 2158 11 30 i
528 2158 174 31 huvudsak
728 2158 132 30 ansluta
882 2157 51 38 sig
958 2156 52 31 till
1036 2156 40 32 de
1102 2156 216 38 synpunkter,
1345 2165 69 21 som
1438 2155 73 38 lågo
1536 2154 52 31 till

97 2213 108 38 grund
226 2213 54 30 för
300 2212 106 31 andra
424 2212 207 31 kammarens
650 2213 38 29 år
709 2212 81 30 1934
811 2211 129 31 fattade
959 2210 116 38 beslut,
1097 2210 54 30 för
1172 2213 48 28 ett
1240 2208 285 39 återupptagande
1549 2218 39 20 av

99 2267 62 30 den
185 2268 37 29 år
244 2267 80 29 1920
349 2266 190 31 anbefallda
559 2265 230 38 utredningen.

182 2321 174 30 Dessutom
379 2320 59 30 vill
461 2320 161 30 utskottet
646 2320 10 29 i
680 2319 91 30 detta
795 2318 237 38 sammanhang
1056 2317 179 31 framhålla
1258 2316 262 31 önskvärdheten
1545 2325 40 20 av

100 2378 49 27 att
176 2384 40 20 en
243 2373 101 31 såvitt
371 2372 132 38 möjligt
531 2372 144 38 enhetlig
702 2371 327 39 budgetbehandling
1056 2370 219 31 förekommer
1301 2370 12 29 i
1341 2369 99 38 fråga
1467 2378 51 21 om
1546 2368 39 30 de

100 2426 161 38 ändamål,
286 2436 70 21 som
379 2426 73 30 med
476 2425 217 31 lotterimedel
717 2425 143 37 främjas
884 2424 57 30 och
967 2434 64 20 som
1059 2423 114 31 kunna
1197 2433 94 20 anses
1316 2432 79 20 vara
1420 2422 166 37 förtjänta

101 2491 40 20 av
158 2480 118 38 bidrag
293 2480 79 30 från
390 2479 55 31 det
462 2479 183 31 allmännas
662 2478 80 31 sida.

1651 2151 98 25 Andra

1608 2188 173 23 kammarens

1636 2224 117 23 utskott.
