1900 2856
555 187 357 29 Konstitutionsutskottets
934 188 146 28 utlåtande
1102 188 47 28 Nr
1172 189 48 27 32.

329 277 191 39 (Nuvarande
543 278 130 37 lydelse.)

129 344 214 31 förvaltande
366 344 81 32 verk
468 344 64 32 och
555 346 37 30 är
606 345 53 31 för
675 345 53 31 sin
744 345 120 31 befatt-

130 395 85 41 ning
237 395 387 41 redovisningsskyldig.

1594 186 36 30 17

1098 282 171 33 (Utskottets
1286 282 144 36 förslag.)

901 345 129 32 drätsel
1063 346 84 31 eller
1179 349 104 28 annat
1317 346 79 31 dess
1419 346 213 32 förvaltande

899 396 82 31 verk
1014 396 65 32 och
1113 398 37 30 är
1171 398 53 29 för
1247 397 54 31 sin
1324 396 191 42 befattning
1538 396 95 32 redo-

898 447 303 41 visningsskyldig.

181 496 42 41 Ej
249 498 53 29 må
325 515 41 4 —
389 515 40 4 —
454 515 32 4 —
514 499 115 29 såsom
653 497 299 42 stadsfullmäktig.

841 599 39 31 15
902 599 21 41 $

181 656 68 32 fö
270 657 55 31 val
347 675 797 5 o———————
897 652 157 51 rr
1110 652 36 51 —
1167 676 40 4 —
1230 676 40 4 —
1295 677 35 3 —
1356 658 92 31 inom
1471 658 159 31 valkrets.

186 707 67 31 Vid
274 707 330 41 valkretsindelning
627 726 40 4 —
690 726 41 4 —
752 727 41 3 —
817 708 168 31 särskilda
1007 708 241 31 valkretsarna.

187 757 63 32 Om
284 758 179 41 indelning
495 758 11 31 i
539 758 189 31 valkretsar
758 758 106 41 jämte

128 809 133 31 antalet
283 808 213 42 fullmäktige
518 809 53 31 för
600 809 92 40 varje
714 809 149 31 valkrets

132 861 71 39 äga,
228 859 84 31 efter
335 859 117 31 därom
475 870 40 20 av
538 859 222 41 magistraten
780 870 83 31 upp-

132 910 90 40 gjort
258 910 137 41 förslag,
434 909 310 42 stadsfullmäktige
781 912 83 39 göra

130 960 252 42 framställning
404 960 63 31 hos
483 960 258 41 länsstyrelsen.
768 961 95 31 Utan

129 1011 206 41 föregående
368 1011 252 41 framställning
643 1013 54 29 må
719 1011 145 41 länssty-

131 1061 113 31 relsen
277 1061 162 32 förordna
466 1072 54 21 om
545 1061 107 32 sådan
675 1062 187 41 indelning,

133 1112 105 31 sedan
255 1112 135 31 tillfälle
406 1112 128 31 beretts
551 1111 312 43 stadsfullmäktige

130 1164 50 29 att
203 1162 118 42 avgiva
343 1162 159 41 yttrande
524 1162 12 31 i
553 1163 151 31 ärendet.
739 1163 124 31 Beslut

130 1224 55 20 om
219 1213 179 41 indelning
419 1213 12 30 i
453 1213 188 31 valkretsar
664 1213 86 32 skall
773 1214 90 31 med-

130 1263 95 32 delas
263 1266 118 28 senast
417 1265 55 29 två
508 1264 163 31 månader
706 1264 72 31 före
815 1264 47 31 in-

127 1316 133 39 gången
277 1325 40 20 av
333 1314 59 31 det
407 1314 209 38 kalenderår,
634 1314 109 32 under
757 1315 106 32 vilket

129 1365 150 31 beslutet
303 1365 86 31 skall
412 1364 96 32 träda
530 1365 11 31 i
565 1365 228 45 tillämpning.

455 1517 35 29 17
514 1515 30 42 8.

187 1575 317 41 Stadsfullmäktige
526 1575 90 41 välja
638 1575 90 41 varje
752 1577 36 29 år
810 1576 53 31 för

130 1625 284 32 nästkommande
446 1625 201 31 kalenderår
676 1625 105 32 bland
809 1626 53 41 sig

128 1687 43 19 en
194 1676 205 31 ordförande
423 1676 63 31 och
510 1687 41 20 en
566 1676 74 31 vice
657 1676 205 32 ordförande

132 1728 99 35 samt,
256 1726 43 31 då
322 1726 309 41 stadsfullmäktige
656 1728 37 30 så
715 1727 146 38 besluta,

128 1776 124 40 jämväl
298 1788 41 19 en
381 1776 103 32 andre
528 1777 73 31 vice
647 1777 214 32 ordförande.

134 1826 261 32 Underrättelse
419 1838 53 20 om
497 1827 101 31 dessa
621 1828 62 36 val,
708 1828 78 31 med
809 1839 54 20 an-

129 1877 143 40 givande
297 1888 40 20 av
360 1877 42 31 de
425 1877 116 31 valdas
565 1889 102 19 namn
692 1878 63 31 och
771 1880 91 39 post-

126 1926 128 39 adress,
279 1927 86 31 skall
397 1939 108 28 genom
538 1928 210 40 magistraten
778 1928 84 31 oför-

131 1977 168 41 dröjligen
333 1977 163 31 insändas
530 1977 53 31 till
614 1978 247 41 länsstyrelsen

129 2028 53 30 för
204 2027 184 41 intagande
411 2028 10 30 i
444 2027 354 41 länskungörelserna.

955 758 64 32 Om
1053 758 179 41 indelning
1265 759 11 31 i
1309 759 187 31 valkretsar
1527 759 105 41 jämte

905 809 128 31 antalet
1061 809 212 41 fullmäktige
1296 809 52 31 för
1369 810 91 40 varje
1482 810 150 31 valkrets

903 861 70 40 äga,
998 860 86 31 efter
1106 859 117 32 därom
1247 871 40 20 av
1309 860 222 41 magistraten
1547 861 83 36 eller,

900 911 61 30 där
982 911 105 30 sådan
1103 910 30 40 ej
1140 911 115 40 finnes,
1269 921 41 20 av
1325 911 307 31 drätselkammaren

901 961 163 41 uppgjort
1078 961 137 41 förslag,
1230 961 307 41 stadsfullmäktige
1550 963 82 40 göra

901 1011 254 41 framställning
1177 1011 63 31 hos
1256 1011 256 42 länsstyrelsen.
1537 1012 94 31 Utan

899 1061 206 42 föregående
1138 1062 252 41 framställning
1412 1064 54 29 må
1488 1062 144 41 länssty-

899 1112 113 31 relsen
1045 1112 162 31 förordna
1234 1123 55 20 om
1314 1112 106 31 sådan
1442 1112 188 42 indelning,

903 1162 105 32 sedan
1024 1163 134 31 tillfälle
1174 1163 129 31 beretts
1320 1163 311 42 stadsfullmäktige

898 1215 50 29 att
971 1213 118 41 avgiva
1110 1213 160 42 yttrande
1293 1213 10 31 i
1327 1213 148 32 ärendet.
1507 1214 124 31 Beslut

899 1275 54 20 om
987 1264 180 41 indelning
1188 1264 11 31 i
1222 1264 187 31 valkretsar
1432 1265 86 31 skall
1541 1264 89 32 med-

901 1314 95 32 delas
1010 1317 116 29 senast
1139 1316 55 30 två
1202 1315 162 31 månader
1375 1315 71 31 före
1458 1315 171 42 ingången

898 1376 40 20 av
971 1365 58 31 det
1062 1365 209 38 kalenderår,
1307 1366 109 31 under
1447 1366 106 31 vilket
1575 1366 55 32 be-

899 1416 105 31 slutet
1027 1416 86 31 skall
1137 1416 95 31 träda
1255 1416 11 31 i
1289 1416 225 41 tillämpning.

1219 1518 37 29 17
1279 1516 29 42 8.

954 1574 318 42 Stadsfullmäktige
1295 1576 88 40 välja
1404 1576 92 40 varje
1518 1578 38 29 år
1578 1576 52 31 för

899 1625 284 31 nästkommande
1216 1626 200 31 kalenderår
1448 1626 106 31 bland
1578 1626 52 42 sig

899 1686 42 20 en
965 1675 205 32 ordförande
1194 1676 62 31 och
1278 1687 42 20 en
1336 1676 71 32 vice
1424 1677 205 31 ordförande

903 1728 95 36 samt,
1024 1726 43 31 då
1091 1726 309 42 stadsfullmäktige
1424 1729 36 29 så
1482 1727 146 39 besluta,

898 1777 124 40 jämväl
1066 1788 42 20 en
1153 1777 103 31 andre
1300 1778 72 31 vice
1414 1778 214 31 ordförande.

900 1827 263 32 Underrättelse
1186 1839 54 20 om
1265 1828 101 31 dessa
1388 1829 62 37 val,
1474 1829 79 31 med
1576 1840 54 19 an-

898 1878 144 41 givande
1066 1889 40 20 av
1129 1878 41 31 de
1194 1879 116 31 valdas
1334 1890 100 20 namn
1458 1879 64 31 och
1538 1881 92 39 post-

898 1928 127 38 adress,
1052 1928 86 31 skall
1169 1940 39 20 av
1229 1929 312 40 stadsfullmäktiges
1563 1930 67 30 ord-

889 1978 144 40 förande
1046 1979 244 40 ofördröjligen
1303 1979 162 31 insändas
1479 1979 52 31 till
1543 1979 87 31 läns-

900 2029 169 40 styrelsen
1083 2029 51 31 för
1150 2029 183 41 intagande
1350 2029 10 31 i
1376 2029 254 41 länskungörel-

896 2090 106 20 serna.

181 2128 67 31 För
271 2131 72 28 året
387 2147 17 3 —
441 2147 26 4 —
498 2146 32 4 —
562 2147 30 3 —
620 2147 37 4 —
681 2129 140 31 särskilt
843 2131 117 29 utsett.

839 2249 37 30 19
899 2248 29 41 8.

180 2304 181 32 Ordinarie
385 2306 274 30 sammanträden
684 2325 36 2 —
746 2325 39 2 —
808 2325 40 2 —
872 2317 40 19 av
935 2306 220 41 fullmäktige.

180 2354 67 31 Vid
270 2355 170 30 ordinarie
463 2373 39 3 —
526 2373 39 4 —
589 2373 40 4 —
652 2356 63 30 och
739 2355 215 41 förvaltning.

180 2404 66 30 Vid
271 2404 171 31 ordinarie
465 2423 39 3 —
527 2423 40 3 —
591 2424 40 2 —
656 2405 62 30 och
742 2405 383 41 revisorssuppleanter.

181 2499 108 35 Bihang
313 2500 44 27 till
378 2500 166 36 riksdagens
565 2500 143 36 protokoll
732 2498 89 30 1932.
858 2499 20 27 5
894 2501 78 28 saml.

1020 2499 39 28 18
1081 2500 71 36 häft.
1432 2510 50 18 1057
1497 2511 25 18 82
1568 2505 17 25 2

1199 2502 63 36 (Nr
1276 2499 69 38 32.)
