1884 2848
470 285 191 33 (Nuvarande
684 285 127 35 lydelse.)

323 349 106 31 Extra
446 349 251 31 sammanträde
712 348 117 37 hålles,
843 349 62 30 när
916 348 86 30 läns-

272 400 170 40 styrelsen
466 399 114 31 därom
603 398 181 32 förordnar
800 399 84 30 eller
899 398 103 41 magi-

272 452 129 29 straten
433 450 82 31 eller
537 450 42 31 de
601 449 102 31 flesta
725 460 39 20 av
786 448 213 41 fullmäktige

273 500 119 31 sådant
427 500 81 31 äska
537 500 82 31 eller
643 499 228 32 ordföranden
894 499 110 31 finner

273 551 56 31 det
351 550 130 41 nödigt.

592 694 40 30 20
655 692 30 42 8.

325 761 153 31 Kallelse
489 761 52 30 till
550 760 455 41 stadsfullmäktigsamman-

273 811 95 31 träde
402 811 153 31 utfärdas
588 811 109 31 första
729 813 140 39 gången,
900 810 105 31 sedan

273 862 317 31 beslutanderätten
625 861 203 42 uppdragits
866 863 34 29 åt
933 861 73 31 full-

275 912 156 41 mäktige,
456 923 40 20 av
528 912 221 41 magistraten
772 911 64 31 och
859 911 148 31 därefter

275 974 39 19 av
347 962 229 32 ordföranden
611 963 93 37 eller,
727 962 56 31 vid
810 961 124 32 hinder
955 962 53 30 för

275 1013 136 38 honom,
423 1024 41 20 av
472 1013 72 31 vice
557 1013 238 31 ordföranden.
819 1012 187 37 Kallelsen,

276 1063 111 31 vilken
422 1063 85 31 skall
541 1063 153 31 utfärdas
728 1062 191 41 skriftligen
943 1062 63 31 och

276 1114 172 31 innehålla
470 1113 158 32 bestämd
651 1113 136 42 uppgift
803 1124 54 20 om
874 1113 52 30 tid
942 1112 64 32 och

277 1164 98 31 ställe
410 1166 97 36 samt,
541 1164 103 31 såvitt
678 1164 132 41 möjligt
843 1165 45 36 är,
923 1165 85 29 även

277 1225 54 20 om
365 1215 362 41 överläggningsämne
760 1215 51 30 för
845 1224 163 21 samman-

277 1265 120 39 trädet,
422 1265 87 31 skall
536 1267 116 29 senast
677 1265 235 40 söckendagen
936 1264 72 31 före

278 1315 265 31 sammanträdet
576 1315 153 41 delgivas
766 1326 100 20 envar
903 1314 106 32 stads-

277 1365 201 41 fullmäktig.

681 191 354 28 Konstitutionsutskottets
1059 190 145 28 utlåtande
1226 189 45 29 Nr
1295 190 48 27 32.

1240 283 170 33 (Utskottets
1427 283 143 34 förslag.)

1089 347 108 31 Extra
1209 346 250 32 sammanträde
1475 346 118 37 hålles,
1610 347 62 30 när
1685 346 86 30 läns-

1038 398 170 41 styrelsen
1232 397 115 31 därom
1371 396 180 31 förordnar
1573 396 84 31 eller
1672 396 101 40 magi-

1039 450 130 29 straten
1193 448 82 37 eller,
1299 448 61 30 där
1382 447 105 31 sådan
1510 446 29 40 ej
1550 448 117 40 finnes,
1685 447 88 30 drät-

1038 498 232 31 selkammaren
1291 498 53 30 det
1367 498 95 39 begär
1490 497 81 31 eller
1601 497 43 31 de
1674 496 99 31 flesta

1039 560 38 19 av
1097 548 213 41 fullmäktige
1333 548 124 31 sådant
1483 547 81 31 äska
1591 548 83 31 eller
1702 547 72 31 ord-

1038 599 167 31 föranden
1228 599 108 30 finner
1360 598 58 31 det
1441 598 129 41 nödigt.

1362 691 41 31 20
1425 690 30 42 8.

1091 759 213 31 Kallelsetill
1317 758 459 41 stadsfullmäktigsamman-

1040 809 96 31 träde
1170 809 152 31 utfärdas
1352 810 109 30 första
1490 810 142 40 gången,
1664 808 106 32 sedan

1040 859 319 32 beslutanderätten
1393 859 203 41 uppdragits
1635 861 35 29 åt
1702 859 73 30 full-

1042 910 157 41 mäktige,
1213 921 40 20 av
1265 910 223 41 magistraten
1500 910 83 37 eller,
1598 910 62 31 där
1670 910 105 30 sådan

1041 961 29 39 ej
1086 961 117 41 finnes,
1221 972 39 20 av
1275 960 420 40 kommunalborgmästaren
1711 959 64 31 och

1042 1011 150 31 därefter
1201 1022 39 20 av
1248 1010 240 38 ordföranden,
1495 1010 82 31 eller
1585 1010 58 31 vid
1652 1010 124 31 hinder

1042 1062 52 30 för
1106 1061 138 38 honom,
1254 1072 40 20 av
1305 1061 73 31 vice
1390 1060 239 32 ordföranden.
1653 1060 125 31 Kallel-

1043 1123 70 26 sen,
1137 1111 115 32 vilken
1285 1111 84 31 skall
1397 1111 153 32 utfärdas
1584 1111 192 41 skriftligen

1043 1162 65 32 och
1130 1162 174 31 innehålla
1325 1161 159 32 bestämd
1500 1161 137 42 uppgift
1654 1172 55 20 om
1725 1161 52 31 tid

1044 1213 64 31 och
1132 1213 100 30 ställe
1249 1214 95 37 samt,
1363 1212 103 31 såvitt
1481 1212 133 41 möjligt
1630 1214 44 35 är,
1692 1213 84 30 även

1045 1275 54 20 om
1134 1263 362 41 överläggningsämne
1529 1263 52 31 för
1615 1273 164 21 samman-

1045 1313 112 32 trädet
1191 1313 86 31 skall
1306 1316 117 29 senast
1447 1313 237 41 söckendagen
1707 1313 72 30 före

1046 1364 266 38 sammanträdet
1346 1363 153 42 delgivas
1532 1375 103 20 envar
1670 1363 109 31 stads-

1045 1414 202 41 fullmäktig.

329 1466 54 31 En
406 1466 104 31 vecka
534 1484 36 4 —
595 1485 40 2 —
659 1485 40 3 —
721 1466 116 31 fÅestas
859 1466 201 31 kännedom.

329 1516 68 31 Vid
421 1516 170 32 ordinarie
615 1535 40 3 —
678 1535 41 3 —
742 1536 39 2 —
804 1517 113 30 denna
940 1516 143 41 tidning.

329 1567 78 31 Den
432 1567 299 41 omständigheten
754 1585 40 4 —
816 1585 40 4 —
879 1585 41 4 —
942 1565 286 32 sammanträdets
1250 1566 168 31 hållande.

330 1617 220 40 Magistraten
563 1617 84 32 skall
663 1618 137 31 särskilt
816 1617 193 41 skriftligen

279 1667 217 32 underrättas
519 1679 52 20 om
598 1668 258 31 sammanträde.

981 1811 39 30 22

1098 1616 24 31 I
1129 1617 75 30 stad
1216 1617 68 30 med
1303 1616 168 41 magistrat
1484 1616 77 31 skall
1570 1616 210 40 magistraten

1047 1667 139 31 särskilt
1199 1666 190 41 skriftligen
1402 1666 218 31 underrättas
1631 1677 55 20 om
1697 1677 83 20 sam-

1047 1717 186 32 manträde.

425 1869 102 40 Varje
560 1869 289 41 stadsfullmäktig
883 1871 79 39 äger
996 1880 40 20 en
1067 1870 83 30 röst.

332 1919 68 31 Vid
433 1915 13 51 =
470 1919 543 42 stadsfullmäktigsammanträde

281 1971 77 39 äger
380 1969 259 41 borgmästaren
663 1970 75 31 eller
756 1970 258 40 stadsstyrelsens

281 2019 194 41 ordförande
491 2020 89 37 eller,
593 2020 59 31 vid
667 2020 124 32 hinder
805 2020 52 31 för
873 2020 138 38 honom,

281 2069 75 39 den,
379 2069 115 32 vilken
522 2070 222 41 magistraten
768 2071 73 31 eller
862 2071 151 40 stadssty-

281 2120 100 31 relsen
403 2120 106 31 bland
533 2120 74 31 sina
629 2120 189 32 ledamöter
839 2123 105 36 utser,
966 2123 49 29 att

281 2181 77 20 vara
380 2170 172 32 tillstädes
576 2171 64 31 och
664 2170 134 42 deltaga
820 2171 11 31 i
847 2171 168 42 överlägg-

282 2221 175 41 ningarna,
482 2232 76 20 men
592 2221 29 41 ej
647 2221 11 31 i
682 2221 166 32 besluten.
898 2221 113 32 Sådan

282 2273 66 29 rätt
360 2271 207 32 tillkommer
577 2272 126 40 jämväl
716 2272 204 31 ordförande
933 2272 82 31 eller

282 2321 71 31 vice
377 2321 205 32 ordförande
605 2322 11 30 i
639 2322 197 31 kommunal
860 2323 153 41 styrelse,

283 2372 126 30 nämnd
430 2372 83 31 eller
527 2372 190 42 beredning
732 2373 57 31 vid
804 2372 211 42 behandling

284 2432 38 20 av
356 2422 136 38 ärende,
516 2433 72 20 som
617 2422 132 32 beretts
772 2434 39 19 av
834 2423 179 41 styrelsen,

283 2471 171 31 nämnden
490 2472 80 31 eller
603 2472 243 42 beredningen,
882 2475 38 29 så
954 2473 62 31 ock

1143 1918 69 32 Vid
1238 1918 545 41 stadsfullmäktigsammanträde

1049 1971 78 39 äger
1160 1969 258 41 borgmästaren
1452 1969 90 37 eller,
1570 1968 57 31 vid
1661 1968 123 31 hinder

1048 2020 52 30 för
1133 2019 137 38 honom,
1305 2019 76 38 den,
1412 2019 114 31 vilken
1559 2019 224 41 magistraten

1048 2070 106 31 bland
1177 2070 76 31 sina
1274 2069 189 32 ledamöter
1486 2072 103 35 utser,
1613 2070 76 31 eller
1705 2069 78 31 kom-

1049 2120 351 39 munalborgmästaren
1434 2122 50 29 att
1510 2131 79 20 vara
1611 2119 173 32 tillstädes

1051 2170 63 32 och
1149 2170 135 42 deltaga
1313 2170 11 31 i
1348 2171 336 41 överläggningarna,
1708 2180 76 21 men

1050 2221 28 41 ej
1104 2221 8 30 1
1138 2221 168 31 besluten.
1353 2221 115 31 Sådan
1490 2222 67 29 rätt
1573 2220 209 32 tillkommer

1047 2271 126 41 jämväl
1186 2271 204 31 ordförande
1403 2271 84 31 eller
1494 2271 71 31 vice
1575 2270 208 32 ordförande

1049 2322 12 31 i
1083 2321 198 31 kommunal
1304 2321 154 41 styrelse,
1482 2321 128 31 nämnd
1633 2321 83 31 eller
1731 2321 54 30 be-

1049 2371 146 41 redning
1210 2371 56 31 vid
1282 2371 211 41 behandling
1505 2382 40 20 av
1557 2371 137 37 ärende,
1709 2381 72 20 som

1050 2423 131 31 beretts
1215 2433 39 20 av
1288 2423 179 41 styrelsen,
1497 2422 172 32 nämnden
1704 2421 82 31 eller

1050 2473 243 41 beredningen,
1311 2475 36 30 så
1361 2473 63 31 ock
1436 2472 130 32 revisor
1577 2473 57 31 vid
1650 2471 137 42 gransk-
