2248 2660
442 201 117 31 Andra
583 202 215 33 kammarens
823 203 125 42 fiärde
973 207 172 40 tillfälliga
1168 210 139 30 utskotts
1331 211 174 31 utlåtande
1531 213 48 30 Nr
1603 216 29 28 2.
1811 215 18 29 93

238 280 183 38 utskottet
450 295 88 23 vara
558 284 92 36 både
667 286 148 36 rättvist
831 288 67 35 och
915 288 116 46 klokt,
1055 302 56 24 om
1134 295 119 32 staten
1271 292 258 38 underlättade
1545 295 284 49 möjligheterna

237 336 55 34 för
335 336 108 36 dessa
473 338 250 49 värnpliktige
754 344 62 41 att,
849 346 143 33 oavsett
1021 345 96 35 huru
1145 345 88 48 lång
1262 351 71 43 väg
1363 348 44 35 de
1437 349 95 36 hava
1561 349 57 37 till
1647 351 63 37 sitt
1730 353 96 44 hem,

237 388 129 38 kunna
393 390 170 49 begagna
593 393 56 48 sig
679 407 44 23 av
754 395 68 36 den
855 397 196 47 medgivna
1080 399 215 48 ledigheten
1323 402 55 35 för
1407 406 51 33 ett
1487 403 115 37 besök
1621 405 13 36 i
1653 406 172 38 hemmet.

239 443 87 36 Icke
355 445 112 36 minst
496 458 43 23 ur
567 449 241 45 synpunkten
838 463 45 23 av
913 454 53 33 att
995 453 338 48 utbildningstiden
1361 455 66 37 bör
1455 462 107 42 göras
1592 461 39 33 så
1659 460 83 36 litet
1769 474 57 23 av-

236 497 233 38 skräckande
512 513 76 23 som
632 501 143 50 möjligt
817 504 56 36 för
908 505 70 36 den
1018 508 251 48 värnpliktiga
1303 511 223 46 ungdomen,
1560 518 39 30 är
1623 517 52 33 ett
1705 516 121 47 dylikt

237 553 244 47 medgivande
511 555 175 47 påkallat.
1616 603 2 2 .

341 608 190 36 Utskottet
560 610 75 35 kan
664 611 165 37 däremot
856 612 83 37 icke
970 627 97 32 anse,
1099 620 53 32 att
1181 630 139 24 samma
1351 620 138 36 förmån
1519 621 65 36 bör
1608 622 155 50 beviljas
1780 626 44 34 de

234 660 57 36 till
319 662 401 50 repetitionsövningar
755 666 199 38 inkallade.
1018 671 65 34 För
1112 672 107 35 dessa
1248 677 40 31 är
1311 673 44 48 ju
1384 673 371 51 tjänstgöringstiden
1784 683 39 32 så

234 715 94 45 kort,
360 720 53 32 att
441 719 113 45 något
583 719 120 37 behov
733 733 43 23 av
807 722 166 36 hemresa
1003 722 184 50 knappast
1216 727 12 34 i
1257 729 164 34 normala
1450 729 65 36 fall
1535 731 104 35 torde
1658 732 36 35 få
1716 745 107 24 anses

232 768 193 50 föreligga.

337 825 84 35 Vad
450 826 177 48 slutligen
656 828 174 37 beträffar
861 831 43 35 de
938 833 258 48 värnpliktige,
1229 846 76 24 som
1337 835 116 48 enligt
1482 842 22 42 $
1532 841 47 33 28
1602 840 220 48 värnplikts-

229 877 109 48 lagen
382 879 175 37 inkallats
594 881 56 37 till
679 883 258 49 tjänstgöring,
970 887 67 35 och
1068 888 44 34 de
1143 890 82 34 med
1256 890 81 35 dem
1364 890 239 48 jämnställda
1632 893 188 39 inkallade

229 933 400 47 Jlandstormsmännen,
661 937 74 35 kan
765 938 62 36 det
856 939 217 48 visserligen
1104 947 118 42 sägas,
1254 947 52 32 att
1332 944 138 48 jämväl
1490 946 56 36 för
1566 948 107 36 dessa
1693 949 126 48 tjänst-

229 986 258 48 göringstiden
529 989 132 36 hittills
706 992 93 35 varit
832 993 148 37 relativt
1013 994 93 45 kort,
1138 1009 83 23 men
1250 998 67 35 här
1345 998 146 37 komma
1521 1002 20 33 å
1570 1002 114 36 andra
1714 1003 106 37 sidan

227 1038 95 47 skäl,
366 1053 77 24 som
487 1048 88 41 göra
610 1044 63 36 det
705 1045 216 48 ifrågasatta
949 1049 264 47 medgivandet
1242 1063 45 24 av
1315 1051 69 37 fria
1412 1054 188 36 hemresor
1628 1056 56 36 för
1714 1058 105 36 dessa

228 1094 210 47 kategorier
480 1109 56 24 om
583 1097 143 50 möjligt
769 1105 98 31 ännu
898 1113 98 24 mera
1024 1102 199 50 berättigat
1253 1111 46 30 än
1328 1106 13 35 i
1368 1106 103 49 fråga
1501 1121 57 23 om
1588 1109 229 50 rekryterna.

226 1148 57 36 De
311 1148 256 39 förstnämnda
596 1158 61 30 äro
687 1154 186 47 nämligen
903 1155 13 35 i
945 1156 201 38 allmänhet
1174 1159 12 35 i
1216 1161 72 34 den
1317 1160 113 46 ålder,
1452 1165 53 33 att
1525 1164 197 37 frånvaron
1737 1166 81 36 från

227 1202 161 37 hemmet
424 1204 71 36 blir
534 1210 170 33 avsevärt
741 1220 99 24 mera
868 1209 238 49 betungande
1136 1218 46 30 än
1211 1214 56 35 för
1296 1215 44 35 de
1373 1216 165 48 20-åriga
1568 1220 249 47 värnopliktige

225 1256 9 35 i
265 1257 273 49 rekrytskolan.
580 1260 121 37 Oftast
730 1263 104 35 torde
864 1264 44 35 de
939 1277 86 23 vara
1053 1266 348 51 familjeförsörjare,
1422 1271 69 35 och
1519 1271 76 36 lika
1617 1274 74 35 ofta
1713 1276 103 35 torde

225 1311 369 39 affärsförhållanden
624 1328 31 23 o.
688 1316 32 35 d.
752 1316 149 47 påkalla
931 1319 105 36 deras
1065 1326 156 31 närvaro
1250 1322 13 35 i
1291 1323 172 37 hemmet.
1521 1326 192 38 Utskottet
1741 1329 75 36 kan

225 1365 122 37 därför
389 1366 83 37 icke
507 1372 114 32 annat
651 1374 46 31 än
727 1382 99 34 anse,
858 1374 53 34 att
940 1377 93 33 även
1064 1374 44 36 de
1138 1375 117 48 enligt
1283 1378 22 42 $
1338 1380 47 34 28
1416 1379 319 51 värnpliktslagen
1763 1383 52 36 in-

224 1419 148 37 kallade
414 1421 133 37 liksom
590 1423 396 49 landstormsmännen,
1032 1428 100 36 vilka
1166 1430 219 48 visserligen
1418 1433 12 34 i
1459 1433 202 38 allmänhet
1689 1436 32 49 ej
1753 1443 61 31 äro

225 1473 164 49 förlagda
432 1478 39 34 så
513 1477 104 47 långt
650 1478 82 36 från
760 1480 173 45 hemmet,
965 1494 83 24 men
1079 1486 19 32 å
1129 1485 113 35 andra
1272 1485 105 37 sidan
1407 1488 103 36 torde
1538 1488 13 36 i
1579 1489 114 48 högre
1723 1493 89 45 grad

223 1532 46 31 än
313 1528 71 36 alla
420 1531 115 35 andra
565 1544 86 23 vara
680 1533 12 34 i
721 1533 119 37 behov
870 1547 44 24 av
943 1541 155 32 närvaro
1129 1538 12 35 i
1170 1539 171 45 hemmet,
1373 1540 87 37 böra
1490 1543 138 37 erhålla
1657 1548 72 33 rätt
1758 1546 52 36 till

222 1594 139 24 samma
399 1583 153 45 förmån,
593 1598 74 23 som
713 1586 211 49 ifrågasatts
962 1591 56 35 för
1047 1592 44 34 de
1120 1592 56 35 till
1205 1594 378 50 rekryttjänstgöring
1609 1598 200 37 inkallade.

328 1637 237 38 Beträffande
593 1639 131 48 frågan
754 1641 92 37 efter
866 1643 100 36 vilka
987 1646 163 45 grunder
1168 1649 339 47 reseersättningen
1528 1651 96 36 skall
1641 1653 168 45 erhållas,

220 1689 67 37 bör
316 1690 117 49 enligt
461 1693 201 37 utskottets
693 1695 149 49 mening
872 1697 132 47 denna,
1034 1699 117 48 ifråga
1176 1713 57 23 om
1256 1702 44 36 de
1320 1703 252 49 värnpliktiga
1591 1706 63 36 vid
1673 1707 138 49 rekryt-

222 1743 259 51 tjänstgöring,
525 1748 100 36 bliva
662 1749 151 37 föremål
846 1751 55 36 för
929 1757 167 32 närmare
1125 1755 200 49 utredning
1353 1769 133 35 genom
1516 1760 138 48 Kungl.
1685 1762 126 49 Maj:ts

223 1798 149 49 försorg.
430 1800 18 35 I
492 1801 100 36 detta
635 1803 64 36 fall
741 1804 121 36 skulle
901 1807 62 35 det
1000 1808 188 48 nämligen
1228 1811 98 45 gälla
1368 1824 46 23 en
1449 1813 142 47 årligen
1620 1818 187 45 upprepad

220 1854 207 47 statsutgift
455 1867 44 23 av
530 1856 183 49 väsentlig
742 1859 148 36 storlek.
936 1861 82 36 Den
1048 1862 241 37 ekonomiska
1311 1864 218 49 betydelsen
1550 1880 44 24 av
1611 1873 53 32 ett
1679 1871 131 36 sådant

220 1906 257 48 medgivande,
522 1922 76 23 som
629 1911 67 36 här
727 1912 247 48 ifrågasättes,
1008 1915 75 36 kan
1113 1916 173 38 bedömas
1314 1919 91 36 först
1433 1920 93 37 efter
1550 1935 46 24 en
1623 1923 185 47 ingående

218 1961 212 48 utredning.
487 1963 143 37 Därvid
658 1965 88 36 böra
775 1966 158 48 givetvis
964 1974 93 31 även
1085 1975 168 32 närmare
1281 1973 240 47 undersökas,
1553 1976 101 36 vilka
1674 1978 135 37 villkor

218 2013 129 38 kunna
376 2016 120 37 finnas
526 2019 241 48 erforderliga
794 2022 57 35 för
868 2024 359 49 reseersättningens
1248 2027 224 47 erhållande,
1494 2029 101 37 vilka
1614 2031 194 38 inskränk-

217 2069 135 48 ningar
392 2070 13 35 i
447 2072 105 48 fråga
592 2086 57 23 om
691 2075 187 48 väglängd
923 2090 29 23 o.
984 2079 88 47 dyl,
1103 2092 76 24 som
1209 2081 126 36 kunde
1364 2083 137 37 införas
1531 2098 32 23 o.
1594 2098 27 23 s.
1655 2100 31 22 v.
1744 2088 61 36 Ut-

216 2123 140 37 skottet
400 2125 63 37 vill
503 2126 14 36 i
561 2128 101 36 detta
700 2132 268 47 sammanhang
998 2134 130 36 endast
1156 2134 206 47 framhålla,
1394 2141 53 32 att
1476 2139 118 48 enligt
1622 2141 83 36 dess
1736 2155 56 22 me

215 2177 92 48 ning
350 2180 207 48 ersättning
598 2182 94 36 blott
732 2183 65 36 bör
836 2185 158 37 erhållas
1027 2187 56 36 för
1111 2200 41 24 en
1180 2201 81 24 resa
1290 2191 119 36 under
1436 2192 244 49 rekryttiden,
1712 2200 94 32 samt

216 2234 53 33 att
309 2234 257 47 ersättningen
607 2236 66 36 bör
712 2240 90 45 utgå
843 2239 56 36 för
939 2253 83 24 resa
1055 2244 20 32 å
1101 2242 159 49 järnväg
1294 2244 202 48 (statsbana
1525 2248 89 35 eller
1643 2249 161 50 enskild)

216 2288 95 33 samt
353 2289 20 33 å
402 2288 138 47 ångbåt
573 2289 90 37 eller
697 2291 151 37 därmed
876 2293 206 49 jämförligt
1109 2296 413 50 fortskaffningsmedel.
1580 2303 75 35 Vid
1683 2305 120 35 utred-

264 2358 129 41 Bihang
419 2360 50 30 till
481 2362 202 40 riksdagens
700 2365 160 36 protokoll
882 2367 89 30 1915.
1025 2369 39 29 13
1079 2364 96 35 saml.
1223 2372 20 27 4
1261 2371 71 30 avd.
1380 2376 21 24 >
1417 2373 79 38 häft.
1545 2374 68 32 (Nr
1637 2377 43 27 2)
1740 2377 18 29 2
