1908 2834
275 164 18 29 4
666 159 396 29 Konstitutionsutskottets
1081 158 159 30 utlåtande
1258 159 44 29 Nr
1323 160 45 28 17.

273 241 123 40 valdag
412 241 55 32 för
484 241 159 40 samtliga
659 241 350 40 landstingsmanna-,
1026 239 327 40 stadsfullmäktige-
1370 239 66 31 och
1453 239 204 31 elektorsval
1674 239 85 31 ökas

272 294 104 32 också
397 295 120 31 värdet
537 304 41 22 av
599 295 55 30 det
674 293 222 41 preliminära
918 292 553 41 sammanräkningsförfarandet,
1494 292 202 39 förebygges
1717 301 43 21 en

273 348 60 31 allt
352 348 56 31 för
427 348 138 39 uttänjd
585 347 142 31 valstrid
748 348 65 30 och
835 347 215 31 underlättas
1071 350 46 28 ett
1137 346 166 31 framtida
1323 345 184 31 införande
1528 354 42 22 av
1591 345 168 31 institutet

250 399 177 42 Sröstning
446 400 21 32 å
487 410 117 22 annan
623 404 53 28 ort
694 401 55 31 för
768 401 97 31 dessa
886 401 74 30 vals
981 399 279 32 vidkommande.

317 453 187 41 Förläggas
522 453 416 40 stadsfullmäktigevalen
955 454 66 31 och
1038 453 143 31 därmed
1198 454 87 30 även
1302 452 250 31 elektorsvalen
1570 451 55 31 för
1642 451 117 32 Stock-

273 508 95 30 holm
384 507 52 31 till
452 507 191 40 september
660 506 130 32 månad
807 508 38 30 är
864 507 57 31 det
938 516 43 22 en
998 506 149 41 naturlig
1164 507 217 30 konsekvens
1398 506 119 36 härav,
1535 507 50 29 att
1602 505 157 31 mandat-

274 560 162 40 perioden
455 561 56 31 för
528 561 213 31 elektorerna
759 560 10 31 i
787 560 245 32 huvudstaden
1048 559 126 32 liksom
1193 559 55 31 för
1266 559 118 39 övriga
1402 558 116 32 städer
1535 559 128 30 räknas
1681 557 79 32 från

274 615 65 31 och
357 615 80 31 med
458 614 68 32 den
549 615 14 30 1
585 614 137 40 januari
743 613 73 32 året
835 613 86 32 efter
941 614 99 31 valet.

318 668 14 30 I
355 666 99 42 fråga
477 677 58 22 om
557 667 162 40 förslaget
739 670 50 29 att
810 667 241 31 mandattiden
1071 666 55 32 för
1147 665 316 41 stadsfullmäktige
1490 665 6 31 i
1517 665 243 32 huvudstaden

275 720 83 31 efter
379 720 170 31 valtidens
570 720 222 41 omläggning
813 721 89 31 skall
921 720 101 40 börja
1042 720 107 31 redan
1173 720 15 30 1
1213 719 153 37 oktober,
1388 718 116 32 finner
1525 719 166 31 utskottet
1712 721 49 28 att

275 782 123 31 genom
421 774 193 31 detsamma
637 774 137 39 hänsyn
798 773 102 41 tagits
923 773 53 32 till
999 773 43 32 de
1064 772 265 41 invändningar,
1354 782 75 22 som
1454 772 97 39 eljest
1575 772 79 31 med
1677 771 84 32 visst

274 827 59 40 fog
348 828 136 31 kunnat
499 826 79 33 från
595 827 138 32 stadens
751 827 74 32 sida
843 826 188 32 framföras
1048 830 72 28 mot
1135 825 184 33 reformen.
1338 820 423 37 Överståthållarämbetet

274 881 65 31 och
359 880 315 41 stadsfullmäktige
693 881 91 31 hava
804 881 66 31 ock
890 880 157 31 förordat
1066 880 113 31 denna
1200 879 147 40 lösning.

319 933 173 32 Utskottet
507 934 197 31 hemställer
719 932 111 37 alltså,

536 1031 28 30 A
634 1030 29 40 1)
699 1033 50 29 att
778 1030 195 43 riksdagen,
1005 1030 79 31 med
1113 1028 100 32 bifall
1243 1029 51 31 till
1326 1028 123 40 Kungl.
1482 1027 118 40 Maj:ts
1630 1026 132 32 föreva-

583 1085 108 31 rande
706 1085 214 40 proposition
935 1094 42 22 nr
996 1086 50 35 12,
1062 1084 78 32 ville
1156 1087 126 37 antaga
1298 1083 156 40 följande

881 1243 32 40 a)
942 1244 211 39 Förslag

995 1324 53 32 till

966 1404 109 32 LAG

276 1494 57 22 om
352 1485 152 40 ändring
522 1485 12 31 i
552 1485 92 31 vissa
662 1485 98 31 delar
778 1493 43 23 av
839 1484 231 32 kommunala
1088 1484 160 39 vallagen
1268 1484 68 31 den
1355 1484 21 30 6
1393 1483 77 39 juni
1491 1483 85 31 1930
1596 1482 56 39 (nr
1672 1481 89 39 253).

320 1583 212 41 Härigenom
551 1583 193 37 förordnas,
765 1582 71 32 dels
858 1586 50 28 att
931 1583 38 31 19
1001 1575 24 53 8&
1030 1582 226 32 kommunala
1276 1581 157 40 vallagen
1454 1581 66 31 den
1541 1582 20 30 6
1580 1580 76 40 juni
1679 1579 83 31 1930

280 1637 88 32 skall
386 1637 160 41 upphöra
567 1640 49 29 att
637 1637 100 40 gälla,
759 1637 72 31 dels
852 1637 67 31 ock
939 1639 50 28 att
1013 1637 48 36 11,
1086 1636 39 31 13
1146 1635 67 32 och
1237 1636 38 30 15
1297 1633 44 41 88
1362 1644 136 22 samma
1519 1634 56 39 lag
1596 1633 98 31 skola
1715 1641 49 22 er-

277 1690 92 33 hålla
393 1691 136 31 ändrad
550 1691 128 39 lydelse
699 1690 45 40 på
768 1691 66 30 sätt
857 1690 114 31 nedan
995 1689 152 40 angives:

974 1780 37 30 11
1037 1776 30 42 8.

322 1852 63 31 Val
404 1861 43 21 av
468 1851 275 39 landstingsmän
764 1851 88 31 skall
871 1851 165 31 förrättas
1055 1850 108 39 tredje
1185 1849 175 39 söndagen
1381 1849 11 30 i
1413 1848 192 41 september
1625 1847 138 32 månad.

973 1940 40 31 13
1037 1937 30 42 8.

322 2012 62 31 Val
399 2022 43 21 av
459 2011 313 40 stadsfullmäktige
788 2012 88 30 skall
892 2011 164 31 förrättas
1072 2010 108 40 tredje
1198 2009 175 40 söndagen
1389 2009 11 30 i
1417 2009 192 39 september
1624 2006 139 32 månad.

975 2101 38 31 15
1038 2097 31 42 8.

321 2173 63 31 Val
401 2182 43 22 av
460 2172 434 40 kommunalfullmäktige,
911 2170 407 41 municipalfullmäktige
1337 2170 81 31 eller
1434 2167 331 42 kyrkofullmäktige

278 2225 57 33 må
352 2227 212 31 bestämmas
584 2229 49 29 att
652 2227 66 38 äga
738 2235 78 22 rum
836 2225 20 32 å
877 2224 57 33 två
954 2224 45 41 på
1019 2224 170 32 varandra
1209 2224 155 39 följande
1385 2223 117 40 dagar.
1535 2222 13 30 I
1570 2220 196 33 valdistrikt

278 2280 44 41 på
338 2280 118 31 landet
471 2280 88 31 skall
575 2280 126 31 endera
718 2280 111 39 dagen
844 2288 84 22 vara
945 2289 43 21 en
1005 2278 140 40 söndag.
1175 2278 72 31 Har
1264 2278 56 30 val
1336 2286 43 22 av
1394 2275 370 33 kommunalfullmäk-

277 2334 67 40 tige
359 2334 168 31 bestämts
544 2337 49 28 att
610 2334 65 39 äga
692 2343 78 21 rum
789 2342 134 22 samma
942 2333 67 39 dag
1028 2341 74 22 som
1120 2330 392 41 landstingsmannaval,
1531 2329 58 32 må
1606 2330 159 30 kommu-

279 2387 368 40 nalfullmäktigevalet
663 2387 89 31 dock
767 2386 76 32 icke
858 2388 65 38 äga
938 2395 78 22 rum
1031 2386 129 39 jämväl
1177 2384 20 32 å
1213 2394 117 22 annan
1347 2385 76 39 dag.
1452 2383 116 32 Beslut
1584 2392 57 22 om
1658 2382 107 31 valets

278 2441 262 31 bestämmande
563 2440 50 31 till
636 2440 170 31 särskilda
830 2440 108 39 dagar
963 2439 105 31 fattas
1090 2437 220 32 beträffande
1334 2438 56 31 val
1413 2447 43 21 av
1480 2434 285 33 kommunalfull-

278 2494 151 40 mäktige
446 2504 43 22 av
508 2493 424 39 kommunalfullmäktige
950 2493 91 36 eller,
1060 2492 61 31 där
1139 2491 132 32 sådana
1289 2492 32 39 ej
1339 2491 127 36 finnas,
1486 2500 42 21 av
1547 2488 217 33 kommunal-
