1897 2828
271 146 20 30 4
636 143 286 31 Statsutskottets
937 142 178 30 utlåtande
1130 150 42 21 nr
1187 142 61 30 107
1264 142 39 30 år
1319 141 83 30 1969

275 234 78 22 men
373 226 73 30 inte
465 226 108 30 heller
593 226 114 30 denna
728 225 71 30 kan
818 225 220 30 konkurrera
1058 224 79 30 med
1158 223 312 41 dagstidningarna
1490 223 64 29 när
1576 222 56 30 det
1653 221 106 41 gäller

273 279 187 40 publikens
475 280 130 30 storlek
619 280 81 29 eller
714 279 259 39 bevakningens
988 278 212 40 omfattning
1215 278 65 30 och
1293 277 190 30 intensitet.

317 334 160 30 Material
493 343 75 21 som
584 333 213 40 frambragts
814 342 42 21 av
874 333 81 30 1967
974 333 56 29 års
1046 331 289 41 pressutredning
1351 331 91 30 visar
1460 331 117 29 vidare
1594 332 50 28 att
1660 330 99 39 dags-

272 388 244 40 tidningarnas
536 388 229 30 ekonomiska
784 387 168 31 situation
972 387 164 39 generellt
1154 386 72 30 inte
1245 386 38 29 är
1302 385 356 31 otillfredsställande.
1680 384 79 30 Svå-

273 442 199 39 righeterna
491 443 36 28 är
547 442 126 29 främst
691 441 274 30 koncentrerade
983 441 53 29 till
1055 439 459 40 andratidningsföretagen.
1534 440 101 29 Detta
1653 440 106 28 mate-

272 496 64 30 rial
351 496 180 40 bestyrker
548 496 148 30 sålunda
709 495 146 40 tidigare
870 495 314 39 undersökningar.

318 550 176 31 Utskottet
512 550 134 30 erinrar
664 559 56 21 om
738 551 50 29 att
805 550 57 30 det
880 548 217 31 försämrade
1115 548 230 30 ekonomiska
1361 547 182 30 resultatet
1561 546 53 29 för
1633 546 126 29 främst

273 604 290 40 andratidningar
587 604 64 29 har
675 605 11 29 i
711 603 192 40 väsentliga
928 603 145 40 stycken
1097 602 154 29 initierat
1277 601 163 30 debatten
1466 610 55 20 om
1547 600 144 30 behovet
1718 609 41 20 av

274 658 132 40 statligt
421 658 77 30 stöd
510 658 53 30 till
578 657 321 41 dagstidningarna.

318 713 72 30 Mot
417 712 230 40 bakgrunden
677 721 42 21 av
748 712 66 30 den
844 711 79 30 från
953 709 524 42 opinionsbildningssynpunkt
1507 716 253 33 ogynnsamma

273 766 408 40 strukturutvecklingen
703 767 96 29 inom
822 766 67 29 den
913 765 149 30 svenska
1083 764 355 40 tidningsbranschen
1460 763 64 30 har
1547 763 11 29 i
1581 763 67 30 den
1672 762 87 30 före-

272 820 155 31 varande
453 820 263 40 propositionen
743 820 45 40 på
816 819 169 40 grundval
1014 828 42 21 av
1083 819 131 39 förslag
1241 827 42 21 av
1310 817 334 41 pressutredningen
1671 817 88 39 lagts

274 875 92 29 fram
384 875 132 38 förslag
534 884 56 19 om
608 883 43 20 en
669 883 42 20 av
730 874 56 29 det
805 874 178 28 allmänna
1001 872 217 30 finansierad
1238 871 437 30 samdistributionsrabatt
1695 870 64 29 och

273 937 57 21 om
345 937 43 21 en
401 937 161 31 pressens
577 927 176 31 lånefond.

318 983 75 29 Den
417 982 138 39 statliga
578 980 483 31 samdistributionsrabatten
1087 980 54 29 för
1165 979 264 40 dagstidningar
1453 988 98 20 avser
1576 980 49 28 att
1651 979 109 29 sänka

273 1035 485 31 distributionskostnaderna
785 1034 65 30 och
877 1034 144 30 därmed
1049 1034 181 29 stimulera
1257 1033 52 30 till
1337 1033 91 29 ökad
1457 1032 301 30 samdistribution

274 1090 65 30 och
354 1090 110 30 större
477 1089 164 30 valfrihet
656 1088 55 31 för
724 1088 467 40 tidningskonsumenterna.

318 1144 14 29 I
358 1143 88 40 syfte
472 1145 50 28 att
546 1143 132 40 främja
703 1142 347 30 samdistributionen
1075 1141 147 30 föreslås
1248 1142 9 28 i
1283 1141 262 39 propositionen
1571 1142 49 27 att
1648 1141 112 28 staten

272 1198 134 29 betalar
428 1199 49 28 ett
499 1197 85 30 visst
607 1197 124 39 belopp
755 1196 55 30 för
834 1196 225 30 distribuerat
1083 1195 176 40 exemplar
1281 1195 53 29 till
1358 1194 41 30 de
1423 1194 176 39 tidningar
1625 1202 73 21 som
1722 1194 38 28 är

272 1252 119 39 villiga
412 1253 49 28 att
483 1251 288 30 samdistribuera
789 1250 80 30 med
890 1260 42 20 en
952 1249 371 39 kostnadsfördelning
1342 1249 129 29 mellan
1493 1247 41 31 de
1555 1247 205 39 deltagande

272 1305 340 40 tidningsföretagen
630 1314 74 21 som
723 1312 58 32 ger
798 1304 91 30 ökad
905 1303 242 40 jämställdhet
1166 1303 10 30 i
1194 1303 277 30 konkurrensen.
1489 1302 68 29 För
1577 1302 183 38 förslagets

273 1358 283 40 förverkligande
583 1358 129 29 behövs
742 1357 107 40 enligt
878 1356 403 40 departementschefens
1311 1355 227 40 uppfattning
1566 1355 108 29 minst
1705 1354 55 30 två

274 1412 295 30 riksomfattande
603 1411 391 39 distributionsföretag.
1029 1410 48 30 På
1111 1409 425 40 distributionsföretagen
1573 1408 97 31 ställs
1705 1408 56 30 det

273 1467 122 30 kravet
414 1468 49 28 att
483 1466 40 30 de
541 1466 46 40 på
603 1465 99 40 varje
719 1466 63 34 ort,
802 1465 63 29 där
884 1464 336 40 tidningsföretagen
1240 1463 37 30 så
1296 1464 139 33 önskar,
1456 1463 88 29 skall
1564 1463 122 29 kunna
1704 1462 57 29 åta

274 1521 52 39 sig
347 1519 374 31 distributionsarbete.
745 1519 13 29 I
781 1519 141 39 nuläget
946 1527 101 31 synes
1070 1518 123 30 endast
1216 1517 199 40 postverket
1438 1517 65 29 och
1525 1516 58 30 AB
1607 1516 153 30 Svenska

273 1574 212 40 pressbyrån
505 1574 122 30 kunna
647 1573 160 40 uppfylla
828 1573 95 30 detta
943 1573 96 28 krav.
1062 1571 444 31 Samdistributionsrabatt
1527 1570 89 30 skall
1638 1569 122 30 endast

274 1629 122 29 kunna
413 1628 190 29 förmedlas
622 1636 42 20 av
682 1626 381 39 distributionsföretag
1083 1635 74 20 som
1176 1625 181 30 förbundit
1376 1625 51 39 sig
1446 1626 49 28 att
1513 1624 158 30 anordna
1690 1624 71 29 sär-

274 1682 92 31 skild
393 1681 425 40 tidningsutbärningstur
845 1680 45 40 på
916 1680 97 39 varje
1040 1681 54 28 ort
1121 1679 63 30 där
1211 1679 107 30 minst
1347 1678 56 30 två
1430 1677 330 40 rabattberättigade

274 1735 380 40 dagstidningsföretag
675 1734 104 39 begär
801 1734 67 30 det.
892 1734 13 28 I
927 1733 99 39 fråga
1048 1742 56 21 om
1126 1732 281 39 taxesättningen
1430 1732 119 29 anförs
1573 1733 49 28 att
1645 1731 116 29 distri-

273 1789 324 38 butionsföretagen
618 1788 63 30 bör
703 1787 163 30 förbinda
888 1787 51 39 sig
960 1788 50 28 att
1032 1787 10 29 i
1064 1787 136 39 princip
1222 1786 159 39 tillämpa
1402 1795 42 20 en
1467 1785 108 30 sådan
1597 1785 164 30 taxesätt-

274 1843 84 39 ning
377 1844 49 28 att
445 1843 67 29 den
531 1841 160 30 enskilda
708 1840 200 40 tidningens
928 1839 381 41 spridningsintensitet
1327 1839 45 40 på
1391 1840 98 29 orten
1507 1839 71 29 inte
1597 1839 164 29 inverkar

273 1896 46 40 på
340 1895 443 31 distributionskostnaden
804 1903 60 31 per
886 1894 185 39 exemplar.
1093 1893 434 39 Distributionsföretagen
1548 1892 61 29 bör
1631 1892 58 29 åta
1711 1892 51 39 sig

275 1952 49 28 att
345 1951 11 28 i
376 1950 41 29 de
439 1949 173 30 särskilda
632 1947 510 41 tidningsutbärningsturerna
1163 1946 159 30 medföra
1343 1947 160 39 samtliga
1524 1945 238 40 dagstidning-

274 2013 39 20 ar
333 2012 75 21 som
426 2003 59 29 vid
503 2003 97 29 tiden
619 2002 55 30 för
694 2001 252 40 utbärningens
968 2002 86 29 start
1074 2001 96 29 finns
1191 2000 215 39 tillgängliga
1425 2000 45 39 på
1489 2001 109 28 orten.
1620 2000 64 28 Det
1705 2008 58 20 en-

275 2057 115 31 skilda
413 2056 328 40 tidningsföretaget
764 2055 186 30 förutsätts
974 2054 164 30 förbinda
1162 2054 51 39 sig
1237 2055 49 28 att
1311 2053 97 30 avstå
1433 2053 79 30 från
1536 2061 85 31 egen
1645 2053 117 29 utbär-

274 2111 85 40 ning
376 2110 45 41 på
438 2111 68 30 alla
524 2110 42 30 de
583 2112 91 28 orter
692 2110 62 30 där
772 2108 200 30 rabatterad
992 2107 302 31 samdistribution
1313 2107 235 30 förekommer
1566 2107 66 29 och
1650 2108 49 28 att
1718 2106 44 40 på

275 2165 110 30 sådan
409 2166 54 29 ort
486 2164 202 30 överlämna
710 2163 79 29 hela
813 2162 379 30 distributionsarbetet
1214 2179 45 3 —
1281 2161 175 29 inklusive
1478 2162 218 38 transporter
1719 2177 43 3 —

274 2219 53 30 till
341 2217 427 39 distributionsföretaget.

319 2273 14 29 I
356 2272 180 30 motionen
560 2271 28 30 1:
605 2270 63 31 963
691 2271 107 39 yrkas
822 2271 51 29 att
896 2270 187 39 riksdagen
1109 2269 113 30 avslår
1248 2269 165 39 förslaget
1438 2277 57 21 om
1521 2268 240 30 samdistribu-

272 2325 222 32 tionsrabatt.
513 2324 220 31 Motionären
751 2324 135 29 känner
908 2323 51 39 sig
977 2323 72 30 inte
1068 2322 188 40 övertygad
1276 2331 56 21 om
1353 2324 50 28 att
1423 2322 160 30 rabatten
1603 2322 158 29 kommer

275 2383 48 28 att
341 2380 36 30 få
395 2380 138 37 åsyftad
550 2379 131 30 verkan
698 2380 84 28 utan
799 2387 119 20 menar
936 2379 49 28 att
1002 2377 56 30 det
1076 2377 95 30 finns
1190 2376 73 30 risk
1280 2376 56 30 för
1354 2378 48 28 att
1420 2377 66 29 den
1506 2384 141 22 snarare
1664 2376 97 30 kom-

273 2443 75 21 mer
367 2435 50 29 att
434 2434 78 29 leda
530 2433 53 30 till
601 2434 49 28 ett
667 2432 201 40 ytterligare
887 2431 174 30 försvårat
1079 2430 300 39 konkurrensläge
1398 2430 55 30 för
1472 2429 288 39 andratidningar

272 2496 124 32 genom
411 2488 49 29 att
475 2487 41 30 de
530 2487 70 29 kan
615 2485 131 31 förlora
760 2486 57 29 det
831 2484 186 41 försprång
1032 2493 74 21 som
1121 2484 66 29 den
1201 2491 88 32 egna
1302 2483 270 30 distributionen
1587 2483 82 39 givit
1682 2483 79 29 dem
