1882 2808
246 173 21 29 4
651 176 123 29 Första
797 175 238 35 lagutskottets
1057 173 176 32 utlåtande
1253 184 41 19 nr
1313 175 30 29 3.

771 323 74 40 Nya
867 322 366 40 rättegångsbalken.

295 411 14 30 I
328 420 68 27 nya
418 409 332 37 rättegångsbalken,
774 418 74 20 som
868 418 95 20 avses
986 409 98 30 skola
1106 409 98 29 träda
1224 409 10 29 i
1256 408 95 30 kraft
1371 409 66 29 den
1463 410 13 28 1
1500 408 138 36 januari
1662 409 93 32 1948,

249 462 62 29 äro
329 460 257 30 bestämmelser
602 469 57 20 om
677 460 68 29 rätt
762 459 50 29 till
830 458 67 31 åtal
914 459 65 29 och
997 468 57 20 om
1069 457 225 37 målsägande
1311 462 176 32 upptagna
1503 459 11 29 i
1531 459 41 29 20
1588 458 80 36 kap.
1687 459 68 30 Un-

250 512 62 29 der
337 511 142 30 allmänt
506 510 70 31 åtal
601 510 86 29 höra
712 510 69 29 alla
805 510 98 33 brott,
930 518 76 21 som
1032 508 32 36 ej
1090 509 230 36 uttryckligen
1345 510 59 28 äro
1429 509 224 36 undantagna
1680 509 76 29 där-

251 560 102 31 ifrån.
374 561 65 30 Om
455 561 138 29 särskilt
610 560 126 29 villkor
755 561 39 28 är
810 560 133 35 stadgat
960 559 56 30 för
1033 559 143 30 allmänt
1194 558 80 36 åtal,
1295 558 114 31 såsom
1428 558 153 31 tillstånd
1599 568 42 21 av
1659 567 97 27 myn-

252 612 117 36 dighet
387 611 81 30 eller
486 610 171 37 angivelse
675 619 43 21 av
738 610 229 35 målsägande,
989 609 88 30 skall
1097 608 121 31 sådant
1238 609 125 30 villkor
1381 610 89 35 gälla
1496 609 53 38 (20
1568 609 79 36 kap.
1670 610 19 29 3
1710 608 46 38 $).

251 662 137 29 Allmän
410 660 162 37 åklagare
595 661 88 35 äger,
709 669 58 21 om
792 660 30 38 ej
848 663 104 26 annat
977 661 39 28 är
1035 660 144 35 stadgat,
1205 660 69 29 tala
1297 658 20 30 å
1340 659 100 35 brott,
1466 669 74 20 som
1563 659 65 30 hör
1648 660 111 29 under

252 712 145 29 allmänt
416 710 69 31 åtal
511 710 52 39 (20
583 711 79 35 kap.
685 712 18 28 2
724 710 46 39 8).
790 705 190 40 Åklagaren
1000 711 39 28 är
1056 709 137 39 jämlikt
1213 711 41 28 20
1273 709 79 36 kap.
1374 711 19 28 6
1413 710 17 36 8
1451 711 87 28 även
1556 709 134 36 skyldig
1709 712 50 27 att

252 762 71 30 tala
344 761 20 30 å
384 760 122 31 sådant
527 762 100 29 brott.
651 761 117 29 Under
790 760 90 30 vissa
900 760 10 30 i
933 761 41 29 48
995 760 79 36 kap.
1098 760 148 35 angivna
1270 759 285 37 förutsättningar
1578 759 57 30 må
1657 760 100 29 emel-

252 812 101 29 lertid
373 811 331 36 strafföreläggande
721 811 101 30 träda
840 810 10 29 i
869 811 111 28 stället
999 810 55 30 för
1072 809 78 35 åtal,
1172 810 65 29 och
1258 810 104 35 enligt
1381 811 40 28 20
1441 810 79 36 kap.
1543 812 15 27 7
1583 810 17 37 8
1621 809 57 31 må
1699 810 59 29 all-

253 863 98 29 mänt
370 860 68 32 åtal
459 862 11 29 i
492 861 90 30 vissa
603 861 62 30 fall
688 860 191 36 eftergivas.

298 913 41 29 20
362 912 79 36 kap.
463 912 107 29 8—10
595 911 39 37 $$
659 915 90 27 samt
772 912 40 28 22
837 911 78 35 kap.
938 912 19 28 8
982 911 17 36 $
1022 920 67 26 nya
1112 909 324 37 rättegångsbalken
1458 911 59 28 äro
1541 920 41 20 av
1605 910 154 39 följande

254 962 141 30 lydelse:

884 1029 39 28 20
947 1028 80 36 kap.
1051 1029 19 28 8
1094 1028 28 36 S.

298 1080 246 35 Målsäganden
564 1079 57 30 må
637 1079 32 38 ej
691 1079 111 30 väcka
823 1078 67 31 åtal
912 1079 54 29 för
986 1079 101 35 brott,
1110 1088 74 20 som
1204 1079 66 29 hör
1289 1078 111 30 under
1417 1079 144 29 allmänt
1582 1077 78 36 åtal,
1680 1079 79 28 med

254 1123 134 30 mindre
409 1124 70 28 han
500 1123 128 35 angivit
648 1122 127 30 brottet
794 1123 64 28 och
879 1121 186 36 åklagaren
1085 1122 156 34 beslutat,
1265 1124 49 27 att
1335 1121 68 30 åtal
1427 1121 30 37 ej
1479 1121 88 30 skall
1587 1122 64 34 äga
1669 1130 90 20 rum.

298 1166 72 30 Har
394 1165 162 36 åklagare
578 1165 103 29 väckt
704 1165 105 34 talan,
834 1165 60 35 äge
915 1163 246 36 målsäganden
1184 1164 137 29 biträda
1345 1163 115 35 åtalet;
1484 1164 71 29 han
1578 1163 57 30 må
1660 1164 64 29 ock
1750 1163 10 29 i

254 1209 106 36 högre
382 1210 67 28 rätt
472 1208 152 37 fullfölja
648 1208 104 29 talan.

301 1251 90 30 Utan
412 1251 123 29 hinder
557 1260 41 20 av
619 1251 66 29 vad
704 1251 10 29 i
736 1250 108 29 första
865 1249 130 36 stycket
1014 1250 75 34 sägs
1111 1248 56 31 må
1187 1249 66 29 den
1275 1258 74 20 som
1370 1248 144 36 angivits
1536 1248 81 30 eller
1637 1247 123 31 åtalats

254 1293 57 31 för
330 1294 91 30 brott
440 1294 109 29 väcka
571 1293 92 30 talan
684 1302 58 20 om
765 1301 124 21 ansvar
909 1292 55 29 för
985 1292 92 29 falsk
1097 1291 170 36 angivelse
1288 1291 81 30 eller
1388 1291 106 30 falskt
1515 1290 78 30 åtal.

886 1369 40 29 20
950 1368 80 36 kap.
1056 1369 19 28 9
1100 1368 28 36 8.

301 1421 112 30 Sedan
433 1421 80 30 dom
530 1420 98 35 fallit,
648 1419 59 30 må
725 1419 32 38 ej
779 1420 142 29 allmänt
938 1418 70 30 åtal
1027 1418 193 36 nedläggas.

301 1464 186 35 Nedlägges
514 1464 143 29 allmänt
682 1461 70 31 åtal
779 1461 44 37 på
847 1462 64 29 den
936 1461 121 36 grund,
1083 1464 49 26 att
1157 1460 204 35 tillräckliga
1388 1460 84 31 skäl,
1500 1462 49 27 att
1574 1460 67 29 den
1664 1460 95 29 miss-

254 1507 120 29 tänkte
398 1507 38 29 är
459 1505 134 37 skyldig
617 1505 50 29 till
690 1505 135 34 brottet,
852 1504 29 36 ej
905 1504 174 35 föreligga,
1106 1502 56 30 må
1187 1502 247 36 målsäganden
1461 1504 158 34 övertaga
1645 1501 114 35 åtalet;

255 1550 72 29 han
350 1549 87 30 skall
459 1548 90 30 dock
568 1549 63 28 hos
653 1549 112 28 rätten
786 1548 81 34 göra
891 1547 165 29 anmälan
1078 1546 120 29 därom
1219 1545 95 30 inom
1338 1545 65 29 den
1426 1545 57 34 tid,
1504 1545 100 35 högst
1625 1554 42 20 en
1690 1544 71 30 må-

255 1592 80 34 nad,
360 1601 73 20 som
457 1600 42 21 av
520 1592 111 28 rätten
655 1591 217 33 bestämmes,
897 1590 104 29 sedan
1026 1589 70 29 han
1120 1589 108 29 erhöll
1253 1587 142 36 vetskap
1421 1597 56 20 om
1501 1587 259 35 nedläggandet.

258 1630 185 39 Övertager
462 1633 32 38 ej
518 1632 249 36 målsäganden
788 1631 111 35 åtalet,
923 1633 61 34 äge
1005 1632 70 28 han
1098 1631 74 29 icke
1196 1630 152 30 därefter
1370 1630 110 29 väcka
1503 1629 69 30 åtal
1595 1629 55 30 för
1671 1629 90 29 brot-

255 1680 60 32 tet;
341 1686 56 20 om
419 1676 64 29 den
506 1676 165 29 tilltalade
694 1675 106 36 yrkar
824 1675 64 30 det,
912 1674 87 30 skall
1023 1673 232 29 frikännande
1278 1673 80 29 dom
1380 1672 185 30 meddelas.

883 1751 40 29 20
942 1750 81 35 kap.
1048 1750 38 29 10
1107 1750 28 35 $S.

302 1803 74 30 Vad
394 1803 10 29 i
421 1804 18 29 8
456 1803 65 29 och
537 1803 19 29 9
574 1803 40 36 $$
632 1802 152 35 stadgats
799 1811 57 19 om
874 1801 66 29 rätt
957 1801 56 29 för
1028 1799 247 36 målsäganden
1293 1801 49 27 att
1358 1799 109 29 väcka
1484 1798 69 30 åtal
1571 1798 80 30 eller
1669 1799 93 28 över-

258 1850 78 32 taga
358 1846 80 29 eller
456 1846 11 29 i
489 1846 106 35 högre
616 1846 68 28 rätt
706 1843 153 38 fullfölja
880 1843 102 29 väckt
1003 1842 68 31 åtal
1093 1843 85 35 gälle
1199 1842 76 30 icke
1296 1842 9 29 i
1329 1840 98 37 fråga
1448 1850 56 20 om
1527 1841 235 29 ämbetsbrott,

258 1889 56 30 för
334 1889 104 29 vilket
458 1887 69 30 åtal
548 1887 87 30 skall
656 1890 170 32 upptagas
848 1886 210 29 omedelbart
1081 1894 42 21 av
1143 1885 106 35 högre
1270 1885 75 28 rätt.

893 1963 39 28 22
958 1961 80 36 kap.
1061 1962 19 28 8
1105 1961 27 36 $.

304 2016 109 30 Talan
438 2024 56 21 om
518 2014 125 30 enskilt
668 2012 153 37 anspråk
844 2011 43 37 på
912 2013 111 35 grund
1049 2021 41 20 av
1114 2012 235 34 ämbetsbrott,
1375 2011 55 29 för
1453 2010 105 30 vilket
1583 2009 68 31 åtal
1677 2009 88 30 skall

258 2062 170 32 upptagas
447 2057 210 30 omedelbart
675 2066 43 20 av
735 2056 105 35 högre
859 2056 75 33 rätt,
952 2054 58 30 må
1028 2054 30 35 ej
1079 2054 126 30 väckas
1223 2063 43 20 av
1284 2053 256 36 målsäganden,
1558 2052 78 30 med
1653 2051 111 30 mind-

259 2112 36 20 re
312 2101 69 31 åtal
401 2101 55 29 för
472 2101 125 29 brottet
616 2101 80 34 äger
715 2109 78 20 rum
813 2099 79 29 eller
911 2099 94 28 talan
1025 2098 149 29 biträdes
1194 2106 42 20 av
1257 2095 195 37 åklagaren.

306 2178 307 31 Bestämmelserna
633 2177 10 29 i
665 2177 41 29 20
728 2176 80 35 kap.
832 2177 19 28 8
873 2176 17 36 $
912 2174 167 30 innebära
1101 2174 65 29 den
1185 2174 151 35 nyheten
1357 2174 9 29 i
1389 2171 218 31 förhållande
1628 2171 50 30 till
1698 2171 68 35 gäl-

260 2229 103 30 lande
385 2228 193 35 rättsregler
601 2228 11 29 i
635 2228 126 32 ämnet,
787 2228 49 27 att
859 2226 55 29 det
936 2224 156 30 enskilda
1117 2223 102 31 åtalet
1242 2223 67 30 blir
1333 2223 194 30 subsidiärt.
1551 2222 69 29 När
1643 2222 125 29 brottet

260 2280 66 28 hör
342 2279 108 29 under
467 2278 143 29 allmänt
626 2276 71 31 åtal
714 2275 110 31 måste
839 2274 245 37 målsäganden
1099 2292 44 3 —
1158 2278 96 25 utom
1271 2275 9 29 i
1299 2273 98 36 fråga
1414 2283 56 20 om
1486 2271 280 31 rekonventions-

261 2330 96 29 talan
373 2346 44 3 —
436 2329 87 29 först
542 2328 123 35 angiva
685 2328 127 28 brottet
832 2326 48 29 till
899 2324 70 31 åtal
987 2326 64 29 hos
1071 2324 161 36 åklagare
1249 2324 81 29 eller
1349 2322 298 37 polismyndighet.
1669 2321 99 29 Först

262 2390 58 19 om
340 2379 185 35 åklagaren
543 2378 87 30 efter
648 2377 144 35 behörig
811 2376 169 36 angivelse
998 2375 152 30 beslutar
1169 2378 48 27 att
1236 2374 76 30 icke
1330 2374 145 30 anställa
1495 2372 79 35 åtal,
1593 2371 55 30 får
1665 2370 102 31 måls-

262 2430 158 36 äganden
442 2430 82 34 göra
545 2429 92 30 detta
659 2428 97 38 själv.
781 2426 244 36 Målsäganden
1048 2426 79 35 äger
1147 2425 155 29 däremot
1322 2428 83 26 utan
1427 2424 117 29 vidare
1565 2421 135 30 biträda
1720 2424 48 26 ta-

262 2481 59 29 lan
348 2489 73 22 som
447 2479 118 30 väckts
591 2488 41 20 av
660 2479 131 29 allmän
817 2476 160 36 åklagare
1004 2476 65 30 och
1097 2474 239 39 självständigt
1360 2473 152 36 fullfölja
1539 2473 66 29 den
1628 2473 10 30 i
1663 2472 106 35 högre
