1892 2823
443 156 306 32 Bankoutskottets
768 159 175 33 utlåtande
962 171 40 20 nr
1020 162 41 29 47
1081 162 37 30 år
1138 164 84 29 1968
1538 169 41 28 25

1414 256 119 39 Bilaga
1560 258 18 29 2

666 506 340 38 RESERVATION

89 619 41 20 av
161 611 120 30 herrar
312 612 186 31 Lindholm
529 615 65 29 och
623 615 207 39 Andersson,
861 618 92 30 vilka
983 623 110 27 ansett
1122 624 48 27 att
1199 623 184 37 styrelsens
1412 624 164 31 skrivelse

86 654 122 31 fr.o.m.
227 656 55 30 det
299 657 118 38 stycke
439 659 35 36 (s.
495 658 50 40 11)
568 669 74 21 som
656 661 119 39 börjar
789 663 79 29 med
884 664 107 30 orden
1011 665 114 30 »Efter
1142 667 65 29 den
1223 668 243 39 bearbetning»
1486 674 85 26 saml

89 701 183 37 styrelsens
288 702 208 32 hemställan
510 704 77 31 bort
602 705 45 30 ha
663 706 155 39 följande
833 709 141 37 lydelse:

136 764 11 15 »
155 754 78 30 Med
251 756 137 39 hänsyn
406 757 51 29 till
473 758 302 38 provisorietidens
793 761 104 39 längd
912 780 44 3 —
972 763 104 31 minst
1094 764 53 39 sju
1165 764 38 31 år
1219 766 11 29 i
1248 766 325 39 Helgeandsholms-

87 799 227 31 alternativen
335 801 65 30 och
421 802 105 30 minst
546 804 58 29 nio
624 803 39 31 år
688 805 4 30 i
715 805 110 31 Nedre
846 807 432 34 Norrmalmsalternativet
1297 829 44 3 —
1359 812 109 31 måste
1487 815 85 29 rela-

87 843 60 30 tivt
166 845 91 38 höga
277 845 152 39 anspråk
449 848 117 30 ställas
584 848 45 39 på
647 849 202 40 riksdagens
868 852 131 31 lokaler
1016 854 110 30 under
1144 855 285 40 övergångstiden
1448 858 124 31 fr.o.m.

87 889 66 29 den
177 891 13 28 1
213 890 139 38 januari
375 893 93 29 1971.
489 893 68 30 För
575 894 90 31 vissa
685 895 201 32 funktioner
905 898 184 31 motiverar
1109 899 37 31 så
1165 899 80 41 lång
1264 902 242 40 övergångstid
1524 908 49 26 att

86 934 197 39 anspråken
305 936 44 39 på
371 937 179 32 lokalerna
571 940 115 30 ställes
707 941 147 39 ungefär
875 943 69 30 lika
966 943 82 40 högt
1069 954 74 20 som
1164 946 10 29 i
1196 947 183 38 styrelsens
1399 948 173 40 lokalpro-

86 987 97 30 gram
204 980 56 30 för
279 985 46 27 ett
344 991 71 20 om-
436 983 81 30 eller
535 984 153 40 nybyggt
706 986 235 39 riksdagshus,
962 988 55 30 för
1035 990 109 30 andra
1163 990 202 32 funktioner
1382 993 64 30 bör
1464 995 107 29 lokal-

85 1024 166 37 behoven,
274 1025 114 31 såsom
409 1027 88 31 skett
516 1028 10 30 i
547 1030 183 38 styrelsens
750 1031 257 40 lokalprogram
1027 1034 55 30 för
1101 1035 293 38 provisorietiden,
1416 1040 156 30 avsevärt

85 1070 120 31 kunna
225 1071 193 32 reduceras.

129 1115 224 32 Alternativet
372 1117 214 32 Garnisonen
604 1121 139 38 medger
761 1121 44 39 på
823 1123 112 38 grund
953 1134 42 20 av
1013 1124 52 30 sin
1083 1127 169 36 generella
1271 1127 216 40 utformning
1505 1129 66 30 den

84 1161 213 39 anpassning
319 1171 74 21 som
416 1163 329 40 lokalprogrammet
767 1166 54 31 för
842 1168 284 38 provisorietiden
1147 1170 209 32 förutsätter.
1380 1172 42 31 Så
1443 1174 38 29 är
1501 1174 69 30 inte

85 1204 95 31 fallet
200 1206 79 30 med
298 1207 216 31 alternativet
534 1209 130 39 Sergels
684 1214 84 35 torg.
789 1212 62 30 Det
869 1213 101 30 beror
988 1215 140 37 givetvis
1147 1215 123 31 främst
1288 1216 44 39 på
1351 1220 47 27 att
1416 1218 152 38 planför-

86 1250 276 40 utsättningarna
384 1252 11 30 i
419 1253 92 30 detta
534 1255 181 30 alternativ
738 1257 38 29 är
798 1257 111 38 givna.
934 1258 234 38 Kulturhuset,
1192 1264 130 27 teatern
1344 1263 65 29 och
1431 1263 139 31 hotellet

84 1295 38 29 är
145 1296 241 38 projekterade
409 1298 55 30 för
486 1298 70 31 helt
579 1300 110 31 andra
711 1302 164 30 ändamål
897 1304 44 28 än
965 1304 78 29 dem
1066 1314 119 21 varom
1207 1315 47 20 nu
1277 1307 38 29 är
1337 1307 108 39 fråga.
1469 1308 100 30 Detta

84 1339 218 32 förhållande
330 1341 55 31 får
412 1342 88 31 både
527 1344 230 32 funktionella
785 1347 64 29 och
877 1348 69 30 inte
972 1349 105 30 minst
1103 1350 318 41 kostnadsmässiga
1447 1353 122 30 konse-

84 1384 144 31 kvenser
249 1386 55 30 för
324 1387 195 40 riksdagen.

128 1430 235 31 Funktionellt
386 1433 94 30 leder
503 1434 41 30 de
567 1433 87 32 låsta
677 1436 418 41 planförutsättningarna
1120 1439 56 31 vid
1198 1440 131 39 Sergels
1354 1446 72 35 torg
1448 1443 50 30 till
1521 1447 48 26 att

82 1474 9 29 i
118 1475 90 30 vissa
234 1476 62 29 fall
320 1478 168 38 överytor,
513 1479 10 29 i
549 1479 109 31 andra
683 1480 61 30 fall
768 1483 277 37 utrymmesbrist
1069 1485 240 38 uppkommer.
1335 1487 55 30 Ett
1415 1489 153 38 exempel

82 1519 44 38 på
152 1521 159 38 överytor
335 1524 101 37 utgör
461 1524 41 29 de
531 1525 60 29 150
616 1525 275 32 arbetsrummen
917 1527 54 30 för
996 1529 188 31 ledamöter
1209 1531 9 29 i
1244 1531 322 40 hotellbyggnaden,

84 1564 91 32 vilka
194 1565 44 39 på
257 1568 111 37 grund
387 1577 41 20 av
447 1568 56 30 sitt
520 1571 243 38 ursprungliga
780 1572 416 40 projekteringsändamål
1215 1575 108 31 måste
1340 1576 35 30 få
1393 1587 41 20 en
1451 1582 57 34 yta
1525 1588 42 20 av

83 1611 40 29 20
142 1608 59 38 m?,
221 1615 131 27 oavsett
371 1622 56 20 om
446 1613 41 30 de
506 1623 96 21 avses
620 1615 55 30 för
692 1626 40 20 en
751 1617 81 30 eller
849 1617 57 31 två
923 1618 199 31 ledamöter.
1141 1620 15 29 I
1176 1622 391 31 150-rumsalternativet

82 1655 93 30 leder
195 1656 91 30 detta
307 1657 50 30 till
378 1667 41 20 en
439 1659 140 38 överyta
599 1669 42 21 av
662 1662 61 29 750
744 1659 58 38 m?,
824 1664 392 32 290-rumsalernativet
1236 1666 50 29 till
1305 1676 41 22 en
1366 1668 139 38 överyta
1525 1679 42 19 av

81 1701 197 38 ytterligare
295 1703 62 29 700
373 1701 59 31 m?.
450 1703 210 32 Förutsättes
676 1706 64 29 här
755 1708 150 29 avsedda
921 1709 63 29 290
1001 1719 222 21 enmansrum
1239 1712 110 29 under
1363 1709 202 47 provisorie-

81 1745 104 36 tiden,
207 1745 114 31 såsom
341 1747 347 40 byggnadsstyrelsen
709 1751 230 31 förutskickat
958 1753 9 30 i
989 1753 213 31 Garnisonen
1222 1756 65 29 och
1308 1765 73 21 som
1401 1758 165 38 styrelsen

81 1799 109 26 anser,
216 1791 120 31 kunna
360 1792 186 39 begränsas
570 1794 50 30 till
647 1796 38 29 10
709 1794 58 33 m?,
792 1797 158 30 kommer
973 1799 121 29 enbart
1117 1800 98 30 dessa
1238 1801 247 31 ledamotsrum
1509 1803 57 30 vid

82 1834 131 40 Sergels
235 1839 75 36 torg
331 1840 48 28 att
400 1842 234 35 representera
655 1850 41 20 en
717 1842 140 38 överyta
878 1851 42 21 av
941 1844 18 28 2
973 1844 64 30 900
1057 1841 59 33 m?.
1139 1845 66 30 För
1226 1845 201 40 riksdagens
1448 1848 117 38 övriga

79 1879 132 31 lokaler
237 1881 65 31 har
327 1882 348 40 byggnadsstyrelsen
702 1886 156 30 däremot
883 1888 213 31 konstaterat
1122 1893 46 26 ett
1193 1890 203 31 underskott
1420 1892 11 29 i
1456 1902 109 20 rums-

79 1928 78 35 ytor
175 1925 57 30 vid
250 1926 131 39 Sergels
399 1931 84 35 torg,
502 1929 105 30 vilket
624 1931 97 37 tyder
738 1930 42 39 på
799 1935 48 27 att
865 1932 41 30 de
923 1933 10 29 i
950 1933 329 39 lokalprogrammet
1296 1936 149 38 angivna
1462 1937 102 30 funk-

80 1969 158 32 tionerna
257 1971 70 31 inte
347 1973 38 29 är
404 1973 71 30 helt
494 1973 260 39 tillgodosedda.
776 1975 170 40 Styrelsen
965 1979 164 29 utesluter
1148 1979 145 30 härmed
1311 1981 69 29 inte
1399 1984 48 27 att
1466 1982 98 30 dessa

81 2015 123 30 brister
218 2016 70 30 kan
304 2017 181 39 avhjälpas
500 2019 110 30 under
625 2020 55 29 det
696 2020 158 31 fortsatta
869 2022 393 40 projekteringsarbetet.

125 2059 79 31 Som
227 2064 46 26 ett
296 2062 144 30 allmänt
461 2063 65 29 och
549 2063 101 31 såvitt
671 2066 165 37 styrelsen
857 2066 126 31 förstår
1004 2068 212 40 obestridligt
1237 2070 160 30 omdöme
1418 2071 58 30 vill
1497 2075 67 35 sty-

79 2105 111 30 relsen
207 2107 110 29 uttala
334 2109 49 28 att
400 2108 215 30 alternativet
633 2109 213 31 Garnisonen
863 2111 223 31 funktionellt
1102 2113 164 31 framstår
1282 2124 74 20 som
1372 2125 42 21 en
1431 2117 133 38 elegant

79 2149 63 29 och
163 2150 167 39 betydligt
349 2161 93 21 mera
464 2153 268 38 genomarbetad
751 2155 135 39 lösning
905 2166 41 20 av
965 2157 202 39 riksdagens
1185 2159 249 39 lokalproblem
1454 2161 110 30 under

79 2194 283 38 provisorietiden
385 2198 44 28 än
451 2198 214 30 alternativet
688 2200 130 38 Sergels
840 2204 82 34 torg.
946 2202 99 30 Detta
1067 2203 135 30 faktum
1225 2204 172 39 förringar
1416 2205 44 38 på
1480 2207 83 28 intet

80 2240 65 28 sätt
168 2240 65 29 den
256 2240 250 40 förtjänstfulla
529 2244 209 29 medverkan
761 2246 120 30 staden
901 2247 132 29 lämnat
1054 2248 55 29 vid
1130 2248 152 31 försöket
1304 2253 43 26 att
1372 2251 70 29 lösa
1465 2251 97 30 dessa

80 2285 164 36 problem.
266 2286 63 29 Det
348 2287 37 29 är
404 2291 134 26 snarast
557 2298 41 20 en
617 2288 88 39 följd
723 2299 41 20 av
783 2294 48 25 att
848 2291 278 39 projekteringen
1145 2303 41 20 av
1205 2294 213 30 Garnisonen
1437 2296 124 29 avsikl-

81 2329 58 36 ligt
154 2330 86 29 varit
257 2331 136 38 mycket
409 2334 145 35 generell
570 2334 64 29 och
649 2337 47 26 att
712 2335 65 29 den
792 2334 116 40 pågått
924 2337 105 29 sedan
1048 2338 91 29 1965.

124 2375 10 28 I
156 2378 44 26 ett
220 2376 168 30 avseende
407 2378 37 28 är
462 2378 214 30 alternativet
696 2379 130 38 Sergels
844 2385 74 34 torg
935 2381 90 30 klart
1043 2383 188 38 överlägset
1249 2384 214 31 alternativet
1482 2386 79 29 Gar-

78 2419 154 34 nisonen,
256 2421 174 38 nämligen
454 2422 8 29 i
487 2422 98 39 fråga
608 2432 56 20 om
687 2424 245 39 belägenheten
955 2427 63 29 och
1042 2427 106 30 därav
1170 2428 155 39 följande
1347 2430 216 39 möjligheter

79 2464 49 29 till
147 2465 171 30 snabbare
335 2470 88 34 yttre
441 2468 179 29 samband.
640 2469 120 30 Denna
778 2471 196 37 plusfaktor
990 2472 62 29 bör
1070 2473 87 29 dock
1176 2474 68 29 inte
1262 2475 206 30 överdrivas.
1487 2476 73 29 Och

79 2509 103 38 priset
208 2510 53 30 för
284 2511 201 31 densamma
510 2513 68 29 kan
602 2514 69 29 inte
694 2513 34 30 få
752 2516 105 29 sättas
880 2516 65 29 hur
968 2516 80 38 högt
1071 2527 72 20 som
1167 2518 96 30 helst.
1288 2519 66 30 För
1376 2520 54 29 det
1453 2520 107 30 första
