1893 2823
496 134 304 30 Bankoutskottets
821 132 175 29 utlåtande
1016 141 40 19 nr
1075 131 41 28 47
1138 130 37 29 år
1197 130 83 28 1968
1613 127 15 27 7

142 226 171 39 riktlinjer
336 235 73 21 som
433 233 102 31 anges
559 224 9 30 i
592 223 215 31 motionerna
829 222 65 30 och
918 221 192 39 framlägga
1133 220 106 30 därav
1261 218 204 31 föranledda
1488 216 139 38 förslag.

142 279 277 39 Förhandlingar
442 279 62 29 bör
528 277 104 31 också
656 279 168 36 upptagas
849 276 78 29 med
952 275 217 30 Stockholms
1194 273 76 30 stad
1294 271 176 39 angående
1496 270 132 38 möjlig-

142 335 143 30 heterna
305 337 48 27 att
373 333 156 30 anordna
549 332 124 29 önskat
694 331 93 29 antal
807 340 42 20 av
869 330 330 29 ledamotsrummen
1219 336 74 21 som
1313 326 230 30 bostadsrum.

186 389 51 30 De
255 388 118 38 frågor
392 396 57 21 om
468 386 127 31 service
615 386 9 29 i
644 384 198 38 anslutning
861 384 50 30 till
930 383 330 30 ledamotsrummen
1280 389 74 21 som
1374 379 255 30 motionärerna

143 441 105 31 också
267 446 53 26 tar
339 450 71 30 upp
431 449 100 30 synes
551 440 11 29 i
582 439 90 30 vissa
691 438 220 30 hänseenden
931 446 82 20 vara
1033 437 55 29 väl
1107 435 98 38 tidigt
1226 434 132 30 väckta.
1381 433 169 30 Utskottet
1573 431 57 29 vill

144 497 90 30 dock
248 496 118 33 uttala,
385 498 48 26 att
451 494 164 30 utskottet
631 493 201 29 förutsätter
848 494 48 27 att
913 490 180 39 planering
1109 489 11 30 i
1137 489 66 38 god
1220 488 49 30 tid
1286 488 78 29 sker
1381 496 41 20 av
1440 486 66 29 hur
1523 485 106 30 erfor-

143 550 107 39 derlig
269 549 204 30 sekreterar-
493 548 66 29 och
579 545 310 39 vaktmästarhjälp
909 545 89 30 skall
1016 541 282 33 tillhandahållas
1318 541 201 37 riksdagens
1541 539 89 30 leda-

145 605 109 28 möter
270 603 111 30 under
397 603 66 29 den
480 601 50 30 tid
546 610 74 21 som
638 601 41 29 de
696 599 233 39 provisoriska
946 598 178 30 lokalerna
1142 595 177 39 utnyttjas.

189 693 172 30 Utskottet
382 691 197 30 hemställer
600 689 155 35 sålunda,

510 747 48 27 att
582 743 185 38 riksdagen

513 815 26 37 1)
571 816 78 29 med
674 814 98 30 bifall
799 814 49 29 till
874 811 227 30 förevarande
1126 808 256 39 framställning
1409 806 79 31 från
1514 805 117 40 styrel-

467 880 60 20 sen
561 869 55 30 för
651 868 201 38 riksdagens
888 864 356 39 förvaltningskontor
1279 866 99 27 antar
1415 860 217 31 Stockholms

466 924 93 30 stads
584 922 213 39 erbjudande
822 930 57 21 om
903 919 212 40 provisorisk
1139 916 218 39 förläggning
1383 925 41 21 av
1449 914 184 38 riksdagen

467 978 51 30 till
535 978 131 29 lokaler
685 976 56 30 vid
760 975 130 39 Sergels
910 978 74 34 torg
1002 972 81 30 från
1100 972 65 30 och
1184 971 78 30 med
1280 970 38 30 år
1339 970 79 29 1971
1440 971 88 28 samt
1547 977 84 29 upp-

467 1032 81 29 drar
566 1030 33 31 åt
617 1030 200 38 riksdagens
836 1026 356 39 förvaltningskontor
1210 1028 47 26 att
1276 1024 9 29 i
1303 1023 149 38 enlighet
1470 1022 78 29 med
1567 1020 65 30 vad

467 1095 90 20 ovan
584 1084 132 30 anförts
744 1092 100 21 svara
871 1081 55 30 för
953 1079 264 38 förhandlingar
1244 1078 65 29 och
1338 1077 108 29 andra
1475 1075 158 39 åtgärder

468 1139 55 30 för
540 1137 219 41 provisoriets
778 1134 283 41 genomförande;

512 1210 30 39 2)
573 1210 11 30 i
603 1208 186 39 anledning
808 1217 41 21 av
869 1207 216 30 motionerna
1105 1205 27 29 I:
1147 1205 61 30 937
1230 1204 65 30 och
1316 1204 44 29 II:
1378 1203 81 29 1194
1481 1201 153 40 uppdrar

469 1264 34 30 åt
522 1264 200 37 riksdagens
742 1260 356 39 förvaltningskontor
1117 1262 49 26 att
1185 1258 104 38 enligt
1309 1258 40 29 de
1370 1255 170 39 riktlinjer
1560 1264 73 21 som

468 1327 90 20 ovan
582 1316 145 39 angivits
751 1315 122 30 utreda
897 1312 334 38 förutsättningarna
1256 1311 54 29 för
1334 1320 42 20 en
1401 1309 167 38 utökning
1593 1317 41 20 av

469 1372 128 29 antalet
625 1370 248 30 ledamotsrum
901 1368 65 30 och
994 1368 142 38 planera
1164 1365 126 31 service
1320 1367 9 29 i
1358 1363 197 38 anslutning
1584 1361 50 31 till

469 1425 112 35 dessa;

514 1495 30 40 3)
576 1504 57 31 ger
656 1495 123 38 Kungl.
805 1493 99 39 Maj:t
927 1493 51 29 till
1001 1492 117 29 känna
1142 1494 48 27 att
1212 1490 184 37 riksdagen
1419 1487 114 31 avstår
1557 1485 77 31 från

470 1553 48 27 att
541 1549 151 39 utnyttja
714 1548 132 29 lokaler
870 1547 10 29 i
904 1547 66 29 den
992 1545 186 40 planerade
1201 1540 435 40 förvaltningsbyggnaden

471 1605 10 29 i
499 1605 171 29 kvarteret
689 1601 222 31 Garnisonen.

197 1714 200 31 Stockholm
416 1713 66 30 den
500 1713 39 29 21
560 1711 70 39 maj
652 1711 82 29 1968

629 1799 48 30 På
695 1798 300 30 bankoutskottets
1015 1797 142 38 vägnar:

734 1852 34 30 C.
790 1852 36 30 G.
848 1845 207 36 REGNÉLL

777 2039 237 31 Närvarande:

197 2115 81 31 från
308 2115 164 30 första
503 2113 217 30 kammaren:
740 2112 121 29 herrar
880 2110 115 30 Ståhle
1021 2109 55 39 (s),
1097 2104 71 35 Åke
1189 2109 149 29 Larsson
1364 2107 75 39 (s)",
1461 2108 98 29 Palm
1585 2105 54 40 (s),

154 2165 177 35 Åkerlund
353 2168 62 39 (h),
434 2168 71 30 Nils
522 2166 160 30 Theodor
697 2166 149 29 Larsson
868 2163 80 40 (cp),
967 2163 139 30 Lundin
1127 2162 53 40 (s),
1198 2162 156 30 Brundin
1376 2161 45 39 (h)
1445 2162 65 29 och
1528 2156 112 35 Öster-

155 2223 83 31 dahl
262 2221 81 41 (fp);

199 2276 80 31 från
309 2276 153 29 andra
493 2275 217 29 kammaren:
731 2273 119 29 herrar
870 2272 140 38 Regnéll
1034 2270 62 39 (h),
1117 2270 146 39 Hagnell
1289 2268 54 40 (s),
1364 2269 173 39 Berglund
1563 2267 77 40 (fp),

156 2330 157 32 Franzén
332 2330 11 29 i
363 2329 128 30 Motala
517 2327 54 40 (s),
594 2327 184 39 Börjesson
797 2326 11 30 i
828 2325 215 38 Glömminge
1070 2324 80 39 (cp),
1173 2324 189 38 Bengtsson
1384 2323 10 30 i
1415 2323 227 30 Landskrona

162 2384 55 40 (s),
238 2383 164 39 Haglund
426 2381 38 40 (s)
490 2382 66 30 och
575 2381 133 31 Ullsten
732 2379 77 41 (fp).

194 2453 13 15 +x
228 2452 35 32 Ej
281 2451 179 26 närvarande
477 2450 46 25 vid
540 2449 183 33 justeringen:
