2152 2591
581 197 217 44 Bevillnings-
809 198 178 35 Utskottets
1017 201 215 33 Betänkande
1255 201 65 32 N:o
1343 203 28 30 1.
1714 209 38 28 33

169 284 143 45 ningen,
342 284 89 36 Litt.
461 286 35 42 k,
527 288 54 32 att
609 287 97 34 detta
734 285 58 36 års
820 288 179 44 olyckliga
1028 286 245 37 förhållanden
1301 290 112 34 skulle
1437 289 199 38 försvårats
1655 294 78 33 med
1753 303 43 24 en

170 335 94 34 ökad
304 337 229 34 skattebörda
563 337 39 34 af
636 337 30 45 ej
696 338 135 34 mindre
859 343 45 30 än
933 341 200 42 6,500,000
1161 341 142 43 kronor,
1333 352 78 23 men
1439 342 167 45 möjligen
1636 344 159 35 öfversti-

169 387 116 43 gande
316 389 200 42 7,000,000
544 388 140 35 kronor.
740 388 78 35 Och
846 390 59 34 det
932 390 112 34 finnes
1062 391 107 43 ingen
1189 392 167 34 säkerhet
1375 392 54 34 för
1449 396 54 31 att
1522 395 36 34 vi
1577 394 78 35 icke
1675 396 121 34 kunna

168 435 37 36 få
232 441 96 31 ännu
356 441 113 31 sämre
497 435 41 37 år
566 442 45 31 än
642 441 107 42 1877,
779 441 64 33 och
855 440 41 44 ju
911 439 146 36 svårare
1072 442 182 44 missväxt,
1272 444 76 33 med
1363 444 104 34 deraf
1478 444 156 45 följande
1650 448 146 42 tryckta

168 486 249 37 förhållanden
444 489 11 33 i
482 490 131 43 landet,
643 491 97 33 desto
768 491 109 44 högre
905 492 240 44 beskattning.

305 531 60 42 Än
406 542 129 40 tyngre
575 541 68 34 blir
683 542 143 43 trycket
854 542 40 34 af
918 543 66 33 den
1013 544 120 43 börda,
1163 554 73 24 som
1265 543 331 45 spanmålstullarne
1624 549 170 44 medföra,

169 589 202 44 derigenom
399 593 55 31 att
481 591 68 33 hon
578 592 67 33 blir
673 589 37 37 så
738 592 132 44 ojemnt
897 593 159 35 fördelad
1086 614 46 3 —
1162 595 132 44 ojemnt
1313 594 44 45 på
1377 598 114 33 skilda
1510 599 201 35 landsorter
1731 602 64 33 och

169 640 132 44 ojemnt
329 638 44 45 på
402 640 94 35 olika
524 642 221 35 folkklasser.
801 642 52 36 Ju
880 642 153 36 härdare
1060 645 126 34 klimat
1215 647 64 33 och
1307 651 112 31 sämre
1436 647 163 45 jordmån
1619 661 42 23 en
1680 652 115 34 lands-

168 694 56 30 ort
263 691 78 43 har,
384 691 98 35 desto
521 692 201 35 känbarare
762 694 69 34 blir
871 693 222 45 spanmålens
1133 696 214 44 fördyrande
1388 699 54 34 för
1470 700 78 33 dess
1577 701 216 46 befolkning,

168 741 65 34 och
272 741 42 45 ju
353 742 135 35 mindre
529 741 62 36 råd
633 754 42 24 en
707 744 172 35 folkklass
907 746 67 33 har
1001 748 55 32 att
1083 747 40 33 af
1147 748 189 34 köttvaror
1362 750 119 34 hemta
1509 751 53 33 sin
1589 753 139 43 näring,
1756 754 40 42 ju

167 802 97 24 mera
307 792 66 34 den
413 793 56 34 för
509 794 62 33 sitt
611 794 246 44 lfsuppehälle
897 800 41 29 är
977 796 190 35 inskränkt
1199 799 55 33 till
1282 798 384 49 spanmålsprodukter,
1696 804 99 34 desto

168 846 114 31 större
309 843 69 34 blir
406 844 66 33 den
501 845 102 33 andel
631 846 11 32 i
670 846 287 44 beskattningen,
987 857 72 24 som
1087 848 156 34 kommer
1270 847 45 45 på
1343 851 77 33 dess
1447 852 76 34 lott.

303 892 75 45 Jag
417 894 140 44 bifogar
598 905 42 24 en
680 896 120 43 tabell,
845 896 90 35 Litt.
966 908 33 32 n,
1030 897 101 36 öfver
1156 900 199 34 resultaten
1382 902 134 34 länsvis
1545 903 39 34 af
1613 905 92 33 1881
1736 902 59 38 års

167 945 119 42 skörd,
316 948 91 30 samt
431 945 200 43 jemförelse
659 947 127 33 mellan
815 947 59 34 det
901 948 196 43 disponibla
1125 953 170 39 qvantum
1323 951 66 34 den
1417 952 55 34 för
1490 953 126 45 hvarje
1635 955 58 34 län
1713 957 81 33 lem-

166 995 91 33 nade
286 995 64 34 och
378 995 66 34 den
473 996 103 34 andel
604 997 40 33 af
669 998 58 33 det
754 997 55 34 för
836 998 80 34 hela
943 998 96 34 riket
1066 999 40 34 af
1130 1001 107 33 skörd
1265 1002 64 33 och
1348 1003 364 37 införselsöfverskott
1728 1008 66 33 till-

166 1045 171 44 gängliga
365 1050 181 40 qvantum,
575 1057 72 23 som
676 1047 90 34 efter
793 1046 312 38 invånareantalet
1132 1051 113 34 skulle
1273 1052 195 35 tillkomma
1497 1065 132 25 samma
1657 1057 69 34 län.

303 1094 70 36 Att
412 1095 182 36 Norrland
635 1098 91 34 skall
752 1099 140 34 komma
934 1101 54 32 att
1024 1099 55 34 för
1106 1101 80 34 hela
1215 1102 61 34 sitt
1304 1103 292 45 öfverskjutande
1624 1107 109 34 behof
1757 1109 41 33 af

166 1147 74 43 säd,
284 1146 101 35 öfver
425 1148 96 33 hvad
560 1149 189 41 provinsen
789 1149 84 44 sjelf
897 1151 73 32 kan
997 1151 127 43 lemna,
1155 1153 118 33 betala
1300 1154 79 34 hela
1408 1155 66 34 den
1501 1156 290 46 prisförhöjning,

166 1208 72 23 som
279 1207 126 34 genom
432 1199 343 43 tullbeskattningen
803 1200 73 33 kan
904 1201 223 43 uppkomma,
1156 1213 104 32 synes
1287 1205 72 43 mig
1385 1206 107 34 klart.
1547 1205 246 47 Naturligtvis

166 1249 82 32 sker
289 1248 110 43 detta,
434 1259 53 23 om
527 1247 158 45 spanmål
713 1250 85 34 eller
826 1250 83 44 mjöl
937 1251 52 34 dit
1012 1252 117 34 direkt
1156 1253 141 35 införes.
1354 1254 67 35 Om
1449 1257 157 34 deremot
1633 1258 161 44 spanmål

166 1299 86 33 eller
293 1298 83 44 mjöl
416 1298 209 36 förskrifves
658 1297 78 37 från
769 1301 152 42 köpman
949 1301 12 33 i
989 1300 115 46 någon
1133 1304 178 44 sydligare
1339 1307 90 43 stad,
1459 1304 38 37 så
1524 1308 73 33 kan
1624 1309 168 45 möjligen

165 1349 132 33 svensk
325 1347 158 44 spanmål
511 1351 85 33 eller
622 1350 84 44 mjöl
734 1349 164 46 erhållas,
928 1362 78 23 men
1034 1353 78 33 icke
1140 1354 68 34 blir
1235 1356 67 33 den
1330 1366 124 33 genom
1483 1358 182 35 anlitande
1692 1361 40 33 af
1749 1371 43 24 en

164 1396 110 37 sådan
302 1400 225 34 mellanhand
555 1401 171 43 billigare.
769 1401 57 34 Af
849 1401 143 45 bilagan
1012 1402 88 35 Litt.
1130 1415 33 23 m
1184 1415 114 34 synes,
1316 1409 54 32 att
1385 1408 263 43 tullafgifterna
1663 1410 54 35 för
1732 1412 60 34 det

165 1449 116 44 behof,
311 1450 42 33 de
380 1450 70 34 fem
477 1452 234 33 norrländska
738 1453 106 33 länen
873 1452 90 34 efter
994 1455 92 33 1881
1118 1452 57 36 års
1190 1457 106 33 skörd
1316 1458 90 34 hade
1426 1458 40 34 af
1481 1459 130 44 hvete-,
1633 1459 77 46 råg-
1727 1463 64 33 och

164 1500 177 44 kornmjöl
369 1501 115 34 skulle
512 1505 151 40 uppgått
690 1502 54 34 till
772 1503 132 34 kronor
936 1505 256 43 1,659,746,s0.

300 1550 72 35 För
412 1554 98 32 ärter
551 1553 63 33 och
654 1554 109 32 bönor
803 1554 215 34 tillkommer
1063 1555 90 35 efter
1194 1558 185 35 enahanda
1420 1560 200 45 beräkning
1659 1562 132 36 kronor

166 1603 131 41 80,333
307 1611 53 33 ,40.

305 1650 134 36 Likaså
466 1653 77 34 lära
572 1654 41 33 de
641 1654 40 33 af
704 1652 197 37 invånarne
928 1656 12 33 i
968 1657 42 33 de
1039 1660 95 31 stora
1163 1659 178 44 städerna,
1367 1661 124 34 hvilka
1517 1665 61 31 äro
1594 1663 196 36 hänvisade

163 1702 55 33 till
260 1702 284 44 detaljhandlare
585 1703 85 35 eller
709 1706 133 43 bagare
883 1706 55 34 för
980 1707 75 34 sina
1095 1710 153 43 uppköp,
1291 1708 36 36 få
1354 1712 119 33 betala
1501 1713 80 34 hela
1610 1714 67 33 den
1703 1715 86 43 pris-

167 1752 217 45 förhöjning,
427 1764 72 23 som
532 1757 199 32 motsvarar
758 1756 231 44 tullafgiften.
1046 1757 73 35 Det
1147 1757 120 45 påstås
1295 1762 208 44 visserligen
1531 1765 173 43 stundom,
1735 1768 55 32 att

164 1803 110 43 detta,
304 1803 55 34 till
386 1804 88 44 följd
503 1805 39 33 af
566 1803 229 46 svärigheten
823 1809 55 32 att
904 1807 136 35 fördela
1069 1812 51 31 ett
1148 1808 39 36 så
1214 1811 80 34 litet
1321 1813 124 43 belopp
1474 1824 72 24 som
1568 1815 222 44 tullafgiften

164 1853 55 34 för
263 1855 69 33 100
373 1855 59 43 kg.
462 1852 45 46 på
535 1856 41 33 de
603 1856 129 34 minsta
760 1858 230 43 qvantiteter,
1020 1870 71 23 som
1119 1860 11 33 i
1158 1861 267 45 detaljhandeln
1452 1863 228 46 förekomma,
1710 1867 80 34 icke

163 1904 114 34 skulle
305 1905 112 34 blifva
445 1905 111 44 fallet,
586 1917 78 23 men
691 1907 106 44 ingen
824 1908 165 44 köpman,
1019 1920 71 24 som
1120 1911 109 35 infört
1257 1911 167 45 spanmål,
1449 1915 55 33 lär
1527 1914 188 37 underlåta
1735 1920 56 32 att

163 1955 63 34 vid
255 1952 293 48 återförsäljning
575 1958 158 34 beräkna
761 1959 95 34 hvad
883 1959 72 34 han
981 1960 12 33 i
1020 1961 67 33 tull
1113 1962 113 34 betalt
1259 1961 38 36 så
1329 1965 58 33 väl
1408 1975 72 24 som
1494 1969 106 31 ränta
1617 1967 64 34 och
1695 1968 94 34 kom-

163 2004 140 35 mission
333 2007 85 33 eller
445 2007 243 35 handelsvinst
715 2007 119 45 derpå,
865 2012 54 31 att
948 2010 110 44 jemte
1085 2012 137 44 inköps-
1252 2014 63 34 och
1344 2015 115 44 öfriga
1486 2017 192 35 kostnader
1705 2016 85 46 ingå

162 2056 12 33 i
202 2056 60 34 det
288 2057 73 42 pris
388 2058 72 33 kan
488 2058 164 44 betingar
684 2059 68 44 sig;
787 2059 30 44 ej
848 2061 111 33 heller
986 2062 54 33 lär
1067 2059 117 47 någon
1212 2064 153 44 detaljör
1393 2067 85 33 eller
1506 2068 131 43 bagare
1664 2070 125 33 under-

163 2103 74 37 låta
266 2110 55 31 att
348 2108 103 43 tillse,
482 2111 55 31 att
564 2109 70 34 han
661 2110 59 34 vid
748 2111 258 44 utminutering
1033 2113 55 33 till
1116 2114 76 34 sina
1220 2115 148 44 kunder,
1394 2116 110 44 jemte
1519 2120 271 44 vedergällning

164 2156 54 34 för
246 2157 63 34 sitt
337 2159 133 42 arbete,
499 2160 82 33 fullt
608 2158 136 36 återfår
770 2161 96 35 hvad
894 2162 71 33 han
992 2163 55 34 till
1062 2164 223 43 köpmannen
1301 2167 85 33 eller
1401 2178 247 35 qvarnegaren
1663 2171 123 43 betalt,

164 2207 115 35 ehvad
320 2218 48 24 nu
413 2210 99 33 detta
553 2211 82 34 sker
675 2221 125 34 genom
841 2212 280 46 prisförhöjning
1161 2216 86 34 eller
1278 2217 203 45 minskning
1522 2220 39 33 af
1600 2220 76 44 vigt
1704 2222 85 34 eller

249 2264 76 31 Pih.
354 2265 51 31 till
428 2266 116 32 Riksd.
572 2267 87 32 Prot.
683 2268 89 32 1886.
820 2271 22 28 5
864 2268 102 33 Saml.
1012 2271 18 29 1
1054 2271 78 40 Afd.
1178 2275 17 28 1
1221 2273 96 39 Häft.
1685 2281 18 27 5
