2234 2656
407 241 115 32 Andra
544 240 218 33 Kammarens
789 237 177 43 Tillfälliga
997 236 138 32 Utskotts
1161 234 77 41 (N:o
1261 218 46 54 D
1322 232 170 33 Utlåtande
1516 231 64 32 N:o
1606 230 55 31 22.
1743 227 41 31 99

231 321 166 34 lemnades
430 321 35 31 af
486 320 90 31 detta
606 321 79 29 utan
715 317 159 37 afseende,
904 326 75 22 men
1001 314 109 41 ingick
1133 314 50 31 till
1206 313 49 31 sin
1280 310 203 42 grundtanke
1506 310 11 31 i
1541 309 63 31 den
1626 307 201 39 motivering,

232 375 124 40 hvarpå
386 373 111 31 Andra
528 373 215 30 Kammarens
766 369 318 32 utskottsledamöter
1106 367 11 31 i
1140 377 41 21 en
1204 366 34 31 af
1259 365 74 31 dem
1357 363 152 33 samfäldt
1531 362 140 40 afgifven
1693 369 136 22 reserva-

231 428 71 31 tion
326 426 163 40 grundade
515 425 55 31 sitt
593 422 206 42 afstyrkande
823 422 35 31 af
878 422 63 30 den
963 421 108 39 kongl.
1095 419 252 41 propositionen.

364 480 71 30 Den
465 479 34 29 år
531 478 82 30 1882
642 476 135 31 tillsatta
807 473 309 33 läroverkskomitén
1143 471 123 40 rigtade
1290 470 70 31 sina
1383 467 226 33 bemödanden
1632 464 198 34 hufvudsak-

232 534 85 38 ligen
345 533 42 39 på
409 531 55 31 det
487 530 201 31 önskemålet
710 531 48 28 att
780 527 225 31 åstadkomma
1027 525 60 30 full
1109 523 211 39 likställighet
1342 522 121 30 mellan
1487 520 64 31 den
1573 520 86 30 reala
1683 518 62 32 och
1768 517 64 31 den

233 584 159 32 klassiska
422 583 110 31 linien.
578 582 126 38 Frågan
739 591 52 20 om
820 579 39 31 de
882 580 86 38 lägre
990 576 345 33 läroverksklassernas
1360 573 176 39 omdaning
1558 572 11 31 i
1593 572 142 38 enlighet
1757 569 76 31 med

234 638 54 31 det
318 640 85 28 stora
431 636 153 31 flertalets
611 633 101 32 behof
737 632 149 31 lemnade
911 631 63 31 den
998 630 143 31 deremot
1163 629 11 30 i
1197 628 55 31 det
1275 628 74 30 hela
1371 629 87 36 taget
1481 626 19 30 å
1523 624 79 32 sido.
1648 624 114 38 Någon
1785 622 45 30 in-

233 689 199 39 skränkning
454 689 11 30 i
488 686 225 40 mångläseriet
736 685 137 38 föreslog
896 684 62 30 den
983 684 37 39 ej.
1066 681 176 41 Uppgiften
1265 683 48 28 att
1335 680 50 31 till
1410 679 127 31 15—16
1561 678 50 30 års
1634 676 89 31 ålder
1745 674 86 32 med-

234 743 74 31 dela
341 742 135 31 allmänt
510 738 234 40 medborgerlig
777 736 150 39 bildning
950 736 73 31 ville
1048 735 63 31 den
1134 735 109 29 lemna
1265 734 33 30 åt
1321 732 39 31 de
1388 729 348 36 »kommunalskolor»,
1761 738 71 21 som

234 795 105 32 skulle
372 793 91 32 träda
493 793 11 31 i
527 792 85 32 vissa
635 789 232 34 småläroverks
900 789 91 31 ställe
1025 787 62 32 och
1120 787 48 30 för
1201 785 112 32 hvilka
1345 783 159 33 utskottet
1526 783 11 30 i
1561 782 54 31 det
1642 779 189 42 föregående

234 847 169 41 redogjort.

366 894 105 36 Äfven
494 898 11 30 i
528 896 64 32 den
614 896 106 39 kongl.
746 894 201 41 proposition
970 903 53 21 om
1046 891 142 32 ändrade
1211 889 242 33 bestämmelser
1475 887 76 32 med
1571 885 149 33 afseende
1736 886 42 40 på
1794 884 40 32 de

235 953 165 31 allmänna
426 949 190 33 läroverken
639 948 61 32 och
723 947 244 41 pedagogierna,
992 956 70 20 som
1084 943 172 32 framlades
1280 942 54 31 vid
1360 942 81 30 1887
1466 942 50 29 års
1540 938 179 40 A-riksdag,
1744 937 91 32 sökte

236 1004 182 32 dåvarande
442 1000 356 43 departementschefen
824 999 32 32 C.
885 999 37 32 G.
945 996 268 42 Hammarskjöld
1233 996 69 30 lösa
1321 994 110 39 frågan
1448 1003 51 21 om
1517 992 64 31 den
1600 992 134 30 allmänt
1749 989 86 32 med-

235 1057 178 39 borgerliga
444 1055 207 38 bildningens
681 1051 200 33 förhållande
904 1051 50 31 till
976 1050 64 31 den
1063 1048 243 40 vetenskapliga
1328 1047 41 40 på
1393 1045 199 39 väsentligen
1615 1053 124 22 samma
1762 1044 73 35 sätt,

236 1109 163 39 nemligen
429 1117 116 31 genom
576 1109 47 28 att
646 1105 111 32 anvisa
781 1104 63 31 den
867 1104 83 31 förra
966 1113 40 20 en
1022 1101 153 39 ställning
1191 1101 55 31 vid
1259 1099 97 32 sidan
1372 1099 42 41 af
1424 1098 64 31 den
1504 1107 120 22 senare.
1657 1091 178 49 Apologist-

237 1162 132 31 skolans
392 1158 278 34 sammanslående
694 1158 75 31 med
792 1155 181 33 läroverket
995 1154 93 37 hade,
1114 1153 76 31 sade
1211 1153 76 35 han,
1304 1151 146 37 medfört,
1469 1152 47 29 att
1531 1150 113 30 latinet
1658 1149 85 30 måst
1758 1157 78 30 upp-

237 1215 125 40 skjutas
385 1214 49 30 till
457 1212 100 41 fjerde
580 1212 138 30 klassen.
768 1210 198 38 Härigenom
982 1207 84 31 hade
1082 1204 370 40 undervisningsplanen
1467 1203 48 31 för
1531 1202 39 31 de
1582 1202 171 40 lärjungar,
1767 1210 71 21 som

239 1268 145 30 fortsatte
415 1266 71 30 sina
509 1264 121 32 studier
653 1263 85 31 ända
761 1263 49 30 till
834 1261 277 35 studentexamen,
1136 1258 107 31 blifvit
1260 1256 124 32 mindre
1400 1255 142 40 lämplig.
1577 1255 63 30 Det
1654 1253 85 31 hade
1755 1253 83 31 visat

238 1320 47 39 sig
309 1318 144 40 omöjligt
477 1319 48 29 att
547 1317 42 39 på
612 1326 40 21 en
675 1316 83 38 gång
787 1315 11 29 i
822 1323 123 21 samma
967 1312 121 30 klasser
1111 1311 34 30 af
1163 1313 46 28 ett
1224 1308 146 32 läroverk
1385 1307 169 39 tillgodose
1575 1306 76 32 både
1667 1305 63 31 den
1746 1304 90 41 prak-

237 1371 85 31 tiska
345 1370 60 31 och
427 1369 64 31 den
507 1368 90 31 lärda
612 1367 207 39 bildningens
835 1366 79 30 kraf.
951 1364 94 31 Olika
1061 1361 314 39 undervisningsmål
1391 1360 167 30 förutsatte
1575 1358 162 39 nemligen
1752 1356 87 32 olika

239 1422 290 39 behandlingssätt.
576 1421 16 29 I
616 1420 63 31 den
701 1418 167 41 praktiska
884 1417 113 31 skolan
1012 1417 102 30 måste
1131 1424 76 21 man
1224 1414 66 31 ofta
1305 1412 176 32 inskränka
1497 1412 47 38 sig
1560 1411 49 30 till
1624 1408 214 33 meddelande

237 1476 35 30 af
292 1475 151 39 kunskap
467 1484 53 21 om
542 1476 48 29 att
605 1473 97 38 något
718 1471 149 31 förhåller
883 1470 47 39 sig
945 1471 42 38 på
1003 1471 45 28 ett
1064 1468 76 31 eller
1156 1469 101 28 annat
1272 1468 72 34 sätt,
1363 1467 83 29 samt
1463 1464 86 30 huru
1565 1463 106 31 denna
1687 1461 151 40 kunskap

238 1530 57 29 bör
318 1528 11 30 i
353 1526 146 32 enskilda
522 1526 57 30 fall
602 1524 180 36 användas;
807 1524 11 30 i
841 1523 64 31 den
928 1521 89 32 lärda
1040 1521 113 31 skolan
1177 1519 145 31 deremot
1344 1519 102 29 måste
1470 1516 163 40 synnerlig
1648 1515 67 39 vigt
1730 1515 109 38 läggas

238 1582 42 39 på
303 1580 183 39 grunderna
510 1578 61 32 och
595 1577 112 31 skälen
730 1576 134 41 hvarför
887 1576 96 38 något
1005 1574 149 31 förhåller
1178 1572 47 39 sig
1244 1572 69 40 just
1335 1571 43 40 på
1401 1569 88 31 detta
1513 1568 62 32 och
1597 1568 71 31 icke
1685 1568 41 39 på
1742 1567 98 38 något

239 1636 102 28 annat
370 1634 71 29 sätt.
488 1631 16 30 I
528 1630 39 31 de
590 1631 82 30 förra
695 1639 75 21 vore
793 1638 77 21 man
893 1626 272 39 hufvudsakligen
1187 1623 159 32 hänvisad
1369 1623 50 30 till
1441 1621 231 39 åskådningen,
1697 1620 11 30 i
1731 1619 40 31 de
1795 1629 44 20 se-

240 1696 76 20 nare
347 1686 102 29 måste
478 1693 78 21 man
578 1682 99 31 redan
700 1681 70 30 från
793 1680 113 40 början
928 1680 92 38 lägga
1043 1679 47 38 sig
1113 1678 78 31 vinn
1215 1687 53 21 om
1292 1686 40 21 en
1355 1684 166 29 noggrann
1544 1672 294 40 begreppsbestäm-

240 1738 79 38 ning
342 1747 28 20 o.
395 1746 23 21 s.
444 1746 28 20 v.
519 1733 291 39 Nödvändigheten
834 1732 34 30 af
886 1731 140 32 särskild
1047 1729 232 38 undervisning
1302 1728 47 30 för
1371 1726 84 31 båda
1478 1726 94 30 dessa
1594 1724 86 31 olika
1703 1726 83 28 arter
1809 1723 34 30 af

240 1788 149 39 bildning
423 1798 84 26 vore,
544 1786 125 40 yttrade
694 1786 66 29 han
788 1784 118 36 vidare,
930 1782 99 31 bland
1053 1782 39 30 de
1116 1781 202 38 sakkunnige
1342 1779 135 30 allmänt
1501 1776 130 37 erkänd,
1657 1776 61 31 och
1742 1775 99 40 derpå

241 1840 85 31 hade
359 1839 61 32 ock
457 1838 84 32 1872
575 1839 50 29 års
659 1838 117 37 förslag
800 1846 53 21 om
880 1835 226 40 »pedagogier»
1133 1833 61 31 och
1220 1832 83 31 1884
1328 1832 50 30 års
1401 1830 116 39 förslag
1540 1839 53 21 om
1620 1828 221 31 »kommunal-

242 1893 125 31 skolor»
400 1891 107 32 blifvit
530 1890 174 40 grundade.
740 1888 158 32 Behofvet
921 1887 34 31 af
976 1897 38 20 en
1039 1885 160 41 praktiskt
1222 1883 234 39 medborgerlig
1477 1881 148 39 bildning
1648 1890 75 22 vore
1747 1880 92 30 emel-

241 1945 95 31 lertid
373 1946 96 29 störst
492 1944 11 30 i
527 1943 39 30 de
591 1945 85 28 stora
699 1941 159 36 städerna,
882 1939 159 31 handelns
1065 1939 61 30 och
1150 1937 197 31 industriens
1369 1934 254 40 brännpunkter.
1669 1933 45 30 På
1737 1931 104 40 grund

242 1997 93 30 häraf
354 1996 160 39 föreslogs,
539 1998 48 28 att
610 1994 54 32 vid
687 1994 39 30 de
750 1994 164 30 allmänna
937 1991 188 31 läroverken
1148 1990 11 30 i
1183 2000 56 20 sex
1263 1988 106 31 städer
1392 1987 113 35 skulle,
1523 1986 47 30 för
1589 1984 252 40 tillgodoseende

243 2049 35 30 af
302 2048 91 31 deras
415 2046 273 39 bildningsbehof,
713 2056 70 20 som
807 2044 54 32 vid
884 2044 132 39 tidigare
1040 2044 34 29 år
1096 2043 77 30 böra
1196 2042 77 37 utgå
1296 2040 49 31 till
1368 2039 54 30 det
1444 2037 166 41 praktiska
1633 2037 106 31 lifvets
1762 2036 78 36 värf,

243 2101 135 29 inrättas
412 2110 40 20 en
486 2098 184 38 femklassig
700 2108 24 20 s.
748 2097 31 30 k.
800 2097 148 41 praktisk
971 2093 252 42 bildningslinie,
1245 2090 230 42 jemnlöpande
1499 2089 75 31 med
1597 2089 63 30 den
1683 2088 160 30 klassiska

245 2152 62 32 och
342 2151 62 30 den
438 2151 94 30 reala.
580 2151 114 29 Denna
716 2149 94 30 linies
833 2148 76 30 kurs
932 2146 98 31 borde
1054 2146 133 30 afslutas
1211 2154 117 29 genom
1352 2153 39 20 en
1415 2142 103 30 under
1542 2140 136 31 särskild
1701 2140 141 30 kontroll

246 2203 129 31 anstäld
404 2202 278 39 afgångsexamen.
726 2201 58 36 De,
816 2210 68 21 som
915 2200 41 39 på
979 2196 294 32 tillfredsställande
1297 2198 63 28 sätt
1383 2194 185 39 genomgått
1591 2192 115 36 denna,
1731 2191 110 30 kunde

246 2255 186 38 derigenom
460 2264 93 20 anses
577 2253 151 38 behöriga
751 2255 47 28 att
814 2252 151 30 anställas
984 2249 53 32 vid
1054 2248 193 41 postverket,
1266 2248 53 31 vid
1332 2248 214 39 jernvägarna
1563 2255 41 20 m.
1622 2255 41 20 m.
1700 2243 143 31 Befriadt

246 2309 70 29 från
341 2307 38 30 de
402 2307 171 40 lärjungar,
599 2316 68 20 som
691 2305 113 30 endast
821 2304 88 31 sökte
926 2302 171 41 »praktisk»
1114 2300 156 39 bildning,
1290 2299 102 32 skulle
1409 2297 180 32 läroverket
1605 2297 78 30 efter
1698 2295 144 31 nämnda

247 2360 93 31 linies
364 2358 214 42 upprättande
602 2358 112 30 kunna
738 2357 125 41 afpassa
888 2357 46 38 sig
957 2356 101 30 bättre
1081 2353 77 31 efter
1175 2353 54 31 sitt
1246 2354 70 38 eget
1332 2350 158 41 egentliga
1507 2349 90 41 syfte,
1615 2347 227 40 bibringandet

1916 308 71 23 1882.

1879 465 139 27 1882—084.

1919 834 71 24 1887.
