2222 2654
381 227 119 33 Andra
525 228 217 32 Kammarens
770 225 178 41 Tillfälliga
979 225 139 35 Utskotts
1147 223 79 44 (N:o
1250 223 31 43 1)
1316 220 172 36 Utlåtande
1511 221 63 32 N:o
1597 221 57 31 22.
1745 218 38 30 61

351 308 29 31 4.
435 307 237 32 Vederbörande
706 305 378 43 kommunalmyndighet
1119 305 56 31 bör
1209 314 55 32 ega
1293 305 47 30 att
1373 302 185 39 bestämma,
1582 300 15 31 i
1619 299 117 32 hvilket
1757 298 75 49 eller

223 353 107 32 hvilka
352 352 206 39 främmande
584 351 100 42 språk
706 350 237 42 undervisning
967 350 56 32 bör
1045 349 169 39 meddelas,
1237 348 76 32 dock
1335 349 49 29 att
1407 346 76 32 blott
1505 347 43 30 ett
1569 344 119 32 sådant
1718 342 114 42 blifver

223 398 54 41 för
300 396 173 42 lärjungen
496 395 227 42 obligatoriskt.

354 458 29 31 5.
438 456 283 42 Undervisningen
745 456 55 31 bör
823 466 79 21 vara
924 454 173 43 afgiftsfri,
1121 454 77 31 dock
1219 455 47 29 att
1288 453 54 41 för
1354 451 172 42 lärjungar
1538 449 80 42 från
1630 450 104 30 annat
1746 447 83 32 skol-

223 502 129 32 område
374 504 47 29 än
443 501 58 40 det,
524 511 70 22 som
616 502 174 40 upprättat
810 500 121 35 skolan,
955 499 128 31 mindre
1106 498 101 42 afgift
1230 496 55 32 må
1308 497 113 31 kunna
1445 495 37 40 få
1505 493 176 43 uppbäras.

356 563 29 30 6.
432 561 228 32 Kostnaderna
682 560 54 42 för
757 560 89 42 dylik
868 560 88 31 skola
979 559 76 32 böra
1079 558 155 32 bestridas
1246 558 65 31 dels
1326 557 39 41 af
1374 558 114 38 staten,
1500 555 66 32 dels
1578 554 42 41 af
1626 554 206 34 kommunen,

224 607 84 31 detta
330 606 100 42 enligt
452 605 198 42 väsentligen
672 615 128 21 samma
820 604 153 41 grunder,
997 613 69 22 som
1089 613 50 21 nu
1160 602 87 41 gälla
1269 601 54 41 för
1345 600 178 42 folkskolan
1543 598 57 32 och
1611 608 69 21 som
1692 596 43 42 af
1741 597 92 31 1882

226 651 55 31 års
305 649 278 33 läroverkskomité
602 649 172 43 föreslogos
799 647 197 42 beträffande
1018 647 37 31 de
1078 647 43 31 då
1143 646 197 42 ifrågasatta
1366 642 389 34 "kommunalskolorna".

766 758 122 35 Första
913 758 156 34 klassens
1093 757 204 43 indragning.

356 843 79 35 Den
476 841 108 47 ålder,
629 840 56 35 vid
724 839 144 36 hvilken
901 838 137 37 inträde
1067 839 137 35 kunnat
1231 837 126 36 vinnas
1386 837 10 35 i
1426 836 81 35 våra
1536 835 178 36 allmänna
1742 834 89 35 läro-

228 895 103 36 verks
374 895 115 46 lägsta
530 893 108 45 klass,
681 891 65 36 har
782 891 110 36 under
920 890 94 36 olika
1043 891 89 35 tider
1160 890 91 35 varit
1279 889 108 47 något
1414 888 105 46 olika,
1548 887 115 36 likaså
1691 908 44 4 —
1768 886 64 35 och

229 947 55 35 vid
327 946 92 35 vissa
459 945 88 35 tider
589 944 53 35 till
683 943 65 36 och
791 944 77 34 med
910 943 195 35 oberoende
1146 942 101 35 deraf
1270 962 50 4 —
1349 941 66 35 den
1453 940 108 46 ålder,
1596 939 57 35 vid
1686 938 147 36 hvilken

229 997 299 46 undervisningen
557 996 11 35 i
597 995 217 36 främmande
842 995 106 48 språk
977 994 88 47 tagit
1093 994 54 35 sin
1176 992 135 48 början.

357 1091 16 30 I
396 1090 89 32 äldre
509 1090 160 39 skollagar
694 1099 55 21 var
771 1089 98 39 ingen
893 1088 65 31 viss
981 1087 234 33 inträdesålder
1238 1086 156 32 faststäld.
1432 1086 126 31 Genom
1582 1084 251 40 skolordningen

230 1146 83 30 1820
342 1142 166 33 fordrades
540 1143 47 30 för
617 1141 127 32 inträde
768 1144 47 29 att
838 1151 76 22 vara
936 1140 89 41 fylda
1048 1140 70 33 åtta
1140 1141 43 36 år,
1209 1139 61 32 och
1294 1139 54 31 vid
1372 1138 107 32 denna
1503 1138 88 31 ålder
1613 1137 131 41 började
1767 1147 66 29 gos-

229 1207 91 22 sarne
344 1199 48 29 att
413 1196 12 31 i
448 1194 274 42 apologistskolan
745 1194 69 31 läsa
836 1193 130 32 franska
990 1193 62 31 och
1071 1192 105 41 tyska,
1194 1193 11 30 i
1220 1191 258 32 lärdomsskolan
1494 1191 90 31 latin.
1620 1190 112 31 Redan
1750 1190 84 31 1824

229 1251 50 30 års
302 1248 211 32 skolrevision
536 1246 121 42 yrkade
682 1246 178 31 emellertid
883 1246 107 30 häruti
1014 1245 64 31 den
1101 1244 147 40 ändring,
1272 1247 47 28 att
1342 1244 98 31 första
1462 1243 129 31 klassen
1616 1243 103 30 skulle
1735 1242 100 31 blifva

231 1311 186 30 gemensam
452 1300 47 31 för
533 1298 276 42 apologistskolan
833 1298 61 31 och
924 1297 258 31 lärdomsskolan
1212 1296 61 31 och
1296 1298 48 29 att
1366 1296 49 30 uti
1438 1295 107 31 denna
1567 1295 87 30 klass
1678 1294 104 31 derför
1805 1295 27 39 ej

229 1353 99 32 borde
351 1353 103 39 gifvas
477 1352 233 38 undervisning
733 1351 11 30 i
767 1352 97 38 något
887 1352 100 29 annat
1009 1349 97 41 språk
1129 1352 43 27 än
1199 1348 238 36 modersmålet,
1462 1347 96 32 hvars
1580 1346 132 32 lärande
1735 1346 99 31 borde

234 1407 126 39 »läggas
394 1405 50 31 till
478 1404 104 40 grund
609 1403 48 32 för
685 1403 43 31 all
752 1402 361 41 språkundervisning».
1160 1401 16 30 I
1200 1400 331 32 öfverensstämmelse
1555 1398 136 32 härmed
1714 1398 121 41 yrkade

231 1461 85 29 stora
350 1456 369 42 uppfostringskomitén
754 1455 35 30 af
821 1456 93 35 1825,
950 1457 47 28 att
1025 1454 63 31 den
1116 1453 150 31 nedersta
1288 1452 139 37 klassen,
1452 1462 70 21 som
1545 1451 148 41 utgjorde
1720 1451 114 31 »öfver-

231 1512 127 39 gången
392 1510 82 30 ifrån
504 1508 215 37 folkskolan»,
744 1507 99 31 borde
867 1507 109 31 ställas
999 1509 92 29 utom
1115 1505 330 39 nummerordningen
1469 1504 62 32 och
1554 1504 103 31 kallas
1684 1503 151 31 »förbere-

231 1562 137 38 dande»,
393 1564 84 29 samt
500 1564 47 29 att
569 1560 276 39 undervisningen
868 1560 11 30 i
902 1559 201 31 främmande
1128 1558 97 41 språk
1248 1557 142 41 (franska
1413 1558 11 30 i
1447 1556 283 41 apologistskolan,
1755 1556 81 31 latin

232 1616 10 30 i
276 1614 269 40 lärdomsskolan)
581 1613 104 31 skulle
720 1613 150 39 begynna
904 1612 78 31 först
1009 1612 11 30 i
1048 1611 64 31 den
1135 1611 99 40 derpå
1257 1609 151 41 följande,
1433 1609 63 31 den
1520 1620 23 20 s.
1568 1609 31 31 k.
1628 1609 146 30 »första».
1821 1609 15 29 I

233 1668 88 31 detta
344 1667 117 39 förslag
484 1665 160 32 instämde
676 1664 254 32 skolrevisionen
959 1664 34 30 af
1022 1664 94 30 1832.
1164 1663 16 29 I
1202 1664 135 29 motsats
1360 1662 109 30 härtill
1492 1660 122 41 yrkade
1638 1660 196 31 skolrevisio-

233 1730 64 20 nen
321 1719 35 31 af
378 1719 94 36 1843,
496 1720 48 29 att
566 1717 275 39 undervisningen
864 1717 11 30 i
890 1715 201 32 främmande
1109 1715 96 40 språk
1221 1714 177 40 (nemligen
1413 1714 81 30 latin
1509 1713 48 31 för
1573 1712 82 31 både
1668 1713 167 39 apologist-

234 1771 60 32 och
328 1769 270 40 lärdomsskolan)
634 1769 105 31 skulle
774 1769 88 40 börja
896 1768 99 31 redan
1025 1767 55 33 vid
1104 1768 19 30 8
1149 1768 49 29 års
1222 1766 96 31 ålder.
1367 1765 142 31 Oaktadt
1532 1765 89 31 detta
1643 1765 116 38 förslag
1783 1764 54 31 vid

236 1823 214 32 1844—1845
485 1823 49 30 års
568 1821 130 39 riksdag
732 1820 234 32 understöddes
1000 1819 34 31 af
1061 1818 236 41 presteståndet
1327 1828 116 29 genom
1467 1828 40 20 en
1531 1817 49 30 till
1605 1817 117 38 Kongl.
1747 1817 91 39 Maj:t

234 1875 151 32 särskildt
407 1874 143 40 ingifven
574 1873 102 37 skrift,
701 1873 95 39 gingo
819 1873 286 30 bestämmelserna
1128 1871 10 30 i
1164 1871 83 31 1856
1271 1871 50 30 års
1344 1869 277 39 läroverksstadga
1643 1869 11 30 i
1678 1879 40 21 en
1742 1869 94 30 allde-

234 1929 45 30 les
303 1930 133 28 motsatt
458 1927 149 39 rigtning.
654 1926 75 30 Deri
753 1925 168 31 föreskrefs
944 1925 172 38 nemligen,
1142 1926 47 28 att
1211 1922 253 32 inträdesåldern
1489 1922 104 31 skulle
1617 1924 111 37 utgöra
1748 1921 89 40 fylda

235 1981 53 30 nio
324 1981 43 36 år,
399 1978 366 39 inträdesfordringarna
788 1978 91 39 höjas
902 1977 61 31 och
987 1976 372 41 språkundervisningen
1382 1975 11 30 i
1416 1975 97 30 första
1536 1974 129 31 klassen
1688 1974 148 39 (normal-

236 2032 109 31 åldern
380 2032 108 30 9—10
521 2032 46 38 år)
602 2030 173 39 begränsas
810 2030 48 30 till
888 2029 237 36 modersmålet,
1161 2038 68 21 som
1259 2028 104 30 derför
1387 2027 100 30 erhöll
1511 2037 40 20 en
1574 2026 109 39 rikligt
1706 2027 132 29 tillmätt

236 2083 60 36 tid;
332 2083 56 31 det
422 2083 97 30 första
553 2081 201 31 främmande
779 2081 129 40 språket
937 2080 154 40 (franska)
1120 2080 104 31 skulle
1249 2079 181 31 tillkomma
1453 2079 77 30 först
1553 2079 10 29 i
1587 2078 101 30 andra
1711 2078 128 30 klassen

238 2134 249 40 (normalåldern
514 2134 124 30 10—11
665 2135 55 36 år).
758 2134 130 37 Förslag
912 2143 51 20 om
988 2132 184 38 förändring
1185 2131 106 31 häruti
1307 2131 159 30 framkom
1484 2132 88 29 snart
1587 2130 70 30 från
1674 2141 40 19 en
1730 2129 108 39 kongl.

237 2187 130 36 komité,
393 2197 69 20 som
488 2186 82 30 1858
595 2186 42 39 på
660 2184 200 39 Riksdagens
884 2185 138 38 begäran
1046 2184 106 30 blifvit
1176 2184 113 30 tillsatt
1313 2183 60 30 och
1390 2193 68 20 som
1472 2182 98 30 bland
1584 2184 100 28 annat
1696 2181 83 30 hade
1793 2184 47 28 att

237 2240 93 35 tillse,
366 2238 55 31 det
451 2239 226 29 »läroämnena
706 2237 89 30 inom
819 2236 109 41 hvarje
952 2236 86 31 klass
1061 2236 71 31 icke
1156 2236 104 31 blefve
1285 2235 77 30 flera
1385 2235 75 30 eller
1483 2234 224 31 lärokurserna
1731 2236 107 33 större,

238 2295 41 27 in
314 2293 47 28 att
397 2290 39 31 de
471 2289 109 31 kunde
611 2289 34 30 af
666 2289 203 40 lärjungarne
895 2291 76 28 utan
996 2288 100 31 skada
1121 2288 47 30 för
1192 2287 91 31 deras
1306 2286 122 41 fysiska
1451 2287 61 30 och
1535 2286 235 31 intellektuella
1794 2289 45 28 ut-

240 2344 147 39 veckling
411 2342 224 32 medhinnas».
684 2342 154 31 Komitén
863 2342 97 38 ansåg
983 2341 97 39 ingen
1105 2340 201 39 uteslutning
1330 2339 34 32 af
1384 2342 119 28 ämnen
1529 2350 73 21 vara
1626 2338 118 41 möjlig,
1769 2338 70 33 icke

1896 1083 116 32 Frågans

1874 1120 108 31 tidigare
2001 1120 38 23 be-

1888 1155 132 31 handling.

1921 1934 68 20 1856.
