2228 2654
424 223 118 33 Andra
565 224 210 30 Kammarens
800 219 180 42 Tillfälliga
1008 218 138 32 Utskotts
1169 217 74 40 (N:o
1266 216 34 35 1)
1330 213 170 35 Utlåtande
1523 213 68 32 N:o
1613 214 53 31 22.
1751 211 39 31 19

238 306 46 37 de
312 304 192 37 allmänna
532 301 226 38 läroverken
787 300 13 37 i
828 299 104 37 vissa
961 303 122 32 större
1112 296 129 38 städer
1269 294 123 38 skulle
1421 297 198 46 upprättas
1647 305 47 23 en
1712 290 123 49 6-årig

238 356 195 51 praktisk
462 353 325 50 bildningslinie»,
817 351 158 38 hvilken
1005 349 122 38 skulle
1156 348 158 37 afslutas
1343 346 86 37 med
1458 359 47 23 en
1529 345 121 36 under
1671 342 163 38 särskild

240 408 166 38 kontroll
449 406 150 38 anstäld
643 405 339 50 afgångsexamen.
1037 402 57 37 Då
1135 400 224 48 härigenom
1390 399 114 48 sörjts
1534 397 58 36 för
1619 396 74 37 den
1723 395 112 49 prak-

240 461 101 37 tiska
369 459 240 49 bildningen,
638 460 142 46 ansågs
809 456 63 37 det
902 455 192 36 allmänna
1122 452 217 37 läroverket
1363 450 59 37 för
1441 449 119 48 öfrigt
1579 449 130 36 kunna
1725 460 110 35 orga-

240 513 147 37 niseras
430 511 85 36 med
558 523 102 24 mera
702 508 244 38 uteslutande
987 506 151 48 hänsyn
1181 504 56 37 till
1278 503 73 37 den
1381 501 285 49 vetenskapligt
1692 498 144 49 grund-

239 564 195 49 läggande
476 562 248 48 bildningens
765 560 128 47 behof,
937 558 72 37 och
1050 557 128 37 derför
1207 555 124 37 skulle
1361 567 50 24 nu
1441 553 73 36 den
1544 551 191 37 klassiska
1764 550 72 36 och

240 617 73 37 den
342 616 103 37 reala
472 614 117 37 linien
619 613 133 49 skiljas
781 612 117 37 redan
929 610 13 37 i
971 609 101 49 3:dje
1101 608 165 45 klassen,
1297 607 66 36 der
1391 605 136 37 latinet
1542 604 124 36 skulle
1686 602 151 37 inträda

241 672 48 47 på
316 669 74 36 den
420 668 101 36 förra
550 666 70 37 och
650 665 182 36 franskan
860 666 48 47 på
937 662 73 37 den
1040 673 146 25 senare.
1240 658 53 38 Af
1317 659 47 36 de
1392 656 230 48 treklassiga
1646 655 191 37 allmänna

241 719 227 39 läroverken
497 718 70 37 och
588 716 289 51 pedagogierna
897 714 123 37 skulle
1041 712 162 49 somliga
1222 711 194 48 indragas,
1436 709 117 36 andra
1573 706 265 38 under'vilkor

241 773 40 37 af
318 770 249 39 ekonomiska
607 769 198 50 garantier
847 768 84 36 från
973 766 277 36 kommunerna
1278 766 42 33 så
1349 761 197 44 ombildas,
1576 765 56 31 att
1659 759 62 36 vid
1751 758 86 36 dem

242 824 57 38 till
328 824 72 37 och
429 823 84 36 med
544 825 74 33 5:te
647 821 177 36 klassens
853 819 92 36 kurs
970 816 129 38 kunde
1119 817 226 48 genomgås,
1367 812 162 38 hvarvid
1549 809 290 40 vederbörande

242 874 388 49 kommunalstyrelse
658 872 98 49 egde
777 877 55 31 att
852 871 146 48 afgöra,
1016 869 81 37 dels
1117 869 12 35 i
1145 864 401 40 öfverensstämmelse
1563 863 86 37 med
1664 862 175 37 hvilken-

243 929 90 36 dera
362 925 319 50 bildningslinien
712 924 85 49 (den
827 921 203 47 klassiska,
1060 920 72 36 den
1161 919 100 37 reala
1290 918 92 36 eller
1409 917 73 36 den
1508 915 214 50 praktiska)
1743 914 97 36 läro-

244 980 135 37 verket
420 978 117 38 borde
574 977 172 46 inrättas,
789 975 82 37 dels
914 972 189 38 huruvida
1132 970 175 51 qvinliga
1335 969 196 49 lärjungar
1559 968 12 35 i
1600 970 87 33 mån
1716 965 42 37 af
1782 971 58 30 ut-

243 1044 145 37 rymme
418 1029 123 38 skulle
570 1029 64 37 vid
663 1027 217 38 läroverket
908 1030 204 43 mottagas.
1154 1024 16 35 I
1198 1022 194 37 anseende
1411 1020 57 37 till
1488 1019 240 49 Riksdagens
1744 1031 96 36 upp-

244 1084 156 47 lösning
430 1083 86 36 kom
546 1081 72 37 den
648 1079 132 50 kongl.
809 1077 291 51 propositionen
1130 1076 33 49 ej
1194 1080 56 31 att
1277 1074 42 37 af
1343 1074 202 36 kamrarne
1574 1070 221 37 behandlas.

372 1136 84 36 Den
497 1133 131 48 kongl.
672 1130 239 51 proposition
953 1127 197 51 angående
1190 1126 242 46 läroverken,
1461 1137 81 24 som
1571 1126 48 47 på
1646 1122 197 47 föredrag-

244 1189 96 47 ning
369 1187 43 38 af
435 1185 205 38 statsrådet
669 1182 264 49 Wennerberg
957 1179 189 38 förelades
1179 1180 97 35 1890
1306 1181 60 33 års
1391 1176 184 49 Riksdag,
1600 1173 158 38 fasthöll
1778 1173 64 36 vid

248 1242 96 36 1873
389 1242 61 34 års
479 1237 161 51 princip,
670 1241 55 32 att
753 1235 48 37 de
830 1234 192 36 allmänna
1050 1230 226 38 läroverken
1305 1229 12 36 i
1347 1229 58 36 sin
1434 1228 132 37 helhet
1593 1226 119 38 borde
1741 1225 103 48 sörja

246 1293 57 36 för
336 1291 75 37 den
440 1288 198 51 praktiska
667 1285 310 49 medborgerliga
1005 1283 227 48 bildningen
1260 1294 140 35 genom
1429 1277 375 49 afslutningskurser
1832 1276 11 36 i

247 1343 100 48 3:dje
377 1342 72 37 och
479 1343 74 35 5:te
582 1340 198 36 klasserna
808 1360 51 5 —
887 1336 158 37 hvilken
1074 1334 240 38 sistnämnda
1343 1333 93 35 kurs
1464 1332 13 36 i
1505 1335 163 32 motsats
1697 1335 80 30 mot
1796 1341 47 23 en

245 1393 330 50 afslutningskurs
603 1392 12 36 i
645 1391 117 37 nedre
803 1390 115 48 sjette
962 1388 154 36 klassen
1158 1385 237 37 förklarades
1427 1396 91 24 vara
1546 1382 74 37 den
1645 1380 122 49 enligt
1795 1380 49 36 all

246 1446 243 51 pedagogisk
527 1443 216 38 erfarenhet
785 1441 144 50 rigtiga
957 1461 51 6 —
1036 1438 72 38 och
1146 1436 181 50 öfvergaf
1363 1435 128 37 derför
1532 1437 126 34 såsom
1697 1432 147 36 mindre

246 1499 208 48 angeläget
486 1498 95 35 1887
612 1498 60 34 års
700 1494 145 49 förslag
873 1506 61 23 om
963 1489 236 39 inrättandet
1228 1489 41 36 af
1293 1501 47 24 en
1370 1486 161 38 särskild
1562 1484 173 51 praktisk
1755 1484 90 36 linie

247 1551 12 37 i
288 1550 104 37 vissa
435 1554 122 32 större
599 1547 139 37 städer.
793 1545 148 37 Endast
982 1543 64 37 vid
1073 1541 147 38 Jakobs
1247 1540 178 37 läroverk
1453 1539 13 36 i
1495 1536 222 39 Stockholm
1748 1536 97 36 före-

248 1603 105 47 slogs
383 1614 48 24 en
460 1600 118 37 sådan
606 1599 11 36 i
646 1598 278 47 sammanhang
952 1595 87 37 med
1067 1607 47 24 en
1143 1592 243 50 profårskurs
1415 1591 58 37 för
1501 1588 196 39 blifvande
1725 1588 121 36 lärare

250 1654 105 38 såväl
385 1657 21 33 å
434 1653 123 37 denna
577 1650 91 37 linie
688 1663 81 24 som
791 1649 63 37 vid
874 1648 48 37 de
943 1645 216 39 ombildade
1179 1643 321 38 småläroverken.
1542 1641 201 48 Förslaget
1763 1639 83 37 från

253 1708 94 35 1887
387 1718 62 23 om
477 1704 111 36 dessa
616 1707 169 45 upptogs
813 1699 200 49 nemligen
1040 1698 11 36 i
1080 1696 232 47 hufvudsak,
1341 1694 97 38 dock
1468 1694 85 36 med
1581 1691 266 51 uppgifvande

251 1758 41 36 af
329 1757 74 37 den
446 1753 250 39 ekonomiska
737 1751 203 50 garantien
982 1750 41 36 af
1048 1750 244 36 kommunen.
1349 1748 56 35 Då
1439 1746 63 36 vid
1530 1745 112 36 dessa
1671 1743 176 37 läroverk

250 1808 91 37 latin
387 1807 124 37 skulle
540 1807 130 36 kunna
698 1804 237 37 förekomma
964 1802 11 36 i
1004 1800 122 50 fjerde
1155 1800 169 46 klassen,
1355 1798 71 36 och
1455 1797 130 37 Andra
1614 1796 233 36 Kammaren

252 1874 49 23 nu
344 1858 185 50 förnyade
567 1857 67 37 sitt
662 1857 125 37 beslut
815 1856 83 36 från
931 1855 98 36 1880
1058 1852 71 37 och
1162 1853 94 35 1881
1287 1864 61 23 om
1377 1849 154 37 latinets
1561 1846 286 50 framflyttande

253 1912 57 37 till
338 1912 116 49 sjette
482 1910 169 47 klassen,
680 1908 80 37 blef
785 1921 47 23 en
861 1906 94 49 följd
985 1904 119 48 häraf,
1121 1909 55 31 att
1191 1903 221 36 kammaren
1427 1900 220 38 förkastade
1662 1898 187 48 förslaget

252 1978 60 23 om
342 1965 46 35 de
430 1961 230 49 treklassiga
702 1959 247 37 läroverkens
978 1957 71 36 och
1078 1954 307 52 pedagogiernas
1415 1952 251 48 ombildning.
1721 1944 127 43 Äfven

251 2015 186 48 förslaget
479 2012 201 50 angående
722 2010 147 38 Jakobs
911 2008 110 37 skola
1049 2006 242 38 förkastades
1321 2005 41 36 af
1386 2018 145 23 samma
1560 2004 206 46 kammare,
1793 2007 57 31 att

253 2067 113 36 döma
408 2066 42 37 af
486 2071 55 30 ett
580 2063 194 50 yttrande,
817 2075 80 23 som
941 2059 174 49 föregick
1154 2057 174 45 beslutet,
1358 2060 49 45 på
1434 2056 74 36 den
1536 2055 125 48 grund
1690 2060 67 41 att,
1787 2067 60 23 om

253 2118 137 36 latinet
431 2115 278 49 framflyttades
751 2113 58 37 till
837 2113 114 47 sjette
985 2111 167 46 klassen,
1181 2112 127 45 någon
1338 2121 125 23 annan
1492 2106 174 50 praktisk
1696 2105 89 36 linie
1815 2105 33 48 cj

252 2172 141 45 ansågs
422 2167 169 48 behöflig
619 2171 48 32 än
695 2166 46 36 de
770 2164 156 47 vanliga
956 2164 21 35 5
1006 2162 117 36 nedre
1151 2160 208 37 klasserna.

383 2220 15 35 I
427 2219 73 37 den
528 2218 131 48 kongl.
688 2215 252 51 proposition,
971 2227 81 23 som
1082 2212 64 37 vid
1179 2214 94 34 1892
1300 2214 60 33 års
1380 2210 158 48 lagtima
1558 2208 158 48 riksdag
1737 2208 113 36 fram-

253 2272 144 38 stäldes
426 2284 60 23 om
516 2269 194 49 reglering
739 2268 42 37 af
796 2268 170 36 lärarnes
987 2265 63 37 vid
1071 2264 189 37 allmänna
1280 2262 226 36 läroverken
1527 2261 117 46 löner,
1661 2259 189 48 föreslogs

254 2326 116 48 ingen
400 2336 125 24 annan
554 2320 225 49 förändring
807 2320 11 36 i
848 2319 112 36 dessa
988 2315 196 39 läroverks
1213 2313 274 50 organisation,
1517 2317 47 32 än
1590 2318 55 31 att
1665 2311 186 48 förslaget
