2212 2648
434 213 40 35 80
572 218 119 32 Andra
713 217 215 35 Kammarens
957 217 175 46 Tillfälliga
1163 220 138 35 Utskotts
1325 221 74 39 (N:o
1422 225 31 39 1)
1486 219 172 38 Utlåtande
1681 226 61 32 N:o
1767 224 57 35 232.

388 306 54 21 om
476 306 40 22 en
549 296 176 39 skrifvelse,
759 301 80 29 utan
872 298 131 42 yrkade,
1033 303 48 28 att
1108 300 183 41 Riksdagen
1323 304 102 30 måtte
1448 306 74 36 göra
1544 304 50 31 till
1616 305 56 31 sitt
1694 304 54 32 det
1770 305 117 37 beslut,
1912 315 70 21 som

385 347 107 34 blifvit
513 348 169 42 föreslaget
704 351 34 30 af
757 351 121 32 honom
903 351 60 32 och
986 352 82 32 hans
1087 353 85 32 båda
1192 354 274 33 medreservanter
1491 357 83 31 1890
1590 356 61 32 och
1668 367 69 21 som
1753 357 114 32 Andra
1885 358 96 31 Kam-

387 411 111 22 maren
521 401 42 32 då
584 402 103 32 fattat.

517 454 244 33 Statsutskottet
791 455 180 33 hemstälde
994 457 11 31 i
1028 457 55 32 sitt
1116 458 166 32 utlåtande
1313 470 53 21 om
1390 460 91 31 bifall
1503 461 49 31 till
1576 460 88 32 detta
1687 471 110 22 senare
1821 462 125 40 förslag,
1970 462 11 31 i

387 506 234 40 motiveringen
661 507 200 33 hänvisande
900 509 50 31 till
983 509 39 32 de
1056 511 211 40 synpunkter,
1303 512 113 31 hvilka
1449 512 140 32 bestämt
1621 514 111 31 Andra
1765 514 216 31 Kammarens

387 558 133 40 tidigare
553 558 148 41 hållning
723 560 11 31 i
756 560 108 31 denna
893 561 96 39 fråga,
1025 565 83 28 samt
1131 563 49 31 till
1204 564 39 31 de
1271 564 216 41 besparingar,
1512 576 69 21 som
1605 576 116 29 genom
1744 566 236 40 indragningen

388 610 104 32 skulle
516 610 210 42 uppkomma.
772 612 63 32 Det
858 613 126 40 yttrade
1002 613 127 33 härom:

517 698 47 31 De
598 698 80 38 skäl,
713 709 69 22 som
815 699 117 33 hittills
960 701 158 32 föranledt
1145 702 111 32 Andra
1279 704 199 32 Kammaren
1501 708 47 28 att
1570 705 126 32 biträda
1719 706 39 31 de
1782 706 117 32 väckta
1921 707 58 31 för-

385 742 110 40 slagen
517 753 54 20 om
593 742 98 32 första
713 743 144 32 klassens
880 744 192 41 indragning
1095 746 62 32 och
1179 747 111 31 hvilka
1313 748 96 31 äfven
1432 758 54 27 nu,
1510 759 69 21 mer
1602 750 76 31 eller
1693 749 125 32 mindre
1833 750 145 31 fullstän-

385 785 69 40 digt
476 786 135 36 utförda,
637 787 172 32 återfinnas
833 789 11 29 i
868 788 39 31 de
930 789 11 30 i
964 792 109 28 ämnet
1095 790 118 32 väckta
1235 792 211 37 motionerna,
1464 796 54 28 äro
1534 793 272 40 hufvudsakligen
1823 794 153 40 följande:

513 840 116 29 genom
652 831 97 31 första
771 831 146 32 klassens
940 832 192 41 indragning
1154 834 104 31 skulle
1281 845 41 22 en
1346 836 146 32 afsevärd
1515 837 171 40 besparing
1709 841 90 36 göras
1822 838 11 31 i
1857 841 121 28 statens

384 873 131 40 utgifter
537 873 47 32 för
607 873 40 32 de
671 875 163 31 allmänna
856 876 203 37 läroverken;
1304 881 3 3 |

513 917 107 31 denna
651 918 172 41 besparing
851 919 124 32 medför
997 920 96 40 ingen
1116 921 178 39 olägenhet,
1319 926 78 28 enär
1419 923 183 32 folkskolan
1625 925 49 30 till
1698 924 62 31 den
1784 924 98 36 ålder,
1907 935 70 21 som

382 961 104 31 under
508 961 186 32 nuvarande
717 962 223 32 förhållanden
954 964 12 31 i
981 965 107 38 regeln
1104 967 35 28 är
1154 965 63 31 den
1233 966 140 31 faktiska
1389 967 253 32 inträdesåldern
1658 969 48 30 för
1720 968 101 31 andra
1836 969 140 36 klassen,

382 1004 66 31 kan
481 1004 149 32 meddela
663 1006 202 40 lärjungarne
901 1010 46 28 ett
975 1009 35 29 så
1041 1010 80 29 stort
1150 1010 82 30 mått
1254 1010 35 30 af
1308 1010 195 41 kunskaper,
1528 1014 47 28 att
1598 1012 39 30 de
1661 1012 180 31 sedermera
1864 1013 113 31 kunna

382 1048 105 31 under
513 1050 67 29 åtta
609 1050 44 36 år,
677 1050 162 39 tillbragta
862 1050 11 31 i
896 1050 55 31 det
973 1052 163 30 allmänna
1159 1053 189 37 läroverket,
1373 1057 79 28 utan
1475 1055 320 40 öfveransträngning
1817 1056 160 32 förvärfva

382 1092 48 39 sig
453 1103 39 20 en
515 1092 157 40 bildning,
696 1093 73 31 fullt
788 1094 162 40 jemförlig
972 1094 74 32 med
1070 1095 73 38 den,
1169 1106 69 21 som
1262 1096 40 31 de
1325 1107 46 20 nu
1395 1097 164 32 derstädes
1582 1098 133 38 erhålla;

512 1135 63 32 den
605 1136 137 32 sålunda
771 1147 112 22 vunna
913 1137 209 41 besparingen
1153 1139 104 31 skulle
1280 1140 114 32 kunna
1417 1142 164 32 användas
1605 1143 49 30 till
1676 1143 200 32 folkskolans
1900 1147 74 28 stär-

380 1178 122 39 kande;

512 1234 53 20 om
591 1223 40 31 de
655 1224 103 31 bättre
781 1225 121 31 lottade
926 1236 209 29 personernas
1158 1227 80 31 barn
1261 1227 103 32 under
1388 1238 40 21 en
1452 1229 96 39 något
1571 1230 108 39 längre
1703 1230 47 31 tid
1773 1230 130 31 komme
1927 1233 48 28 att

380 1267 128 40 åtnjuta
540 1267 233 40 undervisning
806 1269 11 30 i
850 1269 193 38 folkskolan,
1077 1270 104 31 skulle
1215 1271 149 32 intresset
1394 1272 49 31 för
1465 1272 107 32 denna
1594 1275 43 38 på
1659 1274 226 40 inflytelserikt
1907 1274 68 31 håll

379 1310 102 32 blifva
503 1321 87 21 mera
612 1312 177 39 personligt
811 1312 62 31 och
897 1323 88 21 mera
1007 1313 176 38 verksamt;

510 1355 11 30 i
550 1355 113 31 socialt
685 1355 184 32 hänseende
893 1356 103 32 skulle
1020 1367 40 21 en
1083 1358 204 40 synnerligen
1311 1359 190 40 fördelaktig
1523 1360 121 32 verkan
1668 1363 117 39 uppstå
1807 1361 98 38 deraf,
1930 1364 47 28 att

380 1398 66 32 alla
468 1398 79 31 barn
571 1400 34 30 så
627 1399 94 40 länge
744 1409 69 21 som
837 1401 125 40 möjligt
984 1404 200 36 gemensamt
1207 1402 230 32 undervisades
1460 1404 11 30 i
1493 1404 193 32 folkskolan.

510 1442 172 38 Utskottet,
718 1453 69 21 som
816 1443 89 32 delar
928 1444 63 31 den
1013 1445 208 40 uppfattning
1244 1446 34 31 af
1297 1446 209 32 förevarande
1529 1448 96 39 fråga,
1650 1459 69 21 som
1743 1450 10 30 i
1776 1449 40 31 de
1840 1448 136 32 sålunda

380 1485 133 31 anförda
546 1486 112 31 skälen
693 1486 126 32 hemtar
848 1488 55 30 sitt
934 1488 79 41 stöd,
1037 1489 48 30 får
1107 1489 198 32 beträffande
1329 1490 64 31 den
1416 1491 171 40 besparing
1609 1493 48 30 för
1680 1493 200 37 statsverket,
1905 1503 71 21 som

380 1539 116 29 genom
528 1529 193 40 indragning
748 1531 34 30 af
807 1531 99 31 första
934 1531 127 32 klassen
1084 1532 55 31 vid
1162 1533 40 31 de
1226 1534 165 31 allmänna
1414 1535 188 32 läroverken
1626 1536 103 31 skulle
1754 1537 143 37 beredas,
1923 1547 51 20 an-

379 1573 69 30 föra
470 1573 139 40 följande
631 1574 187 40 beräkning,
843 1575 188 39 grundande
1055 1576 48 39 sig
1124 1578 43 38 på
1189 1576 69 32 dels
1285 1578 193 31 »Berättelse
1502 1589 53 20 om
1580 1583 121 28 statens
1718 1581 164 30 allmänna
1896 1581 80 30 läro-

379 1616 79 31 verk
482 1617 46 30 för
551 1627 109 29 gossar
682 1617 115 31 läsåret
822 1618 202 37 1887—88»,
1049 1619 64 32 den
1137 1624 125 27 senaste
1286 1622 11 29 i
1324 1621 138 40 »Bidrag
1483 1623 50 30 till
1557 1623 144 40 Sveriges
1724 1625 150 31 officiella
1890 1625 84 30 stati-

379 1659 84 31 stik>
488 1661 134 38 utgifna,
647 1660 69 32 dels
742 1662 166 31 »Tabeller
930 1663 164 39 angående
1118 1663 39 31 de
1181 1665 164 30 allmänna
1368 1666 197 37 läroverken,
1584 1667 147 39 bifogade
1748 1668 55 31 det
1817 1668 50 31 till
1884 1671 90 28 stats-

378 1703 337 41 verkspropositionen
738 1705 142 31 hörande
904 1706 349 41 statsrådsprotokollet
1275 1709 48 30 för
1345 1709 132 31 åttonde
1501 1710 252 32 hufvudtiteln».
1784 1712 111 39 Enligt
1911 1711 63 31 den

378 1747 180 41 åberopade
592 1748 193 32 berättelsen
819 1750 120 31 funnos
973 1751 116 31 läsåret
1120 1751 170 32 1887—88
1322 1755 46 28 ett
1391 1753 89 31 antal
1502 1754 35 30 af
1557 1753 38 32 71
1622 1755 199 39 afdelningar
1843 1756 11 30 i
1877 1755 98 31 första

378 1790 130 32 klassen
542 1791 54 32 vid
630 1792 99 31 rikets
760 1793 97 39 högre
888 1793 61 32 och
979 1793 205 41 femklassiga
1214 1795 165 32 allmänna
1402 1797 155 31 läroverk.
1596 1798 44 30 Af
1660 1798 92 31 dessa
1774 1799 200 31 förekommo

379 1835 41 30 38
456 1835 54 30 vid
541 1835 121 31 sådana
693 1836 154 37 läroverk,
880 1837 57 31 der
964 1837 181 32 desammas
1174 1838 193 41 indragning
1390 1840 104 31 skulle
1517 1841 144 31 medföra
1684 1853 40 20 en
1747 1843 226 30 motsvarande

378 1878 188 40 minskning
589 1879 35 30 af
644 1880 121 31 antalet
787 1884 91 27 extra
900 1881 114 37 lärare;
1039 1881 56 31 der
1118 1882 104 31 skulle
1246 1883 132 37 således,
1404 1895 52 20 om
1481 1887 89 28 extra
1592 1885 141 32 lärarens
1756 1886 143 39 aflöning
1921 1896 51 20 an-

378 1924 89 37 tages
498 1932 74 21 vara
603 1923 95 37 1,800
723 1923 126 38 kronor,
876 1934 40 21 en
945 1925 169 40 besparing
1136 1927 119 39 uppstå
1277 1927 35 30 af
1332 1928 119 36 68,400
1474 1928 127 33 kronor.
1648 1930 47 30 De
1719 1930 99 39 öfriga
1842 1931 40 30 33
1907 1931 67 30 åter

380 1965 129 32 tillhöra
541 1966 157 38 läroverk,
733 1967 55 31 der
822 1971 92 28 extra
947 1969 99 30 lärare
1080 1970 27 40 ej
1133 1970 114 37 finnas,
1272 1970 131 32 hvadan
1426 1971 93 31 dessa
1541 1972 217 40 afdelningars
1781 1973 194 40 indragning

378 2009 104 31 skulle
513 2010 144 32 medföra
685 2021 40 21 en
752 2011 172 41 besparing
956 2013 34 30 af
1009 2012 66 31 lika
1097 2014 117 39 många
1238 2014 253 41 adjunktslöner.
1537 2016 110 39 Enligt
1671 2017 39 31 de
1733 2017 241 31 ofvannämnda

377 2053 186 39 tabellerna,
586 2054 101 31 tabell
710 2055 34 31 B.
771 2056 18 30 6
812 2055 61 31 och
897 2056 35 31 B.
959 2057 29 36 8,
1012 2056 65 31 kan
1100 2057 96 31 lönen
1220 2057 47 31 för
1290 2068 40 21 en
1354 2058 139 41 adjunkt
1509 2059 53 31 vid
1578 2060 96 39 högre
1691 2061 61 31 och
1768 2061 206 39 femklassiga

379 2097 148 31 läroverk
550 2097 80 32 efter
652 2098 63 31 den
739 2109 45 20 nu
807 2099 178 39 föreslagna
1008 2103 104 28 staten
1136 2101 10 30 i
1169 2101 152 31 medeltal
1345 2105 100 28 sättas
1468 2102 48 31 till
1540 2104 95 37 3,579
1660 2104 126 38 kronor,
1810 2105 163 38 nemligen

377 2141 11 30 i
421 2141 54 31 lön
507 2141 61 30 och
601 2142 407 41 tjenstgöringspenningar
1031 2144 95 37 2,500
1150 2144 118 31 kronor
1290 2148 85 28 samt
1397 2146 10 30 i
1431 2145 215 41 ålderstillägg
1668 2149 11 29 i
1701 2148 153 31 medeltal
1879 2148 94 37 1,079

376 2183 128 34 kronor.
550 2185 112 31 Lönen
692 2186 48 31 för
769 2187 40 30 33
838 2186 174 41 adjunkter
1040 2187 104 31 skulle
1173 2189 93 30 alltså
1292 2191 110 38 uppgå
1431 2190 49 30 till
1504 2190 137 37 118,107
1666 2191 126 32 kronor.
1839 2192 61 30 Om
1924 2192 49 30 till

344 2249 2 2 »
375 2228 93 31 detta
496 2228 118 40 belopp
642 2229 107 40 lägges
777 2230 55 31 det
855 2230 59 31 här
936 2230 96 31 ofvan
1054 2231 48 31 för
1123 2232 231 40 minskningen
1377 2233 11 30 i
1412 2233 120 31 antalet
1555 2238 90 28 extra
1667 2236 100 30 lärare
1791 2235 181 32 beräknade

376 2272 78 31 eller
478 2272 116 40 68,400
618 2271 127 40 kronor,
770 2273 136 33 erhålles
929 2284 39 21 en
992 2274 172 42 besparing
1186 2276 34 30 af
1243 2276 136 39 186,507
1404 2276 127 32 kronor.
