1884 2778
243 169 41 30 38
711 171 263 28 Statsutskottets
998 171 166 28 utlåtande
1187 180 37 18 nr
1249 173 27 27 6.

242 239 191 37 taganden,
454 239 70 28 mot
559 236 90 30 vilka
682 235 256 32 vederbörande
972 235 365 42 remissmyndigheter
1371 235 74 31 icke
1474 235 74 31 haft
1570 237 103 39 något
1696 238 51 28 att

242 279 123 30 erinra.
411 279 95 30 Aven
541 289 54 20 om
630 289 42 20 en
702 277 145 42 höjning
869 289 40 20 av
932 278 156 41 anslaget
1110 278 52 31 till
1185 279 39 30 28
1248 278 160 40 miljoner
1430 277 126 31 kronor
1579 279 43 39 på
1644 277 102 32 dessa

242 320 150 41 grunder
423 320 114 31 kunde
570 331 79 20 vara
672 321 198 36 motiverad,
894 331 101 20 anser
1015 320 58 41 jag
1095 320 69 40 mig
1186 319 193 32 emellertid
1402 331 40 20 av
1464 319 282 32 statsfinansiella

241 362 75 32 skäl
338 363 75 31 icke
436 363 114 30 kunna
573 362 137 31 förorda
733 364 111 29 större
867 362 127 42 belopp
1018 365 43 28 än
1087 363 38 30 12
1148 362 158 40 miljoner
1328 362 136 37 kronor,
1480 362 106 30 vilket
1601 362 145 31 innebär

242 416 41 19 en
307 405 130 41 ökning
459 405 11 30 i
493 405 212 31 förhållande
729 405 53 30 till
806 404 58 32 det
886 405 53 30 för
960 404 231 32 innevarande
1214 404 170 41 budgetår
1406 404 162 31 anvisade
1591 404 154 41 anslaget

243 447 77 31 med
343 448 19 30 3
385 447 158 40 miljoner
565 447 134 31 kronor.

301 522 164 33 Utskottet.
500 523 50 30 På
576 522 166 41 grundval
765 533 39 20 av
828 522 92 31 vissa
942 522 216 41 antaganden
1181 521 145 32 rörande
1349 521 396 41 investeringsverksam-

242 573 124 31 hetens
389 573 179 31 sannolika
590 573 196 41 utveckling
802 573 61 31 har
878 575 72 38 väg-
966 573 64 31 och
1046 572 468 41 vattenbyggnadsstyrelsen
1531 572 120 31 räknat
1666 571 78 32 med

242 625 50 30 att
326 623 43 32 de
397 624 106 31 totala
529 624 231 31 kostnaderna
783 624 52 31 för
858 623 42 32 de
923 623 366 41 anläggningsföretag,
1313 623 54 30 för
1388 622 91 31 vilka
1501 622 245 41 byggnadstill-

243 674 102 31 stånd
367 674 104 31 redan
494 674 160 41 beviljats
677 673 194 42 respektive
894 674 153 31 kommer
1069 677 50 28 att
1134 673 143 41 beviljas
1293 673 92 31 intill
1405 674 171 40 utgången
1593 684 39 20 av
1648 674 99 30 nästa

243 725 176 40 budgetår,
433 725 110 31 skulle
555 726 115 40 uppgå
683 725 52 31 till
758 725 11 30 i
782 726 80 30 runt
876 724 47 31 tal
931 725 41 30 90
982 724 160 41 miljoner
1150 724 134 36 kronor,
1295 723 232 32 innebärande
1537 725 49 29 ett
1596 723 150 41 bidrags-

242 775 113 31 behov
378 786 40 20 av
441 775 91 31 cirka
554 777 41 29 45
617 775 159 41 miljoner
799 775 135 31 kronor.
957 775 19 31 I
1000 774 153 42 enlighet
1174 774 142 31 härmed
1339 774 121 38 skulle,
1481 773 116 32 därest
1612 773 133 42 hänsyn

242 828 97 38 tages
373 826 52 31 till
458 826 52 31 för
536 826 194 31 ändamålet
752 825 106 31 redan
882 825 213 41 tillgängliga
1118 825 119 37 medel,
1261 825 53 31 för
1336 826 100 29 nästa
1458 824 169 41 budgetår
1648 825 99 30 rätte-

241 876 94 41 ligen
357 876 134 32 behöva
512 876 136 31 anvisas
672 878 49 29 ett
743 876 261 41 bidragsanslag
1027 887 40 20 av
1090 876 40 31 28
1153 875 158 41 miljoner
1326 875 136 31 kronor.
1487 874 52 31 Då
1555 874 191 32 emellertid

244 938 41 20 en
309 926 195 42 betydande
527 927 247 41 eftersläpning
796 926 12 31 i
831 927 92 40 fråga
946 937 55 20 om
1025 926 216 41 utbetalning
1264 937 39 20 av
1327 925 171 41 beviljade
1520 925 122 41 bidrag
1663 925 84 31 före-

242 978 164 38 kommer,
440 977 61 31 har
533 979 74 39 väg-
640 977 64 31 och
738 977 469 41 vattenbyggnadsstyrelsen
1234 976 116 31 funnit
1376 976 156 40 anslaget
1554 975 116 32 kunna
1692 975 53 32 be-

242 1029 142 38 gränsas
407 1028 54 31 till
486 1029 38 30 10
547 1028 158 40 miljoner
727 1028 136 37 kronor,
887 1027 117 31 varvid
1027 1028 181 30 förutsatts
1231 1029 50 29 att
1305 1027 168 40 styrelsen
1496 1027 91 40 finge
1610 1026 135 41 bemyn-

245 1078 148 41 digande
416 1080 50 29 att
488 1078 109 31 under
619 1078 202 41 budgetåret
846 1077 155 32 meddela
1016 1077 197 41 ytterligare
1228 1076 258 42 bidragsbeslut
1501 1077 52 31 för
1569 1076 180 31 enahanda

244 1129 137 41 belopp.
408 1129 221 31 Sistnämnda
651 1129 128 41 förslag
802 1128 61 31 har
885 1128 172 41 avstyrkts
1081 1139 39 20 av
1137 1127 388 42 departementschefen,
1543 1138 72 20 som
1633 1129 115 29 ansett

245 1179 53 41 sig
313 1179 84 32 böra
412 1179 137 31 förorda
564 1190 42 20 en
623 1178 323 42 anslagsanvisning
961 1190 40 19 av
1021 1179 36 30 12
1074 1178 158 41 miljoner
1247 1178 128 31 kronor
1390 1178 53 31 för
1458 1179 99 29 nästa
1569 1177 176 41 budgetår.

295 1230 18 31 I
329 1229 43 32 de
388 1230 88 31 båda
491 1229 217 42 likalydande
726 1229 215 32 motionerna
955 1229 31 31 I:
1001 1230 59 30 207
1079 1229 63 31 och
1158 1229 50 31 II:
1222 1229 61 31 282
1300 1230 90 29 samt
1404 1228 12 31 i
1432 1228 176 31 motionen
1621 1228 50 31 IT:
1688 1228 59 31 103

243 1281 43 30 ha
312 1281 202 31 framstillts
539 1280 175 41 yrkanden
743 1291 55 20 om
826 1291 42 20 en
891 1280 199 41 förhöjning
1112 1291 40 19 av
1174 1279 155 41 anslaget
1352 1279 53 30 till
1430 1280 37 30 18
1490 1278 193 42 respektive
1706 1279 41 31 20

244 1331 159 41 miljoner
425 1331 134 31 kronor.

298 1381 124 32 Såsom
445 1381 254 31 motionärerna
721 1380 196 35 framhållit,
941 1380 186 32 förefinnas
1150 1380 272 41 uppenbarligen
1447 1381 102 36 stora,
1566 1381 92 29 ännu
1673 1379 74 31 icke

244 1431 255 42 tillgodosedda
531 1431 113 32 behov
670 1443 40 19 av
737 1431 245 41 anläggningar
1012 1432 54 30 för
1091 1430 330 41 vattenförsörjning
1442 1430 64 31 och
1530 1430 134 40 avlopp.
1698 1429 50 31 På

244 1483 94 31 detta
370 1482 124 32 liksom
528 1484 44 39 på
605 1484 39 29 så
677 1484 121 39 många
825 1482 106 31 andra
953 1481 162 32 områden
1140 1481 61 31 har
1223 1481 66 31 den
1313 1480 107 31 sedan
1442 1480 83 31 flera
1547 1482 37 29 år
1606 1480 142 31 tillbaka

245 1533 223 41 nödtvungna
490 1532 505 41 investeringsbegränsningen
1021 1531 157 38 medfört,
1202 1533 50 29 att
1271 1533 50 29 ett
1336 1530 196 41 betydande
1548 1530 93 31 antal
1655 1530 12 31 i
1683 1530 64 31 och

244 1584 52 31 för
329 1583 54 42 sig
416 1583 188 42 angelägna
632 1583 131 41 företag
795 1583 73 31 tills
896 1582 115 32 vidare
1035 1584 89 29 måst
1146 1581 216 42 uppskjutas.
1401 1581 76 31 Den
1501 1581 246 41 eftersläpning

246 1645 74 21 som
345 1634 146 31 sålunda
513 1633 216 42 uppkommit
753 1633 98 32 torde
874 1632 192 32 emellertid
1082 1632 122 32 endast
1220 1632 190 32 successivt
1425 1632 116 30 kunna
1556 1631 104 31 hävas
1676 1631 71 31 allt-

244 1685 163 31 eftersom
441 1684 59 32 det
522 1684 171 31 allmänna
715 1684 91 41 läget
834 1684 194 31 förbättras.
1053 1683 142 31 Erinras
1218 1685 54 29 må
1295 1685 51 29 att
1368 1682 43 32 de
1433 1682 58 31 vid
1514 1682 169 41 ingången
1706 1693 40 20 av

243 1735 204 42 budgetåret
465 1735 136 31 1949/50
616 1735 145 41 alltjämt
777 1734 253 42 odisponerade
1046 1734 277 41 bidragsmedlen
1341 1733 175 42 uppgingo
1529 1733 52 31 till
1595 1732 100 42 drygt
1709 1733 37 30 17

245 1786 159 41 miljoner
429 1786 134 31 kronor.
591 1785 18 31 I
637 1785 221 32 förevarande
881 1785 59 31 fall
963 1785 108 41 gäller
1093 1785 115 40 frågan
1232 1784 146 31 sålunda
1401 1783 132 31 mindre
1556 1783 189 41 tillgången

242 1839 45 39 på
309 1836 112 31 medel
444 1839 41 28 än
509 1838 44 39 på
575 1836 153 31 materiel
753 1836 64 31 och
840 1835 215 32 arbetskraft.
1078 1835 144 41 Hänsyn
1240 1836 108 30 måste
1364 1835 11 30 i
1393 1834 93 31 detta
1503 1833 244 40 sammanhang

244 1889 84 29 även
352 1889 96 38 tagas
472 1886 51 31 till
545 1888 73 39 väg-
642 1886 63 31 och
728 1886 486 42 vattenbyggnadsstyrelsens
1237 1887 92 29 ännu
1352 1885 75 31 icke
1450 1884 72 31 helt
1552 1879 195 36 övervunna

244 1937 213 41 svårigheter
490 1939 50 29 att
562 1937 190 40 nedbringa
782 1936 67 32 den
872 1936 185 31 avsevärda
1080 1935 237 32 arbetsbalans
1341 1946 73 20 som
1438 1934 104 31 redan
1566 1934 182 41 föreligger

243 1989 11 29 i
279 1989 95 40 fråga
396 1999 55 20 om
474 1987 302 41 bidragsärenden.
800 1987 52 30 Av
875 1998 46 20 nu
946 1986 143 32 anförda
1112 1986 72 31 skäl
1207 1997 101 20 anser
1330 1985 54 41 sig
1399 1985 170 31 utskottet
1585 1984 83 32 böra
1683 1984 65 32 till-

243 2039 118 40 styrka
383 2038 125 41 Kungl.
525 2038 116 41 Maj:ts
657 2038 136 40 förslag,
811 2039 50 30 att
876 2037 222 31 förevarande
1114 2037 119 40 anslag
1248 2037 53 30 för
1317 2038 99 29 nästa
1431 2035 165 41 budgetår
1611 2035 137 31 anvisas

245 2089 78 31 med
346 2091 49 29 ett
417 2089 128 40 belopp
571 2100 41 19 av
638 2089 36 30 12
697 2088 160 41 miljoner
879 2088 135 31 kronor.
1039 2087 18 31 I
1079 2087 108 31 likhet
1209 2086 78 31 med
1310 2085 378 42 departementschefen
1711 2087 36 28 är

244 2140 172 31 utskottet
436 2139 124 41 jämväl
583 2139 11 31 i
617 2140 37 30 år
676 2150 40 20 av
739 2138 67 32 den
829 2138 276 41 uppfattningen,
1130 2139 49 30 att
1200 2139 74 39 väg-
1297 2136 65 32 och
1383 2135 364 42 vattenbyggnadssty-

245 2190 114 31 relsen
382 2189 74 32 icke
471 2189 64 32 bör
550 2189 129 31 erhålla
695 2188 275 42 bemyndigande
986 2191 50 29 att
1049 2188 157 31 meddela
1221 2187 259 40 bidragsbeslut
1495 2188 121 29 utöver
1630 2197 117 20 ramen

243 2241 53 31 för
320 2240 42 32 de
386 2241 53 30 för
461 2240 61 31 här
544 2240 255 41 ifrågavarande
822 2239 156 32 ändamål
1002 2239 142 32 faktiskt
1167 2238 213 41 tillgängliga
1402 2237 145 31 medlen.

295 2291 181 32 Utskottet
498 2290 208 38 hemställer,

565 2343 50 29 att
638 2341 182 40 riksdagen
844 2343 55 29 må
921 2360 41 3 —--
985 2340 78 32 med
1079 2340 97 32 bifall
1192 2339 52 32 till
1260 2339 128 41 Kungl.
1404 2338 117 41 Maj:ts
1537 2338 128 40 förslag
1682 2337 63 32 och

512 2392 77 31 med
617 2391 116 42 avslag
755 2393 19 29 å
797 2391 217 31 motionerna
1036 2391 27 31 I:
1076 2391 60 31 207
1161 2390 62 32 och
1247 2390 121 31 II:282
1392 2391 88 29 samt
1502 2388 47 32 II:
1563 2389 59 31 103
1637 2406 40 4 —
1694 2387 53 31 till

512 2442 129 40 Bidrag
654 2442 50 31 till
716 2441 243 41 anläggningar
963 2441 60 40 för
1034 2440 308 41 vattenförsörjning
1355 2439 54 32 och
1421 2439 113 40 avlopp
1546 2439 53 31 för
1607 2438 141 41 budget-

513 2494 72 29 året
610 2492 133 32 1950/51
769 2491 118 32 anvisa
909 2493 50 30 ett
981 2490 352 40 reservationsanslag
1348 2501 41 20 av
1408 2490 37 30 12
1457 2489 63 32 000
1531 2489 63 32 000
1609 2488 136 32 kronor.
