<?xml version="1.0" encoding="UTF-8"?>
<alto xmlns="http://www.loc.gov/standards/alto/ns-v3#" xmlns:xlink="http://www.w3.org/1999/xlink" xmlns:xsi="http://www.w3.org/2001/XMLSchema-instance" xsi:schemaLocation="http://www.loc.gov/standards/alto/ns-v3# http://www.loc.gov/alto/v3/alto-3-0.xsd">
	<Description>
		<MeasurementUnit>pixel</MeasurementUnit>
		<sourceImageInformation>
			<fileName>/tmp/tess_lyy5pwan_input.PNG</fileName>
		</sourceImageInformation>
		<OCRProcessing ID="OCR_0">
			<ocrProcessingStep>
				<processingSoftware>
					<softwareName>tesseract 5.3.0</softwareName>
				</processingSoftware>
			</ocrProcessingStep>
		</OCRProcessing>
	</Description>
	<Layout>
		<Page WIDTH="2253" HEIGHT="2667" PHYSICAL_IMG_NR="0" ID="page_0">
			<PrintSpace HPOS="0" VPOS="0" WIDTH="2253" HEIGHT="2667">
				<ComposedBlock ID="cblock_0" HPOS="437" VPOS="250" WIDTH="1086" HEIGHT="34">
					<TextBlock ID="block_0" HPOS="437" VPOS="250" WIDTH="1086" HEIGHT="34">
						<TextLine ID="line_0" HPOS="437" VPOS="250" WIDTH="1086" HEIGHT="34">
							<String ID="string_0" HPOS="437" VPOS="250" WIDTH="19" HEIGHT="31" WC="0.95" CONTENT="2"/><SP WIDTH="460" VPOS="250" HPOS="456"/>
							<String ID="string_1" HPOS="916" VPOS="251" WIDTH="253" HEIGHT="32" WC="0.88" CONTENT="Statsutskottets"/><SP WIDTH="21" VPOS="251" HPOS="1169"/>
							<String ID="string_2" HPOS="1190" VPOS="251" WIDTH="166" HEIGHT="32" WC="0.28" CONTENT="memorial"/><SP WIDTH="21" VPOS="251" HPOS="1356"/>
							<String ID="string_3" HPOS="1377" VPOS="252" WIDTH="53" HEIGHT="31" WC="0.94" CONTENT="Nr"/><SP WIDTH="21" VPOS="252" HPOS="1430"/>
							<String ID="string_4" HPOS="1451" VPOS="254" WIDTH="72" HEIGHT="30" WC="0.95" CONTENT="156."/>
						</TextLine>
					</TextBlock>
				</ComposedBlock>
				<ComposedBlock ID="cblock_1" HPOS="409" VPOS="336" WIDTH="1596" HEIGHT="580">
					<TextBlock ID="block_1" HPOS="413" VPOS="336" WIDTH="1591" HEIGHT="159">
						<TextLine ID="line_1" HPOS="516" VPOS="336" WIDTH="1488" HEIGHT="53">
							<String ID="string_5" HPOS="516" VPOS="336" WIDTH="17" HEIGHT="38" WC="0.96" CONTENT="I"/><SP WIDTH="41" VPOS="336" HPOS="533"/>
							<String ID="string_6" HPOS="574" VPOS="337" WIDTH="66" HEIGHT="37" WC="0.93" CONTENT="sitt"/><SP WIDTH="40" VPOS="337" HPOS="640"/>
							<String ID="string_7" HPOS="680" VPOS="337" WIDTH="248" HEIGHT="38" WC="0.91" CONTENT="förenämnda"/><SP WIDTH="40" VPOS="337" HPOS="928"/>
							<String ID="string_8" HPOS="968" VPOS="337" WIDTH="205" HEIGHT="50" WC="0.95" CONTENT="utlåtande,"/><SP WIDTH="39" VPOS="337" HPOS="1173"/>
							<String ID="string_9" HPOS="1212" VPOS="352" WIDTH="45" HEIGHT="24" WC="0.96" CONTENT="nr"/><SP WIDTH="30" VPOS="352" HPOS="1257"/>
							<String ID="string_10" HPOS="1287" VPOS="340" WIDTH="85" HEIGHT="49" WC="0.95" CONTENT="129,"/><SP WIDTH="29" VPOS="340" HPOS="1372"/>
							<String ID="string_11" HPOS="1401" VPOS="339" WIDTH="95" HEIGHT="38" WC="0.96" CONTENT="hade"/><SP WIDTH="28" VPOS="339" HPOS="1496"/>
							<String ID="string_12" HPOS="1524" VPOS="339" WIDTH="188" HEIGHT="38" WC="0.96" CONTENT="utskottet"/><SP WIDTH="26" VPOS="339" HPOS="1712"/>
							<String ID="string_13" HPOS="1738" VPOS="340" WIDTH="13" HEIGHT="37" WC="0.96" CONTENT="i"/><SP WIDTH="27" VPOS="340" HPOS="1751"/>
							<String ID="string_14" HPOS="1778" VPOS="354" WIDTH="51" HEIGHT="23" WC="0.92" CONTENT="nu"/><SP WIDTH="28" VPOS="354" HPOS="1829"/>
							<String ID="string_15" HPOS="1857" VPOS="341" WIDTH="147" HEIGHT="38" WC="0.92" CONTENT="föreva-"/>
						</TextLine>
						<TextLine ID="line_2" HPOS="414" VPOS="390" WIDTH="1590" HEIGHT="54">
							<String ID="string_16" HPOS="414" VPOS="390" WIDTH="118" HEIGHT="37" WC="0.95" CONTENT="rande"/><SP WIDTH="28" VPOS="390" HPOS="532"/>
							<String ID="string_17" HPOS="560" VPOS="390" WIDTH="111" HEIGHT="50" WC="0.93" CONTENT="fråga"/><SP WIDTH="28" VPOS="390" HPOS="671"/>
							<String ID="string_18" HPOS="699" VPOS="391" WIDTH="204" HEIGHT="48" WC="0.91" CONTENT="hemställt,"/><SP WIDTH="30" VPOS="391" HPOS="903"/>
							<String ID="string_19" HPOS="933" VPOS="396" WIDTH="54" HEIGHT="32" WC="0.96" CONTENT="att"/><SP WIDTH="27" VPOS="396" HPOS="987"/>
							<String ID="string_20" HPOS="1014" VPOS="391" WIDTH="222" HEIGHT="50" WC="0.96" CONTENT="Riksdagen"/><SP WIDTH="28" VPOS="391" HPOS="1236"/>
							<String ID="string_21" HPOS="1264" VPOS="395" WIDTH="115" HEIGHT="34" WC="0.96" CONTENT="måtte"/><SP WIDTH="29" VPOS="395" HPOS="1379"/>
							<String ID="string_22" HPOS="1408" VPOS="392" WIDTH="87" HEIGHT="37" WC="0.96" CONTENT="med"/><SP WIDTH="28" VPOS="392" HPOS="1495"/>
							<String ID="string_23" HPOS="1523" VPOS="393" WIDTH="136" HEIGHT="49" WC="0.93" CONTENT="avslag"/><SP WIDTH="27" VPOS="393" HPOS="1659"/>
							<String ID="string_24" HPOS="1686" VPOS="396" WIDTH="21" HEIGHT="34" WC="0.93" CONTENT="å"/><SP WIDTH="19" VPOS="396" HPOS="1707"/>
							<String ID="string_25" HPOS="1726" VPOS="393" WIDTH="87" HEIGHT="38" WC="0.93" CONTENT="herr"/><SP WIDTH="18" VPOS="393" HPOS="1813"/>
							<String ID="string_26" HPOS="1831" VPOS="394" WIDTH="173" HEIGHT="50" WC="0.92" CONTENT="Bogrens"/>
						</TextLine>
						<TextLine ID="line_3" HPOS="413" VPOS="443" WIDTH="1292" HEIGHT="52">
							<String ID="string_27" HPOS="413" VPOS="443" WIDTH="145" HEIGHT="37" WC="0.96" CONTENT="motion"/><SP WIDTH="28" VPOS="443" HPOS="558"/>
							<String ID="string_28" HPOS="586" VPOS="444" WIDTH="71" HEIGHT="36" WC="0.96" CONTENT="och"/><SP WIDTH="28" VPOS="444" HPOS="657"/>
							<String ID="string_29" HPOS="685" VPOS="444" WIDTH="85" HEIGHT="37" WC="0.95" CONTENT="med"/><SP WIDTH="29" VPOS="444" HPOS="770"/>
							<String ID="string_30" HPOS="799" VPOS="444" WIDTH="106" HEIGHT="37" WC="0.95" CONTENT="bifall"/><SP WIDTH="28" VPOS="444" HPOS="905"/>
							<String ID="string_31" HPOS="933" VPOS="444" WIDTH="57" HEIGHT="37" WC="0.96" CONTENT="till"/><SP WIDTH="27" VPOS="444" HPOS="990"/>
							<String ID="string_32" HPOS="1017" VPOS="444" WIDTH="139" HEIGHT="49" WC="0.94" CONTENT="Kungl."/><SP WIDTH="32" VPOS="444" HPOS="1156"/>
							<String ID="string_33" HPOS="1188" VPOS="445" WIDTH="126" HEIGHT="50" WC="0.96" CONTENT="Maj:ts"/><SP WIDTH="27" VPOS="445" HPOS="1314"/>
							<String ID="string_34" HPOS="1341" VPOS="445" WIDTH="157" HEIGHT="50" WC="0.93" CONTENT="förslag,"/><SP WIDTH="30" VPOS="445" HPOS="1498"/>
							<String ID="string_35" HPOS="1528" VPOS="446" WIDTH="177" HEIGHT="49" WC="0.91" CONTENT="medgiva"/>
						</TextLine>
					</TextBlock>
					<TextBlock ID="block_2" HPOS="412" VPOS="495" WIDTH="1592" HEIGHT="108">
						<TextLine ID="line_4" HPOS="516" VPOS="495" WIDTH="1488" HEIGHT="55">
							<String ID="string_36" HPOS="516" VPOS="501" WIDTH="54" HEIGHT="33" WC="0.93" CONTENT="att"/><SP WIDTH="28" VPOS="501" HPOS="570"/>
							<String ID="string_37" HPOS="598" VPOS="495" WIDTH="20" HEIGHT="52" WC="0.89" CONTENT="$"/><SP WIDTH="31" VPOS="495" HPOS="618"/>
							<String ID="string_38" HPOS="649" VPOS="498" WIDTH="19" HEIGHT="36" WC="0.86" CONTENT="9"/><SP WIDTH="31" VPOS="498" HPOS="668"/>
							<String ID="string_39" HPOS="699" VPOS="495" WIDTH="73" HEIGHT="51" WC="0.89" CONTENT="3:0)"/><SP WIDTH="30" VPOS="495" HPOS="772"/>
							<String ID="string_40" HPOS="802" VPOS="497" WIDTH="12" HEIGHT="37" WC="0.92" CONTENT="i"/><SP WIDTH="19" VPOS="497" HPOS="814"/>
							<String ID="string_41" HPOS="833" VPOS="497" WIDTH="454" HEIGHT="51" WC="0.89" CONTENT="avlöningsreglementet"/><SP WIDTH="19" VPOS="497" HPOS="1287"/>
							<String ID="string_42" HPOS="1306" VPOS="498" WIDTH="60" HEIGHT="38" WC="0.96" CONTENT="för"/><SP WIDTH="19" VPOS="498" HPOS="1366"/>
							<String ID="string_43" HPOS="1385" VPOS="499" WIDTH="231" HEIGHT="49" WC="0.96" CONTENT="tjänstemän"/><SP WIDTH="27" VPOS="499" HPOS="1616"/>
							<String ID="string_44" HPOS="1643" VPOS="498" WIDTH="64" HEIGHT="39" WC="0.96" CONTENT="vid"/><SP WIDTH="28" VPOS="498" HPOS="1707"/>
							<String ID="string_45" HPOS="1735" VPOS="504" WIDTH="146" HEIGHT="34" WC="0.93" CONTENT="statens"/><SP WIDTH="20" VPOS="504" HPOS="1881"/>
							<String ID="string_46" HPOS="1901" VPOS="500" WIDTH="103" HEIGHT="50" WC="0.91" CONTENT="järn-"/>
						</TextLine>
						<TextLine ID="line_5" HPOS="412" VPOS="550" WIDTH="1509" HEIGHT="53">
							<String ID="string_47" HPOS="412" VPOS="554" WIDTH="120" HEIGHT="46" WC="0.96" CONTENT="vägar"/><SP WIDTH="28" VPOS="554" HPOS="532"/>
							<String ID="string_48" HPOS="560" VPOS="550" WIDTH="73" HEIGHT="45" WC="0.96" CONTENT="den"/><SP WIDTH="30" VPOS="550" HPOS="633"/>
							<String ID="string_49" HPOS="663" VPOS="551" WIDTH="45" HEIGHT="35" WC="0.95" CONTENT="15"/><SP WIDTH="29" VPOS="551" HPOS="708"/>
							<String ID="string_50" HPOS="737" VPOS="551" WIDTH="207" HEIGHT="37" WC="0.96" CONTENT="november"/><SP WIDTH="30" VPOS="551" HPOS="944"/>
							<String ID="string_51" HPOS="974" VPOS="552" WIDTH="96" HEIGHT="36" WC="0.95" CONTENT="1907"/><SP WIDTH="30" VPOS="552" HPOS="1070"/>
							<String ID="string_52" HPOS="1100" VPOS="554" WIDTH="59" HEIGHT="34" WC="0.95" CONTENT="må"/><SP WIDTH="28" VPOS="554" HPOS="1159"/>
							<String ID="string_53" HPOS="1187" VPOS="551" WIDTH="142" HEIGHT="38" WC="0.96" CONTENT="erhålla"/><SP WIDTH="33" VPOS="551" HPOS="1329"/>
							<String ID="string_54" HPOS="1362" VPOS="551" WIDTH="166" HEIGHT="51" WC="0.95" CONTENT="följande"/><SP WIDTH="37" VPOS="551" HPOS="1528"/>
							<String ID="string_55" HPOS="1565" VPOS="552" WIDTH="165" HEIGHT="38" WC="0.96" CONTENT="ändrade"/><SP WIDTH="28" VPOS="552" HPOS="1730"/>
							<String ID="string_56" HPOS="1758" VPOS="552" WIDTH="163" HEIGHT="51" WC="0.96" CONTENT="lydelse:"/>
						</TextLine>
					</TextBlock>
					<TextBlock ID="block_3" HPOS="409" VPOS="602" WIDTH="1596" HEIGHT="314">
						<TextLine ID="line_6" HPOS="517" VPOS="602" WIDTH="1488" HEIGHT="55">
							<String ID="string_57" HPOS="517" VPOS="602" WIDTH="73" HEIGHT="51" WC="0.65" CONTENT="3:0)"/><SP WIDTH="41" VPOS="602" HPOS="590"/>
							<String ID="string_58" HPOS="631" VPOS="603" WIDTH="244" HEIGHT="50" WC="0.96" CONTENT="Tjänstemän"/><SP WIDTH="41" VPOS="603" HPOS="875"/>
							<String ID="string_59" HPOS="916" VPOS="604" WIDTH="64" HEIGHT="37" WC="0.91" CONTENT="vid"/><SP WIDTH="42" VPOS="604" HPOS="980"/>
							<String ID="string_60" HPOS="1022" VPOS="604" WIDTH="214" HEIGHT="50" WC="0.96" CONTENT="distrikten,"/><SP WIDTH="41" VPOS="604" HPOS="1236"/>
							<String ID="string_61" HPOS="1277" VPOS="605" WIDTH="102" HEIGHT="37" WC="0.96" CONTENT="vilka"/><SP WIDTH="37" VPOS="605" HPOS="1379"/>
							<String ID="string_62" HPOS="1416" VPOS="606" WIDTH="32" HEIGHT="49" WC="0.96" CONTENT="ej"/><SP WIDTH="31" VPOS="606" HPOS="1448"/>
							<String ID="string_63" HPOS="1479" VPOS="606" WIDTH="146" HEIGHT="50" WC="0.94" CONTENT="åtnjuta"/><SP WIDTH="29" VPOS="606" HPOS="1625"/>
							<String ID="string_64" HPOS="1654" VPOS="605" WIDTH="46" HEIGHT="37" WC="0.96" CONTENT="fri"/><SP WIDTH="41" VPOS="605" HPOS="1700"/>
							<String ID="string_65" HPOS="1741" VPOS="606" WIDTH="148" HEIGHT="49" WC="0.96" CONTENT="bostad,"/><SP WIDTH="43" VPOS="606" HPOS="1889"/>
							<String ID="string_66" HPOS="1932" VPOS="612" WIDTH="73" HEIGHT="45" WC="0.96" CONTENT="äga"/>
						</TextLine>
						<TextLine ID="line_7" HPOS="411" VPOS="656" WIDTH="1594" HEIGHT="52">
							<String ID="string_67" HPOS="411" VPOS="656" WIDTH="171" HEIGHT="50" WC="0.91" CONTENT="uppbära"/><SP WIDTH="40" VPOS="656" HPOS="582"/>
							<String ID="string_68" HPOS="622" VPOS="657" WIDTH="216" HEIGHT="49" WC="0.90" CONTENT="ergättning"/><SP WIDTH="41" VPOS="657" HPOS="838"/>
							<String ID="string_69" HPOS="879" VPOS="657" WIDTH="59" HEIGHT="37" WC="0.96" CONTENT="för"/><SP WIDTH="40" VPOS="657" HPOS="938"/>
							<String ID="string_70" HPOS="978" VPOS="657" WIDTH="134" HEIGHT="38" WC="0.96" CONTENT="bostad"/><SP WIDTH="38" VPOS="657" HPOS="1112"/>
							<String ID="string_71" HPOS="1150" VPOS="658" WIDTH="71" HEIGHT="37" WC="0.96" CONTENT="och"/><SP WIDTH="40" VPOS="658" HPOS="1221"/>
							<String ID="string_72" HPOS="1261" VPOS="658" WIDTH="152" HEIGHT="38" WC="0.96" CONTENT="bränsle"/><SP WIDTH="36" VPOS="658" HPOS="1413"/>
							<String ID="string_73" HPOS="1449" VPOS="659" WIDTH="87" HEIGHT="37" WC="0.95" CONTENT="med"/><SP WIDTH="28" VPOS="659" HPOS="1536"/>
							<String ID="string_74" HPOS="1564" VPOS="660" WIDTH="60" HEIGHT="47" WC="0.95" CONTENT="20,"/><SP WIDTH="31" VPOS="660" HPOS="1624"/>
							<String ID="string_75" HPOS="1655" VPOS="659" WIDTH="59" HEIGHT="48" WC="0.96" CONTENT="25,"/><SP WIDTH="31" VPOS="659" HPOS="1714"/>
							<String ID="string_76" HPOS="1745" VPOS="660" WIDTH="59" HEIGHT="48" WC="0.96" CONTENT="30,"/><SP WIDTH="31" VPOS="660" HPOS="1804"/>
							<String ID="string_77" HPOS="1835" VPOS="661" WIDTH="47" HEIGHT="36" WC="0.95" CONTENT="35"/><SP WIDTH="31" VPOS="661" HPOS="1882"/>
							<String ID="string_78" HPOS="1913" VPOS="659" WIDTH="92" HEIGHT="38" WC="0.96" CONTENT="eller"/>
						</TextLine>
						<TextLine ID="line_8" HPOS="410" VPOS="709" WIDTH="1592" HEIGHT="52">
							<String ID="string_79" HPOS="410" VPOS="711" WIDTH="49" HEIGHT="34" WC="0.96" CONTENT="40"/><SP WIDTH="29" VPOS="711" HPOS="459"/>
							<String ID="string_80" HPOS="488" VPOS="714" WIDTH="157" HEIGHT="44" WC="0.96" CONTENT="procent"/><SP WIDTH="28" VPOS="714" HPOS="645"/>
							<String ID="string_81" HPOS="673" VPOS="723" WIDTH="45" HEIGHT="22" WC="0.96" CONTENT="av"/><SP WIDTH="25" VPOS="723" HPOS="718"/>
							<String ID="string_82" HPOS="743" VPOS="709" WIDTH="158" HEIGHT="37" WC="0.96" CONTENT="arvodet"/><SP WIDTH="27" VPOS="709" HPOS="901"/>
							<String ID="string_83" HPOS="928" VPOS="710" WIDTH="66" HEIGHT="36" WC="0.95" CONTENT="allt"/><SP WIDTH="20" VPOS="710" HPOS="994"/>
							<String ID="string_84" HPOS="1014" VPOS="710" WIDTH="96" HEIGHT="37" WC="0.96" CONTENT="efter"/><SP WIDTH="28" VPOS="710" HPOS="1110"/>
							<String ID="string_85" HPOS="1138" VPOS="710" WIDTH="72" HEIGHT="37" WC="0.96" CONTENT="den"/><SP WIDTH="21" VPOS="710" HPOS="1210"/>
							<String ID="string_86" HPOS="1231" VPOS="715" WIDTH="71" HEIGHT="44" WC="0.96" CONTENT="ort,"/><SP WIDTH="39" VPOS="715" HPOS="1302"/>
							<String ID="string_87" HPOS="1341" VPOS="711" WIDTH="67" HEIGHT="36" WC="0.96" CONTENT="där"/><SP WIDTH="26" VPOS="711" HPOS="1408"/>
							<String ID="string_88" HPOS="1434" VPOS="711" WIDTH="284" HEIGHT="37" WC="0.96" CONTENT="vederbörande"/><SP WIDTH="28" VPOS="711" HPOS="1718"/>
							<String ID="string_89" HPOS="1746" VPOS="716" WIDTH="42" HEIGHT="31" WC="0.96" CONTENT="är"/><SP WIDTH="27" VPOS="716" HPOS="1788"/>
							<String ID="string_90" HPOS="1815" VPOS="712" WIDTH="187" HEIGHT="49" WC="0.96" CONTENT="placerad,"/>
						</TextLine>
						<TextLine ID="line_9" HPOS="409" VPOS="760" WIDTH="1594" HEIGHT="53">
							<String ID="string_91" HPOS="409" VPOS="760" WIDTH="14" HEIGHT="37" WC="0.95" CONTENT="i"/><SP WIDTH="28" VPOS="760" HPOS="423"/>
							<String ID="string_92" HPOS="451" VPOS="760" WIDTH="171" HEIGHT="51" WC="0.96" CONTENT="enlighet"/><SP WIDTH="49" VPOS="760" HPOS="622"/>
							<String ID="string_93" HPOS="671" VPOS="761" WIDTH="86" HEIGHT="38" WC="0.96" CONTENT="med"/><SP WIDTH="45" VPOS="761" HPOS="757"/>
							<String ID="string_94" HPOS="802" VPOS="761" WIDTH="45" HEIGHT="38" WC="0.96" CONTENT="de"/><SP WIDTH="37" VPOS="761" HPOS="847"/>
							<String ID="string_95" HPOS="884" VPOS="763" WIDTH="177" HEIGHT="49" WC="0.96" CONTENT="grunder,"/><SP WIDTH="44" VPOS="763" HPOS="1061"/>
							<String ID="string_96" HPOS="1105" VPOS="776" WIDTH="80" HEIGHT="23" WC="0.95" CONTENT="som"/><SP WIDTH="41" VPOS="776" HPOS="1185"/>
							<String ID="string_97" HPOS="1226" VPOS="776" WIDTH="47" HEIGHT="24" WC="0.96" CONTENT="av"/><SP WIDTH="40" VPOS="776" HPOS="1273"/>
							<String ID="string_98" HPOS="1313" VPOS="762" WIDTH="142" HEIGHT="50" WC="0.96" CONTENT="Kungl."/><SP WIDTH="42" VPOS="762" HPOS="1455"/>
							<String ID="string_99" HPOS="1497" VPOS="763" WIDTH="107" HEIGHT="50" WC="0.96" CONTENT="Maj:t"/><SP WIDTH="27" VPOS="763" HPOS="1604"/>
							<String ID="string_100" HPOS="1631" VPOS="763" WIDTH="243" HEIGHT="47" WC="0.96" CONTENT="bestämmas;"/><SP WIDTH="30" VPOS="763" HPOS="1874"/>
							<String ID="string_101" HPOS="1904" VPOS="764" WIDTH="99" HEIGHT="38" WC="0.96" CONTENT="dock"/>
						</TextLine>
						<TextLine ID="line_10" HPOS="411" VPOS="814" WIDTH="1592" HEIGHT="52">
							<String ID="string_102" HPOS="411" VPOS="814" WIDTH="87" HEIGHT="37" WC="0.96" CONTENT="med"/><SP WIDTH="27" VPOS="814" HPOS="498"/>
							<String ID="string_103" HPOS="525" VPOS="814" WIDTH="247" HEIGHT="50" WC="0.95" CONTENT="iakttagande"/><SP WIDTH="29" VPOS="814" HPOS="772"/>
							<String ID="string_104" HPOS="801" VPOS="815" WIDTH="127" HEIGHT="48" WC="0.96" CONTENT="därav,"/><SP WIDTH="26" VPOS="815" HPOS="928"/>
							<String ID="string_105" HPOS="954" VPOS="820" WIDTH="55" HEIGHT="32" WC="0.96" CONTENT="att"/><SP WIDTH="19" VPOS="820" HPOS="1009"/>
							<String ID="string_106" HPOS="1028" VPOS="816" WIDTH="179" HEIGHT="49" WC="0.96" CONTENT="beloppet"/><SP WIDTH="28" VPOS="816" HPOS="1207"/>
							<String ID="string_107" HPOS="1235" VPOS="830" WIDTH="46" HEIGHT="23" WC="0.96" CONTENT="av"/><SP WIDTH="27" VPOS="830" HPOS="1281"/>
							<String ID="string_108" HPOS="1308" VPOS="817" WIDTH="164" HEIGHT="37" WC="0.96" CONTENT="nämnda"/><SP WIDTH="29" VPOS="817" HPOS="1472"/>
							<String ID="string_109" HPOS="1501" VPOS="816" WIDTH="214" HEIGHT="50" WC="0.95" CONTENT="ersättning"/><SP WIDTH="28" VPOS="816" HPOS="1715"/>
							<String ID="string_110" HPOS="1743" VPOS="817" WIDTH="33" HEIGHT="49" WC="0.96" CONTENT="ej"/><SP WIDTH="30" VPOS="817" HPOS="1776"/>
							<String ID="string_111" HPOS="1806" VPOS="821" WIDTH="61" HEIGHT="33" WC="0.93" CONTENT="må"/><SP WIDTH="29" VPOS="821" HPOS="1867"/>
							<String ID="string_112" HPOS="1896" VPOS="823" WIDTH="107" HEIGHT="31" WC="0.89" CONTENT="över-"/>
						</TextLine>
						<TextLine ID="line_11" HPOS="411" VPOS="866" WIDTH="115" HEIGHT="50">
							<String ID="string_113" HPOS="411" VPOS="866" WIDTH="115" HEIGHT="50" WC="0.95" CONTENT="stiga:"/>
						</TextLine>
					</TextBlock>
				</ComposedBlock>
				<ComposedBlock ID="cblock_2" HPOS="514" VPOS="953" WIDTH="1090" HEIGHT="52">
					<TextBlock ID="block_4" HPOS="514" VPOS="953" WIDTH="1090" HEIGHT="52">
						<TextLine ID="line_12" HPOS="514" VPOS="953" WIDTH="1090" HEIGHT="52">
							<String ID="string_114" HPOS="514" VPOS="953" WIDTH="34" HEIGHT="50" WC="0.89" CONTENT="a)"/><SP WIDTH="30" VPOS="953" HPOS="548"/>
							<String ID="string_115" HPOS="578" VPOS="956" WIDTH="24" HEIGHT="35" WC="0.58" CONTENT="d"/><SP WIDTH="25" VPOS="956" HPOS="602"/>
							<String ID="string_116" HPOS="627" VPOS="957" WIDTH="140" HEIGHT="46" WC="0.95" CONTENT="station,"/><SP WIDTH="30" VPOS="957" HPOS="767"/>
							<String ID="string_117" HPOS="797" VPOS="956" WIDTH="69" HEIGHT="35" WC="0.96" CONTENT="där"/><SP WIDTH="28" VPOS="956" HPOS="866"/>
							<String ID="string_118" HPOS="894" VPOS="957" WIDTH="234" HEIGHT="48" WC="0.95" CONTENT="ersättningen"/><SP WIDTH="28" VPOS="957" HPOS="1128"/>
							<String ID="string_119" HPOS="1156" VPOS="957" WIDTH="105" HEIGHT="48" WC="0.96" CONTENT="utgår"/><SP WIDTH="19" VPOS="957" HPOS="1261"/>
							<String ID="string_120" HPOS="1280" VPOS="957" WIDTH="78" HEIGHT="35" WC="0.96" CONTENT="med"/><SP WIDTH="18" VPOS="957" HPOS="1358"/>
							<String ID="string_121" HPOS="1376" VPOS="957" WIDTH="51" HEIGHT="35" WC="0.96" CONTENT="40"/><SP WIDTH="12" VPOS="957" HPOS="1427"/>
							<String ID="string_122" HPOS="1439" VPOS="964" WIDTH="165" HEIGHT="41" WC="0.96" CONTENT="procent:"/>
						</TextLine>
					</TextBlock>
				</ComposedBlock>
				<ComposedBlock ID="cblock_3" HPOS="411" VPOS="1023" WIDTH="1585" HEIGHT="314">
					<TextBlock ID="block_5" HPOS="411" VPOS="1023" WIDTH="1585" HEIGHT="314">
						<TextLine ID="line_13" HPOS="411" VPOS="1023" WIDTH="1573" HEIGHT="53">
							<String ID="string_123" HPOS="411" VPOS="1023" WIDTH="59" HEIGHT="38" WC="0.96" CONTENT="för"/><SP WIDTH="26" VPOS="1023" HPOS="470"/>
							<String ID="string_124" HPOS="496" VPOS="1023" WIDTH="242" HEIGHT="50" WC="0.95" CONTENT="tjänsteman,"/><SP WIDTH="30" VPOS="1023" HPOS="738"/>
							<String ID="string_125" HPOS="768" VPOS="1038" WIDTH="82" HEIGHT="24" WC="0.96" CONTENT="som"/><SP WIDTH="27" VPOS="1038" HPOS="850"/>
							<String ID="string_126" HPOS="877" VPOS="1025" WIDTH="76" HEIGHT="37" WC="0.96" CONTENT="kan"/><SP WIDTH="28" VPOS="1025" HPOS="953"/>
							<String ID="string_127" HPOS="981" VPOS="1024" WIDTH="142" HEIGHT="39" WC="0.96" CONTENT="erhålla"/><SP WIDTH="31" VPOS="1024" HPOS="1123"/>
							<String ID="string_128" HPOS="1154" VPOS="1027" WIDTH="18" HEIGHT="34" WC="0.96" CONTENT="7"/><SP WIDTH="29" VPOS="1027" HPOS="1172"/>
							<String ID="string_129" HPOS="1201" VPOS="1039" WIDTH="81" HEIGHT="23" WC="0.96" CONTENT="rum"/><SP WIDTH="30" VPOS="1039" HPOS="1282"/>
							<String ID="string_130" HPOS="1312" VPOS="1026" WIDTH="70" HEIGHT="37" WC="0.96" CONTENT="och"/><SP WIDTH="27" VPOS="1026" HPOS="1382"/>
							<String ID="string_131" HPOS="1409" VPOS="1026" WIDTH="76" HEIGHT="37" WC="0.91" CONTENT="kök"/><SP WIDTH="39" VPOS="1026" HPOS="1485"/>
							<String ID="string_132" HPOS="1524" VPOS="1058" WIDTH="232" HEIGHT="5" WC="0.0" CONTENT="ss..."/><SP WIDTH="30" VPOS="1058" HPOS="1756"/>
							<String ID="string_133" HPOS="1786" VPOS="1027" WIDTH="54" HEIGHT="36" WC="0.92" CONTENT="kr."/><SP WIDTH="32" VPOS="1027" HPOS="1840"/>
							<String ID="string_134" HPOS="1872" VPOS="1029" WIDTH="112" HEIGHT="47" WC="0.91" CONTENT="2,000"/>
						</TextLine>
						<TextLine ID="line_14" HPOS="426" VPOS="1080" WIDTH="1557" HEIGHT="48">
							<String ID="string_135" HPOS="426" VPOS="1089" WIDTH="17" HEIGHT="23" WC="0.92" CONTENT="»"/><SP WIDTH="170" VPOS="1089" HPOS="443"/>
							<String ID="string_136" HPOS="613" VPOS="1090" WIDTH="18" HEIGHT="23" WC="0.92" CONTENT="»"/><SP WIDTH="169" VPOS="1090" HPOS="631"/>
							<String ID="string_137" HPOS="800" VPOS="1090" WIDTH="18" HEIGHT="23" WC="0.64" CONTENT="»"/><SP WIDTH="80" VPOS="1090" HPOS="818"/>
							<String ID="string_138" HPOS="898" VPOS="1091" WIDTH="17" HEIGHT="23" WC="0.68" CONTENT="»"/><SP WIDTH="141" VPOS="1091" HPOS="915"/>
							<String ID="string_139" HPOS="1056" VPOS="1090" WIDTH="17" HEIGHT="24" WC="0.2" CONTENT="3"/><SP WIDTH="82" VPOS="1090" HPOS="1073"/>
							<String ID="string_140" HPOS="1155" VPOS="1080" WIDTH="20" HEIGHT="34" WC="0.83" CONTENT="Ö"/><SP WIDTH="55" VPOS="1080" HPOS="1175"/>
							<String ID="string_141" HPOS="1230" VPOS="1091" WIDTH="17" HEIGHT="23" WC="0.46" CONTENT="5"/><SP WIDTH="89" VPOS="1091" HPOS="1247"/>
							<String ID="string_142" HPOS="1336" VPOS="1091" WIDTH="17" HEIGHT="23" WC="0.35" CONTENT="MM"/><SP WIDTH="85" VPOS="1091" HPOS="1353"/>
							<String ID="string_143" HPOS="1438" VPOS="1091" WIDTH="18" HEIGHT="23" WC="0.34" CONTENT="Mo"/><SP WIDTH="71" VPOS="1091" HPOS="1456"/>
							<String ID="string_144" HPOS="1527" VPOS="1111" WIDTH="231" HEIGHT="5" WC="0.0" CONTENT="nsnanöddn"/><SP WIDTH="48" VPOS="1111" HPOS="1758"/>
							<String ID="string_145" HPOS="1806" VPOS="1092" WIDTH="18" HEIGHT="23" WC="0.0" CONTENT="&gt;»."/><SP WIDTH="48" VPOS="1092" HPOS="1824"/>
							<String ID="string_146" HPOS="1872" VPOS="1082" WIDTH="111" HEIGHT="46" WC="0.58" CONTENT="1,800"/>
						</TextLine>
						<TextLine ID="line_15" HPOS="426" VPOS="1132" WIDTH="1556" HEIGHT="49">
							<String ID="string_147" HPOS="426" VPOS="1141" WIDTH="17" HEIGHT="24" WC="0.90" CONTENT="»"/><SP WIDTH="170" VPOS="1141" HPOS="443"/>
							<String ID="string_148" HPOS="613" VPOS="1142" WIDTH="18" HEIGHT="23" WC="0.90" CONTENT="»"/><SP WIDTH="170" VPOS="1142" HPOS="631"/>
							<String ID="string_149" HPOS="801" VPOS="1145" WIDTH="15" HEIGHT="19" WC="0.57" CONTENT="»"/><SP WIDTH="81" VPOS="1145" HPOS="816"/>
							<String ID="string_150" HPOS="897" VPOS="1143" WIDTH="17" HEIGHT="23" WC="0.57" CONTENT="»"/><SP WIDTH="141" VPOS="1143" HPOS="914"/>
							<String ID="string_151" HPOS="1055" VPOS="1132" WIDTH="703" HEIGHT="36" WC="0.16" CONTENT="pr"/><SP WIDTH="47" VPOS="1132" HPOS="1758"/>
							<String ID="string_152" HPOS="1805" VPOS="1144" WIDTH="17" HEIGHT="24" WC="0.71" CONTENT="»"/><SP WIDTH="49" VPOS="1144" HPOS="1822"/>
							<String ID="string_153" HPOS="1871" VPOS="1134" WIDTH="111" HEIGHT="47" WC="0.71" CONTENT="1,500"/>
						</TextLine>
						<TextLine ID="line_16" HPOS="425" VPOS="1185" WIDTH="1557" HEIGHT="48">
							<String ID="string_154" HPOS="425" VPOS="1193" WIDTH="18" HEIGHT="23" WC="0.91" CONTENT="»"/><SP WIDTH="170" VPOS="1193" HPOS="443"/>
							<String ID="string_155" HPOS="613" VPOS="1194" WIDTH="17" HEIGHT="23" WC="0.92" CONTENT="»"/><SP WIDTH="174" VPOS="1194" HPOS="630"/>
							<String ID="string_156" HPOS="804" VPOS="1195" WIDTH="17" HEIGHT="22" WC="0.87" CONTENT="»"/><SP WIDTH="80" VPOS="1195" HPOS="821"/>
							<String ID="string_157" HPOS="901" VPOS="1194" WIDTH="18" HEIGHT="24" WC="0.31" CONTENT="oo»"/><SP WIDTH="138" VPOS="1194" HPOS="919"/>
							<String ID="string_158" HPOS="1057" VPOS="1194" WIDTH="18" HEIGHT="23" WC="0.13" CONTENT="ro"/><SP WIDTH="79" VPOS="1194" HPOS="1075"/>
							<String ID="string_159" HPOS="1154" VPOS="1185" WIDTH="24" HEIGHT="34" WC="0.58" CONTENT="ob"/><SP WIDTH="54" VPOS="1185" HPOS="1178"/>
							<String ID="string_160" HPOS="1232" VPOS="1195" WIDTH="17" HEIGHT="23" WC="0.22" CONTENT="BB"/><SP WIDTH="89" VPOS="1195" HPOS="1249"/>
							<String ID="string_161" HPOS="1338" VPOS="1195" WIDTH="17" HEIGHT="23" WC="0.32" CONTENT="MR"/><SP WIDTH="84" VPOS="1195" HPOS="1355"/>
							<String ID="string_162" HPOS="1439" VPOS="1196" WIDTH="17" HEIGHT="22" WC="0.31" CONTENT="Moo"/><SP WIDTH="70" VPOS="1196" HPOS="1456"/>
							<String ID="string_163" HPOS="1526" VPOS="1215" WIDTH="232" HEIGHT="4" WC="0.8" CONTENT="mindes"/><SP WIDTH="48" VPOS="1215" HPOS="1758"/>
							<String ID="string_164" HPOS="1806" VPOS="1197" WIDTH="17" HEIGHT="22" WC="0.86" CONTENT="»"/><SP WIDTH="49" VPOS="1197" HPOS="1823"/>
							<String ID="string_165" HPOS="1872" VPOS="1187" WIDTH="110" HEIGHT="46" WC="0.88" CONTENT="1,100"/>
						</TextLine>
						<TextLine ID="line_17" HPOS="425" VPOS="1238" WIDTH="1556" HEIGHT="36">
							<String ID="string_166" HPOS="425" VPOS="1246" WIDTH="18" HEIGHT="23" WC="0.92" CONTENT="»"/><SP WIDTH="170" VPOS="1246" HPOS="443"/>
							<String ID="string_167" HPOS="613" VPOS="1247" WIDTH="18" HEIGHT="23" WC="0.92" CONTENT="»"/><SP WIDTH="170" VPOS="1247" HPOS="631"/>
							<String ID="string_168" HPOS="801" VPOS="1247" WIDTH="17" HEIGHT="23" WC="0.77" CONTENT="»"/><SP WIDTH="80" VPOS="1247" HPOS="818"/>
							<String ID="string_169" HPOS="898" VPOS="1247" WIDTH="18" HEIGHT="24" WC="0.15" CONTENT="oo»"/><SP WIDTH="140" VPOS="1247" HPOS="916"/>
							<String ID="string_170" HPOS="1056" VPOS="1238" WIDTH="120" HEIGHT="34" WC="0.28" CONTENT="PE"/><SP WIDTH="629" VPOS="1238" HPOS="1176"/>
							<String ID="string_171" HPOS="1805" VPOS="1249" WIDTH="16" HEIGHT="23" WC="0.86" CONTENT="»"/><SP WIDTH="87" VPOS="1249" HPOS="1821"/>
							<String ID="string_172" HPOS="1908" VPOS="1238" WIDTH="73" HEIGHT="36" WC="0.54" CONTENT="850"/>
						</TextLine>
						<TextLine ID="line_18" HPOS="424" VPOS="1290" WIDTH="1572" HEIGHT="47">
							<String ID="string_173" HPOS="424" VPOS="1298" WIDTH="17" HEIGHT="24" WC="0.91" CONTENT="»"/><SP WIDTH="171" VPOS="1298" HPOS="441"/>
							<String ID="string_174" HPOS="612" VPOS="1299" WIDTH="18" HEIGHT="24" WC="0.92" CONTENT="»"/><SP WIDTH="170" VPOS="1299" HPOS="630"/>
							<String ID="string_175" HPOS="800" VPOS="1299" WIDTH="17" HEIGHT="24" WC="0.83" CONTENT="»"/><SP WIDTH="81" VPOS="1299" HPOS="817"/>
							<String ID="string_176" HPOS="898" VPOS="1300" WIDTH="17" HEIGHT="24" WC="0.4" CONTENT="oo»"/><SP WIDTH="141" VPOS="1300" HPOS="915"/>
							<String ID="string_177" HPOS="1056" VPOS="1300" WIDTH="17" HEIGHT="23" WC="0.16" CONTENT="0"/><SP WIDTH="733" VPOS="1300" HPOS="1073"/>
							<String ID="string_178" HPOS="1806" VPOS="1302" WIDTH="17" HEIGHT="23" WC="0.87" CONTENT="»"/><SP WIDTH="88" VPOS="1302" HPOS="1823"/>
							<String ID="string_179" HPOS="1911" VPOS="1291" WIDTH="85" HEIGHT="46" WC="0.66" CONTENT="650,"/>
						</TextLine>
					</TextBlock>
				</ComposedBlock>
				<ComposedBlock ID="cblock_4" HPOS="405" VPOS="1373" WIDTH="1594" HEIGHT="197">
					<TextBlock ID="block_6" HPOS="405" VPOS="1373" WIDTH="1594" HEIGHT="197">
						<TextLine ID="line_19" HPOS="407" VPOS="1373" WIDTH="1592" HEIGHT="53">
							<String ID="string_180" HPOS="407" VPOS="1373" WIDTH="182" HEIGHT="37" WC="0.92" CONTENT="skolande"/><SP WIDTH="34" VPOS="1373" HPOS="589"/>
							<String ID="string_181" HPOS="623" VPOS="1374" WIDTH="98" HEIGHT="37" WC="0.96" CONTENT="dock"/><SP WIDTH="19" VPOS="1374" HPOS="721"/>
							<String ID="string_182" HPOS="740" VPOS="1375" WIDTH="59" HEIGHT="36" WC="0.96" CONTENT="för"/><SP WIDTH="18" VPOS="1375" HPOS="799"/>
							<String ID="string_183" HPOS="817" VPOS="1374" WIDTH="175" HEIGHT="50" WC="0.93" CONTENT="kvinnlig"/><SP WIDTH="17" VPOS="1374" HPOS="992"/>
							<String ID="string_184" HPOS="1009" VPOS="1374" WIDTH="345" HEIGHT="50" WC="0.90" CONTENT="kontorsskrivare,"/><SP WIDTH="22" VPOS="1374" HPOS="1354"/>
							<String ID="string_185" HPOS="1376" VPOS="1375" WIDTH="137" HEIGHT="49" WC="0.90" CONTENT="eldare,"/><SP WIDTH="16" VPOS="1375" HPOS="1513"/>
							<String ID="string_186" HPOS="1529" VPOS="1376" WIDTH="180" HEIGHT="50" WC="0.92" CONTENT="portvakt"/><SP WIDTH="18" VPOS="1376" HPOS="1709"/>
							<String ID="string_187" HPOS="1727" VPOS="1376" WIDTH="64" HEIGHT="37" WC="0.96" CONTENT="vid"/><SP WIDTH="14" VPOS="1376" HPOS="1791"/>
							<String ID="string_188" HPOS="1805" VPOS="1377" WIDTH="194" HEIGHT="46" WC="0.96" CONTENT="verkstad,"/>
						</TextLine>
						<TextLine ID="line_20" HPOS="407" VPOS="1426" WIDTH="1592" HEIGHT="53">
							<String ID="string_189" HPOS="407" VPOS="1426" WIDTH="166" HEIGHT="37" WC="0.91" CONTENT="maskin-"/><SP WIDTH="42" VPOS="1426" HPOS="573"/>
							<String ID="string_190" HPOS="615" VPOS="1426" WIDTH="70" HEIGHT="38" WC="0.93" CONTENT="och"/><SP WIDTH="41" VPOS="1426" HPOS="685"/>
							<String ID="string_191" HPOS="726" VPOS="1427" WIDTH="266" HEIGHT="50" WC="0.91" CONTENT="pannskötare,"/><SP WIDTH="33" VPOS="1427" HPOS="992"/>
							<String ID="string_192" HPOS="1025" VPOS="1428" WIDTH="257" HEIGHT="49" WC="0.91" CONTENT="vagnskötare"/><SP WIDTH="29" VPOS="1428" HPOS="1282"/>
							<String ID="string_193" HPOS="1311" VPOS="1433" WIDTH="97" HEIGHT="32" WC="0.96" CONTENT="samt"/><SP WIDTH="27" VPOS="1433" HPOS="1408"/>
							<String ID="string_194" HPOS="1435" VPOS="1428" WIDTH="230" HEIGHT="50" WC="0.96" CONTENT="tjänsteman"/><SP WIDTH="29" VPOS="1428" HPOS="1665"/>
							<String ID="string_195" HPOS="1694" VPOS="1442" WIDTH="47" HEIGHT="24" WC="0.96" CONTENT="av"/><SP WIDTH="27" VPOS="1442" HPOS="1741"/>
							<String ID="string_196" HPOS="1768" VPOS="1429" WIDTH="108" HEIGHT="49" WC="0.96" CONTENT="lägre"/><SP WIDTH="28" VPOS="1429" HPOS="1876"/>
							<String ID="string_197" HPOS="1904" VPOS="1430" WIDTH="95" HEIGHT="49" WC="0.95" CONTENT="grad"/>
						</TextLine>
						<TextLine ID="line_21" HPOS="406" VPOS="1479" WIDTH="1593" HEIGHT="53">
							<String ID="string_198" HPOS="406" VPOS="1483" WIDTH="48" HEIGHT="32" WC="0.96" CONTENT="än"/><SP WIDTH="42" VPOS="1483" HPOS="454"/>
							<String ID="string_199" HPOS="496" VPOS="1479" WIDTH="109" HEIGHT="37" WC="0.96" CONTENT="dessa"/><SP WIDTH="40" VPOS="1479" HPOS="605"/>
							<String ID="string_200" HPOS="645" VPOS="1479" WIDTH="86" HEIGHT="38" WC="0.96" CONTENT="med"/><SP WIDTH="40" VPOS="1479" HPOS="731"/>
							<String ID="string_201" HPOS="771" VPOS="1480" WIDTH="196" HEIGHT="50" WC="0.72" CONTENT="undantag"/><SP WIDTH="40" VPOS="1480" HPOS="967"/>
							<String ID="string_202" HPOS="1007" VPOS="1493" WIDTH="47" HEIGHT="25" WC="0.96" CONTENT="av"/><SP WIDTH="36" VPOS="1493" HPOS="1054"/>
							<String ID="string_203" HPOS="1090" VPOS="1480" WIDTH="253" HEIGHT="38" WC="0.96" CONTENT="vaktmästare"/><SP WIDTH="42" VPOS="1480" HPOS="1343"/>
							<String ID="string_204" HPOS="1385" VPOS="1481" WIDTH="140" HEIGHT="49" WC="0.96" CONTENT="högsta"/><SP WIDTH="37" VPOS="1481" HPOS="1525"/>
							<String ID="string_205" HPOS="1562" VPOS="1481" WIDTH="263" HEIGHT="49" WC="0.95" CONTENT="ersättningen"/><SP WIDTH="29" VPOS="1481" HPOS="1825"/>
							<String ID="string_206" HPOS="1854" VPOS="1487" WIDTH="145" HEIGHT="45" WC="0.95" CONTENT="utgöra"/>
						</TextLine>
						<TextLine ID="line_22" HPOS="405" VPOS="1532" WIDTH="256" HEIGHT="38">
							<String ID="string_207" HPOS="405" VPOS="1533" WIDTH="76" HEIGHT="37" WC="0.96" CONTENT="400"/><SP WIDTH="28" VPOS="1533" HPOS="481"/>
							<String ID="string_208" HPOS="509" VPOS="1532" WIDTH="152" HEIGHT="37" WC="0.96" CONTENT="kronor."/>
						</TextLine>
					</TextBlock>
				</ComposedBlock>
				<ComposedBlock ID="cblock_5" HPOS="509" VPOS="1618" WIDTH="440" HEIGHT="51">
					<TextBlock ID="block_7" HPOS="509" VPOS="1618" WIDTH="440" HEIGHT="51">
						<TextLine ID="line_23" HPOS="509" VPOS="1618" WIDTH="440" HEIGHT="51">
							<String ID="string_209" HPOS="509" VPOS="1618" WIDTH="37" HEIGHT="50" WC="0.91" CONTENT="b)"/><SP WIDTH="25" VPOS="1618" HPOS="546"/>
							<String ID="string_210" HPOS="571" VPOS="1614" WIDTH="23" HEIGHT="59" WC="0.27" CONTENT="då"/><SP WIDTH="19" VPOS="1614" HPOS="594"/>
							<String ID="string_211" HPOS="613" VPOS="1620" WIDTH="124" HEIGHT="49" WC="0.88" CONTENT="övriga"/><SP WIDTH="26" VPOS="1620" HPOS="737"/>
							<String ID="string_212" HPOS="763" VPOS="1625" WIDTH="186" HEIGHT="32" WC="0.96" CONTENT="stationer:"/>
						</TextLine>
					</TextBlock>
				</ComposedBlock>
				<ComposedBlock ID="cblock_6" HPOS="405" VPOS="1688" WIDTH="1585" HEIGHT="313">
					<TextBlock ID="block_8" HPOS="405" VPOS="1688" WIDTH="1585" HEIGHT="313">
						<TextLine ID="line_24" HPOS="405" VPOS="1688" WIDTH="1574" HEIGHT="52">
							<String ID="string_213" HPOS="405" VPOS="1688" WIDTH="59" HEIGHT="37" WC="0.96" CONTENT="för"/><SP WIDTH="26" VPOS="1688" HPOS="464"/>
							<String ID="string_214" HPOS="490" VPOS="1688" WIDTH="244" HEIGHT="50" WC="0.95" CONTENT="tjänsteman,"/><SP WIDTH="26" VPOS="1688" HPOS="734"/>
							<String ID="string_215" HPOS="760" VPOS="1702" WIDTH="81" HEIGHT="24" WC="0.96" CONTENT="som"/><SP WIDTH="28" VPOS="1702" HPOS="841"/>
							<String ID="string_216" HPOS="869" VPOS="1689" WIDTH="75" HEIGHT="37" WC="0.96" CONTENT="kan"/><SP WIDTH="25" VPOS="1689" HPOS="944"/>
							<String ID="string_217" HPOS="969" VPOS="1689" WIDTH="141" HEIGHT="38" WC="0.96" CONTENT="erhålla"/><SP WIDTH="29" VPOS="1689" HPOS="1110"/>
							<String ID="string_218" HPOS="1139" VPOS="1693" WIDTH="18" HEIGHT="34" WC="0.96" CONTENT="7"/><SP WIDTH="24" VPOS="1693" HPOS="1157"/>
							<String ID="string_219" HPOS="1181" VPOS="1702" WIDTH="83" HEIGHT="24" WC="0.96" CONTENT="rum"/><SP WIDTH="25" VPOS="1702" HPOS="1264"/>
							<String ID="string_220" HPOS="1289" VPOS="1689" WIDTH="71" HEIGHT="38" WC="0.96" CONTENT="och"/><SP WIDTH="24" VPOS="1689" HPOS="1360"/>
							<String ID="string_221" HPOS="1384" VPOS="1689" WIDTH="77" HEIGHT="38" WC="0.84" CONTENT="kök"/><SP WIDTH="22" VPOS="1689" HPOS="1461"/>
							<String ID="string_222" HPOS="1483" VPOS="1722" WIDTH="265" HEIGHT="5" WC="0.0" CONTENT="...mssm0mmsm..."/><SP WIDTH="32" VPOS="1722" HPOS="1748"/>
							<String ID="string_223" HPOS="1780" VPOS="1691" WIDTH="55" HEIGHT="37" WC="0.93" CONTENT="kr."/><SP WIDTH="34" VPOS="1691" HPOS="1835"/>
							<String ID="string_224" HPOS="1869" VPOS="1692" WIDTH="110" HEIGHT="48" WC="0.92" CONTENT="1,700"/>
						</TextLine>
						<TextLine ID="line_25" HPOS="420" VPOS="1744" WIDTH="1559" HEIGHT="47">
							<String ID="string_225" HPOS="420" VPOS="1752" WIDTH="18" HEIGHT="23" WC="0.92" CONTENT="»"/><SP WIDTH="171" VPOS="1752" HPOS="438"/>
							<String ID="string_226" HPOS="609" VPOS="1754" WIDTH="17" HEIGHT="22" WC="0.92" CONTENT="»"/><SP WIDTH="170" VPOS="1754" HPOS="626"/>
							<String ID="string_227" HPOS="796" VPOS="1754" WIDTH="17" HEIGHT="23" WC="0.88" CONTENT="»"/><SP WIDTH="82" VPOS="1754" HPOS="813"/>
							<String ID="string_228" HPOS="895" VPOS="1754" WIDTH="17" HEIGHT="23" WC="0.30" CONTENT="oo»"/><SP WIDTH="119" VPOS="1754" HPOS="912"/>
							<String ID="string_229" HPOS="1031" VPOS="1755" WIDTH="18" HEIGHT="22" WC="0.28" CONTENT="pA"/><SP WIDTH="91" VPOS="1755" HPOS="1049"/>
							<String ID="string_230" HPOS="1140" VPOS="1744" WIDTH="8" HEIGHT="34" WC="0.0" CONTENT=":"/><SP WIDTH="6" VPOS="1744" HPOS="1148"/>
							<String ID="string_231" HPOS="1154" VPOS="1739" WIDTH="35" HEIGHT="55" WC="0.2" CONTENT="1"/><SP WIDTH="68" VPOS="1739" HPOS="1189"/>
							<String ID="string_232" HPOS="1257" VPOS="1739" WIDTH="59" HEIGHT="55" WC="0.3" CONTENT="EE"/><SP WIDTH="472" VPOS="1739" HPOS="1316"/>
							<String ID="string_233" HPOS="1788" VPOS="1756" WIDTH="16" HEIGHT="22" WC="0.70" CONTENT="»"/><SP WIDTH="64" VPOS="1756" HPOS="1804"/>
							<String ID="string_234" HPOS="1868" VPOS="1745" WIDTH="111" HEIGHT="46" WC="0.27" CONTENT="1,500"/>
						</TextLine>
						<TextLine ID="line_26" HPOS="420" VPOS="1796" WIDTH="1558" HEIGHT="48">
							<String ID="string_235" HPOS="420" VPOS="1804" WIDTH="18" HEIGHT="24" WC="0.91" CONTENT="»"/><SP WIDTH="171" VPOS="1804" HPOS="438"/>
							<String ID="string_236" HPOS="609" VPOS="1806" WIDTH="18" HEIGHT="23" WC="0.92" CONTENT="»"/><SP WIDTH="170" VPOS="1806" HPOS="627"/>
							<String ID="string_237" HPOS="797" VPOS="1806" WIDTH="18" HEIGHT="23" WC="0.76" CONTENT="»"/><SP WIDTH="80" VPOS="1806" HPOS="815"/>
							<String ID="string_238" HPOS="895" VPOS="1806" WIDTH="17" HEIGHT="23" WC="0.20" CONTENT="oo»"/><SP WIDTH="120" VPOS="1806" HPOS="912"/>
							<String ID="string_239" HPOS="1032" VPOS="1796" WIDTH="118" HEIGHT="34" WC="0.10" CONTENT="EE"/><SP WIDTH="637" VPOS="1796" HPOS="1150"/>
							<String ID="string_240" HPOS="1787" VPOS="1807" WIDTH="18" HEIGHT="24" WC="0.92" CONTENT="»"/><SP WIDTH="62" VPOS="1807" HPOS="1805"/>
							<String ID="string_241" HPOS="1867" VPOS="1798" WIDTH="111" HEIGHT="46" WC="0.0" CONTENT="1.200"/>
						</TextLine>
						<TextLine ID="line_27" HPOS="421" VPOS="1848" WIDTH="1558" HEIGHT="38">
							<String ID="string_242" HPOS="421" VPOS="1856" WIDTH="17" HEIGHT="24" WC="0.91" CONTENT="»"/><SP WIDTH="171" VPOS="1856" HPOS="438"/>
							<String ID="string_243" HPOS="609" VPOS="1860" WIDTH="15" HEIGHT="20" WC="0.87" CONTENT="»"/><SP WIDTH="170" VPOS="1860" HPOS="624"/>
							<String ID="string_244" HPOS="794" VPOS="1858" WIDTH="18" HEIGHT="23" WC="0.84" CONTENT="»"/><SP WIDTH="80" VPOS="1858" HPOS="812"/>
							<String ID="string_245" HPOS="892" VPOS="1858" WIDTH="18" HEIGHT="23" WC="0.39" CONTENT="oo»"/><SP WIDTH="119" VPOS="1858" HPOS="910"/>
							<String ID="string_246" HPOS="1029" VPOS="1859" WIDTH="17" HEIGHT="23" WC="0.13" CONTENT="PE"/><SP WIDTH="166" VPOS="1859" HPOS="1046"/>
							<String ID="string_247" HPOS="1212" VPOS="1858" WIDTH="17" HEIGHT="24" WC="0.20" CONTENT="SD"/><SP WIDTH="559" VPOS="1858" HPOS="1229"/>
							<String ID="string_248" HPOS="1788" VPOS="1859" WIDTH="18" HEIGHT="24" WC="0.92" CONTENT="»"/><SP WIDTH="100" VPOS="1859" HPOS="1806"/>
							<String ID="string_249" HPOS="1906" VPOS="1849" WIDTH="73" HEIGHT="37" WC="0.71" CONTENT="9200"/>
						</TextLine>
						<TextLine ID="line_28" HPOS="421" VPOS="1901" WIDTH="1557" HEIGHT="36">
							<String ID="string_250" HPOS="421" VPOS="1908" WIDTH="17" HEIGHT="24" WC="0.92" CONTENT="»"/><SP WIDTH="171" VPOS="1908" HPOS="438"/>
							<String ID="string_251" HPOS="609" VPOS="1910" WIDTH="17" HEIGHT="23" WC="0.91" CONTENT="»"/><SP WIDTH="171" VPOS="1910" HPOS="626"/>
							<String ID="string_252" HPOS="797" VPOS="1910" WIDTH="17" HEIGHT="23" WC="0.90" CONTENT="»"/><SP WIDTH="81" VPOS="1910" HPOS="814"/>
							<String ID="string_253" HPOS="895" VPOS="1911" WIDTH="17" HEIGHT="23" WC="0.18" CONTENT="oo»"/><SP WIDTH="118" VPOS="1911" HPOS="912"/>
							<String ID="string_254" HPOS="1030" VPOS="1901" WIDTH="120" HEIGHT="33" WC="0.2" CONTENT="NE:"/><SP WIDTH="640" VPOS="1901" HPOS="1150"/>
							<String ID="string_255" HPOS="1790" VPOS="1912" WIDTH="16" HEIGHT="23" WC="0.92" CONTENT="»"/><SP WIDTH="102" VPOS="1912" HPOS="1806"/>
							<String ID="string_256" HPOS="1908" VPOS="1902" WIDTH="70" HEIGHT="35" WC="0.96" CONTENT="700"/>
						</TextLine>
						<TextLine ID="line_29" HPOS="420" VPOS="1954" WIDTH="1570" HEIGHT="47">
							<String ID="string_257" HPOS="420" VPOS="1962" WIDTH="18" HEIGHT="23" WC="0.92" CONTENT="»"/><SP WIDTH="170" VPOS="1962" HPOS="438"/>
							<String ID="string_258" HPOS="608" VPOS="1962" WIDTH="17" HEIGHT="23" WC="0.92" CONTENT="»"/><SP WIDTH="170" VPOS="1962" HPOS="625"/>
							<String ID="string_259" HPOS="795" VPOS="1963" WIDTH="17" HEIGHT="23" WC="0.63" CONTENT="»"/><SP WIDTH="81" VPOS="1963" HPOS="812"/>
							<String ID="string_260" HPOS="893" VPOS="1963" WIDTH="18" HEIGHT="23" WC="0.63" CONTENT="»"/><SP WIDTH="118" VPOS="1963" HPOS="911"/>
							<String ID="string_261" HPOS="1029" VPOS="1954" WIDTH="120" HEIGHT="33" WC="0.23" CONTENT="2"/><SP WIDTH="63" VPOS="1954" HPOS="1149"/>
							<String ID="string_262" HPOS="1212" VPOS="1964" WIDTH="18" HEIGHT="22" WC="0.21" CONTENT="VN"/><SP WIDTH="88" VPOS="1964" HPOS="1230"/>
							<String ID="string_263" HPOS="1318" VPOS="1963" WIDTH="17" HEIGHT="23" WC="0.24" CONTENT="MV"/><SP WIDTH="81" VPOS="1963" HPOS="1335"/>
							<String ID="string_264" HPOS="1416" VPOS="1963" WIDTH="18" HEIGHT="23" WC="0.10" CONTENT="OM"/><SP WIDTH="45" VPOS="1963" HPOS="1434"/>
							<String ID="string_265" HPOS="1479" VPOS="1983" WIDTH="265" HEIGHT="5" WC="0.16" CONTENT="spm"/><SP WIDTH="49" VPOS="1983" HPOS="1744"/>
							<String ID="string_266" HPOS="1793" VPOS="1965" WIDTH="17" HEIGHT="23" WC="0.92" CONTENT="»"/><SP WIDTH="96" VPOS="1965" HPOS="1810"/>
							<String ID="string_267" HPOS="1906" VPOS="1955" WIDTH="84" HEIGHT="46" WC="0.61" CONTENT="250,"/>
						</TextLine>
					</TextBlock>
				</ComposedBlock>
				<ComposedBlock ID="cblock_7" HPOS="400" VPOS="2018" WIDTH="1596" HEIGHT="417">
					<TextBlock ID="block_9" HPOS="402" VPOS="2018" WIDTH="1594" HEIGHT="195">
						<TextLine ID="line_30" HPOS="403" VPOS="2018" WIDTH="1592" HEIGHT="52">
							<String ID="string_268" HPOS="403" VPOS="2018" WIDTH="181" HEIGHT="38" WC="0.91" CONTENT="skolande"/><SP WIDTH="25" VPOS="2018" HPOS="584"/>
							<String ID="string_269" HPOS="609" VPOS="2020" WIDTH="95" HEIGHT="36" WC="0.96" CONTENT="dock"/><SP WIDTH="23" VPOS="2020" HPOS="704"/>
							<String ID="string_270" HPOS="727" VPOS="2020" WIDTH="60" HEIGHT="36" WC="0.96" CONTENT="för"/><SP WIDTH="22" VPOS="2020" HPOS="787"/>
							<String ID="string_271" HPOS="809" VPOS="2020" WIDTH="176" HEIGHT="49" WC="0.93" CONTENT="kvinnlig"/><SP WIDTH="18" VPOS="2020" HPOS="985"/>
							<String ID="string_272" HPOS="1003" VPOS="2020" WIDTH="340" HEIGHT="48" WC="0.91" CONTENT="kontorsskrivare,"/><SP WIDTH="21" VPOS="2020" HPOS="1343"/>
							<String ID="string_273" HPOS="1364" VPOS="2020" WIDTH="138" HEIGHT="48" WC="0.91" CONTENT="eldare,"/><SP WIDTH="21" VPOS="2020" HPOS="1502"/>
							<String ID="string_274" HPOS="1523" VPOS="2021" WIDTH="179" HEIGHT="49" WC="0.92" CONTENT="portvakt"/><SP WIDTH="19" VPOS="2021" HPOS="1702"/>
							<String ID="string_275" HPOS="1721" VPOS="2021" WIDTH="62" HEIGHT="37" WC="0.96" CONTENT="vid"/><SP WIDTH="20" VPOS="2021" HPOS="1783"/>
							<String ID="string_276" HPOS="1803" VPOS="2022" WIDTH="192" HEIGHT="48" WC="0.96" CONTENT="verkstad,"/>
						</TextLine>
						<TextLine ID="line_31" HPOS="402" VPOS="2071" WIDTH="1594" HEIGHT="53">
							<String ID="string_277" HPOS="402" VPOS="2071" WIDTH="165" HEIGHT="38" WC="0.91" CONTENT="maskin-"/><SP WIDTH="43" VPOS="2071" HPOS="567"/>
							<String ID="string_278" HPOS="610" VPOS="2072" WIDTH="69" HEIGHT="37" WC="0.93" CONTENT="och"/><SP WIDTH="37" VPOS="2072" HPOS="679"/>
							<String ID="string_279" HPOS="716" VPOS="2073" WIDTH="271" HEIGHT="49" WC="0.91" CONTENT="pannskötare,"/><SP WIDTH="42" VPOS="2073" HPOS="987"/>
							<String ID="string_280" HPOS="1029" VPOS="2073" WIDTH="257" HEIGHT="48" WC="0.92" CONTENT="vagnskötare"/><SP WIDTH="28" VPOS="2073" HPOS="1286"/>
							<String ID="string_281" HPOS="1314" VPOS="2078" WIDTH="96" HEIGHT="32" WC="0.96" CONTENT="samt"/><SP WIDTH="27" VPOS="2078" HPOS="1410"/>
							<String ID="string_282" HPOS="1437" VPOS="2074" WIDTH="228" HEIGHT="49" WC="0.96" CONTENT="tjänsteman"/><SP WIDTH="28" VPOS="2074" HPOS="1665"/>
							<String ID="string_283" HPOS="1693" VPOS="2087" WIDTH="47" HEIGHT="24" WC="0.96" CONTENT="av"/><SP WIDTH="27" VPOS="2087" HPOS="1740"/>
							<String ID="string_284" HPOS="1767" VPOS="2073" WIDTH="106" HEIGHT="50" WC="0.96" CONTENT="lägre"/><SP WIDTH="27" VPOS="2073" HPOS="1873"/>
							<String ID="string_285" HPOS="1900" VPOS="2075" WIDTH="96" HEIGHT="49" WC="0.96" CONTENT="grad"/>
						</TextLine>
						<TextLine ID="line_32" HPOS="403" VPOS="2124" WIDTH="1591" HEIGHT="52">
							<String ID="string_286" HPOS="403" VPOS="2129" WIDTH="46" HEIGHT="31" WC="0.96" CONTENT="än"/><SP WIDTH="29" VPOS="2129" HPOS="449"/>
							<String ID="string_287" HPOS="478" VPOS="2124" WIDTH="112" HEIGHT="38" WC="0.96" CONTENT="dessa"/><SP WIDTH="28" VPOS="2124" HPOS="590"/>
							<String ID="string_288" HPOS="618" VPOS="2124" WIDTH="86" HEIGHT="38" WC="0.96" CONTENT="med"/><SP WIDTH="28" VPOS="2124" HPOS="704"/>
							<String ID="string_289" HPOS="732" VPOS="2125" WIDTH="197" HEIGHT="50" WC="0.95" CONTENT="undantag"/><SP WIDTH="29" VPOS="2125" HPOS="929"/>
							<String ID="string_290" HPOS="958" VPOS="2140" WIDTH="45" HEIGHT="23" WC="0.96" CONTENT="av"/><SP WIDTH="27" VPOS="2140" HPOS="1003"/>
							<String ID="string_291" HPOS="1030" VPOS="2126" WIDTH="256" HEIGHT="38" WC="0.96" CONTENT="vaktmästare"/><SP WIDTH="29" VPOS="2126" HPOS="1286"/>
							<String ID="string_292" HPOS="1315" VPOS="2126" WIDTH="137" HEIGHT="50" WC="0.96" CONTENT="högsta"/><SP WIDTH="19" VPOS="2126" HPOS="1452"/>
							<String ID="string_293" HPOS="1471" VPOS="2126" WIDTH="264" HEIGHT="50" WC="0.96" CONTENT="ersättningen"/><SP WIDTH="19" VPOS="2126" HPOS="1735"/>
							<String ID="string_294" HPOS="1754" VPOS="2131" WIDTH="137" HEIGHT="45" WC="0.96" CONTENT="utgöra"/><SP WIDTH="29" VPOS="2131" HPOS="1891"/>
							<String ID="string_295" HPOS="1920" VPOS="2129" WIDTH="74" HEIGHT="36" WC="0.96" CONTENT="350"/>
						</TextLine>
						<TextLine ID="line_33" HPOS="402" VPOS="2176" WIDTH="155" HEIGHT="37">
							<String ID="string_296" HPOS="402" VPOS="2176" WIDTH="155" HEIGHT="37" WC="0.96" CONTENT="kronor."/>
						</TextLine>
					</TextBlock>
					<TextBlock ID="block_10" HPOS="400" VPOS="2229" WIDTH="1594" HEIGHT="206">
						<TextLine ID="line_34" HPOS="503" VPOS="2229" WIDTH="1491" HEIGHT="52">
							<String ID="string_297" HPOS="503" VPOS="2229" WIDTH="134" HEIGHT="49" WC="0.95" CONTENT="Enligt"/><SP WIDTH="36" VPOS="2229" HPOS="637"/>
							<String ID="string_298" HPOS="673" VPOS="2230" WIDTH="187" HEIGHT="36" WC="0.93" CONTENT="utskottet"/><SP WIDTH="37" VPOS="2230" HPOS="860"/>
							<String ID="string_299" HPOS="897" VPOS="2230" WIDTH="325" HEIGHT="37" WC="0.90" CONTENT="tillhandakomna"/><SP WIDTH="28" VPOS="2230" HPOS="1222"/>
							<String ID="string_300" HPOS="1250" VPOS="2231" WIDTH="353" HEIGHT="50" WC="0.90" CONTENT="protokollsutdrag"/><SP WIDTH="28" VPOS="2231" HPOS="1603"/>
							<String ID="string_301" HPOS="1631" VPOS="2231" WIDTH="67" HEIGHT="37" WC="0.96" CONTENT="har"/><SP WIDTH="27" VPOS="2231" HPOS="1698"/>
							<String ID="string_302" HPOS="1725" VPOS="2231" WIDTH="136" HEIGHT="38" WC="0.93" CONTENT="Första"/><SP WIDTH="28" VPOS="2231" HPOS="1861"/>
							<String ID="string_303" HPOS="1889" VPOS="2232" WIDTH="105" HEIGHT="36" WC="0.91" CONTENT="kam-"/>
						</TextLine>
						<TextLine ID="line_35" HPOS="401" VPOS="2281" WIDTH="1593" HEIGHT="50">
							<String ID="string_304" HPOS="401" VPOS="2295" WIDTH="130" HEIGHT="23" WC="0.91" CONTENT="maren"/><SP WIDTH="28" VPOS="2295" HPOS="531"/>
							<String ID="string_305" HPOS="559" VPOS="2281" WIDTH="138" HEIGHT="38" WC="0.91" CONTENT="bifallit"/><SP WIDTH="28" VPOS="2281" HPOS="697"/>
							<String ID="string_306" HPOS="725" VPOS="2282" WIDTH="73" HEIGHT="37" WC="0.96" CONTENT="vad"/><SP WIDTH="27" VPOS="2282" HPOS="798"/>
							<String ID="string_307" HPOS="825" VPOS="2282" WIDTH="188" HEIGHT="38" WC="0.93" CONTENT="utskottet"/><SP WIDTH="27" VPOS="2282" HPOS="1013"/>
							<String ID="string_308" HPOS="1040" VPOS="2283" WIDTH="207" HEIGHT="48" WC="0.92" CONTENT="hemställt,"/><SP WIDTH="29" VPOS="2283" HPOS="1247"/>
							<String ID="string_309" HPOS="1276" VPOS="2288" WIDTH="170" HEIGHT="33" WC="0.92" CONTENT="varemot"/><SP WIDTH="24" VPOS="2288" HPOS="1446"/>
							<String ID="string_310" HPOS="1470" VPOS="2283" WIDTH="130" HEIGHT="37" WC="0.96" CONTENT="Andra"/><SP WIDTH="18" VPOS="2283" HPOS="1600"/>
							<String ID="string_311" HPOS="1618" VPOS="2283" WIDTH="221" HEIGHT="38" WC="0.93" CONTENT="kammaren"/><SP WIDTH="18" VPOS="2283" HPOS="1839"/>
							<String ID="string_312" HPOS="1857" VPOS="2283" WIDTH="137" HEIGHT="38" WC="0.91" CONTENT="bifallit"/>
						</TextLine>
						<TextLine ID="line_36" HPOS="400" VPOS="2333" WIDTH="1591" HEIGHT="53">
							<String ID="string_313" HPOS="400" VPOS="2333" WIDTH="205" HEIGHT="38" WC="0.96" CONTENT="utskottets"/><SP WIDTH="28" VPOS="2333" HPOS="605"/>
							<String ID="string_314" HPOS="633" VPOS="2334" WIDTH="227" HEIGHT="37" WC="0.96" CONTENT="hemställan"/><SP WIDTH="27" VPOS="2334" HPOS="860"/>
							<String ID="string_315" HPOS="887" VPOS="2335" WIDTH="87" HEIGHT="37" WC="0.96" CONTENT="med"/><SP WIDTH="29" VPOS="2335" HPOS="974"/>
							<String ID="string_316" HPOS="1003" VPOS="2335" WIDTH="71" HEIGHT="37" WC="0.96" CONTENT="den"/><SP WIDTH="28" VPOS="2335" HPOS="1074"/>
							<String ID="string_317" HPOS="1102" VPOS="2336" WIDTH="164" HEIGHT="50" WC="0.96" CONTENT="ändring"/><SP WIDTH="27" VPOS="2336" HPOS="1266"/>
							<String ID="string_318" HPOS="1293" VPOS="2335" WIDTH="93" HEIGHT="49" WC="0.96" CONTENT="däri,"/><SP WIDTH="30" VPOS="2335" HPOS="1386"/>
							<String ID="string_319" HPOS="1416" VPOS="2348" WIDTH="83" HEIGHT="24" WC="0.96" CONTENT="som"/><SP WIDTH="28" VPOS="2348" HPOS="1499"/>
							<String ID="string_320" HPOS="1527" VPOS="2335" WIDTH="205" HEIGHT="38" WC="0.96" CONTENT="innefattas"/><SP WIDTH="28" VPOS="2335" HPOS="1732"/>
							<String ID="string_321" HPOS="1760" VPOS="2336" WIDTH="13" HEIGHT="36" WC="0.96" CONTENT="i"/><SP WIDTH="28" VPOS="2336" HPOS="1773"/>
							<String ID="string_322" HPOS="1801" VPOS="2336" WIDTH="89" HEIGHT="37" WC="0.93" CONTENT="herr"/><SP WIDTH="28" VPOS="2336" HPOS="1890"/>
							<String ID="string_323" HPOS="1918" VPOS="2336" WIDTH="73" HEIGHT="36" WC="0.92" CONTENT="Bo-"/>
						</TextLine>
						<TextLine ID="line_37" HPOS="400" VPOS="2386" WIDTH="661" HEIGHT="49">
							<String ID="string_324" HPOS="400" VPOS="2399" WIDTH="116" HEIGHT="36" WC="0.80" CONTENT="grens"/><SP WIDTH="28" VPOS="2399" HPOS="516"/>
							<String ID="string_325" HPOS="544" VPOS="2386" WIDTH="12" HEIGHT="36" WC="0.96" CONTENT="i"/><SP WIDTH="29" VPOS="2386" HPOS="556"/>
							<String ID="string_326" HPOS="585" VPOS="2391" WIDTH="128" HEIGHT="32" WC="0.96" CONTENT="ämnet"/><SP WIDTH="27" VPOS="2391" HPOS="713"/>
							<String ID="string_327" HPOS="740" VPOS="2387" WIDTH="138" HEIGHT="37" WC="0.96" CONTENT="väckta"/><SP WIDTH="28" VPOS="2387" HPOS="878"/>
							<String ID="string_328" HPOS="906" VPOS="2387" WIDTH="155" HEIGHT="37" WC="0.96" CONTENT="motion."/>
						</TextLine>
					</TextBlock>
				</ComposedBlock>
			</PrintSpace>
		</Page>
	</Layout>
</alto>
