1928 2852
295 157 19 30 8
685 159 413 30 Konstitutionsutskottets
1119 161 163 29 utlåtande
1305 162 49 28 Nr
1378 168 49 26 33.

299 244 123 33 Genom
441 246 146 37 gammal
603 247 60 31 och
680 247 111 38 stadig
808 248 114 38 praxis
939 248 61 31 har
1016 248 91 32 detta
1126 250 182 38 stadgande
1325 250 125 32 tolkats
1469 251 46 37 så,
1534 254 52 28 att
1602 251 200 32 medverkan

299 307 40 19 av
358 296 80 38 jury
457 296 118 32 endast
594 297 169 32 erfordras
783 298 12 30 i
815 298 68 31 mål
903 298 136 33 rörande
1061 299 287 33 författaransvar
1368 300 79 32 eller
1467 300 128 33 således
1618 301 59 32 där
1698 301 104 33 åtalet

297 346 107 37 gäller
428 346 215 39 brottslighet
665 347 105 38 enligt
794 347 18 38 8
837 349 18 30 3
879 348 473 42 tryckfrihetsförordningen,
1377 351 11 31 i
1412 350 106 32 vilket
1542 351 131 38 lagrum
1699 363 102 27 anges

296 397 65 31 vad
382 409 67 19 som
470 397 88 32 skall
578 410 94 19 anses
693 398 107 32 såsom
820 399 168 31 missbruk
1008 412 41 19 av
1068 400 257 37 tryckfriheten.
1369 401 202 32 Medverkan
1592 414 42 20 av
1652 402 80 38 jury
1752 415 48 20 er-

297 447 133 32 fordras
453 448 141 31 sålunda
616 448 123 32 varken
760 448 12 31 i
794 450 228 32 ovannämnda
1046 450 226 38 ordningsmål
1294 451 79 32 eller
1396 452 66 31 mål
1485 452 139 32 rörande
1646 452 153 38 publika-

294 497 190 32 tionsbrott.

340 548 495 39 Tryckfrihetsförordningens
857 550 247 32 bestämmelser
1124 551 84 32 hava
1230 552 87 31 efter
1338 552 73 32 dess
1434 552 165 33 tillkomst
1619 553 180 39 undergått

295 598 86 32 flera
400 599 191 38 ändringar,
611 600 103 31 därav
731 600 176 38 åtskilliga
925 613 42 19 av
984 601 73 32 icke
1077 601 186 38 oväsentlig
1281 602 169 38 betydelse
1471 604 107 31 såsom
1598 604 201 38 exempelvis

295 660 86 19 ovan
405 648 145 32 nämnda
573 649 198 38 förändring
795 651 95 38 1815,
915 650 42 32 då
979 651 252 38 juryinstitutet
1253 652 160 32 infördes.
1460 652 125 33 Genom
1610 654 98 32 dessa
1731 655 66 31 för-

295 698 184 38 ändringar
505 699 61 31 har
594 700 475 39 tryckfrihetsförordningen,
1096 714 77 20 vars
1200 703 234 37 uppställning
1461 703 77 31 från
1564 704 117 37 början
1708 705 91 31 varit

295 749 81 37 föga
402 750 225 38 överskådlig,
654 750 99 32 blivit
776 751 12 31 i
813 751 149 32 formellt
987 752 162 32 avseende
1175 753 133 37 mycket
1335 753 348 33 otillfredsställande.
1728 755 70 31 Vid

293 801 86 31 flera
415 801 161 32 tillfällen
613 802 61 31 har
709 807 82 26 även
826 803 106 37 gjorts
958 803 116 31 försök
1100 807 50 29 att
1175 804 167 32 omarbeta
1370 804 188 32 densamma
1583 805 83 31 både
1692 805 11 30 i
1731 805 66 31 for-

294 850 96 31 mellt
416 851 161 31 avseende
606 852 60 30 och
692 851 216 33 beträffande
937 852 74 32 dess
1039 852 136 39 sakliga
1200 854 159 31 innehåll.
1408 855 55 31 Av
1491 858 105 28 större
1625 854 172 39 betydelse

293 901 93 31 torde
409 901 118 32 därvid
548 902 88 31 hava
656 902 89 32 varit
765 902 39 32 de
824 903 58 31 vid
905 904 82 31 1871
1011 903 60 32 och
1094 905 82 30 1872
1200 904 54 31 års
1277 904 179 38 riksdagar
1478 916 42 20 av
1541 904 254 32 konstitutions-

293 951 166 32 utskottet
482 952 11 31 i
517 953 171 31 memorial
711 965 38 18 nr
773 955 17 30 7
816 965 87 26 resp.
927 965 39 19 nr
992 955 18 31 6
1035 954 193 38 framlagda
1254 954 130 38 förslag
1409 954 53 32 till
1487 967 46 26 ny
1558 955 237 38 tryckfrihets-

294 1003 207 38 förordning.
547 1003 109 32 Dessa
679 1004 127 38 förslag
828 1016 78 20 voro
929 1004 12 31 i
965 1008 90 34 yttre
1078 1005 104 32 måtto
1205 1005 184 38 väsentligt
1412 1005 186 33 avvikande
1625 1006 77 31 från
1726 1005 71 39 gäl-

292 1052 100 32 lande
411 1053 434 39 tryckfrihetsförordning.
890 1055 66 31 Det
977 1055 135 37 sakliga
1133 1055 182 32 innehållet
1335 1056 12 31 i
1369 1056 171 37 förslagen
1561 1056 138 31 innebar
1721 1056 73 32 där-

291 1107 88 28 emot
401 1103 74 32 icke
497 1104 107 37 några
627 1105 282 38 genomgripande
933 1105 250 38 förändringar.
1228 1106 18 32 I
1271 1106 209 32 sistnämnda
1503 1106 163 32 avseende
1689 1118 71 28 var,
1783 1106 13 30 i

289 1155 61 31 den
371 1167 75 19 mån
468 1155 37 32 de
527 1155 193 38 föreslagna
740 1156 280 37 förändringarna
1041 1156 136 32 berörde
1198 1157 409 37 tryckfrihetsprocessen,
1631 1156 166 39 förslaget

290 1216 53 20 om
378 1204 147 32 ändrade
547 1205 251 32 bestämmelser
822 1206 141 31 rörande
987 1206 144 32 domstol
1156 1207 53 31 för
1219 1206 306 38 «tryckfrihetsmål
1551 1207 60 31 och
1637 1207 158 32 utseende

290 1267 41 19 av
353 1255 158 38 Jurymän
534 1255 57 32 det
611 1256 195 37 viktigaste.
851 1256 120 38 Enligt
992 1257 174 37 förslagen
1188 1257 107 32 skulle
1317 1257 101 38 juryn
1440 1260 138 34 uttagas
1602 1268 118 27 genom
1742 1260 51 28 ut-

289 1307 143 37 lottning
453 1319 40 19 ur
514 1319 39 19 en
575 1308 43 37 på
640 1307 143 31 förhand
805 1307 53 31 för
878 1307 69 32 viss
970 1307 184 38 tidsperiod
1175 1307 78 32 vald
1275 1308 153 37 jurykår.
1472 1307 109 33 Dessa
1603 1320 42 19 av
1667 1307 126 32 konsti-

288 1356 296 32 tutionsutskottet
601 1356 194 38 framlagda
812 1356 130 38 förslag
960 1357 95 32 blevo
1074 1357 184 32 emellertid
1276 1357 73 32 icke
1368 1357 189 38 godkända.
1599 1357 194 32 Sedermera

287 1407 167 32 framlade
474 1407 129 38 Kungl.
624 1407 102 37 Maj:t
745 1407 12 31 i
776 1407 207 38 proposition
1003 1419 38 19 nr
1062 1408 40 30 21
1124 1407 53 32 till
1199 1408 83 31 1887
1304 1408 54 31 års
1380 1407 189 38 A-riksdag
1590 1407 131 38 förslag
1742 1407 55 32 till

286 1471 47 25 ny
360 1458 433 38 tryckfrihetsförordning,
822 1458 106 32 vilket
954 1459 12 30 i
994 1458 179 32 huvudsak
1200 1459 134 37 byggde
1364 1459 43 38 på
1437 1459 169 37 förslagen
1636 1471 41 19 av
1708 1459 83 31 1871

288 1508 60 31 och
373 1509 94 31 1872.
512 1508 50 31 På
582 1508 110 38 grund
712 1520 44 20 av
777 1508 323 32 mellankommande
1121 1508 364 39 riksdagsupplösning
1507 1508 77 32 kom
1606 1508 186 32 emellertid

289 1559 92 31 detta
401 1558 131 38 förslag
552 1558 112 38 aldrig
682 1559 104 31 under
806 1558 198 38 riksdagens
1024 1559 216 38 behandling.

333 1608 110 33 Sedan
461 1609 184 38 riksdagen
662 1609 12 31 i
692 1609 170 32 särskilda
879 1609 181 32 skrivelser
1080 1610 83 31 1902
1183 1621 39 19 nr
1242 1610 61 31 139
1324 1610 60 31 och
1405 1610 83 31 1908
1508 1621 38 19 nr
1566 1610 61 31 139
1647 1609 60 31 och
1728 1610 62 31 140

286 1659 154 38 anhållht,
468 1664 51 28 att
545 1659 177 38 åtskilliga
748 1672 42 19 av
814 1659 482 38 tryckfrihetsförordningens
1324 1660 258 35 bestämmelser,
1610 1659 45 32 bl.
1683 1671 29 20 a.
1741 1664 49 26 rö-

287 1710 101 32 rande
410 1710 344 38 tryckfrihetsjuryns
777 1710 239 38 organisation,
1040 1710 103 31 måtte
1165 1715 130 27 överses
1318 1710 61 32 och
1400 1709 176 39 granskas,
1599 1709 191 32 tillkallade

287 1761 129 38 Kungl.
442 1762 103 37 Maj:t
570 1761 63 31 den
659 1762 39 30 11
725 1761 186 38 september
935 1762 83 31 1909
1045 1760 255 32 kommitterade
1327 1760 54 32 för
1407 1764 50 28 att
1482 1760 134 32 biträda
1642 1760 73 31 med
1742 1771 47 20 re-

285 1812 109 31 vision
418 1824 41 19 av
482 1811 478 38 tryckfrihetsförordningen.
1004 1811 51 31 De
1078 1810 255 32 kommitterade
1357 1811 129 37 avgåvo
1511 1810 62 31 den
1599 1811 40 31 20
1664 1810 124 31 decem-

287 1864 55 31 ber
379 1864 82 30 1912
498 1862 209 32 betänkande
743 1862 74 32 med
854 1861 218 38 fullständigt
1110 1861 129 37 förslag
1275 1861 55 32 till
1368 1860 422 39 »tryckfrihetsordning».

285 1913 104 32 Detta
415 1913 130 37 förslag
571 1912 155 38 utgjorde
752 1912 150 32 formellt
924 1924 41 20 en
992 1912 205 37 fullständig
1223 1912 175 37 nydaning
1425 1924 42 19 av
1493 1911 294 38 tryckfrihetsför-

284 1964 193 38 ordningen,
515 1975 74 20 men
623 1963 145 32 bibehöll
804 1963 39 31 de
879 1963 229 38 grundsatser,
1134 1963 44 37 på
1202 1962 93 31 vilka
1321 1961 467 39 tryckfrihetsförordningen

283 2015 124 37 byggt;
429 2014 119 31 endast
568 2014 12 30 i
599 2014 93 31 vissa
712 2013 145 38 punkter
876 2013 184 38 föreslogos
1083 2012 133 38 sakliga
1237 2013 193 38 ändringar,
1452 2012 44 32 bl.
1518 2024 30 20 a.
1569 2011 218 32 beträffande

282 2065 120 38 juryns
428 2064 285 38 konstituerande,
738 2064 120 31 varvid
884 2064 212 37 principerna
1122 2063 12 31 i
1158 2063 39 32 de
1223 2063 144 38 tidigare
1395 2062 193 38 framlagda
1614 2061 173 38 förslagen

284 2115 136 38 följdes.
461 2115 181 37 Förslaget
660 2115 60 31 har
739 2114 185 32 emellertid
943 2114 73 31 icke
1037 2114 61 31 lett
1118 2114 54 31 till
1191 2114 151 31 resultat.

327 2166 119 32 Ehuru
469 2165 467 39 tryckfrihetsförordningen
959 2164 136 32 erkänts
1120 2176 82 19 vara
1224 2164 162 31 behäftad
1411 2163 72 32 med
1506 2162 191 39 betydande
1720 2161 64 32 bri-

282 2221 79 35 ster,
388 2217 89 31 hava
504 2216 86 32 dock
617 2216 141 31 sålunda
785 2215 70 32 alla
881 2214 130 38 förslag
1039 2219 52 27 att
1115 2218 127 28 ersätta
1269 2214 190 31 densamma
1486 2213 74 32 med
1587 2225 40 19 en
1655 2224 46 26 ny
1728 2212 57 37 lag

280 2268 161 31 avvisats.
489 2267 152 32 Orsaken
665 2266 116 32 härtill
806 2266 92 32 torde
924 2265 102 32 bland
1052 2269 102 28 annat
1181 2265 88 31 hava
1292 2264 91 32 varit
1408 2267 50 28 att
1483 2264 43 37 på
1553 2262 167 39 grundval
1746 2274 42 19 av

279 2318 481 39 tryckfrihetsförordningens
781 2316 256 37 bestämmelser,
1058 2316 93 32 vilka
1171 2316 11 31 i
1203 2316 85 31 flera
1309 2314 182 33 avseenden
1511 2319 56 27 äro
1590 2313 123 37 oklara,
1733 2316 51 28 ut-

279 2370 108 31 bildat
402 2369 51 38 sig
468 2381 38 20 en
522 2369 71 31 fast
607 2368 59 32 och
681 2368 111 37 stadig
807 2367 124 38 praxis,
947 2378 68 21 som
1030 2378 76 20 man
1120 2366 72 32 icke
1207 2365 87 32 velat
1312 2365 102 31 rubba
1431 2365 59 32 och
1505 2364 112 32 vilken
1633 2363 151 32 befarats

280 2420 115 31 kunna
418 2422 181 34 äventyras
624 2417 56 32 vid
704 2417 176 32 införande
904 2429 42 19 av
969 2428 39 20 en
1033 2416 150 31 formellt
1205 2415 69 32 helt
1298 2414 223 38 nyredigerad
1544 2413 238 38 tryckfrihets-

282 2469 208 38 förordning.
537 2469 19 32 I
582 2469 39 31 de
646 2468 63 31 fall
734 2468 60 31 där
818 2466 134 38 sakliga
977 2466 184 38 ändringar
1184 2465 88 32 varit
1297 2464 179 39 påkallade
1500 2465 88 31 hava
1612 2464 58 31 vid
1696 2464 88 30 flera
