1862 2778
265 149 18 29 4
591 151 123 29 Första
733 151 244 38 lagutskottets
996 153 178 29 utlåtande
1192 162 42 21 nr
1253 154 39 29 14
1309 154 39 30 år
1367 155 84 29 1956

270 233 130 39 förslag
426 233 53 30 till
507 233 131 31 sådana
663 234 273 36 bestämmelser,
964 238 50 28 att
1040 246 41 21 en
1109 247 41 20 av
1176 237 351 42 åklagarmyndighet
1553 240 115 31 åtalad
1695 250 75 31 per-

270 290 71 27 son,
362 293 76 20 som
458 283 191 36 frikännes,
671 285 54 29 får
745 285 75 30 sina
839 286 190 31 kostnader
1048 288 54 29 för
1122 287 216 31 inställelsen
1357 289 95 30 inför
1471 291 149 29 domstol
1641 293 128 28 ersatta

269 341 42 21 av
330 333 179 31 allmänna
529 335 121 29 medel.

313 383 87 30 Över
422 384 178 30 motionen
622 393 108 31 avgav
750 385 112 40 första
885 386 227 39 lagutskottet
1134 389 179 30 utlåtande
1341 389 59 34 (nr
1425 391 71 34 10).
1520 392 175 29 Utskottet
1717 394 52 28 ut-

269 432 113 31 talade
404 443 76 20 som
502 434 52 30 sin
576 435 225 41 uppfattning
822 438 51 28 att
893 437 58 29 det
971 438 111 31 måste
1102 448 102 20 anses
1225 439 347 32 otillfredsställande
1593 443 50 29 att
1664 451 43 21 en
1728 452 42 21 av

269 482 130 31 allmän
417 484 163 39 åklagare
599 485 115 31 åtalad
733 495 136 31 person,
890 496 76 21 som
984 488 190 35 frikändes,
1194 489 76 30 icke
1288 490 118 30 kunde
1425 491 132 30 erhålla
1576 493 193 38 ersättning

268 532 54 29 för
340 533 76 30 sina
436 533 189 31 kostnader
643 535 20 29 å
681 536 105 30 målet
804 539 108 28 annat
932 539 44 28 än
995 538 54 30 för
1067 539 57 29 det
1143 539 62 30 fall
1224 541 51 29 att
1292 540 191 38 åklagaren
1501 543 143 30 anställt
1662 543 106 31 åtalet

268 584 84 28 utan
376 584 86 30 skäl.
487 585 175 30 Utskottet
685 586 166 31 framhöll
873 590 51 27 att
947 588 58 30 det
1026 590 192 31 emellertid
1242 590 11 29 i
1276 600 69 30 nya
1367 592 329 40 rättegångsbalken
1718 594 51 29 in-

268 633 87 31 förts
374 635 193 39 stadgande
585 636 11 29 i
614 636 38 30 31
674 637 79 40 kap.
772 638 19 30 2
812 637 27 37 $,
858 638 201 39 varigenom
1078 640 94 31 detta
1191 640 308 33 missförhållande
1519 644 249 39 undanröjdes.

268 682 174 32 Utskottet
467 685 145 30 anförde
636 686 118 31 vidare
776 687 45 31 bl.
845 697 30 22 a.
899 688 173 40 följande:

314 742 47 30 På
387 744 114 37 grund
527 754 42 20 av
594 745 206 39 stadgandet
825 747 123 30 kunna
973 748 239 32 domstolarna
1238 749 87 31 efter
1350 760 69 30 nya
1444 752 326 39 rättgångsbalkens

269 783 281 33 ikraftträdande
575 786 210 33 tillerkänna
808 788 151 32 tilltalad
984 800 73 20 som
1082 791 182 30 frikännes
1287 793 196 40 ersättning
1507 794 11 29 i
1543 795 132 30 sådana
1698 796 72 34 fall,

270 826 43 30 då
333 826 163 40 åklagare
515 829 103 29 väckt
638 830 70 29 åtal
728 832 85 28 utan
834 832 186 31 sannolika
1040 833 76 30 skäl
1137 834 82 30 eller
1241 835 55 29 det
1318 835 101 39 eljest
1439 837 44 38 på
1504 838 112 37 grund
1637 847 42 20 av
1700 847 70 20 om-

270 868 285 39 ständigheterna
579 871 12 29 i
614 871 106 30 målet
744 872 237 31 förekommer
1006 875 177 40 synnerlig
1208 877 188 40 anledning
1421 879 128 29 därtill.
1575 880 58 29 Att
1659 880 41 39 gå
1726 882 44 28 än

265 910 121 42 längre
407 912 46 39 på
476 913 114 31 denna
612 915 64 38 väg
699 915 74 34 och,
797 915 116 30 såsom
936 917 218 30 motionären
1178 919 97 29 torde
1298 920 89 30 hava
1411 920 140 40 åsyftat,
1576 922 193 30 föreskriva

269 960 42 21 en
333 953 132 31 allmän
486 956 92 38 regel
600 965 56 20 om
679 958 70 28 rätt
771 957 55 30 för
848 958 160 35 tilltalad,
1031 961 50 28 att
1104 960 43 30 då
1170 962 49 27 ett
1241 961 147 30 allmänt
1409 962 71 30 åtal
1504 963 130 40 ogillas,
1659 966 110 28 under

269 994 67 32 alla
354 995 246 32 förhållanden
619 998 132 31 erhålla
769 1001 207 38 gottgörelse
995 1001 54 30 för
1068 1002 76 31 sina
1163 1003 199 35 kostnader,
1383 1013 103 30 synes
1506 1006 170 30 utskottet
1695 1007 74 29 icke

270 1036 186 41 lämpligen
477 1039 121 31 kunna
616 1040 71 30 ske.

310 1103 177 30 Motionen
509 1105 202 32 föranledde
734 1107 31 40 ej
790 1108 115 40 någon
928 1109 206 41 riksdagens
1156 1111 133 40 åtgärd.

310 1205 65 30 Det
393 1206 58 30 må
469 1207 64 30 här
551 1208 117 29 vidare
687 1210 158 34 nämnas,
865 1212 52 28 att
935 1211 124 39 Kungl.
1080 1212 106 39 Maj:t
1205 1221 123 30 genom
1347 1214 114 30 beslut
1481 1216 67 29 den
1568 1216 40 30 20
1626 1216 141 39 januari

268 1255 82 31 1956
374 1257 189 39 uppdragit
586 1258 36 30 åt
647 1259 81 30 1951
754 1259 56 30 års
834 1260 387 40 rättegångskommitté
1245 1265 50 28 att
1318 1264 11 28 i
1354 1265 171 31 samband
1549 1267 78 29 med
1652 1268 116 29 utred-

265 1305 83 39 ning
367 1314 56 21 om
443 1307 157 38 reglerna
621 1308 54 31 för
694 1309 45 28 fri
758 1310 182 39 rättegång
959 1313 152 38 upptaga
1131 1312 99 38 fråga
1248 1322 56 20 om
1324 1323 42 20 en
1385 1316 230 39 omprövning
1635 1326 42 21 av
1694 1326 73 31 reg-

266 1355 95 31 lerna
381 1365 59 20 om
460 1359 70 28 rätt
549 1358 55 30 för
625 1359 148 30 tilltalad
794 1361 51 29 att
866 1360 10 29 i
896 1361 175 36 brottmål,
1093 1362 63 30 där
1177 1363 162 39 åklagare
1360 1364 55 30 för
1437 1366 106 35 talan,
1564 1366 132 31 erhålla
1716 1377 52 20 er-

265 1406 154 40 sättning
441 1407 55 30 för
519 1409 363 39 rättegångskostnad.
906 1412 14 30 I
942 1411 196 31 direktiven
1161 1413 139 31 anföres
1323 1415 124 30 härom
1469 1416 46 32 bl.
1539 1426 29 21 a.
1592 1417 172 40 följande:

312 1465 179 32 Särskilda
511 1468 110 39 regler
641 1469 107 39 gäller
767 1479 57 20 om
844 1471 353 39 rättegångskostnad
1219 1473 11 29 i
1250 1473 176 35 brottmål,
1448 1475 62 30 där
1531 1475 162 40 åklagare
1715 1477 53 29 för

267 1507 103 30 talan.
396 1509 67 30 Om
486 1510 67 29 den
576 1510 169 32 tilltalade
768 1511 193 36 frikännes,
986 1513 88 30 skall
1097 1514 204 40 visserligen
1324 1517 42 29 de
1389 1516 199 35 kostnader,
1614 1527 74 20 som
1712 1528 57 20 en-

264 1549 61 40 ligt
342 1552 134 29 rättens
493 1552 114 30 beslut
624 1553 64 30 har
704 1554 112 39 utgått
834 1564 41 20 av
892 1555 178 31 allmänna
1087 1557 111 31 medel
1217 1558 51 29 till
1286 1558 163 40 offentlig
1467 1559 207 36 försvarare,
1688 1560 79 31 vitt-

267 1600 42 21 ne
328 1592 83 32 eller
430 1602 128 27 annan,
580 1596 126 29 stanna
725 1596 20 29 å
765 1597 220 30 statsverket.
1006 1598 78 29 Men
1105 1598 55 30 för
1180 1600 41 29 de
1242 1599 153 40 utgifter,
1418 1610 75 20 som
1513 1602 67 29 den
1600 1602 168 31 tilltalade

267 1633 89 39 själv
374 1635 68 29 fått
461 1635 206 36 vidkännas,
687 1637 55 31 får
759 1638 71 30 han
848 1638 11 30 i
878 1639 192 30 allmänhet
1089 1640 77 30 icke
1185 1641 113 39 någon
1318 1643 204 40 ersättning,
1543 1653 55 20 om
1618 1645 72 29 han
1708 1646 60 29 fri-

263 1676 145 31 kännes.
429 1678 133 30 Endast
581 1688 56 21 om
657 1679 190 40 åklagaren
864 1681 105 30 väckt
988 1682 70 30 åtal
1078 1684 85 28 utan
1185 1684 184 30 sannolika
1390 1685 77 30 skäl
1487 1686 82 29 eller
1589 1695 56 21 om
1665 1687 101 39 eljest

265 1718 44 39 på
327 1720 113 38 grund
459 1730 42 20 av
518 1721 346 40 omständigheterna
879 1724 12 29 i
910 1724 106 29 målet
1034 1725 177 39 synnerlig
1229 1725 189 41 anledning
1436 1727 237 31 förekommer
1691 1730 77 29 där-

265 1759 62 36 till,
352 1760 70 31 kan
447 1762 193 41 ersättning
664 1764 83 38 utgå
770 1764 52 30 till
846 1765 68 30 den
938 1765 172 32 frikände.
1136 1767 124 32 Denna
1282 1769 118 39 lagens
1426 1769 219 40 ståndpunkt
1669 1771 63 30 har
1756 1771 11 28 i

265 1801 91 32 vissa
379 1803 63 30 fall
465 1804 62 30 lett
548 1804 53 30 till
622 1806 156 35 resultat,
802 1816 75 21 som
899 1808 72 29 kan
993 1817 100 22 anses
1116 1818 83 21 vara
1224 1811 169 29 stötande.
1418 1812 314 31 Bestämmelserna
1756 1813 11 28 i

266 1845 116 29 ämnet
402 1847 98 30 torde
520 1847 120 30 därför
659 1848 84 31 böra
763 1850 195 39 omprövas.

263 1937 175 30 Utskottet

306 2004 77 30 Med
410 2005 229 31 förevarande
667 2007 171 30 motioner
866 2018 98 22 avses
992 2011 50 28 att
1069 2010 36 29 få
1132 2010 51 30 till
1212 2011 101 30 stånd
1341 2021 42 20 en
1411 2012 110 31 sådan
1548 2014 148 39 ändring
1723 2024 41 20 av

260 2055 157 38 reglerna
441 2064 57 21 om
523 2057 352 39 rättegångskostnad
899 2059 11 29 i
933 2059 176 38 brottmål,
1135 2061 63 30 där
1221 2061 163 40 åklagare
1410 2063 55 30 för
1490 2064 105 35 talan,
1621 2066 50 30 att
1696 2065 67 30 till-

260 2104 103 36 talad,
387 2114 75 21 som
486 2106 192 36 frikännes,
702 2108 149 30 erhåller
873 2110 166 39 utvidgad
1060 2112 72 29 rätt
1155 2112 51 29 till
1229 2112 195 40 ersättning
1447 2113 55 31 för
1524 2114 20 30 å
1566 2115 195 41 rättegång-

259 2163 42 21 en
322 2155 170 40 nedlagda
515 2157 190 31 kostnader
726 2158 54 30 för
802 2159 198 33 försvarare
1021 2161 64 30 och
1105 2161 147 32 vittnen.

303 2205 96 30 Efter
421 2207 58 29 det
501 2207 219 31 motionerna
742 2209 121 30 väckts
886 2210 55 35 ha,
963 2210 117 30 såsom
1104 2211 156 41 framgår
1282 2222 43 20 av
1346 2213 66 30 den
1435 2214 162 31 lämnade
1618 2215 143 40 redogö-

258 2255 122 36 relsen,
398 2256 311 32 bestämmelserna
726 2259 11 28 i
754 2259 95 31 detta
867 2261 103 30 ämne
987 2261 178 40 upptagits
1183 2262 52 30 till
1253 2264 241 39 omprövning.
1512 2265 65 30 Det
1593 2265 65 30 har
1674 2274 87 32 upp-

257 2306 130 39 dragits
413 2306 36 31 åt
475 2307 81 31 1951
582 2308 56 30 års
664 2310 386 39 rättegångskommitté
1075 2314 50 28 att
1150 2313 124 30 utreda
1299 2313 124 40 frågan
1448 2315 134 31 härom.
