1852 2764
503 133 284 30 Statsutskottets
810 133 179 29 utlåtande
1008 142 42 20 nr
1072 133 39 29 10
1132 133 38 29 år
1193 133 82 28 1965
1595 132 38 30 19

148 212 100 29 träda
270 212 66 30 den
361 213 8 28 i
393 213 220 30 motionerna
636 212 28 29 I:
681 213 64 29 464
768 213 65 29 och
857 212 44 29 II:
919 212 62 30 553
1006 212 194 29 framförda
1225 211 281 39 uppfattningen.
1531 210 101 29 Hem-

148 265 126 29 ställan
296 274 56 20 om
371 265 122 40 anslag
513 265 61 39 gör
594 265 171 30 utskottet
783 266 10 29 i
815 266 56 29 det
893 265 156 39 följande
1072 265 109 29 under
1202 264 257 29 vederbörande
1481 263 151 39 punkter

150 318 41 39 på
210 319 318 38 kapitalbudgeten.

196 374 8 26 [
229 372 384 39 statsrådsprotokollet
633 373 121 30 berörs
775 373 86 29 även
885 372 125 39 frågan
1033 382 58 20 om
1113 372 209 30 uranverket
1344 372 11 29 i
1379 370 155 31 Ranstad
1558 379 75 21 som

148 425 172 31 heräknas
343 427 46 29 bli
413 425 181 31 driftklart
617 427 56 29 vid
697 426 123 30 mitten
843 436 43 20 av
908 425 237 31 innevarande
1168 425 48 30 år.
1240 424 394 40 Departementschefen

150 479 158 28 förordar
337 480 49 28 att
413 479 120 30 verket
561 479 168 38 provkörs
758 479 65 29 och
851 481 50 27 att
929 479 125 37 frågan
1081 486 56 21 om
1168 477 273 39 anläggningens
1470 476 163 30 fortsatta

149 532 84 31 drift
255 533 54 29 för
332 533 303 39 uranproduktion
657 533 125 39 prövas
805 533 107 30 sedan
934 532 181 30 resultatet
1137 542 43 20 av
1199 531 218 40 provdriften
1439 530 194 40 föreligger.

149 586 176 30 Utskottet
349 586 190 38 begränsar
565 587 51 39 sig
641 587 11 29 i
677 586 95 30 detta
799 585 256 40 sammanhang
1080 585 52 30 till
1159 587 51 28 att
1234 585 111 30 uttala
1371 585 51 29 att
1447 584 58 29 det
1532 592 102 31 synes

149 639 180 38 angeläget
346 641 50 27 alt
414 639 218 37 provdriften
651 639 160 29 kommer
830 639 9 28 i
856 638 93 40 gång
967 638 10 28 i
998 638 89 39 syfte
1107 639 50 28 att
1175 637 105 29 vinna
1299 636 228 38 erforderliga
1545 636 90 29 erfa-

148 692 162 29 renheter
327 692 220 30 beträffande
566 692 66 30 den
649 692 163 30 fortsatta
831 691 255 39 utvecklingen.

195 746 11 27 I
229 745 383 39 statsrådsprotokollet
634 745 160 29 förordas
817 747 50 27 att
888 745 155 38 bolagets
1065 743 375 41 byggnadsavdelning,
1463 743 106 29 sedan
1593 743 41 28 de

150 808 86 31 egna
259 799 396 40 anläggningsarbetena
678 799 171 35 slutförts,
872 799 176 39 utnyttjas
1069 798 57 30 vid
1149 797 272 40 genomförande
1445 807 42 20 av
1510 797 126 29 främst

150 853 94 30 olika
272 853 138 39 statliga
438 852 322 40 byggnadsprojekt
787 853 64 29 och
879 854 52 28 att
957 852 268 29 verksamheten
1253 851 121 30 därvid
1402 850 161 31 handhas
1591 849 45 40 på

151 906 235 30 kommersiell
413 906 94 30 basis
535 916 43 20 av
604 907 48 29 ett
679 906 55 29 för
763 905 200 30 ändamålet
990 905 109 29 bildat
1127 905 143 38 företag.
1300 905 13 29 I
1342 904 43 30 de
1412 903 223 39 likalydande

151 961 218 29 motionerna
397 960 29 29 I:
443 959 61 30 460
534 960 65 29 och
625 959 45 29 II:
687 959 62 29 550
777 959 106 40 yrkas
911 960 50 28 att
988 958 187 39 riksdagen
1205 958 112 29 skulle
1349 957 109 30 uttala
1487 958 51 28 att
1565 965 73 20 om-

150 1012 158 40 bildning
329 1023 43 20 av
393 1012 412 39 byggnadsavdelningen
828 1011 52 30 till
904 1011 191 30 fristående
1119 1011 134 38 företag
1275 1011 31 39 ej
1333 1010 61 30 bör
1418 1010 141 29 komma
1584 1009 51 30 till

152 1066 102 30 stånd
276 1067 64 29 och
363 1068 51 28 att
436 1065 230 39 avdelningen
689 1065 61 30 bör
773 1065 182 30 avvecklas
980 1064 188 30 successivt
1191 1063 230 30 allteftersom
1444 1063 193 39 byggnads-

152 1119 153 28 behoven
332 1119 107 38 fyllts.
466 1118 117 38 Enligt
609 1118 190 29 utskottets
825 1117 227 39 uppfattning
1078 1117 37 28 är
1142 1117 57 29 det
1226 1125 41 20 av
1294 1117 71 28 stor
1391 1115 75 29 vikt
1493 1116 50 28 att
1570 1116 64 28 den

152 1173 195 40 betydande
387 1172 229 39 sakkunskap
657 1172 222 29 beträffande
918 1171 199 39 byggnader
1156 1171 65 28 och
1260 1170 111 30 andra
1411 1169 132 30 lokaler
1584 1169 54 29 för

152 1225 184 38 forskning
360 1225 65 29 och
448 1224 337 39 utvecklingsarbete
808 1224 95 29 inom
926 1223 266 38 ifrågavarande
1217 1222 152 34 område,
1395 1231 74 20 som
1494 1221 142 29 vunnits

151 1280 96 29 inom
268 1279 423 40 byggnadsavdelningen,
714 1279 72 29 kan
807 1278 194 29 tillvaratas
1024 1278 86 29 även
1132 1278 10 29 i
1165 1277 283 39 fortsättningen.
1470 1275 53 30 Då
1545 1276 95 29 detta

153 1333 122 29 endast
297 1334 10 28 i
328 1332 174 39 obetydlig
524 1331 213 39 omfattning
759 1331 98 30 torde
877 1331 122 29 kunna
1022 1331 59 30 ske
1104 1331 95 29 inom
1220 1329 137 40 bolaget
1378 1330 38 28 är
1439 1329 57 29 det
1519 1330 118 29 natur-

153 1385 60 37 ligt
235 1387 48 27 att
304 1385 106 29 andra
433 1384 137 37 statliga
591 1383 365 37 anläggningsprojekt
976 1383 155 29 kommer
1152 1383 11 29 i
1185 1382 259 37 blickpunkten.
1466 1381 171 29 Utskottet

153 1439 62 27 har
238 1438 53 28 för
313 1445 82 31 egen
419 1437 54 29 del
496 1437 71 30 inte
590 1438 104 37 något
717 1438 49 27 att
788 1436 116 29 erinra
925 1438 72 27 mot
1019 1435 66 30 den
1108 1445 42 19 av
1170 1434 385 40 departementschefen
1579 1443 59 20 an-

154 1492 102 37 givna
281 1491 182 38 lösningen
490 1491 63 28 och
580 1499 102 20 anser
709 1490 50 39 sig
785 1489 121 29 därför
931 1489 71 29 inte
1029 1489 82 29 böra
1138 1488 135 29 biträda
1299 1488 56 29 det
1382 1488 10 29 i
1418 1487 220 29 motionerna

155 1547 28 28 I:
200 1545 62 30 +60
283 1546 64 28 och
368 1546 44 28 II:
429 1545 63 29 550
513 1544 221 30 framställda
754 1543 182 40 yrkandet.

197 1598 117 29 Under
332 1597 219 39 åberopande
570 1606 42 21 av
629 1597 57 29 det
705 1596 148 29 anförda
870 1596 201 29 hemställer
1091 1595 169 29 utskottet
1280 1595 109 28 under
1410 1594 228 29 förevarande

154 1652 122 37 punkt,

518 1708 35 28 a)
584 1706 49 27 att
667 1704 185 38 riksdagen
888 1703 59 29 må
980 1703 51 29 till
1066 1701 446 40 Atomenergiverksamhet
1547 1701 93 29 inom

474 1757 240 38 Aktiebolaget
734 1755 225 39 Atomenergi
979 1755 54 29 för
1054 1755 202 38 budgetåret
1280 1754 149 34 1965/66
1451 1754 119 29 anvisa
1592 1755 47 27 ett

475 1809 355 37 reservationsanslag
852 1818 42 19 av
915 1808 41 29 98
971 1808 62 29 000
1048 1808 64 29 000
1132 1808 68 35 kr.;

517 1864 38 32 b)
586 1865 49 28 att
655 1863 186 38 riksdagen
861 1862 58 29 må
939 1862 187 38 godkänna
1143 1861 65 29 vad
1230 1861 9 29 i
1261 1861 381 39 statsrådsprotokollet

475 1916 136 30 anförts
636 1925 57 20 om
719 1915 200 38 försäkring
945 1924 43 19 av
1013 1914 237 38 Aktiebolaget
1277 1914 240 38 Atomenergis
1541 1921 100 31 egen-

475 1970 82 29 dom
578 1971 72 27 mot
672 1968 185 35 atomrisk;

519 2023 34 32 c)
584 2024 50 27 att
650 2022 220 28 motionerna
887 2021 27 29 I:
932 2020 62 29 460
1011 2021 64 28 och
1093 2021 44 29 II:
1154 2020 62 30 550
1233 2020 74 29 icke
1325 2019 57 30 må
1399 2029 42 20 av
1457 2020 186 38 riksdagen

476 2076 155 34 bifallas;

524 2128 38 33 d)
592 2129 50 28 att
675 2128 219 28 motionerna
926 2127 29 28 I:
973 2126 61 29 464
1068 2126 64 29 och
1164 2126 46 28 II:
1226 2126 73 33 553,
1334 2125 104 29 såvitt
1471 2126 40 29 de
1544 2134 99 21 avser

478 2180 165 28 skrivelse
669 2179 47 28 till
742 2179 124 37 Kungl.
891 2178 116 38 Maj:t,
1032 2178 73 29 icke
1131 2178 56 29 må
1212 2177 179 29 föranleda
1417 2178 111 36 någon
1555 2177 87 28 riks-

478 2234 129 36 dagens
635 2233 131 37 åtgärd.

201 2340 96 30 48:0)
324 2338 273 30 Internationellt
621 2336 413 34 atomenergisamarbete.
1059 2336 8 27 I
1093 2335 151 38 enlighet
1268 2335 77 29 med
1370 2335 125 38 Kungl.
1521 2335 122 38 Maj:ls

160 2393 130 37 förslag
314 2391 130 38 (punkt
466 2390 26 29 F
513 2390 29 33 3,
564 2399 25 20 s.
614 2390 59 27 120
724 2389 93 33 -123),
839 2389 106 28 vilket
969 2388 144 28 innebär
1134 2397 41 20 en
1198 2387 346 38 anslagsminskning
1565 2388 77 27 med

159 2446 95 29 2500
269 2445 62 30 000
356 2444 62 30 kr...
445 2443 199 29 hemställer
671 2442 178 34 utskottet,
