1868 2762
235 139 39 30 14
572 139 312 31 Bankoutskottets
907 141 177 31 utlåtande
1105 151 43 21 nr
1172 144 39 28 15
1232 143 40 29 år
1294 144 83 29 1964

232 217 102 30 lande
354 216 118 31 finner
489 218 170 31 utskottet
677 218 80 32 icke
775 220 123 40 styrkt.
918 220 14 30 I
951 221 95 30 detta
1065 223 257 40 sammanhang
1340 224 59 29 vill
1419 225 172 30 utskottet
1610 225 107 31 fram-

233 270 103 34 hålla,
362 272 50 28 att
438 280 45 21 en
507 271 169 31 avsevärd
701 272 187 31 osäkerhet
911 282 58 21 om
995 274 42 30 de
1062 275 109 30 totala
1198 277 361 40 malmtillgångarnas
1585 279 131 30 storlek

232 323 112 30 måste
363 323 175 31 beräknas
560 324 48 30 bli
629 325 198 31 bestående.
849 327 66 31 Det
936 327 62 30 bör
1020 328 107 30 också
1148 328 155 36 beaktas,
1326 332 50 28 att
1399 331 95 30 olika
1516 332 200 30 malmföre-

231 376 173 30 komsters
422 377 227 40 brytvärdhet
666 378 155 31 varierar
839 380 80 30 med
936 380 138 41 hänsyn
1093 381 52 31 till
1163 382 45 30 bl.
1228 392 30 21 a.
1277 384 295 40 marknadsläget.

276 430 13 29 I
309 430 221 31 motionerna
549 430 161 32 förordas
731 434 48 28 ett
799 433 12 29 i
831 433 92 31 olika
943 434 225 31 hänseenden
1188 436 157 39 utvidgat
1366 438 133 39 statligt
1519 438 197 40 inflytande

230 483 80 29 över
331 483 175 39 gruvdrift
527 484 64 30 och
612 485 288 41 malmförädling
919 487 13 30 i
953 487 262 32 Västerbottens
1237 490 69 29 län.
1327 490 70 30 När
1419 491 58 30 det
1498 492 107 39 gäller
1625 492 90 40 lego-

230 535 86 32 drift
336 537 64 29 och
421 537 81 30 över
522 537 120 31 huvud
662 539 94 39 taget
777 540 132 30 statens
931 541 194 31 samarbete
1145 542 80 30 med
1245 543 164 30 Bolidens
1430 545 286 40 gruvaktiebolag

229 589 177 30 redovisar
424 589 96 32 såväl
536 590 371 42 kommerskollegium
924 602 75 22 som
1016 594 118 40 övriga
1150 595 304 32 remissinstanser
1471 607 43 20 en
1529 598 186 41 värdering

231 651 74 21 som
322 643 112 30 starkt
450 644 140 30 avviker
607 644 80 30 från
703 645 288 32 motionärernas.
1007 647 129 31 Likaså
1152 648 154 31 bemötes
1323 651 120 29 dessas
1460 651 180 31 uttalande
1656 661 58 21 om

228 695 153 40 bolagets
399 697 161 39 negativa
577 697 161 41 hållning
755 699 80 30 med
852 700 169 31 avseende
1039 701 45 40 på
1102 702 237 39 uppkomsten
1357 713 43 20 av
1416 704 298 40 förädlingsindu-

229 749 102 30 strier
346 749 12 30 i
374 750 255 30 Västerbotten.
647 751 118 40 Enligt
782 752 189 31 utskottets
986 754 228 41 uppfattning
1230 756 65 30 har
1311 757 260 30 motionärerna
1588 758 45 39 på
1649 758 65 30 här

229 802 148 39 angivna
397 803 154 39 punkter
570 804 78 31 icke
668 804 142 31 bedömt
831 806 42 30 de
892 806 155 32 rådande
1067 807 269 33 förhållandena
1356 810 45 39 på
1423 811 48 29 ett
1489 810 123 41 riktigt
1634 812 79 29 sätt.

228 856 175 30 Utskottet
417 856 61 30 vill
494 857 106 30 också
615 858 246 40 understryka,
876 861 52 29 att
943 860 124 40 frågan
1083 870 57 21 om
1156 862 67 29 den
1238 862 76 30 takt
1329 863 143 30 varmed
1488 864 225 41 anläggning-

227 917 86 21 arna
332 909 12 29 i
364 909 245 31 Västerbotten
629 911 91 30 skall
740 911 129 41 byggas
889 915 39 28 ut
948 914 65 29 och
1033 923 68 31 nya
1122 914 221 41 fyndigheter
1363 916 217 40 exploateras
1601 918 112 30 måste

228 962 143 39 avgöras
395 963 81 30 med
498 964 138 39 hänsyn
659 965 54 29 till
736 966 391 41 resursanvändningen
1150 969 10 29 i
1186 970 87 30 stort
1297 969 65 30 och
1385 970 52 29 till
1460 970 45 30 bl.
1529 980 30 21 a.
1583 971 129 31 sociala

227 1015 210 40 verkningar
455 1016 45 39 på
517 1017 118 39 längre
654 1018 81 29 sikt.
754 1018 52 30 Av
822 1020 66 29 vad
904 1020 64 29 här
987 1022 93 37 sagts
1098 1021 105 39 följer
1222 1024 50 28 att
1289 1023 171 30 utskottet
1477 1024 77 30 icke
1571 1024 71 30 kan
1660 1025 52 29 in-

226 1069 151 30 stämma
392 1069 12 31 i
422 1069 58 30 det
496 1070 158 39 yrkande
671 1079 77 22 som
764 1072 260 31 motionärerna
1041 1073 202 32 framställt.

271 1121 226 40 Åberopande
513 1123 57 31 det
585 1124 150 31 anförda
750 1124 56 31 får
822 1126 170 30 utskottet
1006 1127 196 35 hemställa,

579 1178 51 29 att
644 1178 221 31 motionerna
881 1180 28 30 I:
926 1179 40 31 22
983 1180 65 30 och
1063 1180 45 31 II:
1125 1181 40 30 27
1181 1181 77 31 icke
1274 1182 107 31 måtte
1398 1182 182 32 föranleda
1596 1184 114 40 någon

534 1229 207 41 riksdagens
758 1231 132 40 åtgärd.

271 1299 201 30 Stockholm
488 1300 67 31 den
572 1301 17 30 7
606 1301 89 40 april
714 1302 85 30 1964

697 1408 49 30 På
763 1408 306 33 bankoutskottets
1086 1412 146 39 vägnar:

813 1497 86 31 C.G.
916 1498 201 31 REGNÉLL

840 1738 240 31 Närvarande:

265 1795 79 30 från
381 1796 168 31 första
586 1798 223 32 kammaren:
831 1800 121 30 herrar
973 1801 126 35 Ståhle,
1122 1801 167 36 Schmidt,
1311 1803 126 31 Gustaf
1454 1804 122 41 Henry
1593 1806 113 30 Hans-

221 1848 73 26 son,
312 1839 71 30 Åke
400 1840 164 36 Larsson,
583 1842 108 35 Palm,
711 1843 230 40 Augustsson,
960 1845 191 30 Mattsson”
1171 1847 65 29 och
1255 1847 180 41 Risberg";

265 1901 79 30 från
378 1903 156 30 andra
568 1904 223 32 kammaren:
811 1906 121 30 herrar
951 1908 151 38 Regnéll,
1121 1908 186 40 Berglund,
1328 1909 57 30 fru
1406 1911 298 40 Renström-Inge-

222 1946 95 34 näs",
344 1946 124 30 herrar
494 1948 162 30 Hansson
683 1950 11 29 i
721 1948 154 41 Önnarp,
902 1951 179 39 Hagnell",
1108 1952 154 30 Larsson
1288 1954 11 29 i
1325 1954 118 35 Umeå,
1471 1955 195 40 Bengtsson
1692 1957 12 29 i

218 1989 232 32 Landskrona
466 1991 66 30 och
550 1992 167 30 Ekström
732 1993 13 30 i
763 1993 181 40 Iggesund.

264 2054 13 14 +
297 2055 33 29 Ej
351 2056 175 24 närvarande
545 2057 48 23 vid
612 2057 180 31 justeringen.
