2242 2620
372 179 19 30 2
599 179 122 32 Första
745 180 206 34 kammarens
974 182 106 32 andra
1106 182 171 42 tillfälliga
1301 184 135 33 utskötts
1459 185 170 33 utlåtande
1653 187 53 31 Nr
1729 190 31 30 4.

371 269 128 47 slagna
527 272 177 45 systemet
733 272 82 34 med
843 272 254 49 anbringande
1127 286 45 24 av
1201 275 234 47 hängmattor
1462 275 85 37 icke
1576 277 127 36 kunna
1731 278 89 48 fylla
1841 280 44 35 de
1901 281 88 35 enk-

370 323 91 35 laste
489 322 92 37 krav
610 326 47 44 på
685 324 287 49 bekvämlighet.

477 376 204 46 Utskottet,
721 390 74 24 som
834 379 66 36 vill
929 380 206 46 förutsätta,
1167 384 54 33 att
1257 381 128 48 kungl.
1411 383 360 48 järnvägsstyrelsen
1801 386 57 36 för
1882 385 106 36 fram-

369 428 102 36 tiden
509 429 63 37 vid
609 429 219 39 inredandet
861 445 45 24 av
943 433 116 49 tredje
1092 434 168 36 klassens
1289 448 202 35 sovvagnar
1522 439 111 34 måtte
1661 439 214 46 ytterligare
1904 442 84 44 taga

368 481 14 36 i
411 485 263 46 övervägande,
719 485 183 37 huruvida
936 486 84 37 icke
1062 490 122 45 någon
1228 488 189 49 möjlighet
1459 490 124 36 kunde
1618 491 197 37 förefinnas
1851 493 56 36 för
1936 496 53 33 ett

368 536 244 37 realiserande
655 551 45 24 av
742 540 44 35 de
828 540 189 36 önskemål
1055 553 55 24 om
1151 541 169 48 billigare
1358 544 203 46 sovplatser
1591 544 56 36 för
1675 545 115 48 tredje
1820 546 167 36 klassens

368 591 164 44 resande,
573 603 76 24 som
689 592 225 37 motionären
943 594 179 45 framfört,
1155 595 56 36 får
1240 596 204 46 hemställa,

908 704 53 33 att
990 701 241 36 förevarande
1265 703 137 37 motion
1430 704 83 36 icke
1542 707 114 34 måtte
1684 705 55 36 till
1768 708 120 45 någon
1919 707 67 36 för-

799 757 57 32 sta
885 754 232 36 kammarens
1148 757 128 46 åtgärd
1305 757 198 36 föranleda.

476 857 210 37 Stockholm
716 860 71 35 den
817 863 50 33 20
897 874 95 23 mars
1024 864 114 34 1919.

951 969 52 35 På
1030 969 201 37 utskottets
1259 975 151 43 vägnar:

933 1076 168 35 OSKAR
1130 1076 294 36 NYLANDER.

472 1283 200 28 Närvarande:
690 1285 101 27 herrar
812 1287 156 33 Nylander,
990 1288 163 31 Welander,
1173 1289 145 33 Tengvall,
1339 1284 122 37 Öhman,
1482 1284 139 41 Öhngren
1641 1292 54 26 och
1715 1292 174 29 Johansson.
