1916 2834
552 131 263 29 Statsutskottets
838 130 168 29 utlåtande
1028 139 39 19 nr
1083 130 70 28 135.
1584 127 15 29 1

761 329 59 40 Nr
851 327 89 42 1385.

423 438 199 37 Utlåtande
649 439 14 35 i
690 438 194 49 anledning
913 451 45 22 av
986 437 135 49 Kungl.
1141 438 130 48 Maj:ts
1290 436 226 49 proposition
1544 448 64 24 an-

494 499 138 49 gående
664 499 353 48 pensionsstyrelsens
1054 498 247 49 organisation
1337 510 47 23 m.
1419 510 44 23 m.
1491 496 116 49 jämte

498 559 15 36 2
539 564 117 32 ämnet
685 559 123 36 väckta
834 560 180 36 motioner.

1388 615 62 42 (3:e
1474 614 86 42 avd.)

150 712 18 31 I
187 711 260 43 propositionen
466 722 41 20 nr
528 712 16 30 1
564 711 62 31 har
644 710 126 42 Kungl.
791 710 101 41 Maj:t
912 710 109 31 under
1041 710 102 31 femte
1163 708 227 38 huvudtiteln,
1411 708 192 42 punkterna

98 762 134 38 45—147,
252 762 179 41 föreslagit
447 761 183 42 riksdagen
647 763 58 37 att,
724 762 13 31 i
754 761 146 31 avbidan
918 763 45 39 på
980 759 147 33 särskild
1144 758 216 44 proposition
1378 759 12 31 i
1408 760 122 37 ämnet,
1550 758 54 30 för

98 812 204 43 budgetåret
320 813 136 31 1947/48
474 814 113 30 såsom
604 811 266 42 förslagsanslag
888 812 109 31 under
1014 811 161 31 rubriken
1192 809 341 42 Pensionsstyrelsen
1550 809 55 31 be-

97 864 104 32 räkna
223 864 55 32 till
301 864 211 42 Avlöningar
534 864 94 31 2500
641 864 61 31 000
724 863 133 39 kronor,
883 863 53 31 till
960 861 252 33 Omkostnader
1234 861 62 32 500
1308 861 61 31 000
1392 860 125 32 kronor
1540 860 63 32 och

98 915 54 32 till
175 915 360 42 Pensionsstyrelsens
559 914 201 32 ortsombud
783 914 61 32 350
857 914 61 31 000
940 913 134 32 kronor.

150 966 160 32 Därefter
324 966 62 31 har
400 966 128 41 Kungl.
545 965 128 41 Maj:t
662 957 21 54 i
688 964 259 43 propositionen
962 975 41 20 nr
1017 964 50 37 51,
1084 963 108 32 under
1207 962 216 42 åberopande
1438 973 41 20 av
1494 961 109 42 bilagt

99 1018 122 41 utdrag
236 1029 41 20 av
294 1016 377 43 statsrådsprotokollet
687 1018 80 29 över
783 1015 258 32 socialärenden
1057 1015 54 30 för
1127 1014 65 31 den
1209 1015 17 30 7
1244 1013 150 32 februari
1412 1013 90 37 1947,
1519 1013 84 31 före-

98 1069 103 41 slagit
219 1068 181 42 riksdagen
420 1070 51 30 att
488 1068 76 31 dels
583 1067 177 42 godkänna
780 1078 40 20 av
841 1065 376 43 departementschefen
1237 1064 162 31 förordad
1418 1063 184 42 omorgani-

98 1119 112 32 sation
235 1130 40 20 av
300 1118 345 43 pensionsstyrelsen,
670 1118 75 31 dels
770 1117 179 42 godkänna
974 1127 41 21 av
1041 1115 375 42 departementschefen
1442 1113 162 32 förordad

98 1169 249 41 avlöningsstat
373 1169 54 31 för
452 1168 343 42 pensionsstyrelsen,
822 1170 50 29 att
896 1167 173 41 tillämpas
1094 1166 73 32 tills
1193 1166 116 31 vidare
1336 1165 75 31 från
1437 1165 63 31 och
1527 1164 77 32 med

100 1220 204 41 budgetåret
322 1220 145 39 1947/48,
486 1221 76 31 dels
581 1221 61 30 ock
661 1219 107 32 under
785 1219 31 31 V
833 1218 219 32 huvudtiteln
1071 1218 54 30 för
1141 1216 147 32 nämnda
1306 1216 168 41 budgetår
1491 1217 114 30 såsom

100 1271 268 43 förslagsanslag
399 1271 127 39 anvisa,
560 1270 54 31 till
645 1269 352 42 Pensionsstyrelsen:
1030 1267 211 42 Avlöningar
1272 1266 93 32 3510
1378 1267 62 31 000
1470 1266 134 38 kronor,

100 1323 54 31 till
171 1322 352 42 Pensionsstyrelsen:
543 1321 249 32 Omkostnader
808 1321 61 31 564
882 1320 62 31 500
960 1320 126 30 kronor
1102 1318 62 32 och
1181 1318 54 32 till
1251 1316 352 42 Pensionsstyrelsen:

100 1373 359 42 Pensionsstyrelsens
483 1372 202 32 ortsombud
706 1372 60 31 330
779 1372 61 31 000
862 1371 134 31 kronor.

592 1466 230 41 Proposition
844 1465 66 33 och
933 1465 189 32 motioner.

153 1525 76 31 Den
249 1526 19 31 5
289 1526 75 40 juni
387 1525 80 31 1946
488 1524 198 32 avlämnade
706 1523 409 33 socialvårdskommittén
1137 1524 49 30 ett
1206 1521 77 32 med
1303 1532 40 20 nr
1363 1520 92 32 XIII
1475 1520 130 32 beteck-

102 1579 58 28 nat
188 1576 216 32 betänkande
437 1575 108 41 (SOU
565 1575 157 41 1946:37)
757 1574 76 32 med
862 1574 131 42 förslag
1022 1572 174 43 angående
1225 1571 380 43 folkpensioneringens

102 1625 272 33 administrativa
412 1625 247 31 handhavande
699 1636 41 19 m.
769 1636 40 19 m.
850 1624 105 31 Detta
981 1622 216 33 betänkande
1223 1622 185 31 innefattar
1434 1639 42 4 —
1502 1620 103 41 jämte

102 1679 103 29 annat
228 1697 43 4 -—
296 1677 129 41 förslag
449 1677 55 31 till
530 1676 128 32 ändrad
685 1676 231 42 organisation
943 1686 41 20 av
1010 1673 335 44 pensionsstyrelsen
1371 1672 53 32 till
1451 1672 89 41 följd
1566 1683 40 20 av

103 1727 525 42 folkpensioneringsreformens
647 1726 264 42 genomförande
932 1725 63 32 och
1015 1725 77 31 med
1111 1724 99 32 tanke
1230 1726 44 40 på
1292 1723 195 31 införandet
1506 1733 41 21 av
1565 1733 42 20 en

101 1779 124 31 allmän
250 1777 282 43 sjukförsäkring.

155 1829 88 32 Över
279 1828 231 32 betänkandet
546 1828 12 31 i
594 1828 66 31 vad
696 1827 184 31 detsamma
918 1836 98 21 avser
1052 1826 103 30 sättet
1192 1824 54 31 för
1281 1823 257 41 utbetalningen
1565 1833 40 20 av

102 1880 310 42 folkpensionerna,
439 1882 69 29 sett
533 1879 74 30 från
632 1878 135 31 teknisk
792 1877 183 41 synpunkt,
1001 1876 44 31 ha
1071 1876 87 31 efter
1183 1874 120 32 remiss
1331 1873 198 32 utlåtanden
1555 1883 51 20 av-

102 1931 103 42 givits
234 1942 41 20 av
303 1929 344 43 pensionsstyrelsen,
676 1926 388 44 generalpoststyrelsen
1093 1925 62 32 och
1185 1926 130 30 statens
1345 1923 261 41 organisations-

101 1982 133 32 nämnd.

159 2031 91 33 Over
267 2030 232 33 betänkandet
517 2031 12 30 i
549 2029 112 41 övrigt
678 2029 44 32 ha
741 2028 182 42 yttranden
942 2026 146 42 avgivits
1107 2037 41 20 av
1168 2025 74 32 dels
1261 2023 345 43 pensionsstyrelsen,

104 2082 396 42 generalpoststyrelsen,
542 2081 284 42 socialstyrelsen,
865 2078 363 42 medicinalstyrelsen,
1269 2075 338 42 riksförsäkringsan-

104 2132 133 39 stalten,
260 2132 318 41 försäkringsrådet,
601 2129 418 38 överståthållarämbetet,
1041 2128 285 42 länsstyrelserna
1346 2127 12 31 i
1379 2126 227 43 Stockholms,

104 2182 193 42 Göteborgs
329 2183 64 31 och
423 2182 129 38 Bohus,
584 2180 203 39 Malmöhus,
821 2180 131 32 Örebro
985 2185 87 26 samt
1104 2178 228 32 Norrbottens
1364 2177 65 38 län,
1463 2176 145 32 svenska

104 2233 291 37 stadsförbundet,
416 2232 145 32 svenska
580 2231 359 31 landskommunernas
960 2229 149 32 förbund
1130 2228 63 32 och
1212 2228 201 41 föreningen
1433 2227 174 42 pensions-

104 2282 352 32 nämndsordförande
481 2282 13 31 i
521 2281 207 37 Stockholm,
756 2280 73 32 dels
856 2280 62 31 ock
943 2298 42 4 —
1010 2279 105 31 sedan
1142 2277 334 42 pensionsstyrelsen
1502 2278 105 39 yttrat

105 2333 52 42 sig
176 2352 42 4 —
237 2344 41 20 av
298 2332 247 31 statskontoret
564 2331 63 31 och
648 2330 169 31 allmänna
836 2328 259 32 lönenämnden.

156 2382 126 32 Vidare
306 2382 70 38 har,
403 2381 86 31 efter
513 2379 147 32 särskild
684 2378 177 38 anmodan,
886 2376 336 43 pensionsstyrelsen
1246 2376 12 31 i
1282 2386 41 21 en
1348 2375 65 31 den
1437 2375 19 31 3
1481 2375 126 31 decem-

105 2434 60 31 ber
189 2435 81 31 1946
294 2432 210 42 dagtecknad
528 2430 223 43 promemoria
774 2429 159 42 framlagt
955 2429 92 31 vissa
1069 2426 214 43 synpunkter
1305 2428 43 40 på
1370 2426 118 41 frågan
1512 2428 96 39 angå-

158 2497 116 35 Bihang
297 2495 46 29 till
364 2494 169 36 riksdagens
550 2493 146 36 protokoll
720 2492 89 28 1947.
856 2492 19 28 6
897 2490 83 30 saml.
1025 2490 47 28 Nr
1096 2490 69 28 185.
1471 2495 54 19 1198
1540 2495 27 19 47
