<?xml version="1.0" encoding="UTF-8"?>
<alto xmlns="http://www.loc.gov/standards/alto/ns-v3#" xmlns:xlink="http://www.w3.org/1999/xlink" xmlns:xsi="http://www.w3.org/2001/XMLSchema-instance" xsi:schemaLocation="http://www.loc.gov/standards/alto/ns-v3# http://www.loc.gov/alto/v3/alto-3-0.xsd">
	<Description>
		<MeasurementUnit>pixel</MeasurementUnit>
		<sourceImageInformation>
			<fileName>/tmp/tess_5gi1ddhv_input.PNG</fileName>
		</sourceImageInformation>
		<OCRProcessing ID="OCR_0">
			<ocrProcessingStep>
				<processingSoftware>
					<softwareName>tesseract 5.3.0</softwareName>
				</processingSoftware>
			</ocrProcessingStep>
		</OCRProcessing>
	</Description>
	<Layout>
		<Page WIDTH="2210" HEIGHT="2626" PHYSICAL_IMG_NR="0" ID="page_0">
			<PrintSpace HPOS="0" VPOS="0" WIDTH="2210" HEIGHT="2626">
				<ComposedBlock ID="cblock_0" HPOS="722" VPOS="233" WIDTH="1057" HEIGHT="43">
					<TextBlock ID="block_0" HPOS="722" VPOS="233" WIDTH="1057" HEIGHT="43">
						<TextLine ID="line_0" HPOS="722" VPOS="233" WIDTH="1057" HEIGHT="43">
							<String ID="string_0" HPOS="722" VPOS="233" WIDTH="277" HEIGHT="35" WC="0.90" CONTENT="Bankoutskottets"/><SP WIDTH="24" VPOS="233" HPOS="999"/>
							<String ID="string_1" HPOS="1023" VPOS="237" WIDTH="163" HEIGHT="33" WC="0.96" CONTENT="utlåtande"/><SP WIDTH="22" VPOS="237" HPOS="1186"/>
							<String ID="string_2" HPOS="1208" VPOS="238" WIDTH="53" HEIGHT="32" WC="0.95" CONTENT="Nr"/><SP WIDTH="23" VPOS="238" HPOS="1261"/>
							<String ID="string_3" HPOS="1284" VPOS="241" WIDTH="51" HEIGHT="31" WC="0.95" CONTENT="54."/><SP WIDTH="407" VPOS="241" HPOS="1335"/>
							<String ID="string_4" HPOS="1742" VPOS="246" WIDTH="37" HEIGHT="30" WC="0.95" CONTENT="19"/>
						</TextLine>
					</TextBlock>
				</ComposedBlock>
				<ComposedBlock ID="cblock_1" HPOS="217" VPOS="304" WIDTH="1608" HEIGHT="846">
					<TextBlock ID="block_1" HPOS="220" VPOS="304" WIDTH="1605" HEIGHT="566">
						<TextLine ID="line_1" HPOS="225" VPOS="304" WIDTH="1597" HEIGHT="65">
							<String ID="string_5" HPOS="225" VPOS="304" WIDTH="108" HEIGHT="36" WC="0.96" CONTENT="dessa"/><SP WIDTH="29" VPOS="304" HPOS="333"/>
							<String ID="string_6" HPOS="362" VPOS="306" WIDTH="96" HEIGHT="37" WC="0.93" CONTENT="hava"/><SP WIDTH="29" VPOS="306" HPOS="458"/>
							<String ID="string_7" HPOS="487" VPOS="309" WIDTH="311" HEIGHT="50" WC="0.91" CONTENT="ålderstilläggen"/><SP WIDTH="31" VPOS="309" HPOS="798"/>
							<String ID="string_8" HPOS="829" VPOS="312" WIDTH="181" HEIGHT="38" WC="0.96" CONTENT="bestämts"/><SP WIDTH="29" VPOS="312" HPOS="1010"/>
							<String ID="string_9" HPOS="1039" VPOS="320" WIDTH="55" HEIGHT="31" WC="0.96" CONTENT="att"/><SP WIDTH="28" VPOS="320" HPOS="1094"/>
							<String ID="string_10" HPOS="1122" VPOS="321" WIDTH="94" HEIGHT="44" WC="0.96" CONTENT="utgå"/><SP WIDTH="29" VPOS="321" HPOS="1216"/>
							<String ID="string_11" HPOS="1245" VPOS="318" WIDTH="95" HEIGHT="37" WC="0.96" CONTENT="efter"/><SP WIDTH="26" VPOS="318" HPOS="1340"/>
							<String ID="string_12" HPOS="1366" VPOS="321" WIDTH="217" HEIGHT="47" WC="0.96" CONTENT="respektive"/><SP WIDTH="29" VPOS="321" HPOS="1583"/>
							<String ID="string_13" HPOS="1612" VPOS="324" WIDTH="33" HEIGHT="45" WC="0.96" CONTENT="5,"/><SP WIDTH="33" VPOS="324" HPOS="1645"/>
							<String ID="string_14" HPOS="1678" VPOS="325" WIDTH="46" HEIGHT="34" WC="0.96" CONTENT="10"/><SP WIDTH="29" VPOS="325" HPOS="1724"/>
							<String ID="string_15" HPOS="1753" VPOS="325" WIDTH="69" HEIGHT="35" WC="0.96" CONTENT="och"/>
						</TextLine>
						<TextLine ID="line_2" HPOS="229" VPOS="356" WIDTH="1596" HEIGHT="67">
							<String ID="string_16" HPOS="229" VPOS="356" WIDTH="43" HEIGHT="35" WC="0.91" CONTENT="15"/><SP WIDTH="21" VPOS="356" HPOS="272"/>
							<String ID="string_17" HPOS="293" VPOS="359" WIDTH="53" HEIGHT="44" WC="0.96" CONTENT="år,"/><SP WIDTH="20" VPOS="359" HPOS="346"/>
							<String ID="string_18" HPOS="366" VPOS="359" WIDTH="68" HEIGHT="35" WC="0.96" CONTENT="och"/><SP WIDTH="21" VPOS="359" HPOS="434"/>
							<String ID="string_19" HPOS="455" VPOS="360" WIDTH="106" HEIGHT="36" WC="0.96" CONTENT="torde"/><SP WIDTH="20" VPOS="360" HPOS="561"/>
							<String ID="string_20" HPOS="581" VPOS="361" WIDTH="127" HEIGHT="36" WC="0.93" CONTENT="därför"/><SP WIDTH="19" VPOS="361" HPOS="708"/>
							<String ID="string_21" HPOS="727" VPOS="364" WIDTH="257" HEIGHT="37" WC="0.92" CONTENT="ovanberörda"/><SP WIDTH="21" VPOS="364" HPOS="984"/>
							<String ID="string_22" HPOS="1005" VPOS="368" WIDTH="154" HEIGHT="46" WC="0.96" CONTENT="motion,"/><SP WIDTH="21" VPOS="368" HPOS="1159"/>
							<String ID="string_23" HPOS="1180" VPOS="369" WIDTH="11" HEIGHT="35" WC="0.96" CONTENT="i"/><SP WIDTH="21" VPOS="369" HPOS="1191"/>
							<String ID="string_24" HPOS="1212" VPOS="370" WIDTH="72" HEIGHT="35" WC="0.96" CONTENT="vad"/><SP WIDTH="21" VPOS="370" HPOS="1284"/>
							<String ID="string_25" HPOS="1305" VPOS="370" WIDTH="72" HEIGHT="36" WC="0.96" CONTENT="den"/><SP WIDTH="20" VPOS="370" HPOS="1377"/>
							<String ID="string_26" HPOS="1397" VPOS="376" WIDTH="62" HEIGHT="31" WC="0.96" CONTENT="rör"/><SP WIDTH="14" VPOS="376" HPOS="1459"/>
							<String ID="string_27" HPOS="1473" VPOS="372" WIDTH="164" HEIGHT="38" WC="0.96" CONTENT="ändrade"/><SP WIDTH="15" VPOS="372" HPOS="1637"/>
							<String ID="string_28" HPOS="1652" VPOS="375" WIDTH="173" HEIGHT="48" WC="0.96" CONTENT="perioder"/>
						</TextLine>
						<TextLine ID="line_3" HPOS="224" VPOS="407" WIDTH="1599" HEIGHT="55">
							<String ID="string_29" HPOS="224" VPOS="407" WIDTH="58" HEIGHT="36" WC="0.93" CONTENT="för"/><SP WIDTH="28" VPOS="407" HPOS="282"/>
							<String ID="string_30" HPOS="310" VPOS="409" WIDTH="329" HEIGHT="50" WC="0.68" CONTENT="ålderstilläggens"/><SP WIDTH="29" VPOS="409" HPOS="639"/>
							<String ID="string_31" HPOS="668" VPOS="416" WIDTH="202" HEIGHT="45" WC="0.96" CONTENT="utgående,"/><SP WIDTH="30" VPOS="416" HPOS="870"/>
							<String ID="string_32" HPOS="900" VPOS="417" WIDTH="82" HEIGHT="36" WC="0.96" CONTENT="icke"/><SP WIDTH="28" VPOS="417" HPOS="982"/>
							<String ID="string_33" HPOS="1010" VPOS="417" WIDTH="90" HEIGHT="37" WC="0.96" CONTENT="böra"/><SP WIDTH="28" VPOS="417" HPOS="1100"/>
							<String ID="string_34" HPOS="1128" VPOS="420" WIDTH="116" HEIGHT="37" WC="0.96" CONTENT="vinna"/><SP WIDTH="29" VPOS="420" HPOS="1244"/>
							<String ID="string_35" HPOS="1273" VPOS="423" WIDTH="193" HEIGHT="36" WC="0.96" CONTENT="avseende."/><SP WIDTH="47" VPOS="423" HPOS="1466"/>
							<String ID="string_36" HPOS="1513" VPOS="424" WIDTH="17" HEIGHT="35" WC="0.96" CONTENT="I"/><SP WIDTH="29" VPOS="424" HPOS="1530"/>
							<String ID="string_37" HPOS="1559" VPOS="431" WIDTH="156" HEIGHT="31" WC="0.96" CONTENT="motsats"/><SP WIDTH="29" VPOS="431" HPOS="1715"/>
							<String ID="string_38" HPOS="1744" VPOS="433" WIDTH="79" HEIGHT="29" WC="0.96" CONTENT="mot"/>
						</TextLine>
						<TextLine ID="line_4" HPOS="224" VPOS="459" WIDTH="1599" HEIGHT="65">
							<String ID="string_39" HPOS="224" VPOS="459" WIDTH="72" HEIGHT="36" WC="0.96" CONTENT="vad"/><SP WIDTH="42" VPOS="459" HPOS="296"/>
							<String ID="string_40" HPOS="338" VPOS="461" WIDTH="105" HEIGHT="36" WC="0.96" CONTENT="fallet"/><SP WIDTH="41" VPOS="461" HPOS="443"/>
							<String ID="string_41" HPOS="484" VPOS="467" WIDTH="40" HEIGHT="30" WC="0.96" CONTENT="är"/><SP WIDTH="40" VPOS="467" HPOS="524"/>
							<String ID="string_42" HPOS="564" VPOS="463" WIDTH="103" HEIGHT="36" WC="0.92" CONTENT="inom"/><SP WIDTH="44" VPOS="463" HPOS="667"/>
							<String ID="string_43" HPOS="711" VPOS="466" WIDTH="382" HEIGHT="51" WC="0.85" CONTENT="statsförvaltningen"/><SP WIDTH="36" VPOS="466" HPOS="1093"/>
							<String ID="string_44" HPOS="1129" VPOS="471" WIDTH="11" HEIGHT="35" WC="0.96" CONTENT="i"/><SP WIDTH="33" VPOS="471" HPOS="1140"/>
							<String ID="string_45" HPOS="1173" VPOS="472" WIDTH="128" HEIGHT="48" WC="0.96" CONTENT="övrigt"/><SP WIDTH="41" VPOS="472" HPOS="1301"/>
							<String ID="string_46" HPOS="1342" VPOS="473" WIDTH="233" HEIGHT="38" WC="0.96" CONTENT="förekomma"/><SP WIDTH="31" VPOS="473" HPOS="1575"/>
							<String ID="string_47" HPOS="1606" VPOS="476" WIDTH="12" HEIGHT="35" WC="0.96" CONTENT="i"/><SP WIDTH="28" VPOS="476" HPOS="1618"/>
							<String ID="string_48" HPOS="1646" VPOS="477" WIDTH="177" HEIGHT="47" WC="0.95" CONTENT="gällande"/>
						</TextLine>
						<TextLine ID="line_5" HPOS="224" VPOS="511" WIDTH="1599" HEIGHT="65">
							<String ID="string_49" HPOS="224" VPOS="511" WIDTH="282" HEIGHT="37" WC="0.96" CONTENT="bestämmelser"/><SP WIDTH="29" VPOS="511" HPOS="506"/>
							<String ID="string_50" HPOS="535" VPOS="513" WIDTH="57" HEIGHT="36" WC="0.96" CONTENT="för"/><SP WIDTH="29" VPOS="513" HPOS="592"/>
							<String ID="string_51" HPOS="621" VPOS="515" WIDTH="68" HEIGHT="35" WC="0.96" CONTENT="här"/><SP WIDTH="27" VPOS="515" HPOS="689"/>
							<String ID="string_52" HPOS="716" VPOS="516" WIDTH="289" HEIGHT="50" WC="0.93" CONTENT="ifrågavarande"/><SP WIDTH="30" VPOS="516" HPOS="1005"/>
							<String ID="string_53" HPOS="1035" VPOS="521" WIDTH="379" HEIGHT="50" WC="0.90" CONTENT="befattningshavare"/><SP WIDTH="19" VPOS="521" HPOS="1414"/>
							<String ID="string_54" HPOS="1433" VPOS="526" WIDTH="135" HEIGHT="36" WC="0.96" CONTENT="endast"/><SP WIDTH="18" VPOS="526" HPOS="1568"/>
							<String ID="string_55" HPOS="1586" VPOS="530" WIDTH="64" HEIGHT="33" WC="0.96" CONTENT="två"/><SP WIDTH="20" VPOS="530" HPOS="1650"/>
							<String ID="string_56" HPOS="1670" VPOS="528" WIDTH="153" HEIGHT="48" WC="0.92" CONTENT="tjänste-"/>
						</TextLine>
						<TextLine ID="line_6" HPOS="221" VPOS="562" WIDTH="1601" HEIGHT="61">
							<String ID="string_57" HPOS="221" VPOS="562" WIDTH="148" HEIGHT="47" WC="0.96" CONTENT="grader,"/><SP WIDTH="42" VPOS="562" HPOS="369"/>
							<String ID="string_58" HPOS="411" VPOS="563" WIDTH="213" HEIGHT="39" WC="0.96" CONTENT="benämnda"/><SP WIDTH="28" VPOS="563" HPOS="624"/>
							<String ID="string_59" HPOS="652" VPOS="566" WIDTH="12" HEIGHT="36" WC="0.92" CONTENT="i"/><SP WIDTH="28" VPOS="566" HPOS="664"/>
							<String ID="string_60" HPOS="692" VPOS="568" WIDTH="329" HEIGHT="51" WC="0.92" CONTENT="avlöningsstaten"/><SP WIDTH="42" VPOS="568" HPOS="1021"/>
							<String ID="string_61" HPOS="1063" VPOS="573" WIDTH="58" HEIGHT="36" WC="0.93" CONTENT="för"/><SP WIDTH="40" VPOS="573" HPOS="1121"/>
							<String ID="string_62" HPOS="1161" VPOS="575" WIDTH="245" HEIGHT="48" WC="0.95" CONTENT="riksbanken,"/><SP WIDTH="43" VPOS="575" HPOS="1406"/>
							<String ID="string_63" HPOS="1449" VPOS="577" WIDTH="117" HEIGHT="37" WC="0.96" CONTENT="första"/><SP WIDTH="41" VPOS="577" HPOS="1566"/>
							<String ID="string_64" HPOS="1607" VPOS="579" WIDTH="69" HEIGHT="36" WC="0.96" CONTENT="och"/><SP WIDTH="30" VPOS="579" HPOS="1676"/>
							<String ID="string_65" HPOS="1706" VPOS="581" WIDTH="116" HEIGHT="35" WC="0.96" CONTENT="andra"/>
						</TextLine>
						<TextLine ID="line_7" HPOS="221" VPOS="614" WIDTH="1600" HEIGHT="65">
							<String ID="string_66" HPOS="221" VPOS="614" WIDTH="146" HEIGHT="47" WC="0.96" CONTENT="graden"/><SP WIDTH="28" VPOS="614" HPOS="367"/>
							<String ID="string_67" HPOS="395" VPOS="622" WIDTH="97" HEIGHT="30" WC="0.95" CONTENT="samt"/><SP WIDTH="27" VPOS="622" HPOS="492"/>
							<String ID="string_68" HPOS="519" VPOS="617" WIDTH="11" HEIGHT="35" WC="0.93" CONTENT="i"/><SP WIDTH="29" VPOS="617" HPOS="530"/>
							<String ID="string_69" HPOS="559" VPOS="617" WIDTH="386" HEIGHT="50" WC="0.92" CONTENT="riksgäldskontorets"/><SP WIDTH="28" VPOS="617" HPOS="945"/>
							<String ID="string_70" HPOS="973" VPOS="629" WIDTH="86" HEIGHT="43" WC="0.96" CONTENT="stat,"/><SP WIDTH="21" VPOS="629" HPOS="1059"/>
							<String ID="string_71" HPOS="1080" VPOS="626" WIDTH="213" HEIGHT="48" WC="0.96" CONTENT="respektive"/><SP WIDTH="19" VPOS="626" HPOS="1293"/>
							<String ID="string_72" HPOS="1312" VPOS="628" WIDTH="106" HEIGHT="48" WC="0.96" CONTENT="lägre"/><SP WIDTH="20" VPOS="628" HPOS="1418"/>
							<String ID="string_73" HPOS="1438" VPOS="629" WIDTH="71" HEIGHT="36" WC="0.96" CONTENT="och"/><SP WIDTH="19" VPOS="629" HPOS="1509"/>
							<String ID="string_74" HPOS="1528" VPOS="629" WIDTH="119" HEIGHT="49" WC="0.96" CONTENT="högre"/><SP WIDTH="20" VPOS="629" HPOS="1647"/>
							<String ID="string_75" HPOS="1667" VPOS="631" WIDTH="154" HEIGHT="48" WC="0.96" CONTENT="graden."/>
						</TextLine>
						<TextLine ID="line_8" HPOS="221" VPOS="665" WIDTH="1599" HEIGHT="61">
							<String ID="string_76" HPOS="221" VPOS="665" WIDTH="119" HEIGHT="37" WC="0.96" CONTENT="Dessa"/><SP WIDTH="40" VPOS="665" HPOS="340"/>
							<String ID="string_77" HPOS="380" VPOS="668" WIDTH="137" HEIGHT="47" WC="0.96" CONTENT="grader"/><SP WIDTH="41" VPOS="668" HPOS="517"/>
							<String ID="string_78" HPOS="558" VPOS="682" WIDTH="110" HEIGHT="24" WC="0.96" CONTENT="svara"/><SP WIDTH="41" VPOS="682" HPOS="668"/>
							<String ID="string_79" HPOS="709" VPOS="678" WIDTH="79" HEIGHT="30" WC="0.96" CONTENT="mot"/><SP WIDTH="40" VPOS="678" HPOS="788"/>
							<String ID="string_80" HPOS="828" VPOS="674" WIDTH="118" HEIGHT="37" WC="0.96" CONTENT="andra"/><SP WIDTH="32" VPOS="674" HPOS="946"/>
							<String ID="string_81" HPOS="978" VPOS="676" WIDTH="69" HEIGHT="36" WC="0.96" CONTENT="och"/><SP WIDTH="29" VPOS="676" HPOS="1047"/>
							<String ID="string_82" HPOS="1076" VPOS="677" WIDTH="119" HEIGHT="48" WC="0.96" CONTENT="tredje"/><SP WIDTH="27" VPOS="677" HPOS="1195"/>
							<String ID="string_83" HPOS="1222" VPOS="679" WIDTH="187" HEIGHT="47" WC="0.96" CONTENT="graderna"/><SP WIDTH="28" VPOS="679" HPOS="1409"/>
							<String ID="string_84" HPOS="1437" VPOS="681" WIDTH="101" HEIGHT="36" WC="0.93" CONTENT="inom"/><SP WIDTH="30" VPOS="681" HPOS="1538"/>
							<String ID="string_85" HPOS="1568" VPOS="684" WIDTH="252" HEIGHT="35" WC="0.91" CONTENT="statsförvalt-"/>
						</TextLine>
						<TextLine ID="line_9" HPOS="220" VPOS="717" WIDTH="1601" HEIGHT="58">
							<String ID="string_86" HPOS="220" VPOS="717" WIDTH="144" HEIGHT="48" WC="0.96" CONTENT="ningen"/><SP WIDTH="29" VPOS="717" HPOS="364"/>
							<String ID="string_87" HPOS="393" VPOS="719" WIDTH="12" HEIGHT="35" WC="0.60" CONTENT="i"/><SP WIDTH="28" VPOS="719" HPOS="405"/>
							<String ID="string_88" HPOS="433" VPOS="720" WIDTH="134" HEIGHT="48" WC="0.95" CONTENT="övrigt."/><SP WIDTH="56" VPOS="720" HPOS="567"/>
							<String ID="string_89" HPOS="623" VPOS="722" WIDTH="126" HEIGHT="48" WC="0.85" CONTENT="Något"/><SP WIDTH="37" VPOS="722" HPOS="749"/>
							<String ID="string_90" HPOS="786" VPOS="727" WIDTH="221" HEIGHT="48" WC="0.85" CONTENT="ortstillägg"/><SP WIDTH="37" VPOS="727" HPOS="1007"/>
							<String ID="string_91" HPOS="1044" VPOS="728" WIDTH="253" HEIGHT="39" WC="0.96" CONTENT="förekommer"/><SP WIDTH="35" VPOS="728" HPOS="1297"/>
							<String ID="string_92" HPOS="1332" VPOS="731" WIDTH="83" HEIGHT="37" WC="0.96" CONTENT="icke"/><SP WIDTH="37" VPOS="731" HPOS="1415"/>
							<String ID="string_93" HPOS="1452" VPOS="733" WIDTH="60" HEIGHT="36" WC="0.96" CONTENT="för"/><SP WIDTH="35" VPOS="733" HPOS="1512"/>
							<String ID="string_94" HPOS="1547" VPOS="736" WIDTH="235" HEIGHT="36" WC="0.96" CONTENT="närvarande"/><SP WIDTH="28" VPOS="736" HPOS="1782"/>
							<String ID="string_95" HPOS="1810" VPOS="736" WIDTH="11" HEIGHT="35" WC="0.96" CONTENT="i"/>
						</TextLine>
						<TextLine ID="line_10" HPOS="220" VPOS="770" WIDTH="1601" HEIGHT="64">
							<String ID="string_96" HPOS="220" VPOS="774" WIDTH="124" HEIGHT="31" WC="0.96" CONTENT="staten"/><SP WIDTH="29" VPOS="774" HPOS="344"/>
							<String ID="string_97" HPOS="373" VPOS="770" WIDTH="58" HEIGHT="36" WC="0.96" CONTENT="för"/><SP WIDTH="18" VPOS="770" HPOS="431"/>
							<String ID="string_98" HPOS="449" VPOS="771" WIDTH="77" HEIGHT="45" WC="0.96" CONTENT="här"/><SP WIDTH="28" VPOS="771" HPOS="526"/>
							<String ID="string_99" HPOS="554" VPOS="774" WIDTH="164" HEIGHT="36" WC="0.93" CONTENT="avsedda"/><SP WIDTH="29" VPOS="774" HPOS="718"/>
							<String ID="string_100" HPOS="747" VPOS="775" WIDTH="390" HEIGHT="52" WC="0.92" CONTENT="befattningshavare,"/><SP WIDTH="31" VPOS="775" HPOS="1137"/>
							<String ID="string_101" HPOS="1168" VPOS="782" WIDTH="69" HEIGHT="36" WC="0.96" CONTENT="och"/><SP WIDTH="29" VPOS="782" HPOS="1237"/>
							<String ID="string_102" HPOS="1266" VPOS="784" WIDTH="106" HEIGHT="35" WC="0.96" CONTENT="torde"/><SP WIDTH="28" VPOS="784" HPOS="1372"/>
							<String ID="string_103" HPOS="1400" VPOS="787" WIDTH="127" HEIGHT="46" WC="0.95" CONTENT="någon"/><SP WIDTH="29" VPOS="787" HPOS="1527"/>
							<String ID="string_104" HPOS="1556" VPOS="786" WIDTH="163" HEIGHT="48" WC="0.93" CONTENT="ändring"/><SP WIDTH="19" VPOS="786" HPOS="1719"/>
							<String ID="string_105" HPOS="1738" VPOS="787" WIDTH="83" HEIGHT="36" WC="0.93" CONTENT="här-"/>
						</TextLine>
						<TextLine ID="line_11" HPOS="220" VPOS="820" WIDTH="449" HEIGHT="50">
							<String ID="string_106" HPOS="220" VPOS="820" WIDTH="161" HEIGHT="36" WC="0.91" CONTENT="utinnan"/><SP WIDTH="28" VPOS="820" HPOS="381"/>
							<String ID="string_107" HPOS="409" VPOS="822" WIDTH="32" HEIGHT="48" WC="0.96" CONTENT="ej"/><SP WIDTH="32" VPOS="822" HPOS="441"/>
							<String ID="string_108" HPOS="473" VPOS="822" WIDTH="89" HEIGHT="37" WC="0.96" CONTENT="böra"/><SP WIDTH="28" VPOS="822" HPOS="562"/>
							<String ID="string_109" HPOS="590" VPOS="825" WIDTH="79" HEIGHT="35" WC="0.96" CONTENT="ske."/>
						</TextLine>
					</TextBlock>
					<TextBlock ID="block_2" HPOS="217" VPOS="872" WIDTH="1604" HEIGHT="274">
						<TextLine ID="line_12" HPOS="349" VPOS="872" WIDTH="1471" HEIGHT="63">
							<String ID="string_110" HPOS="349" VPOS="872" WIDTH="83" HEIGHT="36" WC="0.96" CONTENT="Vad"/><SP WIDTH="36" VPOS="872" HPOS="432"/>
							<String ID="string_111" HPOS="468" VPOS="874" WIDTH="104" HEIGHT="36" WC="0.95" CONTENT="tiden"/><SP WIDTH="38" VPOS="874" HPOS="572"/>
							<String ID="string_112" HPOS="610" VPOS="876" WIDTH="59" HEIGHT="36" WC="0.95" CONTENT="för"/><SP WIDTH="35" VPOS="876" HPOS="669"/>
							<String ID="string_113" HPOS="704" VPOS="878" WIDTH="294" HEIGHT="51" WC="0.96" CONTENT="tillämpningen"/><SP WIDTH="29" VPOS="878" HPOS="998"/>
							<String ID="string_114" HPOS="1027" VPOS="895" WIDTH="48" HEIGHT="24" WC="0.96" CONTENT="av"/><SP WIDTH="28" VPOS="895" HPOS="1075"/>
							<String ID="string_115" HPOS="1103" VPOS="883" WIDTH="46" HEIGHT="37" WC="0.96" CONTENT="de"/><SP WIDTH="27" VPOS="883" HPOS="1149"/>
							<String ID="string_116" HPOS="1176" VPOS="898" WIDTH="77" HEIGHT="36" WC="0.93" CONTENT="nya"/><SP WIDTH="29" VPOS="898" HPOS="1253"/>
							<String ID="string_117" HPOS="1282" VPOS="885" WIDTH="538" HEIGHT="50" WC="0.92" CONTENT="avlöningsbestämmelserna"/>
						</TextLine>
						<TextLine ID="line_13" HPOS="219" VPOS="924" WIDTH="1602" HEIGHT="65">
							<String ID="string_118" HPOS="219" VPOS="926" WIDTH="132" HEIGHT="45" WC="0.95" CONTENT="angår,"/><SP WIDTH="30" VPOS="926" HPOS="351"/>
							<String ID="string_119" HPOS="381" VPOS="924" WIDTH="105" HEIGHT="37" WC="0.96" CONTENT="torde"/><SP WIDTH="28" VPOS="924" HPOS="486"/>
							<String ID="string_120" HPOS="514" VPOS="926" WIDTH="46" HEIGHT="36" WC="0.96" CONTENT="de"/><SP WIDTH="27" VPOS="926" HPOS="560"/>
							<String ID="string_121" HPOS="587" VPOS="927" WIDTH="93" HEIGHT="37" WC="0.97" CONTENT="böra"/><SP WIDTH="27" VPOS="927" HPOS="680"/>
							<String ID="string_122" HPOS="707" VPOS="931" WIDTH="107" HEIGHT="35" WC="0.95" CONTENT="träda"/><SP WIDTH="27" VPOS="931" HPOS="814"/>
							<String ID="string_123" HPOS="841" VPOS="932" WIDTH="12" HEIGHT="35" WC="0.96" CONTENT="i"/><SP WIDTH="27" VPOS="932" HPOS="853"/>
							<String ID="string_124" HPOS="880" VPOS="932" WIDTH="103" HEIGHT="37" WC="0.96" CONTENT="kraft"/><SP WIDTH="29" VPOS="932" HPOS="983"/>
							<String ID="string_125" HPOS="1012" VPOS="934" WIDTH="81" HEIGHT="37" WC="0.96" CONTENT="från"/><SP WIDTH="30" VPOS="934" HPOS="1093"/>
							<String ID="string_126" HPOS="1123" VPOS="936" WIDTH="70" HEIGHT="36" WC="0.96" CONTENT="och"/><SP WIDTH="29" VPOS="936" HPOS="1193"/>
							<String ID="string_127" HPOS="1222" VPOS="937" WIDTH="85" HEIGHT="36" WC="0.96" CONTENT="med"/><SP WIDTH="29" VPOS="937" HPOS="1307"/>
							<String ID="string_128" HPOS="1336" VPOS="940" WIDTH="41" HEIGHT="33" WC="0.96" CONTENT="år"/><SP WIDTH="31" VPOS="940" HPOS="1377"/>
							<String ID="string_129" HPOS="1408" VPOS="940" WIDTH="107" HEIGHT="36" WC="0.96" CONTENT="1920."/><SP WIDTH="57" VPOS="940" HPOS="1515"/>
							<String ID="string_130" HPOS="1572" VPOS="940" WIDTH="15" HEIGHT="35" WC="0.96" CONTENT="I"/><SP WIDTH="20" VPOS="940" HPOS="1587"/>
							<String ID="string_131" HPOS="1607" VPOS="941" WIDTH="126" HEIGHT="48" WC="0.96" CONTENT="övrigt"/><SP WIDTH="19" VPOS="941" HPOS="1733"/>
							<String ID="string_132" HPOS="1752" VPOS="942" WIDTH="69" HEIGHT="36" WC="0.96" CONTENT="har"/>
						</TextLine>
						<TextLine ID="line_14" HPOS="218" VPOS="975" WIDTH="1601" HEIGHT="67">
							<String ID="string_133" HPOS="218" VPOS="975" WIDTH="187" HEIGHT="37" WC="0.96" CONTENT="utskottet"/><SP WIDTH="26" VPOS="975" HPOS="405"/>
							<String ID="string_134" HPOS="431" VPOS="977" WIDTH="84" HEIGHT="37" WC="0.96" CONTENT="icke"/><SP WIDTH="28" VPOS="977" HPOS="515"/>
							<String ID="string_135" HPOS="543" VPOS="978" WIDTH="83" HEIGHT="37" WC="0.96" CONTENT="haft"/><SP WIDTH="27" VPOS="978" HPOS="626"/>
							<String ID="string_136" HPOS="653" VPOS="983" WIDTH="118" HEIGHT="47" WC="0.96" CONTENT="något"/><SP WIDTH="27" VPOS="983" HPOS="771"/>
							<String ID="string_137" HPOS="798" VPOS="988" WIDTH="55" HEIGHT="31" WC="0.96" CONTENT="att"/><SP WIDTH="28" VPOS="988" HPOS="853"/>
							<String ID="string_138" HPOS="881" VPOS="985" WIDTH="125" HEIGHT="36" WC="0.96" CONTENT="erinra"/><SP WIDTH="18" VPOS="985" HPOS="1006"/>
							<String ID="string_139" HPOS="1024" VPOS="992" WIDTH="80" HEIGHT="31" WC="0.96" CONTENT="mot"/><SP WIDTH="20" VPOS="992" HPOS="1104"/>
							<String ID="string_140" HPOS="1124" VPOS="987" WIDTH="259" HEIGHT="51" WC="0.96" CONTENT="fullmäktiges"/><SP WIDTH="20" VPOS="987" HPOS="1383"/>
							<String ID="string_141" HPOS="1403" VPOS="990" WIDTH="327" HEIGHT="52" WC="0.96" CONTENT="framställningar"/><SP WIDTH="19" VPOS="990" HPOS="1730"/>
							<String ID="string_142" HPOS="1749" VPOS="994" WIDTH="70" HEIGHT="36" WC="0.96" CONTENT="och"/>
						</TextLine>
						<TextLine ID="line_15" HPOS="218" VPOS="1026" WIDTH="1601" HEIGHT="65">
							<String ID="string_143" HPOS="218" VPOS="1026" WIDTH="219" HEIGHT="38" WC="0.96" CONTENT="hemställer"/><SP WIDTH="32" VPOS="1026" HPOS="437"/>
							<String ID="string_144" HPOS="469" VPOS="1030" WIDTH="195" HEIGHT="49" WC="0.96" CONTENT="utskottet,"/><SP WIDTH="33" VPOS="1030" HPOS="664"/>
							<String ID="string_145" HPOS="697" VPOS="1046" WIDTH="80" HEIGHT="24" WC="0.96" CONTENT="som"/><SP WIDTH="29" VPOS="1046" HPOS="777"/>
							<String ID="string_146" HPOS="806" VPOS="1035" WIDTH="171" HEIGHT="38" WC="0.96" CONTENT="kommer"/><SP WIDTH="28" VPOS="1035" HPOS="977"/>
							<String ID="string_147" HPOS="1005" VPOS="1043" WIDTH="55" HEIGHT="32" WC="0.96" CONTENT="att"/><SP WIDTH="28" VPOS="1043" HPOS="1060"/>
							<String ID="string_148" HPOS="1088" VPOS="1040" WIDTH="141" HEIGHT="48" WC="0.91" CONTENT="avgiva"/><SP WIDTH="28" VPOS="1040" HPOS="1229"/>
							<String ID="string_149" HPOS="1257" VPOS="1041" WIDTH="153" HEIGHT="37" WC="0.96" CONTENT="särskilt"/><SP WIDTH="26" VPOS="1041" HPOS="1410"/>
							<String ID="string_150" HPOS="1436" VPOS="1044" WIDTH="194" HEIGHT="37" WC="0.95" CONTENT="utlåtande"/><SP WIDTH="27" VPOS="1044" HPOS="1630"/>
							<String ID="string_151" HPOS="1657" VPOS="1045" WIDTH="162" HEIGHT="46" WC="0.96" CONTENT="rörande"/>
						</TextLine>
						<TextLine ID="line_16" HPOS="217" VPOS="1078" WIDTH="1600" HEIGHT="72">
							<String ID="string_152" HPOS="217" VPOS="1078" WIDTH="207" HEIGHT="49" WC="0.96" CONTENT="ifrågasatt"/><SP WIDTH="28" VPOS="1078" HPOS="424"/>
							<String ID="string_153" HPOS="452" VPOS="1081" WIDTH="185" HEIGHT="50" WC="0.93" CONTENT="tillfälligt"/><SP WIDTH="40" VPOS="1081" HPOS="637"/>
							<String ID="string_154" HPOS="677" VPOS="1085" WIDTH="226" HEIGHT="51" WC="0.90" CONTENT="lönetillägg"/><SP WIDTH="36" VPOS="1085" HPOS="903"/>
							<String ID="string_155" HPOS="939" VPOS="1088" WIDTH="59" HEIGHT="37" WC="0.96" CONTENT="för"/><SP WIDTH="27" VPOS="1088" HPOS="998"/>
							<String ID="string_156" HPOS="1025" VPOS="1093" WIDTH="40" HEIGHT="33" WC="0.96" CONTENT="år"/><SP WIDTH="31" VPOS="1093" HPOS="1065"/>
							<String ID="string_157" HPOS="1096" VPOS="1093" WIDTH="96" HEIGHT="35" WC="0.96" CONTENT="1919"/><SP WIDTH="31" VPOS="1093" HPOS="1192"/>
							<String ID="string_158" HPOS="1223" VPOS="1095" WIDTH="38" HEIGHT="33" WC="0.96" CONTENT="åt"/><SP WIDTH="28" VPOS="1095" HPOS="1261"/>
							<String ID="string_159" HPOS="1289" VPOS="1093" WIDTH="110" HEIGHT="37" WC="0.96" CONTENT="dessa"/><SP WIDTH="27" VPOS="1093" HPOS="1399"/>
							<String ID="string_160" HPOS="1426" VPOS="1091" WIDTH="391" HEIGHT="59" WC="0.90" CONTENT="befattningshavare,"/>
						</TextLine>
					</TextBlock>
				</ComposedBlock>
				<ComposedBlock ID="cblock_2" HPOS="603" VPOS="1190" WIDTH="1215" HEIGHT="1190">
					<TextBlock ID="block_3" HPOS="613" VPOS="1190" WIDTH="1204" HEIGHT="109">
						<TextLine ID="line_17" HPOS="743" VPOS="1190" WIDTH="1074" HEIGHT="56">
							<String ID="string_161" HPOS="743" VPOS="1196" WIDTH="55" HEIGHT="31" WC="0.96" CONTENT="att"/><SP WIDTH="26" VPOS="1196" HPOS="798"/>
							<String ID="string_162" HPOS="824" VPOS="1190" WIDTH="218" HEIGHT="52" WC="0.95" CONTENT="riksdagen,"/><SP WIDTH="29" VPOS="1190" HPOS="1042"/>
							<String ID="string_163" HPOS="1071" VPOS="1195" WIDTH="86" HEIGHT="36" WC="0.97" CONTENT="med"/><SP WIDTH="29" VPOS="1195" HPOS="1157"/>
							<String ID="string_164" HPOS="1186" VPOS="1195" WIDTH="135" HEIGHT="51" WC="0.93" CONTENT="avslag"/><SP WIDTH="27" VPOS="1195" HPOS="1321"/>
							<String ID="string_165" HPOS="1348" VPOS="1200" WIDTH="20" HEIGHT="33" WC="0.91" CONTENT="å"/><SP WIDTH="29" VPOS="1200" HPOS="1368"/>
							<String ID="string_166" HPOS="1397" VPOS="1199" WIDTH="258" HEIGHT="38" WC="0.92" CONTENT="ovanberörda"/><SP WIDTH="20" VPOS="1199" HPOS="1655"/>
							<String ID="string_167" HPOS="1675" VPOS="1202" WIDTH="142" HEIGHT="36" WC="0.96" CONTENT="motion"/>
						</TextLine>
						<TextLine ID="line_18" HPOS="613" VPOS="1241" WIDTH="1090" HEIGHT="58">
							<String ID="string_168" HPOS="613" VPOS="1241" WIDTH="27" HEIGHT="36" WC="0.96" CONTENT="I:"/><SP WIDTH="22" VPOS="1241" HPOS="640"/>
							<String ID="string_169" HPOS="662" VPOS="1243" WIDTH="83" HEIGHT="46" WC="0.96" CONTENT="105,"/><SP WIDTH="30" VPOS="1243" HPOS="745"/>
							<String ID="string_170" HPOS="775" VPOS="1243" WIDTH="116" HEIGHT="36" WC="0.96" CONTENT="såvitt"/><SP WIDTH="27" VPOS="1243" HPOS="891"/>
							<String ID="string_171" HPOS="918" VPOS="1243" WIDTH="72" HEIGHT="37" WC="0.96" CONTENT="den"/><SP WIDTH="29" VPOS="1243" HPOS="990"/>
							<String ID="string_172" HPOS="1019" VPOS="1259" WIDTH="110" HEIGHT="23" WC="0.93" CONTENT="avser"/><SP WIDTH="28" VPOS="1259" HPOS="1129"/>
							<String ID="string_173" HPOS="1157" VPOS="1247" WIDTH="273" HEIGHT="52" WC="0.91" CONTENT="ålderstillägg,"/><SP WIDTH="29" VPOS="1247" HPOS="1430"/>
							<String ID="string_174" HPOS="1459" VPOS="1254" WIDTH="61" HEIGHT="33" WC="0.96" CONTENT="må"/><SP WIDTH="27" VPOS="1254" HPOS="1520"/>
							<String ID="string_175" HPOS="1547" VPOS="1251" WIDTH="156" HEIGHT="48" WC="0.96" CONTENT="besluta,"/>
						</TextLine>
					</TextBlock>
					<TextBlock ID="block_4" HPOS="605" VPOS="1293" WIDTH="1213" HEIGHT="310">
						<TextLine ID="line_19" HPOS="746" VPOS="1293" WIDTH="1072" HEIGHT="59">
							<String ID="string_176" HPOS="746" VPOS="1293" WIDTH="71" HEIGHT="49" WC="0.0" CONTENT="1:0)"/><SP WIDTH="41" VPOS="1293" HPOS="817"/>
							<String ID="string_177" HPOS="858" VPOS="1300" WIDTH="54" HEIGHT="31" WC="0.93" CONTENT="att"/><SP WIDTH="29" VPOS="1300" HPOS="912"/>
							<String ID="string_178" HPOS="941" VPOS="1297" WIDTH="275" HEIGHT="48" WC="0.92" CONTENT="avlöningarna"/><SP WIDTH="29" VPOS="1297" HPOS="1216"/>
							<String ID="string_179" HPOS="1245" VPOS="1300" WIDTH="58" HEIGHT="36" WC="0.96" CONTENT="för"/><SP WIDTH="27" VPOS="1300" HPOS="1303"/>
							<String ID="string_180" HPOS="1330" VPOS="1301" WIDTH="46" HEIGHT="36" WC="0.96" CONTENT="de"/><SP WIDTH="29" VPOS="1301" HPOS="1376"/>
							<String ID="string_181" HPOS="1405" VPOS="1302" WIDTH="185" HEIGHT="37" WC="0.96" CONTENT="ordinarie"/><SP WIDTH="27" VPOS="1302" HPOS="1590"/>
							<String ID="string_182" HPOS="1617" VPOS="1303" WIDTH="201" HEIGHT="49" WC="0.96" CONTENT="kvinnliga"/>
						</TextLine>
						<TextLine ID="line_20" HPOS="613" VPOS="1343" WIDTH="1204" HEIGHT="62">
							<String ID="string_183" HPOS="613" VPOS="1343" WIDTH="196" HEIGHT="38" WC="0.92" CONTENT="biträdena"/><SP WIDTH="28" VPOS="1343" HPOS="809"/>
							<String ID="string_184" HPOS="837" VPOS="1346" WIDTH="64" HEIGHT="36" WC="0.96" CONTENT="vid"/><SP WIDTH="24" VPOS="1346" HPOS="901"/>
							<String ID="string_185" HPOS="925" VPOS="1347" WIDTH="252" HEIGHT="39" WC="0.95" CONTENT="riksbankens"/><SP WIDTH="20" VPOS="1347" HPOS="1177"/>
							<String ID="string_186" HPOS="1197" VPOS="1351" WIDTH="269" HEIGHT="39" WC="0.96" CONTENT="huvudkontor"/><SP WIDTH="18" VPOS="1351" HPOS="1466"/>
							<String ID="string_187" HPOS="1484" VPOS="1354" WIDTH="72" HEIGHT="36" WC="0.96" CONTENT="och"/><SP WIDTH="20" VPOS="1354" HPOS="1556"/>
							<String ID="string_188" HPOS="1576" VPOS="1355" WIDTH="241" HEIGHT="50" WC="0.91" CONTENT="avdelnings-"/>
						</TextLine>
						<TextLine ID="line_21" HPOS="612" VPOS="1395" WIDTH="1203" HEIGHT="60">
							<String ID="string_189" HPOS="612" VPOS="1395" WIDTH="188" HEIGHT="38" WC="0.96" CONTENT="kontoren"/><SP WIDTH="36" VPOS="1395" HPOS="800"/>
							<String ID="string_190" HPOS="836" VPOS="1398" WIDTH="12" HEIGHT="35" WC="0.96" CONTENT="i"/><SP WIDTH="38" VPOS="1398" HPOS="848"/>
							<String ID="string_191" HPOS="886" VPOS="1397" WIDTH="200" HEIGHT="52" WC="0.96" CONTENT="Göteborg"/><SP WIDTH="41" VPOS="1397" HPOS="1086"/>
							<String ID="string_192" HPOS="1127" VPOS="1403" WIDTH="70" HEIGHT="35" WC="0.96" CONTENT="och"/><SP WIDTH="41" VPOS="1403" HPOS="1197"/>
							<String ID="string_193" HPOS="1238" VPOS="1403" WIDTH="152" HEIGHT="49" WC="0.93" CONTENT="Malmö,"/><SP WIDTH="42" VPOS="1403" HPOS="1390"/>
							<String ID="string_194" HPOS="1432" VPOS="1405" WIDTH="383" HEIGHT="50" WC="0.91" CONTENT="riksgäldskontoret,"/>
						</TextLine>
						<TextLine ID="line_22" HPOS="605" VPOS="1447" WIDTH="1210" HEIGHT="54">
							<String ID="string_195" HPOS="605" VPOS="1447" WIDTH="659" HEIGHT="54" WC="0.90" CONTENT="justieombudsmansexpeditionen"/><SP WIDTH="32" VPOS="1447" HPOS="1264"/>
							<String ID="string_196" HPOS="1296" VPOS="1456" WIDTH="71" HEIGHT="36" WC="0.93" CONTENT="och"/><SP WIDTH="28" VPOS="1456" HPOS="1367"/>
							<String ID="string_197" HPOS="1395" VPOS="1457" WIDTH="420" HEIGHT="39" WC="0.88" CONTENT="militieombudsmans-"/>
						</TextLine>
						<TextLine ID="line_23" HPOS="611" VPOS="1500" WIDTH="1205" HEIGHT="48">
							<String ID="string_198" HPOS="611" VPOS="1500" WIDTH="267" HEIGHT="48" WC="0.96" CONTENT="expeditionen"/><SP WIDTH="28" VPOS="1500" HPOS="878"/>
							<String ID="string_199" HPOS="906" VPOS="1505" WIDTH="62" HEIGHT="33" WC="0.95" CONTENT="må"/><SP WIDTH="28" VPOS="1505" HPOS="968"/>
							<String ID="string_200" HPOS="996" VPOS="1503" WIDTH="83" HEIGHT="37" WC="0.96" CONTENT="från"/><SP WIDTH="28" VPOS="1503" HPOS="1079"/>
							<String ID="string_201" HPOS="1107" VPOS="1506" WIDTH="71" HEIGHT="36" WC="0.96" CONTENT="och"/><SP WIDTH="30" VPOS="1506" HPOS="1178"/>
							<String ID="string_202" HPOS="1208" VPOS="1507" WIDTH="85" HEIGHT="36" WC="0.96" CONTENT="med"/><SP WIDTH="29" VPOS="1507" HPOS="1293"/>
							<String ID="string_203" HPOS="1322" VPOS="1511" WIDTH="40" HEIGHT="33" WC="0.96" CONTENT="år"/><SP WIDTH="30" VPOS="1511" HPOS="1362"/>
							<String ID="string_204" HPOS="1392" VPOS="1510" WIDTH="97" HEIGHT="35" WC="0.96" CONTENT="1920"/><SP WIDTH="20" VPOS="1510" HPOS="1489"/>
							<String ID="string_205" HPOS="1509" VPOS="1509" WIDTH="230" HEIGHT="39" WC="0.96" CONTENT="bestämmas"/><SP WIDTH="22" VPOS="1509" HPOS="1739"/>
							<String ID="string_206" HPOS="1761" VPOS="1512" WIDTH="55" HEIGHT="36" WC="0.96" CONTENT="till"/>
						</TextLine>
						<TextLine ID="line_24" HPOS="612" VPOS="1551" WIDTH="350" HEIGHT="52">
							<String ID="string_207" HPOS="612" VPOS="1551" WIDTH="167" HEIGHT="49" WC="0.96" CONTENT="följande"/><SP WIDTH="28" VPOS="1551" HPOS="779"/>
							<String ID="string_208" HPOS="807" VPOS="1553" WIDTH="155" HEIGHT="50" WC="0.96" CONTENT="belopp:"/>
						</TextLine>
					</TextBlock>
					<TextBlock ID="block_5" HPOS="609" VPOS="1604" WIDTH="1206" HEIGHT="317">
						<TextLine ID="line_25" HPOS="740" VPOS="1604" WIDTH="1075" HEIGHT="58">
							<String ID="string_209" HPOS="740" VPOS="1604" WIDTH="59" HEIGHT="37" WC="0.96" CONTENT="för"/><SP WIDTH="13" VPOS="1604" HPOS="799"/>
							<String ID="string_210" HPOS="812" VPOS="1605" WIDTH="146" HEIGHT="38" WC="0.96" CONTENT="biträde"/><SP WIDTH="21" VPOS="1605" HPOS="958"/>
							<String ID="string_211" HPOS="979" VPOS="1620" WIDTH="45" HEIGHT="23" WC="0.97" CONTENT="av"/><SP WIDTH="18" VPOS="1620" HPOS="1024"/>
							<String ID="string_212" HPOS="1042" VPOS="1608" WIDTH="108" HEIGHT="49" WC="0.96" CONTENT="lägre"/><SP WIDTH="15" VPOS="1608" HPOS="1150"/>
							<String ID="string_213" HPOS="1165" VPOS="1610" WIDTH="145" HEIGHT="48" WC="0.96" CONTENT="graden"/><SP WIDTH="17" VPOS="1610" HPOS="1310"/>
							<String ID="string_214" HPOS="1327" VPOS="1611" WIDTH="55" HEIGHT="37" WC="0.92" CONTENT="till"/><SP WIDTH="17" VPOS="1611" HPOS="1382"/>
							<String ID="string_215" HPOS="1399" VPOS="1614" WIDTH="111" HEIGHT="44" WC="0.92" CONTENT="2,000"/><SP WIDTH="17" VPOS="1614" HPOS="1510"/>
							<String ID="string_216" HPOS="1527" VPOS="1614" WIDTH="150" HEIGHT="48" WC="0.96" CONTENT="kronor,"/><SP WIDTH="22" VPOS="1614" HPOS="1677"/>
							<String ID="string_217" HPOS="1699" VPOS="1615" WIDTH="116" HEIGHT="36" WC="0.96" CONTENT="därav"/>
						</TextLine>
						<TextLine ID="line_26" HPOS="614" VPOS="1656" WIDTH="1199" HEIGHT="60">
							<String ID="string_218" HPOS="614" VPOS="1656" WIDTH="111" HEIGHT="46" WC="0.92" CONTENT="1,500"/><SP WIDTH="42" VPOS="1656" HPOS="725"/>
							<String ID="string_219" HPOS="767" VPOS="1656" WIDTH="143" HEIGHT="37" WC="0.96" CONTENT="kronor"/><SP WIDTH="42" VPOS="1656" HPOS="910"/>
							<String ID="string_220" HPOS="952" VPOS="1658" WIDTH="64" HEIGHT="37" WC="0.96" CONTENT="lön"/><SP WIDTH="42" VPOS="1658" HPOS="1016"/>
							<String ID="string_221" HPOS="1058" VPOS="1660" WIDTH="70" HEIGHT="37" WC="0.96" CONTENT="och"/><SP WIDTH="38" VPOS="1660" HPOS="1128"/>
							<String ID="string_222" HPOS="1166" VPOS="1663" WIDTH="74" HEIGHT="36" WC="0.96" CONTENT="500"/><SP WIDTH="30" VPOS="1663" HPOS="1240"/>
							<String ID="string_223" HPOS="1270" VPOS="1662" WIDTH="140" HEIGHT="38" WC="0.92" CONTENT="kronor"/><SP WIDTH="28" VPOS="1662" HPOS="1410"/>
							<String ID="string_224" HPOS="1438" VPOS="1665" WIDTH="375" HEIGHT="51" WC="0.92" CONTENT="tjänstgöringspen-"/>
						</TextLine>
						<TextLine ID="line_27" HPOS="609" VPOS="1707" WIDTH="1203" HEIGHT="57">
							<String ID="string_225" HPOS="609" VPOS="1707" WIDTH="149" HEIGHT="49" WC="0.95" CONTENT="ningar,"/><SP WIDTH="43" VPOS="1707" HPOS="758"/>
							<String ID="string_226" HPOS="801" VPOS="1709" WIDTH="125" HEIGHT="36" WC="0.95" CONTENT="vartill"/><SP WIDTH="41" VPOS="1709" HPOS="926"/>
							<String ID="string_227" HPOS="967" VPOS="1710" WIDTH="129" HEIGHT="38" WC="0.95" CONTENT="kunna"/><SP WIDTH="41" VPOS="1710" HPOS="1096"/>
							<String ID="string_228" HPOS="1137" VPOS="1714" WIDTH="95" HEIGHT="36" WC="0.94" CONTENT="efter"/><SP WIDTH="40" VPOS="1714" HPOS="1232"/>
							<String ID="string_229" HPOS="1272" VPOS="1715" WIDTH="213" HEIGHT="49" WC="0.96" CONTENT="respektive"/><SP WIDTH="35" VPOS="1715" HPOS="1485"/>
							<String ID="string_230" HPOS="1520" VPOS="1719" WIDTH="33" HEIGHT="45" WC="0.96" CONTENT="5,"/><SP WIDTH="38" VPOS="1719" HPOS="1553"/>
							<String ID="string_231" HPOS="1591" VPOS="1720" WIDTH="45" HEIGHT="34" WC="0.96" CONTENT="10"/><SP WIDTH="29" VPOS="1720" HPOS="1636"/>
							<String ID="string_232" HPOS="1665" VPOS="1719" WIDTH="71" HEIGHT="36" WC="0.96" CONTENT="och"/><SP WIDTH="31" VPOS="1719" HPOS="1736"/>
							<String ID="string_233" HPOS="1767" VPOS="1721" WIDTH="45" HEIGHT="34" WC="0.96" CONTENT="15"/>
						</TextLine>
						<TextLine ID="line_28" HPOS="610" VPOS="1759" WIDTH="1201" HEIGHT="56">
							<String ID="string_234" HPOS="610" VPOS="1762" WIDTH="40" HEIGHT="34" WC="0.96" CONTENT="år"/><SP WIDTH="27" VPOS="1762" HPOS="650"/>
							<String ID="string_235" HPOS="677" VPOS="1759" WIDTH="154" HEIGHT="37" WC="0.95" CONTENT="komma"/><SP WIDTH="27" VPOS="1759" HPOS="831"/>
							<String ID="string_236" HPOS="858" VPOS="1766" WIDTH="57" HEIGHT="31" WC="0.93" CONTENT="tre"/><SP WIDTH="30" VPOS="1766" HPOS="915"/>
							<String ID="string_237" HPOS="945" VPOS="1762" WIDTH="276" HEIGHT="52" WC="0.91" CONTENT="ålderstillägg,"/><SP WIDTH="29" VPOS="1762" HPOS="1221"/>
							<String ID="string_238" HPOS="1250" VPOS="1773" WIDTH="84" HEIGHT="30" WC="0.96" CONTENT="vart"/><SP WIDTH="24" VPOS="1773" HPOS="1334"/>
							<String ID="string_239" HPOS="1358" VPOS="1769" WIDTH="68" HEIGHT="34" WC="0.96" CONTENT="och"/><SP WIDTH="23" VPOS="1769" HPOS="1426"/>
							<String ID="string_240" HPOS="1449" VPOS="1774" WIDTH="52" HEIGHT="31" WC="0.93" CONTENT="ett"/><SP WIDTH="20" VPOS="1774" HPOS="1501"/>
							<String ID="string_241" HPOS="1521" VPOS="1772" WIDTH="20" HEIGHT="33" WC="0.92" CONTENT="å"/><SP WIDTH="20" VPOS="1772" HPOS="1541"/>
							<String ID="string_242" HPOS="1561" VPOS="1771" WIDTH="74" HEIGHT="35" WC="0.96" CONTENT="200"/><SP WIDTH="20" VPOS="1771" HPOS="1635"/>
							<String ID="string_243" HPOS="1655" VPOS="1770" WIDTH="156" HEIGHT="45" WC="0.96" CONTENT="kronor;"/>
						</TextLine>
						<TextLine ID="line_29" HPOS="609" VPOS="1811" WIDTH="1204" HEIGHT="56">
							<String ID="string_244" HPOS="609" VPOS="1811" WIDTH="181" HEIGHT="37" WC="0.92" CONTENT="skolande"/><SP WIDTH="43" VPOS="1811" HPOS="790"/>
							<String ID="string_245" HPOS="833" VPOS="1826" WIDTH="47" HEIGHT="23" WC="0.95" CONTENT="av"/><SP WIDTH="40" VPOS="1826" HPOS="880"/>
							<String ID="string_246" HPOS="920" VPOS="1815" WIDTH="104" HEIGHT="48" WC="0.93" CONTENT="varje"/><SP WIDTH="41" VPOS="1815" HPOS="1024"/>
							<String ID="string_247" HPOS="1065" VPOS="1816" WIDTH="264" HEIGHT="51" WC="0.91" CONTENT="ålderstillägg"/><SP WIDTH="43" VPOS="1816" HPOS="1329"/>
							<String ID="string_248" HPOS="1372" VPOS="1821" WIDTH="72" HEIGHT="34" WC="0.95" CONTENT="100"/><SP WIDTH="42" VPOS="1821" HPOS="1444"/>
							<String ID="string_249" HPOS="1486" VPOS="1820" WIDTH="141" HEIGHT="38" WC="0.95" CONTENT="kronor"/><SP WIDTH="37" VPOS="1820" HPOS="1627"/>
							<String ID="string_250" HPOS="1664" VPOS="1822" WIDTH="149" HEIGHT="38" WC="0.96" CONTENT="tillhöra"/>
						</TextLine>
						<TextLine ID="line_30" HPOS="609" VPOS="1864" WIDTH="1074" HEIGHT="57">
							<String ID="string_251" HPOS="609" VPOS="1864" WIDTH="63" HEIGHT="36" WC="0.95" CONTENT="lön"/><SP WIDTH="28" VPOS="1864" HPOS="672"/>
							<String ID="string_252" HPOS="700" VPOS="1864" WIDTH="70" HEIGHT="36" WC="0.95" CONTENT="och"/><SP WIDTH="32" VPOS="1864" HPOS="770"/>
							<String ID="string_253" HPOS="802" VPOS="1866" WIDTH="72" HEIGHT="35" WC="0.95" CONTENT="100"/><SP WIDTH="29" VPOS="1866" HPOS="874"/>
							<String ID="string_254" HPOS="903" VPOS="1866" WIDTH="139" HEIGHT="37" WC="0.93" CONTENT="kronor"/><SP WIDTH="27" VPOS="1866" HPOS="1042"/>
							<String ID="string_255" HPOS="1069" VPOS="1868" WIDTH="509" HEIGHT="53" WC="0.91" CONTENT="tjänstgöringspenningar,"/><SP WIDTH="34" VPOS="1868" HPOS="1578"/>
							<String ID="string_256" HPOS="1612" VPOS="1874" WIDTH="71" HEIGHT="36" WC="0.96" CONTENT="och"/>
						</TextLine>
					</TextBlock>
					<TextBlock ID="block_6" HPOS="607" VPOS="1916" WIDTH="1207" HEIGHT="316">
						<TextLine ID="line_31" HPOS="739" VPOS="1916" WIDTH="1075" HEIGHT="58">
							<String ID="string_257" HPOS="739" VPOS="1916" WIDTH="59" HEIGHT="36" WC="0.96" CONTENT="för"/><SP WIDTH="16" VPOS="1916" HPOS="798"/>
							<String ID="string_258" HPOS="814" VPOS="1916" WIDTH="145" HEIGHT="38" WC="0.96" CONTENT="biträde"/><SP WIDTH="16" VPOS="1916" HPOS="959"/>
							<String ID="string_259" HPOS="975" VPOS="1932" WIDTH="46" HEIGHT="23" WC="0.96" CONTENT="av"/><SP WIDTH="14" VPOS="1932" HPOS="1021"/>
							<String ID="string_260" HPOS="1035" VPOS="1920" WIDTH="120" HEIGHT="49" WC="0.95" CONTENT="högre"/><SP WIDTH="14" VPOS="1920" HPOS="1155"/>
							<String ID="string_261" HPOS="1169" VPOS="1922" WIDTH="146" HEIGHT="46" WC="0.95" CONTENT="graden"/><SP WIDTH="16" VPOS="1922" HPOS="1315"/>
							<String ID="string_262" HPOS="1331" VPOS="1923" WIDTH="55" HEIGHT="36" WC="0.93" CONTENT="till"/><SP WIDTH="21" VPOS="1923" HPOS="1386"/>
							<String ID="string_263" HPOS="1407" VPOS="1925" WIDTH="112" HEIGHT="44" WC="0.91" CONTENT="2,400"/><SP WIDTH="16" VPOS="1925" HPOS="1519"/>
							<String ID="string_264" HPOS="1535" VPOS="1925" WIDTH="150" HEIGHT="49" WC="0.96" CONTENT="kronor,"/><SP WIDTH="12" VPOS="1925" HPOS="1685"/>
							<String ID="string_265" HPOS="1697" VPOS="1926" WIDTH="117" HEIGHT="37" WC="0.96" CONTENT="därav"/>
						</TextLine>
						<TextLine ID="line_32" HPOS="612" VPOS="1968" WIDTH="1200" HEIGHT="59">
							<String ID="string_266" HPOS="612" VPOS="1969" WIDTH="111" HEIGHT="44" WC="0.91" CONTENT="1,700"/><SP WIDTH="43" VPOS="1969" HPOS="723"/>
							<String ID="string_267" HPOS="766" VPOS="1968" WIDTH="142" HEIGHT="37" WC="0.95" CONTENT="kronor"/><SP WIDTH="41" VPOS="1968" HPOS="908"/>
							<String ID="string_268" HPOS="949" VPOS="1970" WIDTH="64" HEIGHT="36" WC="0.96" CONTENT="lön"/><SP WIDTH="42" VPOS="1970" HPOS="1013"/>
							<String ID="string_269" HPOS="1055" VPOS="1972" WIDTH="70" HEIGHT="36" WC="0.96" CONTENT="och"/><SP WIDTH="37" VPOS="1972" HPOS="1125"/>
							<String ID="string_270" HPOS="1162" VPOS="1975" WIDTH="73" HEIGHT="34" WC="0.96" CONTENT="700"/><SP WIDTH="35" VPOS="1975" HPOS="1235"/>
							<String ID="string_271" HPOS="1270" VPOS="1974" WIDTH="140" HEIGHT="37" WC="0.93" CONTENT="kronor"/><SP WIDTH="28" VPOS="1974" HPOS="1410"/>
							<String ID="string_272" HPOS="1438" VPOS="1976" WIDTH="374" HEIGHT="51" WC="0.91" CONTENT="tjänstgöringspen-"/>
						</TextLine>
						<TextLine ID="line_33" HPOS="608" VPOS="2019" WIDTH="1202" HEIGHT="56">
							<String ID="string_273" HPOS="608" VPOS="2019" WIDTH="150" HEIGHT="49" WC="0.96" CONTENT="ningar,"/><SP WIDTH="42" VPOS="2019" HPOS="758"/>
							<String ID="string_274" HPOS="800" VPOS="2021" WIDTH="126" HEIGHT="36" WC="0.95" CONTENT="vartill"/><SP WIDTH="40" VPOS="2021" HPOS="926"/>
							<String ID="string_275" HPOS="966" VPOS="2022" WIDTH="130" HEIGHT="37" WC="0.95" CONTENT="kunna"/><SP WIDTH="37" VPOS="2022" HPOS="1096"/>
							<String ID="string_276" HPOS="1133" VPOS="2025" WIDTH="99" HEIGHT="36" WC="0.96" CONTENT="efter"/><SP WIDTH="36" VPOS="2025" HPOS="1232"/>
							<String ID="string_277" HPOS="1268" VPOS="2027" WIDTH="216" HEIGHT="48" WC="0.95" CONTENT="respektive"/><SP WIDTH="39" VPOS="2027" HPOS="1484"/>
							<String ID="string_278" HPOS="1523" VPOS="2030" WIDTH="33" HEIGHT="44" WC="0.96" CONTENT="5,"/><SP WIDTH="34" VPOS="2030" HPOS="1556"/>
							<String ID="string_279" HPOS="1590" VPOS="2031" WIDTH="44" HEIGHT="34" WC="0.96" CONTENT="10"/><SP WIDTH="29" VPOS="2031" HPOS="1634"/>
							<String ID="string_280" HPOS="1663" VPOS="2030" WIDTH="71" HEIGHT="36" WC="0.96" CONTENT="och"/><SP WIDTH="32" VPOS="2030" HPOS="1734"/>
							<String ID="string_281" HPOS="1766" VPOS="2032" WIDTH="44" HEIGHT="34" WC="0.96" CONTENT="15"/>
						</TextLine>
						<TextLine ID="line_34" HPOS="607" VPOS="2071" WIDTH="1203" HEIGHT="55">
							<String ID="string_282" HPOS="607" VPOS="2074" WIDTH="41" HEIGHT="33" WC="0.96" CONTENT="år"/><SP WIDTH="27" VPOS="2074" HPOS="648"/>
							<String ID="string_283" HPOS="675" VPOS="2071" WIDTH="152" HEIGHT="37" WC="0.95" CONTENT="komma"/><SP WIDTH="28" VPOS="2071" HPOS="827"/>
							<String ID="string_284" HPOS="855" VPOS="2079" WIDTH="56" HEIGHT="30" WC="0.93" CONTENT="tre"/><SP WIDTH="29" VPOS="2079" HPOS="911"/>
							<String ID="string_285" HPOS="940" VPOS="2074" WIDTH="273" HEIGHT="51" WC="0.91" CONTENT="ålderstillägg,"/><SP WIDTH="29" VPOS="2074" HPOS="1213"/>
							<String ID="string_286" HPOS="1242" VPOS="2084" WIDTH="84" HEIGHT="30" WC="0.95" CONTENT="vart"/><SP WIDTH="29" VPOS="2084" HPOS="1326"/>
							<String ID="string_287" HPOS="1355" VPOS="2079" WIDTH="69" HEIGHT="36" WC="0.95" CONTENT="och"/><SP WIDTH="22" VPOS="2079" HPOS="1424"/>
							<String ID="string_288" HPOS="1446" VPOS="2084" WIDTH="53" HEIGHT="32" WC="0.93" CONTENT="ett"/><SP WIDTH="20" VPOS="2084" HPOS="1499"/>
							<String ID="string_289" HPOS="1519" VPOS="2083" WIDTH="20" HEIGHT="33" WC="0.90" CONTENT="å"/><SP WIDTH="21" VPOS="2083" HPOS="1539"/>
							<String ID="string_290" HPOS="1560" VPOS="2082" WIDTH="73" HEIGHT="35" WC="0.96" CONTENT="200"/><SP WIDTH="21" VPOS="2082" HPOS="1633"/>
							<String ID="string_291" HPOS="1654" VPOS="2081" WIDTH="156" HEIGHT="45" WC="0.96" CONTENT="kronor;"/>
						</TextLine>
						<TextLine ID="line_35" HPOS="609" VPOS="2123" WIDTH="1201" HEIGHT="55">
							<String ID="string_292" HPOS="609" VPOS="2123" WIDTH="181" HEIGHT="37" WC="0.92" CONTENT="skolande"/><SP WIDTH="29" VPOS="2123" HPOS="790"/>
							<String ID="string_293" HPOS="819" VPOS="2137" WIDTH="45" HEIGHT="23" WC="0.95" CONTENT="av"/><SP WIDTH="30" VPOS="2137" HPOS="864"/>
							<String ID="string_294" HPOS="894" VPOS="2125" WIDTH="104" HEIGHT="49" WC="0.93" CONTENT="varje"/><SP WIDTH="28" VPOS="2125" HPOS="998"/>
							<String ID="string_295" HPOS="1026" VPOS="2127" WIDTH="264" HEIGHT="51" WC="0.90" CONTENT="ålderstillägg"/><SP WIDTH="31" VPOS="2127" HPOS="1290"/>
							<String ID="string_296" HPOS="1321" VPOS="2131" WIDTH="72" HEIGHT="35" WC="0.96" CONTENT="100"/><SP WIDTH="28" VPOS="2131" HPOS="1393"/>
							<String ID="string_297" HPOS="1421" VPOS="2131" WIDTH="139" HEIGHT="37" WC="0.96" CONTENT="kronor"/><SP WIDTH="19" VPOS="2131" HPOS="1560"/>
							<String ID="string_298" HPOS="1579" VPOS="2133" WIDTH="150" HEIGHT="36" WC="0.96" CONTENT="tillhöra"/><SP WIDTH="18" VPOS="2133" HPOS="1729"/>
							<String ID="string_299" HPOS="1747" VPOS="2134" WIDTH="63" HEIGHT="36" WC="0.96" CONTENT="lön"/>
						</TextLine>
						<TextLine ID="line_36" HPOS="607" VPOS="2175" WIDTH="891" HEIGHT="57">
							<String ID="string_300" HPOS="607" VPOS="2175" WIDTH="71" HEIGHT="36" WC="0.96" CONTENT="och"/><SP WIDTH="33" VPOS="2175" HPOS="678"/>
							<String ID="string_301" HPOS="711" VPOS="2177" WIDTH="72" HEIGHT="35" WC="0.96" CONTENT="100"/><SP WIDTH="30" VPOS="2177" HPOS="783"/>
							<String ID="string_302" HPOS="813" VPOS="2176" WIDTH="141" HEIGHT="37" WC="0.93" CONTENT="kronor"/><SP WIDTH="27" VPOS="2176" HPOS="954"/>
							<String ID="string_303" HPOS="981" VPOS="2178" WIDTH="517" HEIGHT="54" WC="0.91" CONTENT="tjänstgöringspenningar;"/>
						</TextLine>
					</TextBlock>
					<TextBlock ID="block_7" HPOS="603" VPOS="2227" WIDTH="1208" HEIGHT="153">
						<TextLine ID="line_37" HPOS="736" VPOS="2227" WIDTH="1072" HEIGHT="54">
							<String ID="string_304" HPOS="736" VPOS="2227" WIDTH="73" HEIGHT="49" WC="0.92" CONTENT="2:0)"/><SP WIDTH="18" VPOS="2227" HPOS="809"/>
							<String ID="string_305" HPOS="827" VPOS="2234" WIDTH="55" HEIGHT="30" WC="0.93" CONTENT="att"/><SP WIDTH="15" VPOS="2234" HPOS="882"/>
							<String ID="string_306" HPOS="897" VPOS="2230" WIDTH="413" HEIGHT="51" WC="0.92" CONTENT="pensionsunderlagen"/><SP WIDTH="18" VPOS="2230" HPOS="1310"/>
							<String ID="string_307" HPOS="1328" VPOS="2235" WIDTH="57" HEIGHT="35" WC="0.96" CONTENT="för"/><SP WIDTH="15" VPOS="2235" HPOS="1385"/>
							<String ID="string_308" HPOS="1400" VPOS="2237" WIDTH="265" HEIGHT="36" WC="0.93" CONTENT="ovannämnda"/><SP WIDTH="12" VPOS="2237" HPOS="1665"/>
							<String ID="string_309" HPOS="1677" VPOS="2237" WIDTH="131" HEIGHT="36" WC="0.91" CONTENT="kvinn-"/>
						</TextLine>
						<TextLine ID="line_38" HPOS="605" VPOS="2279" WIDTH="1206" HEIGHT="59">
							<String ID="string_310" HPOS="605" VPOS="2279" WIDTH="79" HEIGHT="49" WC="0.93" CONTENT="liga"/><SP WIDTH="27" VPOS="2279" HPOS="684"/>
							<String ID="string_311" HPOS="711" VPOS="2279" WIDTH="174" HEIGHT="38" WC="0.91" CONTENT="biträden"/><SP WIDTH="29" VPOS="2279" HPOS="885"/>
							<String ID="string_312" HPOS="914" VPOS="2284" WIDTH="60" HEIGHT="33" WC="0.96" CONTENT="må"/><SP WIDTH="28" VPOS="2284" HPOS="974"/>
							<String ID="string_313" HPOS="1002" VPOS="2282" WIDTH="230" HEIGHT="39" WC="0.95" CONTENT="bestämmas"/><SP WIDTH="29" VPOS="2282" HPOS="1232"/>
							<String ID="string_314" HPOS="1261" VPOS="2286" WIDTH="57" HEIGHT="35" WC="0.95" CONTENT="till"/><SP WIDTH="29" VPOS="2286" HPOS="1318"/>
							<String ID="string_315" HPOS="1347" VPOS="2286" WIDTH="167" HEIGHT="50" WC="0.96" CONTENT="följande"/><SP WIDTH="28" VPOS="2286" HPOS="1514"/>
							<String ID="string_316" HPOS="1542" VPOS="2288" WIDTH="149" HEIGHT="50" WC="0.93" CONTENT="belopp,"/><SP WIDTH="21" VPOS="2288" HPOS="1691"/>
							<String ID="string_317" HPOS="1712" VPOS="2294" WIDTH="99" HEIGHT="31" WC="0.92" CONTENT="näm-"/>
						</TextLine>
						<TextLine ID="line_39" HPOS="603" VPOS="2330" WIDTH="121" HEIGHT="50">
							<String ID="string_318" HPOS="603" VPOS="2330" WIDTH="121" HEIGHT="50" WC="0.96" CONTENT="ligen:"/>
						</TextLine>
					</TextBlock>
				</ComposedBlock>
			</PrintSpace>
		</Page>
	</Layout>
</alto>
