1856 2764
509 161 278 33 Statsutskottets
803 163 175 33 utlåtande
994 174 40 22 nr
1050 167 21 30 8
1087 165 37 32 år
1139 169 82 29 1965
1573 175 37 28 19

482 240 28 32 I.
528 244 53 28 att
598 241 174 41 riksdagen
789 243 55 31 må
861 244 50 32 till
928 244 124 40 Bidrag
1070 245 49 32 till
1136 246 161 32 särskilda
1314 247 177 32 kulturella
1508 249 101 31 ända-

440 294 69 31 mål
530 293 52 33 för
604 294 198 41 budgetåret
827 297 143 36 1965/66
995 297 115 33 anvisa
1134 302 51 29 ett
1207 299 334 43 reservationsanslag
1566 313 42 21 av

443 349 36 28 11
493 350 61 28 300
566 350 61 29 000
647 348 59 37 kr.;

483 399 45 33 I.
544 404 53 29 att
613 400 205 34 motionerna
834 402 29 32 I:
878 406 59 29 163
953 403 61 32 och
1031 404 47 32 II:
1092 408 70 35 197,
1178 405 10 32 i
1204 406 66 32 vad
1286 406 40 32 de
1343 418 96 21 avser
1454 407 155 34 skrivelse

440 452 50 33 till
507 453 123 41 Kungl.
647 453 104 41 Maj:t
768 456 75 32 med
859 456 157 33 anhållan
1033 468 54 21 om
1104 458 121 41 förslag
1241 459 50 33 till
1310 463 80 29 1966
1407 460 54 33 års
1477 461 131 41 riksdag

437 517 54 20 om
507 507 80 31 ökat
602 508 75 31 stöd
692 508 49 31 till
757 509 207 32 landsortens
979 510 165 39 musikliv,
1159 511 72 33 icke
1244 513 55 31 må
1315 513 170 33 föranleda
1500 515 107 40 någon

439 559 191 41 riksdagens
648 561 130 40 åtgärd;

480 612 64 32 III.
561 617 53 28 att
629 614 168 33 motionen
812 615 48 32 II:
873 619 62 29 217
951 617 71 32 icke
1038 618 54 31 må
1107 617 170 34 föranleda
1293 620 109 40 någon
1417 620 190 42 riksdagens

438 665 129 40 åtgärd;

479 718 57 32 IV.
554 723 53 28 att
623 720 168 32 motionen
808 721 47 32 II:
868 725 60 29 461
946 722 71 33 icke
1034 724 54 31 må
1105 724 169 33 föranleda
1291 726 107 40 någon
1416 727 191 41 riksdagens

438 771 127 41 åtgärd.

516 933 138 41 Arkiv,
676 933 201 43 bibliotek,
900 945 158 26 museer
1077 948 50 24 m.
1149 949 50 24 m.

156 1036 86 40 15:0)
261 1037 241 33 Riksarkivet:
521 1039 227 41 Avlöningar.
778 1041 17 31 I
812 1041 144 41 enlighet
973 1044 76 31 med
1066 1043 123 42 Kungl.
1206 1045 120 39 Maj:ts
1343 1046 121 41 förslag
1483 1048 123 39 (punkt

112 1089 30 31 B
160 1092 48 34 15,
224 1101 26 20 s.
267 1093 39 28 55
322 1091 62 31 och
402 1092 66 38 56),
485 1092 104 32 vilket
605 1092 138 33 innebär
758 1105 40 20 en
815 1095 268 42 anslagshöjning
1099 1098 75 31 med
1194 1101 58 29 162
1265 1102 60 28 000
1342 1100 59 37 kr.,
1417 1100 188 33 hemställer

112 1142 176 38 utskottet,

473 1202 53 28 att
544 1198 175 42 riksdagen
739 1201 54 31 må

474 1252 34 40 a)
540 1253 177 39 godkänna
739 1254 145 39 följande
905 1256 242 39 avlöningsstat
1169 1258 50 31 för
1240 1258 207 40 riksarkivet,
1468 1265 53 28 att
1541 1261 62 32 till-

432 1305 127 39 lämpas
578 1306 65 31 tills
664 1306 113 33 vidare
796 1308 39 32 fr.
846 1319 30 20 o.
888 1319 43 22 m.
952 1309 198 40 budgetåret
1170 1313 153 34 1965/66:

828 1415 377 40 Avlöningsstat

433 1485 27 28 1.
491 1482 204 41 Avlöningar
717 1483 48 32 till
787 1484 162 32 ordinarie
972 1485 214 40 tjänstemän,
1206 1488 189 40 förslagsvis
1470 1493 132 30 557300

430 1537 29 29 2.
491 1535 156 32 Arvoden
664 1536 61 32 och
741 1537 159 32 särskilda
917 1539 230 40 ersättningar,
1163 1541 174 33 bestämda
1352 1553 43 22 av

492 1587 122 42 Kungl.
636 1589 114 39 Maj:t,
771 1590 189 40 förslagsvis
989 1617 398 10 ...ssssssessesser
1339 1583 53 52 nns
1510 1601 19 28 2
1543 1601 58 29 100

429 1644 30 28 3.
490 1641 204 42 Avlöningar
710 1643 48 32 till
775 1643 92 41 övrig
883 1644 248 34 icke-ordinarie
1147 1649 149 37 personal
1319 1674 68 6 ....
1469 1654 131 30 623000

428 1697 29 28 4.
489 1694 130 41 Rörligt
636 1695 123 41 tillägg,
775 1696 190 40 förslagsvis
988 1724 397 8 ..sssssssssssos
1318 1690 70 53 sne
1468 1707 60 28 664
1541 1706 59 30 600

1191 1763 136 33 Summa
1345 1766 47 31 kr.
1440 1770 88 28 1847
1540 1770 59 29 000

469 1845 37 40 b)
523 1846 48 31 till
586 1846 227 33 Riksarkivet:
827 1848 204 40 Avlöningar
1045 1850 50 31 för
1110 1851 199 40 budgetåret
1326 1855 142 35 1965/66
1484 1855 115 32 anvisa

428 1902 50 27 ett
496 1899 251 41 förslagsanslag
766 1912 42 20 av
830 1904 14 28 1
859 1904 61 28 847
932 1905 60 28 000
1011 1903 47 31 kr.

147 2002 85 40 16:0)
263 2002 241 33 Riksarkivet:
536 2005 274 33 Omkostnader.
851 2007 17 31 I
898 2008 145 40 enlighet
1071 2010 75 31 med
1176 2010 123 41 Kungl.
1329 2012 120 40 Maj:ts
1479 2014 120 41 förslag

106 2058 125 39 (punkt
252 2059 27 31 B
303 2061 47 34 16,
373 2069 25 21 s.
421 2061 39 29 56
482 2059 60 31 och
565 2059 66 40 57),
653 2059 103 32 vilket
777 2060 137 32 innebär
935 2073 40 19 en
997 2063 268 41 anslagshöjning
1285 2066 76 31 med
1385 2070 58 28 105
1456 2071 60 28 000
1539 2069 57 37 kr.,

103 2110 189 32 hemställer
308 2112 178 36 utskottet,

465 2168 53 27 att
538 2164 174 41 riksdagen
732 2166 55 31 må
807 2166 49 32 till
875 2167 228 32 Riksarkivet:
1123 2168 245 34 Omkostnader
1387 2172 51 31 för
1458 2172 138 41 budget-

424 2216 72 32 året
513 2218 140 35 1965/66
669 2218 114 31 anvisa
800 2223 49 27 ett
865 2219 252 41 förslagsanslag
1131 2232 42 20 av
1190 2225 60 28 222
1263 2226 60 28 000
1339 2224 48 31 kr.

145 2321 85 39 17:0)
248 2321 241 31 Riksarkivet:
508 2322 115 40 Inköp
640 2334 42 20 av
697 2324 189 31 arkivalier
901 2325 69 31 och
986 2326 135 39 tryckta
1137 2327 145 31 arbeten
1299 2336 90 24 samt
1406 2332 189 38 utgivande

101 2385 43 19 av
159 2373 231 32 källskrifter.
419 2374 16 31 I
451 2374 143 40 enlighet
609 2376 75 31 med
700 2376 122 40 Kungl.
837 2377 121 39 Maj:ts
974 2378 119 40 förslag
1109 2379 124 39 (punkt
1250 2381 27 31 B
1293 2384 46 34 17,
1355 2392 24 21 s.
1396 2385 39 28 57
1451 2384 60 31 och
1529 2385 65 40 58),

102 2425 104 33 vilket
226 2426 136 31 innebär
381 2427 69 31 dels
470 2428 288 32 sammanförande
778 2440 42 21 av
841 2430 41 31 de
903 2431 50 30 för
974 2431 221 33 innevarande
1215 2433 163 40 budgetår
1398 2436 42 38 på
1460 2436 133 33 rikssta-

101 2483 57 27 ten
187 2479 163 39 uppförda
379 2480 60 31 två
467 2481 373 41 reservationsanslagen
869 2483 224 33 Riksarkivet:
1123 2485 107 40 Inköp
1259 2498 42 20 av
1330 2488 175 33 arkivalier
1532 2491 61 32 och
