1846 2762
265 163 40 27 58
650 159 278 32 Statsutskottets
945 161 172 31 utlåtande
1134 172 39 20 nr
1190 165 20 28 8
1227 162 37 31 år
1279 165 81 29 1965

264 235 142 33 behovet
423 248 43 19 av
484 242 52 26 att
553 237 137 40 kraftigt
706 239 64 31 öka
788 239 402 41 biblioteksersättningen
1207 242 61 31 och
1286 243 115 31 därvid
1420 244 43 30 bl.
1481 255 29 20 a.
1528 244 154 32 hänvisat
1699 245 49 31 till

264 289 40 31 de
322 290 59 31 allt
399 292 104 29 större
522 291 142 38 anspråk
683 303 69 19 som
772 293 90 31 ställs
882 293 43 39 på
944 293 294 34 författarfondens
1257 306 150 21 resurser.
1428 296 51 31 De
1498 298 105 30 ökade
1623 298 127 39 möjlig-

264 342 91 31 heter
374 342 49 32 till
444 343 128 40 statligt
592 345 73 30 stöd
687 356 70 20 som
776 345 104 32 under
900 346 41 31 de
961 347 58 31 två
1040 352 127 26 senaste
1188 348 77 31 åren
1286 349 161 38 erbjudits
1467 350 43 30 bl.
1531 362 28 19 a.
1580 350 169 32 författar-

263 406 146 28 gruppen
431 396 8 31 i
460 396 84 31 form
565 408 41 20 av
628 397 357 40 konstnärsstipendier
1004 400 61 31 och
1085 401 368 41 konstnärsbelöningar
1472 403 65 31 kan
1560 404 100 39 enligt
1681 409 69 34 sty-

263 449 102 30 relsen
384 449 69 31 inte
472 452 116 37 utgöra
607 455 49 27 ett
675 451 189 40 tillräckligt
883 453 70 30 skäl
973 453 49 31 för
1041 464 39 20 en
1099 454 194 40 fastlåsning
1312 466 42 19 av
1374 455 375 41 biblioteksersättning-

263 513 56 20 ens
353 502 227 40 grundbelopp
614 503 55 31 vid
703 504 74 31 dess
810 506 194 31 nuvarande
1027 506 87 32 nivå.
1149 507 425 41 Biblioteksersättningens
1599 510 151 38 speciella

263 555 100 31 värde
384 556 101 39 ligger
506 556 9 31 i
537 556 73 31 dess
631 557 157 31 karaktär
809 569 41 20 av
873 559 156 39 regelrätt
1051 560 181 39 ersättning
1255 561 50 31 för
1326 561 105 32 utfört
1454 562 122 37 arbete,
1600 573 74 21 vars
1696 568 53 26 ut-

264 608 149 40 veckling
433 609 69 31 inte
524 609 58 32 bör
602 609 132 32 hindras
756 622 42 19 av
819 615 52 27 att
892 611 58 32 det
971 612 161 32 indirekta
1154 614 111 30 stödet
1286 614 9 31 i
1318 614 82 31 form
1423 626 42 20 av
1487 615 178 39 stipendier
1686 616 62 31 och

264 661 189 40 belöningar
475 663 129 31 utökas.
628 663 105 31 Dessa
756 665 208 37 synpunkter
986 665 87 31 delas
1097 677 42 19 av
1162 667 177 37 utskottet,
1363 678 69 20 som
1457 668 99 31 också
1580 680 93 20 anser
1696 673 52 27 att

263 715 201 39 tidpunkten
480 726 44 20 nu
541 719 36 28 är
592 716 75 32 inne
683 721 53 27 att
752 717 199 40 tillmötesgå
968 719 40 30 de
1025 719 99 39 enligt
1141 720 183 31 utskottets
1341 720 131 40 mening
1489 722 134 38 mycket
1640 722 108 31 starkt

262 768 204 32 motiverade
484 769 124 31 kraven
625 770 42 38 på
685 781 41 20 en
744 770 136 40 höjning
898 782 42 20 av
960 771 411 41 biblioteksersättningen.
1389 774 177 31 Utskottet
1584 775 65 30 kan
1669 775 80 31 såle-

262 821 56 31 des
336 821 68 32 inte
422 822 143 39 godtaga
582 822 122 40 Kungl.
722 823 118 39 Maj:ts
859 824 120 40 förslag
997 835 54 20 om
1068 829 51 28 att
1137 826 225 39 ersättningen
1380 829 85 28 även
1484 827 49 31 för
1551 830 96 28 nästa
1664 828 84 31 bud-

262 874 91 39 getår
372 875 82 30 skall
474 876 80 38 utgå
573 875 101 40 enligt
693 876 217 32 oförändrade
930 878 150 39 grunder.
1099 878 52 31 De
1171 878 10 31 i
1200 879 205 32 motionerna
1425 880 28 30 I:
1469 883 58 28 163
1547 880 59 32 och
1628 881 46 30 II:
1689 884 59 28 197

261 932 86 27 samt
369 928 46 30 II:
429 931 61 28 442
512 928 172 32 förordade
705 929 217 40 höjningarna
944 942 43 19 av
1009 931 418 41 biblioteksersättningens
1450 933 226 39 grundbelopp
1700 934 48 31 till

263 984 18 27 8
298 983 53 28 öre
370 981 50 31 för
436 982 56 30 lån
509 992 42 20 av
569 982 216 39 originalverk
803 983 61 31 och
883 986 19 28 4
920 986 55 29 öre
993 983 49 32 för
1058 984 54 31 lån
1130 995 42 20 av
1191 987 168 29 översatta
1377 986 80 30 verk
1476 991 96 32 samt,
1592 986 7 31 i
1619 987 128 39 analogi

262 1034 144 37 därmed,
435 1034 50 31 för
511 1034 177 39 nyttjande
715 1046 42 20 av
784 1036 137 32 svenskt
947 1037 308 39 referensexemplar
1281 1038 47 32 till
1357 1042 39 27 32
1423 1041 55 29 öre
1504 1039 62 31 och
1592 1039 155 32 referens-

261 1088 164 38 exemplar
442 1088 10 30 i
470 1088 227 40 översättning
715 1089 49 30 till
782 1092 39 28 20
839 1092 61 28 öre
913 1089 59 32 bör
989 1090 100 39 enligt
1108 1091 183 31 utskottets
1309 1092 132 39 mening
1459 1091 129 32 bifallas
1607 1103 42 20 av
1668 1093 79 31 riks-

261 1140 115 39 dagen.
395 1140 17 31 I
432 1140 144 40 enlighet
595 1142 74 30 med
690 1142 205 31 motionerna
915 1142 28 31 I:
959 1146 58 28 163
1036 1143 60 31 och
1116 1143 47 31 II:
1178 1147 59 28 197
1257 1144 107 31 finner
1383 1145 167 31 utskottet
1570 1149 52 28 att
1642 1146 105 30 ansla-

261 1198 54 34 get
339 1194 9 30 i
373 1193 204 32 förhållande
601 1194 48 31 till
675 1195 121 39 Kungl.
821 1195 120 39 Maj:ts
967 1196 118 40 förslag
1109 1196 59 31 bör
1193 1196 94 39 höjas
1311 1197 75 31 med
1413 1201 90 27 1696
1517 1202 59 27 000
1601 1199 47 30 kr.
1683 1199 63 31 Till

261 1246 81 39 följd
361 1246 104 32 härav
485 1247 119 32 saknas
624 1248 175 40 anledning
819 1253 52 27 att
891 1249 131 31 biträda
1043 1249 206 32 motionerna
1269 1251 28 30 I:
1310 1254 39 27 76
1369 1251 61 31 och
1451 1251 46 30 II:
1513 1255 58 27 104
1592 1252 8 30 i
1621 1252 65 30 vad
1706 1252 41 30 de

261 1311 93 20 avser
373 1300 156 31 skrivelse
549 1301 47 30 till
617 1301 122 39 Kungl.
760 1301 103 39 Maj:t
883 1302 74 31 med
979 1302 195 32 hemställan
1194 1314 54 20 om
1269 1303 119 40 förslag
1409 1303 48 32 till
1479 1306 96 30 nästa
1595 1305 51 30 års
1667 1305 80 31 riks-

260 1353 63 39 dag
341 1364 53 20 om
413 1353 136 40 höjning
567 1365 42 20 av
628 1354 362 40 ersättningsbeloppen
1010 1356 50 30 för
1077 1355 379 41 biblioteksutlåningen.

300 1406 69 32 Det
386 1406 159 39 yrkande,
563 1417 69 21 som
650 1407 151 32 framförs
818 1408 8 30 i
844 1408 207 31 motionerna
1067 1408 28 31 I:
1110 1412 58 28 163
1185 1409 62 31 och
1265 1410 47 30 II:
1327 1413 58 28 197
1403 1410 209 31 beträffande
1630 1411 116 31 fördel-

260 1459 118 40 ningen
399 1471 43 20 av
464 1460 294 31 författarfondens
779 1461 104 31 medel
906 1462 121 30 mellan
1048 1462 106 31 direkt
1177 1462 164 40 utgående
1363 1463 192 40 ersättning,
1578 1463 169 32 författar-

260 1512 152 40 penning,
432 1513 61 31 och
512 1513 138 31 fondens
668 1525 24 19 s.
711 1514 32 30 k.
762 1513 60 31 fria
840 1514 51 30 del
910 1514 62 31 och
992 1525 69 21 som
1080 1515 146 31 ansluter
1244 1515 47 40 sig
1310 1516 48 31 till
1378 1516 119 39 förslag
1516 1528 42 19 av
1578 1516 168 32 författar-

260 1566 137 31 fondens
416 1567 146 38 styrelse,
581 1566 125 32 biträds
724 1567 99 31 också
841 1578 41 20 av
903 1568 177 30 utskottet.
1099 1568 168 40 Förslaget
1286 1569 136 31 innebär
1441 1569 96 40 ingen
1557 1570 189 40 förändring

260 1630 42 20 av
330 1619 57 32 det
415 1620 192 30 nuvarande
635 1619 219 33 förhållandet
883 1625 52 26 att
964 1621 299 40 författarpenning
1292 1622 81 31 skall
1401 1625 118 37 utgöra
1548 1623 125 31 hälften
1703 1635 42 19 av

261 1672 365 40 ersättningsbeloppet,
649 1673 104 32 vilket
775 1676 56 36 gör
854 1677 18 27 4
895 1676 56 28 öre
973 1674 50 31 för
1043 1674 54 31 lån
1120 1674 61 32 och
1207 1678 37 27 16
1267 1677 55 29 öre
1344 1675 50 31 för
1417 1675 84 31 bruk
1525 1687 41 20 av
1590 1676 154 32 referens-

260 1726 163 38 exemplar
442 1737 43 19 av
506 1726 134 31 svenskt
660 1726 228 39 originalverk.
919 1726 244 40 Förändringen
1183 1727 100 40 ligger
1302 1728 43 30 bl.
1365 1739 29 20 a.
1415 1728 70 31 däri
1506 1733 52 27 att
1578 1729 168 32 författar-

259 1779 142 39 penning
422 1779 69 30 inte
513 1779 79 31 skall
614 1780 80 38 utgå
716 1779 49 31 för
786 1779 166 31 låneantal
974 1780 104 31 under
1098 1783 70 34 500,
1190 1785 71 27 mot
1282 1781 50 30 för
1353 1782 206 31 närvarande
1581 1785 69 28 400.
1683 1783 63 31 För

258 1832 165 31 låneantal
440 1835 80 28 över
536 1835 37 28 50
586 1836 60 27 000
663 1833 73 30 sker
752 1843 44 20 nu
813 1832 190 40 reducering
1015 1843 41 20 av
1068 1833 341 40 författarpenningen
1421 1834 75 31 med
1508 1838 39 27 60
1560 1835 48 39 94.
1625 1835 121 31 Denna

259 1885 212 40 nedsättning
493 1885 174 39 begränsas
688 1885 101 39 enligt
809 1886 184 31 utskottets
1014 1885 118 40 förslag
1153 1886 48 31 till
1224 1889 39 28 50
1276 1886 38 39 74
1335 1887 61 31 och
1418 1887 145 32 inträder
1584 1888 81 32 först
1687 1891 59 29 när

259 1939 126 30 antalet
403 1939 55 31 lån
477 1938 178 40 överstiger
676 1942 57 27 100
746 1942 69 27 000.
835 1938 178 31 Utskottet
1032 1939 146 30 kommer
1197 1939 9 30 i
1225 1939 58 31 det
1302 1939 154 39 följande,
1476 1941 75 30 med
1571 1941 176 40 anledning

259 2002 42 20 av
319 1991 118 40 förslag
456 1991 9 31 i
483 1991 205 31 motionerna
706 1991 28 31 I:
747 1995 39 27 76
804 1991 60 32 och
883 1992 47 30 II:
946 1995 68 34 104,
1033 1996 51 27 att
1101 1992 151 32 redovisa
1269 1992 50 32 sin
1337 1993 201 39 principiella
1556 1994 189 40 inställning

258 2044 49 31 till
324 2045 40 30 de
381 2045 9 31 i
408 2049 160 34 systemet
584 2044 50 32 för
650 2044 403 40 biblioteksersättningen
1070 2045 160 39 ingående
1245 2046 146 39 reglerna
1409 2046 50 31 för
1477 2047 209 40 utbetalning
1702 2058 42 20 av

259 2097 368 40 författarpenningen.»

299 2160 67 30 dels
385 2159 61 31 ock
464 2164 52 27 att
536 2160 180 30 utskottets
736 2159 196 31 hemställan
951 2160 103 31 under
1072 2160 26 30 I.
1117 2160 75 32 bort
1211 2160 42 31 ha
1272 2160 145 38 följande
1435 2160 134 38 lydelse:

618 2212 45 31 »I.
686 2217 53 26 att
761 2213 173 39 riksdagen
957 2214 63 36 må,
1044 2213 9 31 i
1074 2214 176 40 anledning
1272 2226 42 19 av
1337 2215 123 40 Kungl.
1483 2216 119 38 Maj:ts
1625 2216 119 40 förslag

575 2269 86 27 samt
696 2265 167 31 motionen
900 2266 121 30 II:442
1056 2268 156 30 ävensom
1248 2267 75 32 med
1348 2268 90 31 bifall
1465 2268 48 32 till
1539 2270 205 31 motionerna

576 2318 28 30 I:
619 2321 58 28 163
707 2318 60 31 och
797 2318 131 37 II:197,
959 2319 151 39 samtliga
1140 2319 162 32 motioner
1330 2320 104 32 såvitt
1463 2332 44 20 nu
1538 2324 36 29 är
1603 2322 8 30 i
1642 2322 101 40 fråga,

576 2371 48 31 till
646 2371 195 39 Ersättning
863 2372 37 30 åt
920 2372 174 38 författare
1115 2383 44 20 m.
1181 2373 35 38 fl.
1237 2373 52 38 för
1309 2373 151 39 utlåning
1483 2385 42 20 av
1548 2375 93 30 deras
1663 2376 81 30 verk

575 2435 117 27 genom
714 2424 157 31 bibliotek
891 2435 45 20 m.
956 2436 45 19 m.
1021 2425 50 30 för
1091 2425 197 39 budgetåret
1312 2427 141 35 1965/66
1475 2428 114 30 anvisa
1611 2432 49 27 ett
1681 2428 64 31 för-

576 2477 198 39 slagsanslag
792 2488 41 20 av
852 2481 19 27 3
884 2481 61 27 736
958 2481 60 27 000
1037 2478 76 37 kr.;»
