<?xml version="1.0" encoding="UTF-8"?>
<alto xmlns="http://www.loc.gov/standards/alto/ns-v3#" xmlns:xlink="http://www.w3.org/1999/xlink" xmlns:xsi="http://www.w3.org/2001/XMLSchema-instance" xsi:schemaLocation="http://www.loc.gov/standards/alto/ns-v3# http://www.loc.gov/alto/v3/alto-3-0.xsd">
	<Description>
		<MeasurementUnit>pixel</MeasurementUnit>
		<sourceImageInformation>
			<fileName>/tmp/tess_yuzqd2vq_input.PNG</fileName>
		</sourceImageInformation>
		<OCRProcessing ID="OCR_0">
			<ocrProcessingStep>
				<processingSoftware>
					<softwareName>tesseract 5.3.0</softwareName>
				</processingSoftware>
			</ocrProcessingStep>
		</OCRProcessing>
	</Description>
	<Layout>
		<Page WIDTH="1848" HEIGHT="2762" PHYSICAL_IMG_NR="0" ID="page_0">
			<PrintSpace HPOS="0" VPOS="0" WIDTH="1848" HEIGHT="2762">
				<ComposedBlock ID="cblock_0" HPOS="231" VPOS="151" WIDTH="1095" HEIGHT="43">
					<TextBlock ID="block_0" HPOS="231" VPOS="151" WIDTH="1095" HEIGHT="43">
						<TextLine ID="line_0" HPOS="231" VPOS="151" WIDTH="1095" HEIGHT="43">
							<String ID="string_0" HPOS="231" VPOS="166" WIDTH="38" HEIGHT="28" WC="0.96" CONTENT="18"/><SP WIDTH="346" VPOS="166" HPOS="269"/>
							<String ID="string_1" HPOS="615" VPOS="156" WIDTH="277" HEIGHT="32" WC="0.91" CONTENT="Statsutskottets"/><SP WIDTH="17" VPOS="156" HPOS="892"/>
							<String ID="string_2" HPOS="909" VPOS="153" WIDTH="174" HEIGHT="32" WC="0.96" CONTENT="utlåtande"/><SP WIDTH="16" VPOS="153" HPOS="1083"/>
							<String ID="string_3" HPOS="1099" VPOS="163" WIDTH="40" HEIGHT="20" WC="0.96" CONTENT="nr"/><SP WIDTH="17" VPOS="163" HPOS="1139"/>
							<String ID="string_4" HPOS="1156" VPOS="155" WIDTH="20" HEIGHT="28" WC="0.96" CONTENT="8"/><SP WIDTH="17" VPOS="155" HPOS="1176"/>
							<String ID="string_5" HPOS="1193" VPOS="151" WIDTH="37" HEIGHT="31" WC="0.94" CONTENT="år"/><SP WIDTH="15" VPOS="151" HPOS="1230"/>
							<String ID="string_6" HPOS="1245" VPOS="153" WIDTH="81" HEIGHT="29" WC="0.96" CONTENT="1965"/>
						</TextLine>
					</TextBlock>
				</ComposedBlock>
				<ComposedBlock ID="cblock_1" HPOS="231" VPOS="227" WIDTH="1505" HEIGHT="2172">
					<TextBlock ID="block_1" HPOS="231" VPOS="227" WIDTH="1486" HEIGHT="102">
						<TextLine ID="line_1" HPOS="233" VPOS="227" WIDTH="1484" HEIGHT="50">
							<String ID="string_7" HPOS="233" VPOS="250" WIDTH="70" HEIGHT="21" WC="0.96" CONTENT="som"/><SP WIDTH="27" VPOS="250" HPOS="303"/>
							<String ID="string_8" HPOS="330" VPOS="238" WIDTH="106" HEIGHT="39" WC="0.96" CONTENT="syftar"/><SP WIDTH="26" VPOS="238" HPOS="436"/>
							<String ID="string_9" HPOS="462" VPOS="237" WIDTH="49" HEIGHT="31" WC="0.96" CONTENT="till"/><SP WIDTH="27" VPOS="237" HPOS="511"/>
							<String ID="string_10" HPOS="538" VPOS="241" WIDTH="52" HEIGHT="27" WC="0.96" CONTENT="att"/><SP WIDTH="27" VPOS="241" HPOS="590"/>
							<String ID="string_11" HPOS="617" VPOS="236" WIDTH="165" HEIGHT="32" WC="0.96" CONTENT="förstärka"/><SP WIDTH="27" VPOS="236" HPOS="782"/>
							<String ID="string_12" HPOS="809" VPOS="235" WIDTH="56" HEIGHT="31" WC="0.96" CONTENT="det"/><SP WIDTH="29" VPOS="235" HPOS="865"/>
							<String ID="string_13" HPOS="894" VPOS="233" WIDTH="132" HEIGHT="39" WC="0.96" CONTENT="statliga"/><SP WIDTH="28" VPOS="233" HPOS="1026"/>
							<String ID="string_14" HPOS="1054" VPOS="233" WIDTH="111" HEIGHT="31" WC="0.96" CONTENT="stödet"/><SP WIDTH="27" VPOS="233" HPOS="1165"/>
							<String ID="string_15" HPOS="1192" VPOS="231" WIDTH="49" HEIGHT="32" WC="0.96" CONTENT="till"/><SP WIDTH="29" VPOS="231" HPOS="1241"/>
							<String ID="string_16" HPOS="1270" VPOS="230" WIDTH="86" HEIGHT="32" WC="0.96" CONTENT="vissa"/><SP WIDTH="28" VPOS="230" HPOS="1356"/>
							<String ID="string_17" HPOS="1384" VPOS="229" WIDTH="149" HEIGHT="40" WC="0.96" CONTENT="speciella"/><SP WIDTH="27" VPOS="229" HPOS="1533"/>
							<String ID="string_18" HPOS="1560" VPOS="227" WIDTH="157" HEIGHT="32" WC="0.95" CONTENT="ändamål"/>
						</TextLine>
						<TextLine ID="line_2" HPOS="231" VPOS="288" WIDTH="583" HEIGHT="41">
							<String ID="string_19" HPOS="231" VPOS="292" WIDTH="51" HEIGHT="32" WC="0.96" CONTENT="för"/><SP WIDTH="20" VPOS="292" HPOS="282"/>
							<String ID="string_20" HPOS="302" VPOS="291" WIDTH="88" HEIGHT="31" WC="0.96" CONTENT="vilka"/><SP WIDTH="20" VPOS="291" HPOS="390"/>
							<String ID="string_21" HPOS="410" VPOS="291" WIDTH="94" HEIGHT="32" WC="0.96" CONTENT="detta"/><SP WIDTH="18" VPOS="291" HPOS="504"/>
							<String ID="string_22" HPOS="522" VPOS="290" WIDTH="113" HEIGHT="39" WC="0.95" CONTENT="anslag"/><SP WIDTH="19" VPOS="290" HPOS="635"/>
							<String ID="string_23" HPOS="654" VPOS="288" WIDTH="160" HEIGHT="32" WC="0.96" CONTENT="används."/>
						</TextLine>
					</TextBlock>
					<TextBlock ID="block_2" HPOS="233" VPOS="333" WIDTH="1492" HEIGHT="793">
						<TextLine ID="line_3" HPOS="275" VPOS="333" WIDTH="1443" HEIGHT="51">
							<String ID="string_24" HPOS="275" VPOS="344" WIDTH="112" HEIGHT="40" WC="0.96" CONTENT="Enligt"/><SP WIDTH="20" VPOS="344" HPOS="387"/>
							<String ID="string_25" HPOS="407" VPOS="343" WIDTH="205" HEIGHT="32" WC="0.96" CONTENT="motionerna"/><SP WIDTH="19" VPOS="343" HPOS="612"/>
							<String ID="string_26" HPOS="631" VPOS="342" WIDTH="29" HEIGHT="31" WC="0.95" CONTENT="I:"/><SP WIDTH="15" VPOS="342" HPOS="660"/>
							<String ID="string_27" HPOS="675" VPOS="345" WIDTH="59" HEIGHT="28" WC="0.96" CONTENT="163"/><SP WIDTH="20" VPOS="345" HPOS="734"/>
							<String ID="string_28" HPOS="754" VPOS="341" WIDTH="60" HEIGHT="31" WC="0.96" CONTENT="och"/><SP WIDTH="20" VPOS="341" HPOS="814"/>
							<String ID="string_29" HPOS="834" VPOS="340" WIDTH="46" HEIGHT="31" WC="0.95" CONTENT="II:"/><SP WIDTH="15" VPOS="340" HPOS="880"/>
							<String ID="string_30" HPOS="895" VPOS="343" WIDTH="59" HEIGHT="28" WC="0.95" CONTENT="197"/><SP WIDTH="18" VPOS="343" HPOS="954"/>
							<String ID="string_31" HPOS="972" VPOS="342" WIDTH="39" HEIGHT="28" WC="0.96" CONTENT="är"/><SP WIDTH="19" VPOS="342" HPOS="1011"/>
							<String ID="string_32" HPOS="1030" VPOS="350" WIDTH="40" HEIGHT="20" WC="0.96" CONTENT="en"/><SP WIDTH="19" VPOS="350" HPOS="1070"/>
							<String ID="string_33" HPOS="1089" VPOS="337" WIDTH="221" HEIGHT="40" WC="0.95" CONTENT="upprustning"/><SP WIDTH="19" VPOS="337" HPOS="1310"/>
							<String ID="string_34" HPOS="1329" VPOS="347" WIDTH="43" HEIGHT="21" WC="0.96" CONTENT="av"/><SP WIDTH="20" VPOS="347" HPOS="1372"/>
							<String ID="string_35" HPOS="1392" VPOS="336" WIDTH="64" HEIGHT="31" WC="0.96" CONTENT="den"/><SP WIDTH="20" VPOS="336" HPOS="1456"/>
							<String ID="string_36" HPOS="1476" VPOS="335" WIDTH="50" HEIGHT="31" WC="0.96" CONTENT="del"/><SP WIDTH="21" VPOS="335" HPOS="1526"/>
							<String ID="string_37" HPOS="1547" VPOS="345" WIDTH="42" HEIGHT="20" WC="0.96" CONTENT="av"/><SP WIDTH="20" VPOS="345" HPOS="1589"/>
							<String ID="string_38" HPOS="1609" VPOS="333" WIDTH="109" HEIGHT="32" WC="0.92" CONTENT="lands-"/>
						</TextLine>
						<TextLine ID="line_4" HPOS="233" VPOS="387" WIDTH="1487" HEIGHT="48">
							<String ID="string_39" HPOS="233" VPOS="402" WIDTH="111" HEIGHT="27" WC="0.96" CONTENT="ortens"/><SP WIDTH="14" VPOS="402" HPOS="344"/>
							<String ID="string_40" HPOS="358" VPOS="396" WIDTH="165" HEIGHT="38" WC="0.95" CONTENT="musikliv,"/><SP WIDTH="16" VPOS="396" HPOS="523"/>
							<String ID="string_41" HPOS="539" VPOS="407" WIDTH="69" HEIGHT="20" WC="0.96" CONTENT="som"/><SP WIDTH="17" VPOS="407" HPOS="608"/>
							<String ID="string_42" HPOS="625" VPOS="396" WIDTH="100" HEIGHT="39" WC="0.93" CONTENT="gäller"/><SP WIDTH="15" VPOS="396" HPOS="725"/>
							<String ID="string_43" HPOS="740" VPOS="391" WIDTH="543" HEIGHT="42" WC="0.92" CONTENT="symfoniorkesterverksamheten"/><SP WIDTH="17" VPOS="391" HPOS="1283"/>
							<String ID="string_44" HPOS="1300" VPOS="389" WIDTH="135" HEIGHT="32" WC="0.96" CONTENT="utanför"/><SP WIDTH="15" VPOS="389" HPOS="1435"/>
							<String ID="string_45" HPOS="1450" VPOS="387" WIDTH="201" HEIGHT="36" WC="0.96" CONTENT="Stockholm,"/><SP WIDTH="18" VPOS="387" HPOS="1651"/>
							<String ID="string_46" HPOS="1669" VPOS="389" WIDTH="51" HEIGHT="28" WC="0.96" CONTENT="ett"/>
						</TextLine>
						<TextLine ID="line_5" HPOS="234" VPOS="439" WIDTH="1486" HEIGHT="52">
							<String ID="string_47" HPOS="234" VPOS="451" WIDTH="172" HEIGHT="40" WC="0.96" CONTENT="angeläget"/><SP WIDTH="22" VPOS="451" HPOS="406"/>
							<String ID="string_48" HPOS="428" VPOS="449" WIDTH="179" HEIGHT="32" WC="0.95" CONTENT="önskemål."/><SP WIDTH="24" VPOS="449" HPOS="607"/>
							<String ID="string_49" HPOS="631" VPOS="448" WIDTH="175" HEIGHT="31" WC="0.96" CONTENT="Utskottet"/><SP WIDTH="24" VPOS="448" HPOS="806"/>
							<String ID="string_50" HPOS="830" VPOS="446" WIDTH="56" HEIGHT="31" WC="0.96" CONTENT="vill"/><SP WIDTH="24" VPOS="446" HPOS="886"/>
							<String ID="string_51" HPOS="910" VPOS="445" WIDTH="138" HEIGHT="32" WC="0.96" CONTENT="hänvisa"/><SP WIDTH="24" VPOS="445" HPOS="1048"/>
							<String ID="string_52" HPOS="1072" VPOS="444" WIDTH="49" HEIGHT="31" WC="0.95" CONTENT="till"/><SP WIDTH="25" VPOS="444" HPOS="1121"/>
							<String ID="string_53" HPOS="1146" VPOS="444" WIDTH="66" HEIGHT="31" WC="0.95" CONTENT="vad"/><SP WIDTH="25" VPOS="444" HPOS="1212"/>
							<String ID="string_54" HPOS="1237" VPOS="440" WIDTH="362" HEIGHT="42" WC="0.90" CONTENT="departementschefen"/><SP WIDTH="25" VPOS="440" HPOS="1599"/>
							<String ID="string_55" HPOS="1624" VPOS="439" WIDTH="96" HEIGHT="32" WC="0.96" CONTENT="anför"/>
						</TextLine>
						<TextLine ID="line_6" HPOS="234" VPOS="493" WIDTH="1485" HEIGHT="49">
							<String ID="string_56" HPOS="234" VPOS="505" WIDTH="10" HEIGHT="31" WC="0.93" CONTENT="i"/><SP WIDTH="18" VPOS="505" HPOS="244"/>
							<String ID="string_57" HPOS="262" VPOS="501" WIDTH="430" HEIGHT="41" WC="0.91" CONTENT="statsverkspropositionen"/><SP WIDTH="18" VPOS="501" HPOS="692"/>
							<String ID="string_58" HPOS="710" VPOS="500" WIDTH="167" HEIGHT="40" WC="0.96" CONTENT="angående"/><SP WIDTH="18" VPOS="500" HPOS="877"/>
							<String ID="string_59" HPOS="895" VPOS="500" WIDTH="58" HEIGHT="30" WC="0.96" CONTENT="det"/><SP WIDTH="17" VPOS="500" HPOS="953"/>
							<String ID="string_60" HPOS="970" VPOS="498" WIDTH="105" HEIGHT="31" WC="0.93" CONTENT="ökade"/><SP WIDTH="18" VPOS="498" HPOS="1075"/>
							<String ID="string_61" HPOS="1093" VPOS="496" WIDTH="278" HEIGHT="40" WC="0.92" CONTENT="bidragsbehovet"/><SP WIDTH="16" VPOS="496" HPOS="1371"/>
							<String ID="string_62" HPOS="1387" VPOS="495" WIDTH="44" HEIGHT="39" WC="0.93" CONTENT="på"/><SP WIDTH="18" VPOS="495" HPOS="1431"/>
							<String ID="string_63" HPOS="1449" VPOS="493" WIDTH="270" HEIGHT="32" WC="0.92" CONTENT="musikområdet."/>
						</TextLine>
						<TextLine ID="line_7" HPOS="234" VPOS="546" WIDTH="1486" HEIGHT="50">
							<String ID="string_64" HPOS="234" VPOS="558" WIDTH="72" HEIGHT="31" WC="0.96" CONTENT="När"/><SP WIDTH="20" VPOS="558" HPOS="306"/>
							<String ID="string_65" HPOS="326" VPOS="557" WIDTH="57" HEIGHT="31" WC="0.96" CONTENT="det"/><SP WIDTH="20" VPOS="557" HPOS="383"/>
							<String ID="string_66" HPOS="403" VPOS="556" WIDTH="99" HEIGHT="40" WC="0.93" CONTENT="gäller"/><SP WIDTH="20" VPOS="556" HPOS="502"/>
							<String ID="string_67" HPOS="522" VPOS="553" WIDTH="400" HEIGHT="34" WC="0.89" CONTENT="orkesterverksamheten"/><SP WIDTH="22" VPOS="553" HPOS="922"/>
							<String ID="string_68" HPOS="944" VPOS="554" WIDTH="136" HEIGHT="29" WC="0.96" CONTENT="nämner"/><SP WIDTH="21" VPOS="554" HPOS="1080"/>
							<String ID="string_69" HPOS="1101" VPOS="547" WIDTH="362" HEIGHT="42" WC="0.91" CONTENT="departementschefen"/><SP WIDTH="23" VPOS="547" HPOS="1463"/>
							<String ID="string_70" HPOS="1486" VPOS="547" WIDTH="84" HEIGHT="31" WC="0.93" CONTENT="bl.a."/><SP WIDTH="23" VPOS="547" HPOS="1570"/>
							<String ID="string_71" HPOS="1593" VPOS="550" WIDTH="50" HEIGHT="27" WC="0.93" CONTENT="ett"/><SP WIDTH="21" VPOS="550" HPOS="1643"/>
							<String ID="string_72" HPOS="1664" VPOS="546" WIDTH="56" HEIGHT="30" WC="0.92" CONTENT="be-"/>
						</TextLine>
						<TextLine ID="line_8" HPOS="235" VPOS="599" WIDTH="1485" HEIGHT="48">
							<String ID="string_73" HPOS="235" VPOS="610" WIDTH="168" HEIGHT="32" WC="0.96" CONTENT="tänkande"/><SP WIDTH="21" VPOS="610" HPOS="403"/>
							<String ID="string_74" HPOS="424" VPOS="609" WIDTH="75" HEIGHT="31" WC="0.96" CONTENT="med"/><SP WIDTH="20" VPOS="609" HPOS="499"/>
							<String ID="string_75" HPOS="519" VPOS="608" WIDTH="119" HEIGHT="39" WC="0.96" CONTENT="förslag"/><SP WIDTH="21" VPOS="608" HPOS="638"/>
							<String ID="string_76" HPOS="659" VPOS="607" WIDTH="49" HEIGHT="31" WC="0.96" CONTENT="till"/><SP WIDTH="20" VPOS="607" HPOS="708"/>
							<String ID="string_77" HPOS="728" VPOS="606" WIDTH="153" HEIGHT="40" WC="0.96" CONTENT="åtgärder"/><SP WIDTH="19" VPOS="606" HPOS="881"/>
							<String ID="string_78" HPOS="900" VPOS="605" WIDTH="51" HEIGHT="31" WC="0.96" CONTENT="för"/><SP WIDTH="19" VPOS="605" HPOS="951"/>
							<String ID="string_79" HPOS="970" VPOS="608" WIDTH="53" HEIGHT="28" WC="0.96" CONTENT="att"/><SP WIDTH="20" VPOS="608" HPOS="1023"/>
							<String ID="string_80" HPOS="1043" VPOS="603" WIDTH="120" HEIGHT="38" WC="0.93" CONTENT="främja"/><SP WIDTH="21" VPOS="603" HPOS="1163"/>
							<String ID="string_81" HPOS="1184" VPOS="599" WIDTH="536" HEIGHT="35" WC="0.91" CONTENT="orkesterkonsertverksamheten"/>
						</TextLine>
						<TextLine ID="line_9" HPOS="236" VPOS="652" WIDTH="1485" HEIGHT="47">
							<String ID="string_82" HPOS="236" VPOS="663" WIDTH="10" HEIGHT="31" WC="0.96" CONTENT="i"/><SP WIDTH="19" VPOS="663" HPOS="246"/>
							<String ID="string_83" HPOS="265" VPOS="663" WIDTH="123" HEIGHT="32" WC="0.96" CONTENT="landet."/><SP WIDTH="22" VPOS="663" HPOS="388"/>
							<String ID="string_84" HPOS="410" VPOS="661" WIDTH="234" HEIGHT="32" WC="0.96" CONTENT="Betänkandet"/><SP WIDTH="20" VPOS="661" HPOS="644"/>
							<String ID="string_85" HPOS="664" VPOS="660" WIDTH="104" HEIGHT="39" WC="0.96" CONTENT="jämte"/><SP WIDTH="22" VPOS="660" HPOS="768"/>
							<String ID="string_86" HPOS="790" VPOS="660" WIDTH="56" HEIGHT="31" WC="0.96" CONTENT="det"/><SP WIDTH="21" VPOS="660" HPOS="846"/>
							<String ID="string_87" HPOS="867" VPOS="657" WIDTH="150" HEIGHT="32" WC="0.96" CONTENT="material"/><SP WIDTH="22" VPOS="657" HPOS="1017"/>
							<String ID="string_88" HPOS="1039" VPOS="668" WIDTH="70" HEIGHT="20" WC="0.96" CONTENT="som"/><SP WIDTH="22" VPOS="668" HPOS="1109"/>
							<String ID="string_89" HPOS="1131" VPOS="654" WIDTH="228" HEIGHT="33" WC="0.96" CONTENT="framkommit"/><SP WIDTH="22" VPOS="654" HPOS="1359"/>
							<String ID="string_90" HPOS="1381" VPOS="653" WIDTH="57" HEIGHT="32" WC="0.93" CONTENT="vid"/><SP WIDTH="22" VPOS="653" HPOS="1438"/>
							<String ID="string_91" HPOS="1460" VPOS="652" WIDTH="261" HEIGHT="33" WC="0.92" CONTENT="remissbehand-"/>
						</TextLine>
						<TextLine ID="line_10" HPOS="237" VPOS="705" WIDTH="1485" HEIGHT="51">
							<String ID="string_92" HPOS="237" VPOS="716" WIDTH="107" HEIGHT="40" WC="0.95" CONTENT="lingen"/><SP WIDTH="19" VPOS="716" HPOS="344"/>
							<String ID="string_93" HPOS="363" VPOS="716" WIDTH="60" HEIGHT="30" WC="0.96" CONTENT="har"/><SP WIDTH="19" VPOS="716" HPOS="423"/>
							<String ID="string_94" HPOS="442" VPOS="714" WIDTH="101" HEIGHT="39" WC="0.93" CONTENT="enligt"/><SP WIDTH="19" VPOS="714" HPOS="543"/>
							<String ID="string_95" HPOS="562" VPOS="711" WIDTH="363" HEIGHT="42" WC="0.92" CONTENT="departementschefen"/><SP WIDTH="20" VPOS="711" HPOS="925"/>
							<String ID="string_96" HPOS="945" VPOS="710" WIDTH="223" HEIGHT="32" WC="0.96" CONTENT="överlämnats"/><SP WIDTH="21" VPOS="710" HPOS="1168"/>
							<String ID="string_97" HPOS="1189" VPOS="708" WIDTH="48" HEIGHT="32" WC="0.93" CONTENT="till"/><SP WIDTH="21" VPOS="708" HPOS="1237"/>
							<String ID="string_98" HPOS="1258" VPOS="712" WIDTH="120" HEIGHT="27" WC="0.92" CONTENT="teater-"/><SP WIDTH="20" VPOS="712" HPOS="1378"/>
							<String ID="string_99" HPOS="1398" VPOS="707" WIDTH="60" HEIGHT="31" WC="0.95" CONTENT="och"/><SP WIDTH="22" VPOS="707" HPOS="1458"/>
							<String ID="string_100" HPOS="1480" VPOS="705" WIDTH="242" HEIGHT="33" WC="0.92" CONTENT="orkesterrådet"/>
						</TextLine>
						<TextLine ID="line_11" HPOS="237" VPOS="759" WIDTH="1485" HEIGHT="49">
							<String ID="string_101" HPOS="237" VPOS="769" WIDTH="50" HEIGHT="32" WC="0.96" CONTENT="för"/><SP WIDTH="18" VPOS="769" HPOS="287"/>
							<String ID="string_102" HPOS="305" VPOS="773" WIDTH="53" HEIGHT="27" WC="0.96" CONTENT="att"/><SP WIDTH="17" VPOS="773" HPOS="358"/>
							<String ID="string_103" HPOS="375" VPOS="773" WIDTH="95" HEIGHT="35" WC="0.96" CONTENT="tagas"/><SP WIDTH="18" VPOS="773" HPOS="470"/>
							<String ID="string_104" HPOS="488" VPOS="767" WIDTH="10" HEIGHT="31" WC="0.96" CONTENT="i"/><SP WIDTH="18" VPOS="767" HPOS="498"/>
							<String ID="string_105" HPOS="516" VPOS="766" WIDTH="189" HEIGHT="32" WC="0.96" CONTENT="beaktande"/><SP WIDTH="19" VPOS="766" HPOS="705"/>
							<String ID="string_106" HPOS="724" VPOS="765" WIDTH="56" HEIGHT="31" WC="0.96" CONTENT="vid"/><SP WIDTH="19" VPOS="765" HPOS="780"/>
							<String ID="string_107" HPOS="799" VPOS="764" WIDTH="203" HEIGHT="40" WC="0.96" CONTENT="prövningen"/><SP WIDTH="20" VPOS="764" HPOS="1002"/>
							<String ID="string_108" HPOS="1022" VPOS="774" WIDTH="41" HEIGHT="20" WC="0.96" CONTENT="av"/><SP WIDTH="20" VPOS="774" HPOS="1063"/>
							<String ID="string_109" HPOS="1083" VPOS="761" WIDTH="270" HEIGHT="41" WC="0.96" CONTENT="uppkommande"/><SP WIDTH="19" VPOS="761" HPOS="1353"/>
							<String ID="string_110" HPOS="1372" VPOS="760" WIDTH="108" HEIGHT="40" WC="0.96" CONTENT="frågor"/><SP WIDTH="19" VPOS="760" HPOS="1480"/>
							<String ID="string_111" HPOS="1499" VPOS="759" WIDTH="43" HEIGHT="40" WC="0.93" CONTENT="på"/><SP WIDTH="20" VPOS="759" HPOS="1542"/>
							<String ID="string_112" HPOS="1562" VPOS="759" WIDTH="160" HEIGHT="31" WC="0.93" CONTENT="orkester-"/>
						</TextLine>
						<TextLine ID="line_12" HPOS="238" VPOS="812" WIDTH="1485" HEIGHT="45">
							<String ID="string_113" HPOS="238" VPOS="822" WIDTH="176" HEIGHT="32" WC="0.92" CONTENT="väsendets"/><SP WIDTH="16" VPOS="822" HPOS="414"/>
							<String ID="string_114" HPOS="430" VPOS="820" WIDTH="143" HEIGHT="33" WC="0.95" CONTENT="område."/><SP WIDTH="17" VPOS="820" HPOS="573"/>
							<String ID="string_115" HPOS="590" VPOS="820" WIDTH="178" HEIGHT="31" WC="0.96" CONTENT="Utskottet"/><SP WIDTH="16" VPOS="820" HPOS="768"/>
							<String ID="string_116" HPOS="784" VPOS="818" WIDTH="96" HEIGHT="39" WC="0.96" CONTENT="utgår"/><SP WIDTH="17" VPOS="818" HPOS="880"/>
							<String ID="string_117" HPOS="897" VPOS="817" WIDTH="84" HEIGHT="31" WC="0.96" CONTENT="ifrån"/><SP WIDTH="17" VPOS="817" HPOS="981"/>
							<String ID="string_118" HPOS="998" VPOS="820" WIDTH="52" HEIGHT="28" WC="0.93" CONTENT="att"/><SP WIDTH="17" VPOS="820" HPOS="1050"/>
							<String ID="string_119" HPOS="1067" VPOS="820" WIDTH="120" HEIGHT="27" WC="0.91" CONTENT="teater-"/><SP WIDTH="17" VPOS="820" HPOS="1187"/>
							<String ID="string_120" HPOS="1204" VPOS="814" WIDTH="61" HEIGHT="32" WC="0.92" CONTENT="och"/><SP WIDTH="17" VPOS="814" HPOS="1265"/>
							<String ID="string_121" HPOS="1282" VPOS="813" WIDTH="241" HEIGHT="32" WC="0.91" CONTENT="orkesterrådet"/><SP WIDTH="18" VPOS="813" HPOS="1523"/>
							<String ID="string_122" HPOS="1541" VPOS="812" WIDTH="55" HEIGHT="31" WC="0.96" CONTENT="vid"/><SP WIDTH="18" VPOS="812" HPOS="1596"/>
							<String ID="string_123" HPOS="1614" VPOS="812" WIDTH="109" HEIGHT="31" WC="0.95" CONTENT="denna"/>
						</TextLine>
						<TextLine ID="line_13" HPOS="238" VPOS="864" WIDTH="1487" HEIGHT="51">
							<String ID="string_124" HPOS="238" VPOS="875" WIDTH="162" HEIGHT="40" WC="0.96" CONTENT="prövning"/><SP WIDTH="22" VPOS="875" HPOS="400"/>
							<String ID="string_125" HPOS="422" VPOS="873" WIDTH="102" HEIGHT="32" WC="0.96" CONTENT="fäster"/><SP WIDTH="21" VPOS="873" HPOS="524"/>
							<String ID="string_126" HPOS="545" VPOS="872" WIDTH="132" HEIGHT="33" WC="0.96" CONTENT="särskilt"/><SP WIDTH="22" VPOS="872" HPOS="677"/>
							<String ID="string_127" HPOS="699" VPOS="871" WIDTH="161" HEIGHT="32" WC="0.96" CONTENT="avseende"/><SP WIDTH="23" VPOS="871" HPOS="860"/>
							<String ID="string_128" HPOS="883" VPOS="870" WIDTH="57" HEIGHT="32" WC="0.96" CONTENT="vid"/><SP WIDTH="22" VPOS="870" HPOS="940"/>
							<String ID="string_129" HPOS="962" VPOS="870" WIDTH="154" HEIGHT="39" WC="0.96" CONTENT="åtgärder"/><SP WIDTH="22" VPOS="870" HPOS="1116"/>
							<String ID="string_130" HPOS="1138" VPOS="872" WIDTH="53" HEIGHT="28" WC="0.96" CONTENT="att"/><SP WIDTH="23" VPOS="872" HPOS="1191"/>
							<String ID="string_131" HPOS="1214" VPOS="867" WIDTH="164" HEIGHT="31" WC="0.96" CONTENT="förbättra"/><SP WIDTH="23" VPOS="867" HPOS="1378"/>
							<String ID="string_132" HPOS="1401" VPOS="865" WIDTH="248" HEIGHT="32" WC="0.96" CONTENT="förhållandena"/><SP WIDTH="23" VPOS="865" HPOS="1649"/>
							<String ID="string_133" HPOS="1672" VPOS="864" WIDTH="53" HEIGHT="31" WC="0.95" CONTENT="för"/>
						</TextLine>
						<TextLine ID="line_14" HPOS="239" VPOS="919" WIDTH="1485" HEIGHT="42">
							<String ID="string_134" HPOS="239" VPOS="929" WIDTH="40" HEIGHT="31" WC="0.96" CONTENT="de"/><SP WIDTH="21" VPOS="929" HPOS="279"/>
							<String ID="string_135" HPOS="300" VPOS="928" WIDTH="127" HEIGHT="31" WC="0.92" CONTENT="mindre"/><SP WIDTH="21" VPOS="928" HPOS="427"/>
							<String ID="string_136" HPOS="448" VPOS="926" WIDTH="384" HEIGHT="35" WC="0.91" CONTENT="landsortsorkestrarna,"/><SP WIDTH="23" VPOS="926" HPOS="832"/>
							<String ID="string_137" HPOS="855" VPOS="924" WIDTH="68" HEIGHT="30" WC="0.96" CONTENT="inte"/><SP WIDTH="22" VPOS="924" HPOS="923"/>
							<String ID="string_138" HPOS="945" VPOS="922" WIDTH="101" HEIGHT="31" WC="0.96" CONTENT="minst"/><SP WIDTH="23" VPOS="922" HPOS="1046"/>
							<String ID="string_139" HPOS="1069" VPOS="922" WIDTH="9" HEIGHT="31" WC="0.96" CONTENT="i"/><SP WIDTH="23" VPOS="922" HPOS="1078"/>
							<String ID="string_140" HPOS="1101" VPOS="922" WIDTH="66" HEIGHT="30" WC="0.96" CONTENT="vad"/><SP WIDTH="24" VPOS="922" HPOS="1167"/>
							<String ID="string_141" HPOS="1191" VPOS="921" WIDTH="99" HEIGHT="40" WC="0.93" CONTENT="gäller"/><SP WIDTH="22" VPOS="921" HPOS="1290"/>
							<String ID="string_142" HPOS="1312" VPOS="920" WIDTH="224" HEIGHT="31" WC="0.92" CONTENT="orkestrarnas"/><SP WIDTH="22" VPOS="920" HPOS="1536"/>
							<String ID="string_143" HPOS="1558" VPOS="919" WIDTH="166" HEIGHT="30" WC="0.96" CONTENT="numerär."/>
						</TextLine>
						<TextLine ID="line_15" HPOS="238" VPOS="971" WIDTH="1487" HEIGHT="44">
							<String ID="string_144" HPOS="238" VPOS="981" WIDTH="55" HEIGHT="32" WC="0.96" CONTENT="Då"/><SP WIDTH="18" VPOS="981" HPOS="293"/>
							<String ID="string_145" HPOS="311" VPOS="981" WIDTH="168" HEIGHT="31" WC="0.96" CONTENT="utskottet"/><SP WIDTH="19" VPOS="981" HPOS="479"/>
							<String ID="string_146" HPOS="498" VPOS="979" WIDTH="137" HEIGHT="32" WC="0.96" CONTENT="sålunda"/><SP WIDTH="19" VPOS="979" HPOS="635"/>
							<String ID="string_147" HPOS="654" VPOS="978" WIDTH="107" HEIGHT="31" WC="0.96" CONTENT="finner"/><SP WIDTH="17" VPOS="978" HPOS="761"/>
							<String ID="string_148" HPOS="778" VPOS="981" WIDTH="52" HEIGHT="29" WC="0.96" CONTENT="att"/><SP WIDTH="19" VPOS="981" HPOS="830"/>
							<String ID="string_149" HPOS="849" VPOS="977" WIDTH="63" HEIGHT="31" WC="0.96" CONTENT="den"/><SP WIDTH="19" VPOS="977" HPOS="912"/>
							<String ID="string_150" HPOS="931" VPOS="976" WIDTH="93" HEIGHT="39" WC="0.96" CONTENT="fråga"/><SP WIDTH="19" VPOS="976" HPOS="1024"/>
							<String ID="string_151" HPOS="1043" VPOS="986" WIDTH="70" HEIGHT="20" WC="0.96" CONTENT="som"/><SP WIDTH="19" VPOS="986" HPOS="1113"/>
							<String ID="string_152" HPOS="1132" VPOS="973" WIDTH="216" HEIGHT="33" WC="0.96" CONTENT="aktualiseras"/><SP WIDTH="19" VPOS="973" HPOS="1348"/>
							<String ID="string_153" HPOS="1367" VPOS="972" WIDTH="10" HEIGHT="32" WC="0.96" CONTENT="i"/><SP WIDTH="19" VPOS="972" HPOS="1377"/>
							<String ID="string_154" HPOS="1396" VPOS="972" WIDTH="205" HEIGHT="31" WC="0.96" CONTENT="motionerna"/><SP WIDTH="20" VPOS="972" HPOS="1601"/>
							<String ID="string_155" HPOS="1621" VPOS="971" WIDTH="29" HEIGHT="30" WC="0.71" CONTENT="I:"/><SP WIDTH="15" VPOS="971" HPOS="1650"/>
							<String ID="string_156" HPOS="1665" VPOS="973" WIDTH="60" HEIGHT="28" WC="0.71" CONTENT="163"/>
						</TextLine>
						<TextLine ID="line_16" HPOS="239" VPOS="1024" WIDTH="1485" HEIGHT="45">
							<String ID="string_157" HPOS="239" VPOS="1035" WIDTH="61" HEIGHT="30" WC="0.96" CONTENT="och"/><SP WIDTH="19" VPOS="1035" HPOS="300"/>
							<String ID="string_158" HPOS="319" VPOS="1034" WIDTH="46" HEIGHT="31" WC="0.95" CONTENT="II:"/><SP WIDTH="15" VPOS="1034" HPOS="365"/>
							<String ID="string_159" HPOS="380" VPOS="1036" WIDTH="59" HEIGHT="28" WC="0.96" CONTENT="197"/><SP WIDTH="19" VPOS="1036" HPOS="439"/>
							<String ID="string_160" HPOS="458" VPOS="1033" WIDTH="100" HEIGHT="31" WC="0.96" CONTENT="redan"/><SP WIDTH="19" VPOS="1033" HPOS="558"/>
							<String ID="string_161" HPOS="577" VPOS="1034" WIDTH="36" HEIGHT="29" WC="0.96" CONTENT="är"/><SP WIDTH="19" VPOS="1034" HPOS="613"/>
							<String ID="string_162" HPOS="632" VPOS="1030" WIDTH="137" HEIGHT="32" WC="0.96" CONTENT="föremål"/><SP WIDTH="18" VPOS="1030" HPOS="769"/>
							<String ID="string_163" HPOS="787" VPOS="1030" WIDTH="50" HEIGHT="31" WC="0.97" CONTENT="för"/><SP WIDTH="19" VPOS="1030" HPOS="837"/>
							<String ID="string_164" HPOS="856" VPOS="1028" WIDTH="296" HEIGHT="41" WC="0.96" CONTENT="uppmärksamhet"/><SP WIDTH="18" VPOS="1028" HPOS="1152"/>
							<String ID="string_165" HPOS="1170" VPOS="1026" WIDTH="61" HEIGHT="32" WC="0.96" CONTENT="bör"/><SP WIDTH="18" VPOS="1026" HPOS="1231"/>
							<String ID="string_166" HPOS="1249" VPOS="1026" WIDTH="206" HEIGHT="32" WC="0.95" CONTENT="motionerna"/><SP WIDTH="19" VPOS="1026" HPOS="1455"/>
							<String ID="string_167" HPOS="1474" VPOS="1024" WIDTH="101" HEIGHT="40" WC="0.93" CONTENT="enligt"/><SP WIDTH="20" VPOS="1024" HPOS="1575"/>
							<String ID="string_168" HPOS="1595" VPOS="1024" WIDTH="129" HEIGHT="31" WC="0.92" CONTENT="utskot-"/>
						</TextLine>
						<TextLine ID="line_17" HPOS="239" VPOS="1078" WIDTH="1323" HEIGHT="48">
							<String ID="string_169" HPOS="239" VPOS="1091" WIDTH="67" HEIGHT="28" WC="0.92" CONTENT="tets"/><SP WIDTH="20" VPOS="1091" HPOS="306"/>
							<String ID="string_170" HPOS="326" VPOS="1086" WIDTH="131" HEIGHT="40" WC="0.96" CONTENT="mening"/><SP WIDTH="20" VPOS="1086" HPOS="457"/>
							<String ID="string_171" HPOS="477" VPOS="1086" WIDTH="68" HEIGHT="31" WC="0.96" CONTENT="inte"/><SP WIDTH="20" VPOS="1086" HPOS="545"/>
							<String ID="string_172" HPOS="565" VPOS="1084" WIDTH="169" HEIGHT="32" WC="0.96" CONTENT="föranleda"/><SP WIDTH="20" VPOS="1084" HPOS="734"/>
							<String ID="string_173" HPOS="754" VPOS="1083" WIDTH="108" HEIGHT="39" WC="0.96" CONTENT="någon"/><SP WIDTH="20" VPOS="1083" HPOS="862"/>
							<String ID="string_174" HPOS="882" VPOS="1081" WIDTH="138" HEIGHT="32" WC="0.96" CONTENT="särskild"/><SP WIDTH="20" VPOS="1081" HPOS="1020"/>
							<String ID="string_175" HPOS="1040" VPOS="1080" WIDTH="118" HEIGHT="40" WC="0.96" CONTENT="åtgärd"/><SP WIDTH="21" VPOS="1080" HPOS="1158"/>
							<String ID="string_176" HPOS="1179" VPOS="1080" WIDTH="73" HEIGHT="31" WC="0.96" CONTENT="från"/><SP WIDTH="19" VPOS="1080" HPOS="1252"/>
							<String ID="string_177" HPOS="1271" VPOS="1079" WIDTH="191" HEIGHT="39" WC="0.96" CONTENT="riksdagens"/><SP WIDTH="21" VPOS="1079" HPOS="1462"/>
							<String ID="string_178" HPOS="1483" VPOS="1078" WIDTH="79" HEIGHT="31" WC="0.96" CONTENT="sida."/>
						</TextLine>
					</TextBlock>
					<TextBlock ID="block_3" HPOS="240" VPOS="1129" WIDTH="1489" HEIGHT="527">
						<TextLine ID="line_18" HPOS="281" VPOS="1129" WIDTH="1444" HEIGHT="47">
							<String ID="string_179" HPOS="281" VPOS="1140" WIDTH="17" HEIGHT="31" WC="0.96" CONTENT="I"/><SP WIDTH="26" VPOS="1140" HPOS="298"/>
							<String ID="string_180" HPOS="324" VPOS="1139" WIDTH="168" HEIGHT="32" WC="0.93" CONTENT="motionen"/><SP WIDTH="25" VPOS="1139" HPOS="492"/>
							<String ID="string_181" HPOS="517" VPOS="1138" WIDTH="121" HEIGHT="31" WC="0.91" CONTENT="II:217"/><SP WIDTH="26" VPOS="1138" HPOS="638"/>
							<String ID="string_182" HPOS="664" VPOS="1136" WIDTH="309" HEIGHT="40" WC="0.96" CONTENT="uppmärksammas"/><SP WIDTH="25" VPOS="1136" HPOS="973"/>
							<String ID="string_183" HPOS="998" VPOS="1134" WIDTH="144" HEIGHT="31" WC="0.96" CONTENT="behovet"/><SP WIDTH="26" VPOS="1134" HPOS="1142"/>
							<String ID="string_184" HPOS="1168" VPOS="1144" WIDTH="44" HEIGHT="21" WC="0.96" CONTENT="av"/><SP WIDTH="25" VPOS="1144" HPOS="1212"/>
							<String ID="string_185" HPOS="1237" VPOS="1133" WIDTH="81" HEIGHT="30" WC="0.96" CONTENT="ökat"/><SP WIDTH="26" VPOS="1133" HPOS="1318"/>
							<String ID="string_186" HPOS="1344" VPOS="1131" WIDTH="129" HEIGHT="39" WC="0.96" CONTENT="statligt"/><SP WIDTH="26" VPOS="1131" HPOS="1473"/>
							<String ID="string_187" HPOS="1499" VPOS="1131" WIDTH="75" HEIGHT="31" WC="0.96" CONTENT="stöd"/><SP WIDTH="27" VPOS="1131" HPOS="1574"/>
							<String ID="string_188" HPOS="1601" VPOS="1130" WIDTH="36" HEIGHT="31" WC="0.96" CONTENT="åt"/><SP WIDTH="27" VPOS="1130" HPOS="1637"/>
							<String ID="string_189" HPOS="1664" VPOS="1129" WIDTH="61" HEIGHT="31" WC="0.96" CONTENT="fria"/>
						</TextLine>
						<TextLine ID="line_19" HPOS="240" VPOS="1183" WIDTH="1486" HEIGHT="44">
							<String ID="string_190" HPOS="240" VPOS="1193" WIDTH="66" HEIGHT="31" WC="0.91" CONTENT="idé-"/><SP WIDTH="18" VPOS="1193" HPOS="306"/>
							<String ID="string_191" HPOS="324" VPOS="1193" WIDTH="62" HEIGHT="32" WC="0.91" CONTENT="och"/><SP WIDTH="18" VPOS="1193" HPOS="386"/>
							<String ID="string_192" HPOS="404" VPOS="1190" WIDTH="308" HEIGHT="34" WC="0.91" CONTENT="kulturtidskrifter."/><SP WIDTH="20" VPOS="1190" HPOS="712"/>
							<String ID="string_193" HPOS="732" VPOS="1189" WIDTH="176" HEIGHT="32" WC="0.96" CONTENT="Utskottet"/><SP WIDTH="19" VPOS="1189" HPOS="908"/>
							<String ID="string_194" HPOS="927" VPOS="1188" WIDTH="97" HEIGHT="39" WC="0.97" CONTENT="hyser"/><SP WIDTH="19" VPOS="1188" HPOS="1024"/>
							<String ID="string_195" HPOS="1043" VPOS="1186" WIDTH="146" HEIGHT="40" WC="0.96" CONTENT="sympati"/><SP WIDTH="20" VPOS="1186" HPOS="1189"/>
							<String ID="string_196" HPOS="1209" VPOS="1186" WIDTH="50" HEIGHT="30" WC="0.96" CONTENT="för"/><SP WIDTH="20" VPOS="1186" HPOS="1259"/>
							<String ID="string_197" HPOS="1279" VPOS="1185" WIDTH="40" HEIGHT="31" WC="0.96" CONTENT="de"/><SP WIDTH="19" VPOS="1185" HPOS="1319"/>
							<String ID="string_198" HPOS="1338" VPOS="1196" WIDTH="42" HEIGHT="20" WC="0.96" CONTENT="av"/><SP WIDTH="20" VPOS="1196" HPOS="1380"/>
							<String ID="string_199" HPOS="1400" VPOS="1184" WIDTH="206" HEIGHT="31" WC="0.93" CONTENT="motionären"/><SP WIDTH="21" VPOS="1184" HPOS="1606"/>
							<String ID="string_200" HPOS="1627" VPOS="1183" WIDTH="99" HEIGHT="31" WC="0.91" CONTENT="fram-"/>
						</TextLine>
						<TextLine ID="line_20" HPOS="240" VPOS="1236" WIDTH="1487" HEIGHT="49">
							<String ID="string_201" HPOS="240" VPOS="1247" WIDTH="94" HEIGHT="31" WC="0.96" CONTENT="förda"/><SP WIDTH="15" VPOS="1247" HPOS="334"/>
							<String ID="string_202" HPOS="349" VPOS="1245" WIDTH="250" HEIGHT="40" WC="0.96" CONTENT="synpunkterna"/><SP WIDTH="14" VPOS="1245" HPOS="599"/>
							<String ID="string_203" HPOS="613" VPOS="1243" WIDTH="43" HEIGHT="40" WC="0.96" CONTENT="på"/><SP WIDTH="15" VPOS="1243" HPOS="656"/>
							<String ID="string_204" HPOS="671" VPOS="1244" WIDTH="41" HEIGHT="30" WC="0.96" CONTENT="de"/><SP WIDTH="14" VPOS="1244" HPOS="712"/>
							<String ID="string_205" HPOS="726" VPOS="1242" WIDTH="60" HEIGHT="32" WC="0.93" CONTENT="fria"/><SP WIDTH="15" VPOS="1242" HPOS="786"/>
							<String ID="string_206" HPOS="801" VPOS="1241" WIDTH="242" HEIGHT="32" WC="0.91" CONTENT="tidskrifternas"/><SP WIDTH="15" VPOS="1241" HPOS="1043"/>
							<String ID="string_207" HPOS="1058" VPOS="1240" WIDTH="170" HEIGHT="39" WC="0.96" CONTENT="betydelse"/><SP WIDTH="14" VPOS="1240" HPOS="1228"/>
							<String ID="string_208" HPOS="1242" VPOS="1238" WIDTH="51" HEIGHT="32" WC="0.93" CONTENT="för"/><SP WIDTH="14" VPOS="1238" HPOS="1293"/>
							<String ID="string_209" HPOS="1307" VPOS="1237" WIDTH="283" HEIGHT="32" WC="0.89" CONTENT="kulturdebatten."/><SP WIDTH="16" VPOS="1237" HPOS="1590"/>
							<String ID="string_210" HPOS="1606" VPOS="1236" WIDTH="121" HEIGHT="31" WC="0.95" CONTENT="Denna"/>
						</TextLine>
						<TextLine ID="line_21" HPOS="242" VPOS="1289" WIDTH="1485" HEIGHT="49">
							<String ID="string_211" HPOS="242" VPOS="1298" WIDTH="189" HEIGHT="40" WC="0.96" CONTENT="inställning"/><SP WIDTH="19" VPOS="1298" HPOS="431"/>
							<String ID="string_212" HPOS="450" VPOS="1298" WIDTH="95" HEIGHT="31" WC="0.96" CONTENT="torde"/><SP WIDTH="18" VPOS="1298" HPOS="545"/>
							<String ID="string_213" HPOS="563" VPOS="1296" WIDTH="100" HEIGHT="32" WC="0.96" CONTENT="också"/><SP WIDTH="19" VPOS="1296" HPOS="663"/>
							<String ID="string_214" HPOS="682" VPOS="1297" WIDTH="88" HEIGHT="39" WC="0.95" CONTENT="legat"/><SP WIDTH="19" VPOS="1297" HPOS="770"/>
							<String ID="string_215" HPOS="789" VPOS="1295" WIDTH="49" HEIGHT="32" WC="0.96" CONTENT="till"/><SP WIDTH="20" VPOS="1295" HPOS="838"/>
							<String ID="string_216" HPOS="858" VPOS="1295" WIDTH="106" HEIGHT="39" WC="0.96" CONTENT="grund"/><SP WIDTH="20" VPOS="1295" HPOS="964"/>
							<String ID="string_217" HPOS="984" VPOS="1294" WIDTH="50" HEIGHT="31" WC="0.96" CONTENT="för"/><SP WIDTH="19" VPOS="1294" HPOS="1034"/>
							<String ID="string_218" HPOS="1053" VPOS="1294" WIDTH="64" HEIGHT="31" WC="0.96" CONTENT="den"/><SP WIDTH="20" VPOS="1294" HPOS="1117"/>
							<String ID="string_219" HPOS="1137" VPOS="1292" WIDTH="123" HEIGHT="39" WC="0.96" CONTENT="ökning"/><SP WIDTH="19" VPOS="1292" HPOS="1260"/>
							<String ID="string_220" HPOS="1279" VPOS="1302" WIDTH="42" HEIGHT="20" WC="0.96" CONTENT="av"/><SP WIDTH="21" VPOS="1302" HPOS="1321"/>
							<String ID="string_221" HPOS="1342" VPOS="1291" WIDTH="63" HEIGHT="31" WC="0.96" CONTENT="den"/><SP WIDTH="22" VPOS="1291" HPOS="1405"/>
							<String ID="string_222" HPOS="1427" VPOS="1290" WIDTH="132" HEIGHT="40" WC="0.93" CONTENT="statliga"/><SP WIDTH="20" VPOS="1290" HPOS="1559"/>
							<String ID="string_223" HPOS="1579" VPOS="1289" WIDTH="148" HEIGHT="39" WC="0.92" CONTENT="bidrags-"/>
						</TextLine>
						<TextLine ID="line_22" HPOS="242" VPOS="1342" WIDTH="1485" HEIGHT="50">
							<String ID="string_224" HPOS="242" VPOS="1352" WIDTH="175" HEIGHT="40" WC="0.92" CONTENT="givningen"/><SP WIDTH="18" VPOS="1352" HPOS="417"/>
							<String ID="string_225" HPOS="435" VPOS="1351" WIDTH="42" HEIGHT="40" WC="0.96" CONTENT="på"/><SP WIDTH="18" VPOS="1351" HPOS="477"/>
							<String ID="string_226" HPOS="495" VPOS="1350" WIDTH="160" HEIGHT="37" WC="0.96" CONTENT="området,"/><SP WIDTH="19" VPOS="1350" HPOS="655"/>
							<String ID="string_227" HPOS="674" VPOS="1360" WIDTH="70" HEIGHT="21" WC="0.96" CONTENT="som"/><SP WIDTH="18" VPOS="1360" HPOS="744"/>
							<String ID="string_228" HPOS="762" VPOS="1351" WIDTH="56" HEIGHT="37" WC="0.96" CONTENT="ägt"/><SP WIDTH="17" VPOS="1351" HPOS="818"/>
							<String ID="string_229" HPOS="835" VPOS="1359" WIDTH="74" HEIGHT="20" WC="0.96" CONTENT="rum"/><SP WIDTH="15" VPOS="1359" HPOS="909"/>
							<String ID="string_230" HPOS="924" VPOS="1347" WIDTH="107" HEIGHT="31" WC="0.96" CONTENT="under"/><SP WIDTH="17" VPOS="1347" HPOS="1031"/>
							<String ID="string_231" HPOS="1048" VPOS="1346" WIDTH="41" HEIGHT="31" WC="0.96" CONTENT="de"/><SP WIDTH="17" VPOS="1346" HPOS="1089"/>
							<String ID="string_232" HPOS="1106" VPOS="1349" WIDTH="130" HEIGHT="27" WC="0.96" CONTENT="senaste"/><SP WIDTH="17" VPOS="1349" HPOS="1236"/>
							<String ID="string_233" HPOS="1253" VPOS="1345" WIDTH="88" HEIGHT="31" WC="0.95" CONTENT="åren."/><SP WIDTH="18" VPOS="1345" HPOS="1341"/>
							<String ID="string_234" HPOS="1359" VPOS="1344" WIDTH="51" HEIGHT="31" WC="0.96" CONTENT="En"/><SP WIDTH="19" VPOS="1344" HPOS="1410"/>
							<String ID="string_235" HPOS="1429" VPOS="1343" WIDTH="135" HEIGHT="39" WC="0.96" CONTENT="höjning"/><SP WIDTH="19" VPOS="1343" HPOS="1564"/>
							<String ID="string_236" HPOS="1583" VPOS="1354" WIDTH="43" HEIGHT="20" WC="0.90" CONTENT="av"/><SP WIDTH="18" VPOS="1354" HPOS="1626"/>
							<String ID="string_237" HPOS="1644" VPOS="1342" WIDTH="83" HEIGHT="31" WC="0.90" CONTENT="före-"/>
						</TextLine>
						<TextLine ID="line_23" HPOS="244" VPOS="1395" WIDTH="1483" HEIGHT="49">
							<String ID="string_238" HPOS="244" VPOS="1405" WIDTH="143" HEIGHT="32" WC="0.96" CONTENT="varande"/><SP WIDTH="25" VPOS="1405" HPOS="387"/>
							<String ID="string_239" HPOS="412" VPOS="1405" WIDTH="113" HEIGHT="39" WC="0.96" CONTENT="anslag"/><SP WIDTH="24" VPOS="1405" HPOS="525"/>
							<String ID="string_240" HPOS="549" VPOS="1404" WIDTH="10" HEIGHT="31" WC="0.96" CONTENT="i"/><SP WIDTH="24" VPOS="1404" HPOS="559"/>
							<String ID="string_241" HPOS="583" VPOS="1402" WIDTH="145" HEIGHT="40" WC="0.96" CONTENT="enlighet"/><SP WIDTH="24" VPOS="1402" HPOS="728"/>
							<String ID="string_242" HPOS="752" VPOS="1402" WIDTH="75" HEIGHT="30" WC="0.96" CONTENT="med"/><SP WIDTH="24" VPOS="1402" HPOS="827"/>
							<String ID="string_243" HPOS="851" VPOS="1401" WIDTH="156" HEIGHT="39" WC="0.95" CONTENT="förslaget"/><SP WIDTH="25" VPOS="1401" HPOS="1007"/>
							<String ID="string_244" HPOS="1032" VPOS="1399" WIDTH="59" HEIGHT="31" WC="0.96" CONTENT="bör"/><SP WIDTH="25" VPOS="1399" HPOS="1091"/>
							<String ID="string_245" HPOS="1116" VPOS="1409" WIDTH="39" HEIGHT="29" WC="0.96" CONTENT="ge"/><SP WIDTH="25" VPOS="1409" HPOS="1155"/>
							<String ID="string_246" HPOS="1180" VPOS="1399" WIDTH="81" HEIGHT="30" WC="0.96" CONTENT="ökat"/><SP WIDTH="25" VPOS="1399" HPOS="1261"/>
							<String ID="string_247" HPOS="1286" VPOS="1401" WIDTH="166" HEIGHT="35" WC="0.96" CONTENT="utrymme"/><SP WIDTH="24" VPOS="1401" HPOS="1452"/>
							<String ID="string_248" HPOS="1476" VPOS="1399" WIDTH="86" HEIGHT="28" WC="0.96" CONTENT="även"/><SP WIDTH="25" VPOS="1399" HPOS="1562"/>
							<String ID="string_249" HPOS="1587" VPOS="1396" WIDTH="51" HEIGHT="31" WC="0.96" CONTENT="för"/><SP WIDTH="26" VPOS="1396" HPOS="1638"/>
							<String ID="string_250" HPOS="1664" VPOS="1395" WIDTH="63" HEIGHT="31" WC="0.96" CONTENT="den"/>
						</TextLine>
						<TextLine ID="line_24" HPOS="243" VPOS="1448" WIDTH="1486" HEIGHT="50">
							<String ID="string_251" HPOS="243" VPOS="1458" WIDTH="189" HEIGHT="40" WC="0.96" CONTENT="ytterligare"/><SP WIDTH="25" VPOS="1458" HPOS="432"/>
							<String ID="string_252" HPOS="457" VPOS="1456" WIDTH="199" HEIGHT="39" WC="0.95" CONTENT="förbättring"/><SP WIDTH="25" VPOS="1456" HPOS="656"/>
							<String ID="string_253" HPOS="681" VPOS="1466" WIDTH="42" HEIGHT="20" WC="0.93" CONTENT="av"/><SP WIDTH="26" VPOS="1466" HPOS="723"/>
							<String ID="string_254" HPOS="749" VPOS="1453" WIDTH="275" HEIGHT="33" WC="0.92" CONTENT="tidskriftsstödet"/><SP WIDTH="25" VPOS="1453" HPOS="1024"/>
							<String ID="string_255" HPOS="1049" VPOS="1463" WIDTH="70" HEIGHT="21" WC="0.96" CONTENT="som"/><SP WIDTH="25" VPOS="1463" HPOS="1119"/>
							<String ID="string_256" HPOS="1144" VPOS="1452" WIDTH="68" HEIGHT="30" WC="0.96" CONTENT="kan"/><SP WIDTH="24" VPOS="1452" HPOS="1212"/>
							<String ID="string_257" HPOS="1236" VPOS="1451" WIDTH="44" HEIGHT="31" WC="0.96" CONTENT="bli"/><SP WIDTH="26" VPOS="1451" HPOS="1280"/>
							<String ID="string_258" HPOS="1306" VPOS="1450" WIDTH="134" HEIGHT="31" WC="0.96" CONTENT="aktuell."/><SP WIDTH="26" VPOS="1450" HPOS="1440"/>
							<String ID="string_259" HPOS="1466" VPOS="1449" WIDTH="177" HEIGHT="32" WC="0.96" CONTENT="Utskottet"/><SP WIDTH="25" VPOS="1449" HPOS="1643"/>
							<String ID="string_260" HPOS="1668" VPOS="1448" WIDTH="61" HEIGHT="32" WC="0.96" CONTENT="har"/>
						</TextLine>
						<TextLine ID="line_25" HPOS="244" VPOS="1502" WIDTH="1484" HEIGHT="45">
							<String ID="string_261" HPOS="244" VPOS="1512" WIDTH="111" HEIGHT="31" WC="0.96" CONTENT="därför"/><SP WIDTH="19" VPOS="1512" HPOS="355"/>
							<String ID="string_262" HPOS="374" VPOS="1511" WIDTH="69" HEIGHT="31" WC="0.96" CONTENT="inte"/><SP WIDTH="20" VPOS="1511" HPOS="443"/>
							<String ID="string_263" HPOS="463" VPOS="1509" WIDTH="110" HEIGHT="32" WC="0.96" CONTENT="funnit"/><SP WIDTH="20" VPOS="1509" HPOS="573"/>
							<String ID="string_264" HPOS="593" VPOS="1508" WIDTH="176" HEIGHT="39" WC="0.96" CONTENT="anledning"/><SP WIDTH="21" VPOS="1508" HPOS="769"/>
							<String ID="string_265" HPOS="790" VPOS="1507" WIDTH="132" HEIGHT="31" WC="0.96" CONTENT="förorda"/><SP WIDTH="19" VPOS="1507" HPOS="922"/>
							<String ID="string_266" HPOS="941" VPOS="1505" WIDTH="92" HEIGHT="32" WC="0.96" CONTENT="bifall"/><SP WIDTH="22" VPOS="1505" HPOS="1033"/>
							<String ID="string_267" HPOS="1055" VPOS="1505" WIDTH="49" HEIGHT="32" WC="0.96" CONTENT="till"/><SP WIDTH="21" VPOS="1505" HPOS="1104"/>
							<String ID="string_268" HPOS="1125" VPOS="1504" WIDTH="165" HEIGHT="40" WC="0.95" CONTENT="yrkandet"/><SP WIDTH="21" VPOS="1504" HPOS="1290"/>
							<String ID="string_269" HPOS="1311" VPOS="1503" WIDTH="10" HEIGHT="32" WC="0.96" CONTENT="i"/><SP WIDTH="21" VPOS="1503" HPOS="1321"/>
							<String ID="string_270" HPOS="1342" VPOS="1502" WIDTH="169" HEIGHT="32" WC="0.96" CONTENT="motionen"/><SP WIDTH="20" VPOS="1502" HPOS="1511"/>
							<String ID="string_271" HPOS="1531" VPOS="1502" WIDTH="47" HEIGHT="31" WC="0.31" CONTENT="II:"/><SP WIDTH="13" VPOS="1502" HPOS="1578"/>
							<String ID="string_272" HPOS="1591" VPOS="1505" WIDTH="61" HEIGHT="28" WC="0.31" CONTENT="217"/><SP WIDTH="22" VPOS="1505" HPOS="1652"/>
							<String ID="string_273" HPOS="1674" VPOS="1512" WIDTH="54" HEIGHT="20" WC="0.96" CONTENT="om"/>
						</TextLine>
						<TextLine ID="line_26" HPOS="244" VPOS="1554" WIDTH="1485" HEIGHT="49">
							<String ID="string_274" HPOS="244" VPOS="1568" WIDTH="53" HEIGHT="28" WC="0.95" CONTENT="att"/><SP WIDTH="25" VPOS="1568" HPOS="297"/>
							<String ID="string_275" HPOS="322" VPOS="1564" WIDTH="174" HEIGHT="39" WC="0.95" CONTENT="riksdagen"/><SP WIDTH="26" VPOS="1564" HPOS="496"/>
							<String ID="string_276" HPOS="522" VPOS="1563" WIDTH="81" HEIGHT="31" WC="0.96" CONTENT="skall"/><SP WIDTH="26" VPOS="1563" HPOS="603"/>
							<String ID="string_277" HPOS="629" VPOS="1562" WIDTH="60" HEIGHT="31" WC="0.96" CONTENT="hos"/><SP WIDTH="27" VPOS="1562" HPOS="689"/>
							<String ID="string_278" HPOS="716" VPOS="1561" WIDTH="122" HEIGHT="39" WC="0.96" CONTENT="Kungl."/><SP WIDTH="28" VPOS="1561" HPOS="838"/>
							<String ID="string_279" HPOS="866" VPOS="1559" WIDTH="104" HEIGHT="39" WC="0.92" CONTENT="Maj:t"/><SP WIDTH="26" VPOS="1559" HPOS="970"/>
							<String ID="string_280" HPOS="996" VPOS="1558" WIDTH="173" HEIGHT="32" WC="0.92" CONTENT="hemställa"/><SP WIDTH="28" VPOS="1558" HPOS="1169"/>
							<String ID="string_281" HPOS="1197" VPOS="1568" WIDTH="55" HEIGHT="20" WC="0.96" CONTENT="om"/><SP WIDTH="27" VPOS="1568" HPOS="1252"/>
							<String ID="string_282" HPOS="1279" VPOS="1556" WIDTH="176" HEIGHT="39" WC="0.96" CONTENT="utredning"/><SP WIDTH="27" VPOS="1556" HPOS="1455"/>
							<String ID="string_283" HPOS="1482" VPOS="1555" WIDTH="61" HEIGHT="32" WC="0.95" CONTENT="och"/><SP WIDTH="28" VPOS="1555" HPOS="1543"/>
							<String ID="string_284" HPOS="1571" VPOS="1555" WIDTH="120" HEIGHT="39" WC="0.94" CONTENT="förslag"/><SP WIDTH="28" VPOS="1555" HPOS="1691"/>
							<String ID="string_285" HPOS="1719" VPOS="1554" WIDTH="10" HEIGHT="31" WC="0.96" CONTENT="i"/>
						</TextLine>
						<TextLine ID="line_27" HPOS="245" VPOS="1617" WIDTH="229" HEIGHT="39">
							<String ID="string_286" HPOS="245" VPOS="1619" WIDTH="108" HEIGHT="31" WC="0.95" CONTENT="denna"/><SP WIDTH="19" VPOS="1619" HPOS="353"/>
							<String ID="string_287" HPOS="372" VPOS="1617" WIDTH="102" HEIGHT="39" WC="0.95" CONTENT="fråga."/>
						</TextLine>
					</TextBlock>
					<TextBlock ID="block_4" HPOS="243" VPOS="1661" WIDTH="1493" HEIGHT="738">
						<TextLine ID="line_28" HPOS="286" VPOS="1661" WIDTH="1444" HEIGHT="48">
							<String ID="string_288" HPOS="286" VPOS="1670" WIDTH="159" HEIGHT="39" WC="0.96" CONTENT="Slutligen"/><SP WIDTH="28" VPOS="1670" HPOS="445"/>
							<String ID="string_289" HPOS="473" VPOS="1669" WIDTH="60" HEIGHT="31" WC="0.96" CONTENT="har"/><SP WIDTH="26" VPOS="1669" HPOS="533"/>
							<String ID="string_290" HPOS="559" VPOS="1668" WIDTH="10" HEIGHT="31" WC="0.96" CONTENT="i"/><SP WIDTH="28" VPOS="1668" HPOS="569"/>
							<String ID="string_291" HPOS="597" VPOS="1669" WIDTH="95" HEIGHT="31" WC="0.96" CONTENT="detta"/><SP WIDTH="29" VPOS="1669" HPOS="692"/>
							<String ID="string_292" HPOS="721" VPOS="1665" WIDTH="238" HEIGHT="40" WC="0.96" CONTENT="sammanhang"/><SP WIDTH="28" VPOS="1665" HPOS="959"/>
							<String ID="string_293" HPOS="987" VPOS="1664" WIDTH="198" HEIGHT="32" WC="0.96" CONTENT="behandlats"/><SP WIDTH="29" VPOS="1664" HPOS="1185"/>
							<String ID="string_294" HPOS="1214" VPOS="1662" WIDTH="166" HEIGHT="32" WC="0.92" CONTENT="motionen"/><SP WIDTH="30" VPOS="1662" HPOS="1380"/>
							<String ID="string_295" HPOS="1410" VPOS="1662" WIDTH="117" HEIGHT="31" WC="0.82" CONTENT="II:461"/><SP WIDTH="32" VPOS="1662" HPOS="1527"/>
							<String ID="string_296" HPOS="1559" VPOS="1661" WIDTH="171" HEIGHT="40" WC="0.94" CONTENT="angående"/>
						</TextLine>
						<TextLine ID="line_29" HPOS="246" VPOS="1713" WIDTH="1485" HEIGHT="48">
							<String ID="string_297" HPOS="246" VPOS="1724" WIDTH="240" HEIGHT="31" WC="0.91" CONTENT="danskonstens"/><SP WIDTH="22" VPOS="1724" HPOS="486"/>
							<String ID="string_298" HPOS="508" VPOS="1722" WIDTH="80" HEIGHT="39" WC="0.96" CONTENT="läge,"/><SP WIDTH="23" VPOS="1722" HPOS="588"/>
							<String ID="string_299" HPOS="611" VPOS="1721" WIDTH="110" HEIGHT="31" WC="0.96" CONTENT="behov"/><SP WIDTH="23" VPOS="1721" HPOS="721"/>
							<String ID="string_300" HPOS="744" VPOS="1719" WIDTH="60" HEIGHT="32" WC="0.93" CONTENT="och"/><SP WIDTH="23" VPOS="1719" HPOS="804"/>
							<String ID="string_301" HPOS="827" VPOS="1717" WIDTH="425" HEIGHT="40" WC="0.90" CONTENT="utvecklingsmöjligheter."/><SP WIDTH="24" VPOS="1717" HPOS="1252"/>
							<String ID="string_302" HPOS="1276" VPOS="1716" WIDTH="175" HEIGHT="31" WC="0.96" CONTENT="Utskottet"/><SP WIDTH="24" VPOS="1716" HPOS="1451"/>
							<String ID="string_303" HPOS="1475" VPOS="1726" WIDTH="94" HEIGHT="20" WC="0.96" CONTENT="anser"/><SP WIDTH="23" VPOS="1726" HPOS="1569"/>
							<String ID="string_304" HPOS="1592" VPOS="1714" WIDTH="10" HEIGHT="31" WC="0.96" CONTENT="i"/><SP WIDTH="23" VPOS="1714" HPOS="1602"/>
							<String ID="string_305" HPOS="1625" VPOS="1713" WIDTH="106" HEIGHT="32" WC="0.96" CONTENT="likhet"/>
						</TextLine>
						<TextLine ID="line_30" HPOS="246" VPOS="1767" WIDTH="1485" HEIGHT="43">
							<String ID="string_306" HPOS="246" VPOS="1778" WIDTH="74" HEIGHT="30" WC="0.95" CONTENT="med"/><SP WIDTH="20" VPOS="1778" HPOS="320"/>
							<String ID="string_307" HPOS="340" VPOS="1776" WIDTH="243" HEIGHT="31" WC="0.96" CONTENT="motionärerna"/><SP WIDTH="19" VPOS="1776" HPOS="583"/>
							<String ID="string_308" HPOS="602" VPOS="1777" WIDTH="53" HEIGHT="28" WC="0.97" CONTENT="att"/><SP WIDTH="20" VPOS="1777" HPOS="655"/>
							<String ID="string_309" HPOS="675" VPOS="1774" WIDTH="58" HEIGHT="30" WC="0.96" CONTENT="det"/><SP WIDTH="18" VPOS="1774" HPOS="733"/>
							<String ID="string_310" HPOS="751" VPOS="1772" WIDTH="87" HEIGHT="32" WC="0.96" CONTENT="finns"/><SP WIDTH="19" VPOS="1772" HPOS="838"/>
							<String ID="string_311" HPOS="857" VPOS="1771" WIDTH="176" HEIGHT="39" WC="0.96" CONTENT="anledning"/><SP WIDTH="19" VPOS="1771" HPOS="1033"/>
							<String ID="string_312" HPOS="1052" VPOS="1774" WIDTH="53" HEIGHT="27" WC="0.93" CONTENT="att"/><SP WIDTH="19" VPOS="1774" HPOS="1105"/>
							<String ID="string_313" HPOS="1124" VPOS="1769" WIDTH="254" HEIGHT="40" WC="0.92" CONTENT="uppmärksamt"/><SP WIDTH="20" VPOS="1769" HPOS="1378"/>
							<String ID="string_314" HPOS="1398" VPOS="1767" WIDTH="80" HEIGHT="39" WC="0.96" CONTENT="följa"/><SP WIDTH="20" VPOS="1767" HPOS="1478"/>
							<String ID="string_315" HPOS="1498" VPOS="1767" WIDTH="233" HEIGHT="39" WC="0.95" CONTENT="utvecklingen"/>
						</TextLine>
						<TextLine ID="line_31" HPOS="243" VPOS="1820" WIDTH="1490" HEIGHT="50">
							<String ID="string_316" HPOS="243" VPOS="1831" WIDTH="43" HEIGHT="39" WC="0.96" CONTENT="på"/><SP WIDTH="26" VPOS="1831" HPOS="286"/>
							<String ID="string_317" HPOS="312" VPOS="1830" WIDTH="95" HEIGHT="31" WC="0.96" CONTENT="detta"/><SP WIDTH="27" VPOS="1830" HPOS="407"/>
							<String ID="string_318" HPOS="434" VPOS="1828" WIDTH="143" HEIGHT="36" WC="0.96" CONTENT="område,"/><SP WIDTH="27" VPOS="1828" HPOS="577"/>
							<String ID="string_319" HPOS="604" VPOS="1826" WIDTH="70" HEIGHT="31" WC="0.96" CONTENT="inte"/><SP WIDTH="27" VPOS="1826" HPOS="674"/>
							<String ID="string_320" HPOS="701" VPOS="1825" WIDTH="101" HEIGHT="32" WC="0.96" CONTENT="minst"/><SP WIDTH="26" VPOS="1825" HPOS="802"/>
							<String ID="string_321" HPOS="828" VPOS="1825" WIDTH="76" HEIGHT="31" WC="0.96" CONTENT="med"/><SP WIDTH="27" VPOS="1825" HPOS="904"/>
							<String ID="string_322" HPOS="931" VPOS="1823" WIDTH="102" HEIGHT="32" WC="0.96" CONTENT="tanke"/><SP WIDTH="27" VPOS="1823" HPOS="1033"/>
							<String ID="string_323" HPOS="1060" VPOS="1823" WIDTH="43" HEIGHT="39" WC="0.96" CONTENT="på"/><SP WIDTH="27" VPOS="1823" HPOS="1103"/>
							<String ID="string_324" HPOS="1130" VPOS="1823" WIDTH="58" HEIGHT="30" WC="0.96" CONTENT="det"/><SP WIDTH="26" VPOS="1823" HPOS="1188"/>
							<String ID="string_325" HPOS="1214" VPOS="1821" WIDTH="123" HEIGHT="32" WC="0.96" CONTENT="snabbt"/><SP WIDTH="26" VPOS="1821" HPOS="1337"/>
							<String ID="string_326" HPOS="1363" VPOS="1821" WIDTH="107" HEIGHT="31" WC="0.96" CONTENT="ökade"/><SP WIDTH="26" VPOS="1821" HPOS="1470"/>
							<String ID="string_327" HPOS="1496" VPOS="1820" WIDTH="137" HEIGHT="32" WC="0.96" CONTENT="intresse"/><SP WIDTH="27" VPOS="1820" HPOS="1633"/>
							<String ID="string_328" HPOS="1660" VPOS="1829" WIDTH="73" HEIGHT="21" WC="0.96" CONTENT="som"/>
						</TextLine>
						<TextLine ID="line_32" HPOS="246" VPOS="1873" WIDTH="1487" HEIGHT="47">
							<String ID="string_329" HPOS="246" VPOS="1881" WIDTH="342" HEIGHT="39" WC="0.91" CONTENT="balettundervisning"/><SP WIDTH="21" VPOS="1881" HPOS="588"/>
							<String ID="string_330" HPOS="609" VPOS="1880" WIDTH="52" HEIGHT="31" WC="0.96" CONTENT="för"/><SP WIDTH="19" VPOS="1880" HPOS="661"/>
							<String ID="string_331" HPOS="680" VPOS="1879" WIDTH="83" HEIGHT="31" WC="0.96" CONTENT="barn"/><SP WIDTH="21" VPOS="1879" HPOS="763"/>
							<String ID="string_332" HPOS="784" VPOS="1878" WIDTH="127" HEIGHT="31" WC="0.96" CONTENT="tilldrar"/><SP WIDTH="22" VPOS="1878" HPOS="911"/>
							<String ID="string_333" HPOS="933" VPOS="1877" WIDTH="56" HEIGHT="40" WC="0.96" CONTENT="sig."/><SP WIDTH="22" VPOS="1877" HPOS="989"/>
							<String ID="string_334" HPOS="1011" VPOS="1876" WIDTH="252" HEIGHT="31" WC="0.96" CONTENT="Motionärerna"/><SP WIDTH="21" VPOS="1876" HPOS="1263"/>
							<String ID="string_335" HPOS="1284" VPOS="1874" WIDTH="60" HEIGHT="32" WC="0.96" CONTENT="har"/><SP WIDTH="20" VPOS="1874" HPOS="1344"/>
							<String ID="string_336" HPOS="1364" VPOS="1874" WIDTH="99" HEIGHT="32" WC="0.96" CONTENT="också"/><SP WIDTH="23" VPOS="1874" HPOS="1463"/>
							<String ID="string_337" HPOS="1486" VPOS="1874" WIDTH="74" HEIGHT="31" WC="0.96" CONTENT="med"/><SP WIDTH="22" VPOS="1874" HPOS="1560"/>
							<String ID="string_338" HPOS="1582" VPOS="1873" WIDTH="59" HEIGHT="32" WC="0.96" CONTENT="full"/><SP WIDTH="22" VPOS="1873" HPOS="1641"/>
							<String ID="string_339" HPOS="1663" VPOS="1875" WIDTH="70" HEIGHT="29" WC="0.96" CONTENT="rätt"/>
						</TextLine>
						<TextLine ID="line_33" HPOS="246" VPOS="1926" WIDTH="1487" HEIGHT="50">
							<String ID="string_340" HPOS="246" VPOS="1936" WIDTH="102" HEIGHT="40" WC="0.96" CONTENT="pekat"/><SP WIDTH="20" VPOS="1936" HPOS="348"/>
							<String ID="string_341" HPOS="368" VPOS="1935" WIDTH="44" HEIGHT="40" WC="0.96" CONTENT="på"/><SP WIDTH="20" VPOS="1935" HPOS="412"/>
							<String ID="string_342" HPOS="432" VPOS="1934" WIDTH="143" HEIGHT="32" WC="0.96" CONTENT="behovet"/><SP WIDTH="20" VPOS="1934" HPOS="575"/>
							<String ID="string_343" HPOS="595" VPOS="1944" WIDTH="43" HEIGHT="22" WC="0.96" CONTENT="av"/><SP WIDTH="21" VPOS="1944" HPOS="638"/>
							<String ID="string_344" HPOS="659" VPOS="1936" WIDTH="53" HEIGHT="28" WC="0.96" CONTENT="att"/><SP WIDTH="21" VPOS="1936" HPOS="712"/>
							<String ID="string_345" HPOS="733" VPOS="1931" WIDTH="10" HEIGHT="31" WC="0.96" CONTENT="i"/><SP WIDTH="20" VPOS="1931" HPOS="743"/>
							<String ID="string_346" HPOS="763" VPOS="1931" WIDTH="103" HEIGHT="32" WC="0.96" CONTENT="första"/><SP WIDTH="21" VPOS="1931" HPOS="866"/>
							<String ID="string_347" HPOS="887" VPOS="1930" WIDTH="90" HEIGHT="31" WC="0.96" CONTENT="hand"/><SP WIDTH="21" VPOS="1930" HPOS="977"/>
							<String ID="string_348" HPOS="998" VPOS="1929" WIDTH="164" HEIGHT="32" WC="0.93" CONTENT="förbättra"/><SP WIDTH="23" VPOS="1929" HPOS="1162"/>
							<String ID="string_349" HPOS="1185" VPOS="1927" WIDTH="463" HEIGHT="40" WC="0.90" CONTENT="utbildningsförhållandena."/><SP WIDTH="23" VPOS="1927" HPOS="1648"/>
							<String ID="string_350" HPOS="1671" VPOS="1926" WIDTH="62" HEIGHT="31" WC="0.92" CONTENT="Ut-"/>
						</TextLine>
						<TextLine ID="line_34" HPOS="248" VPOS="1979" WIDTH="1486" HEIGHT="43">
							<String ID="string_351" HPOS="248" VPOS="1990" WIDTH="126" HEIGHT="30" WC="0.96" CONTENT="skottet"/><SP WIDTH="21" VPOS="1990" HPOS="374"/>
							<String ID="string_352" HPOS="395" VPOS="1998" WIDTH="95" HEIGHT="21" WC="0.96" CONTENT="anser"/><SP WIDTH="20" VPOS="1998" HPOS="490"/>
							<String ID="string_353" HPOS="510" VPOS="1987" WIDTH="57" HEIGHT="31" WC="0.93" CONTENT="det"/><SP WIDTH="20" VPOS="1987" HPOS="567"/>
							<String ID="string_354" HPOS="587" VPOS="1984" WIDTH="302" HEIGHT="33" WC="0.91" CONTENT="tillfredsställande"/><SP WIDTH="21" VPOS="1984" HPOS="889"/>
							<String ID="string_355" HPOS="910" VPOS="1987" WIDTH="53" HEIGHT="28" WC="0.96" CONTENT="att"/><SP WIDTH="22" VPOS="1987" HPOS="963"/>
							<String ID="string_356" HPOS="985" VPOS="1981" WIDTH="133" HEIGHT="41" WC="0.96" CONTENT="statliga"/><SP WIDTH="22" VPOS="1981" HPOS="1118"/>
							<String ID="string_357" HPOS="1140" VPOS="1981" WIDTH="106" HEIGHT="32" WC="0.96" CONTENT="medel"/><SP WIDTH="22" VPOS="1981" HPOS="1246"/>
							<String ID="string_358" HPOS="1268" VPOS="1981" WIDTH="107" HEIGHT="31" WC="0.95" CONTENT="ställts"/><SP WIDTH="23" VPOS="1981" HPOS="1375"/>
							<String ID="string_359" HPOS="1398" VPOS="1980" WIDTH="48" HEIGHT="31" WC="0.96" CONTENT="till"/><SP WIDTH="22" VPOS="1980" HPOS="1446"/>
							<String ID="string_360" HPOS="1468" VPOS="1980" WIDTH="193" HEIGHT="39" WC="0.96" CONTENT="förfogande"/><SP WIDTH="21" VPOS="1980" HPOS="1661"/>
							<String ID="string_361" HPOS="1682" VPOS="1979" WIDTH="52" HEIGHT="32" WC="0.96" CONTENT="för"/>
						</TextLine>
						<TextLine ID="line_35" HPOS="247" VPOS="2032" WIDTH="1486" HEIGHT="45">
							<String ID="string_362" HPOS="247" VPOS="2045" WIDTH="53" HEIGHT="28" WC="0.96" CONTENT="att"/><SP WIDTH="17" VPOS="2045" HPOS="300"/>
							<String ID="string_363" HPOS="317" VPOS="2041" WIDTH="32" HEIGHT="32" WC="0.96" CONTENT="få"/><SP WIDTH="19" VPOS="2041" HPOS="349"/>
							<String ID="string_364" HPOS="368" VPOS="2040" WIDTH="49" HEIGHT="32" WC="0.96" CONTENT="till"/><SP WIDTH="18" VPOS="2040" HPOS="417"/>
							<String ID="string_365" HPOS="435" VPOS="2040" WIDTH="98" HEIGHT="33" WC="0.96" CONTENT="stånd"/><SP WIDTH="18" VPOS="2040" HPOS="533"/>
							<String ID="string_366" HPOS="551" VPOS="2040" WIDTH="63" HEIGHT="31" WC="0.93" CONTENT="den"/><SP WIDTH="18" VPOS="2040" HPOS="614"/>
							<String ID="string_367" HPOS="632" VPOS="2035" WIDTH="418" HEIGHT="42" WC="0.90" CONTENT="utbildningsverksamhet"/><SP WIDTH="18" VPOS="2035" HPOS="1050"/>
							<String ID="string_368" HPOS="1068" VPOS="2046" WIDTH="70" HEIGHT="21" WC="0.96" CONTENT="som"/><SP WIDTH="18" VPOS="2046" HPOS="1138"/>
							<String ID="string_369" HPOS="1156" VPOS="2045" WIDTH="46" HEIGHT="20" WC="0.96" CONTENT="nu"/><SP WIDTH="18" VPOS="2045" HPOS="1202"/>
							<String ID="string_370" HPOS="1220" VPOS="2033" WIDTH="132" HEIGHT="32" WC="0.96" CONTENT="bedrivs"/><SP WIDTH="18" VPOS="2033" HPOS="1352"/>
							<String ID="string_371" HPOS="1370" VPOS="2033" WIDTH="88" HEIGHT="31" WC="0.93" CONTENT="inom"/><SP WIDTH="19" VPOS="2033" HPOS="1458"/>
							<String ID="string_372" HPOS="1477" VPOS="2032" WIDTH="256" HEIGHT="40" WC="0.92" CONTENT="Koreografiska"/>
						</TextLine>
						<TextLine ID="line_36" HPOS="248" VPOS="2086" WIDTH="1487" HEIGHT="42">
							<String ID="string_373" HPOS="248" VPOS="2095" WIDTH="178" HEIGHT="31" WC="0.96" CONTENT="institutet."/><SP WIDTH="15" VPOS="2095" HPOS="426"/>
							<String ID="string_374" HPOS="441" VPOS="2092" WIDTH="271" HEIGHT="36" WC="0.96" CONTENT="Verksamheten,"/><SP WIDTH="17" VPOS="2092" HPOS="712"/>
							<String ID="string_375" HPOS="729" VPOS="2101" WIDTH="70" HEIGHT="21" WC="0.96" CONTENT="som"/><SP WIDTH="16" VPOS="2101" HPOS="799"/>
							<String ID="string_376" HPOS="815" VPOS="2093" WIDTH="138" HEIGHT="28" WC="0.96" CONTENT="startats"/><SP WIDTH="15" VPOS="2093" HPOS="953"/>
							<String ID="string_377" HPOS="968" VPOS="2088" WIDTH="43" HEIGHT="40" WC="0.96" CONTENT="på"/><SP WIDTH="15" VPOS="2088" HPOS="1011"/>
							<String ID="string_378" HPOS="1026" VPOS="2088" WIDTH="121" HEIGHT="36" WC="0.96" CONTENT="försök,"/><SP WIDTH="16" VPOS="2088" HPOS="1147"/>
							<String ID="string_379" HPOS="1163" VPOS="2087" WIDTH="61" HEIGHT="31" WC="0.96" CONTENT="bör"/><SP WIDTH="14" VPOS="2087" HPOS="1224"/>
							<String ID="string_380" HPOS="1238" VPOS="2086" WIDTH="179" HEIGHT="32" WC="0.95" CONTENT="emellertid"/><SP WIDTH="16" VPOS="2086" HPOS="1417"/>
							<String ID="string_381" HPOS="1433" VPOS="2086" WIDTH="101" HEIGHT="39" WC="0.96" CONTENT="enligt"/><SP WIDTH="16" VPOS="2086" HPOS="1534"/>
							<String ID="string_382" HPOS="1550" VPOS="2086" WIDTH="185" HEIGHT="31" WC="0.96" CONTENT="utskottets"/>
						</TextLine>
						<TextLine ID="line_37" HPOS="249" VPOS="2138" WIDTH="1485" HEIGHT="48">
							<String ID="string_383" HPOS="249" VPOS="2147" WIDTH="131" HEIGHT="39" WC="0.96" CONTENT="mening"/><SP WIDTH="15" VPOS="2147" HPOS="380"/>
							<String ID="string_384" HPOS="395" VPOS="2147" WIDTH="33" HEIGHT="31" WC="0.96" CONTENT="få"/><SP WIDTH="16" VPOS="2147" HPOS="428"/>
							<String ID="string_385" HPOS="444" VPOS="2146" WIDTH="170" HEIGHT="31" WC="0.96" CONTENT="utvecklas"/><SP WIDTH="16" VPOS="2146" HPOS="614"/>
							<String ID="string_386" HPOS="630" VPOS="2145" WIDTH="61" HEIGHT="31" WC="0.96" CONTENT="och"/><SP WIDTH="16" VPOS="2145" HPOS="691"/>
							<String ID="string_387" HPOS="707" VPOS="2155" WIDTH="38" HEIGHT="29" WC="0.96" CONTENT="ge"/><SP WIDTH="16" VPOS="2155" HPOS="745"/>
							<String ID="string_388" HPOS="761" VPOS="2144" WIDTH="62" HEIGHT="30" WC="0.96" CONTENT="alla"/><SP WIDTH="16" VPOS="2144" HPOS="823"/>
							<String ID="string_389" HPOS="839" VPOS="2143" WIDTH="40" HEIGHT="31" WC="0.96" CONTENT="de"/><SP WIDTH="16" VPOS="2143" HPOS="879"/>
							<String ID="string_390" HPOS="895" VPOS="2141" WIDTH="221" HEIGHT="32" WC="0.96" CONTENT="erfarenheter"/><SP WIDTH="16" VPOS="2141" HPOS="1116"/>
							<String ID="string_391" HPOS="1132" VPOS="2151" WIDTH="71" HEIGHT="20" WC="0.96" CONTENT="som"/><SP WIDTH="14" VPOS="2151" HPOS="1203"/>
							<String ID="string_392" HPOS="1217" VPOS="2141" WIDTH="99" HEIGHT="30" WC="0.95" CONTENT="krävs"/><SP WIDTH="15" VPOS="2141" HPOS="1316"/>
							<String ID="string_393" HPOS="1331" VPOS="2139" WIDTH="50" HEIGHT="32" WC="0.95" CONTENT="för"/><SP WIDTH="16" VPOS="2139" HPOS="1381"/>
							<String ID="string_394" HPOS="1397" VPOS="2143" WIDTH="52" HEIGHT="27" WC="0.96" CONTENT="att"/><SP WIDTH="15" VPOS="2143" HPOS="1449"/>
							<String ID="string_395" HPOS="1464" VPOS="2139" WIDTH="113" HEIGHT="32" WC="0.96" CONTENT="kunna"/><SP WIDTH="15" VPOS="2139" HPOS="1577"/>
							<String ID="string_396" HPOS="1592" VPOS="2138" WIDTH="142" HEIGHT="31" WC="0.96" CONTENT="bedöma"/>
						</TextLine>
						<TextLine ID="line_38" HPOS="249" VPOS="2191" WIDTH="1485" HEIGHT="47">
							<String ID="string_397" HPOS="249" VPOS="2201" WIDTH="173" HEIGHT="31" WC="0.96" CONTENT="resultatet"/><SP WIDTH="20" VPOS="2201" HPOS="422"/>
							<String ID="string_398" HPOS="442" VPOS="2199" WIDTH="100" HEIGHT="32" WC="0.96" CONTENT="innan"/><SP WIDTH="18" VPOS="2199" HPOS="542"/>
							<String ID="string_399" HPOS="560" VPOS="2198" WIDTH="109" HEIGHT="40" WC="0.96" CONTENT="någon"/><SP WIDTH="19" VPOS="2198" HPOS="669"/>
							<String ID="string_400" HPOS="688" VPOS="2195" WIDTH="175" HEIGHT="40" WC="0.93" CONTENT="utredning"/><SP WIDTH="20" VPOS="2195" HPOS="863"/>
							<String ID="string_401" HPOS="883" VPOS="2195" WIDTH="211" HEIGHT="40" WC="0.91" CONTENT="igångsättes."/><SP WIDTH="20" VPOS="2195" HPOS="1094"/>
							<String ID="string_402" HPOS="1114" VPOS="2194" WIDTH="54" HEIGHT="31" WC="0.96" CONTENT="Då"/><SP WIDTH="21" VPOS="2194" HPOS="1168"/>
							<String ID="string_403" HPOS="1189" VPOS="2194" WIDTH="62" HEIGHT="31" WC="0.96" CONTENT="den"/><SP WIDTH="20" VPOS="2194" HPOS="1251"/>
							<String ID="string_404" HPOS="1271" VPOS="2204" WIDTH="42" HEIGHT="20" WC="0.95" CONTENT="av"/><SP WIDTH="20" VPOS="2204" HPOS="1313"/>
							<String ID="string_405" HPOS="1333" VPOS="2192" WIDTH="242" HEIGHT="31" WC="0.96" CONTENT="motionärerna"/><SP WIDTH="19" VPOS="2192" HPOS="1575"/>
							<String ID="string_406" HPOS="1594" VPOS="2191" WIDTH="140" HEIGHT="32" WC="0.96" CONTENT="berörda"/>
						</TextLine>
						<TextLine ID="line_39" HPOS="250" VPOS="2244" WIDTH="1486" HEIGHT="46">
							<String ID="string_407" HPOS="250" VPOS="2253" WIDTH="252" HEIGHT="32" WC="0.96" CONTENT="verksamheten"/><SP WIDTH="16" VPOS="2253" HPOS="502"/>
							<String ID="string_408" HPOS="518" VPOS="2251" WIDTH="101" HEIGHT="31" WC="0.96" CONTENT="redan"/><SP WIDTH="15" VPOS="2251" HPOS="619"/>
							<String ID="string_409" HPOS="634" VPOS="2249" WIDTH="327" HEIGHT="41" WC="0.96" CONTENT="uppmärksammats"/><SP WIDTH="16" VPOS="2249" HPOS="961"/>
							<String ID="string_410" HPOS="977" VPOS="2258" WIDTH="117" HEIGHT="29" WC="0.96" CONTENT="genom"/><SP WIDTH="17" VPOS="2258" HPOS="1094"/>
							<String ID="string_411" HPOS="1111" VPOS="2251" WIDTH="53" HEIGHT="27" WC="0.93" CONTENT="att"/><SP WIDTH="16" VPOS="2251" HPOS="1164"/>
							<String ID="string_412" HPOS="1180" VPOS="2245" WIDTH="314" HEIGHT="40" WC="0.91" CONTENT="försöksutbildning"/><SP WIDTH="16" VPOS="2245" HPOS="1494"/>
							<String ID="string_413" HPOS="1510" VPOS="2244" WIDTH="102" HEIGHT="40" WC="0.95" CONTENT="pågår"/><SP WIDTH="16" VPOS="2244" HPOS="1612"/>
							<String ID="string_414" HPOS="1628" VPOS="2244" WIDTH="108" HEIGHT="31" WC="0.96" CONTENT="finner"/>
						</TextLine>
						<TextLine ID="line_40" HPOS="251" VPOS="2297" WIDTH="1485" HEIGHT="45">
							<String ID="string_415" HPOS="251" VPOS="2307" WIDTH="165" HEIGHT="32" WC="0.96" CONTENT="utskottet"/><SP WIDTH="16" VPOS="2307" HPOS="416"/>
							<String ID="string_416" HPOS="432" VPOS="2306" WIDTH="67" HEIGHT="30" WC="0.96" CONTENT="inte"/><SP WIDTH="17" VPOS="2306" HPOS="499"/>
							<String ID="string_417" HPOS="516" VPOS="2305" WIDTH="68" HEIGHT="31" WC="0.96" CONTENT="skäl"/><SP WIDTH="17" VPOS="2305" HPOS="584"/>
							<String ID="string_418" HPOS="601" VPOS="2303" WIDTH="156" HEIGHT="39" WC="0.96" CONTENT="föreligga"/><SP WIDTH="16" VPOS="2303" HPOS="757"/>
							<String ID="string_419" HPOS="773" VPOS="2302" WIDTH="49" HEIGHT="32" WC="0.96" CONTENT="för"/><SP WIDTH="16" VPOS="2302" HPOS="822"/>
							<String ID="string_420" HPOS="838" VPOS="2302" WIDTH="107" HEIGHT="39" WC="0.96" CONTENT="någon"/><SP WIDTH="17" VPOS="2302" HPOS="945"/>
							<String ID="string_421" HPOS="962" VPOS="2301" WIDTH="190" HEIGHT="38" WC="0.96" CONTENT="riksdagens"/><SP WIDTH="15" VPOS="2301" HPOS="1152"/>
							<String ID="string_422" HPOS="1167" VPOS="2299" WIDTH="118" HEIGHT="40" WC="0.95" CONTENT="åtgärd"/><SP WIDTH="16" VPOS="2299" HPOS="1285"/>
							<String ID="string_423" HPOS="1301" VPOS="2299" WIDTH="10" HEIGHT="31" WC="0.96" CONTENT="i"/><SP WIDTH="16" VPOS="2299" HPOS="1311"/>
							<String ID="string_424" HPOS="1327" VPOS="2297" WIDTH="175" HEIGHT="40" WC="0.96" CONTENT="anledning"/><SP WIDTH="17" VPOS="2297" HPOS="1502"/>
							<String ID="string_425" HPOS="1519" VPOS="2309" WIDTH="42" HEIGHT="20" WC="0.93" CONTENT="av"/><SP WIDTH="17" VPOS="2309" HPOS="1561"/>
							<String ID="string_426" HPOS="1578" VPOS="2298" WIDTH="158" HEIGHT="31" WC="0.92" CONTENT="motions-"/>
						</TextLine>
						<TextLine ID="line_41" HPOS="250" VPOS="2361" WIDTH="164" HEIGHT="38">
							<String ID="string_427" HPOS="250" VPOS="2361" WIDTH="164" HEIGHT="38" WC="0.96" CONTENT="förslaget."/>
						</TextLine>
					</TextBlock>
				</ComposedBlock>
				<ComposedBlock ID="cblock_2" HPOS="292" VPOS="2413" WIDTH="1170" HEIGHT="45">
					<TextBlock ID="block_5" HPOS="292" VPOS="2413" WIDTH="1170" HEIGHT="45">
						<TextLine ID="line_42" HPOS="292" VPOS="2413" WIDTH="1170" HEIGHT="45">
							<String ID="string_428" HPOS="292" VPOS="2421" WIDTH="113" HEIGHT="33" WC="0.96" CONTENT="Under"/><SP WIDTH="16" VPOS="2421" HPOS="405"/>
							<String ID="string_429" HPOS="421" VPOS="2419" WIDTH="207" HEIGHT="39" WC="0.96" CONTENT="åberopande"/><SP WIDTH="17" VPOS="2419" HPOS="628"/>
							<String ID="string_430" HPOS="645" VPOS="2429" WIDTH="42" HEIGHT="20" WC="0.96" CONTENT="av"/><SP WIDTH="17" VPOS="2429" HPOS="687"/>
							<String ID="string_431" HPOS="704" VPOS="2417" WIDTH="65" HEIGHT="31" WC="0.96" CONTENT="vad"/><SP WIDTH="17" VPOS="2417" HPOS="769"/>
							<String ID="string_432" HPOS="786" VPOS="2416" WIDTH="137" HEIGHT="32" WC="0.96" CONTENT="sålunda"/><SP WIDTH="17" VPOS="2416" HPOS="923"/>
							<String ID="string_433" HPOS="940" VPOS="2415" WIDTH="126" HEIGHT="32" WC="0.96" CONTENT="anförts"/><SP WIDTH="16" VPOS="2415" HPOS="1066"/>
							<String ID="string_434" HPOS="1082" VPOS="2414" WIDTH="189" HEIGHT="31" WC="0.96" CONTENT="hemställer"/><SP WIDTH="15" VPOS="2414" HPOS="1271"/>
							<String ID="string_435" HPOS="1286" VPOS="2413" WIDTH="176" HEIGHT="36" WC="0.96" CONTENT="utskottet,"/>
						</TextLine>
					</TextBlock>
				</ComposedBlock>
			</PrintSpace>
		</Page>
	</Layout>
</alto>
