1854 2766
510 151 277 33 Statsutskottets
803 149 175 32 utlåtande
995 159 40 20 nr
1052 151 20 29 8
1088 147 38 32 år
1142 150 81 29 1965
1574 149 37 28 21

484 236 54 28 att
555 231 175 40 riksdagen
749 229 55 33 må
823 229 50 32 till
891 227 263 34 Landsarkiven:
1172 226 109 40 Inköp
1300 236 42 20 av
1361 223 175 33 arkivalier
1554 222 62 32 och

446 285 133 40 tryckta
593 283 147 37 arbeten,
754 281 235 40 konservering
1003 291 43 21 av
1062 279 174 33 arkivalier
1251 279 62 31 och
1329 276 226 40 bokbindning
1567 276 51 32 för

445 337 198 42 budgetåret
663 336 141 37 1965/66
822 334 116 33 anvisa
957 338 51 28 ett
1025 332 334 40 reservationsanslag
1377 342 42 21 av
1438 333 40 29 27
1490 333 61 29 000
1570 329 48 32 kr.

167 448 86 40 21:0)
277 445 493 34 Ortnamnskommissionen:
791 442 230 40 Avlöningar.
1054 440 18 32 I
1094 439 143 42 enlighet
1257 439 77 32 med
1354 438 123 40 Kungl.
1498 437 119 40 Maj:ts

127 501 120 41 förslag
266 500 124 40 (punkt
408 500 28 31 B
455 502 49 34 21,
522 509 26 21 s.
567 501 36 28 61
625 497 61 32 och
705 496 67 41 62),
790 495 104 32 vilket
911 494 138 33 innebär
1066 505 41 20 en
1126 491 267 43 anslagshöjning
1410 492 76 31 med
1505 495 39 28 35
1557 494 59 29 000

127 555 58 37 kr.,
203 553 191 33 hemställer
412 552 176 36 utskottet,

487 609 53 27 att
558 604 173 39 riksdagen
750 602 55 32 må

488 658 35 41 a)
553 657 176 41 godkänna
746 655 148 40 följande
913 653 243 41 avlöningsstat
1172 653 52 32 för
1242 651 376 35 ortnamnskommissio-

448 723 73 25 nen,
537 715 54 28 att
606 710 165 39 tillämpas
788 709 65 33 tills
870 707 113 33 vidare
999 707 38 32 fr.
1050 717 29 22 o.
1091 718 44 21 m.
1151 705 199 41 budgetåret
1367 705 154 36 1965/66:

846 816 375 40 Avlöningsstat

450 894 26 29 1.
508 890 157 32 Arvoden
685 888 62 33 och
769 887 161 33 särskilda
952 886 231 41 ersättningar,
1203 885 176 33 bestämda
1400 895 43 22 av

509 943 123 40 Kungl.
652 942 114 40 Maj:t,
782 941 190 40 förslagsvis
997 964 439 8 =...s...ssserseserere
1387 936 52 51 ert
1529 941 18 28 7
1559 941 60 28 000

448 1001 29 28 2.
509 996 203 40 Avlöningar
733 995 50 32 till
804 994 95 41 övrig
920 992 248 34 icke-ordinarie
1190 993 151 39 personal
1369 1017 66 5 ....
1486 994 133 29 200000

448 1054 28 28 3.
508 1048 131 42 Rörligt
660 1048 123 41 tillägg,
802 1047 189 41 förslagsvis
1019 1070 417 10 -......arsssse>rss
1386 1042 53 52 ses
1489 1047 58 29 106
1559 1046 60 30 000

1238 1108 136 33 Summa
1395 1108 48 31 kr.
1487 1110 60 28 313
1560 1110 59 28 000

490 1202 36 40 b)
564 1201 50 33 till
640 1199 452 34 Ortnamnskommissionen:
1117 1197 205 40 Avlöningar
1345 1197 52 32 för
1422 1196 199 41 budgetåret

452 1256 141 36 1965/66
610 1254 114 32 anvisa
737 1257 56 28 ett
807 1252 253 41 förslagsanslag
1072 1263 45 21 av
1138 1254 57 29 313
1210 1247 54 50 000
1285 1251 48 32 kr.

169 1418 89 41 22:0)
275 1416 494 34 Ortnamnskommissionen:
785 1413 277 33 Omkostaader.
1079 1412 18 32 I
1110 1411 147 41 enlighet
1272 1412 75 31 med
1362 1411 123 40 Kungl.
1501 1410 119 39 Maj:ts

131 1472 120 40 förslag
267 1470 125 41 (punkt
408 1470 28 31 B
453 1472 49 34 22,
519 1479 25 21 s.
562 1468 65 39 62),
644 1467 104 32 vilket
763 1466 138 32 innebär
915 1477 42 20 en
973 1464 268 41 anslagshöjning
1256 1465 77 31 med
1350 1467 18 28 5
1380 1467 60 28 000
1457 1464 58 36 kr.,
1531 1464 89 31 hem-

131 1525 110 32 ställer
257 1524 178 36 utskottet,

490 1579 53 27 att
564 1574 174 40 riksdagen
759 1573 55 32 må
836 1572 50 32 till
908 1571 450 32 Ortnamnskommissionen:
1379 1569 242 32 Omkostnader

449 1628 52 31 för
519 1627 198 40 budgetåret
738 1626 143 36 1965/68
901 1625 115 32 anvisa
1037 1628 50 28 ett
1106 1623 252 41 förslagsanslag
1377 1634 43 21 av
1441 1625 39 30 35
1492 1626 61 29 000
1572 1623 50 31 kr.

172 1781 87 40 23:0)
278 1778 498 34 Ortnamnskommissionen:
798 1776 197 39 Insamling
1014 1775 69 31 och
1102 1775 235 39 bearbetning
1357 1785 42 20 av
1418 1774 205 40 vetenskap-

132 1835 63 40 ligt
213 1833 173 33 material.
405 1832 18 31 I
441 1831 144 40 enlighet
602 1830 76 31 med
698 1830 124 39 Kungl.
840 1828 121 39 Maj:ts
980 1828 122 40 förslag
1120 1828 125 39 (punkt
1268 1828 18 31 B
1302 1830 52 34 23,
1372 1838 26 21 s.
1416 1830 42 28 62
1475 1827 62 31 och
1558 1826 65 41 63),

132 1888 103 31 vilket
254 1886 137 32 innebär
410 1896 40 20 en
468 1882 269 42 anslagshöjning
755 1883 75 31 med
851 1885 18 28 4
881 1885 60 28 000
961 1882 59 36 kr.,
1039 1881 189 31 hemställer
1245 1880 178 38 utskottet,

492 1953 54 28 att
563 1948 173 40 riksdagen
755 1948 55 31 må
829 1947 49 32 till
897 1945 450 33 Ortnamnskommissionen:
1362 1945 182 40 Insamling
1562 1945 61 32 och

453 2004 214 39 bearbetning
688 2015 43 20 av
753 2002 245 40 vetenskapligt
1018 2002 152 32 material
1191 2002 51 31 för
1262 2001 198 40 budgetåret
1483 2001 140 36 1965/66

451 2058 116 31 anvisa
581 2062 53 27 ett
648 2056 335 40 rcservationsanslag
1000 2067 42 20 av
1059 2058 39 28 57
1111 2058 59 29 000
1187 2055 48 31 kr.

174 2194 86 40 24:0)
280 2193 371 33 Landsmålsarkiven:
672 2192 229 40 Avlöningar.
931 2191 18 31 I
967 2190 145 40 enlighet
1129 2191 76 31 med
1223 2190 124 40 Kungl.
1366 2188 120 39 Maj:ts
1504 2188 120 39 förslag

136 2246 123 40 (punkt
273 2246 29 32 B
318 2248 50 35 24,
383 2257 25 20 s.
421 2249 41 29 63
477 2245 61 32 och
554 2245 65 38 64),
635 2244 103 32 vilket
753 2244 138 32 innebär
905 2255 40 20 en
960 2242 268 40 anslagshöjning
1243 2242 75 31 med
1334 2245 38 28 62
1385 2245 60 27 000
1460 2241 59 36 kr.,
1534 2240 89 32 hem-

134 2299 110 31 ställer
262 2298 177 37 utskottet,

494 2363 53 28 att
562 2359 173 40 riksdagen
751 2359 55 31 må

495 2421 35 40 a)
557 2421 176 39 godkänna
749 2419 146 40 följande
910 2419 242 39 avlöningsstat
1167 2418 50 32 för
1232 2415 325 38 landsmålsarkiven,
1573 2419 52 29 att

456 2474 165 39 tillämpas
638 2473 65 32 tills
722 2473 113 32 vidare
852 2473 39 31 fr.
902 2484 31 20 o.
945 2483 43 21 m.
1006 2472 197 40 budgetåret
1223 2472 153 36 1965/66:
