1918 2784
449 149 122 37 Tredje
590 148 244 37 lagutskottets
853 146 178 31 utlåtande
1048 155 44 21 nr
1112 146 38 29 17
1169 145 40 29 år
1228 144 83 29 1960
1607 141 17 30 7

146 257 199 38 långivning
365 257 52 29 till
439 254 430 37 bostadsrättsföreningar
889 254 78 29 med
988 255 70 27 stor
1076 252 101 30 andel
1198 251 141 30 lokaler.
1360 249 267 37 Bostadsstyrel-

145 311 60 21 sen
225 311 99 21 avser
346 303 50 29 att
418 301 11 30 i
452 301 151 30 cirkulär
626 300 53 30 till
700 298 379 37 förmedlingsorganen
1103 296 91 30 fästa
1214 293 350 39 uppmärksamheten
1582 292 45 38 på

145 347 101 30 dessa
266 346 127 38 frågor.

187 435 318 37 Bostadsstyrelsen
527 433 201 31 framhåller
751 432 170 38 slutligen,
943 433 49 29 att
1014 431 65 30 den
1100 440 43 20 av
1160 429 291 37 Hyresgästernas
1472 427 157 31 Riksför-

146 490 96 30 bund
269 489 51 30 till
347 489 124 30 chefen
499 489 54 29 för
580 487 378 38 socialdepartementet
983 484 137 31 avlåtna
1148 482 311 38 framställningen,
1484 481 145 30 varöver

146 543 316 37 bostadsstyrelsen
482 542 63 31 har
565 543 49 29 att
634 543 92 36 yttra
748 540 60 38 sig,
830 540 111 37 syftar
962 539 51 30 till
1035 540 49 28 att
1104 537 169 38 begränsa
1293 535 264 38 möjligheterna
1574 535 56 31 för

148 598 71 30 s.k.
244 596 371 38 byggmästarstartade
640 592 431 38 bostadsrättsföreningar
1095 593 49 29 att
1168 590 36 31 få
1229 589 144 31 statslån
1397 589 64 30 och
1486 588 143 31 sålunda

147 651 60 37 går
226 651 116 36 längre
362 651 44 29 än
424 650 68 30 vad
509 649 257 30 motionärerna
784 647 157 38 påyrkat.
957 646 64 30 Om
1040 645 65 30 den
1124 644 173 38 pågående
1316 642 227 38 utredningen
1561 642 69 30 kan

148 704 181 31 föranleda
350 704 133 37 förslag
503 703 52 30 till
577 702 147 37 ändring
745 702 10 29 i
777 699 431 37 tertiärlånekungörelsen
1230 698 69 30 kan
1319 696 312 37 bostadsstyrelsen

149 759 76 29 icke
245 767 46 21 nu
312 758 156 30 bedöma.

188 813 139 30 Statens
345 812 171 38 hyresråd
533 811 165 30 hänvisar
718 811 52 29 till
789 809 179 38 yttrandet
987 800 137 45 bilagda
1145 807 153 30 cirkulär
1318 815 42 20 nr
1382 806 37 29 31
1443 804 64 30 och
1527 813 41 20 nr
1589 802 40 31 36

148 867 79 30 med
253 866 224 38 anvisningar
502 866 51 29 till
578 864 320 38 hyresnämnderna
923 862 146 31 rörande
1094 861 88 30 bl.a.
1230 859 308 39 prövningen
1579 865 55 23 av

149 920 290 31 ekonomisk
472 920 112 37 plan
616 918 87 31 och
735 917 240 32 tillstånd
1005 915 84 32 till
1121 912 311 40 upptagande
1463 921 52 22 av
1543 911 91 31 för-

151 975 135 30 skott
321 974 20 30 å
377 973 228 38 avgifter.
625 973 69 29 För
713 972 152 30 cirkulär
884 980 41 21 nr
944 971 39 29 36
1002 970 63 30 har
1080 968 109 31 delvis
1209 966 193 39 redogjorts
1421 966 11 29 i
1451 965 183 30 utskottets

150 1028 176 30 utlåtande
342 1037 42 20 nr
402 1027 155 35 28/1950.
576 1027 48 29 De
644 1027 67 29 den
730 1026 39 30 20
789 1025 154 30 februari
965 1024 77 30 1960
1061 1022 183 30 utfärdade
1263 1019 294 39 kompletterande
1575 1027 60 22 an-

146 1081 236 37 visningarna,
402 1080 154 30 cirkulär
573 1089 42 20 nr
636 1079 70 35 111,
725 1078 94 30 vilka
837 1078 132 37 jämväl
987 1077 126 36 bilagts
1130 1074 188 39 yttrandet,
1338 1073 108 38 lyder.

194 1163 14 29 I
225 1162 152 31 cirkulär
393 1171 42 20 nr
448 1161 39 30 36
503 1161 62 30 har
580 1159 203 39 hyresrådet
795 1159 171 30 meddelat
981 1156 219 32 föreskrifter
1216 1155 64 31 och
1295 1153 224 37 anvisningar
1534 1151 102 38 angå-

153 1208 86 29 ende
262 1207 104 30 bland
390 1207 106 29 annat
521 1205 337 37 hyresnämndernas
881 1202 172 38 prövning
1078 1211 43 21 av
1146 1200 157 31 ansökan
1329 1208 56 22 om
1410 1197 156 32 tillstånd
1587 1197 51 31 att

154 1253 150 36 upptaga
325 1251 152 30 förskott
497 1250 20 30 å
540 1250 146 37 avgifter
710 1249 52 30 till
783 1246 401 37 bostadsrättsförening.
1209 1245 114 30 Under
1347 1243 166 30 rubriken
1536 1242 101 29 »Till-

155 1296 101 30 stånd
275 1296 77 30 med
371 1296 83 29 eller
471 1297 83 28 utan
572 1294 147 30 villkor»
741 1293 44 30 ha
802 1292 148 38 angivits
970 1291 92 30 vissa
1083 1291 72 35 fall,
1173 1289 43 30 då
1234 1287 279 39 hyresnämnden
1531 1286 107 30 borde

154 1341 119 30 kunna
289 1340 157 30 meddela
465 1339 177 30 sökanden
656 1338 156 30 tillstånd
829 1339 49 28 att
892 1336 155 38 uppbära
1061 1335 151 30 förskott
1228 1336 83 27 utan
1328 1335 49 28 att
1392 1332 106 37 några
1511 1331 128 30 villkor

155 1385 224 37 uppställdes.
402 1385 57 29 Ett
482 1383 121 30 sådant
623 1383 62 30 fall
706 1382 182 37 föreligger
910 1380 106 37 enligt
1037 1379 187 30 cirkuläret
1243 1376 218 31 beträffande
1484 1375 156 31 bostads-

156 1429 259 37 rättsförening,
435 1437 80 21 vars
532 1428 133 36 företag
684 1427 70 30 kan
774 1426 203 29 förutsättas
994 1424 92 29 bliva
1105 1423 206 30 finansierat
1329 1422 79 29 med
1424 1420 132 30 tertiär-
1575 1419 65 30 och

157 1473 196 38 tilläggslån
378 1482 42 21 av
444 1471 314 37 bostadsstyrelsen
778 1470 78 30 med
878 1470 106 29 därav
1010 1468 154 36 följande
1187 1466 170 38 prövning
1382 1465 65 30 och
1471 1464 169 30 eventuell

152 1518 151 30 revision
318 1527 42 20 av
374 1515 457 37 anskaffningskostnaden.
845 1531 45 4 —
904 1514 49 29 De
969 1511 277 38 lånebeviljande
1262 1517 171 30 organens
1448 1508 192 37 beräkning

157 1572 42 21 av
225 1561 302 38 belåningsvärdet
552 1561 78 29 sker
653 1559 190 31 emellertid
869 1567 143 21 numera
1037 1557 106 30 oftast
1166 1556 86 29 efter
1277 1564 42 20 en
1346 1552 296 38 schablonmässig

156 1607 116 31 metod
286 1609 83 28 utan
386 1606 114 37 någon
518 1605 148 30 särskild
684 1603 213 38 granskning
910 1612 43 21 av
969 1599 451 38 anskaffningskostnaden.
1434 1597 129 31 Enbart
1576 1597 67 30 den

158 1651 299 37 omständigheten
473 1652 48 28 att
536 1650 167 36 företaget
718 1649 69 29 kan
800 1648 204 30 förutsättas
1016 1646 92 29 bliva
1124 1644 205 30 finansierat
1343 1643 78 30 med
1435 1642 134 37 statliga
1585 1641 58 30 lån

159 1698 38 28 är
216 1696 130 31 således
365 1695 30 37 ej
413 1696 117 36 längre
546 1694 104 37 något
668 1694 76 29 skäl
759 1695 48 28 att
824 1691 180 31 underlåta
1022 1692 49 29 att
1085 1690 174 37 uppställa
1272 1689 128 29 villkor
1418 1688 55 29 för
1487 1686 156 31 tillstånd

158 1743 50 28 att
224 1740 155 38 uppbära
395 1740 161 29 förskott.
570 1756 42 3 —
623 1737 222 30 Beträffande
862 1737 41 29 de
916 1736 126 29 villkor
1058 1744 74 20 som
1147 1734 86 29 böra
1245 1733 191 37 uppställas
1448 1732 63 29 har
1525 1731 119 37 hyres-

156 1785 99 30 rådet
271 1785 10 29 i
297 1784 156 30 cirkulär
469 1792 42 21 nr
528 1783 38 30 36
584 1782 137 35 uttalat,
739 1783 50 28 att
806 1781 144 30 därmed
967 1779 133 37 åsyftas
1117 1778 136 35 villkor,
1273 1786 74 21 som
1364 1777 60 29 äro
1442 1776 132 37 ägnade
1592 1776 52 29 att

160 1830 93 30 hålla
280 1829 204 36 föreningen
509 1828 63 29 och
595 1828 77 29 dess
695 1826 223 30 medlemmar
944 1823 210 33 skadeslösa,
1179 1823 114 29 därest
1315 1822 66 29 den
1407 1830 74 20 som
1503 1819 142 38 uppfört

160 1874 102 29 huset
282 1873 155 37 betingar
459 1872 50 37 sig
530 1881 41 20 en
591 1871 120 30 alltför
727 1870 68 37 hög
814 1869 190 35 ersättning
1023 1867 131 30 härför.
1173 1867 12 28 I
1207 1866 109 30 första
1336 1865 94 30 hand
1446 1865 62 29 bör
1526 1864 119 30 därför

161 1919 106 36 enligt
292 1917 187 30 cirkuläret
501 1917 124 28 krävas
650 1924 43 20 en
718 1914 211 30 förbindelse
952 1912 78 30 från
1055 1910 257 30 vederbörande
1334 1910 238 36 byggmästare
1597 1909 49 29 att

160 1963 52 30 till
229 1962 204 36 föreningen
449 1960 185 30 återbetala
650 1959 67 30 den
732 1959 53 29 del
802 1968 41 20 av
859 1956 276 38 köpeskillingen
1151 1955 82 29 eller
1248 1953 398 37 entreprenadsumman,

162 2017 75 20 som
253 2006 187 36 överstiger
452 2005 66 29 den
532 2002 407 38 anskaffningskostnad,
954 2010 73 21 som
1040 1999 161 37 slutligen
1215 1999 67 30 blir
1298 1998 161 38 godkänd
1473 2007 41 21 av
1529 1997 118 36 hyres-

162 2051 184 30 nämnden.
360 2049 249 31 Förbindelsen
621 2048 63 30 bör
700 2048 10 29 i
723 2047 89 37 regel
827 2056 82 20 vara
925 2045 139 30 försedd
1076 2044 78 30 med
1168 2044 129 36 borgen
1312 2043 82 29 eller
1406 2051 114 21 annan
1533 2042 114 29 säker-

162 2096 67 30 het.
248 2095 124 30 Vidare
391 2094 63 29 bör
469 2093 104 37 enligt
588 2092 187 30 cirkuläret
792 2092 125 29 krävas
936 2089 212 30 förbindelse
1165 2097 42 21 av
1227 2087 203 37 föreningen
1447 2088 48 28 att
1509 2086 52 30 till
1578 2086 70 29 för-

164 2139 228 37 skottsgivare
410 2138 186 30 återbetala
611 2136 183 37 uppburna
813 2135 150 30 förskott
978 2134 10 29 i
1004 2134 64 29 den
1086 2132 81 30 mån
1185 2132 41 30 de
1241 2131 171 37 överstiga
1429 2131 40 29 de
1488 2130 160 37 slutligen

164 2184 195 30 fastställda
371 2182 203 37 avgifterna.
591 2182 12 28 I
616 2181 187 30 cirkuläret
818 2181 36 28 är
869 2179 30 36 ej
914 2177 206 31 föreskrivet
1135 2178 49 29 att
1200 2176 221 36 föreningens
1437 2174 211 30 förbindelse

164 2228 64 30 bör
248 2237 81 20 vara
350 2226 142 30 försedd
508 2226 77 29 med
603 2224 170 31 säkerhet.
791 2241 41 3 —
852 2223 47 29 På
918 2222 148 37 angivna
1086 2222 67 28 sätt
1170 2220 203 30 beskaffade
1393 2219 127 29 villkor
1540 2219 59 29 äro
1617 2217 30 36 ej

160 2272 173 36 tillfyllest
346 2271 54 29 för
411 2272 51 28 att
474 2270 91 29 hålla
578 2268 313 36 förskottsgivarna
906 2266 199 30 skadeslösa
1120 2265 54 29 för
1187 2265 66 29 den
1266 2263 165 30 händelse
1445 2263 202 36 föreningen

164 2317 76 29 icke
260 2316 110 29 skulle
386 2324 82 20 vara
489 2314 9 29 i
516 2314 99 29 stånd
630 2315 49 28 att
699 2312 149 36 fullgöra
868 2310 202 36 föreningen
1087 2308 179 37 åliggande
1285 2307 195 37 skyldighet
1497 2308 49 28 att
1564 2306 87 29 åter-

165 2360 112 30 betala
297 2359 183 37 uppburna
497 2358 159 29 förskolt.
672 2357 112 29 Sådan
804 2355 195 37 skyldighet
1017 2354 68 29 kan
1102 2353 124 29 tänkas
1243 2352 210 36 uppkomma
1472 2351 73 29 icke
1564 2350 88 30 blott

167 2405 119 29 därför
311 2406 48 28 att
385 2403 194 29 förskotten
601 2403 60 28 äro
686 2401 105 37 högre
814 2401 42 28 än
882 2400 41 28 de
949 2398 159 36 slutligen
1134 2396 194 30 fastställda
1351 2395 191 37 avgifterna
1568 2396 83 28 utan

167 2450 86 30 även
270 2458 41 21 av
324 2457 116 22 annan
453 2447 195 35 anledning,
666 2446 114 29 såsom
793 2447 48 28 att
858 2445 166 34 företaget
1041 2442 72 30 icke
1131 2440 171 37 fullföljes
1315 2440 43 37 på
1373 2440 40 30 de
1430 2440 124 30 villkor
1569 2439 83 29 eller
