2230 2608
191 587 126 23 Historik.

187 1942 150 31 Kylanord-

165 1978 95 30 ningar
279 1976 79 30 enligt

170 2011 179 32 själveirkula-

194 2047 139 30 tionsprin-

223 2082 80 30 eipen.

420 155 38 30 12
595 153 117 31 Andra
734 152 201 31 kammarens
959 153 113 29 andra
1097 149 161 42 tillfälliga
1283 149 131 31 utskotts
1439 147 161 32 utlåtande
1623 147 53 30 Nr
1699 147 51 30 12.

505 230 232 41 Kylvagnarna
772 234 56 27 äro
862 228 151 33 försedda
1047 227 72 32 med
1154 226 178 40 anordning
1360 226 51 32 för
1434 225 226 40 vagnsluftens
1684 223 182 41 avkylande
1890 225 88 29 samt

375 280 56 27 äro
461 275 37 31 så
521 274 139 41 byggda,
685 275 51 30 att
759 272 227 41 vagnsluftens
1010 271 206 42 upptagande
1240 281 41 21 av
1304 274 111 27 värme
1439 269 73 31 från
1536 269 61 31 den
1620 269 89 40 yttre
1732 267 104 32 luften
1859 277 115 30 genom

375 322 256 37 vagnväggarna
654 322 36 27 är
713 317 11 31 i
747 316 185 41 möjligaste
955 316 77 31 mån
1054 314 190 41 förebyggd.
1280 313 235 40 Vagnsluftens
1539 311 179 41 avkylning
1734 310 243 32 åstadkommes

375 362 55 32 vid
462 363 126 30 statens
619 361 196 41 järnvägars
848 359 184 41 kylvagnar
1066 358 91 32 alltid
1190 357 138 32 medelst
1356 356 136 37 naturis,
1517 356 63 31 och
1601 360 56 27 äro
1681 364 185 31 vagnarnas
1889 353 86 41 golv,

375 410 127 36 väggar
536 405 61 32 och
631 404 57 32 tak
717 403 282 32 värmeisolerade.
1045 402 48 32 De
1118 401 87 32 olika
1226 401 304 40 kylvagnstyperna
1553 399 97 40 skilja
1673 398 51 41 sig
1747 398 115 31 endast
1884 397 11 31 i
1919 408 58 20 av-

376 449 117 32 seende
516 450 42 40 på
581 449 102 31 sättet
706 449 50 30 att
779 447 212 40 tillvarataga
1013 445 184 32 naturisens
1221 444 158 40 kyleffekt
1403 445 86 30 samt
1505 442 10 32 i
1533 442 157 33 avseende
1707 443 42 40 på
1765 440 212 41 isoleringens

376 493 88 32 olika
487 492 131 41 godhet.

508 588 48 31 De
579 587 104 32 första
706 586 226 41 kylvagnarna
955 585 63 31 litt.
1043 584 61 41 H,,
1129 584 90 32 vilka
1243 585 106 30 såsom
1373 584 131 30 nämnts
1528 581 204 33 anskaffades
1756 581 37 31 år
1818 581 92 35 1879,
1935 580 42 32 ha

377 643 39 21 en
439 631 74 32 vikt
536 642 41 20 av
601 631 48 31 7.8
676 633 57 29 ton
757 629 60 32 och
841 640 39 21 en
902 628 217 40 lastförmåga
1142 638 41 21 av
1208 628 17 30 7
1251 629 66 29 ton.
1353 626 81 32 Golv
1459 626 61 31 och
1543 625 57 32 tak
1626 629 56 28 äro
1706 624 118 32 dubbla
1840 624 73 32 med
1930 626 48 30 ett

376 675 108 41 tjockt
518 675 91 39 lager
643 685 40 20 av
718 673 164 40 långhalm
918 672 10 31 i
963 672 260 32 mellanrummet
1257 670 118 32 mellan
1408 670 169 31 bräderna.
1624 669 177 40 Väggarna
1831 672 57 27 äro
1911 669 68 30 tre-

377 719 119 31 dubbla
529 718 73 32 med
635 719 57 30 två
726 717 91 40 lager
852 727 40 21 av
925 715 155 40 antingen
1111 714 165 41 långhalm
1309 714 77 32 eller
1414 714 121 31 skuren
1557 712 88 32 halm
1668 712 11 31 i
1701 711 277 32 mellanrummen.

378 762 208 32 Omedelbart
620 761 100 32 under
753 761 93 31 taket
878 765 56 26 äro
968 760 160 39 anbragta
1163 761 118 29 tvenne
1311 758 129 37 islådor,
1465 757 10 31 i
1500 756 89 32 vilka
1612 756 69 31 isen
1703 755 137 32 inlastas
1862 765 116 30 genom

377 806 115 32 luckor
515 806 20 31 å
558 805 101 32 taket.
706 804 53 31 Av
782 804 111 40 dylika
916 813 126 30 vagnar
1066 802 204 32 anskaffades
1294 802 77 31 åren
1398 801 213 31 1879—1888
1636 800 41 30 80
1701 799 148 40 stycken.

510 849 104 32 Sedan
648 849 95 31 dessa
776 858 125 29 vagnar
934 847 89 31 visat
1056 846 51 40 sig
1129 845 124 32 mindre
1275 845 164 42 lämpliga,
1464 842 260 41 huvudsakligen
1746 843 41 40 på
1811 841 104 41 grund
1939 852 40 21 av

378 893 50 31 sin
463 892 94 41 ringa
584 892 176 41 rymlighet
783 892 61 31 och
866 890 214 40 isoleringens
1103 889 123 32 mindre
1250 889 84 40 goda
1357 887 234 39 beskaffenhet,
1615 886 185 32 bestämdes
1823 887 37 30 år
1886 886 93 36 1904,

379 938 50 30 att
463 936 39 32 de
535 935 54 32 vid
624 935 224 40 undergående
883 945 41 21 av
959 933 188 42 reparation
1175 933 19 31 å
1217 932 230 41 vagnskorgen
1470 931 105 32 skulle
1597 930 180 41 ombyggas
1800 929 51 32 till
1874 933 107 37 öppna

378 980 217 40 godsvagnar.
641 979 168 32 Bristerna
832 978 10 31 i
866 977 196 41 isoleringen
1084 977 43 31 ha
1150 976 50 32 sin
1223 976 103 40 grund
1349 975 117 39 däruti,
1492 976 50 31 att
1564 974 130 31 halmen
1716 973 64 32 lätt
1794 974 54 30 tar
1863 972 51 32 till
1930 972 51 40 sig

378 1025 125 36 vatten,
520 1022 121 43 varvid
665 1022 344 39 isoleringsförmågan
1033 1022 153 31 avsevärt
1209 1022 146 37 avtager.

511 1067 47 31 År
595 1067 81 30 1890
711 1065 143 32 infördes
888 1076 40 20 en
961 1075 45 30 ny
1039 1064 224 40 kylvagnstyp
1294 1063 62 31 litt.
1381 1062 61 41 H,,
1467 1073 69 20 som
1560 1062 108 30 bättre
1692 1059 208 33 motsvarade
1924 1070 57 21 an-

379 1110 142 42 språken
555 1110 42 41 på
631 1111 162 39 utrymme
826 1108 59 32 och
919 1107 162 32 isolation.
1128 1107 111 31 Under
1272 1107 77 31 åren
1384 1105 214 32 1893—1903
1632 1104 205 31 anskaffades
1870 1103 111 41 dylika

378 1164 126 30 vagnar
534 1153 50 32 till
612 1155 48 30 ett
691 1152 89 32 antal
804 1162 41 21 av
866 1153 61 30 140
952 1151 148 41 stycken.
1146 1149 228 41 Vagnsvikten
1397 1153 36 27 är
1456 1149 52 32 för
1531 1158 124 30 vagnar
1678 1147 73 32 med
1773 1148 110 30 broms
1910 1148 66 30 11.1

378 1200 58 30 ton
460 1197 61 32 och
545 1197 51 32 för
618 1207 125 29 vagnar
767 1197 79 30 utan
868 1195 110 32 broms
1004 1196 70 30 10.4
1100 1196 66 36 ton,
1192 1193 60 32 och
1275 1193 238 39 lastförmågan
1529 1191 185 41 respektive
1731 1192 49 30 6.5
1800 1190 61 32 och
1879 1191 16 30 7
1914 1192 66 30 ton.

512 1241 81 32 Golv
628 1240 60 32 och
722 1240 59 31 tak
816 1244 55 27 äro
906 1243 85 27 även
1014 1239 19 31 å
1056 1238 94 31 dessa
1179 1247 125 30 vagnar
1327 1236 131 40 byggda
1479 1236 73 31 med
1575 1235 117 31 dubbla
1715 1234 181 40 brädlager,
1922 1234 60 31 och

380 1287 133 38 utgöres
536 1284 195 40 isoleringen
755 1294 41 21 av
818 1282 187 33 nöthårsfilt
1029 1281 60 32 och
1112 1281 73 32 luft.
1225 1281 177 39 Väggarna
1425 1280 94 31 bestå
1543 1290 40 21 av
1607 1278 170 32 tredubbla
1799 1277 181 40 brädlager,

380 1328 61 32 och
476 1327 260 33 mellanrummet
768 1326 117 32 mellan
919 1326 39 31 de
993 1326 84 31 båda
1110 1326 144 39 yttersta
1289 1328 35 27 är
1358 1323 76 41 fyllt
1461 1323 73 31 med
1556 1321 194 33 nöthårsfilt.
1799 1321 13 31 I
1836 1321 56 32 det
1914 1321 70 31 inre

380 1372 261 32 mellanrummet
663 1371 164 41 tjänstgör
848 1369 105 32 luften
976 1379 70 21 som
1070 1367 284 40 isoleringsmedel.
1389 1367 72 32 Den
1483 1367 52 31 för
1558 1365 225 40 vagnsluftens
1804 1364 180 41 avkylning

381 1415 213 40 erforderliga
616 1414 67 32 isen
708 1414 136 31 inlastas
860 1413 11 31 i
887 1414 120 30 tvenne
1028 1412 170 41 plåtlådor,
1224 1422 69 21 som
1310 1415 56 27 äro
1383 1410 186 42 uppställda
1585 1410 19 31 å
1620 1409 111 40 golvet
1746 1408 82 32 inuti
1844 1418 138 30 vagnen.

380 1460 15 30 I
426 1459 96 32 taket
553 1463 57 27 äro
641 1457 198 32 köttkrokar
871 1457 155 41 uppsatta
1058 1456 51 32 för
1141 1454 231 42 upphängning
1405 1465 41 20 av
1475 1453 38 32 de
1542 1453 147 31 slaktade
1713 1452 270 41 djurkropparna.

381 1502 122 42 Dylika
525 1502 198 32 köttkrokar
745 1502 103 30 finnas
872 1501 19 31 å
915 1500 65 32 alla
1003 1510 114 21 senare
1139 1499 131 40 byggda
1293 1498 193 41 kylvagnar.

512 1545 189 33 Emellertid
736 1545 86 32 hava
856 1548 82 27 även
973 1543 95 32 dessa
1099 1543 184 41 kylvagnar
1305 1542 87 31 visat
1415 1541 51 40 sig
1489 1540 124 32 mindre
1636 1539 156 42 lämpliga
1814 1540 43 40 på
1879 1539 104 40 grund

382 1601 40 20 av
450 1589 51 32 sin
524 1589 93 40 ringa
639 1589 168 40 kyleffekt.
853 1588 186 31 Islådornas
1062 1586 167 42 placering
1252 1596 75 21 nere
1350 1585 54 31 vid
1428 1584 113 41 golvet
1565 1588 35 27 är
1623 1583 164 40 nämligen
1809 1582 176 33 teoretiskt

382 1632 132 41 oriktig,
550 1637 77 27 enär
661 1633 61 31 den
756 1631 194 41 omöjliggör
978 1630 226 41 vagnsluftens
1229 1629 203 32 cirkulation.
1480 1628 63 31 För
1567 1628 50 31 att
1640 1627 124 31 erhålla
1787 1637 40 21 en
1850 1625 135 33 effektiv

382 1676 181 42 avkylning
585 1687 42 21 av
649 1675 208 41 vagnsluften
880 1675 107 31 måste
1010 1685 75 21 man
1107 1673 164 40 nämligen
1294 1672 97 32 ställa
1414 1673 37 30 så
1466 1671 61 39 till,
1546 1673 49 30 att
1611 1671 61 31 den
1687 1672 166 30 varmaste
1868 1670 114 38 luften,

382 1731 69 21 som
485 1720 92 32 alltid
609 1720 143 31 befinner
775 1719 50 40 sig
848 1729 83 30 uppe
954 1717 56 32 vid
1033 1718 102 37 taket,
1160 1717 147 31 kommer
1330 1716 10 31 i
1363 1715 153 40 beröring
1538 1714 72 32 med
1634 1714 197 32 köldkällan.
1879 1713 105 32 Sedan

381 1764 106 31 luften
510 1763 60 32 här
593 1763 93 32 blivit
710 1762 131 41 avkyld,
866 1761 133 41 sjunker
1023 1761 61 32 den
1108 1772 40 20 av
1171 1760 50 31 sin
1245 1771 81 29 egen
1349 1759 103 42 tyngd
1472 1759 63 31 ned
1558 1760 68 29 mot
1649 1757 121 40 golvet,
1795 1757 62 32 och
1873 1768 40 21 en
1928 1757 56 31 be-

383 1807 134 32 stående
557 1806 193 32 cirkulation
789 1816 41 21 av
868 1804 209 42 vagnsluften
1111 1804 221 41 uppkommer.
1378 1803 185 32 Islådornas
1597 1800 166 42 placering
1796 1802 43 40 på
1873 1800 113 41 golvet

382 1850 173 32 inkräktar
579 1855 81 28 även
684 1852 155 30 avsevärt
861 1850 42 40 på
926 1849 254 40 lastutrymmet.

516 1947 73 31 Med
623 1946 61 31 den
718 1945 233 41 kylvagnstyp,
987 1943 159 33 benämnd
1180 1942 63 33 litt.
1279 1942 60 43 H,,
1375 1952 68 22 som
1479 1941 84 32 efter
1593 1939 224 33 amerikanskt
1840 1940 146 30 mönster

384 1990 253 33 konstruerades
670 1990 36 31 år
731 1990 93 37 1906,
848 1988 130 41 gjordes
1002 1989 49 30 ett
1074 1989 84 30 stort
1181 1986 159 40 framsteg
1363 1985 10 32 i
1396 1983 312 43 kylvagnstekniskt
1731 1982 168 38 avseende,
1925 1982 60 32 och

384 2035 43 41 på
450 2035 63 32 den
536 2034 41 32 då
599 2032 148 40 inslagna
769 2037 105 36 vägen
896 2032 61 31 har
981 2031 99 32 sedan
1103 2031 100 31 under
1227 2030 38 32 de
1288 2031 146 30 närmast
1450 2028 142 41 följande
1608 2029 77 30 åren
1701 2027 146 32 arbetats
1863 2025 122 38 vidare,

386 2079 37 31 så
439 2080 51 30 att
506 2089 42 21 av
564 2087 124 30 vagnar
703 2076 64 31 litt.
822 2100 11 17 H,
851 2086 135 21 numera
1001 2075 103 31 finnas
1120 2076 50 30 tre
1187 2073 87 32 olika
1290 2073 163 32 modeller.
1490 2072 104 32 Dessa
1609 2072 176 31 benämnas
1800 2070 49 42 H,
1867 2069 118 32 modell

388 2122 93 38 1907,
506 2121 49 41 H.,
580 2119 117 33 modell
723 2120 82 30 1910
830 2119 59 32 och
912 2119 50 42 H,
987 2118 119 32 modell
1131 2119 93 30 1911.

517 2165 49 42 H,
591 2162 117 34 modell
734 2164 92 37 1907,
850 2173 103 22 varav
977 2162 100 32 under
1100 2162 36 31 år
1162 2162 82 31 1906
1268 2160 174 32 beställdes
1467 2160 41 30 20
1532 2158 146 41 stycken,
1703 2157 60 31 har
1786 2167 39 21 en
1848 2156 74 32 vikt
1945 2167 41 21 av

388 2209 38 31 13
450 2210 59 30 ton
532 2208 61 32 och
616 2219 40 21 en
678 2206 215 41 lastförmåga
917 2217 42 21 av
985 2207 39 30 12
1049 2208 65 29 ton.
1149 2203 198 41 Isoleringen
1371 2208 36 27 är
1431 2203 110 32 utförd
1564 2201 136 32 medelst
1722 2200 188 32 nöthårsfilt
1926 2200 60 31 och

383 2253 64 31 luft
470 2252 42 40 på
535 2262 125 21 samma
682 2251 69 31 sätt
774 2260 68 21 som
867 2252 16 30 å
909 2260 125 29 vagnar
1056 2249 63 31 litt.
1144 2248 59 41 H,,
1229 2258 73 21 men
1326 2247 9 31 i
1359 2247 112 32 stället
1494 2246 51 32 för
1567 2246 162 31 islådorna
1753 2245 18 30 å
1795 2244 111 40 golvet
1930 2247 57 28 äro
