<?xml version="1.0" encoding="UTF-8"?>
<alto xmlns="http://www.loc.gov/standards/alto/ns-v3#" xmlns:xlink="http://www.w3.org/1999/xlink" xmlns:xsi="http://www.w3.org/2001/XMLSchema-instance" xsi:schemaLocation="http://www.loc.gov/standards/alto/ns-v3# http://www.loc.gov/alto/v3/alto-3-0.xsd">
	<Description>
		<MeasurementUnit>pixel</MeasurementUnit>
		<sourceImageInformation>
			<fileName>/tmp/tess_g0ejkqx4_input.PNG</fileName>
		</sourceImageInformation>
		<OCRProcessing ID="OCR_0">
			<ocrProcessingStep>
				<processingSoftware>
					<softwareName>tesseract 5.3.0</softwareName>
				</processingSoftware>
			</ocrProcessingStep>
		</OCRProcessing>
	</Description>
	<Layout>
		<Page WIDTH="2216" HEIGHT="2616" PHYSICAL_IMG_NR="0" ID="page_0">
			<PrintSpace HPOS="0" VPOS="0" WIDTH="2216" HEIGHT="2616">
				<ComposedBlock ID="cblock_0" HPOS="400" VPOS="185" WIDTH="1330" HEIGHT="50">
					<TextBlock ID="block_0" HPOS="400" VPOS="185" WIDTH="1330" HEIGHT="50">
						<TextLine ID="line_0" HPOS="400" VPOS="185" WIDTH="1330" HEIGHT="50">
							<String ID="string_0" HPOS="400" VPOS="196" WIDTH="42" HEIGHT="32" WC="0.95" CONTENT="28"/><SP WIDTH="137" VPOS="196" HPOS="442"/>
							<String ID="string_1" HPOS="579" VPOS="195" WIDTH="116" HEIGHT="33" WC="0.70" CONTENT="Andra"/><SP WIDTH="24" VPOS="195" HPOS="695"/>
							<String ID="string_2" HPOS="719" VPOS="194" WIDTH="201" HEIGHT="33" WC="0.54" CONTENT="kammarens"/><SP WIDTH="23" VPOS="194" HPOS="920"/>
							<String ID="string_3" HPOS="943" VPOS="191" WIDTH="114" HEIGHT="35" WC="0.95" CONTENT="andra"/><SP WIDTH="24" VPOS="191" HPOS="1057"/>
							<String ID="string_4" HPOS="1081" VPOS="192" WIDTH="161" HEIGHT="43" WC="0.95" CONTENT="tillfälliga"/><SP WIDTH="23" VPOS="192" HPOS="1242"/>
							<String ID="string_5" HPOS="1265" VPOS="187" WIDTH="132" HEIGHT="37" WC="0.96" CONTENT="utskotts"/><SP WIDTH="23" VPOS="187" HPOS="1397"/>
							<String ID="string_6" HPOS="1420" VPOS="191" WIDTH="164" HEIGHT="33" WC="0.96" CONTENT="utlåtande"/><SP WIDTH="23" VPOS="191" HPOS="1584"/>
							<String ID="string_7" HPOS="1607" VPOS="185" WIDTH="50" HEIGHT="37" WC="0.88" CONTENT="Ny"/><SP WIDTH="25" VPOS="185" HPOS="1657"/>
							<String ID="string_8" HPOS="1682" VPOS="186" WIDTH="48" HEIGHT="36" WC="0.65" CONTENT="12."/>
						</TextLine>
					</TextBlock>
				</ComposedBlock>
				<ComposedBlock ID="cblock_1" HPOS="1247" VPOS="368" WIDTH="11" HEIGHT="10">
					<TextBlock ID="block_1" HPOS="1247" VPOS="368" WIDTH="11" HEIGHT="10">
						<TextLine ID="line_1" HPOS="1247" VPOS="368" WIDTH="11" HEIGHT="10">
							<String ID="string_9" HPOS="1247" VPOS="368" WIDTH="11" HEIGHT="10" WC="0.80" CONTENT="o"/>
						</TextLine>
					</TextBlock>
				</ComposedBlock>
				<ComposedBlock ID="cblock_2" HPOS="583" VPOS="366" WIDTH="1145" HEIGHT="45">
					<TextBlock ID="block_2" HPOS="583" VPOS="366" WIDTH="1145" HEIGHT="45">
						<TextLine ID="line_2" HPOS="583" VPOS="366" WIDTH="1145" HEIGHT="45">
							<String ID="string_10" HPOS="583" VPOS="371" WIDTH="66" HEIGHT="31" WC="0.96" CONTENT="För"/><SP WIDTH="23" VPOS="371" HPOS="649"/>
							<String ID="string_11" HPOS="672" VPOS="370" WIDTH="139" HEIGHT="32" WC="0.95" CONTENT="tillträde"/><SP WIDTH="24" VPOS="370" HPOS="811"/>
							<String ID="string_12" HPOS="835" VPOS="371" WIDTH="48" HEIGHT="31" WC="0.93" CONTENT="till"/><SP WIDTH="22" VPOS="371" HPOS="883"/>
							<String ID="string_13" HPOS="905" VPOS="370" WIDTH="66" HEIGHT="41" WC="0.91" CONTENT="kyl-"/><SP WIDTH="25" VPOS="370" HPOS="971"/>
							<String ID="string_14" HPOS="996" VPOS="369" WIDTH="54" HEIGHT="32" WC="0.93" CONTENT="och"/><SP WIDTH="21" VPOS="369" HPOS="1050"/>
							<String ID="string_15" HPOS="1071" VPOS="369" WIDTH="144" HEIGHT="42" WC="0.91" CONTENT="frysrum"/><SP WIDTH="24" VPOS="369" HPOS="1215"/>
							<String ID="string_16" HPOS="1239" VPOS="379" WIDTH="20" HEIGHT="20" WC="0.90" CONTENT="å"/><SP WIDTH="24" VPOS="379" HPOS="1259"/>
							<String ID="string_17" HPOS="1283" VPOS="378" WIDTH="109" HEIGHT="22" WC="0.95" CONTENT="annan"/><SP WIDTH="24" VPOS="378" HPOS="1392"/>
							<String ID="string_18" HPOS="1416" VPOS="371" WIDTH="44" HEIGHT="28" WC="0.96" CONTENT="än"/><SP WIDTH="19" VPOS="371" HPOS="1460"/>
							<String ID="string_19" HPOS="1479" VPOS="367" WIDTH="163" HEIGHT="41" WC="0.95" CONTENT="fastställd"/><SP WIDTH="23" VPOS="367" HPOS="1642"/>
							<String ID="string_20" HPOS="1665" VPOS="366" WIDTH="63" HEIGHT="32" WC="0.96" CONTENT="tid:"/>
						</TextLine>
					</TextBlock>
				</ComposedBlock>
				<ComposedBlock ID="cblock_3" HPOS="356" VPOS="443" WIDTH="1597" HEIGHT="47">
					<TextBlock ID="block_3" HPOS="356" VPOS="443" WIDTH="1597" HEIGHT="47">
						<TextLine ID="line_3" HPOS="356" VPOS="443" WIDTH="1597" HEIGHT="47">
							<String ID="string_21" HPOS="356" VPOS="459" WIDTH="38" HEIGHT="31" WC="0.91" CONTENT="pr"/><SP WIDTH="23" VPOS="459" HPOS="394"/>
							<String ID="string_22" HPOS="417" VPOS="448" WIDTH="112" HEIGHT="42" WC="0.91" CONTENT="period"/><SP WIDTH="24" VPOS="448" HPOS="529"/>
							<String ID="string_23" HPOS="553" VPOS="459" WIDTH="50" HEIGHT="21" WC="0.94" CONTENT="om"/><SP WIDTH="23" VPOS="459" HPOS="603"/>
							<String ID="string_24" HPOS="626" VPOS="448" WIDTH="99" HEIGHT="41" WC="0.94" CONTENT="högst"/><SP WIDTH="26" VPOS="448" HPOS="725"/>
							<String ID="string_25" HPOS="751" VPOS="449" WIDTH="38" HEIGHT="31" WC="0.96" CONTENT="10"/><SP WIDTH="24" VPOS="449" HPOS="789"/>
							<String ID="string_26" HPOS="813" VPOS="447" WIDTH="139" HEIGHT="33" WC="0.13" CONTENT="minuter:"/><SP WIDTH="17" VPOS="447" HPOS="952"/>
							<String ID="string_27" HPOS="969" VPOS="469" WIDTH="776" HEIGHT="8" WC="0.0" CONTENT=".......--—-s-s-451-"/><SP WIDTH="-496" VPOS="469" HPOS="1745"/>
							<String ID="string_28" HPOS="1249" VPOS="441" WIDTH="104" HEIGHT="53" WC="0.0" CONTENT="465860"/><SP WIDTH="9" VPOS="441" HPOS="1353"/>
							<String ID="string_29" HPOS="1362" VPOS="441" WIDTH="166" HEIGHT="53" WC="0.0" CONTENT="ivssssnseisi"/><SP WIDTH="16" VPOS="441" HPOS="1528"/>
							<String ID="string_30" HPOS="1544" VPOS="441" WIDTH="47" HEIGHT="53" WC="0.17" CONTENT="ss"/><SP WIDTH="9" VPOS="441" HPOS="1591"/>
							<String ID="string_31" HPOS="1600" VPOS="441" WIDTH="71" HEIGHT="53" WC="0.0" CONTENT="ssNnsrr"/><SP WIDTH="12" VPOS="441" HPOS="1671"/>
							<String ID="string_32" HPOS="1683" VPOS="441" WIDTH="64" HEIGHT="53" WC="0.0" CONTENT="ENN"/><SP WIDTH="24" VPOS="441" HPOS="1747"/>
							<String ID="string_33" HPOS="1771" VPOS="443" WIDTH="48" HEIGHT="31" WC="0.93" CONTENT="kr."/><SP WIDTH="27" VPOS="443" HPOS="1819"/>
							<String ID="string_34" HPOS="1846" VPOS="453" WIDTH="51" HEIGHT="22" WC="0.89" CONTENT="—:"/><SP WIDTH="17" VPOS="453" HPOS="1897"/>
							<String ID="string_35" HPOS="1914" VPOS="451" WIDTH="39" HEIGHT="23" WC="0.96" CONTENT="50"/>
						</TextLine>
					</TextBlock>
				</ComposedBlock>
				<ComposedBlock ID="cblock_4" HPOS="356" VPOS="529" WIDTH="1600" HEIGHT="660">
					<TextBlock ID="block_4" HPOS="358" VPOS="529" WIDTH="1596" HEIGHT="136">
						<TextLine ID="line_4" HPOS="489" VPOS="529" WIDTH="1465" HEIGHT="48">
							<String ID="string_36" HPOS="489" VPOS="536" WIDTH="203" HEIGHT="32" WC="0.93" CONTENT="Beträffande"/><SP WIDTH="12" VPOS="536" HPOS="692"/>
							<String ID="string_37" HPOS="704" VPOS="535" WIDTH="291" HEIGHT="42" WC="0.91" CONTENT="kylavdelningens"/><SP WIDTH="12" VPOS="535" HPOS="995"/>
							<String ID="string_38" HPOS="1007" VPOS="532" WIDTH="390" HEIGHT="43" WC="0.91" CONTENT="anläggningskostnader"/><SP WIDTH="12" VPOS="532" HPOS="1397"/>
							<String ID="string_39" HPOS="1409" VPOS="531" WIDTH="160" HEIGHT="41" WC="0.95" CONTENT="föreligga"/><SP WIDTH="12" VPOS="531" HPOS="1569"/>
							<String ID="string_40" HPOS="1581" VPOS="531" WIDTH="75" HEIGHT="41" WC="0.96" CONTENT="inga"/><SP WIDTH="16" VPOS="531" HPOS="1656"/>
							<String ID="string_41" HPOS="1672" VPOS="542" WIDTH="69" HEIGHT="21" WC="0.96" CONTENT="mer"/><SP WIDTH="16" VPOS="542" HPOS="1741"/>
							<String ID="string_42" HPOS="1757" VPOS="529" WIDTH="197" HEIGHT="42" WC="0.96" CONTENT="detaljerade"/>
						</TextLine>
						<TextLine ID="line_5" HPOS="358" VPOS="572" WIDTH="1595" HEIGHT="50">
							<String ID="string_43" HPOS="358" VPOS="580" WIDTH="174" HEIGHT="42" WC="0.93" CONTENT="uppgifter."/><SP WIDTH="46" VPOS="580" HPOS="532"/>
							<String ID="string_44" HPOS="578" VPOS="579" WIDTH="293" HEIGHT="42" WC="0.91" CONTENT="Hyresavgifterna"/><SP WIDTH="34" VPOS="579" HPOS="871"/>
							<String ID="string_45" HPOS="905" VPOS="579" WIDTH="73" HEIGHT="32" WC="0.96" CONTENT="från"/><SP WIDTH="35" VPOS="579" HPOS="978"/>
							<String ID="string_46" HPOS="1013" VPOS="578" WIDTH="212" HEIGHT="40" WC="0.93" CONTENT="avdelningen"/><SP WIDTH="34" VPOS="578" HPOS="1225"/>
							<String ID="string_47" HPOS="1259" VPOS="576" WIDTH="128" HEIGHT="42" WC="0.92" CONTENT="belöpte"/><SP WIDTH="35" VPOS="576" HPOS="1387"/>
							<String ID="string_48" HPOS="1422" VPOS="576" WIDTH="100" HEIGHT="32" WC="0.96" CONTENT="under"/><SP WIDTH="34" VPOS="576" HPOS="1522"/>
							<String ID="string_49" HPOS="1556" VPOS="577" WIDTH="79" HEIGHT="31" WC="0.96" CONTENT="åren"/><SP WIDTH="26" VPOS="577" HPOS="1635"/>
							<String ID="string_50" HPOS="1661" VPOS="576" WIDTH="92" HEIGHT="37" WC="0.95" CONTENT="1913,"/><SP WIDTH="34" VPOS="576" HPOS="1753"/>
							<String ID="string_51" HPOS="1787" VPOS="575" WIDTH="82" HEIGHT="30" WC="0.96" CONTENT="1914"/><SP WIDTH="24" VPOS="575" HPOS="1869"/>
							<String ID="string_52" HPOS="1893" VPOS="572" WIDTH="60" HEIGHT="33" WC="0.96" CONTENT="och"/>
						</TextLine>
						<TextLine ID="line_6" HPOS="361" VPOS="620" WIDTH="1129" HEIGHT="45">
							<String ID="string_53" HPOS="361" VPOS="625" WIDTH="82" HEIGHT="30" WC="0.93" CONTENT="1915"/><SP WIDTH="24" VPOS="625" HPOS="443"/>
							<String ID="string_54" HPOS="467" VPOS="623" WIDTH="52" HEIGHT="33" WC="0.96" CONTENT="till"/><SP WIDTH="23" VPOS="623" HPOS="519"/>
							<String ID="string_55" HPOS="542" VPOS="623" WIDTH="184" HEIGHT="42" WC="0.93" CONTENT="respektive"/><SP WIDTH="25" VPOS="623" HPOS="726"/>
							<String ID="string_56" HPOS="751" VPOS="624" WIDTH="103" HEIGHT="38" WC="0.84" CONTENT="6,019:"/><SP WIDTH="17" VPOS="624" HPOS="854"/>
							<String ID="string_57" HPOS="871" VPOS="642" WIDTH="49" HEIGHT="20" WC="0.90" CONTENT="—,"/><SP WIDTH="28" VPOS="642" HPOS="920"/>
							<String ID="string_58" HPOS="948" VPOS="623" WIDTH="179" HEIGHT="38" WC="0.77" CONTENT="14,373:—"/><SP WIDTH="25" VPOS="623" HPOS="1127"/>
							<String ID="string_59" HPOS="1152" VPOS="621" WIDTH="60" HEIGHT="32" WC="0.89" CONTENT="och"/><SP WIDTH="27" VPOS="621" HPOS="1212"/>
							<String ID="string_60" HPOS="1239" VPOS="621" WIDTH="123" HEIGHT="37" WC="0.83" CONTENT="19,189:"/><SP WIDTH="16" VPOS="621" HPOS="1362"/>
							<String ID="string_61" HPOS="1378" VPOS="639" WIDTH="39" HEIGHT="3" WC="0.83" CONTENT="—"/><SP WIDTH="24" VPOS="639" HPOS="1417"/>
							<String ID="string_62" HPOS="1441" VPOS="620" WIDTH="49" HEIGHT="32" WC="0.96" CONTENT="kr."/>
						</TextLine>
					</TextBlock>
					<TextBlock ID="block_5" HPOS="356" VPOS="661" WIDTH="1598" HEIGHT="220">
						<TextLine ID="line_7" HPOS="491" VPOS="661" WIDTH="1463" HEIGHT="48">
							<String ID="string_63" HPOS="491" VPOS="668" WIDTH="189" HEIGHT="32" WC="0.96" CONTENT="Stockholms"/><SP WIDTH="35" VPOS="668" HPOS="680"/>
							<String ID="string_64" HPOS="715" VPOS="668" WIDTH="88" HEIGHT="31" WC="0.93" CONTENT="stads"/><SP WIDTH="28" VPOS="668" HPOS="803"/>
							<String ID="string_65" HPOS="831" VPOS="666" WIDTH="220" HEIGHT="43" WC="0.93" CONTENT="provisoriska"/><SP WIDTH="26" VPOS="666" HPOS="1051"/>
							<String ID="string_66" HPOS="1077" VPOS="666" WIDTH="125" HEIGHT="41" WC="0.93" CONTENT="fiskhall"/><SP WIDTH="22" VPOS="666" HPOS="1202"/>
							<String ID="string_67" HPOS="1224" VPOS="664" WIDTH="146" HEIGHT="41" WC="0.96" CONTENT="förfogar"/><SP WIDTH="24" VPOS="664" HPOS="1370"/>
							<String ID="string_68" HPOS="1394" VPOS="667" WIDTH="78" HEIGHT="28" WC="0.96" CONTENT="över"/><SP WIDTH="23" VPOS="667" HPOS="1472"/>
							<String ID="string_69" HPOS="1495" VPOS="663" WIDTH="58" HEIGHT="32" WC="0.93" CONTENT="två"/><SP WIDTH="22" VPOS="663" HPOS="1553"/>
							<String ID="string_70" HPOS="1575" VPOS="661" WIDTH="140" HEIGHT="42" WC="0.92" CONTENT="kylrum,"/><SP WIDTH="25" VPOS="661" HPOS="1715"/>
							<String ID="string_71" HPOS="1740" VPOS="662" WIDTH="55" HEIGHT="32" WC="0.96" CONTENT="det"/><SP WIDTH="23" VPOS="662" HPOS="1795"/>
							<String ID="string_72" HPOS="1818" VPOS="670" WIDTH="60" HEIGHT="23" WC="0.96" CONTENT="ena"/><SP WIDTH="24" VPOS="670" HPOS="1878"/>
							<String ID="string_73" HPOS="1902" VPOS="670" WIDTH="52" HEIGHT="22" WC="0.96" CONTENT="om"/>
						</TextLine>
						<TextLine ID="line_8" HPOS="358" VPOS="704" WIDTH="1595" HEIGHT="47">
							<String ID="string_74" HPOS="358" VPOS="712" WIDTH="40" HEIGHT="31" WC="0.96" CONTENT="35"/><SP WIDTH="25" VPOS="712" HPOS="398"/>
							<String ID="string_75" HPOS="423" VPOS="711" WIDTH="62" HEIGHT="32" WC="0.96" CONTENT="och"/><SP WIDTH="23" VPOS="711" HPOS="485"/>
							<String ID="string_76" HPOS="508" VPOS="711" WIDTH="54" HEIGHT="32" WC="0.97" CONTENT="det"/><SP WIDTH="23" VPOS="711" HPOS="562"/>
							<String ID="string_77" HPOS="585" VPOS="711" WIDTH="100" HEIGHT="32" WC="0.96" CONTENT="andra"/><SP WIDTH="24" VPOS="711" HPOS="685"/>
							<String ID="string_78" HPOS="709" VPOS="721" WIDTH="52" HEIGHT="21" WC="0.96" CONTENT="om"/><SP WIDTH="25" VPOS="721" HPOS="761"/>
							<String ID="string_79" HPOS="786" VPOS="712" WIDTH="40" HEIGHT="30" WC="0.96" CONTENT="50"/><SP WIDTH="23" VPOS="712" HPOS="826"/>
							<String ID="string_80" HPOS="849" VPOS="711" WIDTH="87" HEIGHT="31" WC="0.95" CONTENT="kvm."/><SP WIDTH="25" VPOS="711" HPOS="936"/>
							<String ID="string_81" HPOS="961" VPOS="710" WIDTH="145" HEIGHT="41" WC="0.93" CONTENT="golvyta."/><SP WIDTH="46" VPOS="710" HPOS="1106"/>
							<String ID="string_82" HPOS="1152" VPOS="708" WIDTH="236" HEIGHT="33" WC="0.92" CONTENT="Förstnämnda"/><SP WIDTH="23" VPOS="708" HPOS="1388"/>
							<String ID="string_83" HPOS="1411" VPOS="707" WIDTH="130" HEIGHT="41" WC="0.93" CONTENT="kylrum"/><SP WIDTH="24" VPOS="707" HPOS="1541"/>
							<String ID="string_84" HPOS="1565" VPOS="710" WIDTH="36" HEIGHT="28" WC="0.96" CONTENT="är"/><SP WIDTH="22" VPOS="710" HPOS="1601"/>
							<String ID="string_85" HPOS="1623" VPOS="706" WIDTH="123" HEIGHT="32" WC="0.96" CONTENT="indelat"/><SP WIDTH="22" VPOS="706" HPOS="1746"/>
							<String ID="string_86" HPOS="1768" VPOS="705" WIDTH="11" HEIGHT="32" WC="0.95" CONTENT="i"/><SP WIDTH="24" VPOS="705" HPOS="1779"/>
							<String ID="string_87" HPOS="1803" VPOS="706" WIDTH="18" HEIGHT="30" WC="0.96" CONTENT="9"/><SP WIDTH="26" VPOS="706" HPOS="1821"/>
							<String ID="string_88" HPOS="1847" VPOS="704" WIDTH="106" HEIGHT="32" WC="0.96" CONTENT="celler."/>
						</TextLine>
						<TextLine ID="line_9" HPOS="356" VPOS="747" WIDTH="1598" HEIGHT="49">
							<String ID="string_89" HPOS="356" VPOS="755" WIDTH="296" HEIGHT="41" WC="0.92" CONTENT="Hyresavgifterna"/><SP WIDTH="34" VPOS="755" HPOS="652"/>
							<String ID="string_90" HPOS="686" VPOS="755" WIDTH="80" HEIGHT="40" WC="0.96" CONTENT="utgå"/><SP WIDTH="33" VPOS="755" HPOS="766"/>
							<String ID="string_91" HPOS="799" VPOS="754" WIDTH="73" HEIGHT="32" WC="0.96" CONTENT="med"/><SP WIDTH="28" VPOS="754" HPOS="872"/>
							<String ID="string_92" HPOS="900" VPOS="755" WIDTH="40" HEIGHT="31" WC="0.96" CONTENT="50"/><SP WIDTH="24" VPOS="755" HPOS="940"/>
							<String ID="string_93" HPOS="964" VPOS="754" WIDTH="120" HEIGHT="31" WC="0.96" CONTENT="kronor"/><SP WIDTH="22" VPOS="754" HPOS="1084"/>
							<String ID="string_94" HPOS="1106" VPOS="763" WIDTH="57" HEIGHT="31" WC="0.93" CONTENT="per"/><SP WIDTH="23" VPOS="763" HPOS="1163"/>
							<String ID="string_95" HPOS="1186" VPOS="752" WIDTH="98" HEIGHT="38" WC="0.92" CONTENT="kvm.,"/><SP WIDTH="26" VPOS="752" HPOS="1284"/>
							<String ID="string_96" HPOS="1310" VPOS="762" WIDTH="51" HEIGHT="21" WC="0.96" CONTENT="om"/><SP WIDTH="23" VPOS="762" HPOS="1361"/>
							<String ID="string_97" HPOS="1384" VPOS="751" WIDTH="176" HEIGHT="41" WC="0.96" CONTENT="hyresgäst"/><SP WIDTH="30" VPOS="751" HPOS="1560"/>
							<String ID="string_98" HPOS="1590" VPOS="750" WIDTH="135" HEIGHT="32" WC="0.92" CONTENT="innehar"/><SP WIDTH="30" VPOS="750" HPOS="1725"/>
							<String ID="string_99" HPOS="1755" VPOS="748" WIDTH="159" HEIGHT="42" WC="0.91" CONTENT="saluplats"/><SP WIDTH="31" VPOS="748" HPOS="1914"/>
							<String ID="string_100" HPOS="1945" VPOS="747" WIDTH="9" HEIGHT="32" WC="0.96" CONTENT="i"/>
						</TextLine>
						<TextLine ID="line_10" HPOS="356" VPOS="792" WIDTH="1597" HEIGHT="48">
							<String ID="string_101" HPOS="356" VPOS="799" WIDTH="118" HEIGHT="39" WC="0.95" CONTENT="hallen,"/><SP WIDTH="37" VPOS="799" HPOS="474"/>
							<String ID="string_102" HPOS="511" VPOS="798" WIDTH="93" HEIGHT="42" WC="0.96" CONTENT="eljest"/><SP WIDTH="30" VPOS="798" HPOS="604"/>
							<String ID="string_103" HPOS="634" VPOS="799" WIDTH="74" HEIGHT="32" WC="0.96" CONTENT="med"/><SP WIDTH="33" VPOS="799" HPOS="708"/>
							<String ID="string_104" HPOS="741" VPOS="799" WIDTH="40" HEIGHT="31" WC="0.96" CONTENT="75"/><SP WIDTH="34" VPOS="799" HPOS="781"/>
							<String ID="string_105" HPOS="815" VPOS="798" WIDTH="120" HEIGHT="32" WC="0.96" CONTENT="kronor"/><SP WIDTH="31" VPOS="798" HPOS="935"/>
							<String ID="string_106" HPOS="966" VPOS="808" WIDTH="39" HEIGHT="31" WC="0.96" CONTENT="pr"/><SP WIDTH="29" VPOS="808" HPOS="1005"/>
							<String ID="string_107" HPOS="1034" VPOS="797" WIDTH="86" HEIGHT="32" WC="0.95" CONTENT="kvm."/><SP WIDTH="48" VPOS="797" HPOS="1120"/>
							<String ID="string_108" HPOS="1168" VPOS="796" WIDTH="84" HEIGHT="32" WC="0.93" CONTENT="Från"/><SP WIDTH="23" VPOS="796" HPOS="1252"/>
							<String ID="string_109" HPOS="1275" VPOS="794" WIDTH="273" HEIGHT="43" WC="0.92" CONTENT="kylavdelningen"/><SP WIDTH="23" VPOS="794" HPOS="1548"/>
							<String ID="string_110" HPOS="1571" VPOS="793" WIDTH="136" HEIGHT="32" WC="0.91" CONTENT="influtna"/><SP WIDTH="23" VPOS="793" HPOS="1707"/>
							<String ID="string_111" HPOS="1730" VPOS="792" WIDTH="100" HEIGHT="42" WC="0.96" CONTENT="hyror"/><SP WIDTH="26" VPOS="792" HPOS="1830"/>
							<String ID="string_112" HPOS="1856" VPOS="793" WIDTH="97" HEIGHT="30" WC="0.96" CONTENT="1915:"/>
						</TextLine>
						<TextLine ID="line_11" HPOS="357" VPOS="842" WIDTH="247" HEIGHT="39">
							<String ID="string_113" HPOS="357" VPOS="844" WIDTH="96" HEIGHT="37" WC="0.91" CONTENT="4,206"/><SP WIDTH="24" VPOS="844" HPOS="453"/>
							<String ID="string_114" HPOS="477" VPOS="842" WIDTH="127" HEIGHT="32" WC="0.96" CONTENT="kronor."/>
						</TextLine>
					</TextBlock>
					<TextBlock ID="block_6" HPOS="357" VPOS="878" WIDTH="1599" HEIGHT="180">
						<TextLine ID="line_12" HPOS="489" VPOS="878" WIDTH="1467" HEIGHT="49">
							<String ID="string_115" HPOS="489" VPOS="885" WIDTH="279" HEIGHT="42" WC="0.92" CONTENT="Kylavdelningen"/><SP WIDTH="23" VPOS="885" HPOS="768"/>
							<String ID="string_116" HPOS="791" VPOS="884" WIDTH="10" HEIGHT="32" WC="0.96" CONTENT="i"/><SP WIDTH="27" VPOS="884" HPOS="801"/>
							<String ID="string_117" HPOS="828" VPOS="885" WIDTH="168" HEIGHT="42" WC="0.93" CONTENT="Göteborgs"/><SP WIDTH="23" VPOS="885" HPOS="996"/>
							<String ID="string_118" HPOS="1019" VPOS="883" WIDTH="337" HEIGHT="43" WC="0.90" CONTENT="Kungstorgssaluhall"/><SP WIDTH="23" VPOS="883" HPOS="1356"/>
							<String ID="string_119" HPOS="1379" VPOS="882" WIDTH="77" HEIGHT="32" WC="0.96" CONTENT="kom"/><SP WIDTH="23" VPOS="882" HPOS="1456"/>
							<String ID="string_120" HPOS="1479" VPOS="880" WIDTH="51" HEIGHT="33" WC="0.96" CONTENT="till"/><SP WIDTH="24" VPOS="880" HPOS="1530"/>
							<String ID="string_121" HPOS="1554" VPOS="880" WIDTH="94" HEIGHT="33" WC="0.96" CONTENT="stånd"/><SP WIDTH="24" VPOS="880" HPOS="1648"/>
							<String ID="string_122" HPOS="1672" VPOS="881" WIDTH="36" HEIGHT="31" WC="0.96" CONTENT="år"/><SP WIDTH="26" VPOS="881" HPOS="1708"/>
							<String ID="string_123" HPOS="1734" VPOS="880" WIDTH="91" HEIGHT="31" WC="0.94" CONTENT="1914."/><SP WIDTH="47" VPOS="880" HPOS="1825"/>
							<String ID="string_124" HPOS="1872" VPOS="878" WIDTH="84" HEIGHT="32" WC="0.95" CONTENT="Dess"/>
						</TextLine>
						<TextLine ID="line_13" HPOS="357" VPOS="922" WIDTH="1596" HEIGHT="49">
							<String ID="string_125" HPOS="357" VPOS="929" WIDTH="326" HEIGHT="42" WC="0.91" CONTENT="iordningsställande"/><SP WIDTH="24" VPOS="929" HPOS="683"/>
							<String ID="string_126" HPOS="707" VPOS="929" WIDTH="81" HEIGHT="41" WC="0.96" CONTENT="drog"/><SP WIDTH="33" VPOS="929" HPOS="788"/>
							<String ID="string_127" HPOS="821" VPOS="940" WIDTH="39" HEIGHT="21" WC="0.96" CONTENT="en"/><SP WIDTH="23" VPOS="940" HPOS="860"/>
							<String ID="string_128" HPOS="883" VPOS="928" WIDTH="141" HEIGHT="33" WC="0.95" CONTENT="kostnad"/><SP WIDTH="23" VPOS="928" HPOS="1024"/>
							<String ID="string_129" HPOS="1047" VPOS="939" WIDTH="40" HEIGHT="21" WC="0.93" CONTENT="av"/><SP WIDTH="27" VPOS="939" HPOS="1087"/>
							<String ID="string_130" HPOS="1114" VPOS="928" WIDTH="113" HEIGHT="38" WC="0.92" CONTENT="11,660"/><SP WIDTH="24" VPOS="928" HPOS="1227"/>
							<String ID="string_131" HPOS="1251" VPOS="927" WIDTH="128" HEIGHT="32" WC="0.93" CONTENT="kronor."/><SP WIDTH="49" VPOS="927" HPOS="1379"/>
							<String ID="string_132" HPOS="1428" VPOS="925" WIDTH="162" HEIGHT="41" WC="0.90" CONTENT="Golvytan"/><SP WIDTH="24" VPOS="925" HPOS="1590"/>
							<String ID="string_133" HPOS="1614" VPOS="926" WIDTH="118" HEIGHT="40" WC="0.96" CONTENT="upptar"/><SP WIDTH="24" VPOS="926" HPOS="1732"/>
							<String ID="string_134" HPOS="1756" VPOS="924" WIDTH="71" HEIGHT="31" WC="0.93" CONTENT="67.5"/><SP WIDTH="26" VPOS="924" HPOS="1827"/>
							<String ID="string_135" HPOS="1853" VPOS="922" WIDTH="100" HEIGHT="38" WC="0.92" CONTENT="kvm.,"/>
						</TextLine>
						<TextLine ID="line_14" HPOS="357" VPOS="965" WIDTH="1598" HEIGHT="47">
							<String ID="string_136" HPOS="357" VPOS="974" WIDTH="101" HEIGHT="31" WC="0.96" CONTENT="därav"/><SP WIDTH="36" VPOS="974" HPOS="458"/>
							<String ID="string_137" HPOS="494" VPOS="974" WIDTH="70" HEIGHT="31" WC="0.96" CONTENT="44.5"/><SP WIDTH="37" VPOS="974" HPOS="564"/>
							<String ID="string_138" HPOS="601" VPOS="973" WIDTH="87" HEIGHT="32" WC="0.93" CONTENT="kvm."/><SP WIDTH="38" VPOS="973" HPOS="688"/>
							<String ID="string_139" HPOS="726" VPOS="973" WIDTH="155" HEIGHT="32" WC="0.91" CONTENT="fördelats"/><SP WIDTH="23" VPOS="973" HPOS="881"/>
							<String ID="string_140" HPOS="904" VPOS="972" WIDTH="11" HEIGHT="32" WC="0.96" CONTENT="i"/><SP WIDTH="27" VPOS="972" HPOS="915"/>
							<String ID="string_141" HPOS="942" VPOS="974" WIDTH="38" HEIGHT="30" WC="0.96" CONTENT="16"/><SP WIDTH="29" VPOS="974" HPOS="980"/>
							<String ID="string_142" HPOS="1009" VPOS="972" WIDTH="96" HEIGHT="32" WC="0.96" CONTENT="celler"/><SP WIDTH="24" VPOS="972" HPOS="1105"/>
							<String ID="string_143" HPOS="1129" VPOS="982" WIDTH="51" HEIGHT="21" WC="0.96" CONTENT="om"/><SP WIDTH="23" VPOS="982" HPOS="1180"/>
							<String ID="string_144" HPOS="1203" VPOS="971" WIDTH="87" HEIGHT="41" WC="0.96" CONTENT="lägst"/><SP WIDTH="23" VPOS="971" HPOS="1290"/>
							<String ID="string_145" HPOS="1313" VPOS="972" WIDTH="71" HEIGHT="30" WC="0.95" CONTENT="2.54"/><SP WIDTH="28" VPOS="972" HPOS="1384"/>
							<String ID="string_146" HPOS="1412" VPOS="969" WIDTH="60" HEIGHT="32" WC="0.96" CONTENT="och"/><SP WIDTH="23" VPOS="969" HPOS="1472"/>
							<String ID="string_147" HPOS="1495" VPOS="969" WIDTH="98" HEIGHT="40" WC="0.96" CONTENT="högst"/><SP WIDTH="23" VPOS="969" HPOS="1593"/>
							<String ID="string_148" HPOS="1616" VPOS="969" WIDTH="72" HEIGHT="31" WC="0.95" CONTENT="4.53"/><SP WIDTH="26" VPOS="969" HPOS="1688"/>
							<String ID="string_149" HPOS="1714" VPOS="967" WIDTH="87" HEIGHT="31" WC="0.92" CONTENT="kvm."/><SP WIDTH="25" VPOS="967" HPOS="1801"/>
							<String ID="string_150" HPOS="1826" VPOS="965" WIDTH="129" HEIGHT="42" WC="0.92" CONTENT="ytinne-"/>
						</TextLine>
						<TextLine ID="line_15" HPOS="357" VPOS="1011" WIDTH="1393" HEIGHT="47">
							<String ID="string_151" HPOS="357" VPOS="1017" WIDTH="76" HEIGHT="32" WC="0.88" CONTENT="håll."/><SP WIDTH="47" VPOS="1017" HPOS="433"/>
							<String ID="string_152" HPOS="480" VPOS="1017" WIDTH="257" HEIGHT="41" WC="0.88" CONTENT="Hyresavgiften"/><SP WIDTH="23" VPOS="1017" HPOS="737"/>
							<String ID="string_153" HPOS="760" VPOS="1021" WIDTH="37" HEIGHT="27" WC="0.96" CONTENT="är"/><SP WIDTH="22" VPOS="1021" HPOS="797"/>
							<String ID="string_154" HPOS="819" VPOS="1016" WIDTH="148" HEIGHT="32" WC="0.96" CONTENT="bestämd"/><SP WIDTH="23" VPOS="1016" HPOS="967"/>
							<String ID="string_155" HPOS="990" VPOS="1016" WIDTH="51" HEIGHT="31" WC="0.96" CONTENT="till"/><SP WIDTH="24" VPOS="1016" HPOS="1041"/>
							<String ID="string_156" HPOS="1065" VPOS="1017" WIDTH="39" HEIGHT="30" WC="0.96" CONTENT="72"/><SP WIDTH="24" VPOS="1017" HPOS="1104"/>
							<String ID="string_157" HPOS="1128" VPOS="1015" WIDTH="119" HEIGHT="32" WC="0.96" CONTENT="kronor"/><SP WIDTH="22" VPOS="1015" HPOS="1247"/>
							<String ID="string_158" HPOS="1269" VPOS="1025" WIDTH="57" HEIGHT="30" WC="0.96" CONTENT="per"/><SP WIDTH="22" VPOS="1025" HPOS="1326"/>
							<String ID="string_159" HPOS="1348" VPOS="1014" WIDTH="88" HEIGHT="31" WC="0.83" CONTENT="kvm."/><SP WIDTH="25" VPOS="1014" HPOS="1436"/>
							<String ID="string_160" HPOS="1461" VPOS="1013" WIDTH="136" HEIGHT="40" WC="0.96" CONTENT="golvyta"/><SP WIDTH="23" VPOS="1013" HPOS="1597"/>
							<String ID="string_161" HPOS="1620" VPOS="1011" WIDTH="61" HEIGHT="33" WC="0.96" CONTENT="och"/><SP WIDTH="24" VPOS="1011" HPOS="1681"/>
							<String ID="string_162" HPOS="1705" VPOS="1012" WIDTH="45" HEIGHT="31" WC="0.96" CONTENT="år."/>
						</TextLine>
					</TextBlock>
					<TextBlock ID="block_7" HPOS="357" VPOS="1053" WIDTH="1598" HEIGHT="136">
						<TextLine ID="line_16" HPOS="490" VPOS="1053" WIDTH="1464" HEIGHT="48">
							<String ID="string_163" HPOS="490" VPOS="1060" WIDTH="158" HEIGHT="41" WC="0.74" CONTENT="Slutligen"/><SP WIDTH="22" VPOS="1060" HPOS="648"/>
							<String ID="string_164" HPOS="670" VPOS="1060" WIDTH="161" HEIGHT="41" WC="0.96" CONTENT="förtjänar"/><SP WIDTH="23" VPOS="1060" HPOS="831"/>
							<String ID="string_165" HPOS="854" VPOS="1060" WIDTH="54" HEIGHT="32" WC="0.96" CONTENT="det"/><SP WIDTH="23" VPOS="1060" HPOS="908"/>
							<String ID="string_166" HPOS="931" VPOS="1058" WIDTH="199" HEIGHT="39" WC="0.96" CONTENT="framhållas,"/><SP WIDTH="26" VPOS="1058" HPOS="1130"/>
							<String ID="string_167" HPOS="1156" VPOS="1060" WIDTH="50" HEIGHT="30" WC="0.96" CONTENT="att"/><SP WIDTH="23" VPOS="1060" HPOS="1206"/>
							<String ID="string_168" HPOS="1229" VPOS="1062" WIDTH="82" HEIGHT="28" WC="0.96" CONTENT="även"/><SP WIDTH="24" VPOS="1062" HPOS="1311"/>
							<String ID="string_169" HPOS="1335" VPOS="1056" WIDTH="221" HEIGHT="38" WC="0.96" CONTENT="annorstädes,"/><SP WIDTH="26" VPOS="1056" HPOS="1556"/>
							<String ID="string_170" HPOS="1582" VPOS="1054" WIDTH="199" HEIGHT="43" WC="0.96" CONTENT="exempelvis"/><SP WIDTH="21" VPOS="1054" HPOS="1781"/>
							<String ID="string_171" HPOS="1802" VPOS="1054" WIDTH="5" HEIGHT="31" WC="0.96" CONTENT="i"/><SP WIDTH="16" VPOS="1054" HPOS="1807"/>
							<String ID="string_172" HPOS="1823" VPOS="1053" WIDTH="131" HEIGHT="38" WC="0.96" CONTENT="Malmö,"/>
						</TextLine>
						<TextLine ID="line_17" HPOS="357" VPOS="1097" WIDTH="1598" HEIGHT="48">
							<String ID="string_173" HPOS="357" VPOS="1105" WIDTH="92" HEIGHT="31" WC="0.96" CONTENT="Lund"/><SP WIDTH="36" VPOS="1105" HPOS="449"/>
							<String ID="string_174" HPOS="485" VPOS="1104" WIDTH="59" HEIGHT="32" WC="0.96" CONTENT="och"/><SP WIDTH="24" VPOS="1104" HPOS="544"/>
							<String ID="string_175" HPOS="568" VPOS="1104" WIDTH="211" HEIGHT="38" WC="0.96" CONTENT="Karlskrona,"/><SP WIDTH="24" VPOS="1104" HPOS="779"/>
							<String ID="string_176" HPOS="803" VPOS="1103" WIDTH="112" HEIGHT="42" WC="0.96" CONTENT="planer"/><SP WIDTH="24" VPOS="1103" HPOS="915"/>
							<String ID="string_177" HPOS="939" VPOS="1102" WIDTH="87" HEIGHT="32" WC="0.92" CONTENT="varit"/><SP WIDTH="23" VPOS="1102" HPOS="1026"/>
							<String ID="string_178" HPOS="1049" VPOS="1103" WIDTH="19" HEIGHT="31" WC="0.92" CONTENT="å"/><SP WIDTH="22" VPOS="1103" HPOS="1068"/>
							<String ID="string_179" HPOS="1090" VPOS="1102" WIDTH="82" HEIGHT="32" WC="0.93" CONTENT="bane"/><SP WIDTH="24" VPOS="1102" HPOS="1172"/>
							<String ID="string_180" HPOS="1196" VPOS="1103" WIDTH="50" HEIGHT="30" WC="0.96" CONTENT="att"/><SP WIDTH="22" VPOS="1103" HPOS="1246"/>
							<String ID="string_181" HPOS="1268" VPOS="1101" WIDTH="123" HEIGHT="32" WC="0.96" CONTENT="inrätta"/><SP WIDTH="23" VPOS="1101" HPOS="1391"/>
							<String ID="string_182" HPOS="1414" VPOS="1099" WIDTH="140" HEIGHT="33" WC="0.93" CONTENT="särskild"/><SP WIDTH="23" VPOS="1099" HPOS="1554"/>
							<String ID="string_183" HPOS="1577" VPOS="1098" WIDTH="233" HEIGHT="42" WC="0.92" CONTENT="kylavdelning"/><SP WIDTH="22" VPOS="1098" HPOS="1810"/>
							<String ID="string_184" HPOS="1832" VPOS="1097" WIDTH="12" HEIGHT="32" WC="0.96" CONTENT="i"/><SP WIDTH="23" VPOS="1097" HPOS="1844"/>
							<String ID="string_185" HPOS="1867" VPOS="1097" WIDTH="88" HEIGHT="31" WC="0.96" CONTENT="förut"/>
						</TextLine>
						<TextLine ID="line_18" HPOS="358" VPOS="1141" WIDTH="1523" HEIGHT="48">
							<String ID="string_186" HPOS="358" VPOS="1148" WIDTH="169" HEIGHT="41" WC="0.93" CONTENT="befintliga"/><SP WIDTH="23" VPOS="1148" HPOS="527"/>
							<String ID="string_187" HPOS="550" VPOS="1147" WIDTH="187" HEIGHT="42" WC="0.89" CONTENT="saluhallar,"/><SP WIDTH="24" VPOS="1147" HPOS="737"/>
							<String ID="string_188" HPOS="761" VPOS="1158" WIDTH="73" HEIGHT="21" WC="0.96" CONTENT="men"/><SP WIDTH="23" VPOS="1158" HPOS="834"/>
							<String ID="string_189" HPOS="857" VPOS="1148" WIDTH="51" HEIGHT="31" WC="0.96" CONTENT="att"/><SP WIDTH="23" VPOS="1148" HPOS="908"/>
							<String ID="string_190" HPOS="931" VPOS="1146" WIDTH="95" HEIGHT="32" WC="0.95" CONTENT="dessa"/><SP WIDTH="22" VPOS="1146" HPOS="1026"/>
							<String ID="string_191" HPOS="1048" VPOS="1146" WIDTH="112" HEIGHT="41" WC="0.96" CONTENT="planer"/><SP WIDTH="22" VPOS="1146" HPOS="1160"/>
							<String ID="string_192" HPOS="1182" VPOS="1145" WIDTH="117" HEIGHT="32" WC="0.96" CONTENT="hittills"/><SP WIDTH="24" VPOS="1145" HPOS="1299"/>
							<String ID="string_193" HPOS="1323" VPOS="1144" WIDTH="71" HEIGHT="32" WC="0.96" CONTENT="icke"/><SP WIDTH="24" VPOS="1144" HPOS="1394"/>
							<String ID="string_194" HPOS="1418" VPOS="1143" WIDTH="62" HEIGHT="32" WC="0.96" CONTENT="lett"/><SP WIDTH="22" VPOS="1143" HPOS="1480"/>
							<String ID="string_195" HPOS="1502" VPOS="1143" WIDTH="50" HEIGHT="32" WC="0.96" CONTENT="till"/><SP WIDTH="23" VPOS="1143" HPOS="1552"/>
							<String ID="string_196" HPOS="1575" VPOS="1141" WIDTH="136" HEIGHT="43" WC="0.96" CONTENT="positivt"/><SP WIDTH="23" VPOS="1141" HPOS="1711"/>
							<String ID="string_197" HPOS="1734" VPOS="1141" WIDTH="147" HEIGHT="32" WC="0.96" CONTENT="resultat."/>
						</TextLine>
					</TextBlock>
				</ComposedBlock>
				<ComposedBlock ID="cblock_5" HPOS="594" VPOS="2283" WIDTH="1195" HEIGHT="53">
					<TextBlock ID="block_8" HPOS="594" VPOS="2283" WIDTH="1195" HEIGHT="53">
						<TextLine ID="line_19" HPOS="594" VPOS="2283" WIDTH="1195" HEIGHT="53">
							<String ID="string_198" HPOS="594" VPOS="2290" WIDTH="248" HEIGHT="46" WC="0.93" CONTENT="STOCKHOLM,"/><SP WIDTH="14" VPOS="2290" HPOS="842"/>
							<String ID="string_199" HPOS="856" VPOS="2289" WIDTH="108" HEIGHT="39" WC="0.90" CONTENT="ISAAC"/><SP WIDTH="33" VPOS="2289" HPOS="964"/>
							<String ID="string_200" HPOS="997" VPOS="2285" WIDTH="145" HEIGHT="41" WC="0.3" CONTENT="MARCUS"/><SP WIDTH="2" VPOS="2285" HPOS="1142"/>
							<String ID="string_201" HPOS="1144" VPOS="2283" WIDTH="547" HEIGHT="40" WC="0.32" CONTENT="BOKTRYCKERI-AKTIEBOLAG,"/><SP WIDTH="24" VPOS="2283" HPOS="1691"/>
							<String ID="string_202" HPOS="1715" VPOS="2291" WIDTH="74" HEIGHT="23" WC="0.91" CONTENT="1916."/>
						</TextLine>
					</TextBlock>
				</ComposedBlock>
			</PrintSpace>
		</Page>
	</Layout>
</alto>
