2196 2614
608 168 396 32 Jordbruksutskottets
1039 167 184 32 utlåtande
1256 167 51 30 Nr
1332 166 20 31 9
1367 166 39 31 A.
1716 163 41 31 53

198 253 53 30 ett
293 252 117 31 större
451 246 91 36 eller
584 245 145 36 mindre
758 243 102 37 antal
888 243 91 49 pris,
1008 250 106 29 utan-
1131 248 54 30 att
1213 242 155 37 därmed
1397 255 145 23 vunnes
1571 245 127 45 någon
1727 242 73 35 för-

198 299 171 48 bättring
397 312 47 22 av
473 298 62 36 det
563 296 233 50 premierade
818 295 238 48 jordbruket.
1101 294 171 37 Orsaken
1292 294 56 36 till
1369 294 168 48 angivna
1556 293 245 49 olägenheter

198 355 131 44 syntes
370 349 235 37 motionären
643 348 106 48 ligga
776 347 12 35 i
816 347 193 36 bristande
1039 347 151 35 fortsatt
1219 346 229 36 förbindelse
1478 345 138 36 mellan
1644 345 158 48 premie-

198 401 301 50 ringsnämnden
528 400 71 37 och
628 400 72 36 den
720 398 167 37 enskilde
903 398 291 48 jordbrukaren.
1240 397 129 37 Under
1388 396 273 37 frambhållande
1680 396 121 35 tillika

199 459 53 32 att
280 453 62 36 det
369 465 90 24 vore
488 466 47 22 av
550 457 79 30 stor
656 451 82 36 vikt
763 456 53 30 att
835 450 111 46 tillse,
968 456 53 29 att
1041 449 46 36 de
1107 449 132 46 medel,
1260 462 81 23 som
1363 448 199 36 anvisades
1584 448 57 35 för
1660 447 141 48 ifråga-

198 504 164 36 varande
403 503 186 45 ändamål,
631 502 109 36 bleve
768 504 41 33 så
850 500 318 47 ändamålsenligt
1208 500 70 36 och
1316 499 174 36 effektivt
1519 499 172 35 använda
1720 511 81 23 som

198 555 152 49 möjligt
391 555 70 36 och
502 554 120 35 under
663 551 231 49 hänvisning
934 552 57 35 till
1024 551 45 36 de
1098 551 177 47 åtgärder
1303 563 80 23 som
1412 551 11 34 i
1453 550 133 36 sådant
1615 549 187 36 avseende

197 607 185 47 vidtagits
435 605 101 36 inom
579 603 254 37 Norrbottens
861 603 63 36 län
952 603 243 48 ifrågasätter
1223 601 250 47 motionären,
1503 600 189 36 huruvida
1720 600 83 37 icke

198 658 199 48 möjlighet
437 656 117 37 borde
597 655 156 37 beredas
795 654 45 36 de
881 653 446 49 hushållningssällskap,
1362 666 81 23 som
1472 655 41 33 så
1541 652 179 47 önskade,
1750 657 53 31 att

198 710 181 48 omlägga
420 708 282 50 premieringen
744 720 45 22 av
831 706 63 36 det
934 705 146 37 mindre
1118 704 224 49 jordbruket
1382 706 48 47 på
1470 704 135 36 sådant
1633 708 85 41 sätt,
1748 708 56 31 att

198 760 205 38 understöd
443 760 83 36 icke
568 758 236 37 utbetalades
832 758 55 35 till
923 757 119 36 andra
1070 762 48 31 än
1146 757 142 36 sådana
1311 755 265 50 jordbrukare,
1606 768 82 23 som
1717 754 86 37 med

197 811 479 49 hushållningssällskapet
704 809 125 37 träffat
857 809 100 36 avtal
986 822 61 23 om
1076 814 54 31 att
1156 808 121 37 under
1300 808 77 36 viss
1397 807 54 36 tid
1471 807 110 36 ställa
1601 807 82 36 sina
1697 806 105 49 jord-

197 864 97 37 bruk
330 864 119 36 under
476 861 471 50 premieringsnämndens
976 860 165 36 kontroll
1170 859 58 37 för
1255 859 301 49 genomförande
1585 871 47 23 av
1661 871 46 23 en
1737 858 66 36 all-

198 920 88 31 män
314 914 282 49 planläggning
623 913 70 36 och
708 912 197 36 införande
925 925 45 22 av
990 912 142 35 sådana
1152 911 282 47 förbättringar,
1456 922 81 23 som
1552 909 125 36 kunde
1693 922 110 23 anses

198 966 249 49 erforderliga
475 966 58 36 för
561 971 54 30 att
642 964 219 48 framskapa
890 968 53 31 ett
970 962 167 49 verkligt
1166 961 362 50 mönsterjordbruk.

327 1017 196 38 Utskottet
565 1022 42 30 är
644 1029 90 24 ense
762 1015 86 36 med
877 1014 235 37 motionären
1139 1014 163 36 rörande
1331 1011 329 50 angelägenheten
1689 1012 114 36 därav

199 1076 54 30 att
293 1068 283 50 premieringen
618 1081 47 23 av
706 1067 62 36 det
800 1066 147 36 mindre
971 1065 228 49 jordbruket
1227 1067 42 34 så
1296 1064 149 47 ordnas,
1475 1068 56 32 att
1559 1064 64 36 det
1650 1063 153 37 därmed

197 1120 173 51 åsyftade
407 1121 113 36 målet
548 1120 11 36 i
588 1118 216 49 möjligaste
831 1120 88 34 mån
947 1118 136 36 vinnes
1111 1117 71 36 och
1211 1122 53 31 att
1292 1117 45 36 de
1366 1115 232 47 statsmedel,
1628 1128 79 24 som
1738 1129 65 22 an-

198 1173 101 37 vigas
341 1173 56 36 till
436 1171 323 49 understödjande
787 1170 128 47 härav,
944 1170 104 36 bliva
1075 1172 49 46 på
1153 1169 63 36 det
1244 1175 96 30 mest
1369 1168 239 36 verksamma
1636 1172 75 32 sätt
1739 1181 65 22 an-

197 1225 136 37 vända.
388 1224 198 37 Utskottet
614 1228 42 31 är
690 1222 70 37 ock
788 1235 47 23 av
864 1222 71 36 den
963 1220 311 50 uppfattningen,
1305 1225 55 31 att
1386 1219 13 36 i
1427 1219 135 36 sådant
1589 1219 215 36 hänseende

197 1277 104 36 vissa
329 1275 205 49 svagheter
561 1274 152 37 vidlåda
741 1274 61 36 det
830 1273 221 37 nuvarande
1080 1277 184 43 systemet
1282 1271 83 36 icke
1385 1270 119 36 minst
1522 1270 13 35 i
1555 1270 249 36 betraktande

198 1341 46 23 av
272 1328 46 36 de
333 1327 101 49 höga
452 1325 287 38 resekostnader
759 1326 58 35 för
834 1322 499 52 premieringsnämnderna,
1350 1335 82 23 som
1448 1322 115 36 därav
1578 1321 224 37 föranledas.

328 1379 17 36 I
386 1378 250 37 förevarande
677 1377 187 36 avseende
905 1376 109 36 råder
1056 1375 97 37 dock
1181 1374 166 49 givetvis
1376 1373 101 37 olika
1502 1373 262 37 förhållanden
1792 1373 12 36 i

198 1431 124 37 skilda
363 1430 104 37 delar
507 1444 47 22 av
595 1429 139 36 landet.
790 1428 129 36 Härav
954 1427 171 49 påkallas
1154 1427 70 36 ock
1252 1426 121 48 enligt
1400 1425 206 36 utskottets
1636 1425 168 48 mening,

199 1488 53 31 att
293 1483 141 36 sådana
469 1481 288 37 bestämmelser
798 1480 142 46 träffas,
978 1479 102 36 vilka
1109 1478 233 49 möjliggöra
1371 1490 47 23 en
1446 1476 235 50 anpassning
1709 1476 97 37 efter

198 1534 262 49 föreliggande
502 1532 184 38 särskilda
726 1531 338 49 omständigheter.
1122 1529 167 37 Sålunda
1329 1529 121 36 finner
1489 1528 188 37 utskottet
1718 1528 86 37 de
1780 1524 29 63 i

197 1587 197 36 motionen
435 1584 169 51 antydda
645 1584 224 48 åtgärderna
901 1581 305 38 beaktansvärda
1232 1581 125 48 ifråga
1384 1593 62 24 om
1475 1579 154 37 särskilt
1656 1580 148 37 landets

198 1638 187 49 nordliga,
428 1650 103 27 mera
572 1636 100 49 glest
714 1635 197 37 befolkade
953 1635 114 46 delar,
1102 1633 119 37 under
1249 1633 64 37 det
1341 1637 55 32 att
1424 1632 59 36 för
1510 1645 104 23 mera
1641 1637 73 31 tätt
1741 1632 63 37 be-

198 1690 159 49 byggda
384 1689 165 37 trakters
577 1687 293 37 vidkommande
900 1687 116 36 andra
1041 1685 258 48 anordningar
1317 1685 12 35 i
1350 1684 248 36 förevarande
1617 1684 188 36 avseende

198 1742 107 37 torde
345 1755 89 23 vara
473 1746 55 31 att
556 1740 212 48 föredraga.
823 1739 18 36 I
869 1738 249 37 betraktande
1146 1737 117 37 härav
1292 1749 110 23 anser
1429 1735 186 37 utskottet
1643 1736 12 36 i
1683 1735 121 37 likhet

199 1793 86 37 med
315 1793 235 37 motionären
578 1805 46 23 en
652 1790 408 49 utredning
866 1783 19 60 i
903 1790 157 49 ärendet
1088 1789 92 37 böra
1208 1789 153 36 komma
1389 1787 56 36 till
1473 1787 110 37 stånd
1604 1787 84 37 med
1705 1787 99 37 sikte

199 1851 105 42 taget
331 1848 48 45 på
407 1844 287 37 förhållandena
722 1843 11 35 i
762 1842 100 37 olika
890 1842 105 36 delar
1024 1855 47 22 av
1098 1840 139 37 landet.

328 1896 132 38 Under
489 1895 237 50 åberopande
755 1908 46 23 av
830 1894 63 36 det
922 1893 158 37 anförda
1109 1892 217 37 hemställer
1353 1891 198 47 utskottet,

731 2003 53 32 att
810 1998 207 48 riksdagen
1035 2000 125 34 "måtte
1187 1997 13 35 i
1228 1996 181 37 skrivelse
1438 1996 56 35 till
1521 1995 143 49 Kungl.
1694 1994 108 50 Maj:t

601 2051 149 36 anhålla
792 2063 60 23 om
893 2049 208 49 utredning
1142 2049 69 36 och
1254 2047 213 49 avgivande
1505 2061 47 22 av
1580 2046 145 48 förslag
1752 2048 49 47 på

600 2103 73 36 vad
715 2106 75 32 sätt
826 2101 293 49 ifrågavarande
1148 2101 134 46 anslag
1309 2102 62 34 må
1400 2099 130 36 kunna
1558 2104 114 42 göras
1701 2111 102 23 mera

602 2152 318 49 fruktbringande
954 2166 140 36 genom
1128 2165 48 24 en
1208 2151 254 49 omläggning
1490 2164 46 23 av
1565 2150 45 37 de
1640 2150 57 36 för
1721 2162 83 37 pre-

602 2206 164 49 miering
794 2219 46 23 av
868 2204 147 38 mindre
1040 2204 189 49 jordbruk
1257 2202 178 50 gällande
1463 2202 178 49 grunder.
