1882 2802
490 172 406 41 Bevillningsutskottets
917 176 218 32 betänkande
1156 188 43 21 nr
1218 180 52 29 50.
1622 183 14 30 1

805 460 60 41 Nr
890 462 62 40 50.

349 573 406 41 Bevillningsutskottets
785 578 219 33 betänkande
1032 581 12 30 i
1069 582 190 40 anledning
1284 593 43 20 av
1352 584 126 39 Kungl.
1506 585 124 40 Maj:ts

570 628 217 38 proposition
808 639 44 20 nr
872 630 73 37 237,
967 631 106 31 såvilt
1093 633 263 39 propositionen
1377 643 102 22 avser
1498 635 132 40 förslag

571 677 53 30 till
646 677 209 42 förordning
879 689 55 21 om
959 681 145 40 fortsatt
1126 682 160 40 giltighet
1309 693 44 21 av
1376 685 253 40 förordningen

572 727 65 31 den
658 729 21 29 8
698 728 81 40 juni
800 730 84 31 1923
907 731 62 35 (nr
991 732 80 35 153)
1095 733 179 38 angående
1296 735 250 40 omsättnings-
1566 736 64 31 och

570 777 358 41 utskänkningsskatt
948 782 20 30 å
989 782 239 40 spritdrycker
1249 793 45 21 m.
1317 794 56 27 m.,
1394 785 110 40 jämte
1525 786 13 31 i
1557 787 72 30 äm-

567 830 59 28 net
648 829 102 31 väckt
771 831 144 31 motion.

169 943 12 29 I
202 952 44 21 en
265 944 69 30 den
352 945 38 30 31
413 954 95 22 mars
532 947 83 30 1950
635 948 230 39 dagtecknad,
885 950 53 29 till
957 951 383 40 bevillningsutskottet
1358 954 173 31 hänvisad
1549 964 79 31 pro-

122 993 165 39 position,
304 1004 43 20 nr
364 995 73 35 237,
454 996 66 30 har
536 997 125 40 Kungl.
679 999 117 39 Maj:t,
814 1000 111 30 under
942 1000 220 41 åberopande
1179 1012 43 21 av
1238 1004 264 39 propositionen
1519 1005 108 40 bilagt

125 1044 125 40 utdrag
268 1054 44 20 av
328 1046 384 40 statsrådsprotokollet
730 1050 82 30 över
830 1049 275 33 finansärenden
1123 1052 55 31 för
1196 1062 137 22 samma
1351 1055 76 39 dag,
1447 1055 180 41 föreslagit

122 1093 190 41 riksdagen
334 1097 51 28 att

169 1142 34 36 1)
232 1144 147 36 besluta,
405 1148 51 28 att
481 1147 119 41 statlig
623 1148 255 33 inkomstskatt
903 1151 55 31 för
983 1152 268 41 skattskyldiga,
1278 1163 76 22 som
1379 1165 99 21 avses
1503 1157 12 29 i
1542 1157 39 31 10
1608 1157 16 37 8

125 1195 13 28 1
161 1204 106 21 mom.
288 1195 254 42 förordningen
561 1207 58 21 om
638 1199 119 41 statlig
777 1200 264 36 inkomstskatt,
1063 1203 90 30 skall
1172 1204 82 39 ingå
1272 1206 13 29 i
1305 1206 205 39 preliminär
1531 1207 95 31 skatt

122 1244 55 31 för
197 1245 81 32 hela
299 1246 206 40 budgetåret
529 1248 147 37 1950/51
700 1252 81 30 med
805 1251 61 31 100
887 1257 145 35 procent
1054 1263 42 21 av
1117 1251 291 49 grundbeloppet;

166 1295 37 36 2)
232 1298 129 39 antaga
379 1298 59 31 vid
457 1299 264 40 propositionen
741 1301 126 40 fogade
888 1302 132 41 förslag
1039 1304 53 30 till

165 1346 37 34 a)
232 1346 208 42 förordning
461 1358 58 21 om
541 1349 141 32 fortsatt
705 1351 158 40 giltighet
884 1362 43 21 av
948 1353 253 41 förordningen
1222 1356 68 30 den
1311 1356 20 30 8
1351 1357 80 40 juni
1454 1359 84 30 1923
1566 1359 58 35 (nr

122 1396 79 36 155)
226 1397 180 40 angående
426 1401 249 39 omsättnings-
694 1402 66 30 och
781 1403 358 41 utskänkningsskatt
1159 1406 20 30 å
1200 1408 254 39 spritdrycker;

163 1446 39 36 b)
232 1447 207 41 förordning
464 1450 178 39 angående
667 1452 136 31 ändrad
828 1453 128 40 lydelse
981 1464 43 20 av
1051 1456 14 29 1
1094 1455 16 37 8
1136 1455 252 42 förordningen
1413 1459 68 30 den
1506 1460 19 30 3
1550 1456 70 49 maj

122 1497 84 31 1929
230 1497 61 35 (nr
309 1499 58 35 62)
391 1508 58 21 om
468 1501 152 30 särskild
639 1502 95 30 skatt
753 1502 21 30 å
792 1503 124 30 bensin
935 1505 66 29 och
1021 1506 219 40 motorsprit;
1262 1508 66 29 och

163 1547 35 35 c)
228 1548 207 41 förordning
461 1559 58 21 om
546 1552 133 30 ändrad
705 1553 131 39 lydelse
862 1563 43 21 av
931 1556 15 28 1
976 1555 16 37 $
1020 1555 251 41 förordningen
1297 1558 67 30 den
1390 1559 18 30 3
1436 1560 71 39 maj
1538 1561 83 30 1935

125 1598 58 33 (nr
204 1598 80 35 142)
310 1599 179 40 angående
509 1601 95 31 skatt
623 1602 20 30 å
661 1602 95 32 vissa
776 1603 55 31 för
851 1604 167 31 drivande
1038 1615 43 21 av
1100 1607 193 30 automobil
1312 1610 162 30 använda
1494 1611 128 30 bränn-

117 1649 107 40 oljor;

162 1699 37 35 3)
227 1700 212 40 bemyndiga
460 1701 126 41 Kungl.
609 1703 105 40 Maj:t
735 1706 50 28 att
806 1705 223 31 beträffande
1050 1707 109 30 sådan
1180 1708 56 30 för
1258 1708 212 42 försäljning
1491 1713 129 29 avsedd

115 1749 136 35 bensin,
275 1750 56 31 för
352 1751 117 30 vilken
491 1752 222 32 bensinskatt
735 1754 128 40 erlagts
886 1756 107 40 enligt
1015 1756 125 31 hittills
1163 1758 160 39 gällande
1345 1760 274 37 bestämmelser,

118 1800 159 30 meddela
298 1800 222 32 föreskrifter
541 1811 57 21 om
618 1804 202 30 restitution
841 1806 79 30 med
940 1807 42 30 20
1002 1807 59 30 öre
1081 1807 55 30 för
1157 1808 93 36 liter;
1274 1813 91 28 samt

160 1849 37 35 4)
228 1852 153 38 upptaga
408 1851 243 32 inkomsterna
679 1853 21 30 å
727 1854 262 41 driftbudgeten
1017 1856 55 31 för
1099 1858 205 39 budgetåret
1334 1860 147 36 1950/51
1512 1862 107 40 enligt

114 1908 43 21 en
177 1900 58 31 vid
254 1901 265 40 propositionen
539 1902 104 40 fogad
663 1904 257 39 specifikation.

158 1999 256 31 Ovannämnda
432 2001 112 30 under
565 2002 19 30 2
605 2003 36 35 a)
665 2003 151 40 angivna
848 2005 561 44 författningsförslag
1438 2012 38 29 är
1495 2021 43 21 av
1556 2012 64 30 föl-

114 2050 108 40 jande
241 2052 139 39 lydelse.

140 2535 11 24 1
191 2535 113 31 Bihang
317 2536 46 23 till
374 2536 171 31 riksdagens
555 2538 147 30 protokoll
715 2539 77 25 1950.
812 2539 15 25 7
838 2540 83 25 saml.
941 2541 41 25 Nr
999 2543 39 25 50.
