1856 2786
259 186 39 29 20
547 187 452 31 Konstitutionsutskottets
1019 188 179 30 utlåtande
1217 199 43 19 nr
1277 189 20 29 2
1314 189 40 29 år
1373 189 84 29 1959

424 267 225 32 (Nuvarande
666 267 146 39 lydelse)

301 700 67 29 Om
396 700 180 40 indelning
604 701 12 29 i
643 700 193 31 valkretsar
863 701 111 40 jämte

255 753 132 30 antalet
401 753 222 40 fullmäktige
637 754 58 39 för
710 754 95 40 varje
821 754 153 30 valkrets

255 807 73 38 äga,
362 806 89 30 efter
484 807 122 30 därom
639 816 42 21 av
714 807 261 40 stadskollegiet

257 863 167 40 uppgjort
469 864 139 39 förslag,
654 865 319 39 stadsfullmäktige

254 917 83 39 göra
365 917 261 39 framställning
654 918 63 29 hos
745 917 227 30 överståthål-

256 970 216 30 larämbetet.
504 971 91 29 Utan
628 970 207 40 föregående
867 971 108 29 fram-

258 1023 166 39 ställning
460 1023 57 30 må
553 1023 421 30 Ööverståthållarämbetet

256 1076 168 29 förordna
445 1086 57 20 om
524 1077 109 29 sådan
654 1077 189 39 indelning,
866 1077 107 29 sedan

255 1129 137 30 tillfälle
419 1130 129 29 beretts
576 1130 319 39 stadsfullmäktige
923 1132 50 28 att

254 1182 121 39 avgiva
394 1183 162 39 yttrande
575 1183 11 29 i
605 1183 152 30 ärendet.
777 1183 119 30 Beslut
915 1193 57 20 om

254 1235 181 40 indelning
451 1236 12 29 i
478 1236 194 29 valkretsar
690 1237 88 29 skall
795 1236 178 30 meddelas

255 1290 117 28 senast
389 1290 58 29 två
464 1289 168 29 månader
650 1289 73 30 före
741 1289 172 40 ingången
931 1298 42 21 av

254 1341 57 31 det
329 1341 219 35 kalenderår,
569 1342 111 30 under
698 1342 107 31 vilket
823 1343 150 29 beslutet

255 1394 88 30 skall
363 1395 101 29 träda
483 1396 10 28 i
512 1395 233 40 tillämpning.

300 2336 203 30 Stockholm
523 2337 66 30 den
610 2337 40 29 25
672 2337 153 30 februari
847 2337 95 30 1959.

1191 268 226 40 (Föreslagen
1444 268 147 40 lydelse)

1029 330 125 29 mande
1180 330 56 39 för
1261 329 241 40 fullmäktiges
1529 330 97 29 antal
1653 331 93 28 inom

1036 382 251 36 valkretsarna,
1327 392 81 20 vara
1446 383 213 38 berättigade
1696 384 51 28 att

1031 445 59 20 var
1110 436 56 38 för
1187 436 51 39 sig
1261 436 10 29 1
1292 436 149 39 ordning
1463 436 87 39 efter
1571 436 177 29 överskot-

1032 490 74 28 lens
1125 489 130 29 storlek
1275 489 93 39 välja
1388 488 198 40 ytterligare
1606 498 42 20 en
1666 488 82 40 full-

1029 542 142 38 mäktig.
1195 542 67 29 äro
1285 541 291 30 överskottstalen
1599 541 71 30 lika
1692 542 56 38 för

1032 595 54 29 två
1123 594 81 30 eller
1239 594 88 40 flera
1365 594 203 36 valkretsar,
1604 596 143 37 avgöres

1028 648 191 38 företrädet
1238 657 124 30 genom
1383 648 158 39 lottning.

1075 705 65 29 Om
1160 705 180 39 indelning
1360 707 11 29 i
1390 705 194 30 valkretsar
1604 706 74 38 äga,
1699 704 48 30 ef-

1029 760 51 27 ter
1099 758 121 29 därom
1240 768 42 20 av
1301 758 261 39 stadskollegiet
1581 758 166 39 uppgjort

1029 811 140 38 förslag,
1194 811 320 39 stadsfullmäktige
1536 812 82 38 göra
1641 811 106 29 fram-

1030 864 164 39 ställning
1223 865 63 29 hos
1315 864 431 30 överståthållarämbetet.

1030 917 90 30 Utan
1154 917 207 39 föregående
1396 917 260 39 framställning
1690 916 56 29 må

1029 970 422 30 överståthållarämbetet
1488 970 167 30 förordna
1691 978 56 21 om

1030 1023 108 30 sådan
1167 1023 191 39 indelning,
1388 1024 107 29 sedan
1525 1023 137 29 tillfälle
1691 1023 56 29 be-

1029 1078 85 28 retts
1134 1076 320 39 stadsfullmäktige
1473 1078 50 28 att
1542 1076 120 39 avgiva
1681 1077 67 37 ytt-

1029 1130 107 29 rande
1156 1130 11 28 i
1188 1130 153 29 ärendet.

1073 1183 118 29 Beslut
1220 1192 56 20 om
1305 1182 181 40 indelning
1514 1183 10 29 i
1552 1182 195 30 valkretsar

1030 1236 87 29 skall
1146 1236 176 29 meddelas
1352 1238 117 27 senast
1496 1235 57 30 två
1579 1235 168 30 månader

1030 1288 73 30 före
1121 1289 173 39 ingången
1314 1298 42 20 av
1373 1289 57 29 det
1447 1288 218 34 kalenderår,
1685 1296 62 21 un-

1029 1342 60 29 der
1110 1342 107 29 vilket
1239 1342 151 29 beslutet
1412 1341 89 30 skall
1524 1341 100 30 träda
1647 1341 11 29 i
1680 1341 67 29 till-

1029 1394 191 40 lämpning.
1234 1395 67 29 Det
1314 1395 98 30 antal
1424 1395 233 39 fullmäktige,
1674 1404 74 21 var-

1028 1448 34 40 je
1088 1447 151 31 valkrets
1263 1448 92 30 skall
1379 1450 87 34 utse,
1489 1447 192 40 fastställes
1706 1457 43 21 av

1029 1501 421 30 överståthållarämbetet
1473 1501 57 30 det
1552 1501 49 36 år,
1625 1501 43 30 då
1692 1510 55 21 va-

1030 1554 45 30 let
1094 1554 91 30 skall
1202 1555 64 39 äga
1286 1564 90 30 rum,
1395 1555 75 39 före
1490 1554 90 40 april
1598 1554 148 30 månads

1030 1607 128 39 utgång
1179 1608 81 29 med
1281 1607 159 40 giltighet
1461 1608 56 38 för
1538 1607 67 30 den
1627 1607 121 40 period

1030 1660 89 30 valet
1145 1670 108 20 avser.
1282 1661 140 39 Uppgår
1448 1660 122 31 därvid
1596 1660 11 29 i
1632 1661 115 39 någon

1030 1713 151 30 valkrets
1208 1714 57 30 det
1290 1714 99 30 antal
1412 1713 233 40 fullmäktige,
1672 1723 74 20 som

1029 1767 139 29 kretsen
1186 1768 82 38 äger
1285 1769 75 27 utse
1378 1767 107 39 enligt
1501 1768 11 28 i
1530 1767 111 39 tredje
1658 1769 89 37 styc-

1029 1820 59 29 ket
1119 1821 149 38 angivna
1299 1820 165 39 grunder,
1497 1821 74 29 icke
1605 1820 52 29 till
1690 1821 56 36 tio,

1029 1872 91 30 skall
1172 1873 142 36 antalet,
1368 1873 81 30 med
1502 1874 245 29 motsvarande

1029 1926 186 39 jämkning
1246 1935 43 21 av
1320 1926 132 30 antalet
1482 1926 223 40 fullmäktige
1738 1926 11 30 i

1028 1979 117 39 övriga
1165 1979 148 37 kretsar,
1335 1979 107 30 likväl
1463 1980 211 30 bestämmas
1696 1980 53 29 till

1031 2032 62 36 tio;
1116 2032 63 29 och
1202 2033 92 29 skall
1316 2032 11 29 i
1347 2032 127 30 sådant
1494 2032 65 40 fall
1581 2033 167 30 valkrets-

1030 2085 222 39 indelningen
1270 2086 185 39 omprövas
1471 2086 75 39 före
1562 2087 102 29 nästa
1682 2086 64 30 val.

1074 2196 122 30 Denna
1227 2197 54 39 lag
1314 2197 117 29 träder
1461 2197 12 29 i
1502 2197 96 29 kraft
1629 2197 67 29 den
1730 2198 15 27 1

1028 2249 67 39 juli
1116 2249 93 30 1959.

661 2407 49 30 På
726 2407 446 31 konstitutionsutskottets
1189 2409 147 38 vägnar:

807 2469 146 30 BENGT
979 2469 212 30 ELMGREN
