2240 2654
733 218 247 30 Statsutskottets
1007 216 160 30 Utlåtande
1190 216 57 29 N:o
1272 216 48 30 65.
1806 209 19 30 3

224 298 190 49 utgjordes
444 297 39 35 af
509 299 75 33 444
615 307 186 35 personer,
834 294 106 35 deraf
969 296 70 33 183
1071 293 92 35 barn
1191 292 119 35 under
1343 293 45 33 15
1420 293 49 42 år,
1501 290 93 47 egde
1621 287 205 37 emellertid

222 353 84 35 icke
338 351 121 36 medel
492 350 58 36 till
584 349 239 49 afhjelpande
859 347 39 36 af
933 347 110 36 ofvän
1073 346 192 36 anmärkta
1293 344 122 36 behof.
1473 343 241 47 Kapellagets
1742 341 86 36 hela

223 406 139 49 fyrktal
389 404 191 48 uppginge
611 404 46 34 då
685 402 57 36 till
774 404 125 43 1,100,
930 401 134 35 hvaraf
1088 403 46 45 på
1163 399 247 48 predikanten
1430 398 146 35 komme
1600 399 85 33 178.
1720 396 105 35 Inom

224 460 213 47 kapellaget
465 458 145 44 funnes,
641 460 101 32 utom
772 455 258 48 predikanten,
1061 454 87 47 inga
1169 454 114 35 andra
1303 452 224 49 tjenstemän
1548 456 47 30 än
1613 452 63 34 två
1696 450 130 35 krono-

221 514 129 48 jägare
381 513 68 35 och
479 512 132 35 endast
639 523 47 23 en
714 509 223 43 handlande,
968 508 152 36 hvilken
1152 507 124 36 drefve
1298 518 46 23 en
1365 504 190 49 obetydlig
1573 503 147 37 rörelse.
1741 499 13 67 '
1758 503 68 35 Om

225 565 364 39 kommunikationer
616 564 126 35 kunde
772 575 86 23 man
887 562 185 47 knappast
1099 561 75 36 tala
1201 561 13 35 i
1235 561 106 34 dessa
1362 559 175 48 obygder,
1560 559 65 34 der
1643 559 185 33 närmaste

226 622 170 47 punkten
428 620 14 35 i
480 618 161 37 svenska
683 618 308 45 landsvägsnätet
1019 628 86 23 vore
1141 615 158 46 belägen
1336 616 46 33 10
1417 612 64 36 mil
1509 612 117 44 borta,
1658 611 67 35 och
1754 609 74 36 lifs-

226 675 336 37 förnödenheterna
597 673 101 47 dyra,
733 670 151 37 hvartill
913 670 157 43 komme,
1102 671 54 33 att
1179 668 181 35 missväxt
1388 666 164 36 inträffat
1582 665 44 35 de
1656 668 54 32 tre
1740 663 90 36 sista

227 732 99 42 åren,
358 729 68 35 och
456 730 53 33 att
541 738 110 24 renar
685 725 136 36 anstält
854 727 76 33 stor
954 723 116 36 skada
1097 722 100 36 inom
1226 721 224 48 kapellaget.
1495 720 51 35 "På
1576 718 121 48 grund
1725 717 110 36 häraf

227 782 147 37 anhölle
416 781 225 47 kapellaget,
686 782 54 32 att
780 777 136 47 Kongl.
957 776 109 49 Maj:t
1097 776 143 36 täcktes
1275 775 79 35 dels
1384 773 129 36 anvisa
1542 772 31 49 ej
1605 772 143 36 mindre
1778 783 51 23 er-

226 835 201 48 forderliga
448 820 17 67 -
469 834 122 35 medel
632 833 58 36 till
722 831 238 36 bestridande
995 830 39 35 af
1060 831 44 34 de
1132 829 216 47 ifrågasatta
1376 826 320 48 reparationernas
1726 824 103 36 verk-

227 890 182 36 ställande
453 889 66 35 och
561 885 296 38 inventariernas
900 884 213 47 inköpande
1157 888 46 30 än
1246 882 110 36 äfven
1403 884 74 32 500
1520 880 137 36 kronor
1697 878 58 36 till
1784 890 47 23 en

228 950 205 40 värmeugn
466 942 13 35 i
513 941 132 49 sjelfva
686 939 147 48 kyrkan
876 939 69 35 och
982 941 74 32 200
1090 937 136 35 kronor
1254 936 57 36 till
1340 948 46 23 en
1415 934 143 36 mindre
1587 939 204 40 värmeugn
1818 931 14 35 i

228 997 200 36 sakristian
470 999 95 32 samt
607 997 75 33 300
721 993 137 36 kronor
900 994 119 33 såsom
1063 990 110 47 årligt
1211 990 129 46 anslag
1382 988 56 36 till
1471 986 360 48 klockaretjenstens

229 1050 274 50 uppehållande
547 1048 40 36 af
626 1046 122 37 dertill
785 1047 218 46 kompetent
1036 1057 144 35 person,
1213 1044 78 35 dels
1321 1043 70 36 ock
1420 1041 170 37 meddela
1618 1040 214 47 kapellaget

228 1105 170 37 tillstånd
427 1107 53 32 att
503 1100 266 38 kostnadsfritt
797 1100 36 36 få
861 1103 88 44 taga
977 1099 56 35 för
1061 1097 383 50 kyrkoreparationen
1474 1094 234 47 erforderligt
1726 1093 105 36 virke

229 1160 81 35 från
340 1159 72 35 den
431 1157 100 35 inom
561 1156 214 47 kapellaget
802 1154 159 47 belägna
990 1152 222 47 kronopark.

392 1205 112 43 Öfver
538 1211 122 34 denna
695 1207 210 47 ansökning
938 1207 95 35 hade
1062 1206 199 48 yttranden
1290 1203 165 48 afgifvits
1485 1202 39 36 af
1547 1196 246 41 länsmannen
1820 1200 14 35 i

230 1266 127 48 Pajala
387 1264 160 44 distrikt,
577 1263 264 48 kyrkoherden
868 1261 14 35 i
910 1258 129 50 Pajala
1066 1259 227 46 församling,
1325 1256 277 38 vederbörande
1622 1254 210 36 Kontrakts-

231 1323 112 45 prost,
375 1317 246 47 domkapitlet
647 1316 14 35 i
689 1315 224 36 Hernösand
947 1317 94 32 samt
1074 1313 135 46 Kongl.
1245 1311 127 48 Maj:ts
1401 1304 431 56 befallningshafvande;

232 1375 67 35 och
332 1373 96 35 hade
461 1371 122 36 tillika
615 1368 372 47 kammarkollegium
1022 1367 67 35 och
1126 1366 266 36 'statskontoret
1421 1364 84 35 med
1535 1361 299 38 öfverlemnande

232 1428 40 35 af
297 1428 107 34 dessa
438 1424 200 49 yttranden
669 1423 14 35 i
718 1423 153 35 ärendet
900 1420 145 48 afgifvit
1075 1423 229 44 gemensamt
1333 1418 204 43 utlåtande,
1567 1415 188 37 hvarefter
1782 1415 53 35 in-

232 1480 168 37 fordradt
428 1478 173 49 yttrande
630 1476 197 36 inkommit
855 1475 82 35 från
967 1473 328 48 domänstyrelsen.

392 1533 56 36 Af
473 1533 104 35 dessa
607 1530 224 47 handlingar
857 1529 232 35 inhemtades
1118 1525 315 48 hufvudsakligen
1461 1524 173 48 följande.

393 1588 262 34 Länsmannen
683 1585 106 43 hade,
821 1583 84 35 med
934 1581 236 37 vitsordande
1201 1580 39 36 af
1265 1581 44 34 de
1337 1581 14 34 i
1380 1578 258 47 ansökningen
1666 1576 171 36 lemnade

233 1641 238 48 uppgifterna
498 1639 164 36 förordat
690 1639 212 33 densamma
930 1636 14 35 i
973 1636 82 35 dess
1083 1635 135 35 helhet.

395 1693 271 49 Kyrkoherden
695 1692 108 42 hade,
833 1690 13 35 i
874 1689 244 36 betraktande
1148 1687 112 45 deraf,
1293 1690 53 32 att
1376 1687 61 34 det
1461 1686 56 34 för
1535 1683 304 37 Muonionalusta

233 1748 175 48 kapellag
437 1747 120 35 skulle
586 1745 115 36 blifva
731 1744 122 35 alltför
881 1743 238 46 betungande
1146 1745 53 32 att
1217 1741 156 35 bekosta
1394 1740 45 34 de
1458 1739 217 46 ifrågasatta
1694 1749 144 34 repara-

234 1803 181 42 tionerna,
446 1799 181 49 tillstyrkt
655 1797 211 48 beviljande
897 1798 37 33 åt
962 1795 212 47 kapellaget
1202 1794 56 35 för
1287 1806 46 22 en
1363 1795 99 45 gång
1492 1792 39 35 af
1558 1793 114 42 2,500
1702 1790 137 35 kronor

234 1857 57 34 för
327 1854 247 49 nyssberörda
618 1852 171 35 ändamål
832 1850 189 35 äfvensom
1068 1851 73 33 500
1180 1848 137 35 kronor
1363 1846 57 36 till
1467 1847 322 44 värmeapparater
1826 1843 13 35 i

236 1910 158 48 kyrkan,
439 1908 107 43 helst,
583 1905 13 36 i
624 1905 178 36 händelse
832 1903 212 47 kapellaget
1074 1902 31 48 ej
1136 1902 121 35 blefve
1286 1900 178 48 förhjelpt
1492 1899 56 35 till
1572 1898 170 48 kyrkans
1772 1897 67 35 för-

237 1963 169 36 sättande
435 1961 13 35 i
478 1960 146 47 värdigt
653 1958 117 44 skick,
802 1959 44 34 de
872 1956 263 48 uppoffringar,
1167 1958 121 32 staten
1317 1955 98 34 förut
1434 1953 80 35 haft
1533 1952 56 35 för
1608 1951 231 47 kapellagets

236 2016 187 43 bildande,
455 2018 126 44 syntes
611 2012 263 48 kyrkoherden
894 2023 88 23 vara
1001 2009 186 47 förspilda.
1232 2007 358 46 Kontraktsprosten
1611 2007 136 44 ansåge
1769 2005 71 34 den

238 2070 129 47 gjorda
410 2065 437 46 kostnadsberäkningen
890 2064 55 35 för
978 2063 164 47 kyrkans
1171 2061 297 36 iståndsättande
1499 2060 67 34 och
1595 2057 245 36 inventariers

239 2122 242 36 anskaffande
511 2120 123 35 alltför
662 2120 78 44 lågt
768 2118 182 45 tilltagen,
982 2128 83 22 men
1087 2115 191 35 anmärkte
1299 2114 132 42 tillika,
1451 2116 53 31 att
1525 2113 61 34 det
1606 2111 93 35 efter
1719 2111 122 34 denna

238 2178 84 45 låga
364 2174 208 45 beräkning
616 2172 120 35 skulle
778 2170 115 35 blifva
935 2172 132 32 nästan
1110 2167 166 48 omöjligt
1309 2167 56 35 för
1401 2167 61 34 det
1495 2165 78 34 lilla
1613 2164 67 35 och
1710 2163 132 46 fattiga

239 2229 214 47 kapellaget
486 2231 53 31 att
575 2225 255 36 åstadkomma
865 2224 44 34 de
940 2221 239 46 erforderliga
1208 2221 159 42 medlen,
1398 2219 12 34 i
1440 2219 205 47 synnerhet
1673 2229 75 22 som
1781 2217 62 34 det

240 2286 100 33 snart
370 2280 121 37 blefve
521 2293 45 22 en
596 2277 281 47 nödvändighet
906 2277 54 35 för
989 2275 213 48 kapellaget
1232 2277 52 33 att
1313 2273 138 36 inrätta
1482 2284 45 23 en
1556 2270 195 36 folkskola.
1791 2270 51 35 På
