2182 2628
654 168 360 44 Bevillningsutskottets
1035 168 193 34 betänkande
1250 167 54 34 Nr
1326 168 51 34 31.
1754 167 15 34 1

943 522 58 40 Nr
1029 522 63 40 31.

816 677 112 28 Ankom
947 677 43 28 till
1009 677 167 38 riksdagens
1196 678 94 28 kansli
1309 678 52 28 den
1380 679 34 28 27
1433 678 70 37 april
1524 679 67 28 1917
1611 679 36 27 kl.
1667 679 17 28 4
1702 689 23 18 e.
1746 689 34 18 m.

415 820 414 46 Bevillningsutskottets
870 821 222 36 betänkande
1119 821 13 35 i
1161 821 197 45 anledning
1399 832 44 24 av
1470 821 103 36 väckt
1600 822 136 36 motion
1764 834 53 23 om

613 890 170 35 skrwelse
824 889 56 36 till
920 890 137 45 Kungl.
1086 890 115 44 Maj:t
1237 890 186 45 angående
1451 890 165 44 befrielse
1638 890 69 44 för
1734 891 43 36 de
1804 892 14 34 i

614 960 63 45 12,
705 960 50 33 14
784 958 62 35 och
874 960 50 34 15
949 958 52 46 $$
1028 970 44 24 av
1092 958 270 46 förordningen
1390 959 183 46 angående
1586 959 230 47 försäljning

614 1039 43 24 av
686 1027 178 36 brännvin
892 1028 153 35 avsedda
1076 1027 102 46 bolag
1202 1028 95 45 från
1325 1029 246 45 skyldigheten
1599 1032 52 33 att
1670 1030 146 45 erlägga

615 1097 403 46 kommunalutskylder.

415 1200 219 27 Närvarande:
652 1198 96 27 herrar
770 1198 32 27 K.
822 1197 33 28 G.
875 1198 143 31 Karlsson,
1041 1198 115 28 Nilsson
1175 1199 10 26 i
1203 1199 122 36 Bonarp,
1345 1198 79 28 Ollas
1442 1200 35 26 A.
1496 1199 139 33 Eriesson,
1655 1199 161 36 Lyckholm,

649 1242 31 27 EK.
701 1243 34 26 A.
754 1242 108 31 Nilson,
882 1242 172 30 Antonsson,
1073 1242 62 27 frih.
1149 1242 137 36 Fleming,
1299 1242 92 28 Jakob
1405 1242 130 32 Larsson,
1547 1243 161 36 Jesperson,
1721 1243 96 27 Jeans-

649 1295 52 18 son
720 1287 9 25 i
748 1286 121 30 Kalmar,
897 1286 118 33 Knaust,
1035 1286 159 31 Forssman,
1214 1286 30 27 E.
1263 1287 25 26 J.
1308 1286 165 36 Söderberg,
1493 1287 183 31 Holmström,
1694 1287 123 27 Jönsson

648 1330 9 26 i
677 1329 134 36 Revinge,
840 1339 54 18 von
922 1330 129 33 Hofsten,
1078 1330 161 28 Johansson
1259 1331 10 26 i
1289 1330 168 36 Uppmälby,
1481 1331 148 36 Bergman,
1649 1331 171 36 Uddenberg

649 1373 52 28 och
721 1373 76 36 Bärg
815 1374 9 27 i
843 1373 200 28 Katrineholm.

346 1462 14 37 I
390 1475 47 24 en
464 1462 102 37 inom
595 1462 119 38 andra
741 1462 218 38 kammaren
979 1462 124 49 väckt,
1124 1462 57 37 till
1200 1461 415 51 bevillningsutskottet
1634 1463 184 38 hänvisad

213 1516 146 37 motion
387 1528 45 23 nr
461 1515 72 36 207
556 1514 67 37 har
642 1514 85 37 herr
746 1516 185 37 Bolander
949 1515 205 48 hemställt,
1177 1520 79 32 »att
1274 1514 203 50 riksdagen
1496 1515 88 37 ville
1603 1516 12 36 i
1635 1515 183 38 skrivelse

214 1568 58 37 till
299 1567 142 49 Kungl.
471 1566 107 50 Maj:t
605 1567 162 48 anhålla,
796 1567 62 37 det
888 1566 143 49 Kungl.
1060 1567 109 48 Maj:t
1197 1566 146 38 täcktes
1371 1567 75 37 låta
1473 1566 174 38 utarbeta
1670 1567 71 37 och
1758 1568 61 36 för

213 1620 202 48 riksdagen
446 1618 215 49 framlägga
689 1620 76 36 dels
791 1619 146 49 förslag
965 1619 57 37 till
1050 1619 142 37 sådana
1221 1619 265 50 förändringar
1504 1633 47 23 av
1570 1632 51 24 nu
1640 1619 178 50 gällande

215 1672 282 48 författningar,
526 1676 54 31 att
608 1671 46 36 de
683 1670 126 50 bolag,
839 1684 82 24 som
942 1672 121 47 enligt
1082 1671 331 37 bestämmelserna
1432 1671 12 36 i
1467 1673 58 45 12,
1548 1673 46 35 14
1614 1671 71 38 och
1708 1673 44 35 15
1773 1671 44 50 $$

214 1724 12 36 i
261 1723 131 49 kungl.
436 1722 272 50 förordningen
750 1723 72 37 den
865 1725 21 35 9
919 1723 87 49 juni
1036 1724 97 36 1905
1162 1723 240 37 uteslutande
1430 1723 98 37 hava
1556 1724 56 36 till
1641 1723 176 38 ändamål

215 1781 53 32 att
308 1775 88 37 idka
437 1774 138 37 handel
615 1774 88 38 med
742 1775 200 46 brännvin,
983 1777 116 35 varda
1139 1775 168 37 befriade
1349 1776 83 36 från
1469 1775 265 50 skyldigheten
1762 1780 55 32 att

215 1828 158 49 erlägga
413 1827 428 50 kommunalutskylder,
883 1829 76 36 dels
999 1829 62 36 ock
1093 1827 145 49 förslag
1274 1840 61 24 om
1364 1827 211 50 ersättning
1601 1828 57 36 till
1686 1827 131 38 veder-

213 1879 168 38 börande
417 1879 223 37 kommuner
667 1879 60 37 för
754 1879 73 37 den
854 1892 138 37 genom
1020 1879 263 50 nyssnämnda
1310 1879 134 50 bolags
1473 1879 239 38 skattefrihet
1741 1879 76 37 för-

214 1931 185 38 orsakade
441 1931 268 50 minskningen
751 1945 46 23 av
838 1931 46 38 de
924 1932 57 36 till
1013 1932 275 36 kommunerna
1321 1931 208 50 inflytande
1556 1931 259 50 utskylderna,

213 1984 129 37 vilken
383 1983 211 50 ersättning
633 1983 208 51 lämpligen
883 1984 106 37 torde
1030 1983 92 38 böra
1165 1986 90 47 utgå
1296 1983 95 38 efter
1432 1997 48 24 en
1520 1983 162 38 fallande
1710 1984 106 37 skala

215 2036 119 38 under
363 2041 53 32 ett
443 2035 95 37 visst
564 2036 102 37 antal
695 2039 52 45 år,
776 2036 232 50 exempelvis
1035 2036 58 37 till
1121 2035 70 38 och
1219 2036 86 37 med
1337 2037 136 39 1935»,

342 2210 234 38 Motionären
604 2210 69 37 har
699 2211 12 36 i
740 2211 59 37 sin
827 2211 242 49 motivering,
1091 2210 236 38 beträffande
1346 2224 85 24 vars
1451 2211 158 49 detaljer
1631 2211 185 38 utskottet

214 2263 56 37 får
310 2262 160 37 hänvisa
502 2263 55 36 till
585 2262 204 49 motionen,
819 2263 217 48 framhållit,
1065 2267 56 33 att
1150 2263 182 49 förslaget
1359 2268 54 32 att
1440 2262 120 38 befria
1587 2263 227 38 brännvins-

302 2323 129 48 Bihang
455 2323 48 34 till
525 2323 186 48 riksdagens
728 2324 158 47 protokoll
910 2324 95 38 1917,
1052 2324 20 38 7
1094 2324 91 36 saml.
1232 2324 43 36 24
1299 2322 78 49 höft.
1422 2323 68 43 (Nr
1511 2324 68 39 31)
1755 2324 16 38 1
