2251 2687
459 142 39 31 36
858 138 350 43 Bevillningsutskottets
1232 136 190 33 betänkande
1443 136 54 32 Nr
1521 135 52 33 60.

1717 265 158 40 Bilaga
1903 264 40 33 C-

506 380 340 51 Förordningen
874 390 73 31 om
975 377 549 52 taxeringsmyndigheter
1551 376 83 41 och
1661 375 288 42 förfarandet

1060 438 77 41 vid
1164 437 224 50 taxering.

587 509 126 41 Kungl.
738 508 123 41 Maj:ts
885 507 135 41 förslag.
1480 505 177 33 Utskottets
1679 504 134 41 förslag.

1183 555 18 35 6
1231 552 34 46 $.

493 625 74 36 Vid
609 625 226 35 deklaration
875 623 58 37 för
976 624 90 35 verk
1098 623 88 35 eller
1332 621 74 36 Vid
1445 621 227 36 deklaration
1712 619 58 37 för
1809 620 87 36 verk
1937 620 94 35 eller

415 677 121 48 bolag,
579 689 77 23 som
697 683 40 28 är
776 675 134 37 försett
938 675 83 36 med
1049 674 135 48 Kungl.
1256 673 120 49 bolag,
1418 686 77 23 som
1536 679 41 29 är
1616 671 133 37 försett
1776 671 84 36 med
1888 670 139 49 Kungl.

417 728 125 47 Maj:ts
571 728 117 46 oktroj
719 728 88 34 eller
834 727 107 34 blivit
973 727 214 46 registrerat
1256 724 123 48 Maj:ts
1411 724 117 47 oktroj
1563 724 89 35 eller
1679 723 105 36 blivit
1812 722 215 48 registrerat

418 783 118 32 såsom
581 778 209 48 aktiebolag
829 777 89 36 eller
958 780 75 32 står
1070 775 118 37 under
1257 778 119 33 såsom
1416 774 207 47 aktiebolag
1664 775 87 34 eller
1791 776 76 33 står
1907 773 126 35 under

416 829 171 49 offentlig
618 830 172 43 kontroll,
819 829 42 36 så
887 829 61 36 ock
968 828 64 50 för
1063 840 124 23 annan
1218 820 16 62 =
1257 826 168 47 offentlig
1452 826 171 44 kontroll,
1653 826 91 34 skall
1772 824 58 36 för
1857 824 66 42 tid,
1947 837 79 22 som

417 881 322 49 uppgiftsskyldig,
793 893 75 23 som
917 879 270 50 nästföregåen-
1257 878 275 35 deklarationen
1577 875 184 45 omfattar,
1813 874 105 49 fogas
1964 874 63 36 be-

417 934 42 35 de
501 932 44 36 år
585 932 111 48 enligt
725 932 58 48 lag
811 932 96 35 varit
934 931 143 47 skyldig
1098 930 89 48 föra
1256 929 120 49 styrkt
1408 927 153 37 avskrift
1595 941 44 22 av
1665 928 56 35 in-
1749 927 67 36 och
1844 925 184 50 utgående

417 984 284 43 handelsböcker,
730 983 93 35 skall
851 981 57 37 för
935 982 66 43 tid,
1026 994 77 23 som
1123 980 61 36 de-
1220 972 20 59 =
1257 980 283 46 balansräkning
1580 983 95 32 samt
1714 980 114 34 vinst-
1856 978 67 35 och
1954 976 73 36 för-

415 1035 230 36 klarationen
673 1033 186 45 omfattar,
888 1033 104 49 fogas
1015 1032 167 49 bestyrkt
1255 1032 246 47 lusträkning,
1532 1030 65 36 där
1624 1030 111 36 sådan
1763 1028 109 37 föres.

416 1085 154 37 avskrift
596 1099 44 22 av
666 1086 55 34 in-
750 1085 66 35 och
837 1084 185 48 utgående
1041 1084 145 35 balans-

416 1137 159 45 räkning
606 1141 92 31 samt
729 1136 114 35 vinst-
875 1136 67 35 och
972 1134 215 37 förlusträk-

416 1190 101 46 ning,
547 1188 65 35 där
639 1187 112 35 sådan
778 1186 111 36 föres.

1169 1297 44 33 31
1244 1293 33 45 8.

554 1359 16 33 1
606 1370 109 22 mom.
744 1355 364 48 Taxeringsnämnds
1135 1353 221 38 ordförande
1384 1361 40 28 är
1452 1352 267 49 föredragande
1747 1352 64 35 hos
1840 1350 189 37 nämnden

417 1408 68 37 och
513 1408 66 36 har
606 1408 146 36 särskilt
779 1406 164 49 följande
971 1406 238 49 åligganden:

492 1510 130 47 Enligt
643 1510 274 48 propositionen
944 1522 44 22 nr
1015 1508 98 36 232:

492 1576 51 44 m)
572 1582 64 40 att,
665 1577 47 36 då
739 1577 128 36 sådant
895 1576 203 48 påfordras,
1127 1589 60 23 av-
1332 1572 50 47 m)
1423 1580 54 30 att
1515 1573 228 37 beträffande
1775 1585 44 23 en
1847 1585 74 31 var,
1952 1584 77 24 som

415 1630 87 47 giva
527 1628 206 48 förklaring
754 1635 87 29 över
856 1628 128 36 besvär
999 1627 187 47 angående
1256 1627 117 35 «finnes
1402 1631 186 43 upptagen
1615 1626 13 34 i
1656 1625 69 35 den
1749 1626 13 33 i
1782 1624 47 35 14
1848 1622 54 45 $i
1921 1625 110 45 lagen

417 1681 182 46 taxering.
1257 1690 59 23 om
1357 1678 135 34 allmän
1531 1674 386 50 pensionsförsäkring
1953 1687 80 22 om-

1258 1727 181 37 förmälda
1486 1726 243 48 förteckning,
1776 1724 83 36 från
1904 1725 130 35 veder-

762 1822 5 5 |
1258 1779 161 36 börande
1460 1776 311 50 pensionsnämnd
1812 1775 218 36 införskaffa

492 1812 52 47 m)
585 1819 53 31 att
677 1809 240 72 beträffande
933 1827 44 22 en
1004 1826 76 45 var,
1110 1826 79 22 SOM
1260 1830 270 49 upplysningar
1575 1841 57 23 om
1677 1828 44 35 de
1762 1827 267 43 förhållanden,

416 1867 117 35 finnes
562 1871 188 43 upptagen
777 1879 13 44 i
818 1865 71 35 den
908 1878 13 22 i
943 1866 43 34 15
1007 1863 54 60 $i
1080 1865 107 47 lagen
1216 1859 20 74 —
1255 1882 99 35 vilka
1370 1888 63 28 äro
1448 1894 43 21 av
1505 1880 190 48 betydelse
1712 1878 58 37 för
1784 1877 247 37 bedömandet

418 1930 59 22 om
513 1918 136 34 allmän
689 1915 380 49 pensionsförsäkring
1109 1928 77 22 om-
1256 1945 44 22 av
1339 1932 90 35 hans
1470 1930 229 50 avgiftsplikt
1726 1930 117 47 enligt
1870 1927 161 37 nämnda

439 1975 12 6 -”
520 1975 12 5 LL
668 1966 17 21 PT
822 1967 6 7 2
863 1978 22 17 &
969 1969 22 19 nå
1173 1984 14 5 -

418 1967 182 37 förmälda
653 1966 243 47 förteckning,
942 1966 80 36 från
1061 1966 110 36 veder
1256 1984 77 47 lag;
1363 1987 93 31 samt

416 2019 163 35 börande
619 2018 311 48 pensionsnämnd
969 2016 219 36 införskaffa

417 2069 272 49 upplysningar
734 2082 60 22 om
835 2069 44 35 de
919 2068 269 44 förhållanden,

416 2121 98 35 vilka
531 2128 63 28 äro
608 2134 44 22 av
667 2120 188 49 betydelse
872 2119 58 36 för
944 2119 246 36 bedömandet

417 2185 44 22 av
492 2172 90 35 hans
621 2170 231 49 avgiftsplikt
885 2171 115 48 enligt
1032 2169 159 37 nämnda

419 2223 77 47 lag;
526 2227 93 31 samt

497 1747 128 49 Enligt
647 1747 273 49 propositionen
948 1759 44 22 nr
1019 1746 94 36 275:
