1858 2786
412 156 286 31 Statsutskottets
724 155 178 30 utlåtande
926 165 42 20 nr
993 155 61 30 123
1077 154 40 30 år
1142 154 83 29 1956
1533 153 36 30 al

108 243 66 30 Vid
194 242 98 31 bifall
313 242 50 30 till
384 242 11 29 i
416 241 57 30 det
493 240 208 40 föregående
722 239 198 39 framlagda
940 239 131 39 förslag
1091 247 58 20 om
1169 237 200 30 inrättande
1390 246 42 21 av
1452 246 44 20 en
1516 238 54 28 ut-

64 293 253 39 redningsbyrå
337 292 57 30 vid
416 290 371 40 kommerskollegium
810 292 92 28 samt
922 298 59 21 om
1003 287 407 42 personalförstärkning
1433 296 42 20 av
1497 287 74 29 kol-

65 344 119 39 legiets
208 343 196 30 statistiska
425 342 85 40 byrå
533 342 160 29 kommer
717 340 189 40 kollegium
930 341 51 29 att
1004 339 150 32 tillföras
1180 338 232 39 sammanlagt
1436 339 42 30 52
1502 346 69 31 nya

66 395 159 39 tjänster,
247 394 176 39 nämligen
447 394 13 29 1
485 391 263 31 kommerseråd
770 392 9 29 i
802 391 46 30 Ca
870 391 51 33 37,
945 391 15 29 1
982 389 244 40 byrådirektör
1247 389 11 29 i
1281 390 42 30 Ce
1347 389 50 34 31,
1422 389 20 30 2
1461 389 110 30 förste

64 445 304 39 byråsekreterare
389 444 11 29 i
423 444 43 30 Ce
488 443 51 34 29,
566 443 13 29 1
604 442 109 30 förste
737 441 159 30 aktuarie
919 441 11 29 i
953 441 42 30 Ce
1019 441 50 36 27,
1095 441 20 30 2
1137 440 108 30 förste
1268 439 303 40 byråsekreterare

65 496 11 28 i
98 497 43 29 Ce
164 496 51 34 27,
240 497 13 29 1
279 495 107 29 förste
407 493 303 41 byråsekreterare
730 492 11 30 i
764 492 45 41 Cg
832 492 51 33 27,
908 492 35 30 11
969 499 233 22 amanuenser
1223 490 12 29 i
1256 490 155 40 reglerad
1433 489 139 31 beford-

66 546 197 39 ringsgång,
284 554 107 22 varav
412 545 17 30 3
452 544 45 40 på
518 545 97 29 extra
637 545 78 34 stat,
741 543 14 29 1
779 542 253 39 byråassistent
1054 542 10 30 i
1087 541 43 30 Ce
1153 541 51 34 23,
1229 542 14 29 1
1268 541 304 39 maskinoperatör

67 598 10 28 i
101 598 43 29 Ce
171 598 48 33 15,
244 598 17 29 5
286 595 212 31 kontorister
520 595 12 29 i
556 595 43 30 Ce
626 595 49 32 13,
700 594 16 29 7
742 593 280 30 kanslibiträden
1044 592 11 29 i
1081 592 43 30 Ce
1151 593 49 33 11,
1227 592 14 29 1
1268 591 305 40 maskinoperatör

66 648 11 29 i
97 648 43 30 Ce
162 648 48 34 11,
231 648 20 29 2
267 645 341 41 expeditionsvakter
626 644 12 30 i
658 645 43 30 Ce
723 645 38 29 10
782 645 91 29 samt
895 643 39 30 16
952 643 161 30 biträden
1132 642 11 29 i
1162 642 156 40 reglerad
1337 641 237 40 befordrings-

68 698 99 38 gång.
187 698 54 29 Nu
262 696 150 40 angivna
432 696 149 39 tjänster
601 695 64 30 har
685 695 79 29 med
785 694 35 30 få
840 694 180 39 undantag
1041 693 23 30 f.
1086 702 33 20 n.
1141 693 54 29 sin
1217 692 249 39 motsvarighet
1486 692 12 29 i
1517 692 56 30 be-

67 747 194 39 fattningar
279 747 98 29 inom
395 746 162 30 handels-
576 746 65 29 och
661 743 443 32 industrikommissionen.
1123 743 68 30 Det
1210 743 95 30 finns
1326 742 120 31 därför
1465 742 109 39 enligt

67 797 387 41 departementschefen
478 796 190 40 anledning
692 795 82 40 utgå
798 795 94 30 ifrån
917 796 51 29 att
990 794 243 30 innehavarna
1256 803 43 20 av
1323 794 101 29 dessa
1448 792 126 31 befatt-

68 849 126 39 ningar
219 848 95 30 inom
340 847 278 30 kommissionen
643 847 10 28 i
680 848 72 28 stor
778 846 245 40 utsträckning
1050 845 90 30 skall
1168 845 121 29 kunna
1315 844 178 30 överföras
1521 843 53 30 till

69 899 245 29 motsvarande
334 907 69 30 nya
420 897 150 40 tjänster
590 897 64 30 hos
675 895 380 40 kommerskollegium.
1078 896 12 30 I
1112 895 97 39 fråga
1230 904 56 21 om
1307 895 41 29 de
1368 894 207 40 övergångs-

69 949 247 39 anordningar,
338 958 76 21 som
436 948 57 30 må
514 947 159 40 påkallas
694 947 58 30 vid
774 947 185 38 förslagets
981 945 284 40 genomförande,
1287 945 206 30 förutsättes
1517 945 57 30 det

69 1000 36 30 få
124 1000 190 29 ankomma
332 999 45 40 på
395 998 125 39 Kungl.
539 997 107 40 Maj:t
664 1000 50 27 att
732 997 146 31 besluta.
898 997 65 30 Det
981 996 63 31 bör
1062 996 108 39 enligt
1188 995 387 41 departementschefen

69 1050 11 29 i
105 1051 95 29 detta
226 1049 254 39 sammanhang
504 1049 72 29 inte
601 1049 94 29 möta
720 1048 125 30 hinder
870 1049 51 28 att
946 1047 11 29 i
981 1047 71 30 viss
1078 1046 245 40 utsträckning
1347 1046 229 40 jämkningar

70 1101 172 38 företages
259 1100 221 30 beträffande
500 1099 222 40 placeringen
741 1108 42 20 av
801 1097 346 40 befattningshavare
1166 1097 95 30 inom
1282 1096 179 40 kollegiets
1481 1096 94 30 olika

69 1151 135 39 byråer.

115 1202 49 30 De
186 1201 140 39 förslag,
348 1209 75 22 som
443 1200 184 39 framlagts
647 1209 58 20 om
725 1199 202 30 inrättande
946 1208 43 21 av
1008 1208 69 30 nya
1098 1198 149 39 tjänster
1268 1207 44 22 m.
1334 1207 45 22 m.
1400 1197 58 30 vid
1478 1197 99 30 kom-

72 1251 284 40 merskollegium
379 1251 12 29 i
416 1250 169 31 samband
612 1251 77 29 med
715 1249 251 40 överflyttning
992 1258 42 21 av
1057 1249 95 30 vissa
1177 1247 294 41 arbetsuppgifter
1496 1247 80 30 från

71 1302 162 30 handels-
252 1302 64 29 och
335 1300 443 35 industrikommissionen,
798 1301 73 29 kan
889 1300 173 30 beräknas
1083 1299 158 30 medföra
1262 1300 48 29 ett
1328 1299 84 30 ökat
1431 1298 146 31 medels-

72 1353 112 29 behov
207 1353 54 30 för
285 1353 101 29 nästa
409 1351 169 40 budgetår
604 1361 42 21 av
672 1352 61 29 796
748 1351 63 31 000
836 1351 130 29 kronor
991 1350 112 30 under
1127 1349 181 40 kollegiets
1333 1349 245 40 avlöningsan-

73 1403 83 40 slag.

118 1453 76 30 Med
219 1453 137 39 hänsyn
379 1452 52 30 till
455 1452 66 30 den
546 1452 10 29 i
580 1454 109 28 annat
714 1452 257 39 sammanhang
992 1450 199 39 föreslagna
1215 1449 295 40 överflyttningen
1536 1458 43 21 av

73 1504 41 29 de
135 1503 304 40 arbetsuppgifter,
462 1512 74 20 som
559 1503 23 31 f.
606 1512 32 20 n.
660 1501 160 30 handhas
842 1511 42 20 av
905 1501 180 40 kollegiets
1107 1499 470 42 monopolutredningsbyrå,

74 1554 52 29 till
151 1554 131 29 statens
306 1553 86 40 pris-
416 1553 65 29 och
505 1552 272 35 kartellnämnd,
803 1552 116 30 vilken
945 1551 251 40 överflyttning
1221 1551 111 31 skulle
1358 1551 61 29 ske
1442 1550 58 30 vid
1525 1551 54 29 ut-

74 1605 133 38 gången
229 1613 43 22 av
295 1604 92 34 1956,
411 1603 116 30 finner
549 1602 387 40 departementschefen
959 1601 30 40 ej
1014 1601 190 40 anledning
1226 1603 50 28 att
1297 1610 47 21 nu
1368 1600 129 31 föreslå
1520 1600 60 31 nå-

75 1662 65 30 gon
164 1654 147 40 ändring
332 1654 221 30 beträffande
575 1654 206 39 personalen
804 1653 20 30 å
845 1653 106 39 sagda
972 1652 95 40 byrå.

119 1705 75 30 Vad
219 1705 153 30 härefter
396 1704 108 39 angår
528 1704 118 39 övriga
671 1704 182 39 yrkanden
879 1703 111 30 under
1014 1702 343 40 avlöningsanslaget
1381 1702 117 30 finner
1523 1703 57 29 de-

75 1755 340 38 partementschefen
435 1756 57 29 det
514 1754 194 34 motiverat,
730 1756 50 27 att
801 1753 188 31 elektriska
1009 1753 111 39 byrån
1142 1753 148 30 erhåller
1310 1753 71 30 viss
1403 1752 177 40 personal-

75 1805 250 39 förstärkning.
350 1806 13 29 I
386 1805 174 30 avvaktan
586 1805 43 40 på
652 1805 133 39 slutligt
810 1804 337 39 ställningstagande
1170 1804 52 30 till
1247 1802 333 40 elkraftutredning-

74 1864 62 21 ens
157 1855 129 40 förslag
307 1855 52 30 till
377 1855 300 39 omorganisation
696 1865 42 20 av
757 1855 67 30 den
846 1854 139 39 statliga
1003 1853 270 31 verksamheten
1294 1853 44 40 på
1357 1853 224 30 elkraftsom-

75 1906 98 29 rådet
194 1906 68 29 kan
284 1905 385 39 departementschefen
690 1905 193 30 emellertid
904 1905 124 29 endast
1048 1904 177 39 tillstyrka
1246 1905 50 28 att
1317 1914 42 21 en
1379 1903 203 40 byrådirek-

75 1956 186 38 törstjänst
284 1956 150 29 inrättas
456 1955 44 40 på
521 1955 269 39 ifrågavarande
812 1954 96 40 byrå.
932 1955 171 38 Tjänsten
1126 1955 63 29 bör
1212 1964 98 22 avses
1334 1954 55 30 för
1411 1954 11 29 i
1446 1954 135 30 huvud-

77 2008 62 28 sak
159 2008 40 28 de
218 2006 303 40 arbetsuppgifter,
542 2015 75 20 som
635 2006 149 39 angivits
803 2015 43 20 av
864 2005 200 39 kollegium,
1083 2005 65 30 och
1168 2005 97 30 torde
1284 2006 155 39 placeras
1458 2006 11 29 i
1489 2005 92 30 löne-

77 2058 83 37 grad
190 2058 43 29 Ce
262 2058 51 29 31.
343 2057 239 29 Innehavaren
613 2056 87 30 skall
730 2056 127 30 besitta
885 2056 480 40 civilingenjörskompetens.
1395 2055 187 30 Tillkoms-

77 2108 58 29 ten
163 2117 41 20 av
231 2108 65 28 den
323 2117 66 29 nya
417 2108 155 38 tjänsten
600 2107 198 29 föranleder
825 2116 41 20 en
895 2107 303 38 kostnadsökning
1226 2115 42 21 av
1295 2106 39 30 23
1350 2106 62 30 800
1440 2106 141 29 kronor.

78 2157 393 39 Departementschefen
495 2157 155 30 biträder
675 2159 85 28 även
787 2158 130 38 förslag
942 2166 56 21 om
1024 2157 243 40 uppflyttning
1291 2156 79 29 från
1397 2156 39 30 27
1464 2156 52 30 till
1541 2156 42 30 29

80 2208 207 37 lönegraden
319 2217 42 19 av
393 2208 106 29 förste
531 2207 441 39 byråsekreterartjänsten
1005 2207 43 39 på
1080 2207 189 30 elektriska
1301 2206 120 39 byrån.
1454 2206 129 30 Härför

78 2258 177 28 erfordras
279 2267 40 19 en
347 2258 289 37 anslagshöjning
662 2258 76 29 med
768 2258 93 29 1900
888 2258 138 28 kronor.
1053 2257 393 39 Departementschefen
1472 2257 113 29 föror-

79 2307 72 34 dar,
172 2309 49 27 att
243 2317 40 19 en
307 2308 106 29 förste
435 2307 368 38 kansliskrivartjänst
825 2307 43 39 på
891 2307 194 30 statistiska
1107 2307 120 38 byrån,
1249 2316 41 20 en
1314 2306 269 30 kansliskrivar-

81 2358 109 37 tjänst
214 2358 42 38 på
280 2357 261 38 industribyrån
565 2358 64 28 och
654 2367 39 20 en
719 2357 382 38 kanslibiträdestjänst
1128 2357 42 30 fr.
1195 2367 28 19 o.
1249 2367 43 20 m.
1318 2358 100 28 nästa
1441 2357 143 38 budget-

80 2408 39 28 år
158 2408 173 28 överföres
371 2407 42 40 på
452 2407 175 30 ordinarie
656 2409 78 27 stat.
764 2408 181 39 Därjämte
973 2408 61 28 bör
1064 2410 49 27 tre
1143 2408 303 29 kontorsbiträden
1476 2407 108 38 enligt

81 2458 197 37 grunderna
309 2458 54 28 för
391 2458 64 29 den
485 2459 176 37 reglerade
691 2458 354 39 befordringsgången
1077 2458 131 29 erhålla
1239 2458 173 31 ordinarie
1443 2458 143 29 anställ-
