1858 2786
402 155 287 32 Statsutskottets
715 154 178 31 utlåtande
916 163 44 21 nr
985 154 62 30 123
1069 152 39 31 år
1132 152 84 30 1956
1524 149 40 30 25

55 296 288 49 Propositionen
369 307 47 22 nr
443 293 73 35 103
551 291 197 48 angående
782 290 135 47 anslag
943 289 58 35 till
1026 286 403 48 kommerskollegium
1465 291 100 29 samt

370 368 146 28 statens
541 358 176 37 handels-
746 358 73 36 och
845 356 414 37 industrikommission

117 474 146 44 Förslag
284 472 183 45 angående
489 471 256 44 överflyttning
766 482 46 21 av
835 470 96 32 vissa
951 466 293 45 arbetsuppgifter
1265 465 81 34 från
1370 471 134 27 statens

245 539 161 35 handels-
429 539 69 34 och
518 538 385 35 industrikommission
925 536 54 33 till
1000 533 374 44 kommerskollegium

104 637 376 39 Kommerskollegium
505 636 64 29 har
591 645 41 20 av
657 635 96 30 ålder
777 634 97 30 inom
898 633 128 31 svensk
1048 630 304 39 statsförvaltning
1375 629 91 30 varit
1488 637 76 21 cen-

61 690 82 29 tralt
160 697 107 32 organ
286 688 54 30 för
357 686 263 40 handläggning
638 695 42 21 av
698 685 118 39 frågor
833 684 151 31 rörande
1003 682 227 40 näringslivet
1247 681 10 30 i
1276 680 194 30 allmänhet
1487 678 77 30 med

61 740 179 39 undantag
263 748 41 20 av
325 737 221 41 jordbruket.
568 737 49 30 På
639 735 191 40 kollegium
851 735 65 30 har
939 734 149 31 sålunda
1111 732 196 31 ankommit
1330 730 153 31 ärenden
1507 738 59 21 an-

62 790 130 40 gående
215 790 137 33 handel,
376 788 152 31 industri
551 787 65 31 och
638 786 290 40 bergshantering
952 786 92 29 samt
1065 783 172 31 hantverk
1261 782 66 30 och
1350 781 92 40 slöjd
1465 782 102 29 även-

64 851 84 25 som,
175 841 71 30 tills
270 840 72 29 helt
369 839 151 40 nyligen,
547 838 137 40 sjöfart.
712 838 13 29 I
752 838 71 28 stor
849 835 247 39 utsträckning
1122 835 64 29 har
1211 832 190 40 kollegium
1428 830 139 31 erhållit

61 891 208 40 befogenhet
288 893 51 28 att
358 891 128 38 avgöra
506 888 287 41 uppkommande
812 887 129 39 frågor.
961 886 54 30 En
1034 885 195 40 betydande
1249 884 55 31 del
1325 893 42 21 av
1386 882 181 40 kollegiets

62 942 224 30 verksamhet
310 941 65 29 har
399 940 193 31 emellertid
619 939 152 39 utgjorts
797 947 42 21 av
862 937 192 39 beredning
1078 945 42 21 av
1144 935 162 35 ärenden,
1332 943 76 21 som
1434 932 134 40 slutligt

63 993 192 39 handläggs
276 1001 42 22 av
339 992 111 29 andra
471 990 221 31 ämbetsverk
713 989 82 30 eller
816 998 43 21 av
879 987 127 40 Kungl.
1030 986 116 40 Maj:t.
1167 985 196 40 Kollegium
1384 984 65 30 har
1469 983 100 30 blivit

64 1053 42 21 en
133 1043 113 31 starkt
271 1042 134 31 anlitad
430 1040 265 31 remissinstans
721 1039 65 30 och
813 1039 122 30 därvid
961 1037 150 31 kommit
1137 1038 50 29 att
1214 1036 94 40 spela
1335 1044 43 20 en
1405 1034 164 30 framträ-

64 1095 114 29 dande
206 1094 64 29 roll
299 1093 117 30 såsom
444 1091 212 40 rådgivande
686 1090 66 30 och
783 1089 259 30 samordnande
1071 1096 107 31 organ
1209 1087 97 29 inom
1335 1084 234 31 statsförvalt-

64 1144 129 40 ningen
212 1145 62 29 när
293 1144 56 30 det
369 1143 85 40 gällt
471 1142 258 39 behandlingen
748 1150 42 21 av
809 1139 173 41 spörsmål
1001 1148 42 21 av
1062 1138 175 40 betydelse
1256 1137 54 30 för
1330 1135 238 40 näringslivet.

65 1195 196 40 Kollegium
285 1194 64 30 har
374 1195 89 29 även
488 1194 116 30 svarat
630 1192 55 30 för
709 1192 68 29 den
802 1190 169 31 officiella
997 1189 200 31 statistiken
1221 1187 224 31 beträffande
1471 1195 99 31 nyss-

65 1246 155 31 nämnda
237 1245 280 39 näringsgrenar.

110 1299 267 40 Omfattningen
408 1298 65 30 och
504 1298 67 29 den
603 1297 162 28 närmare
795 1293 292 31 beskaffenheten
1118 1300 41 21 av
1191 1290 41 30 de
1262 1283 307 50 arbetsuppgifter,

66 1360 75 21 som
162 1350 204 31 tillkommit
385 1346 382 40 kommerskollegium,
787 1345 64 29 har
871 1344 118 30 växlat
1009 1343 79 29 från
1109 1342 50 29 tid
1180 1341 52 30 till
1252 1349 129 21 annan.
1402 1338 76 30 Vad
1500 1339 71 29 sär-

67 1401 83 31 skilt
169 1400 107 41 angår
296 1399 295 39 förändringarna
610 1397 11 29 i
640 1397 95 30 detta
755 1395 200 30 hänseende
976 1393 111 30 under
1109 1401 121 21 senare
1250 1391 60 34 tid,
1334 1390 57 30 må
1412 1389 89 30 först
1520 1397 51 21 er-

66 1453 95 30 inras
183 1460 57 22 om
261 1452 50 31 att
330 1451 11 29 i
364 1449 172 31 samband
557 1448 78 29 med
657 1447 57 30 det
736 1446 111 30 andra
865 1443 253 40 världskrigets
1140 1442 133 30 utbrott
1294 1450 43 20 en
1359 1440 55 30 del
1435 1448 42 21 av
1499 1439 72 29 kol-

67 1503 119 39 legiets
210 1500 295 40 arbetsuppgifter
529 1498 212 30 inordnades
765 1497 11 28 i
799 1496 67 30 den
890 1495 45 30 då
960 1493 228 39 erforderliga
1211 1490 361 40 krisorganisationen

68 1554 54 29 för
141 1552 153 31 ärenden
312 1551 149 30 rörande
478 1548 237 40 näringslivet.
735 1548 13 30 I
766 1547 70 29 viss
854 1545 246 38 utsträckning
1117 1546 75 36 togs
1210 1542 180 39 kollegiets
1409 1539 163 41 personal

67 1605 10 28 i
97 1603 154 41 anspråk
270 1603 54 30 för
343 1599 347 39 krisförvaltningen.

112 1655 13 29 I
143 1654 98 39 fråga
257 1662 57 21 om
332 1653 110 29 större
460 1650 248 39 förändringar
724 1649 45 40 på
785 1645 361 40 kommerskollegiets
1164 1642 280 33 ämbetsområde
1461 1641 112 30 under

69 1714 121 20 senare
214 1704 49 31 tid
287 1703 139 30 märkes
449 1702 128 33 vidare,
601 1702 50 28 att
676 1699 190 39 kollegium
892 1698 165 29 tilldelats
1083 1697 40 29 de
1148 1695 153 30 centrala
1325 1692 249 39 förvaltnings-

68 1755 187 40 uppgifter,
278 1763 74 20 som
372 1762 99 21 avses
494 1752 10 29 i
528 1751 82 30 1946
632 1751 56 29 års
711 1751 55 38 lag
786 1758 58 20 om
864 1747 237 39 övervakning
1122 1756 42 20 av
1184 1744 389 38 konkurrensbegräns-

70 1806 83 39 ning
170 1806 96 29 inom
285 1803 238 39 näringslivet.
543 1802 66 30 För
627 1799 261 40 handläggning
907 1809 43 20 av
968 1799 102 29 dessa
1088 1796 177 40 uppgifter
1282 1813 44 3 —
1344 1794 95 31 vilka
1457 1792 116 31 består

69 1856 10 29 i
103 1856 73 30 dels
201 1854 220 40 fortlöpande
444 1852 224 40 registrering
689 1860 41 20 av
752 1849 291 31 förekommande
1064 1847 102 34 avtal,
1190 1855 74 21 som
1286 1845 147 29 innebär
1455 1853 42 20 en
1519 1843 52 30 be-

70 1906 191 39 gränsning
281 1914 41 20 av
344 1904 280 32 konkurrensen,
646 1902 66 29 och
733 1901 72 29 dels
829 1898 264 39 undersökning
1114 1898 10 29 i
1147 1896 172 30 särskilda
1341 1895 63 29 fall
1427 1904 42 20 av
1489 1894 81 29 kon-

71 1954 426 41 kurrensbegränsningar
515 1953 64 29 och
598 1953 78 29 dess
695 1950 210 39 verkningar
922 1967 44 3 —
983 1949 64 29 har
1066 1947 189 39 kollegium
1273 1946 142 29 försetts
1435 1944 78 30 med
1532 1953 42 20 en

72 2007 151 30 särskild
247 2005 95 40 byrå,
368 2001 497 42 monopolutredningsbyrån.
892 2001 13 29 I
931 1999 171 30 samband
1128 1998 79 29 med
1234 1997 82 29 1953
1343 1996 57 29 års
1426 1994 149 40 lagstift-

72 2057 83 39 ning
175 2066 57 20 om
254 2055 250 30 motverkande
525 2054 10 29 i
556 2054 93 29 vissa
670 2053 61 29 fall
755 2062 42 20 av
818 2047 459 41 konkurrensbegränsning
1298 2047 96 29 inom
1418 2045 158 39 närings-

73 2108 80 29 livet
170 2107 108 30 erhöll
296 2105 189 39 kollegium
502 2104 70 29 viss
590 2101 416 42 personalförstärkning,
1025 2100 124 29 främst
1169 2097 168 31 avseende
1355 2095 220 31 sistnämnda

72 2158 94 39 byrå.

118 2207 166 39 Slutligen
309 2207 61 29 bör
394 2204 217 33 framhållas,
635 2206 51 26 att
710 2201 361 38 kommerskollegiets
1093 2198 197 39 befattning
1313 2199 78 29 med
1416 2196 161 39 sjöfarts-

74 2257 334 39 angelägenheterna
431 2264 147 20 numera
601 2253 152 39 upphört
778 2252 9 28 i
810 2252 152 37 enlighet
984 2251 77 29 med
1085 2251 56 28 det
1161 2249 114 29 beslut
1298 2257 56 20 om
1377 2246 200 30 inrättande

74 2318 40 19 av
136 2309 48 28 ett
206 2306 241 39 sjöfartsverk,
471 2314 73 20 som
567 2304 9 28 i
599 2304 64 38 fjol
687 2303 151 29 fattades
862 2311 41 20 av
928 2300 284 30 statsmakterna.
1234 2298 129 29 Därvid
1386 2297 63 28 har
1472 2296 106 29 kolle-

74 2358 86 38 giets
179 2356 242 40 sjöfartsbyrå,
441 2352 441 41 fartygsinspektionsbyrå
901 2351 64 29 och
987 2348 276 41 sjöfartssociala
1282 2347 186 38 avdelning
1487 2347 91 28 samt

75 2410 47 27 ett
144 2408 94 29 antal
261 2407 49 28 till
333 2406 108 29 andra
464 2405 123 38 byråer
608 2403 154 29 hörande
783 2401 346 38 befattningshavare
1151 2399 170 29 överförts
1346 2398 48 29 till
1418 2397 161 38 sjöfarts-

76 2459 178 39 styrelsen.
