1858 2780
284 144 42 31 48
635 146 284 31 Statsutskottets
944 148 178 32 utlåtande
1146 159 43 20 nr
1214 151 61 29 123
1298 150 39 30 år
1361 151 84 30 1956

333 228 176 30 Utskottet
535 230 70 28 kan
633 230 75 29 icke
734 230 109 35 finna,
871 234 50 27 att
947 233 66 29 den
1041 234 218 29 omfattande
1286 235 299 40 prisregistrering
1611 237 66 29 och
1703 237 87 39 pris-

287 279 133 38 analys,
447 288 74 20 som
546 289 98 20 avses
669 281 9 28 i
704 281 403 39 departementschefens
1133 284 140 39 förslag,
1300 285 68 29 kan
1394 295 101 20 anses
1520 295 84 20 vara
1630 287 160 39 behövlig

288 328 55 29 för
369 331 49 27 att
443 329 244 31 åstadkomma
711 331 139 39 åsyftad
874 332 181 40 belysning
1081 343 42 19 av
1147 335 472 31 marknadsförhållandena.
1645 337 143 30 Erinras

288 379 67 35 må,
379 381 50 27 att
451 389 41 19 en
514 380 196 39 betydande
734 382 347 41 uppgiftsinsamling
1104 384 10 29 i
1140 385 98 39 fråga
1260 395 57 19 om
1341 386 110 39 priser
1474 387 108 29 redan
1606 396 48 21 nu
1677 387 112 30 bedri-

286 438 59 20 ves
366 439 41 20 av
425 430 92 29 olika
536 431 140 39 statliga
694 432 93 33 verk,
808 432 126 31 främst
952 433 370 41 kommerskollegium
1342 436 63 29 och
1426 437 195 30 statistiska
1642 439 146 28 central-

284 479 123 38 byrån.
425 480 117 29 Såsom
559 481 369 41 kommerskollegium
947 484 205 34 framhållit,
1170 482 111 32 skulle
1298 487 56 28 det
1371 487 74 29 föra
1463 487 142 30 alldeles
1623 488 54 30 för
1694 488 95 39 långt

284 531 53 28 att
360 529 140 30 bedriva
522 540 41 19 en
586 531 298 41 prisregistrering
907 534 46 34 så,
975 536 49 28 att
1047 535 66 29 den
1138 537 99 37 utgör
1259 537 168 39 underlag
1449 537 54 30 för
1525 538 198 40 prisanalys
1745 540 43 38 på

286 580 98 38 varje
411 581 150 30 område.
589 582 123 29 Denna
739 583 222 31 verksamhet
988 585 97 29 torde
1114 586 120 30 kunna
1261 587 188 39 begränsas
1480 587 51 31 till
1559 590 51 28 att
1639 589 148 30 omfatta

285 630 135 29 studier
448 640 41 20 av
517 632 319 40 prisutvecklingen
866 634 53 30 för
949 635 131 29 sådana
1110 636 270 30 förnödenheter
1409 638 64 29 och
1503 639 161 38 tjänster,
1694 640 93 29 vilka

284 680 77 31 icke
382 681 140 30 beröras
543 691 41 20 av
606 692 117 20 annan
745 683 220 41 fortlöpande
986 686 117 39 statlig
1128 687 154 29 statistik
1304 697 79 20 men
1405 688 87 30 dock
1515 690 39 29 är
1576 698 43 20 av
1641 690 146 29 allmänt

284 730 160 30 intresse.
472 732 51 28 En
550 733 237 40 kontinuerlig
814 734 229 39 prisstatistik
1072 737 97 30 torde
1198 737 74 30 icke
1300 738 107 29 heller
1435 748 83 20 vara
1544 739 161 40 behövlig
1733 741 54 29 för

284 781 430 41 konsumentupplysning
741 784 9 29 i
776 785 202 39 prisfrågor.
1005 786 74 29 Den
1107 787 329 39 prisregistrerande
1462 789 65 30 och
1554 790 233 40 prisanalyse-

284 831 109 29 rande
409 832 268 30 verksamheten
696 834 96 30 torde
811 835 119 30 därför
947 836 122 30 kunna
1085 839 159 28 avsevärt
1260 838 188 40 begränsas
1468 840 10 29 i
1496 840 221 30 förhållande
1735 842 51 29 till

284 881 127 40 Kungl.
436 882 123 39 Maj:ts
583 883 141 40 förslag.

329 931 66 31 Vid
420 932 258 40 behandlingen
705 944 42 20 av
773 935 66 30 den
867 936 198 40 föreslagna
1091 938 88 39 pris-
1205 938 64 30 och
1297 939 256 40 kartellbyråns
1582 941 204 41 arbetsupp-

282 982 107 39 gifter
410 983 144 29 betonar
580 985 233 39 utredningen
837 986 119 30 vikten
980 997 42 20 av
1046 989 50 27 att
1122 989 299 31 konsumenterna
1447 990 36 30 få
1507 991 110 30 sådan
1644 993 141 39 upplys-

284 1032 84 39 ning
392 1033 10 28 i
426 1033 202 40 prisfrågor,
653 1036 50 28 att
727 1036 56 29 det
806 1036 67 30 blir
897 1037 136 39 möjligt
1058 1038 56 29 för
1137 1039 79 29 dem
1239 1042 50 27 att
1313 1041 44 38 på
1381 1040 99 30 bästa
1506 1042 68 29 sätt
1598 1042 187 41 disponera

282 1082 56 29 sin
362 1083 175 40 köpkraft.
562 1085 65 29 Det
651 1086 38 29 är
712 1085 143 40 givetvis
879 1088 177 33 önskvärt,
1083 1090 51 28 att
1157 1089 255 31 allmänhetens
1438 1091 183 31 förståelse
1647 1093 55 30 för
1726 1093 59 30 ak-

283 1133 108 29 tuella
420 1134 156 39 problem
607 1135 95 30 inom
735 1137 227 39 näringslivet
991 1138 96 30 ökas.
1118 1140 206 39 Betydelsen
1355 1150 42 22 av
1427 1141 358 42 konsumentupplys-

279 1183 86 40 ning
389 1184 55 30 får
468 1184 88 30 dock
579 1185 78 30 icke
680 1186 210 31 överdrivas.
915 1187 65 31 Det
1004 1189 47 34 är,
1079 1189 116 31 såsom
1220 1190 371 42 kommerskollegium
1616 1193 169 31 framhål-

283 1233 48 34 lit,
352 1233 75 30 icke
447 1235 125 39 troligt,
594 1238 52 27 att
666 1236 66 30 den
751 1237 198 40 föreslagna
970 1239 473 42 konsumentupplysningen
1464 1244 188 30 nämnvärt
1671 1244 113 30 skulle

279 1283 146 40 bidraga
451 1285 51 29 till
526 1287 50 28 att
601 1286 56 29 för
681 1287 66 29 den
772 1288 158 30 enskilde
954 1289 259 31 konsumenten
1237 1292 163 39 klargöra
1424 1293 41 30 de
1491 1293 203 31 invecklade
1719 1295 65 30 och

279 1333 173 31 svårlösta
471 1335 167 39 problem,
660 1346 74 20 som
754 1338 140 30 anmäla
915 1339 51 39 sig
985 1339 44 40 på
1050 1340 243 39 prisområdet.
1316 1343 175 30 Utskottet
1511 1344 59 29 vill
1591 1345 117 30 erinra
1727 1354 56 21 om

278 1386 53 27 att
349 1384 438 43 konsumentupplysning,
806 1397 119 21 varom
942 1389 64 30 här
1026 1391 38 28 är
1081 1390 109 40 fråga,
1208 1392 108 30 redan
1333 1402 48 21 nu
1398 1392 159 32 bedrives
1574 1394 11 30 i
1602 1394 95 32 olika
1714 1396 70 30 for-

279 1443 76 21 mer
379 1436 111 29 under
515 1436 95 31 såväl
636 1438 117 39 statlig
779 1447 76 21 som
880 1440 136 30 enskild
1042 1441 224 31 medverkan.
1292 1443 126 30 Härtill
1444 1444 169 38 kommer,
1640 1446 51 29 att
1715 1446 67 30 den

280 1486 168 29 moderna
470 1487 180 29 reklamen
673 1488 10 28 i
706 1488 61 30 allt
790 1490 110 29 större
923 1490 213 41 omfattning
1159 1492 146 30 inriktat
1328 1493 52 40 sig
1404 1494 44 39 på
1471 1496 50 30 att
1544 1495 173 32 förmedla
1740 1507 43 20 en

279 1535 171 39 ingående
479 1546 100 20 varu-
609 1538 64 29 och
705 1539 288 41 prisupplysning
1023 1541 51 30 till
1105 1542 309 32 konsumenterna.
1445 1545 118 40 Enligt
1592 1547 189 31 utskottets

279 1585 142 41 mening
442 1587 96 29 torde
560 1588 108 39 syftet
690 1589 77 30 med
789 1589 266 40 ifrågavarande
1076 1593 224 31 verksamhet
1321 1595 122 29 kunna
1466 1596 138 40 uppnås
1627 1598 78 30 med
1729 1599 54 28 ut-

278 1636 187 39 nyttjande
491 1646 41 20 av
557 1647 43 21 en
624 1638 169 41 betydligt
817 1640 136 30 mindre
977 1643 286 39 personalstyrka
1289 1645 44 29 än
1359 1645 77 34 den,
1462 1655 76 21 som
1564 1656 99 22 avses
1688 1648 11 29 i
1724 1648 58 30 det

278 1685 237 41 föreliggande
535 1688 177 40 förslaget.
734 1690 176 31 Utskottet
928 1691 59 30 vill
1013 1692 5 29 i
1042 1692 96 31 detta
1158 1695 256 40 sammanhang
1434 1696 117 31 erinra
1573 1706 57 21 om
1652 1700 50 28 att
1725 1699 57 30 de-

277 1738 343 38 partementschefen
644 1740 94 29 ännu
762 1740 76 31 icke
860 1743 114 28 ansett
998 1742 50 39 sig
1070 1743 123 30 kunna
1216 1746 160 29 närmare
1399 1747 184 39 precisera,
1607 1749 66 30 vad
1698 1749 83 30 ifrå-

276 1788 198 38 gavarande
496 1789 429 42 konsumentupplysning
945 1792 62 30 bör
1030 1802 90 21 avse.
1144 1795 13 29 I
1179 1796 171 29 avvaktan
1375 1797 44 40 på
1441 1798 163 30 närmare
1628 1799 153 30 erfaren-

277 1837 59 30 het
363 1838 65 29 och
454 1838 107 30 innan
589 1840 178 31 formerna
795 1841 54 30 för
878 1842 114 30 denna
1018 1844 224 30 verksamhet
1268 1846 98 30 blivit
1393 1848 201 39 ytterligare
1622 1850 157 35 utredda,

277 1896 104 30 synes
408 1889 113 39 någon
549 1890 428 42 konsumentupplysning
1004 1894 11 29 i
1043 1895 110 29 större
1182 1896 213 40 omfattning
1422 1898 76 29 icke
1525 1899 85 30 böra
1637 1900 143 31 komma

275 1937 11 29 1
304 1937 111 40 fråga.

317 1988 74 31 Vad
407 1990 167 29 beträffar
592 1991 345 37 fältorganisationen
954 1994 55 29 för
1025 1994 303 40 prisinsamlingen
1346 1999 36 28 är
1401 1999 378 36 departementschefen

275 2038 75 30 icke
371 2048 46 20 nu
436 2039 125 31 beredd
580 2043 49 27 att
649 2043 76 36 taga
746 2043 162 37 ställning
927 2044 50 29 till
1001 2044 132 37 frågan,
1153 2046 64 29 hur
1239 2047 334 38 insamlingsarbetet
1594 2051 185 38 lämpligen

275 2088 63 30 bör
372 2090 218 39 organiseras
625 2091 44 39 på
701 2092 118 39 längre
853 2093 78 30 sikt.
966 2095 177 30 Utskottet
1175 2096 116 30 finner
1323 2098 10 28 i
1367 2099 109 29 likhet
1509 2102 78 29 med
1621 2098 158 48 departe-

276 2140 250 34 mentschefen,
559 2143 50 28 att
640 2142 93 30 detta
765 2144 171 38 spörsmål
965 2145 62 29 bör
1058 2147 199 39 ytterligare
1289 2149 150 30 utredas.
1473 2150 117 40 Enligt
1621 2152 157 40 departe-

276 2189 240 31 mentschefen
537 2192 62 29 bör
623 2192 56 29 det
701 2193 69 29 tills
791 2194 118 29 vidare
931 2195 190 31 ankomma
1142 2197 43 39 på
1207 2198 246 39 priskontoren
1475 2203 50 27 att
1546 2201 143 31 handha
1711 2204 66 29 den

275 2239 227 41 erforderliga
536 2242 393 41 uppgiftsinsamlingen
961 2245 54 30 för
1046 2247 87 38 pris-
1164 2248 64 28 och
1260 2249 324 32 kartellnämndens
1616 2253 160 40 räkning.

274 2290 64 29 Det
359 2290 63 29 har
444 2291 10 29 i
475 2292 89 30 vissa
587 2293 314 39 remissyttranden
924 2295 212 40 ifrågasatts,
1158 2307 57 19 om
1240 2299 73 29 icke
1335 2300 233 40 insamlingen
1591 2312 42 20 av
1655 2305 122 28 nämn-

274 2340 43 29 da
344 2341 177 39 uppgifter
548 2343 118 30 kunde
693 2344 60 30 ske
780 2345 72 29 dels
879 2353 123 31 genom
1029 2348 352 40 utredningsorganet
1408 2351 105 38 självt
1540 2352 81 30 från
1650 2354 127 30 företa-

274 2398 108 31 garna
410 2392 63 29 och
499 2392 71 30 dels
598 2401 124 30 genom
749 2395 195 30 statistiska
968 2398 255 38 centralbyrån.
1250 2399 64 31 Vid
1341 2401 66 28 den
1434 2410 41 21 av
1501 2403 275 39 departements-

271 2441 127 29 chefen
420 2442 197 39 föreslagna
640 2445 231 38 utredningen
897 2455 100 30 synes
1021 2447 55 29 det
1101 2449 170 30 utskottet
1293 2450 83 29 böra
1400 2453 197 39 övervägas,
1622 2464 56 20 om
1700 2455 76 30 icke
