1856 2786
439 144 285 31 Statsutskottets
750 140 177 31 utlåtande
950 150 43 20 nr
1019 140 61 29 123
1103 138 39 30 år
1167 138 84 28 1956
1558 133 40 30 39

95 232 230 41 självständig
349 229 175 39 ställning.
548 226 244 32 Förenämnda
814 224 171 30 motioner
1008 224 28 29 I:
1053 223 61 29 531
1139 221 65 30 och
1226 221 45 30 II:
1288 219 61 30 687
1374 218 89 30 samt
1488 217 29 30 I:
1533 217 61 29 551

94 284 66 30 och
184 284 44 29 II:
246 283 72 33 715,
343 282 11 29 i
378 290 46 20 nu
448 280 124 30 berörd
595 278 66 34 del,
687 276 183 40 avstyrkas
894 274 112 30 alltså.

140 334 176 30 Utskottet
335 333 64 29 har
419 331 74 29 icke
516 330 104 38 något
639 330 51 28 att
709 327 115 30 erinra
845 327 72 28 mot
936 326 50 29 att
1005 324 57 29 det
1083 331 67 31 nya
1170 322 145 39 organet
1334 319 116 30 träder
1470 319 9 29 i
1499 317 100 30 verk-

96 385 137 30 samhet
259 385 66 29 den
352 384 14 28 1
391 381 141 41 januari
560 380 81 29 1957
667 378 65 30 och
755 379 50 28 att
829 377 194 29 detsamma
1047 374 191 29 benämnes
1265 372 133 29 statens
1422 368 87 41 pris-
1533 367 65 30 och

97 434 272 32 kartellnämnd.
414 431 130 31 Härvid
590 430 215 31 förutsättes,
839 428 50 29 att
922 423 362 39 kommerskollegiets
1316 418 284 41 monopolutred-

97 485 189 40 ningsbyrå
304 485 64 29 och
387 483 184 38 avdelning
590 481 54 29 för
662 479 121 39 analys
801 487 41 20 av
860 477 87 40 pris-
964 476 65 30 och
1048 471 439 33 marknadsförhållanden
1508 471 92 28 samt

97 539 133 28 statens
256 532 364 44 priskontrollnämnd
645 529 193 31 avvecklas.
863 527 67 30 Till
956 526 124 39 frågan
1107 534 58 20 om
1190 523 306 30 konsekvenserna
1521 521 80 29 här-

98 597 42 21 av
167 588 54 29 för
247 583 361 39 kommerskollegiets
636 578 272 32 vidkommande
935 577 159 30 kommer
1122 575 170 30 utskottet
1321 574 51 28 att
1399 574 78 37 taga
1505 569 96 31 ställ-

99 639 84 39 ning
203 638 10 28 i
235 638 57 29 det
314 635 166 40 följande.

142 689 74 29 Vad
234 687 154 30 härefter
405 684 171 31 beträffar
593 683 134 29 statens
746 680 87 40 pris-
852 678 63 31 och
935 675 279 32 kartellnämnds
1234 672 236 41 organisation
1490 681 45 20 m.
1555 682 45 20 m.

99 740 64 29 har
184 734 464 45 priskontrollutredningen
670 732 78 30 med
772 731 137 38 hänsyn
930 729 53 29 till
1004 728 41 29 de
1068 728 96 32 krav,
1187 735 74 20 som
1283 725 111 30 måste
1416 722 120 31 ställas
1559 722 44 40 på

100 791 57 30 det
182 799 67 30 nya
273 789 154 38 organet,
453 787 114 29 ansett
592 782 224 39 nödvändigt,
842 782 50 28 att
916 780 196 29 detsamma
1137 777 92 31 ledes
1254 775 65 30 och
1344 774 189 31 övervakas
1561 782 42 20 av

99 851 44 21 en
162 840 153 38 allsidigt
334 837 232 31 sammansatt
587 834 154 40 styrelse.
762 831 116 39 Enligt
898 829 251 38 utredningens
1172 827 130 38 förslag
1323 825 89 31 skall
1433 824 170 40 styrelsen

99 892 98 30 bestå
215 900 43 21 av
279 891 38 29 13
339 887 200 31 ledamöter.
559 886 51 30 Av
630 885 100 29 dessa
751 882 98 30 skola
869 881 70 29 fem
958 879 241 40 representera
1219 877 298 29 konsumenterna
1539 874 64 29 och

100 943 72 29 fem
192 940 238 39 näringslivet.
450 938 49 29 De
520 935 118 40 övriga
660 937 50 28 tre
731 933 238 30 ledamöterna
991 930 99 29 skola
1112 928 176 30 företräda
1311 925 205 32 ekonomisk
1539 924 65 30 och

99 992 154 40 juridisk
277 989 229 39 sakkunskap
529 987 65 30 och
617 986 75 29 icke
715 993 84 21 vara
820 983 138 29 knutna
980 980 52 31 till
1056 979 106 39 något
1184 977 256 41 partsintresse.
1464 975 141 31 Utskot-

102 1046 48 28 tet
170 1043 116 29 finner
306 1042 11 29 i
338 1040 109 31 likhet
468 1038 79 30 med
568 1033 395 44 departementschefen,
985 1033 51 28 att
1057 1031 41 29 de
1119 1030 127 39 parter,
1269 1037 76 21 som
1366 1029 60 28 äro
1447 1026 158 30 närmast

103 1093 231 30 intresserade
361 1101 41 20 av
428 1089 196 31 nämndens
649 1085 233 33 verksamhet,
910 1082 176 39 nämligen
1112 1080 252 30 konsumenter
1390 1077 64 30 och
1480 1078 128 29 företa-

103 1152 90 32 gare,
219 1143 106 30 också
350 1142 84 30 böra
461 1148 123 32 genom
610 1137 281 40 representanter
915 1133 11 30 i
953 1132 169 40 styrelsen
1148 1130 36 30 få
1211 1131 104 29 utöva
1340 1128 196 40 inflytande
1563 1126 44 41 på

103 1194 287 30 verksamhetens
413 1189 219 39 utformning
656 1189 65 29 och
744 1184 205 40 inriktning.
973 1183 178 30 Utskottet
1173 1181 60 30 vill
1257 1180 120 30 därför
1400 1179 141 29 förorda
1565 1186 42 21 en

104 1247 144 38 styrelse
273 1254 41 21 av
338 1244 9 30 i
371 1241 186 31 huvudsak
581 1249 48 20 nu
653 1238 149 40 angivna
827 1239 71 37 typ.
921 1235 66 30 Det
1012 1242 102 31 synes
1139 1232 36 29 få
1199 1232 191 31 ankomma
1413 1229 44 42 på
1480 1228 126 39 Kungl.

106 1297 103 38 Maj:t
237 1297 49 28 att
315 1293 157 31 meddela
500 1293 162 29 närmare
689 1286 261 33 bestämmelser
977 1294 57 21 om
1063 1283 188 40 styrelsens
1279 1280 328 38 sammansättning.

149 1347 176 29 Utskottet
346 1345 63 29 har
429 1343 76 30 icke
527 1341 105 39 något
653 1342 50 28 att
724 1339 115 30 erinra
861 1339 73 28 mot
953 1337 51 28 att
1026 1334 186 39 ledningen
1234 1342 42 20 av
1297 1332 56 30 det
1376 1340 67 30 nya
1464 1329 144 40 organet

105 1397 89 30 skall
217 1397 191 29 ankomma
429 1393 44 41 på
494 1402 41 21 en
557 1391 90 34 chef,
670 1399 75 21 som
767 1388 113 30 tillika
901 1387 63 30 bör
983 1395 84 20 vara
1090 1385 151 29 ledamot
1264 1391 42 21 av
1329 1382 178 39 styrelsen.
1531 1379 78 30 Med

108 1448 135 38 hänsyn
272 1447 52 29 till
351 1445 58 30 det
436 1452 68 31 nya
532 1440 273 32 ämbetsverkets
834 1436 212 40 omfattning
1075 1435 64 30 och
1167 1431 360 41 arbetsuppgifternas
1556 1431 53 28 art

107 1507 102 30 synes
234 1496 124 30 chefen
382 1495 84 30 böra
492 1492 132 31 erhålla
648 1489 256 32 överdirektörs
930 1484 300 43 tjänsteställning
1255 1483 65 30 och
1345 1482 155 41 placeras
1526 1480 11 29 i
1563 1480 49 30 lö-

108 1549 129 38 negrad
256 1548 47 39 Cp
326 1547 48 29 17.

153 1599 74 29 Vad
244 1597 171 31 beträffar
434 1593 282 41 organisationen
735 1591 10 29 i
764 1590 111 39 övrigt
894 1588 145 31 innebär
1058 1586 250 38 utredningens
1328 1583 140 39 förslag,
1488 1582 50 30 att
1556 1581 56 30 för

108 1649 269 30 verksamheten
400 1646 96 29 inom
518 1645 57 29 det
598 1653 69 30 nya
688 1643 143 38 organet
854 1640 99 30 skola
975 1638 119 30 finnas
1118 1636 173 30 anställda
1315 1633 232 38 sammanlagt
1571 1631 41 30 93

108 1699 356 38 befattningshavare,
487 1694 177 31 fördelade
685 1693 43 41 på
749 1702 42 20 en
812 1686 365 45 planläggningsbyrå,
1200 1688 50 28 tre
1271 1682 341 40 utredningsbyråer,

107 1759 44 21 en
172 1749 172 31 statistisk
363 1747 86 40 byrå
468 1746 64 30 och
552 1747 49 28 ett
621 1743 126 31 kansli.
766 1743 102 29 Vissa
886 1737 371 40 remissmyndigheter
1277 1736 46 29 ha
1343 1733 119 32 funnit
1481 1732 132 31 antalet

109 1799 347 39 befattningshavare
479 1795 143 40 onödigt
647 1795 96 29 stort.
767 1793 66 30 För
857 1794 52 28 att
930 1789 269 31 verksamheten
1224 1787 90 30 skall
1337 1785 45 31 nå
1405 1783 135 32 önskad
1566 1783 49 30 ef-

111 1851 75 30 fekt
210 1852 38 28 är
273 1851 58 29 det
355 1848 107 39 enligt
487 1847 189 29 utskottets
702 1843 140 40 mening
867 1841 190 40 angeläget,
1084 1841 50 28 att
1160 1837 177 31 nämnden
1364 1835 54 30 får
1443 1833 173 31 erforder-

112 1902 68 39 liga
210 1898 401 32 arbetskraftsresurser.
642 1895 77 29 Med
749 1894 136 38 hänsyn
915 1890 193 31 emellertid
1139 1888 53 31 till
1222 1888 66 29 den
1318 1884 297 32 återhållsamhet,

112 1961 75 20 som
208 1951 62 29 bör
291 1950 175 37 iakttagas
487 1947 58 30 vid
568 1945 198 31 inrättande
789 1953 42 21 av
853 1952 67 30 nya
943 1941 229 40 permanenta
1196 1937 138 39 statliga
1358 1943 116 32 organ,
1499 1935 117 29 finner

113 2002 169 29 utskottet
304 2001 9 28 i
335 2000 108 28 likhet
465 1997 77 30 med
563 1992 384 44 departementschefen
968 2000 43 21 en
1031 1990 71 31 viss
1122 1987 235 40 begränsning
1377 1995 42 21 av
1440 1984 176 40 organisa-

114 2052 117 29 tionen
256 2049 202 31 motiverad.
482 2048 64 30 Vid
570 2046 150 39 angivna
743 2043 219 32 förhållande
984 2042 61 30 vill
1068 2040 170 30 utskottet
1262 2037 175 39 tillstyrka
1460 2036 157 39 departe-

115 2102 258 29 mentschefens
398 2098 140 40 förslag,
566 2106 74 20 som
666 2096 144 31 innebär
835 2103 41 21 en
903 2091 238 38 nedskärning
1167 2100 40 20 av
1234 2088 129 31 antalet
1388 2085 231 39 befattnings-

115 2153 126 29 havare
265 2152 50 29 till
339 2151 49 32 78,
412 2148 281 30 överdirektören
716 2145 168 30 oräknad.

162 2203 71 28 Vad
254 2199 387 40 organisationsplanen
661 2196 170 30 beträffar
850 2195 63 28 har
933 2194 171 29 utskottet
1125 2191 73 29 icke
1220 2190 103 37 något
1343 2190 51 27 att
1413 2187 114 29 erinra
1549 2186 70 28 mot

118 2254 50 27 att
194 2253 56 27 det
278 2260 65 29 nya
372 2251 142 36 organet
542 2248 167 39 uppdelas
737 2246 41 38 på
806 2246 75 37 fyra
907 2244 133 38 byråer,
1068 2241 175 36 nämligen
1273 2239 119 33 första,
1420 2237 108 29 andra
1555 2235 65 28 och

121 2302 109 38 tredje
262 2298 317 39 utredningsbyrån
612 2299 91 26 samt
734 2294 195 30 statistiska
960 2292 110 39 byrån
1106 2291 126 28 liksom
1263 2289 30 38 ej
1328 2288 107 28 heller
1468 2287 71 28 mot
1571 2286 50 27 alt

121 2350 316 39 kansligöromålen
468 2349 174 36 förläggas
671 2346 48 29 till
750 2345 108 37 tredje
887 2340 329 39 utredningsbyrån.

161 2402 66 29 Mot
257 2397 402 42 departementschefens
687 2396 128 37 förslag
841 2403 57 19 om
924 2392 93 30 olika
1045 2391 148 38 tjänster
1218 2389 57 29 vid
1302 2388 56 29 det
1386 2396 65 29 nya
1478 2386 144 38 organet

120 2454 63 28 har
203 2452 167 29 utskottet
391 2450 55 29 vid
467 2449 51 28 sin
541 2446 215 39 granskning
774 2445 75 29 icke
869 2442 116 30 funnit
1007 2441 104 37 något
1129 2449 82 20 vara
1232 2441 49 27 alt
1301 2437 161 30 invända.
1483 2436 141 30 Utskot-

121 2504 46 28 tet
192 2502 189 38 tillstyrker
405 2499 100 30 alltså
529 2499 65 29 den
619 2497 195 37 föreslagna
839 2490 440 44 personalförteckningen.
