2204 2626
436 183 22 30 4
785 182 374 40 Bevillningsutskottets
1185 181 216 33 Betänkande
1427 181 66 33 N:o
1522 184 53 29 26.

1340 262 217 49 Transport
1577 262 145 36 kronor
1747 261 231 49 39,000;000

384 314 121 37 under
538 327 141 24 samma
706 317 51 44 år,
787 327 46 23 en
862 326 146 25 summa
1035 313 42 38 af
1100 313 117 49 högst
1245 314 163 47 200,000
1437 314 142 36 kronor
1606 316 134 34 måtte

386 366 38 36 få
465 365 193 38 användas
698 365 58 37 till
796 365 242 37 bestridande
1079 365 41 37 af
1153 342 238 60 återstående
1427 365 209 37 kostnader
1661 365 61 37 för

386 417 244 37 anskaffande
667 417 42 37 af
740 422 94 32 tomt
860 417 58 37 till
946 422 86 44 nytt
1058 417 159 49 posthus
1246 416 11 36 i
1285 414 242 40 Stockholm!
1556 410 12 61 |
1574 415 64 38 Då:
1657 416 65 37 vid

386 469 105 37 bifall
518 469 57 37 till
602 469 124 37 denna
755 469 280 48 framställning
1063 473 53 32 ett
1145 468 137 49 belopp
1311 469 42 37 af
1377 470 165 46 200,000
1580 469 143 37 kronor

387 521 110 36 alltså
525 521 121 37 skulle
675 521 150 37 komma
852 526 56 31 att
936 521 43 37 af
1003 521 242 49 postverkets
1274 520 57 37 till
1359 522 204 47 9,225,000
1581 520 142 37 kronor

386 572 213 38 beräknade
635 572 211 38 inkomster
883 573 60 36 för
980 575 39 33 år
1055 574 92 35 1898
1172 573 68 36 för
1267 572 256 50 nyssberörda
1550 572 173 37 ändamål

386 630 110 43 tagas
536 625 13 36 i
590 625 173 49 anspråk,
804 624 119 38 borde
961 624 65 37 det
1051 624 59 37 för
1138 624 341 49 statsregleringen
1508 624 215 49 disponibla

386 676 181 50 beloppet
603 676 41 37 af
676 676 163 37 nämnda
874 676 211 37 inkomster
1120 676 195 37 nedsättas
1343 676 87 37 med
1459 676 264 37 motsvarande

388 728 139 50 belopp
556 728 56 37 till
641 729 202 48 9,025,000
871 728 156 46 kronor;
1058 728 70 36 och
1155 724 211 41 hemstälde
1394 727 237 38 fördenskull
1659 728 64 37 de-

388 757 383 72 partementschefen,
808 785 55 32 att
898 758 279 59 inkomsttiteln
1205 779 211 50 postmedel
1444 782 116 47 måtte
1588 780 12 36 i
1628 780 95 37 riks-

389 837 124 32 staten
541 832 60 37 för
628 835 40 34 år
698 834 96 35 1898
823 837 191 45 upptagas
1042 831 86 38 med
1156 831 234 37 sistnämnda
1417 831 152 51 belopp.

491 884 88 37 Med
619 884 206 49 anledning
866 884 113 36 häraf
1015 883 67 37 har
1113 883 141 49 Kongl.
1285 883 104 50 Maj:t
1417 883 12 36 i
1459 845 184 88 förslaget
1669 883 56 37 till

390 936 292 49 statsreglering
723 936 175 50 upptagit
931 935 242 50 postverkets
1202 935 209 37 inkomster
1439 935 56 37 till
1525 937 203 46 9,025,000

389 989 153 36 kronor.

492 1040 18 36 I
529 1039 114 38 ofvan
662 1038 186 38 omtalade
868 1038 142 37 motion
1029 1039 68 36 har
1114 1039 90 36 herr
1218 1038 159 38 friherre
1394 1039 333 47 Klinckowström,

390 1092 119 37 under
536 1091 229 49 hänvisning
792 1090 56 37 till
877 1095 55 32 ett
960 1091 41 36 af
1021 1090 168 37 honom
1172 1086 26 58 i
1211 1103 122 26 annan
1353 1092 144 36 motion
1516 1091 213 37 framstäldt

388 1144 182 49 yrkande,
599 1148 54 32 att
681 1143 222 49 Riksdagen
931 1145 115 34 måtte
1075 1142 97 36 afslå
1189 1139 141 51 Kongl.
1352 1142 127 59 Maj:ts
1499 1142 147 50 förslag
1666 1156 59 23 om

390 1196 116 50 inköp
549 1196 40 36 af
626 1208 47 24 en
707 1200 95 32 tomt
833 1194 110 37 till
927 1189 47 61 ny
997 1194 379 49 posthusbyggnad
1365 1189 24 61 i
1408 1193 222 42 Stockholm
1659 1195 70 36 och

392 1261 59 23 om
494 1247 133 48 anslag
667 1246 58 37 till
763 1259 142 24 samma
917 1208 225 86 byggnads
1176 1246 251 49 uppförande,
1455 1245 191 48 hemstält,
1664 1251 66 43 att

390 1299 238 49 postmedlen
656 1302 116 33 måtte
799 1299 13 36 i
840 1297 171 50 enlighet
1038 1298 85 36 med
1143 1297 292 38 statskontorets
1465 1298 145 49 förslag
1636 1291 93 57 upp-
1772 1307 17 5 '

391 1358 110 42 tagas
529 1351 58 36 till
616 1352 203 46 9,225,000
846 1350 153 36 kronor.

495 1403 57 36 Då
591 1416 156 23 numera
788 1402 138 49 Kongl.
964 1401 125 50 Maj:ts
1127 1401 157 49 förslag,
1313 1406 54 32 att
1392 1402 64 36 för
1483 1400 245 39 anskaffande

392 1455 41 37 af
471 1460 97 32 tomt
608 1454 56 37 till
704 1459 86 44 nytt
830 1454 162 50 posthus
1019 1454 13 36 1
1061 1453 220 37 Stockholm
1323 1456 59 34 må
1414 1454 42 36 af
1486 1454 241 48 postverkets

392 1506 359 38 öfverskottemedel
788 1506 58 37 för
880 1509 40 33 år
951 1507 97 35 1898
1078 1506 192 36 användas
1300 1510 53 32 ett
1380 1505 142 49 belopp
1552 1506 41 36 af
1616 1506 115 48 högst

393 1561 165 45 200,000
586 1559 153 47 kronor,
767 1557 124 38 blifvit
919 1557 42 37 af
985 1557 221 48 Riksdagen
1233 1557 157 47 bifallet,
1420 1557 58 36 får
1506 1557 187 37 utskottet
1718 1558 12 36 i

394 1610 397 38 öfverensstämmelse
819 1609 86 37 med
934 1609 140 49 Kongl.
1104 1609 126 48 Maj:ts
1259 1609 146 50 förslag
1433 1609 216 47 hemställa,

892 1712 36 49 a)
958 1717 54 32 att
1039 1712 239 51 postmedlen
1306 1715 59 35 må
1394 1712 58 37 för
1481 1715 40 34 år
1552 1714 96 34 1898
1669 1712 61 37 be-
1859 1759 4 4 .

791 1765 137 37 räknas
952 1764 592 38 tillusssssssssssssessrrsssrrsrrsesrrrrinag
1582 1764 151 37 kronor
1749 1760 18 57 .
1783 1765 202 48 9,025,000

893 1816 39 49 b)
975 1821 55 32 att
1070 1816 87 36 herr
1198 1815 158 38 friherre
1389 1795 346 58 Klinckowströms

792 1868 278 39 ofvanberörda
1096 1868 158 48 motion,
1283 1867 123 38 såvidt
1435 1867 73 37 den
1532 1867 118 49 angår
1667 1868 63 37 be-

791 1920 212 49 räkningen
1048 1920 41 37 af
1129 1918 251 52 postmedlen,
1432 1923 114 34 måtte
1591 1924 139 44 genom

793 1972 124 38 denna
936 1973 206 36 utskottets
1161 1971 224 38 hemställan
1406 1985 112 23 anses
1534 1971 194 40 besvarad.

1355 2041 210 48 Transport
1592 2041 138 36 kronor
1757 2017 230 73 48,025,000
