2204 2610
679 153 277 31 Bankoutskottets
982 151 162 32 utlåtande
1168 152 50 30 Nr
1241 152 53 30 20.
1748 149 37 30 21

369 233 89 31 Även
482 243 52 20 om
558 232 55 31 det
636 232 104 31 måste
764 240 95 22 anses
881 230 87 32 hava
992 229 110 40 ålegat
1125 228 99 32 Gödel
1248 228 10 31 i
1282 227 165 41 egenskap
1471 238 40 20 av
1535 226 209 32 bibliotekets
1760 225 76 32 chef

234 278 52 30 att
308 275 72 32 leda
397 275 60 32 och
474 275 167 32 övervaka
656 273 250 42 ifrågavarande
924 272 169 41 ändrings-
1110 272 59 32 och
1186 270 324 41 inredningsarbeten
1525 272 88 30 samt
1628 270 205 31 Mårtensson

233 320 111 31 såsom
376 319 306 32 övervaktmästare
705 318 11 32 i
739 317 250 41 riksdagshuset
1023 315 87 33 varit
1143 315 132 41 skyldig
1309 316 50 30 att
1393 316 101 30 utöva
1528 313 68 32 viss
1619 313 113 41 tillsyn
1756 317 78 27 över

235 362 172 32 arbetenas
442 362 182 38 utförande,
660 372 97 31 synes
792 361 55 32 det
880 360 84 32 dock
999 358 216 41 fullmäktige,
1251 359 50 32 att
1335 359 55 31 det
1424 357 28 40 ej
1482 358 20 31 å
1525 357 161 41 tjänstens
1709 360 126 36 vägnar

234 405 111 41 ålegat
378 405 95 33 dessa
508 404 325 41 befattningshavare
867 405 51 30 att
950 403 110 32 utföra
1084 402 134 32 särskilt
1241 402 40 31 de
1304 400 248 42 detaljarbeten,
1577 411 69 21 som
1670 410 84 21 ovan
1777 403 57 28 äro

234 449 152 41 angivna,
410 449 62 32 och
495 449 52 32 för
569 448 92 32 vilka
683 448 10 31 i
716 447 152 32 liknande
891 446 58 32 fall
972 445 186 40 sakkunnig
1180 455 117 32 person
1320 445 116 40 plägar
1459 443 129 32 anlitas.
1635 442 63 32 Vid
1718 442 118 32 sådant

234 493 204 32 förhållande
470 492 61 32 och
562 492 41 31 då
626 491 100 32 Gödel
749 491 51 31 för
823 490 128 32 arbetet
973 489 11 31 i
1007 489 164 40 väsentlig
1193 487 230 41 utsträckning
1446 489 124 30 använt
1592 486 92 33 såväl
1708 485 127 32 övertid

234 547 70 21 som
340 546 39 21 en
413 535 52 32 del
500 546 42 21 av
576 534 50 32 sin
660 535 167 36 semester,
857 534 87 31 samt
966 533 217 37 Mårtensson,
1206 532 52 31 för
1281 531 111 31 vilken
1414 531 109 39 någon
1545 530 149 31 bestämd
1715 529 120 40 tjänst-

234 579 183 41 göringstid
449 578 29 40 ej
515 583 37 27 är
585 577 176 38 fastställd,
797 576 102 40 enligt
933 586 83 31 egen
1044 574 128 42 uppgift
1199 575 5 30 i
1228 574 172 31 huvudsak
1423 573 105 32 utfört
1551 573 60 31 sitt
1633 572 112 32 arbete
1767 571 69 32 dels

234 624 72 32 före
328 623 44 31 kl.
408 622 7 31 7
441 621 42 42 på
513 631 186 31 morgonen,
724 620 69 31 dels
816 620 62 32 ock
902 619 85 32 efter
1009 619 45 31 kl.
1074 629 60 21 sex
1157 619 41 40 på
1222 618 141 37 aftonen,
1387 616 88 32 hava
1497 615 207 40 fullmäktige
1728 616 108 30 ansett

236 665 124 42 skäligt
385 667 50 30 att
458 665 113 32 härför
594 663 125 33 tilldela
742 663 92 33 såväl
858 662 101 33 Gödel
984 673 68 21 som
1077 662 207 31 Mårtensson
1307 659 141 33 särskild
1471 659 231 41 gottgörelse.»

365 753 207 46 Utskottet,
602 765 81 23 som
712 756 40 31 är
780 764 46 23 av
855 751 70 35 den
956 750 169 47 mening,
1155 753 54 31 att
1237 747 304 49 gratifikationer
1570 760 45 22 av
1643 746 68 35 här
1739 746 96 35 före-

235 805 166 37 varande
429 804 85 48 slag
541 804 84 36 icke
653 803 93 36 böra
773 802 290 48 ifrågakomma,
1093 801 67 35 har
1188 805 123 31 ansett
1340 800 60 47 sig
1427 799 92 36 böra
1547 798 72 36 vad
1647 798 12 35 i
1684 797 152 36 ärendet

236 856 243 37 förekommit
506 855 59 36 för
593 855 204 48 riksdagen

767 938 232 37 omförmäla.

1026 1061 71 34 9:0.

367 1167 132 47 Enligt
531 1165 178 49 gällande
737 1164 260 48 reglementen
1027 1163 57 36 för
1110 1162 231 36 riksbanken
1373 1161 70 36 och
1471 1159 367 49 riksgäldskontoret

237 1224 74 44 äga
346 1218 240 47 fullmäktige
614 1217 12 35 i
655 1217 109 36 dessa
801 1215 96 37 båda
925 1215 94 36 verk
1048 1220 53 30 att
1129 1218 239 44 gemensamt
1395 1212 115 36 bland
1539 1216 115 31 annat
1682 1210 156 48 vidtaga

237 1271 46 37 de
311 1270 187 47 åtgärder,
527 1282 81 23 som
638 1268 187 36 erfordras
853 1268 58 34 för
939 1266 199 37 utförande
1166 1279 46 22 av
1235 1265 227 47 riksdagens
1483 1263 147 37 besluti
1647 1263 110 47 fråga
1776 1275 60 23 om

236 1335 77 36 nya
353 1320 226 50 byggnader
619 1319 60 37 för
719 1319 206 48 riksdagen
967 1332 48 22 m.
1060 1331 47 22 m.
1151 1317 70 36 och
1252 1316 243 45 riksbanken,
1526 1315 67 35 allt
1619 1314 12 36 i
1660 1319 176 31 överens-

236 1373 219 37 stämmelse
497 1372 85 36 med
624 1370 45 37 de
710 1375 172 32 närmare
916 1368 250 48 föreskrifter,
1201 1381 81 23 som
1310 1368 12 35 i
1351 1367 185 36 särskilda
1564 1365 201 37 skrivelser
1792 1378 46 23 av

237 1425 73 37 den
354 1426 44 35 11
442 1423 71 37 och
557 1425 45 33 12
646 1423 74 48 maj
767 1423 96 35 1888
906 1421 71 36 och
1017 1420 71 36 den
1118 1422 20 34 6
1168 1420 96 49 april
1294 1420 96 35 1906
1421 1418 110 36 blivit
1559 1431 46 22 av
1632 1416 205 48 riksdagen

236 1476 231 37 meddelade.

367 1527 248 37 Gemensamt
643 1525 280 37 sammanträde
952 1524 139 36 mellan
1110 1523 175 37 bemälda
1306 1521 238 49 fullmäktige
1564 1521 58 37 för
1641 1520 197 37 utförande

237 1594 48 23 av
312 1578 290 48 ifrågavarande
630 1577 177 50 uppdrag
835 1577 79 48 har,
943 1576 122 48 enligt
1092 1575 71 37 vad
1192 1576 59 36 för
1270 1575 186 36 utskottet
1477 1574 174 47 anmälts,
1672 1577 65 43 ägt
1755 1584 81 24 rum

235 1632 120 36 under
383 1631 72 36 den
483 1630 65 46 tid,
577 1630 204 36 utskottets
810 1628 239 49 granskning
1077 1628 185 47 omfattat,
1292 1627 131 36 därvid
1455 1624 226 38 behandlats
1702 1624 135 47 frågan

237 1697 62 23 om
315 1684 89 36 'viss
432 1681 144 37 ändrad
599 1681 269 37 konstruktion
888 1694 46 22 av
954 1680 73 36 den
1047 1679 196 37 beslutade
1263 1679 93 37 bron
1376 1683 90 32 över
1486 1683 102 30 stora
1607 1676 230 45 Norrström,

236 1735 119 37 vilket
382 1735 186 36 utskottet
596 1733 154 36 härmed
781 1733 57 36 får
865 1732 58 36 för
951 1731 205 49 riksdagen

768 1819 159 36 anmäla.

999 1941 94 35 10:0.

368 2046 83 37 Vad
480 2045 12 36 i
520 2040 255 42 revisorernas
817 2043 203 37 berättelse
1061 2056 61 23 om
1163 2041 290 50 granskningen
1481 2053 46 23 av
1555 2038 284 49 riksgäldskon-

238 2104 116 31 torets
395 2097 171 37 tillstånd
600 2097 70 36 och
703 2096 235 48 förvaltning
966 2095 110 49 eljest
1103 2094 108 36 blivit
1239 2093 137 46 anfört,
1406 2092 69 36 har
1502 2091 185 36 utskottet
1715 2090 125 36 funnit

238 2151 84 37 icke
351 2163 90 23 vara
470 2163 47 22 av
544 2148 264 38 beskaffenhet
835 2153 54 30 att
916 2149 84 34 från
1019 2146 205 36 utskottets
1245 2145 81 36 sida
1344 2144 149 49 påkalla
1511 2145 119 46 något
1648 2142 190 49 yttrande;

239 2202 72 37 och
352 2202 68 36 har
459 2201 186 36 utskottet
684 2199 127 37 funnit
851 2199 73 37 vad
966 2198 64 37 vid
1062 2198 203 48 läsningen
1295 2210 45 23 av
1368 2195 257 49 fullmäktiges
1653 2193 187 50 protokoll

239 2254 245 40 förekommit
512 2253 33 49 ej
574 2252 94 37 böra
695 2251 197 37 föranleda
911 2254 128 46 någon
1058 2249 224 49 ytterligare
1302 2248 175 36 anmälan
1493 2247 91 36 eller
1602 2246 236 36 hemställan.

238 2314 132 42 Bihang
394 2315 48 31 till
466 2313 188 41 riksdagens
676 2312 156 41 protokoll
855 2312 95 31 1921.
999 2311 21 31 8
1042 2311 92 31 saml.
1182 2310 43 31 16
1248 2309 80 40 häft.
1374 2308 68 41 (Nr
1468 2308 68 34 20.)
1781 2306 19 30 3

1892 745 132 24 Utskottet.

1854 1160 66 30 Ang.
1936 1158 125 32 åtgärder

1855 1195 10 22 i
1883 1193 79 32 fråga
1981 1200 41 17 om

1872 1229 172 31 riksbyggna-

1891 1265 83 22 derna
1988 1263 38 30 på

1884 1298 161 31 Helgeands-

1903 1334 111 23 holmen.

1858 2043 208 34 Äng.revisions-

1887 2079 155 24 berättelsen

1919 2123 34 15 m.
1971 2122 33 16 m.
