1884 2812
111 2478 149 25 Utskottet.

308 182 19 29 2
774 185 260 31 Bankoutskottets
1054 189 150 30 utlåtande
1224 200 38 19 nr
1282 192 47 28 54.

307 261 147 40 räkning
478 262 78 31 sker
577 263 50 30 till
649 264 42 30 90
713 270 143 34 procent
877 276 44 21 av
941 267 108 32 nivån
1070 268 55 32 för
1147 273 120 36 nyaste
1289 272 183 39 pensioner
1494 278 88 27 samt
1604 279 48 27 att
1675 275 55 31 för
1752 279 47 28 ett

307 306 231 38 mellanskikt,
560 310 245 31 motsvarande
825 311 249 39 lönegraderna
1095 314 27 30 A
1135 315 114 30 13—A
1262 316 52 37 20,
1337 318 220 40 uppräkning
1579 320 79 30 sker
1678 320 52 31 till
1753 325 47 27 ett

307 350 80 31 från
406 352 61 29 100
486 352 51 30 till
554 353 41 30 90
613 352 155 32 fallande
784 357 190 37 procenttal
993 365 123 31 genom
1132 363 49 27 att
1199 359 254 41 förbättringen
1469 362 95 31 inom
1582 364 216 33 sistnämnda

306 395 203 39 lönegrader
527 396 109 32 håller
655 398 51 39 sig
725 399 164 32 konstant
909 401 57 30 vid
985 405 47 28 ett
1050 402 124 41 belopp
1195 414 44 21 av
1258 405 160 40 omkring
1439 407 63 31 525
1524 408 129 31 kronor
1672 409 56 31 för
1748 409 48 31 år.

307 439 65 30 Vid
389 442 266 39 uppräkningen
675 443 50 30 till
744 443 106 32 nivån
869 445 55 30 för
943 451 122 34 nyaste
1084 448 183 38 pensioner
1287 449 198 33 förutsättes
1507 456 48 28 att
1575 453 91 31 vissa
1686 454 111 39 jämk-

307 484 123 39 ningar
454 486 97 32 skola
576 487 155 39 vidtagas
758 488 11 30 i
794 489 147 39 enlighet
966 492 80 29 med
1071 493 67 30 vad
1163 502 76 22 som
1265 494 133 32 anförts
1424 496 11 30 i
1461 506 42 20 en
1527 497 50 30 till
1603 499 114 37 grund
1743 499 55 30 för

305 530 258 38 propositionen
584 533 190 38 upprättad
796 534 35 30 P.
855 534 43 31 M.

350 574 74 30 Vad
443 575 169 31 beträffar
631 576 316 41 familjepensioner
967 590 76 20 som
1061 581 157 40 beviljats
1240 593 44 21 av
1304 583 184 40 riksdagen
1507 586 80 30 eller
1608 596 44 21 av
1672 588 124 39 Kungl.

305 618 101 39 Maj:t
431 619 12 30 i
469 620 148 39 enlighet
643 622 80 30 med
749 623 200 39 riksdagens
975 625 278 40 bemyndigande
1281 628 87 31 skall
1396 631 271 39 omregleringen
1693 633 105 38 enligt

305 662 163 40 förslaget
488 665 59 30 ske
565 665 11 30 i
596 665 92 31 form
707 676 44 21 av
770 677 42 20 en
830 671 211 36 procentuell
1061 670 217 41 förbättring,
1301 673 203 39 uppgående
1523 676 49 29 till
1593 677 41 29 30
1655 681 142 35 procent

304 717 42 20 av
370 709 66 29 den
459 710 96 30 äldre
578 711 199 38 pensionen,
802 713 359 39 tilläggsförmånerna
1186 717 75 30 däri
1284 717 201 33 inräknade.

348 753 124 30 Vidare
498 754 64 30 har
585 755 11 29 i
620 756 260 39 propositionen
904 758 202 40 föreslagits,
1134 764 48 27 att
1215 761 4 30 i
1245 762 170 31 samband
1441 765 78 29 med
1544 764 253 41 förbättringen

304 797 134 31 teknisk
463 800 220 39 uppräkning
707 801 90 30 skall
819 802 59 30 ske
901 812 43 21 av
967 803 96 31 såväl
1087 805 95 31 äldre
1205 805 327 41 familjepensioner,
1557 819 75 20 som
1656 810 140 31 beröras

304 851 42 20 av
366 843 221 39 regleringen,
609 845 64 29 och
693 845 343 41 riksdagspensioner
1056 858 74 21 som
1149 859 108 30 nyare
1279 851 316 40 familjepensioner
1616 855 50 29 till
1687 855 110 31 sådan

304 886 80 31 nivå
400 891 48 27 att
478 887 7 31 å
502 888 175 32 desamma
693 890 10 29 i
721 890 266 41 fortsättningen
1005 894 98 30 skola
1120 894 169 32 beräknas
1307 897 119 38 rörligt
1443 897 115 40 tillägg
1575 899 65 29 och
1657 899 138 30 kristill-

304 931 77 38 lägg
398 932 105 39 enligt
521 942 131 22 samma
670 935 152 37 grunder
839 945 74 21 som
930 938 90 37 gälla
1039 937 55 31 för
1112 943 119 35 nyaste
1248 940 183 39 pensioner
1448 942 11 29 i
1479 943 111 30 stället
1608 943 55 30 för
1681 943 114 32 såsom

303 984 47 21 nu
368 977 39 29 är
426 976 94 32 fallet
540 978 252 40 dyrtidstillägg
812 981 80 29 eller
910 983 227 37 procentuellt
1158 984 116 39 tillägg
1295 986 66 29 och
1380 986 199 40 kristillägg.

348 1021 114 38 Enligt
484 1023 259 38 propositionen
765 1024 62 30 bör
850 1025 54 30 det
926 1025 36 31 få
983 1027 188 31 ankomma
1191 1028 47 39 på
1261 1030 123 38 Kungl.
1408 1031 101 39 Maj:t
1531 1035 48 27 att
1601 1032 86 30 efter
1709 1033 85 30 riks-

303 1065 127 38 dagens
453 1067 169 39 prövning
647 1077 43 21 av
714 1068 180 39 förslagets
919 1070 272 40 huvudgrunder
1215 1074 159 30 meddela
1399 1075 223 40 erforderliga
1647 1077 147 30 bestäm-

304 1111 122 29 melser
452 1110 177 39 angående
656 1113 433 41 pensionsförbättringens
1119 1117 273 38 genomförande
1419 1120 64 29 och
1512 1121 122 30 därvid
1661 1121 134 31 besluta

303 1163 57 21 om
382 1155 41 30 de
445 1155 221 40 jämkningar
687 1157 221 32 beträffande
930 1160 435 41 pensionsförbättringens
1388 1163 208 41 omfattning
1620 1166 65 30 och
1710 1169 84 27 stor-

301 1199 56 29 lek
375 1199 53 30 för
448 1200 89 30 vissa
555 1201 281 40 pensionstagare
855 1204 80 29 eller
954 1212 150 31 grupper
1123 1215 43 21 av
1184 1207 289 39 pensionstagare,
1496 1218 74 21 som
1588 1210 121 31 kunna
1728 1211 66 29 fin-

302 1252 62 22 nas
391 1243 183 40 påkallade
602 1246 64 29 och
694 1246 169 40 förenliga
891 1249 79 30 med
998 1250 41 29 de
1067 1250 11 29 i
1106 1251 259 38 propositionen
1393 1253 148 38 angivna
1570 1254 224 39 huvudgrun-

302 1288 115 31 derna.
455 1289 136 30 Jämväl
614 1290 10 29 i
648 1290 100 39 fråga
774 1302 55 20 om
853 1292 66 30 den
941 1293 159 31 tekniska
1124 1296 267 39 uppräkningen
1415 1297 154 37 föreslås,
1594 1302 49 27 att
1669 1300 124 38 Kungl.

302 1333 100 38 Maj:t
425 1334 111 30 skulle
561 1334 129 32 erhålla
716 1336 200 39 riksdagens
940 1338 277 40 bemyndigande
1243 1344 49 27 att
1315 1341 137 39 vidtaga
1475 1342 225 40 erforderliga
1724 1344 69 30 för-

301 1377 356 41 fattningsändringar
681 1381 66 29 och
772 1381 41 30 de
837 1381 159 39 åtgärder
1019 1383 10 30 i
1054 1383 119 39 övrigt,
1198 1394 75 21 som
1297 1385 119 31 kunna
1439 1386 159 32 befinnas
1624 1388 169 30 erforder-

301 1422 77 38 liga.
418 1423 75 30 Den
520 1423 184 32 förordade
732 1426 376 40 pensionsregleringen
1133 1429 107 30 borde
1268 1430 220 39 genomföras
1516 1431 79 31 från
1622 1433 66 30 och
1716 1434 78 29 med

301 1467 66 30 den
392 1468 14 29 1
430 1468 64 38 juli
517 1469 92 30 1946.

346 1547 66 30 För
432 1556 85 30 egen
538 1549 53 29 del
612 1549 90 31 hava
725 1550 198 39 delegerade
945 1552 117 31 anfört
1083 1552 164 40 följande.

345 1610 175 30 Eftersom
537 1611 103 39 enligt
657 1613 161 37 gällande
834 1613 256 32 bestämmelser
1108 1615 363 40 familjepensionerna
1490 1618 55 31 för
1562 1619 231 31 efterlevande

301 1654 49 30 till
376 1656 356 38 anställningshavare
757 1657 57 30 vid
838 1658 201 39 riksdagens
1065 1660 81 30 verk
1170 1660 83 39 utgå
1276 1661 87 31 efter
1386 1672 133 22 samma
1543 1664 150 38 grunder
1718 1674 75 21 som

300 1699 173 39 tillämpas
496 1699 54 31 för
570 1701 231 31 efterlevande
822 1703 50 29 till
891 1703 342 39 befattningshavare
1254 1706 11 29 i
1286 1708 243 30 motsvarande
1550 1709 242 39 löneställning

301 1744 57 29 vid
384 1745 66 29 den
476 1745 122 39 Kungl.
627 1746 102 39 Maj:t
756 1747 234 31 underställda
1017 1749 100 30 civila
1145 1750 350 40 statsförvaltningen,
1524 1753 97 30 torde
1647 1753 67 31 den
1741 1754 50 30 fa-

300 1788 476 41 miljepensionsförbättring,
799 1801 73 20 som
892 1792 186 40 riksdagen
1097 1794 69 30 kan
1187 1795 142 31 komma
1350 1798 49 28 att
1419 1796 133 31 besluta
1573 1797 10 30 i
1606 1798 187 39 anledning

300 1842 43 21 av
367 1834 123 38 Kungl.
518 1834 115 39 Maj:ts
659 1835 230 32 förenämnda
913 1838 223 38 proposition,
1162 1839 86 31 böra
1273 1840 110 30 under
1407 1841 183 31 enahanda
1615 1842 176 31 förutsätt-

300 1878 123 38 ningar
443 1879 65 29 och
527 1878 85 31 efter
630 1889 134 21 samma
784 1881 149 38 grunder
953 1882 193 33 tillkomma
1164 1883 232 32 efterlevande
1415 1885 50 30 till
1484 1885 24 31 f.
1529 1886 31 31 d.
1581 1887 211 39 tjänstemän

300 1923 63 29 och
387 1923 156 30 arbetare
566 1923 56 30 vid
644 1924 202 39 riksdagens
868 1926 91 30 verk.

344 1967 63 31 Det
428 1968 96 29 torde
545 1968 84 30 böra
651 1968 37 31 få
710 1969 187 31 ankomma
918 1970 45 39 på
986 1971 199 39 delegerade
1207 1976 50 27 att
1277 1974 158 31 meddela
1455 1974 225 40 erforderliga
1702 1976 88 31 före-

299 2011 140 30 skrifter
461 2011 177 39 angående
660 2014 378 39 pensionsregleringen
1061 2016 10 30 i
1095 2016 231 40 huvudsaklig
1349 2019 339 32 överensstämmelse
1712 2021 80 30 med

300 2056 41 29 de
360 2057 158 37 grunder,
537 2067 74 20 som
628 2058 124 38 Kungl.
773 2059 100 39 Maj:t
888 2059 71 30 kan
976 2060 142 31 komma
1135 2065 48 26 att
1201 2061 171 33 fastställa
1389 2063 56 30 för
1463 2064 66 30 den
1547 2064 123 39 Kungl.
1690 2063 101 41 Maj:t

299 2101 235 31 underställda
554 2102 350 40 statsförvaltningen.
937 2100 95 34 Även
1053 2105 10 30 i
1084 2105 110 39 övrigt
1214 2107 98 30 torde
1333 2107 199 39 delegerade
1552 2109 86 30 böra
1659 2109 131 31 erhålla

300 2154 132 22 samma
461 2145 244 40 befogenheter
732 2147 219 31 beträffande
980 2149 393 40 pensionsregleringens
1404 2153 281 37 genomförande,
1716 2163 75 21 som

300 2189 103 39 enligt
423 2190 200 39 riksdagens
644 2191 113 31 beslut
779 2191 57 31 må
858 2192 192 32 tillkomma
1074 2194 121 39 Kungl.
1220 2195 102 39 Maj:t
1343 2196 219 32 beträffande
1584 2198 67 30 den
1672 2198 117 39 övriga

299 2234 347 40 statsförvaltningen.

343 2315 64 31 Vid
429 2315 215 40 delegerades
668 2317 164 31 skrivelse
853 2318 89 31 hade
965 2318 113 40 fogats
1102 2329 42 21 en
1165 2322 244 37 promemoria,
1431 2322 114 31 vilken
1566 2322 114 33 finnes
1704 2324 86 30 inta-

299 2376 64 31 gen
384 2368 115 32 såsom
519 2370 111 39 bilaga
651 2371 59 30 vid
730 2371 92 31 detta
842 2371 186 32 utlåtande.

343 2475 121 31 Såsom
488 2476 199 40 delegerade
712 2477 200 39 framhållit,
938 2479 64 31 bör
1028 2480 10 30 i
1063 2480 198 40 anslutning
1287 2481 51 32 till
1364 2482 66 30 den
1456 2492 43 21 av
1523 2482 185 41 riksdagen
1732 2483 56 31 be-

299 2529 133 31 slutade
459 2530 211 40 regleringen
698 2541 44 21 av
770 2532 89 31 vissa
887 2533 95 31 äldre
1011 2532 316 41 familjepensioner
1355 2535 57 31 vid
1440 2535 66 31 den
1535 2536 122 40 Kungl.
1688 2536 101 40 Maj:t
