1896 2846
476 177 398 34 Jordbruksutskottets
900 174 188 33 utlåtande
1114 174 52 32 Nr
1193 175 51 29 71.
1521 171 40 31 19

101 259 172 31 utskottet
300 257 179 33 inhämtat
504 257 66 31 har
594 254 388 38 spannmålsnämnden
1006 254 202 32 sedermera
1233 253 12 31 i
1274 262 43 21 en
1343 250 170 32 skrivelse
1537 250 67 31 den

101 311 37 30 27
156 311 159 32 februari
332 310 78 32 1932
426 310 56 31 till
497 308 134 36 Kungl.
648 307 109 36 Maj:t
773 306 148 37 anmält,
937 307 55 30 att
1011 303 338 33 överenskommelse
1365 302 136 37 jämväl
1517 301 86 32 träf-

103 361 71 34 fats
195 362 184 36 angående
400 371 44 22 en
468 360 180 36 sänkning
669 369 45 21 av
735 359 44 32 de
800 356 119 37 lägsta
940 355 361 32 hektolitervikterna
1326 355 55 30 för
1403 354 102 31 såväl
1526 355 78 29 vete

103 422 76 21 som
212 415 74 34 råg.
330 413 113 31 Dessa
481 410 202 37 lindringar
716 420 84 21 avse
822 408 201 33 emellertid
1046 408 125 32 endast
1195 407 153 36 inköpen
1374 417 45 20 av
1445 405 77 31 1931
1547 405 57 30 års

103 464 108 34 skörd
236 464 243 32 innevarande
501 473 165 21 sommar.

144 517 18 31 I
183 517 99 31 detta
306 516 261 35 sammanhang
587 515 67 31 vill
674 515 175 31 utskottet
870 512 229 31 beträffande
1125 510 261 38 prisavdragen
1409 510 54 30 för
1487 508 114 31 hekto-

104 568 211 38 litervikter,
334 567 283 36 understigande
633 568 44 31 de
696 578 24 21 s.
739 567 33 30 k.
791 565 319 35 normalvikterna,
1130 562 203 36 framhålla,
1353 563 54 30 att
1424 561 177 31 desamma

106 622 46 35 på
172 622 56 32 sin
250 621 54 32 tid
326 619 192 33 fastställts
540 621 54 30 att
618 619 96 36 gälla
733 618 63 31 vid
818 618 56 31 för
894 617 104 36 varje
1019 615 147 32 särskilt
1189 614 65 31 fall
1276 613 133 32 träffat
1431 612 98 32 avtal
1549 621 57 21 om

101 673 73 32 viss
197 672 273 32 hektolitervikt
493 671 64 31 och
581 671 106 31 alltså
711 671 117 30 avsett
853 670 53 30 att
931 669 111 35 skapa
1067 666 184 37 garantier
1277 666 55 30 för
1356 666 54 30 att
1432 663 102 36 varje
1558 663 45 30 le-

102 733 130 24 verans
250 724 117 32 skulle
387 732 88 21 vara
498 733 46 21 av
564 723 147 31 avtalad
729 720 260 32 beskaffenhet.
1031 719 55 31 Då
1104 719 104 31 dessa
1228 717 217 37 prisavdrag
1463 725 50 21 nu
1533 714 70 32 till-

101 777 137 36 lämpas
263 777 12 30 i
302 775 226 32 förhållande
554 774 57 31 till
635 784 44 21 en
703 772 173 38 generellt
901 771 166 37 gällande
1094 769 228 35 normalvikt,
1348 778 106 26 synas
1480 767 42 31 de
1544 765 60 31 väl

106 830 158 35 stränga.
306 825 102 34 Även
426 826 222 32 härutinnan
665 835 106 28 synes
789 825 127 31 därför
935 833 43 22 en
996 822 145 33 rättelse
1160 821 180 37 påkallad.

146 879 18 31 I
181 888 43 23 en
244 878 404 36 spannmålsnämndens
665 876 172 33 skrivelse
855 875 58 32 till
931 875 135 35 Kungl.
1083 873 109 36 Maj:t
1209 873 68 31 den
1294 873 18 30 9
1330 872 95 36 april
1441 871 78 31 1932
1537 880 69 21 om-

106 930 176 38 förmäles,
308 933 53 30 att
383 930 189 36 nämnden,
597 927 289 37 huvudsakligen
910 936 126 26 genom
1060 925 165 36 Sveriges
1249 922 321 36 Utsädesförening
1594 921 11 30 i

105 982 142 38 Svalöv,
272 983 84 31 låtit
381 983 163 35 företaga
567 981 224 31 omfattande
816 979 137 31 cereala
977 976 321 36 undersökningar,
1324 975 108 31 bland
1458 975 111 30 annat
1596 972 12 30 i

101 1035 120 31 avsikt
244 1036 54 30 att
322 1034 209 36 därigenom
553 1032 138 32 erhålla
714 1042 43 21 en
776 1031 137 36 vidgad
936 1030 200 31 kännedom
1159 1039 57 20 om
1240 1028 68 31 den
1331 1026 151 32 svenska
1504 1025 99 32 bröd-

101 1088 127 31 sädens
243 1087 112 31 värde
374 1096 74 21 som
465 1086 216 31 kvarnvara.
719 1085 18 30 I
755 1083 114 32 likhet
886 1082 80 32 med
984 1079 390 38 departementsehefen
1394 1079 210 30 förutsätter

101 1140 173 31 utskottet
298 1139 123 31 därför
446 1139 114 30 såsom
584 1136 209 37 självfallet,
817 1136 54 30 att
894 1132 388 39 spannmålsnämnden
1305 1131 33 36 ej
1364 1130 92 32 skall
1477 1129 127 31 under-

101 1191 76 32 låta
203 1193 55 30 att
280 1190 237 36 tillvarataga
543 1188 377 37 spannmålsodlarnas
948 1185 225 36 berättigade
1200 1184 186 36 intressen,
1413 1184 66 29 när
1508 1183 96 29 över-

101 1243 255 32 enskommelse
374 1242 132 32 mellan
524 1241 177 31 nämnden
721 1240 64 31 och
806 1239 230 36 föreningens
1056 1237 149 37 styrelse
1225 1236 92 32 skall
1337 1235 132 32 träffas
1487 1244 57 21 om
1563 1233 41 31 de

102 1296 56 31 för
189 1295 229 36 föreningens
447 1294 109 36 inköp
586 1302 199 23 sommaren
816 1291 77 31 1933
924 1290 166 37 gällande
1120 1287 484 33 kvalitetsbestämmelserna

102 1348 64 32 och
185 1346 456 38 prisregleringsskalorna.

141 1398 182 33 Utskottet
343 1399 67 31 vill
436 1399 5 30 i
460 1397 172 33 samband
651 1396 158 37 härmed,
829 1397 46 35 på
895 1396 73 31 sätt
985 1394 139 37 jämväl
1143 1394 11 30 i
1173 1393 223 31 motionerna
1418 1390 32 32 I:
1465 1390 58 31 316
1542 1389 64 31 och

104 1450 52 31 II:
176 1450 52 31 469
255 1449 162 37 uttalats,
445 1448 194 32 framhålla
665 1447 205 37 betydelsen
897 1448 88 29 utav
1012 1447 53 30 att
1091 1445 64 31 vid
1181 1444 44 31 de
1252 1443 137 31 cereala
1415 1441 189 32 undersök-

99 1501 141 37 ningar,
263 1499 389 38 spannmålsnämnden
673 1500 12 31 i
708 1498 282 35 fortsättningen
1009 1497 158 31 kommer
1188 1497 54 30 att
1270 1496 171 35 företaga,
1462 1494 142 31 brödsä-

99 1551 85 33 dens
204 1553 112 32 värde
336 1562 44 22 ur
400 1551 301 37 kvarnsynpunkt
720 1550 72 32 blir
814 1549 151 32 föremål
987 1549 55 31 för
1063 1557 189 26 noggrann
1274 1546 186 37 prövning.
1502 1544 103 32 Lika-

100 1606 40 30 så
161 1603 65 33 vill
246 1602 175 32 utskottet
443 1602 194 32 framhålla
659 1602 126 31 vikten
804 1603 89 29 utav
913 1601 103 31 dessa
1037 1599 138 32 cereala
1195 1598 311 34 undersökningar
1530 1596 76 31 icke

101 1654 124 33 endast
246 1656 56 31 för
321 1665 49 21 nu
391 1653 166 36 gällande
577 1651 391 39 spannmålsreglering
985 1653 91 30 utan
1096 1651 55 31 för
1170 1650 81 32 hela
1270 1651 66 30 vår
1355 1647 250 33 brödsädesod-

101 1705 77 38 ling
200 1708 11 30 i
232 1705 207 33 allmänhet.

141 1757 50 32 De
210 1757 111 32 ökade
339 1756 228 37 möjligheter
586 1757 55 32 till
659 1756 160 37 stödköp,
836 1766 75 21 som
927 1756 61 32 det
1006 1753 246 37 föreliggande
1272 1752 172 36 förslaget
1462 1752 54 31 till
1537 1752 68 30 för-

100 1807 176 38 längning
292 1817 47 22 av
355 1808 206 32 kontraktet
582 1808 158 36 innebär,
757 1817 105 22 anser
878 1806 175 33 utskottet
1072 1809 11 31 i
1101 1805 112 31 likhet
1233 1805 78 31 med
1329 1804 276 37 departements-

101 1860 125 31 chefen
244 1870 91 22 vara
355 1871 47 20 av
422 1862 73 30 stor
515 1859 188 37 betydelse,
724 1858 77 32 icke
820 1859 110 31 minst
952 1859 56 31 för
1029 1860 53 29 att
1104 1857 163 36 priserna
1288 1856 112 31 under
1422 1855 80 31 hela
1521 1855 84 30 kon-

100 1911 255 31 sumtionsåret
378 1911 12 31 i
413 1910 194 36 görligaste
629 1912 83 30 mån
737 1910 102 32 skola
861 1908 147 37 bringas
1032 1910 11 30 i
1067 1911 50 29 ett
1142 1908 135 36 skäligt
1301 1908 224 31 förhållande
1549 1908 57 31 till

102 1960 328 37 inlösenspriserna,.

140 2012 18 31 I
175 2012 208 32 kontraktet
403 2012 115 32 finnes
537 2023 48 21 nu
605 2011 128 32 liksom
753 2012 155 35 tidigare
926 2012 112 31 infört
1056 2012 69 31 den
1143 2011 280 36 bestämmelsen,
1444 2012 52 30 att
1517 2011 88 30 före-

100 2063 150 36 ningens
271 2063 182 33 ordinarie
473 2063 107 37 inköp
601 2064 98 32 skola
717 2063 104 37 börja
839 2064 70 32 den
928 2064 18 30 1
968 2063 90 36 juni.
1100 2063 51 31 De
1172 2063 252 36 erfarenheter,
1446 2072 74 21 som
1538 2062 67 31 den

100 2113 293 33 hiltillsvarande
414 2116 272 31 verksamheten
706 2115 148 37 lämnat,
877 2123 108 28 synas
1007 2113 122 33 kunna
1152 2114 84 35 giva
1257 2114 196 36 anledning
1475 2114 55 31 till
1552 2114 54 29 att

101 2163 226 39 ifrågasätta,
350 2165 181 33 huruvida
554 2166 76 32 icke
652 2165 211 36 föreningen
889 2166 56 31 för
965 2166 55 31 att
1041 2166 111 31 verka
1173 2166 12 30 i
1204 2166 62 30 det
1287 2165 105 36 syfte,
1417 2165 55 31 för
1493 2164 111 31 vilket

100 2215 68 34 den
188 2216 253 33 tillkommit—
471 2216 218 36 tryggandet
707 2228 47 20 av
773 2218 70 31 den
862 2217 152 33 svenska
1034 2216 342 36 brödspannmålens
1398 2215 207 36 avsättning

101 2267 56 33 tiu
177 2269 123 36 priser,
319 2269 81 31 med
416 2268 100 32 vilka
533 2269 284 36 producenterna
833 2267 163 36 skäligen
1013 2267 119 32 kunde
1153 2267 142 36 åtnöjas
1313 2287 39 3 —
1370 2267 105 31 borde
1494 2268 112 30 under

99 2318 97 33 vissa
227 2319 251 31 förhållanden
507 2319 151 36 påbörja
686 2319 57 32 sin
771 2319 393 36 uppköpsverksamhet
1195 2317 165 37 tidigare,
1390 2318 215 31 åtminstone

99 2372 67 31 när
185 2373 39 29 så
243 2370 72 31 kan
335 2371 61 30 ske
415 2372 87 29 utan
521 2371 55 31 att
600 2370 210 35 föreningen
828 2369 211 36 därigenom
1059 2369 204 31 förorsakas
1283 2370 102 30 extra
1403 2369 201 31 kostnader.

100 2420 133 38 Dylika
257 2419 157 38 tidigare
439 2420 108 37 inköp
572 2420 113 32 skulle
708 2421 183 35 nämligen
914 2420 124 32 kunna
1061 2419 171 32 innebära
1256 2429 43 22 en
1322 2420 180 36 väsentlig
1524 2420 81 31 lätt-

100 2474 71 31 nad
198 2474 63 30 och
288 2471 100 36 hjälp
417 2472 55 31 för
501 2471 292 37 producenterna.
840 2469 239 33 Kontraktets
1107 2471 208 31 förberörda
1341 2471 264 32 bestämmelser
