1881 2823
330 225 188 30 Allmänna
534 226 396 40 beredningsutskottets
947 228 178 29 utlåtande
1141 237 42 20 nr
1197 229 40 29 32
1253 229 38 29 år
1308 229 83 29 1968
1588 233 12 28 1

788 474 65 41 Nr
880 475 53 40 32

318 577 182 29 Utlåtande
524 578 10 29 i
554 578 188 40 anledning
763 589 41 19 av
826 579 171 30 motioner
1019 590 54 19 om
1097 580 267 39 förhandlingar
1386 581 80 29 med
1487 581 111 38 Norge

513 631 56 39 för
590 633 50 28 att
660 632 184 39 förhindra
868 633 360 39 vattenföroreningar
1252 634 9 28 i
1282 643 104 20 norra
1409 634 188 29 Bohuslän.

163 737 11 28 I
192 737 41 29 de
252 738 232 39 likalydande,
507 739 48 29 till
576 740 178 30 allmänna
770 741 380 39 beredningsutskottet
1169 742 190 30 hänvisade
1379 743 219 28 motionerna

119 791 26 28 I:
165 791 59 29 153
244 801 42 19 av
304 792 80 29 herr
402 792 92 29 Dahl
512 792 94 40 m.fl.
627 794 64 29 och
709 795 47 27 II:
773 794 60 29 199
854 804 41 20 av
914 795 80 29 herr
1013 794 110 40 Åberg
1142 805 45 19 m.
1201 795 37 39 fl.
1261 795 156 35 föreslås,
1439 798 50 27 att
1509 796 88 30 riks-

117 844 110 39 dagen
247 845 11 28 i
280 845 166 30 skrivelse
469 847 50 28 till
541 847 124 39 Kungl.
688 848 104 39 Maj:t
814 848 107 30 måtte
943 849 186 29 hemställa
1150 851 50 27 att
1223 849 265 40 förhandlingar
1512 859 85 30 upp-

116 899 94 38 tages
226 899 79 29 med
320 899 111 39 Norge
447 900 9 28 i
473 900 89 39 syfte
578 903 49 28 att
644 901 181 30 förhindra
842 903 66 29 den
922 903 322 40 vattenförorening
1261 904 9 29 i
1287 913 105 20 norra
1408 904 188 34 Bohuslän,

117 961 73 20 som
209 952 54 29 för
281 954 217 29 närvarande
516 954 234 31 förekommer
768 957 63 28 och
851 965 74 21 som
943 957 143 30 orsakas
1107 967 40 19 av
1165 957 113 30 källor
1295 958 44 39 på
1358 958 122 29 norskt
1499 959 98 28 terri-

114 1005 141 29 torium.

159 1060 259 30 Motionärerna
440 1061 212 35 framhåller,
677 1065 49 27 att
769 1064 189 29 industrier
981 1065 81 29 eller
1084 1065 511 39 bebyggelsekoncentrationer

115 1112 7 28 i
144 1115 106 27 annat
268 1113 81 30 land
366 1114 70 29 kan
454 1115 183 30 förorsaka
654 1116 240 41 föroreningar
912 1118 45 39 på
975 1118 141 29 svenskt
1135 1119 152 29 område.
1308 1119 42 29 Så
1371 1121 36 28 är
1427 1120 169 39 exempel-

113 1166 53 29 vis
188 1166 233 31 förhållandet
443 1168 9 29 i
475 1178 103 20 norra
600 1170 186 35 Bohuslän,
810 1171 61 29 där
893 1172 138 38 mycket
1054 1174 93 28 stora
1171 1172 240 41 föroreningar
1435 1183 42 20 av
1500 1174 95 29 skär-

115 1220 238 38 gårdsvattnet
382 1222 63 29 har
476 1223 58 29 sitt
565 1233 174 30 ursprung
769 1225 79 29 från
881 1226 137 39 utsläpp
1050 1226 43 39 på
1124 1227 121 29 norskt
1277 1227 151 30 område.
1461 1228 64 29 Det
1558 1229 37 28 är

115 1273 119 29 därför
262 1275 91 29 svårt
382 1276 81 29 eller
490 1277 159 39 omöjligt
678 1280 49 27 att
755 1286 122 31 genom
906 1279 122 29 enbart
1057 1280 149 29 svenska
1234 1280 160 39 åtgärder
1422 1281 84 29 råda
1536 1282 58 29 bot

113 1327 45 38 på
181 1328 40 29 de
246 1328 318 41 skadeverkningar
589 1340 73 20 som
686 1332 100 29 hotar
812 1335 48 27 att
885 1333 66 29 öka
977 1333 6 28 i
1011 1333 221 40 omfattning.
1259 1335 66 29 Om
1351 1335 56 29 det
1433 1336 88 29 skall
1547 1336 45 29 bli

113 1380 137 40 möjligt
270 1384 50 27 att
340 1383 109 30 rädda
468 1384 103 39 något
592 1394 41 20 av
651 1386 66 29 vad
738 1395 73 20 som
833 1388 37 28 är
890 1388 85 28 kvar
996 1397 41 19 av
1057 1387 198 30 oförstörda
1275 1390 117 27 vatten
1414 1390 65 28 och
1500 1391 92 28 ännu

112 1434 107 29 hellre
246 1436 165 39 avhjälpa
436 1438 41 28 de
503 1439 201 29 nuvarande
732 1440 365 40 skadeverkningarna
1125 1443 37 28 är
1190 1442 56 29 det
1274 1443 213 38 nödvändigt
1516 1444 78 29 med

113 1495 259 31 gemensamma
388 1492 272 29 svensk-norska
676 1493 168 39 åtgärder.

156 1542 176 30 Utskottet
353 1544 64 29 har
439 1544 172 31 inhämtat
632 1547 187 38 yttranden
841 1548 80 29 över
943 1548 219 30 motionerna
1185 1549 79 30 från
1287 1550 305 39 fiskeristyrelsen,

113 1596 130 29 statens
259 1598 296 30 naturvårdsverk
569 1600 65 29 och
648 1600 249 40 länsstyrelsen
912 1602 10 28 i
937 1602 187 39 Göteborgs
1139 1603 64 29 och
1218 1604 117 29 Bohus
1351 1604 67 29 län.

155 1658 308 40 Fiskeristyrelsen
495 1662 64 29 har
591 1663 51 28 till
678 1663 58 29 sitt
768 1665 162 38 yttrande
963 1665 132 39 bifogat
1129 1675 41 20 en
1205 1676 41 19 av
1280 1667 174 29 laborator
1488 1669 104 29 Bernt

114 1711 136 39 Dybern
268 1715 188 37 upprättad
474 1716 215 39 redogörelse
707 1718 147 29 rörande
873 1718 250 40 föroreningar,
1143 1720 362 39 fysikalisk-kemiska
1525 1722 68 29 för-

113 1765 195 35 hållanden,
336 1767 180 39 plankton,
544 1769 336 40 bottenorganismer
908 1773 64 28 och
1000 1772 70 29 fisk
1098 1782 103 19 m.m.
1231 1774 7 28 i
1268 1774 210 39 Idefjorden.
1512 1776 9 28 I
1551 1785 41 20 en

111 1819 315 41 sammanfattning
442 1822 128 30 uttalas
586 1823 170 39 följande:

157 1873 181 30 >Frånsett
359 1874 56 30 det
436 1875 74 30 lilla
530 1876 156 30 området
707 1878 56 29 vid
786 1879 232 39 Bärbyälvens
1041 1881 168 39 mynning
1235 1882 94 29 torde
1352 1882 79 30 hela
1452 1882 140 40 fjorden

111 1925 164 30 innanför
298 1927 303 32 Svinesundsbron
623 1931 121 29 kunna
766 1932 186 30 betecknas
976 1942 74 20 som
1074 1936 47 27 ett
1145 1934 221 39 fullständigt
1391 1936 201 39 improduk-

109 1979 64 29 tivt
187 1980 64 28 och
265 1982 23 27 t.
301 1990 29 19 o.
346 1990 44 20 m.
406 1981 159 40 förgiftat
580 1984 140 30 område
736 1995 41 19 ur
793 1985 301 40 fiskesynpunkt.»

154 2032 307 41 Fiskeristyrelsen
493 2036 192 40 tillstyrker
717 2038 98 30 bifall
848 2040 52 28 till
934 2040 218 30 motionerna
1186 2042 78 29 från
1299 2044 40 28 de
1374 2045 217 37 synpunkter

109 2087 170 38 styrelsen
294 2088 64 28 och
374 2088 453 33 fiskeriadministrationen
843 2093 63 29 har
922 2095 49 28 att
987 2094 186 30 företräda.

152 2148 338 32 Naturvårdsverket
530 2153 164 30 hänvisar
733 2155 220 30 beträffande
994 2156 434 40 föroreningssituationen
1469 2160 8 28 i
1521 2161 70 29 Ide-

109 2201 141 39 fjorden
269 2203 51 29 till
342 2213 41 20 en
404 2214 42 20 av
465 2207 131 29 statens
617 2209 319 38 vatteninspektion
959 2210 6 29 i
990 2211 179 29 december
1193 2212 81 29 1966
1298 2213 181 30 utarbetad
1502 2224 89 20 sam-

108 2256 262 40 manställning.

151 2334 64 29 Det
235 2335 222 29 konstateras
477 2335 9 28 i
508 2335 114 28 denna
640 2335 217 38 redogörelse
879 2337 49 27 att
948 2336 389 31 vattenförhållandena
1358 2338 9 28 i
1390 2338 201 39 Idefjorden

108 2378 220 40 fortlöpande
348 2379 208 30 försämrats
577 2379 107 30 sedan
704 2379 38 29 år
764 2379 81 29 1947
867 2380 44 29 då
931 2381 65 28 den
1017 2381 110 30 första
1150 2382 108 30 större
1278 2384 311 29 vattenundersök-

107 2423 129 40 ningen
259 2423 169 30 utfördes.
453 2424 53 28 En
529 2423 186 40 utpräglad
740 2424 209 39 syrgasbrist
975 2425 100 29 råder
1101 2435 146 21 numera
1273 2427 212 31 framförallt
1512 2429 9 29 i
1549 2430 40 28 de

108 2469 74 28 inre
210 2469 143 29 delarna
380 2478 42 20 av
450 2468 140 40 fjorden
618 2469 79 29 med
726 2470 353 40 svavelvätebildning
1109 2481 74 19 som
1213 2472 99 39 följd.
1343 2473 248 39 Inspektionen

108 2513 204 30 framhåller
333 2515 50 28 att
403 2514 67 29 den
491 2513 200 30 svårartade
712 2514 555 40 vattenföroreningssituationen
1291 2517 8 29 i
1323 2518 60 29 allt
1405 2519 185 40 väsentligt

109 2626 120 21 0112998
320 2620 131 40 Bihang
467 2620 51 29 till
533 2620 205 40 riksdagens
753 2622 174 38 protokoll
943 2622 93 29 1968.
1053 2623 37 28 11
1106 2623 100 29 saml.
1221 2624 48 28 Nr
1283 2624 40 29 32
