1878 2832
590 175 228 31 Statsutskottets
841 175 147 28 utlåtande
1010 175 48 27 Nr
1081 176 26 26 4.
1561 170 39 30 89

94 263 67 20 nen
195 253 132 30 ansetts
361 251 85 32 böra
478 251 137 31 komma
647 250 10 31 i
680 250 103 41 fråga.
829 249 126 32 Vidare
985 249 62 30 har
1077 247 379 43 departementschefen
1486 247 114 30 funnit

96 303 167 41 lämpligt,
298 304 51 29 att
380 301 240 41 befattningen
652 311 74 20 som
759 300 176 41 professor
968 299 162 31 tillsättes
1164 298 107 31 redan
1298 298 109 31 under
1429 297 172 31 nästkom-

95 354 122 31 mande
240 352 177 42 budgetår.
463 352 54 31 En
542 350 240 33 motsvarande
805 349 193 42 befattning
1012 350 110 31 finnes
1138 349 11 31 i
1167 349 107 41 själva
1289 348 117 32 verket
1421 348 105 31 redan
1543 359 55 23 nu,

95 404 170 32 bekostad
287 414 123 31 genom
433 403 123 41 bidrag
578 402 73 31 från
675 401 42 32 de
742 401 91 32 olika
855 401 337 41 försvarsgrenarnas
1216 399 120 41 anslag
1358 399 53 31 till
1435 400 95 30 extra
1552 400 49 29 ut-

94 455 111 42 gifter.
251 454 173 42 Slutligen
457 454 63 31 har
552 453 112 32 behov
696 454 98 40 synts
828 452 164 42 föreligga
1025 454 49 29 att
1104 451 147 31 anställa
1273 450 59 32 det
1354 450 52 31 för
1429 449 171 32 anstalten

94 505 196 33 beräknade
312 504 265 33 kanslibiträdet
599 503 104 32 redan
726 503 75 31 från
825 503 64 32 och
913 502 77 32 med
1013 504 98 29 nästa
1133 501 177 41 budgetår.

148 557 83 31 Med
264 556 231 32 anställandet
529 566 40 20 av
602 554 66 31 den
702 554 53 31 för
778 554 66 31 den
867 553 154 32 kemiska
1043 552 172 32 anstalten
1238 552 11 31 i
1273 551 111 42 övrigt
1407 550 194 33 beräknade

97 608 206 41 personalen
336 607 62 31 har
431 608 133 30 ansetts
597 606 84 31 böra
715 607 99 30 anstå
848 605 53 31 till
935 604 80 32 dess
1039 604 190 31 anstaltens
1253 602 205 42 nybyggnad
1481 602 121 40 färdig-

96 659 113 31 ställts
233 658 64 32 och
320 658 11 31 i
354 657 92 41 varje
469 657 60 31 fall
552 656 53 32 till
626 656 207 41 budgetåret
857 654 188 33 1938/1939.

148 709 69 32 För
239 708 162 41 avlöning
424 709 34 30 åt
481 707 42 32 de
547 707 149 31 nämnda
718 706 362 41 befattningshavarna
1106 705 61 31 har
1194 703 178 43 upptagits
1389 705 49 30 ett
1453 703 150 41 anslags-

96 760 128 42 belopp
247 771 50 26 av,
320 759 12 31 i
355 758 167 32 avrundat
544 758 57 37 tal,
625 757 116 38 24,000
762 757 136 31 kronor.
937 756 113 41 Något
1073 754 269 42 anslagsbelopp
1364 754 53 31 för
1440 753 58 32 det
1513 753 11 31 i
1540 754 63 30 för-

98 810 249 33 svarsbeslutet
379 808 195 33 beräknade
608 807 169 33 särskilda
803 807 141 32 arvodet
972 806 54 32 till
1049 808 262 40 styresmannen
1334 805 62 31 har
1418 804 88 32 dock
1528 803 74 32 icke

97 864 134 30 ansetts
253 861 86 32 böra
360 860 169 32 beräknas
552 859 53 31 för
627 860 100 30 nästa
742 858 176 41 budgetår.
950 857 175 42 Därjämte
1141 857 62 31 har
1218 856 161 41 uppförts
1395 867 42 19 en
1454 855 150 41 anslags-

96 915 82 40 post
200 912 53 32 till
288 911 169 32 särskilda
489 910 252 32 löneförmåner
764 911 34 29 åt
821 908 171 32 ordinarie
1016 908 63 31 och
1101 906 261 33 icke-ordinarie
1385 906 218 41 tjänstemän,

98 962 174 33 beräknad
295 962 54 32 till
374 962 92 38 1,000
488 961 135 31 kronor.

151 1048 191 36 Utskottet,
367 1057 74 21 som
475 1045 190 42 tillstyrker
698 1045 65 31 den
793 1055 40 20 av
857 1043 379 42 departementschefen
1260 1041 208 33 verkställda
1489 1040 116 32 beräk-

97 1099 126 41 ningen
247 1109 41 20 av
310 1096 224 33 förevarande
558 1096 126 41 anslag,
709 1095 51 31 får
782 1094 190 38 hemställa,

421 1175 50 29 att
492 1172 183 41 riksdagen
699 1173 55 29 må

421 1223 29 41 a)
473 1222 181 43 godkänna
687 1221 59 32 det
779 1221 58 32 vid
860 1220 382 42 statsrådsprotokollet
1265 1221 80 30 över
1360 1219 243 31 försvarsären-

368 1274 66 32 den
468 1274 53 31 för
554 1273 66 32 den
642 1274 22 30 4
683 1272 136 42 januari
855 1272 78 32 1937
967 1271 122 42 fogade
1112 1270 164 42 förslaget
1299 1270 53 31 till
1376 1272 69 29 stat
1466 1269 53 31 för
1541 1269 62 31 för-

370 1324 280 33 svarsväsendets
680 1323 155 32 kemiska
869 1322 136 38 anstalt,
1041 1324 48 29 att
1123 1321 175 42 tillämpas
1332 1320 110 32 under
1464 1319 140 42 budget-

368 1378 72 29 året
464 1374 193 39 1937/1938;

421 1426 35 42 b)
478 1426 54 31 till
543 1426 324 31 Försvarsväsendets
883 1424 140 32 kemiska
1039 1423 137 32 anstalt:
1192 1423 204 39 Avlöningar
1410 1422 52 31 för
1476 1433 128 20 samma

369 1477 169 41 budgetår
560 1476 118 31 anvisa
701 1478 50 29 ett
773 1474 269 42 förslagsanslag
1064 1485 40 19 av
1128 1473 116 38 25,000
1270 1473 135 31 kronor.

154 1581 104 40 141:0o)
282 1580 314 32 Försvarsväsendets
631 1579 136 31 kemiska
800 1578 129 30 anstalt:
965 1577 234 38 Dyrtidstillägg.
1234 1574 220 32 Beträffande
1477 1574 126 41 Kungl.

100 1632 117 42 Maj:ts
239 1631 129 41 förslag
390 1629 146 33 rörande
559 1629 119 41 anslag
701 1628 53 31 till
777 1627 256 42 ifrågavarande
1056 1626 158 31 ändamål
1238 1625 121 42 (punkt
1376 1626 69 37 166,
1463 1624 62 32 sid.
1543 1625 60 31 237

101 1683 64 32 och
188 1681 72 42 238)
283 1681 136 42 avgiver
452 1680 170 32 utskottet
654 1679 183 31 framdeles
861 1678 108 31 under
992 1677 180 41 riksdagen
1198 1676 190 38 utlåtande;
1413 1675 105 32 vilket
1534 1675 71 31 här-

102 1734 77 31 med

700 1772 162 31 anmiäles.

156 1877 103 41 142:0)
284 1877 314 31 Försvarsväsendets
622 1876 136 30 kemiska
781 1875 132 31 anstalt:
940 1874 230 31 Omkostnader.
1203 1872 82 31 Med
1309 1871 240 41 tillstyrkande
1566 1883 39 19 av

101 1929 126 41 Kungl.
251 1928 117 40 Maj:ts
392 1927 128 40 förslag
542 1925 120 42 (punkt
688 1926 67 36 167,
781 1925 63 31 sid.
870 1923 70 42 238)
963 1924 198 31 hemställer
1183 1923 180 37 utskottet,

423 2004 50 30 att
499 2002 182 40 riksdagen
709 2003 54 29 må
786 2001 53 30 till
862 2000 324 32 Försvarsväsendets
1209 1998 141 32 kemiska
1373 1998 137 31 anstalt:
1539 1998 67 31 Om-

371 2054 172 31 kostnader
573 2053 52 31 för
640 2052 205 41 budgetåret
863 2050 178 33 1937/1938
1058 2050 117 31 anvisa
1192 2051 49 30 ett
1257 2049 350 39 reservationsanslag

370 2116 40 19 av
433 2105 94 38 6,000
546 2104 134 30 kronor.

450 2240 408 49 Militärmeteorologisk
889 2239 370 48 informationstjänst.

157 2327 102 40 143:0)
284 2327 351 37 Militärmeteorologisk
670 2326 323 37 informationstjänst:
1029 2325 189 36 Avlöningar.
1247 2322 126 40 Kungl.
1399 2322 98 39 Maj:t
1520 2321 87 31 hade

103 2377 175 41 föreslagit
308 2377 182 40 riksdagen
525 2376 120 41 (punkt
682 2377 67 35 168,
786 2375 62 31 sid.
884 2373 176 41 238—240)
1094 2375 58 35 att,
1188 2373 10 30 i
1222 2372 146 31 avbidan
1393 2374 43 39 på
1460 2371 147 31 särskild

102 2428 217 42 proposition
343 2428 11 30 i
371 2429 123 36 ämnet,
520 2427 51 31 till
598 2424 395 42 militärmeteorologisk
1020 2423 363 41 informationstjänst:
1408 2422 201 40 avlöningar

102 2479 52 31 för
186 2479 205 38 budgetåret
429 2477 177 31 1937/1938
640 2477 149 30 beräkna
813 2477 49 29 ett
885 2475 267 40 förslagsanslag
1179 2485 39 19 av
1241 2474 116 37 42,900
1379 2473 135 30 kronor.

1660 1043 131 23 Utskottet.
