1878 2830
574 176 229 30 Statsutskottets
826 173 146 29 utlåtande
994 173 48 27 Nr
1066 173 27 27 4.
1552 165 37 30 TT

89 255 251 45 pensionerade
362 253 294 32 underofficerare.
702 250 178 40 Härjämte
913 249 112 30 finnes
1048 248 19 29 å
1100 247 112 30 staten
1236 244 141 41 uppfört
1399 245 50 29 ett
1463 241 129 41 belopp

89 320 41 19 av
155 307 114 38 12,000
290 306 127 31 kronor
438 304 54 31 till
515 302 194 41 ortstillägg
731 312 42 20 m.
798 311 42 20 m.
865 301 34 29 åt
921 296 252 43 flygattachéer.

143 358 69 31 För
235 354 285 34 nästkommande
542 352 169 42 budgetår
733 351 87 31 hava
842 351 19 30 å
884 351 113 29 staten
1013 347 184 31 härutöver
1212 344 183 32 beräknats
1412 343 75 31 dels
1503 352 91 21 arvo-

90 410 43 31 de
167 411 35 29 åt
224 406 197 43 ytterligare
445 416 41 21 en
510 402 230 44 pensionerad
763 400 236 36 underofficer,
1025 398 74 31 dels
1135 396 112 39 12,000
1269 396 127 31 kronor
1418 393 53 32 till
1493 395 102 40 ytter-

91 460 106 41 ligare
232 457 192 41 ortstillägg
443 468 43 20 m.
513 466 43 20 m.
585 456 34 29 åt
645 452 250 43 flygattachéer,
924 450 74 31 dels
1026 448 62 32 ock
1114 447 112 32 medel
1246 446 53 32 till
1326 444 161 41 avlöning
1502 445 35 30 åt
1553 454 41 21 en

90 509 304 33 automobilförare
410 509 35 30 åt
460 506 121 32 chefen
597 505 53 31 för
663 504 196 42 flygvapnet
874 502 11 31 i
900 500 209 42 lönegraden
1126 499 61 31 Eo.
1201 498 29 37 6,
1246 497 114 31 vilken
1372 494 224 41 befattnings-

90 562 123 31 havare
237 561 53 30 för
311 557 210 34 närvarande
537 558 111 30 finnes
672 556 172 40 upptagen
867 553 12 31 i
901 550 260 41 förteckningen
1186 550 80 30 över
1287 547 93 32 vissa
1401 546 12 32 i
1437 547 69 30 stat
1521 545 74 31 icke

93 611 172 43 uppförda
297 611 97 31 löner
427 609 64 31 och
525 606 148 33 arvoden
696 605 57 32 vid
775 604 205 41 flygvapnet.
1011 601 127 32 Vidare
1160 600 62 31 har
1244 599 52 31 för
1319 596 214 33 anställande
1557 606 39 21 av

91 663 71 31 viss
196 660 257 33 icke-ordinarie
487 657 161 43 personal
671 655 178 43 upptagits
873 655 49 30 ett
944 653 129 40 belopp
1096 663 40 19 av
1158 650 94 38 4,160
1274 650 135 30 kronor.
1457 647 139 32 Statens

93 714 205 32 slutsumma
320 711 168 32 beräknas
512 709 53 32 till
587 708 113 39 53,369
723 707 135 31 kronor.

147 765 115 31 Staten
276 763 61 41 för
352 759 322 44 flygförvaltningen.
719 757 119 40 Enligt
863 755 79 32 1936
966 756 55 29 års
1043 751 268 34 försvarsbeslut
1334 750 86 31 skall
1443 749 54 31 till
1519 748 78 42 Åyg-

93 814 271 41 förvaltningens
399 811 163 41 civilbyrå
595 810 73 31 från
703 808 63 32 och
798 806 78 32 med
899 802 284 35 nästkommande
1205 801 170 42 budgetår
1400 799 198 42 överflyttas

95 867 67 31 den
188 864 172 33 kamerala
384 862 196 32 revisionen
607 871 40 20 av
672 859 214 41 flygvapnets
911 855 239 40 räkenskaper,
1184 853 113 31 vilken
1331 863 47 20 nu
1411 853 80 39 äger
1522 860 76 21 rum

96 918 94 31 inom
214 912 412 42 riksräkenskapsverket.
663 910 50 31 På
735 908 111 42 grund
869 908 103 31 härav
994 906 86 31 hava
1103 907 19 29 å
1145 906 113 30 staten
1279 903 185 32 beräknats
1487 900 112 32 medel

95 969 52 31 för
177 965 196 34 beredande
396 976 40 19 av
459 962 161 41 avlöning
642 963 35 29 åt
700 962 15 30 1
740 956 410 35 revisionskommissarie
1183 955 11 31 i
1222 953 208 42 lönegraden
1453 952 29 32 B
1506 952 49 35 26,
1583 952 14 30 1

97 1019 121 32 kassör
251 1017 64 32 och
338 1015 199 33 bokhållare
560 1013 11 31 i
593 1011 209 42 lönegraden
825 1010 30 31 B
879 1010 38 30 21
943 1010 88 30 samt
1054 1008 19 30 2
1096 1006 169 32 revisorer
1287 1004 166 32 likaledes
1476 1003 11 31 i
1510 1003 91 31 löne-

97 1069 127 42 graden
247 1068 30 31 B
301 1068 49 31 21.

148 1120 69 31 För
239 1121 50 29 att
311 1118 121 41 bringa
455 1117 113 31 staten
591 1114 11 31 i
626 1110 341 36 överensstämmelse
990 1108 79 32 med
1091 1105 440 41 kostnadsberäkningarna
1549 1104 53 30 för

103 1171 66 32 den
203 1181 67 30 nya
302 1166 349 45 flygorganisationen
674 1164 61 31 har
757 1162 116 31 vidare
896 1163 19 29 å
938 1162 114 30 staten
1075 1159 159 41 uppförts
1258 1156 149 32 arvoden
1426 1156 53 31 för
1501 1156 101 40 ytter-

100 1222 106 41 ligare
230 1222 18 30 2
271 1217 250 44 pensionerade
545 1217 172 31 officerare
741 1213 62 32 och
830 1215 15 29 1
869 1210 232 44 pensionerad
1123 1208 236 32 underofficer.

152 1271 171 42 Slutligen
354 1270 86 31 hava
462 1267 110 32 under
595 1268 112 30 staten
730 1264 183 32 beräknats
936 1261 113 32 medel
1072 1260 53 32 till
1148 1258 148 33 arvoden
1320 1260 19 28 å
1363 1257 92 38 1,200
1477 1256 127 31 kronor

99 1325 53 31 för
185 1324 19 31 2
237 1320 356 42 beställningshavare
626 1317 57 31 vid
716 1313 321 38 försökscentralen,
1073 1323 74 20 som
1180 1311 53 31 för
1258 1308 211 33 närvarande
1492 1308 111 30 finnas

99 1377 177 40 upptagna
297 1373 13 32 i
332 1371 259 40 förteckningen
615 1371 80 29 över
716 1367 93 32 vissa
832 1366 11 31 i
866 1367 68 30 stat
957 1364 74 32 icke
1054 1361 171 43 uppförda
1247 1361 98 31 löner
1367 1359 65 32 och
1454 1358 150 32 arvoden

102 1425 58 32 vid
182 1425 205 41 flygvapnet.
434 1422 141 31 Statens
599 1420 205 31 slutsumma
825 1416 169 32 beräknas
1018 1414 53 31 till
1096 1413 133 38 128,972
1251 1412 136 30 kronor.

155 1476 154 32 Staterna
324 1473 59 41 för
398 1471 265 43 flygflottiljerna
685 1469 53 32 och
754 1466 284 43 flygkrigsskolan.
1070 1464 76 31 Den
1169 1461 171 43 personal,
1358 1472 73 20 som
1448 1460 53 31 för
1516 1461 89 29 näst-

101 1525 205 34 kommande
328 1524 168 41 budgetår
519 1523 132 30 ansetts
673 1520 85 31 böra
780 1520 171 39 upptagas
974 1518 19 29 å
1015 1513 221 34 förevarande
1261 1514 114 35 stater,
1397 1512 147 39 framgår
1566 1520 40 20 av

101 1590 42 19 en
166 1577 11 31 i
200 1575 262 43 propositionen
486 1573 139 41 intagen
648 1571 101 31 tablå.

156 1624 390 45 Departementschefen
580 1623 61 31 har
673 1619 196 37 framhållit,
902 1620 50 29 att
985 1617 53 31 till
1072 1615 110 42 grund
1216 1615 52 30 för
1299 1612 234 41 beräkningen
1567 1621 40 20 av

105 1677 310 43 personalbehovet
448 1676 86 31 hava
567 1674 90 41 legat
691 1670 168 33 särskilda
881 1669 190 32 utskottets
1094 1666 81 42 plan
1198 1666 52 30 för
1272 1663 225 44 personalens
1514 1661 94 32 utök-

106 1730 82 41 ning
204 1729 109 31 under
329 1724 355 44 övergångsperioden
709 1724 88 31 samt
820 1720 116 42 övriga
957 1716 398 40 kostnadsberäkningar
1376 1715 54 30 för
1452 1713 66 31 den
1542 1723 67 30 nya

106 1777 470 45 flygvapenorganisationen.
614 1774 76 32 Vad
712 1772 162 33 beträffar
895 1770 130 32 antalet
1048 1768 135 41 meniga
1205 1767 61 31 har
1282 1764 191 33 emellertid
1489 1763 120 32 härvid

105 1843 42 20 en
181 1830 172 32 avvikelse
387 1828 90 32 skett
510 1827 74 31 från
619 1825 187 32 utskottets
839 1823 90 41 plan,
953 1821 12 31 i
989 1820 59 31 det
1081 1821 49 29 att
1163 1818 129 31 antalet
1319 1816 135 41 meniga
1477 1815 11 30 i
1513 1824 97 22 ovan-

105 1881 147 32 berörda
285 1880 94 31 tablå
412 1877 179 42 upptagits
624 1876 54 31 till
700 1876 62 30 280
784 1874 11 31 i
820 1873 115 32 stället
958 1872 53 31 för
1032 1871 12 30 i
1067 1870 126 40 planen
1215 1867 195 32 beräknade
1435 1866 68 30 180.
1556 1864 53 31 En

105 1933 97 31 inom
218 1930 193 42 flygstaben
427 1928 161 40 vidtagen
605 1925 184 40 utredning
804 1924 62 31 har
881 1922 173 40 nämligen
1078 1921 84 41 givit
1177 1919 58 31 vid
1252 1917 146 37 handen,
1415 1915 197 32 framhåller

109 1980 389 44 departementschefen,
516 1980 50 29 att
592 1975 310 43 personalbehovet
928 1973 54 31 för
1009 1972 42 31 de
1078 1967 307 45 nytillkommande
1411 1966 201 40 fottiljerna

106 2034 63 31 och
192 2033 53 30 för
268 2032 43 31 de
333 2029 149 42 följande
506 2031 100 28 årens
629 2025 213 43 rekrytering
865 2035 40 20 av
928 2023 286 31 underofficerare
1238 2019 63 31 och
1326 2016 201 33 underbefäl
1542 2015 71 31 krä-

105 2095 58 20 ver
186 2095 41 19 en
252 2084 109 30 större
385 2077 304 43 manskapsstyrka
712 2076 108 32 under
843 2072 285 34 nästkommande
1151 2070 168 42 budgetår
1341 2070 42 29 än
1400 2067 65 32 vad
1482 2078 73 20 som
1573 2076 40 21 av

106 2133 169 33 särskilda
290 2132 168 32 utskottet
481 2131 191 30 förutsatts.
703 2128 76 30 Den
804 2125 171 32 avvikelse
998 2124 73 31 från
1095 2122 187 32 utskottets
1298 2120 90 41 plan,
1406 2129 74 21 som
1496 2117 117 40 ifråga-

107 2184 147 32 varande
283 2182 127 40 ökning
432 2180 78 32 med
536 2180 59 31 100
618 2178 134 41 meniga
775 2176 153 37 innebär,
946 2177 36 29 är
1002 2172 191 33 emellertid
1209 2183 40 19 av
1265 2170 152 40 tillfällig
1432 2170 101 29 natur
1549 2167 64 31 och

108 2246 98 20 avser
239 2234 74 31 icke
348 2244 41 20 en
423 2230 205 41 utvidgning
651 2240 39 20 av
713 2229 66 30 den
803 2225 184 42 planerade
1011 2222 279 42 organisationen
1314 2222 81 29 utan
1420 2219 122 31 endast
1566 2219 49 29 ett

107 2283 271 42 möjliggörande
401 2294 39 19 av
464 2282 218 30 densammas
705 2276 276 43 genomförande.

161 2333 219 32 Beträffande
403 2330 357 34 köksföreståndarna,
785 2325 251 32 husmödrarna
1059 2324 63 30 och
1146 2321 212 42 portvakten,
1376 2319 113 31 vilken
1513 2320 37 28 är
1565 2328 50 19 av-

110 2384 85 32 sedd
230 2384 51 30 för
314 2382 129 32 Hässlö
478 2381 140 41 flygfält,
653 2382 57 28 äro
738 2378 173 31 desamma
935 2376 52 29 för
1010 2372 209 33 närvarande
1242 2372 177 40 upptagna
1442 2369 9 30 i
1476 2367 139 32 förteck-

109 2436 126 38 ningen
271 2436 79 29 över
383 2432 91 31 vissa
508 2431 11 31 i
554 2433 68 28 stat
656 2429 72 31 icke
756 2426 171 42 uppförda
950 2426 97 30 löner
1071 2424 62 30 och
1158 2422 148 31 arvoden
1329 2420 57 30 vid
1410 2419 204 41 flygvapnet.

162 2484 82 32 Med
279 2483 217 41 tillämpning
530 2493 39 19 av
597 2481 42 30 de
663 2491 65 29 nya
751 2477 195 41 grunderna
969 2476 52 30 för
1043 2472 188 40 beräkning
1254 2482 39 20 av
1317 2468 300 40 avlöningsanslag
