1888 2843
237 208 19 30 2
547 205 119 31 Andra
687 205 243 40 lagutskottets
950 204 179 31 utlåtande
1146 214 44 20 nr
1207 204 41 31 27
1267 204 39 30 år
1326 204 83 30 1967

241 288 38 31 16
301 288 39 30 år
365 297 73 21 som
461 288 145 30 förlorat
630 288 114 40 någon
768 298 42 21 av
835 288 74 31 sina
931 287 183 31 föräldrar.
1138 287 75 30 Den
1236 285 155 33 avlidnes
1417 284 218 32 nationalitet
1657 284 63 31 och

238 343 577 40 mantalsskrivningsförhållande
844 343 37 30 är
905 345 86 28 utan
1015 342 184 41 betydelse,
1229 350 80 21 men
1334 342 11 29 i
1368 340 135 41 princip
1530 340 88 30 skall
1645 339 76 30 bar-

239 399 57 28 net
315 406 83 21 vara
418 397 126 30 svensk
563 397 225 40 medborgare
807 397 64 30 och
889 415 44 3 —
951 407 57 20 om
1028 397 56 30 det
1103 397 38 29 är
1160 395 202 40 tillräckligt
1382 395 166 40 gammalt
1566 412 44 3 —
1628 401 94 21 man-

239 451 200 31 talsskrivet
469 452 10 29 i
506 451 101 30 riket.
640 451 117 30 Skulle
784 452 122 29 barnet
933 452 29 39 ej
993 450 159 41 uppfylla
1183 450 41 30 de
1252 449 179 30 allmänna
1457 446 265 39 förutsättning-

239 514 86 22 arna
349 505 55 30 för
424 505 223 41 folkpension
668 505 58 31 vid
749 505 97 31 tiden
868 505 55 30 för
944 504 186 31 dödsfallet
1152 506 86 29 utan
1260 503 88 31 först
1371 503 58 30 vid
1451 511 42 21 en
1517 510 120 21 senare
1658 500 64 30 tid-

238 559 123 39 punkt,
389 559 88 29 skall
500 559 146 39 pension
669 559 83 40 utgå
777 559 79 30 från
879 559 66 29 den
969 567 120 21 senare
1111 557 221 39 tidpunkten.
1359 556 241 39 Barnpension
1623 554 100 39 utgår

239 613 52 30 till
323 613 88 30 barn
439 612 11 30 i
477 612 195 41 äktenskap
701 613 64 30 och
797 613 88 30 barn
913 614 97 28 utom
1039 611 205 40 äktenskap.
1273 611 93 29 Barn
1398 611 97 28 utom
1529 607 195 41 äktenskap

239 668 63 29 har
333 667 89 30 dock
447 668 72 28 inte
550 667 69 29 rätt
645 668 53 29 till
728 667 237 39 barnpension
991 666 87 30 efter
1105 666 124 29 fadern
1255 674 57 21 om
1344 665 111 29 denne
1482 663 160 38 fullgjort
1671 662 52 30 sin

236 720 404 38 underhållsskyldighet
663 728 123 30 genom
808 722 47 28 ett
878 720 287 37 engångsbelopp.
1189 718 239 38 Adoptivbarn
1451 717 169 30 likställes
1644 716 79 30 med

240 778 74 38 eget
334 776 87 30 barn
439 776 58 30 vid
515 776 217 30 bedömande
751 776 64 30 och
835 776 69 30 rätt
922 776 53 30 till
993 773 246 42 barnpension.
1260 773 48 30 De
1327 773 64 30 har
1410 772 30 40 ej
1463 771 68 30 rätt
1551 770 53 30 till
1622 769 102 30 barn-

240 830 145 40 pension
411 830 43 30 då
477 830 115 40 någon
615 839 43 22 av
681 830 41 30 de
746 829 175 40 naturliga
943 828 221 31 föräldrarna
1190 827 140 31 avlider.
1356 824 241 41 Barnpension
1623 823 101 40 utgår

239 885 11 28 i
277 884 237 29 normalfallet
545 884 79 29 med
651 884 41 29 25
711 883 32 35 Z
774 893 43 20 av
841 883 233 39 basbeloppet.
1106 882 67 29 För
1200 881 96 34 barn,
1324 888 79 21 vars
1434 878 90 31 båda
1552 877 172 29 föräldrar

240 937 130 35 avlidit,
393 937 39 30 är
451 937 191 40 pensionen
666 937 39 30 35
725 937 31 35 Z
783 946 42 21 av
846 936 234 40 basbeloppet.

285 992 80 30 Rätt
389 992 53 29 till
465 990 234 41 barnpension
724 991 81 30 från
828 990 427 41 tilläggspensioneringen
1278 989 205 30 förutsätter
1508 990 50 29 att
1580 987 67 30 den
1669 995 55 21 av-

237 1045 94 30 lidne
353 1045 57 29 vid
435 1045 59 30 sitt
518 1045 164 29 frånfälle
705 1054 61 20 var
788 1044 193 38 berättigad
1006 1044 51 30 till
1082 1044 285 37 tilläggspension
1391 1043 83 29 eller
1499 1042 111 30 skulle
1633 1041 91 30 varit

240 1100 193 40 berättigad
464 1100 53 30 till
549 1100 110 30 sådan
685 1100 146 40 pension
857 1100 11 30 i
894 1099 166 30 händelse
1087 1108 41 21 av
1158 1097 205 31 invaliditet.
1390 1096 241 40 Barnpension
1658 1094 67 30 till-

240 1154 159 30 kommer
424 1154 87 30 barn
534 1154 113 29 under
674 1155 38 29 19
738 1154 48 30 år.
813 1153 150 30 Pension
985 1153 100 39 utgår
1108 1153 53 30 till
1185 1152 87 30 både
1296 1152 88 28 barn
1407 1151 11 29 i
1441 1149 194 40 äktenskap
1661 1148 65 29 och

240 1209 87 29 barn
351 1210 96 28 utom
471 1208 205 40 äktenskap.
699 1209 93 29 Barn
817 1208 64 29 har
903 1207 235 40 pensionsrätt
1160 1205 87 31 både
1271 1205 87 30 efter
1381 1203 98 31 fader
1505 1204 64 29 och
1595 1201 130 30 moder.

241 1262 133 30 Endast
401 1262 66 29 den
493 1262 127 30 största
644 1271 43 20 av
711 1261 321 40 barnpensionerna
1057 1262 98 38 utges
1181 1259 99 35 dock,
1305 1268 57 21 om
1388 1257 91 31 båda
1506 1256 220 30 föräldrarna

242 1316 37 30 är
304 1316 149 30 avlidna.
476 1315 13 29 I
514 1315 99 41 fråga
637 1325 57 21 om
718 1315 231 40 adoptivbarn
970 1315 64 30 och
1057 1312 366 40 utomäktenskapliga
1445 1311 86 30 barn
1554 1310 55 30 för
1633 1309 93 31 vilka

242 1369 142 40 utgivits
415 1369 328 40 underhållsbidrag
774 1369 79 29 med
885 1368 278 40 engångsbelopp
1201 1366 106 39 gäller
1345 1373 134 21 samma
1510 1364 109 39 regler
1652 1371 75 22 som

241 1424 96 29 inom
362 1422 377 40 folkpensioneringen.
767 1422 45 29 Är
836 1424 48 28 ett
908 1422 87 30 barn
1023 1423 135 28 ensamt
1186 1417 352 43 pensionsberättigat
1561 1417 66 30 blir
1651 1416 76 30 bar-

242 1479 76 28 nets
338 1476 146 41 pension
503 1476 42 31 40
563 1476 32 35 2
621 1486 43 20 av
684 1477 67 29 den
771 1476 156 31 avlidnes
947 1474 242 41 egenpension.
1213 1473 235 30 Efterlämnar
1470 1481 43 21 en
1532 1480 83 20 man
1637 1470 92 30 änka

242 1532 65 29 och
328 1532 48 28 ett
396 1530 353 40 pensionsberättigat
768 1530 88 30 barn
874 1530 67 29 blir
959 1530 141 29 barnets
1119 1527 146 41 pension
1290 1527 37 30 15
1347 1527 31 35 2
1405 1535 42 21 av
1467 1525 142 30 faderns
1630 1531 98 32 egen-

239 1585 157 37 pension.
419 1584 108 30 Finns
551 1584 87 29 flera
660 1584 96 35 barn,
781 1583 85 30 ökar
889 1583 40 30 de
953 1583 148 37 angivna
1123 1581 239 38 procenttalen
1385 1580 78 30 med
1490 1579 37 30 10
1553 1578 54 30 för
1629 1577 98 37 varje

243 1638 353 41 pensionsberättigat
630 1638 87 29 barn
752 1639 121 28 utöver
908 1637 56 30 det
999 1637 121 29 första.
1156 1636 64 29 Det
1256 1633 264 40 sammanlagda
1555 1633 172 39 barnpen-

244 1693 256 40 sionsbeloppet
520 1692 153 30 fördelas
694 1692 71 31 lika
785 1692 129 30 mellan
933 1692 142 30 barnen.

287 1746 242 41 Barnpension
554 1746 101 40 utgår
683 1746 11 29 i
719 1745 137 41 princip
881 1745 124 30 fr.o.m.
1035 1745 66 30 den
1127 1744 128 30 månad
1284 1743 68 30 den
1376 1742 205 31 försäkrade
1609 1741 120 31 avlidit

244 1802 91 34 eller,
361 1810 57 20 om
439 1800 67 30 den
528 1799 206 31 försäkrade
756 1799 114 40 åtnjöt
891 1799 130 30 ålders-
1044 1799 82 29 eller
1151 1796 284 41 förtidspension,
1462 1797 123 29 fr.o.m.
1611 1795 118 31 måna-

244 1855 67 30 den
337 1855 79 29 näst
443 1854 88 29 efter
558 1853 197 30 dödsfallet.
782 1853 68 29 För
880 1855 51 28 att
957 1852 146 41 pension
1135 1851 88 30 skall
1250 1850 147 40 beviljas
1429 1850 138 30 fordras
1594 1851 51 28 att
1674 1848 57 30 det

244 1908 184 40 föreligger
462 1917 43 20 en
533 1907 338 40 pensionsansökan.
905 1906 162 30 Frånsett
1101 1905 93 30 vissa
1230 1903 309 40 samordningsfall
1573 1902 158 40 upprätt-

244 1963 110 29 hålles
379 1962 120 30 kravet
524 1961 44 40 på
593 1961 158 30 ansökan
776 1961 54 29 för
859 1960 161 40 samtliga
1046 1960 184 39 pensioner
1255 1957 106 41 enligt
1390 1958 100 39 lagen
1515 1966 58 21 om
1600 1956 132 30 allmän

244 2016 210 39 försäkring.
481 2014 330 31 Pensionsansökan
839 2014 64 30 har
928 2015 11 29 i
964 2014 117 40 praxis
1107 2013 71 29 inte
1203 2014 133 28 ansetts
1364 2011 79 30 med
1473 2009 258 40 nödvändighet

244 2070 166 29 innebära
441 2078 43 20 en
513 2069 148 34 formell,
690 2068 153 40 skriftlig
872 2067 168 30 ansökan.
1070 2066 167 30 Ansökan
1265 2066 88 30 skall
1384 2064 100 40 göras
1509 2065 65 29 hos
1601 2063 131 30 allmän

248 2122 337 40 försäkringskassa.
624 2122 169 29 Närmare
825 2120 223 30 föreskrifter
1080 2119 178 39 angående
1290 2115 440 40 ansökningsförfarandet

245 2178 64 29 har
335 2176 176 31 utfärdats
542 2176 11 30 i
584 2185 43 21 en
653 2175 208 40 kungörelse
889 2175 66 30 den
982 2174 41 31 25
1050 2174 70 40 maj
1157 2173 82 31 1962
1273 2172 58 35 (nr
1360 2171 94 34 394).
1482 2169 249 41 Ansökningen

246 2231 124 40 prövas
397 2239 42 21 av
462 2230 67 30 den
554 2230 114 34 kassa,
695 2230 63 29 hos
781 2229 117 30 vilken
924 2228 67 30 den
1017 2226 205 32 försäkrade
1246 2227 38 29 är
1307 2225 180 31 inskriven
1511 2224 82 30 eller
1620 2222 112 31 skulle

246 2286 45 29 ha
313 2285 89 30 varit
426 2283 189 36 inskriven,
640 2292 57 21 om
724 2283 70 29 han
817 2283 80 40 fyllt
923 2282 37 30 16
985 2282 48 30 år.
1058 2281 128 30 Finnes
1213 2281 103 39 ingen
1344 2279 109 30 sådan
1476 2279 105 29 kassa
1608 2277 125 41 prövas

247 2339 241 39 ansökningen
509 2347 42 21 av
572 2337 67 30 den
660 2337 55 29 för
739 2336 220 31 Stockholms
983 2335 77 30 stad
1081 2334 174 31 inrättade
1279 2331 362 41 försäkringskassan.
1665 2330 68 30 An-

249 2393 110 30 sökan
377 2392 61 30 bör
456 2391 167 30 insändas
642 2391 81 29 eller
742 2391 96 38 inges
857 2390 52 30 till
928 2389 67 30 den
1012 2389 115 33 kassa,
1148 2397 74 21 som
1242 2388 89 30 skall
1350 2388 106 39 pröva
1478 2386 153 33 ärendet,
1651 2394 80 20 men

247 2448 70 29 kan
342 2446 106 31 också
472 2446 174 29 inlämnas
673 2445 52 30 till
754 2453 118 21 annan
896 2442 326 40 försäkringskassa
1250 2441 82 30 eller
1360 2439 53 31 till
1438 2439 222 31 kommunalt
1684 2446 51 22 or-

248 2510 76 32 gan,
348 2510 74 21 som
443 2498 416 40 riksförsäkringsverket
882 2497 221 31 bestämmer.
