1918 2790
254 137 40 30 94
699 141 284 30 'Statsutskottets
1008 140 175 30 utlåtande
1208 150 40 19 nr
1277 140 69 30 228.

259 224 185 38 stipendier
462 242 43 3 —
522 224 57 37 jag
597 225 128 29 räknar
744 223 123 30 härvid
886 224 79 29 med
986 224 39 30 35
1045 224 20 29 å
1086 225 40 28 40
1145 241 43 3 —
1206 227 123 26 ettvart
1347 221 21 32 å
1387 223 62 30 550
1468 223 130 29 kronor
1617 221 55 31 för
1690 221 73 31 må-

258 277 70 29 nad
357 285 42 20 av
428 275 121 35 Kungl.
578 275 100 36 Maj:t
708 275 116 30 ställas
853 274 50 30 till
930 274 206 35 förfogande
1163 272 78 31 från
1270 273 154 36 anslaget
1452 272 49 31 till
1531 272 231 31 arbetsmark-

260 326 290 36 nadsreglerande
568 325 157 37 åtgärder
746 326 55 30 för
822 324 234 31 framstående
1077 324 290 36 vetenskapsmän
1386 324 106 30 bland
1516 323 251 36 flyktingarna,

263 376 92 30 vilka
379 376 215 36 sysselsättas
621 377 79 29 med
725 376 317 35 forskningsarbete
1067 375 57 30 vid
1150 375 256 36 vetenskapliga
1432 374 240 30 institutioner.
1701 374 64 30 Det

264 427 95 31 torde
381 426 37 31 få
442 427 188 30 ankomma
650 426 45 37 på
715 426 57 30 det
794 427 152 30 centrala
967 426 448 36 arbetsmarknadsorganet
1435 428 49 27 att
1506 424 43 37 på
1571 424 131 37 förslag
1722 434 42 21 av

264 477 381 31 universitetskanslern
666 477 131 36 utvälja
817 478 99 29 dessa
939 477 231 36 stipendiater.

307 528 76 30 Vad
399 528 157 36 slutligen
574 527 108 37 angår
697 528 298 38 musikerhjälpen
1010 527 152 30 biträder
1178 527 58 37 jag
1252 526 362 37 sakkunnigförslaget
1632 531 48 26 att
1700 527 64 30 den

264 578 189 31 maximala
479 578 441 36 sysselsättningsperioden
944 578 123 31 utökas
1091 577 79 31 från
1196 577 54 37 sju
1276 578 51 30 till
1351 577 71 31 åtta
1451 576 166 32 månader
1642 587 62 26 per
1728 576 39 31 år

264 630 65 29 och
354 633 49 26 att
427 630 10 29 i
463 629 108 37 övrigt
597 629 305 31 bestämmelserna
927 629 55 30 för
1008 629 241 30 arkivarbeten
1274 627 132 32 erhålla
1430 628 244 31 motsvarande
1701 628 64 30 till-

264 680 191 36 lämpning.

310 731 111 30 Innan
439 731 121 36 Kungl.
577 730 101 39 Maj:t
694 730 105 31 fattar
815 731 113 30 beslut
945 730 11 30 i
973 730 228 31 förevarande
1220 729 125 37 frågor,
1368 730 97 30 torde
1479 730 183 35 riksdagen
1682 730 85 30 böra

262 781 144 31 beredas
429 781 133 32 tillfälle
581 785 90 33 yttra
692 782 49 36 sig
761 783 82 28 över
863 782 231 30 densamma.»

308 865 118 30 Under
440 865 165 30 rubriken
634 865 432 36 maximibeloppen
1094 865 74 30 för
1196 864 472 31 kontantunderstöd
1700 872 66 22 en-

263 915 86 37 ligt
382 915 462 37 hjälpkungörelsen
877 917 88 29 och
998 916 516 36 dyrortsgraderingen
1548 924 51 21 av
1632 914 136 30 dessa

264 967 259 30 understöd
563 967 66 29 har
649 966 252 36 föredragande
921 965 182 31 statsrådet
1125 966 141 35 anmält,
1288 969 50 28 att
1358 965 10 30 i
1392 965 185 36 anledning
1599 974 43 21 av
1662 974 42 21 en
1725 974 43 20 av

264 1016 580 31 arbetsmarknadskommissionen
866 1017 12 29 i
902 1016 162 31 skrivelse
1086 1016 67 30 den
1177 1017 39 29 25
1240 1016 88 36 april
1353 1016 83 30 1946
1459 1015 99 36 gjord
1581 1015 186 30 framställ-

266 1066 84 37 ning
366 1077 58 20 om
443 1067 146 36 höjning
606 1076 43 21 av
664 1067 316 35 maximibeloppen
997 1067 54 30 för
1069 1066 380 30 kontantunderstöden
1468 1065 103 36 enligt
1588 1066 180 35 kungörel-

263 1126 61 21 sen
348 1118 66 30 den
438 1118 41 30 30
505 1117 75 36 juni
609 1118 82 29 1934
719 1114 54 39 (nr
796 1114 76 40 434)
902 1116 177 37 angående
1103 1117 112 36 statlig
1239 1117 66 30 och
1330 1116 300 31 statsunderstödd
1655 1115 112 37 hjälp-

268 1167 222 31 verksamhet
516 1168 58 29 vid
601 1168 225 30 arbetslöshet
859 1168 122 35 Kungl.
1015 1167 100 39 Maj:t
1143 1176 125 28 genom
1295 1167 113 30 beslut
1434 1168 70 30 den
1534 1167 19 30 9
1582 1166 71 35 maj
1687 1167 81 29 1947

268 1218 225 37 bemyndigat
530 1218 272 30 kommissionen
839 1222 50 27 att
929 1217 78 31 från
1045 1219 65 29 och
1148 1219 79 29 med
1254 1218 66 30 den
1351 1219 14 28 1
1395 1217 62 38 juli
1488 1218 81 29 1947
1600 1217 171 30 fastställa

268 1268 316 36 maximibeloppen
622 1269 56 30 för
711 1269 202 36 hyreshjälp
949 1269 11 29 i
998 1269 200 30 Stockholm
1227 1269 49 30 till
1302 1269 61 29 120
1388 1268 131 30 kronor
1541 1268 57 30 för
1623 1266 148 37 familje-

267 1319 189 37 försörjare
480 1320 64 30 och
570 1320 41 30 60
637 1320 130 30 kronor
792 1319 56 31 för
872 1318 262 32 ensamstående
1158 1323 88 26 samt
1272 1319 9 29 i
1307 1319 168 35 Göteborg
1503 1318 51 30 till
1578 1317 193 36 respektive

270 1371 61 29 100
349 1370 67 30 och
434 1371 40 29 50
492 1371 139 37 kronor,
650 1379 79 21 men
747 1374 48 26 att
813 1369 299 37 framställningen
1127 1370 13 29 i
1158 1369 110 36 övrigt
1285 1369 77 30 icke
1379 1369 164 30 föranlett
1560 1367 115 37 någon
1694 1367 75 36 höj-

266 1420 82 37 ning
373 1430 43 21 av
438 1420 499 31 arbetslöshetsunderstödens
955 1420 138 32 storlek.
1119 1419 124 31 Vidare
1266 1420 65 29 har
1354 1419 254 36 föredragande
1632 1417 139 32 statsrå-

268 1471 56 30 det
342 1471 142 36 anmält,
504 1473 49 28 att
570 1470 274 31 kommissionen
862 1469 135 31 erhållit
1017 1471 157 35 uppdrag
1195 1473 49 27 att
1261 1470 185 30 verkställa
1465 1478 42 21 en
1527 1469 131 30 allmän
1676 1470 94 29 över-

268 1530 64 27 syn
351 1530 44 21 av
415 1521 159 36 gällande
593 1521 150 36 grunder
761 1521 56 30 för
834 1521 397 30 kontantunderstödens
1251 1520 224 30 beräknande
1494 1520 66 30 och
1581 1523 49 27 att
1650 1519 121 30 därvid

268 1572 87 29 även
376 1571 52 30 till
448 1571 170 36 prövning
639 1576 152 31 upptaga
813 1570 133 37 frågan,
969 1571 172 30 huruvida
1161 1570 391 35 kontantunderstöden,
1575 1579 73 21 som
1672 1570 9 30 i
1704 1569 68 30 vad

268 1622 106 36 gäller
395 1622 292 36 dagunderstödet
705 1622 40 29 är
764 1622 296 36 dyrortsgraderat
1081 1622 11 30 i
1114 1621 149 36 enlighet
1282 1621 79 30 med
1382 1620 390 37 dyrortsgrupperingen

267 1672 11 30 1
304 1673 83 30 1935
411 1671 56 31 års
489 1672 401 36 folkpensioneringslag,
913 1672 88 29 även
1024 1672 11 29 i
1057 1671 265 36 fortsättningen
1344 1672 86 29 böra
1452 1680 83 21 vara
1559 1671 212 35 dyrortsgra-

268 1723 136 30 derade.
427 1724 13 29 I
460 1723 172 30 avvaktan
652 1721 45 36 på
719 1722 112 30 denna
851 1723 147 34 översyn
1016 1722 64 29 har
1101 1723 66 29 den
1186 1721 202 30 nuvarande
1409 1720 363 37 dyrortsgraderingen

269 1776 94 33 synts
386 1773 251 36 föredragande
658 1771 182 32 statsrådet
859 1772 85 30 böra
964 1770 191 32 bibehållas
1178 1771 64 30 och
1265 1771 87 30 efter
1372 1770 170 37 ingången
1562 1780 42 21 av
1627 1769 39 32 år
1688 1771 85 29 1948

269 1823 122 32 därvid
415 1824 111 36 bygga
549 1823 45 36 på
619 1821 265 32 förhållandena
910 1822 66 30 den
1002 1823 38 29 31
1068 1821 180 31 december
1274 1821 93 31 1947.

312 1906 52 31 De
385 1916 48 21 nu
453 1907 158 36 gällande
630 1907 306 30 bestämmelserna
957 1906 148 30 rörande
1146 1905 248 30 karenstid
1443 1904 71 31 för
1556 1905 216 30 kontant-

268 1958 259 31 understöd
575 1957 149 36 enligt
769 1956 462 37 hjälpkungörelsen
1275 1955 178 35 innebära,
1480 1959 50 26 att
1555 1955 149 30 medlem
1729 1964 45 21 av

269 2008 132 31 erkänd
428 2008 357 36 arbetslöshetskassa,
812 2016 76 21 som
910 2006 167 37 uppburit
1103 2005 164 37 daghjälp
1294 2006 110 30 under
1428 2006 11 30 i
1463 2006 146 30 kassans
1634 2005 141 37 stadgar

269 2058 181 36 medgiven
469 2059 133 35 längsta
625 2058 48 31 tid
693 2067 79 21 men
792 2057 219 31 fortfarande
1031 2057 39 30 är
1089 2056 10 31 i
1121 2048 112 39 behov
1252 2066 44 21 av
1313 2057 199 36 understöd,
1535 2056 75 30 icke
1631 2056 71 29 kan
1722 2065 49 21 er-

268 2108 94 31 hålla
383 2109 255 36 dagunderstöd
658 2107 78 31 från
754 2107 386 37 arbetslöshetsnämnd,
1160 2107 120 30 förrän
1300 2106 215 31 föreskriven
1535 2106 176 31 karenstid
1730 2115 44 21 av

272 2167 58 21 sex
354 2158 106 36 dagar
484 2157 159 36 förflutit,
673 2158 30 29 d.
730 2167 30 20 v.
785 2167 24 21 s.
833 2166 49 28 ny
906 2157 176 30 karenstid
1107 2157 87 30 skall
1220 2157 181 36 iakttagas,
1427 2157 109 30 ehuru
1561 2156 110 31 sådan
1694 2157 82 36 gällt

269 2209 54 31 för
341 2209 200 31 erhållande
561 2219 43 21 av
622 2209 164 36 daghjälp
806 2208 79 31 från
903 2208 382 31 arbetslöshetskassan.
1306 2206 51 32 Då
1378 2209 114 30 denna
1509 2217 68 27 nya
1595 2206 178 31 karenstid

268 2260 77 31 icke
365 2269 101 27 synes
487 2269 82 21 vara
588 2260 124 36 sakligt
730 2259 192 30 motiverad
940 2260 65 29 har
1024 2257 251 38 föredragande
1293 2257 182 31 statsrådet
1495 2257 11 31 i
1525 2257 187 37 anledning
1730 2265 44 21 av

269 2310 9 29 i
304 2311 142 30 ärendet
469 2310 100 37 gjord
591 2309 256 37 framställning
871 2309 118 32 funnit
1013 2309 49 36 sig
1084 2309 85 30 böra
1193 2307 127 32 föreslå
1344 2307 108 32 sådan
1477 2308 146 36 ändring
1648 2317 42 21 av
1715 2307 57 30 be-

269 2361 263 31 stämmelserna
559 2361 9 30 i
597 2360 340 36 hjälpkungörelsen,
967 2363 49 27 att
1044 2359 223 30 utförsäkrad
1294 2359 253 30 kassamedlem
1575 2358 58 30 vid
1660 2358 113 29 behov

269 2410 88 31 skall
379 2412 120 29 kunna
521 2410 131 31 erhålla
672 2410 259 36 dagunderstöd
953 2410 211 30 omedelbart
1186 2409 105 30 sedan
1311 2409 211 38 daghjälpen
1542 2407 78 32 från
1644 2408 129 30 kassan

270 2461 153 35 upphört
442 2466 50 26 att
514 2460 88 37 utgå,
624 2465 86 26 utan
734 2463 47 28 att
804 2470 47 26 ny
872 2460 177 31 karenstid
1070 2460 87 29 skall
1179 2460 133 30 behöva
1333 2459 181 36 iakttagas.
