2222 2644
743 223 247 34 Statsutskottels
1013 225 170 33 Memorial
1206 225 62 34 N:o
1291 228 52 32 79.
1769 232 19 29 5

1201 378 61 35 3:0

764 464 55 32 att
848 459 218 51 Riksdagen
1096 465 60 33 må
1185 462 11 37 i
1226 463 207 37 riksstaten
1462 463 57 37 för
1548 466 40 34 år
1620 466 95 35 1895
1737 477 93 37 upp-

635 511 80 37 föra
743 517 55 31 ett
827 511 137 50 belopp
985 513 42 37 af
1046 515 161 46 100,000
1223 514 151 48 kronor,
1391 520 55 31 att
1462 515 55 36 till
1537 515 293 37 underlättande

634 562 41 37 af
712 563 178 48 åtgärder
936 565 56 36 för
1033 566 197 37 arbetares
1271 566 447 50 olycksfallsförsäkring
1759 567 69 38 och

633 614 241 50 sjukkassors
904 616 175 38 bildande
1108 618 173 38 afsättas.

363 716 86 38 Med
479 717 102 37 bifall
611 717 56 38 till
696 719 208 37 utskottets
932 720 227 38 hemställan
1189 722 11 36 i
1229 723 170 49 punkten
1422 722 37 48 b)
1475 722 40 38 af
1535 722 80 38 dess
1632 723 197 37 utlåtande

234 781 62 24 n:o
339 771 58 45 22,
429 768 66 37 har
523 769 222 49 Riksdagen
774 771 56 37 till
859 773 239 48 anskafande
1129 776 45 48 af
1198 788 47 34 ny
1274 776 112 48 rörlig
1414 775 163 36 materiel
1604 775 62 37 vid
1694 782 134 30 statens

226 820 201 49 Jernvägar
455 820 158 49 beviljat
642 828 55 31 ett
726 823 135 50 anslag
890 824 40 36 af
957 827 201 47 1,250,000
1187 826 152 38 kronor.

230 872 7 6 i
362 872 140 49 Kongl.
534 873 106 49 Maj:t
668 874 68 37 har
763 875 11 35 i
804 876 507 50 statsverkspropositionen
1340 877 209 49 föreslagit,
1580 883 56 31 att
1663 878 41 36 af
1724 878 104 37 detta

233 923 137 49 anslag
411 929 55 32 ett
497 924 137 51 belopp
664 926 42 36 af
730 928 163 46 600,000
922 927 140 38 kronor
1090 932 61 34 må
1179 930 155 37 anvisas
1362 936 56 31 att
1447 932 92 46 utgå
1568 932 20 34 å
1617 929 209 37 riksstaten

232 983 103 29 utom
366 976 302 39 hufvudtitlarne
697 978 71 37 och
796 979 220 38 återstoden
1047 983 163 46 650,000
1231 982 151 48 kronor,
1405 995 82 24 som
1503 982 117 36 borde
1638 981 189 37 bestridas

232 1027 41 37 af
309 1028 184 49 upplånta
534 1029 135 48 medel,
712 1030 154 37 anvisas
907 1037 55 31 att
989 1036 92 46 utgå
1110 1033 81 37 från
1221 1034 387 49 riksgäldskontoret,
1639 1033 85 37 med
1752 1039 75 31 rätt

233 1080 57 36 för
317 1079 141 50 Kongl.
487 1080 104 50 Maj:t
619 1087 55 31 att
702 1082 42 37 af
767 1082 237 39 sistnämnda
1034 1084 151 51 belopp,
1214 1086 10 36 i
1256 1089 84 33 mån
1370 1085 42 38 af
1432 1085 125 49 behof,
1574 1085 116 37 redan
1708 1085 119 37 under

233 1134 40 34 år
303 1134 98 35 1894
432 1132 94 49 lyfta
556 1134 164 47 500,000
750 1134 151 38 kronor.

360 1184 56 36 Då
457 1184 207 38 riksstaten
705 1186 85 37 icke
825 1186 145 38 lemnar
998 1188 164 50 tillgång
1190 1189 56 36 till
1277 1189 242 37 bestridande
1547 1188 43 38 af
1614 1191 124 46 någon
1765 1189 61 36 del

232 1235 84 37 utal
352 1235 294 49 ifrågavarande
687 1237 147 50 anslag,
872 1238 97 37 lärer
997 1239 87 37 hela
1112 1240 180 50 beloppet
1324 1242 200 47 1,250,000
1553 1241 151 47 kronor,
1735 1240 91 37 böra

232 1286 153 38 anvisas
414 1293 55 31 att
498 1291 91 45 utgå
618 1289 42 36 af
683 1289 102 36 lånta
814 1289 134 38 medel.
991 1291 225 49 Upplåning
1244 1306 116 34 synes
1390 1292 186 37 likaledes
1601 1292 225 49 erforderlig

232 1339 57 35 för
330 1339 247 37 anskaffande
620 1340 41 37 af
685 1340 46 37 de
762 1341 56 36 för
846 1344 39 33 år
917 1344 95 35 1895
1044 1343 185 49 beviljade
1262 1345 202 47 1,000,000
1492 1344 141 36 kronor
1661 1343 41 37 af
1729 1346 93 34 1891

230 1393 60 34 års
320 1391 90 36 fond
440 1390 56 37 till
526 1391 282 38 låneunderstöd
818 1394 67 49 för
904 1395 164 36 enskilda
1081 1395 218 49 jernvägar;
1315 1396 70 36 och
1403 1393 219 39 hemställer
1638 1395 187 37 utskottet

230 1442 12 36 i
270 1442 93 50 följd
391 1443 119 48 häraf,

1198 1569 60 34 4:0

756 1656 55 31 att
852 1652 63 36 det
955 1652 42 37 af
1033 1652 223 50 Riksdagen
1291 1652 188 49 beviljade
1507 1653 137 49 anslag
1673 1653 57 37 till
1758 1667 64 23 an-

627 1702 196 38 skaffande
859 1703 42 36 af
924 1717 52 35 ny
1004 1704 119 48 rörlig
1152 1704 172 37 materiel
1352 1704 62 36 vid
1444 1710 146 31 statens
1613 1705 210 48 jernvägar

630 1755 200 46 1,250,000
871 1754 141 37 kronor
1053 1756 197 36 äfvensom
1293 1756 45 35 de
1381 1755 41 36 af
1445 1755 221 48 Riksdagen
1696 1756 57 36 för
1782 1759 40 34 år

629 1807 96 34 18953
756 1805 191 49 beviljade
980 1808 200 46 1,000,000
1210 1808 139 41 kronor
1378 1807 56 36 till
1463 1807 295 37 låneunderstöd
1783 1810 38 34 åt

625 1856 174 37 enskilda
839 1857 204 49 jernvägar
1086 1861 59 34 må
1186 1859 56 36 till
1278 1858 192 49 utgående
1500 1859 80 36 från
1609 1859 212 49 riksgälds-

625 1908 179 37 kontoret
832 1909 166 48 anvisas,
1028 1916 56 30 att
1113 1911 124 48 enligt
1267 1910 138 49 Kongl.
1437 1910 125 49 Maj:ts
1591 1910 227 50 disposition

624 1960 201 48 utbetalas,
857 1961 82 37 med
970 1967 74 31 rätt
1073 1962 58 36 för
1153 1962 138 49 Kongl.
1311 1962 107 48 Maj:t
1435 1968 55 30 att
1506 1962 41 36 af
1559 1963 262 36 förstnämnda

624 2013 135 48 anslag
800 2012 92 49 lyfta
935 2014 164 46 500,000
1141 2014 152 47 kronor,
1323 2013 9 36 i
1365 2015 84 34 mån
1478 2013 42 36 af
1543 2013 126 47 behof,
1700 2014 119 37 under

623 2063 260 36 innevarande
913 2066 40 34 år
981 2064 70 36 och
1080 2065 220 36 återstoden
1329 2068 41 33 år
1401 2066 108 46 1895,

754 2121 99 29 samt
894 2121 54 29 att
989 2116 376 48 riksgäldskontoret
1395 2118 60 33 må
1483 2116 253 49 boemyndigas
1765 2122 55 31 att

625 2165 162 36 medelst
818 2166 228 48 försäljning
1074 2167 42 35 af
1128 2168 166 36 svenska
1311 2166 354 50 statsobligationer
1680 2167 140 37 bereda

625 2216 226 50 erforderlig
870 2217 162 49 tillgång
1050 2218 52 35 till
1121 2219 250 36 omförmälda
1387 2218 159 49 belopps
1564 2218 254 50 utbetalning.

353 2318 86 38 Med
469 2318 103 38 bifall
602 2318 57 37 till
689 2320 137 49 Kongl.
856 2320 126 49 Maj:ts
1011 2320 128 38 derom
1171 2321 220 38 framstälda
1420 2321 236 49 proposition
1675 2321 68 37 och
1760 2327 57 32 ut-
