2144 2671
645 167 248 33 Statsutskottets
923 167 170 33 Utlåtande
1115 169 63 32 N:o
1205 172 49 29 71.
1669 173 37 30 17

859 582 87 40 N:o
976 582 65 40 71.

778 669 78 28 Ank.
881 669 50 29 till
953 670 102 29 Biksd.
1080 671 97 28 kansli
1201 672 57 27 den
1280 672 19 28 4
1324 672 86 37 April
1435 673 93 35 1905,
1553 673 40 30 kl.
1618 675 18 27 3
1660 684 24 19 e.
1708 684 37 21 m.

460 744 202 45 Utldtande,
692 745 14 35 i
732 746 195 49 anledning
956 748 46 48 af
1017 748 134 48 Kungl.
1172 748 127 49 Maj:ts
1312 751 228 46 proposition
1560 751 187 48 angående

548 805 295 48 efterskänkande
870 808 46 47 af
940 807 157 36 kronans
1124 813 72 31 rätt
1224 809 54 36 till
1306 810 167 49 danaarf
1497 811 87 48 efter
1611 812 136 47 aflidne

548 877 169 24 muraren
745 866 39 36 P.
819 859 160 45 Öhmans
1006 868 124 36 hustru
1157 869 126 37 Maria
1310 870 148 36 Amalia
1482 863 152 54 Öhman,
1648 872 99 48 född

549 926 214 36 Karlström.
1512 930 41 48 (I.
1583 931 58 48 A.)

250 1078 17 35 I
296 1091 46 23 en
370 1078 58 36 till
457 1079 221 50 Riksdagen
705 1081 148 48 aflåten,
883 1082 57 36 till
957 1083 305 37 statsutskottets
1282 1084 276 38 förberedande
1578 1086 166 37 behand-

151 1129 81 49 ling
274 1130 261 38 öfverlämnad
575 1133 236 48 proposition
854 1134 75 48 (n:o
959 1134 63 49 82)
1066 1135 66 37 har
1160 1136 140 49 Kungl.
1329 1137 110 50 Maj:t
1466 1138 120 37 under
1614 1139 131 37 åbero-

148 1182 124 48 pande
301 1183 41 36 af
367 1183 147 49 bilagdt
541 1184 140 49 utdrag
709 1185 41 37 af
775 1186 420 50 statsrådsprotokollet
1223 1189 106 37 öfver
1356 1190 293 37 finansärenden
1669 1191 75 37 den

148 1236 20 34 6
213 1234 173 37 sistlidne
428 1249 99 23 mars
568 1237 201 49 föreslagit
809 1238 222 50 Riksdagen
1072 1244 56 32 att
1152 1241 209 50 medgifva,
1392 1246 55 32 att
1474 1242 167 37 kronans
1668 1248 76 32 rätt

146 1286 58 36 till
246 1287 161 36 danaarf
447 1288 97 49 efter
586 1289 137 37 aflidne
765 1304 176 23 muraren
983 1292 129 36 Petter
1141 1292 167 37 Öhmans
1336 1294 13 35 i
1378 1292 205 39 Sandboda
1610 1295 134 37 hustru

146 1338 119 37 Maria
305 1339 149 37 Amalia
497 1339 160 50 Ohman,
692 1342 92 37 född
812 1342 226 50 Karlström,
1069 1347 116 34 måtte
1214 1345 266 50 efterskänkas
1509 1346 58 36 till
1593 1347 152 37 förmån

148 1391 59 36 för
248 1391 145 37 hennes
437 1394 192 48 styfsöner
671 1394 391 51 hemmansbrukaren
1089 1396 127 37 Johan
1244 1397 128 37 Petter
1401 1388 148 47 Öhman
1576 1399 13 36 i
1618 1400 124 49 Kyrk-

146 1443 79 47 byn
254 1444 71 35 och
354 1444 198 37 arbetaren
581 1446 90 36 Karl
703 1446 151 49 August
883 1438 144 46 Öhman
1058 1448 11 36 i
1096 1448 129 49 Hargs
1254 1450 60 48 by.

250 1546 17 35 I
301 1546 102 37 detta
433 1548 139 36 ärende
600 1548 69 36 har
698 1549 422 49 departementschefen
1150 1551 58 36 till
1238 1552 278 37 ofvanberörda
1544 1554 199 36 statsråds-

147 1598 192 48 protokoll
368 1598 125 37 anfört
520 1600 183 49 följande:

250 1650 197 37 »Muraren
475 1651 128 37 Petter
631 1642 169 47 Öhmans
828 1654 12 35 i
870 1653 202 37 Sandboda
1099 1654 134 37 hustru
1261 1655 117 37 Maria
1407 1656 145 37 Amalia
1581 1647 160 58 Öhman,

147 1701 91 37 född
267 1702 226 49 Karlström,
522 1704 99 36 afled
649 1704 73 37 den
752 1707 20 34 5
803 1706 216 49 september
1050 1708 98 35 1900
1176 1712 92 31 utan
1298 1713 54 30 att
1372 1708 224 38 efterlämna
1614 1712 129 46 någon

145 1753 103 37 känd
276 1754 188 50 arfvinge.

250 1806 131 37 Petter
423 1797 147 47 Öhman
612 1808 97 36 afled
751 1808 73 37 den
867 1811 46 34 26
952 1810 166 37 februari
1149 1812 109 47 1901,
1290 1812 300 37 efterlämnande
1619 1815 123 34 såsom

148 1858 196 51 arfvingar
385 1862 64 33 två
490 1865 111 31 söner
628 1860 12 36 1
669 1865 54 31 ett
751 1860 163 50 tidigare
943 1862 225 50 äktenskap,
1198 1863 388 38 hemmansbrukaren
1614 1864 128 38 Johan

146 1910 130 49 Petter
305 1911 148 37 Ohman
480 1912 12 36 i
521 1912 201 48 Kyrkbyn,
750 1913 184 38 Fasterna
963 1915 152 47 socken,
1146 1915 69 36 och
1245 1916 201 37 arbetaren
1474 1917 93 36 Karl
1591 1916 152 50 August

148 1962 147 37 Ohman
336 1964 12 35 i
389 1963 138 50 Hargs
546 1964 61 48 by,
638 1964 98 37 Vätö
766 1966 153 48 socken,
948 1966 130 37 hvilka
1107 1967 97 36 efter
1231 1967 155 38 faderns
1417 1968 73 37 död
1519 1969 225 37 omhänder-

147 2020 93 43 togo
282 2015 181 37 makarne
506 2006 169 47 Öhmans
717 2017 310 51 kvarlåtenskap,
1069 2019 207 37 bestående
1313 2020 43 36 af
1379 2020 70 37 hus
1479 2021 71 36 och
1578 2021 163 49 lögören,

148 2079 81 23 som
259 2067 217 37 sedermera
503 2068 187 38 försåldes
719 2070 61 36 för
807 2070 160 50 tillhopa
998 2073 109 45 1,262
1136 2072 142 36 kronor
1307 2074 46 34 31
1384 2077 76 32 öre.

252 2118 125 37 Sedan
405 2120 169 49 härefter
602 2121 646 49 kammaradvokatfiskalsämbetet,
1279 2137 82 23 som
1390 2124 150 37 erhållit
1567 2125 175 50 kunskap

147 2184 61 22 om
223 2175 55 32 att
293 2171 131 37 hustru
441 2162 149 46 Öhman
605 2173 85 50 icke
706 2174 244 37 efterlämnat
964 2175 124 36 kända
1103 2175 121 37 arfvin
1259 2189 52 35 ar,
1329 2176 60 36 för
1401 2177 166 36 kronans
1578 2177 166 48 räkning

146 2222 182 37 affordrat
356 2223 126 37 Johan
510 2224 130 37 Petter
668 2224 148 39 Ohman
845 2227 72 36 och
946 2227 92 36 Karl
1063 2228 150 48 August
1267 2228 113 37 Öhman
1400 2229 344 51 kvarlåtenskapen

231 2285 68 28 Bih.
324 2285 44 28 till
390 2286 102 28 Biksd.
516 2287 80 28 Prot.
623 2287 90 28 1905.
758 2289 20 27 4
802 2287 88 30 Saml.
938 2289 16 27 1
978 2289 72 35 Afd.
1097 2290 38 27 39
1159 2290 90 35 Häft.
1642 2291 17 27 3
