2238 2648
680 188 248 32 Statsutskottets
958 187 165 33 Utlåtande
1146 186 62 33 N:o
1235 186 51 31 96.
1766 184 19 31 9

933 675 85 48 N:o
1052 675 73 47 96.

633 895 121 30 Ankom
779 893 46 30 till
847 893 105 31 Riksd.
976 893 97 30 kansli
1096 892 56 30 den
1177 894 39 25 26
1242 891 73 40 april
1341 893 91 33 1907,
1456 889 42 30 kl.
1524 892 70 31 2,30
1621 899 26 18 6.
1672 900 37 19 m.

436 1043 208 44 Utlåtande,
673 1042 14 34 i
715 1040 199 45 anledning
956 1040 48 43 af
1040 1040 141 44 Kungl.
1224 1038 132 43 Maj:ts
1385 1038 229 45 proposition
1646 1037 186 45 angående

623 1111 232 44 försäljning
897 1109 48 43 af
983 1111 58 34 två
1082 1109 58 35 till
1176 1108 109 44 förra
1318 1106 296 37 militiebostället
1652 1109 9 32 1
1692 1105 141 36 mantal

629 1180 124 45 Ekeby
797 1180 72 36 nis
914 1181 26 33 2
988 1180 60 34 och
1096 1180 24 33 3
1160 1179 13 33 i
1218 1176 306 37 Södermanlands
1568 1176 61 35 län
1672 1176 160 35 hörande

631 1249 213 44 lägenheter.

1594 1312 116 48 (L.A.

359 1454 15 36 I
402 1453 238 50 proposition
680 1450 79 51 (n:o
805 1452 85 47 110)
932 1453 41 35 af
1011 1452 71 37 deu
1127 1453 45 35 15
1215 1452 188 36 nästlidne
1446 1464 100 23 mars
1588 1450 68 36 har
1684 1450 143 48 Kungl.

229 1505 119 50 Maj:t,
386 1505 119 37 under
542 1503 237 50 åberopande
808 1504 41 35 af
873 1504 147 48 bilagdt
1047 1504 140 48 utdrag
1214 1504 42 35 af
1280 1502 416 49 statsrådsprotokollet
1725 1503 107 35 öfver

224 1557 375 49 jordbruksärenden
639 1556 59 36 för
740 1569 142 23 samma
924 1556 87 49 dag,
1054 1555 197 48 föreslagit
1292 1555 218 48 Riksdagen
1538 1559 55 31 att
1623 1553 206 49 medgifva,

359 1611 75 35 dels
463 1614 55 31 att
550 1611 65 34 två
650 1608 55 36 till
732 1608 101 36 förra
870 1607 310 37 militiebostället
1214 1610 18 33 1
1269 1607 139 36 mantal
1445 1606 135 49 Ekeby
1607 1606 72 36 n:is
1709 1608 21 34 2
1761 1606 71 36 och

230 1665 21 33 3
294 1662 12 35 i
346 1661 110 36 Halla
499 1660 140 37 socken
680 1660 71 36 och
792 1659 188 37 Jönåkers
1009 1659 116 37 härad
1154 1660 41 35 af
1221 1658 320 37 Södermanlands
1569 1657 62 37 län
1661 1657 169 37 hörande

229 1713 197 46 utskiften,
457 1711 320 49 Storängsskiftet
809 1711 73 36 och
911 1710 349 49 Gumängsskiftet,
1289 1711 102 47 finge
1420 1710 86 36 med
1534 1710 46 36 de
1608 1709 59 36 for
1695 1709 86 36 dem
1812 1712 18 32 å

228 1778 47 23 en
305 1765 41 35 af
369 1764 118 36 förste
524 1764 280 36 landtmätaren
832 1762 103 37 Herl.
965 1763 93 36 Rob.
1088 1762 142 36 Linder
1259 1764 41 34 år
1330 1763 96 34 1905
1457 1761 106 36 öfver
1592 1761 239 47 egendomen

229 1815 206 50 upprättad
463 1815 110 36 karta
601 1814 190 37 utmärkta
820 1815 179 36 områden
1027 1814 85 36 från
1140 1813 239 49 egendomen
1408 1812 200 37 afsöndras
1628 1812 71 36 och
1719 1812 113 36 hvart

230 1870 59 34 för
330 1867 59 48 sig
429 1867 12 35 i
483 1867 174 48 enlighet
698 1866 86 37 med
827 1866 291 36 föreskrifterna
1160 1866 11 35 i
1214 1867 59 34 8:e
1308 1865 70 36 och
1406 1864 168 49 följande
1616 1864 216 48 punkterna

230 1920 41 35 af
296 1918 131 49 kungl.
459 1918 230 37 skrifvelsen
717 1918 60 36 till
805 1917 329 49 domänstyrelsen
1164 1918 74 35 den
1268 1919 47 34 25
1345 1916 218 49 september
1585 1917 98 34 1896
1715 1920 116 43 angåä-

229 1971 96 36 ende
362 1970 289 37 bestämmelser
692 1975 56 30 att
789 1970 106 47 tjäna
936 1970 57 35 till
1023 1969 252 36 efterrättelse
1303 1969 12 35 i
1344 1968 110 48 fråga
1482 1980 61 23 om
1585 1967 246 48 lägenheters

228 2022 231 48 upplåtande
502 2023 84 34 från
629 2022 168 35 kronans
829 2020 391 48 jordbruksdomäner
1248 2020 175 48 försäljas
1451 2018 86 37 med
1566 2018 266 36 tillträdesrätt

229 2075 58 34 för
314 2073 140 49 köpare
484 2073 73 36 den
589 2075 45 34 14
665 2086 98 22 mars
794 2074 96 35 1909
920 2077 98 31 samt
1046 2071 86 36 med
1161 2071 197 46 förbehåll,
1388 2070 100 36 hvad
1509 2069 321 49 Storängsskiftet

229 2125 185 47 anginge,
443 2129 57 31 att
528 2125 74 35 den
631 2124 91 36 därå
750 2123 196 49 befintliga
975 2123 85 36 lada
1089 2123 32 48 ej
1155 2122 123 36 skulle
1305 2122 92 47 ingå
1426 2121 11 36 i
1463 2121 291 48 försäljningen,

359 2177 75 35 dels
475 2178 63 33 ock
580 2180 55 31 att
675 2175 46 36 de
764 2175 135 46 medel,
942 2187 80 23 som
1065 2186 140 37 genom
1234 2172 294 49 ifrågavarande
1557 2171 276 49 försäljningar

228 2227 144 47 inflöte,
403 2229 129 44 måtte,
561 2229 47 46 på
637 2239 144 24 samma
810 2231 77 31 sätt
915 2239 79 23 som
1025 2224 351 50 köpeskillingarna
1407 2225 60 35 för
1495 2223 163 37 försålda
1685 2222 147 37 mindre

317 2287 72 31 Bih.
414 2287 50 31 till
488 2286 112 32 Biksd.
624 2286 88 32 Prot.
740 2287 92 32 1907.
881 2286 18 30 4
924 2286 97 32 Saml.
1069 2286 17 30 1
1114 2284 77 40 Afd.
1241 2285 40 31 64
1310 2283 92 40 lläft.
1766 2283 19 30 2
