2308 2679
724 195 269 39 Stats-Utskottets
1017 197 166 30 Memorial
1210 199 58 29 N:o
1292 201 46 28 86.
1448 188 2 2 |
1757 204 18 30 3

227 275 47 47 B)
308 277 125 38 Under
473 280 254 38 1856—1858
768 282 64 37 års
871 283 149 50 riksdag
1060 284 171 49 beviljade
1260 286 139 49 anslag,
1428 300 75 23 som
1530 293 100 32 ännu
1657 290 74 36 icke
1758 298 58 29 ut-

303 330 214 37 bekommits.

976 435 18 48 $
1025 442 31 32 5.

360 508 260 39 Aterstående
647 512 191 49 beloppet,
868 512 78 37 Två
973 519 108 31 tusen
1110 516 336 51 åttahurdratjugo
1473 519 198 38 Riksdaler
1699 523 20 34 2
1736 529 76 38 öre,

227 559 83 37 utaf
335 561 64 35 det
439 562 62 35 till
534 561 135 50 Kongl.
710 563 121 48 Maj:ts
861 563 223 50 disposition
1112 567 85 36 med
1228 570 156 43 100,000
1411 569 197 39 Riksdaler
1636 573 176 36 anvisade

226 612 129 48 anslag
382 610 58 38 för
469 613 334 49 verkställigheten
831 615 40 35 af
893 616 172 36 besluten
1081 631 59 22 om
1166 618 429 48 beskattningsväsendets
1608 622 204 49 förenkling

224 662 70 36 och
322 662 58 36 för
415 663 271 49 påskyndande
728 664 40 37 af
798 666 178 36 arbetena
1003 668 62 35 vid
1095 668 45 36 de
1169 682 72 35 nya
1259 671 301 46 jordeböckernas
1600 674 212 45 afslutande

224 714 61 35 och
309 714 240 49 granskning,
581 715 80 45 bör,
689 716 12 36 i
729 720 86 32 mån
843 716 40 36 af
907 717 124 46 behof,
1061 719 188 37 utbetalas
1278 725 47 44 på
1353 722 64 36 det
1445 729 74 30 sätt
1546 723 135 49 Kopvgl.
1707 725 105 49 Maj:t

223 760 242 56 föreskrifvit.
1381 779 17 13 3

982 868 18 49 $
1031 873 29 35 6.

355 942 139 48 Nedan
522 942 248 39 omförmälda
797 946 130 47 anslag
954 948 60 34 till
1041 947 169 46 föremål,
1239 949 211 51 hänförliga
1477 953 123 36 under
1627 954 182 37 Riks-sta-

221 1000 77 30 tens
325 994 159 36 Åttonde
524 994 247 47 Hufvudtitel,
811 997 106 36 skola
955 997 245 47 fortfarande,
1242 1002 11 34 i
1281 1005 85 32 mån
1394 1002 39 36 af
1456 1003 125 45 behof,
1609 1006 200 36 tillhanda-

222 1044 118 37 hållas
369 1052 97 29 samt
494 1047 11 34 i
534 1046 73 36 den
635 1047 163 48 ordning
826 1048 92 36 eller
945 1053 48 44 på
1021 1050 64 36 det
1112 1057 85 39 sätt,
1225 1065 80 23 som
1334 1053 39 36 af
1390 1053 134 49 Kongl.
1541 1055 106 49 Maj:t
1663 1064 40 29 är
1719 1059 91 35 eller

222 1096 136 36 varder
384 1097 251 45 föreskrifvet,
665 1099 198 45 utbetalas,
892 1101 205 48 nemligen:

358 1150 68 34 1:o.
480 1148 79 37 Två
599 1155 111 30 tusen
750 1149 435 50 fyrahundrafemtiosex
1212 1154 197 38 Riksdaler
1438 1159 44 34 25
1512 1165 62 29 öre
1605 1159 84 35 utaf
1714 1161 93 35 1859

223 1199 68 35 och
337 1201 94 34 1860
472 1204 57 31 års
559 1201 140 46 anslag,
730 1203 107 42 2,000
864 1200 198 39 Riksdaler
1090 1205 153 48 årligen,
1272 1206 57 36 för
1357 1213 54 30 att
1438 1207 182 50 befrämja
1649 1211 68 34 och
1746 1214 62 45 på-

221 1249 145 49 skynda
406 1249 151 37 fortsatt
598 1250 193 50 utgifning
832 1252 40 37 af
895 1254 164 36 arbetet:
1100 1255 150 37 Svenskt
1277 1257 337 49 Diplomatarium;
1641 1260 167 37 börande

222 1299 122 37 denna
373 1302 296 47 anslagssumma
702 1304 190 35 användas
922 1303 78 37 dels
1029 1306 58 35 till
1116 1308 210 48 ersättning
1353 1308 57 36 för
1438 1310 240 49 nödvändiga
1705 1326 104 22 resor

220 1352 12 34 i
261 1351 69 35 och
358 1350 57 37 för
442 1352 164 36 nämnda
633 1353 147 36 arbetes
809 1354 219 48 utgifvande
1057 1357 69 35 och
1154 1358 79 36 dels
1261 1359 58 35 till
1347 1360 144 36 inlösen
1521 1361 40 36 af
1586 1364 68 34 175
1684 1376 124 22 exem-

221 1402 83 48 plar
345 1401 115 45 deraf,
502 1404 129 35 hvilka
659 1405 194 47 exemplar
881 1405 105 36 skola
1013 1407 58 34 till
1100 1408 44 36 de
1173 1409 183 36 särskilda
1383 1411 426 49 kontraktsprost-arki-

220 1465 71 23 ven
321 1453 147 36 utdelas
496 1453 57 36 för
582 1459 55 30 att
664 1457 122 33 såsom
816 1455 172 49 offentlig
1005 1458 184 46 egendom
1205 1460 117 35 hållas
1339 1461 255 37 allmänheten
1610 1464 203 44 tillhanda;

355 1506 69 33 2:0.
478 1504 78 35 Två
595 1514 111 26 tusen
746 1505 433 53 femhundraniotiofyra
1219 1510 197 37 Riksdaler
1457 1514 46 34 50
1544 1521 63 28 öre
1635 1514 86 36 utaf
1745 1514 64 36 det

221 1553 63 36 vid
326 1554 277 36 ofvanberörda
642 1555 152 49 riksdag
835 1558 188 46 beviljade
1053 1562 128 46 anslag
1208 1561 58 36 till
1295 1561 297 52 löneförbättring
1620 1568 38 32 åt
1685 1566 121 35 lärare

220 1604 64 35 vid
312 1605 320 49 stadspedagogier
661 1606 68 35 och
757 1608 148 36 läraren
934 1609 63 34 vid
1017 1611 228 48 pedagogien
1272 1612 14 36 i
1312 1613 134 36 Avesta
1470 1623 96 27 samt
1582 1615 227 49 utvidgning

221 1654 39 36 af
284 1656 140 35 sådana
464 1657 331 49 stadspedagogier,
838 1658 66 36 der
944 1659 319 52 undervisningen
1304 1665 134 35 vunnit
1475 1678 45 23 en
1549 1666 75 48 hög
1650 1666 94 48 grad
1773 1666 39 36 af

220 1702 228 57 utveckling.
805 1715 2 4 |

220 1813 44 49 0)
297 1816 124 37 Under
449 1818 101 36 1859
571 1818 60 37 och
650 1819 99 37 1860
767 1819 66 37 års
847 1820 150 49 riksdag
1012 1822 183 47 beviljade,
1211 1828 100 32 ännu
1326 1825 236 38 innestående
1576 1827 231 50 statsbidrag.

973 1921 18 49 $$
1021 1927 32 33 7.

351 2003 255 39 Återstående
634 2007 191 50 beloppet,
853 2008 399 40 Etthundrasextiotre
1280 2011 199 38 Riksdaler
1507 2015 21 34 4
1553 2021 63 30 öre
1635 2015 86 37 utaf
1736 2015 72 37 den

219 2055 64 36 vid
311 2054 248 39 förenämnda
586 2058 152 49 riksdag
765 2059 58 36 för
850 2061 335 48 verkställigheten
1206 2062 40 36 af
1257 2063 74 36 den
1349 2064 190 37 beslutade
1560 2066 248 49 förenklingen

219 2106 45 49 af
290 2107 412 48 beskattningsväsendet
729 2117 97 29 samt
854 2111 42 36 de
924 2124 73 35 nya
1022 2113 294 43 jordeböckernas
1345 2115 212 46 afslutande
1577 2117 60 35 och
1652 2118 156 47 gransk-

218 2157 89 48 ning
334 2158 58 35 till
420 2158 135 48 Kongl.
584 2158 122 48 Maj:ts
732 2160 224 49 disposition
978 2163 177 36 anvisade
1176 2165 296 47 anslagssumma
1492 2166 40 36 af
1548 2170 133 41 74,100
1701 2168 107 36 Riks-

218 2206 117 46 daler,
368 2209 80 44 bör,
482 2209 6 35 i
516 2213 85 33 mån
642 2211 40 36 af
704 2211 127 46 behof,
872 2216 47 45 på
948 2213 64 37 det
1040 2213 36 37 af
1103 2214 134 49 Kongl.
1265 2216 104 48 Maj:t
1395 2216 224 38 föreskrifna
1645 2224 75 31 sätt
1748 2225 61 30 ut-

219 2258 157 37 betalas.
