1894 2796
556 126 273 31 Statsutskottets
848 124 175 32 utlåtande
1041 134 41 20 nr
1110 124 69 30 173.
1608 115 15 30 1

801 423 60 40 Nr
888 422 87 42 173.

346 543 184 31 Utlåtande
550 544 11 29 i
580 542 189 40 anledning
787 550 43 21 av
851 541 122 29 väckta
993 540 174 29 motioner
1188 548 55 20 om
1266 538 186 39 utredning
1472 537 64 30 och
1557 536 70 40 för-

566 593 74 40 slag
659 592 149 30 rörande
833 589 357 41 inomskärsfarleden
1212 590 11 29 i
1242 588 189 30 Bohuslän.

1391 656 73 34 (4:e
1483 655 94 34 avd.)

168 781 12 29 I
197 780 59 30 två
273 779 222 40 likalydande
512 778 182 34 motioner,
712 778 126 29 väckta
853 778 67 29 den
939 786 66 21 ena
1021 776 98 30 inom
1135 776 113 29 första
1263 775 206 29 kammaren
1488 783 43 20 av
1546 773 81 30 herr

123 831 197 29 Gustavson
340 839 46 20 m.
406 829 38 40 fl.
471 829 46 33 (1:
539 828 59 35 88)
625 829 65 29 och
709 829 68 29 den
797 828 110 30 andra
926 828 96 29 inom
1044 827 110 29 andra
1174 827 206 29 kammaren
1403 834 43 20 av
1468 825 81 29 herr
1571 824 57 29 Ut-

127 881 73 31 bult
229 891 46 20 m.
303 881 38 40 fl.
375 880 61 34 (II:
456 880 95 34 111),
579 879 64 31 har
672 878 208 33 hemställts,
909 879 50 29 att
988 877 187 39 riksdagen
1203 876 108 30 måtte
1340 877 11 29 i
1382 875 166 31 skrivelse
1576 873 52 31 till

122 933 124 37 Kungl.
273 932 103 37 Maj:t
402 931 184 30 hemställa
613 940 55 20 om
697 939 44 21 en
768 929 137 30 fortsatt
933 928 185 37 utredning
1146 936 123 30 genom
1296 928 79 36 väg-
1402 926 66 30 och
1496 927 130 28 vatten-

122 983 351 41 byggnadsstyrelsen
502 992 43 20 av
573 982 124 39 frågan
727 990 57 21 om
814 979 358 31 inomskärsfarleden
1201 979 11 29 i
1241 978 178 30 Bohuslän
1450 979 91 28 samt
1571 977 54 30 för

123 1034 186 37 riksdagen
332 1033 190 37 framlägga
545 1032 41 30 de
611 1031 140 37 förslag,
775 1040 75 20 som
874 1030 228 37 utredningen
1125 1029 69 30 kan
1218 1028 189 30 föranleda.

169 1083 226 30 Beträffande
416 1083 41 30 de
480 1083 76 29 skäl
576 1082 261 29 motionärerna
856 1080 117 31 anfört
996 1080 53 29 till
1073 1080 76 29 stöd
1170 1079 55 30 för
1245 1079 60 29 sitt
1324 1078 157 40 yrkande
1502 1077 56 30 får
1577 1079 53 28 ut-

126 1134 129 30 skottet
279 1133 146 30 hänvisa
444 1133 53 29 till
519 1132 178 30 motionen
720 1131 45 29 II:
794 1131 71 29 111.

170 1233 89 31 Över
282 1234 220 29 motionerna
525 1233 56 33 ha,
608 1232 87 30 efter
719 1232 122 30 därom
866 1232 11 29 i
903 1230 216 39 vederbörlig
1143 1230 149 39 ordning
1316 1229 100 40 gjord
1439 1229 192 30 framställ-

125 1286 92 40 ning,
247 1285 248 40 länsstyrelsen
524 1285 11 29 i
562 1284 188 39 Göteborgs
779 1284 63 29 och
870 1283 118 30 Bohus
1017 1283 69 36 län,
1116 1283 77 39 väg-
1221 1282 64 30 och
1315 1281 313 40 vattenbyggnads-

125 1336 171 40 styrelsen
325 1338 88 28 samt
441 1334 368 40 kommerskollegium
839 1333 126 40 avgivit
992 1333 198 40 yttranden.
1219 1333 53 29 En
1301 1332 329 38 sammanställning

126 1389 81 29 över
230 1388 103 29 dessa
354 1387 98 38 fogas
475 1386 125 30 härvid
626 1385 171 39 (Bilaga).

173 1460 185 30 Utskottet.
391 1460 121 30 Såsom
536 1460 12 29 i
569 1459 220 30 motionerna
811 1458 214 30 framhållits
1047 1458 64 29 har
1134 1458 124 38 frågan
1280 1467 57 20 om
1361 1457 272 29 inomskärsfar-

129 1512 100 29 leden
245 1512 11 29 i
272 1510 177 31 Bohuslän
467 1510 147 39 tidigare
630 1509 90 30 varit
737 1509 147 29 föremål
903 1509 55 29 för
977 1507 152 31 särskild
1148 1508 197 38 utredning.
1374 1508 52 28 En
1442 1507 46 40 på
1506 1508 127 38 grund-

129 1562 54 29 val
208 1562 111 29 härav
340 1560 185 30 utarbetad
548 1560 83 39 plan
656 1559 192 30 framlades
872 1558 148 31 sålunda
1045 1558 38 30 år
1110 1558 93 34 1918,
1228 1558 247 30 innehållande
1502 1558 132 38 förslag

128 1612 53 29 till
207 1611 252 39 förbättringar
483 1610 11 30 i
519 1610 95 30 olika
636 1609 225 30 hänseenden
886 1618 42 21 av
951 1609 169 29 farleden.
1161 1608 132 30 Planen
1317 1608 63 30 har
1405 1608 90 30 dock
1522 1608 112 32 seder-

130 1670 97 21 mera
249 1661 123 30 endast
394 1662 11 28 i
430 1660 196 39 begränsad
652 1660 214 39 omfattning
888 1659 150 30 kommit
1062 1659 52 29 till
1139 1654 198 38 utförande,
1361 1659 121 30 varvid
1507 1659 127 29 främst

130 1712 38 28 är
186 1713 51 28 att
255 1712 130 29 nämna
402 1710 306 40 färdigställandet
726 1719 43 21 av
786 1710 67 29 den
874 1718 25 21 s.
917 1710 34 29 k.
971 1709 268 31 Sotenkanalen.
1270 1709 78 30 Med
1365 1709 139 39 hänsyn
1522 1709 53 29 till
1592 1710 42 29 de

130 1761 215 39 svårigheter
365 1761 55 29 för
441 1761 247 39 skeppsfarten
708 1760 65 30 och
792 1760 116 34 fisket,
931 1769 75 20 som
1026 1760 191 29 frånvaron
1240 1769 42 21 av
1304 1759 178 40 skyddade
1502 1761 134 28 vatten-

130 1815 104 37 vägar
259 1813 95 29 inom
378 1813 93 29 vissa
495 1813 97 29 delar
616 1822 41 20 av
682 1812 67 29 den
774 1811 240 30 bohuslänska
1039 1812 213 38 skärgården
1277 1811 119 34 vållar,
1422 1821 83 20 anse
1531 1811 103 30 emel-

131 1862 102 29 lertid
252 1861 262 30 motionärerna
529 1861 58 29 det
604 1870 82 20 vara
706 1863 49 27 ett
771 1861 99 29 vitalt
887 1861 149 29 intresse
1054 1861 55 28 för
1126 1860 249 39 befolkningen
1393 1861 12 29 i
1422 1861 102 29 dessa
1542 1861 94 29 trak-

132 1914 61 31 ter,
221 1914 50 27 att
296 1912 66 29 den
387 1911 200 39 föreslagna
611 1910 360 30 inomskärsfarleden
997 1910 11 30 i
1035 1911 53 28 sin
1116 1910 116 30 helhet
1259 1911 158 29 kommer
1442 1911 54 29 till
1523 1911 112 29 stånd.

131 1961 67 29 Till
213 1961 68 30 vad
296 1962 261 28 motionärerna
574 1960 217 30 härutinnan
810 1961 117 29 anfört
943 1961 46 29 ha
1004 1960 416 40 remissmyndigheterna
1437 1961 11 29 i
1466 1963 88 28 stort
1571 1963 65 27 sett

133 2011 147 30 anslutit
307 2011 60 39 sig.
402 2011 138 29 Jämväl
567 2011 170 29 utskottet
764 2011 63 29 har
852 2010 155 39 bibragts
1034 2011 68 29 den
1128 2011 282 39 uppfattningen,
1437 2013 51 28 att
1518 2012 119 29 starka

133 2061 75 30 skäl
226 2062 123 29 kunna
367 2061 168 39 åberopas
554 2061 54 29 för
629 2070 42 20 en
691 2061 110 29 sådan
820 2061 130 30 allmän
968 2061 148 39 översyn
1136 2071 43 20 av
1195 2062 42 28 de
1258 2061 236 39 föreliggande
1514 2062 124 29 försla-

135 2118 62 30 gen
214 2121 75 20 som
307 2112 11 28 i
335 2112 220 29 motionerna
571 2111 159 39 åsyftats.
750 2111 175 29 Utskottet
942 2111 56 29 får
1015 2111 147 30 sålunda
1178 2112 186 38 tillstyrka,
1382 2113 50 28 att
1449 2113 67 28 den
1533 2114 105 37 ytter-

135 2161 105 38 ligare
279 2161 187 39 utredning
497 2171 44 20 av
576 2161 124 38 frågan
738 2170 74 20 som
849 2161 56 29 må
931 2161 163 29 befinnas
1118 2162 206 38 erforderlig
1350 2171 46 20 nu
1421 2163 216 29 verkställes.

134 2211 174 39 Lämpligt
329 2211 95 29 torde
445 2220 85 20 vara
550 2212 49 28 att
621 2211 131 29 arbetet
777 2211 143 29 härmed
942 2211 177 29 anförtros
1140 2212 79 37 väg-
1239 2212 65 29 och
1325 2212 314 39 vattenbyggnads-

136 2261 180 38 styrelsen.

179 2311 73 28 Den
274 2310 38 29 år
335 2310 80 28 1918
437 2310 209 39 upprättade
667 2310 139 39 planen,
828 2310 114 29 vilken
965 2311 196 29 sedermera
1182 2311 9 29 i
1215 2311 93 30 olika
1329 2313 194 28 avseenden
1543 2313 97 29 kom-

135 2361 181 39 pletterats
341 2368 121 30 genom
488 2361 79 37 väg-
593 2360 64 29 och
682 2360 491 39 vattenbyggnadsstyrelsens
1199 2361 146 38 försorg,
1371 2362 195 30 innehåller
1591 2365 48 27 ett

136 2413 85 27 stort
242 2411 95 29 antal
358 2410 193 37 delföretag
572 2420 42 19 av
634 2410 204 29 varierande
860 2410 309 39 storleksordning.
1207 2412 11 28 I
1243 2421 42 20 en
1307 2412 52 29 del
1383 2422 41 19 av
1446 2413 195 39 remissytt-

167 2478 12 25 1
219 2478 112 30 Bihangq
344 2477 44 24 till
401 2477 170 30 riksdagens
583 2477 146 30 protokoll
744 2478 74 23 1949.
839 2478 15 23 6
865 2477 83 24 saml.
969 2478 41 23 Nr
1030 2480 140 24 173—174.
