1900 2834
329 167 41 30 18
657 162 393 35 Jordbruksutskottets
1073 158 186 33 utlåtande
1284 158 52 31 Nr
1364 157 50 29 71.

326 242 283 33 Vidkommande
633 242 66 31 den
724 239 203 36 föreslagna
951 236 374 32 låneverksamhetens
1347 235 104 35 nytta
1476 233 55 30 lör
1555 231 235 37 joråbrukar-

286 307 47 20 na
358 302 56 25 må
436 294 203 36 anmärkas,
663 295 53 29 att
739 311 42 3 —
804 294 90 28 även
918 300 56 20 om
996 288 204 31 räntefoten
1224 287 55 30 för
1306 285 213 35 utlåningen
1543 287 81 27 iran
1651 283 137 30 fonden

287 348 77 30 icke
388 348 11 29 i
424 346 203 36 jämlörelse
652 345 80 30 med
755 344 61 31 det
841 341 210 31 nuvarande
1076 340 82 35 låga
1182 338 201 35 ränteläget
1407 337 72 29 kan
1506 335 97 31 bliva
1629 334 160 30 särdeles

289 399 192 35 törmånlig
507 400 55 28 för
584 397 217 35 lantagarna
824 414 38 3 —
881 395 60 30 det
964 393 13 29 i
1002 392 65 30 allt
1092 391 64 31 iail
1181 391 81 30 med
1284 389 106 30 tanke
1414 399 46 25 pau
1483 386 233 37 möjligheten
1740 395 44 20 av

289 451 172 30 iramtida
496 449 197 35 ändringar
728 449 12 30 i
774 445 183 36 ränteläge
991 444 65 30 och
1086 441 334 38 penningställning
1455 440 113 29 mäste
1604 437 186 31 betraktas

286 513 76 20 som
386 512 42 20 en
452 500 125 36 tördel,
600 501 52 29 att
677 500 41 30 de
744 499 56 29 för
825 496 227 32 närvarande
1077 494 231 36 synnerligen
1330 492 74 30 lösa
1427 490 206 31 krediterna
1657 489 128 31 bindas

286 560 47 30 på
354 555 39 29 så
416 553 92 36 goda
529 552 130 30 villkor
684 560 75 22 som
783 550 41 30 de
847 548 215 35 föreslagna,
1104 547 54 30 Då
1181 543 417 35 kreditinrättningarna
1619 541 79 30 med
1721 550 63 20 nu-

286 605 158 31 varande
470 602 252 33 förhållanden
747 611 44 26 pa
815 598 362 38 kapitalmarknaden
1201 597 96 30 hava
1321 595 150 30 intresse
1496 604 45 20 av
1568 595 52 28 att
1644 591 144 32 behålla

286 658 58 29 sin
373 655 177 36 utlåning,
579 655 71 30 kan
678 653 189 36 därjämte,
898 652 117 30 såsom
1043 646 393 39 departementschefen
1467 644 211 36 framhållit,
1709 645 76 28 fon-

286 709 85 30 dens
396 707 174 30 tillkomst
595 705 175 31 beräknas
796 705 12 29 i
835 713 41 20 en
904 704 55 29 för
987 702 216 34 låntagarna
1231 707 176 28 gynnsam
1434 696 164 35 riktning
1625 694 160 37 paverka

287 758 381 37 betalningsvillkoren
692 758 56 29 tör
768 756 61 31 det
852 755 75 36 slag
950 764 46 20 av
1017 752 167 37 krediter,
1207 760 126 22 varom
1355 750 65 30 här
1445 752 39 27 är
1509 749 114 35 fråga.

327 811 80 32 Med
428 811 143 35 hänsyn
591 809 55 31 till
666 809 53 30 att
740 808 61 31 det
822 805 209 32 nuvarande
1053 803 200 36 ränteläget
1274 803 110 30 måste
1405 800 111 31 verka
1538 798 246 32 aterhåällande

286 865 47 34 på
359 862 225 35 efterfrågan
611 871 44 20 av
681 860 63 31 lån
771 860 83 29 från
880 857 132 31 fonden
1039 856 98 30 torde
1163 856 61 30 det
1251 854 12 30 i
1292 852 265 37 propositionen
1583 849 205 32 beräknade

285 914 174 36 kapitalet
483 914 56 29 för
565 912 141 35 fonden,
729 910 179 36 20,000,000
929 909 141 34 kronor,
1095 916 88 20 vara
1209 904 223 35 tillräckligt.
1470 902 181 31 Utskottet
1675 900 110 31 biträ-

285 967 63 30 der
372 965 133 36 Kungl.
531 964 126 36 Maj:ts
681 961 304 37 anslagsäskande
1010 960 12 29 i
1049 960 114 30 denna
1190 958 66 31 del.

328 1017 118 31 Under
474 1015 263 32 framhållande
767 1024 45 20 av
839 1013 53 30 att
918 1008 486 38 förvaltningskostnaderna
1432 1008 87 30 böra
1545 1005 114 31 hallas
1687 1005 99 30 inom

286 1075 40 25 så
354 1071 111 29 snäva
496 1070 147 34 gränser
670 1076 75 21 som
774 1064 140 36 möjligt
943 1062 199 37 tillstyrker
1169 1061 175 30 utskottet
1373 1059 136 36 jämväl
1539 1059 53 28 att
1622 1057 54 30 för
1705 1056 82 31 sist-

286 1120 158 31 nämnda
473 1119 169 31 ändamål
668 1117 146 31 anvisas
841 1117 60 31 det
928 1125 45 20 av
1002 1113 133 36 Kungl.
1165 1112 110 36 Maj:t
1304 1111 130 31 äskade
1464 1107 325 37 förslagsanslaget

285 1184 20 19 a
332 1172 105 36 30,000
461 1171 142 30 kronor.

326 1221 436 37 Detaljbestämmelserna
789 1220 13 29 i
831 1220 56 30 det
917 1217 203 36 framlagda
1150 1215 173 36 förslaget
1350 1214 57 30 till
1433 1211 213 38 kungörelse
1676 1215 112 31 angå-

286 1274 87 31 ende
396 1275 136 29 statens
558 1270 349 34 sekundärlånefond
933 1270 55 30 för
1014 1267 236 37 jordbrukare
1277 1265 185 31 föranleda
1488 1264 77 30 icke
1589 1264 118 35 nagon
1731 1264 56 28 ut-

285 1326 148 30 skottets
458 1325 147 31 erinran
626 1324 12 30 i
662 1323 117 30 andra
800 1320 225 32 hänseenden
1049 1321 46 29 än
1118 1319 41 31 de
1180 1318 12 30 i
1216 1317 224 31 motionerna
1463 1315 159 32 berörda.

325 1377 124 36 Enligt
470 1377 18 29 I
510 1376 64 31 och
597 1376 37 29 18
656 1373 38 36 $$
716 1375 13 29 i
753 1373 170 35 förslaget
945 1372 60 31 må
1028 1371 60 30 lån
1111 1371 83 30 från
1216 1368 131 32 fonden
1368 1367 181 32 meddelas
1572 1367 72 30 mot
1666 1365 121 31 säker-

285 1430 60 29 het
371 1439 44 20 av
442 1427 209 35 inteckning
680 1426 12 30 i
718 1424 254 37 jordegendom
998 1422 57 31 till
1081 1422 104 35 högst
1211 1420 201 36 sjuttiofem
1438 1419 146 36 procent
1610 1428 44 20 av
1682 1425 105 27 egen-

284 1481 144 31 domens
455 1478 311 36 belåningsvärde.
818 1476 81 31 Med
924 1473 253 38 jordegendom
1205 1472 93 32 skall
1326 1472 130 30 förstas
1485 1468 251 38 självständig,
1764 1478 19 20 a

285 1532 147 31 marken
459 1531 202 31 bestämbar
691 1530 73 29 fast
795 1527 178 36 egendom,
1003 1527 89 30 varå
1122 1524 174 37 jordbruk
1334 1523 84 30 eller
1458 1521 174 37 jordbruk
1672 1520 115 36 jämte

285 1583 198 35 skogsbruk
504 1581 171 31 bedrives.
717 1581 19 30 I
758 1577 314 37 belåningsvärdet
1095 1578 57 29 må
1174 1576 33 36 ej
1231 1575 172 30 inräknas
1425 1574 128 31 värdet
1575 1579 20 24 å
1619 1572 168 31 växande

284 1635 96 35 skog.

325 1687 17 30 I
366 1686 223 30 motionerna
614 1685 30 29 I:
659 1684 58 30 308
741 1683 64 31 och
827 1682 51 30 II:
893 1681 57 31 334
974 1680 213 36 hemställes,
1213 1680 55 29 att
1292 1680 90 29 även
1406 1676 183 37 fastighet,
1611 1676 90 30 varå
1726 1684 58 21 en-

284 1739 81 30 bart
390 1735 316 38 trädgårdsodling
733 1734 171 36 bedrives,
931 1733 12 30 i
971 1731 235 32 förevarande
1234 1730 198 30 hänseende
1458 1728 115 31 skulle
1600 1726 186 32 betraktas

284 1791 116 29 såsom
423 1788 261 37 jordegendom.
730 1786 225 30 Motionerna
981 1784 32 30 I:
1028 1784 58 29 294
1108 1783 64 30 och
1198 1782 52 31 II:
1266 1782 57 30 522
1348 1791 93 26 avse,
1467 1781 54 29 att
1545 1780 12 30 i
1582 1778 204 35 belånings-

283 1841 127 31 värdet
434 1842 20 29 a
481 1839 253 37 jordegendom
758 1836 112 32 skulle
895 1837 35 30 fa
958 1835 171 31 inräknas
1154 1834 128 30 värdet
1308 1835 20 28 å
1351 1832 164 31 växande
1540 1831 95 35 skog.

325 1892 78 31 Vad
429 1893 91 29 först
545 1891 112 35 angår
685 1890 42 30 de
754 1888 221 36 fastigheter,
1002 1889 21 28 å
1048 1886 99 31 vilka
1172 1885 127 31 enbart
1326 1882 315 38 trädgårdsodling
1668 1880 114 32 bedri-

283 1954 72 26 ves,
380 1944 123 30 kunna
527 1943 44 30 de
597 1941 112 36 enligt
734 1940 190 31 utskottets
951 1939 96 31 åsikt
1071 1938 13 30 i
1106 1937 98 31 vissa
1229 1937 66 30 fall
1321 1945 88 21 vara
1437 1945 45 20 av
1507 1934 112 31 sådan
1643 1928 139 45 beskaf-

284 1995 131 35 fenhet,
442 1996 54 29 att
522 1995 43 30 de
592 1993 163 35 skäligen
782 1993 12 29 i
819 1988 387 38 belåningshänseende
1234 1988 86 31 böra
1357 1986 179 31 likställas
1572 1985 78 31 med
1687 1984 98 36 jord-

283 2046 328 36 brukslägenheter.
664 2044 184 31 Utskottet
876 2042 127 31 tänker
1032 2041 160 30 närmast
1223 2041 46 34 på
1296 2039 135 31 sådana
1460 2035 323 38 trädgårdsfastig-

282 2098 108 35 heter,
422 2098 64 30 där
519 2097 66 30 den
616 2094 295 37 högkultiverade
942 2093 128 36 jorden
1099 2091 265 37 representerar
1394 2090 50 30 ett
1475 2088 165 35 verkligt,
1668 2087 116 31 bestå-

283 2150 87 31 ende
398 2150 120 30 värde.
578 2148 167 31 Däremot
776 2146 234 36 ifrågasätter
1041 2144 172 31 utskottet
1244 2142 153 37 givetvis
1429 2141 76 31 icke
1537 2140 168 35 belåning
1735 2149 48 20 av

283 2201 222 36 fastigheter,
532 2210 74 21 som
632 2199 56 30 till
714 2199 57 30 sin
798 2197 264 35 huvudsakliga
1087 2196 106 30 natur
1219 2197 62 28 äro
1308 2192 360 36 bostadslägenheter.
1718 2187 63 45 Ut-

282 2253 130 30 skottet
436 2252 221 35 förutsätter,
679 2251 53 30 att
758 2249 132 36 Kungl.
913 2248 110 36 Maj:t
1044 2248 62 30 vid
1128 2246 218 31 utfärdande
1370 2255 45 21 av
1439 2243 212 37 kungörelse
1674 2242 12 30 i
1708 2244 72 28 äm-

282 2305 60 29 net
365 2304 165 35 vidtager
559 2303 40 31 de
624 2302 199 35 ändringar
847 2301 12 29 i
884 2301 57 30 det
967 2299 58 31 till
1050 2299 210 35 riksdagens
1287 2296 168 37 yttrande
1480 2295 205 35 framlagda
1710 2294 71 30 för-

281 2355 124 35 slaget,
431 2364 75 20 som
534 2354 181 30 erfordras
744 2353 56 30 för
828 2352 52 30 att
906 2351 216 35 möjliggöra
1148 2348 170 36 belåning
1345 2358 43 20 av
1416 2344 367 38 trädgårdsfastighe-

282 2409 54 29 ter
360 2407 11 30 i
394 2407 69 31 den
489 2406 253 35 utsträckning
769 2404 172 30 utskottet
965 2413 49 21 nu
1039 2403 129 35 antytt.

322 2457 284 33 Vidkommande
630 2457 161 31 därefter
822 2456 128 35 frågan
979 2465 56 20 om
1064 2452 275 37 skogsbelåning
1367 2452 80 36 kan,
1476 2452 115 29 såsom
1621 2449 162 36 departe-
