2228 2618
427 154 42 31 22
823 153 320 33 Bankoutskottets
1171 153 188 33 utlåtande
1387 153 53 32 Nr
1464 153 52 31 64.

546 233 136 38 Kungl.
706 232 138 38 Maj:ts:
860 232 152 38 förslag:
1388 231 198 32 Utskottets
1614 230 153 37 förslag:

516 285 194 49 Styrelsen
730 285 68 35 har
819 290 53 30 att
891 286 48 47 på
959 288 74 32 sätt
1052 283 252 48 reglementet
1324 281 225 37 föreskriver
1569 281 99 36 kalla
1687 281 295 36 huvudmännen

384 338 59 36 till
462 336 288 38 sammanträde.
792 335 253 37 Föreskrivna
1065 333 336 49 kallelseåtgärder
1420 333 105 36 skola
1544 346 91 23 vara
1654 333 184 48 vidtagna
1858 338 126 31 senast

384 392 65 33 två
474 389 139 36 veckor
641 388 81 36 före
751 386 341 38 årssammanträde
1121 386 71 36 och
1212 391 126 30 senast
1357 398 47 23 en
1423 385 120 36 vecka
1562 385 81 35 före
1663 390 115 30 annat
1796 397 188 23 samman-

384 440 116 37 träde.
555 440 78 36 Där
674 439 59 36 för
773 439 181 49 giltighet
994 451 47 23 av
1085 437 123 37 beslut
1250 436 157 47 fordras,
1437 441 54 31 att
1519 436 62 36 det
1609 436 131 36 fattats
1770 438 48 47 på
1845 438 64 34 två
1935 439 49 45 på

383 492 187 36 varandra
599 490 169 49 följande
797 489 307 38 sammanträden
1133 488 84 37 med
1246 488 307 48 huvudmännen,
1583 489 62 34 må
1669 486 155 38 kallelse
1843 487 58 37 till
1920 487 65 37 det

384 544 117 36 andra
529 542 295 37 sammanträdet
852 543 32 49 ej
916 542 77 45 ske,
1020 541 128 36 innan.
1167 540 63 36 det
1258 540 120 36 första
1406 539 139 37 hållits.

512 595 74 37 Vid
606 594 242 48 omröstning
867 597 21 33 å
907 592 280 38 sammanträde
1206 591 85 37 med
1311 591 294 37 huvudmännen
1624 596 72 42 äge
1714 591 104 48 varje
1837 590 147 36 huvud-

383 660 88 23 man
514 659 47 23 en
602 651 90 31 röst.
748 645 231 37 Huvudman
1021 647 61 33 må
1123 644 161 36 allenast
1315 642 244 50 personligen
1588 647 113 32 utöva
1728 642 58 36 sin
1815 646 165 32 rösträtt.

383 697 244 48 Huvudman,
656 710 80 23 som
765 697 123 36 tillika
916 701 41 32 är
983 695 326 50 styrelseledamot
1337 694 91 37 eller
1450 694 232 49 tjänsteman
1700 694 12 36 i
1731 693 253 50 sparbanken,

384 752 61 34 må
473 749 34 49 ej
538 750 153 48 deltaga
718 749 12 36 i
758 749 61 35 val
847 762 47 24 av
921 748 144 37 revisor
1093 747 92 36 eller
1212 747 12 35 i
1252 746 124 37 beslut
1403 746 198 48 angående
1630 745 277 38 ansvarsfrihet
1926 745 60 36 för

383 801 197 49 styrelsen.

513 852 232 37 Huvudman
774 854 61 34 må
863 852 32 48 ej
926 864 88 23 vara
1042 851 232 48 tjänsteman
1296 849 18 37 i
1342 849 249 49 sparbanken,
1622 849 67 36 där
1716 849 33 48 ej
1779 848 136 37 sådant
1944 853 42 31 är

383 905 12 35 i”
435 905 252 48 reglementet
727 902 261 50 uttryckligen
1029 902 205 48 medgivet,
1264 902 32 48 ej
1327 901 118 37 heller
1472 901 166 36 ledamot
1666 914 47 23 av
1741 900 158 49 styrelse
1926 900 59 36 för

385 956 91 37 eller
503 956 232 48 tjänsteman
761 955 13 36 i
802 968 125 23 annan
956 954 201 49 sparbank.

514 1007 231 37 Huvudman
774 1009 61 34 må
862 1006 83 37 icke
972 1007 12 34 i
1013 1006 124 36 denna
1166 1005 59 36 sin
1253 1004 193 48 egenskap
1474 1003 149 48 åtnjuta
1653 1003 148 36 arvode.

1131 1127 44 35 11
1206 1124 32 50 8.

515 1213 278 38 Ledamöterna
820 1225 48 24 av
897 1212 210 50 sparbanks
1136 1211 159 50 styrelse
1323 1211 109 37 skola
1458 1211 120 48 väljas
1607 1210 57 36 för
1686 1210 76 37 viss
1782 1210 66 47 tid,
1869 1210 117 49 högst

385 1267 76 35 fem
503 1268 55 43 år;
602 1266 97 36 dock
739 1267 61 34 må
841 1264 102 37 tiden
971 1266 93 46 utgå
1093 1263 161 37 allenast
1281 1266 21 33 å
1330 1263 122 48 dagen
1480 1262 58 36 för
1564 1262 317 36 huvudmännens
1910 1264 76 34 års-

385 1317 286 37 sammanträde.

516 1368 337 50 Styrelseledamot
881 1370 74 45 må,
984 1366 96 37 ändå
1108 1372 55 31 att
1191 1366 74 36 den
1292 1366 69 47 tid,
1381 1366 60 36 för
1458 1365 128 37 vilken
1606 1364 77 37 han
1702 1365 108 37 blivit
1828 1364 100 48 vald,
1949 1365 34 48 ej

386 1423 84 46 gått
489 1421 56 36 till
565 1420 111 47 ända,
692 1419 128 36 kunna
838 1432 140 35 genom
997 1418 125 37 beslut
1139 1431 46 23 av
1200 1417 294 37 huvudmännen
1510 1417 133 48 skiljas
1658 1416 82 36 från
1755 1416 229 49 uppdraget.

514 1473 131 47 Avgår
682 1470 335 50 styrelseledamot,
1054 1470 117 36 innan
1209 1468 74 37 den
1310 1468 67 48 tid,
1406 1468 57 37 för
1489 1468 126 37 vilken
1646 1468 76 37 han
1750 1467 109 38 blivit
1885 1467 100 47 vald,

384 1527 84 45 gått
495 1524 56 36 till
580 1522 110 48 ända,
720 1521 127 49 åligge
876 1521 63 37 det
967 1521 136 49 övriga
1131 1521 368 49 styrelseledamöter
1526 1525 56 31 att
1609 1519 277 49 ofördröjligen
1910 1519 76 36 för-

385 1576 163 36 anstalta
589 1588 62 23 om
692 1575 62 35 val
796 1587 45 23 av
873 1587 53 35 ny
957 1573 164 36 ledamot
1149 1572 13 36 i
1190 1572 71 37 den
1291 1574 223 46 avgångnes
1543 1571 126 45 ställe;
1699 1571 96 37 dock
1823 1573 71 45 må,
1924 1583 61 24 om

385 1627 202 49 suppleant
627 1627 133 47 finnes,
801 1626 86 36 med
922 1625 134 36 sådant
1083 1625 63 36 val
1175 1627 107 33 anstå
1309 1623 60 37 till
1396 1628 107 32 nästa
1531 1622 343 37 årssammanträde
1901 1622 85 36 med

384 1679 308 36 huvudmännen.

516 1729 334 50 Styrelseledamot
877 1730 60 35 må
966 1729 31 48 ej
1027 1741 92 23 vara
1146 1728 232 48 tjänsteman
1406 1727 12 36 i
1438 1726 252 50 sparbanken,
1710 1725 67 37 där
1797 1726 32 48 ej
1852 1725 135 37 sådant

385 1786 42 31 är
468 1782 12 35 i
520 1781 249 49 reglementet
808 1780 258 49 uttryckligen
1107 1779 207 48 medgivet,
1353 1778 31 49 ej
1416 1777 117 37 heller
1560 1778 166 36 ledamot
1753 1791 47 23 av
1828 1777 159 50 styrelse

384 1833 56 36 för
466 1833 94 36 eller
587 1833 232 48 tjänsteman
847 1832 12 36 i
888 1845 125 23 annan
1041 1830 191 50 sparbank
1260 1830 90 37 eller
1379 1830 165 36 direktör
1568 1830 59 36 för
1647 1829 92 37 eller
1757 1829 229 49 tjänsteman

384 1885 12 35 i
425 1884 230 50 bankbolag.
703 1884 59 36 Av
790 1883 208 49 styrelsens
1026 1882 209 37 ledamöter
1263 1884 60 34 må
1353 1882 32 49 ej
1417 1894 78 24 mer
1523 1886 48 31 än
1591 1894 47 23 en
1663 1880 183 50 tredjedel
1865 1879 122 37 tillika

384 1949 92 24 vara
502 1936 207 37 ledamöter
737 1949 47 23 av
812 1936 159 49 styrelse
999 1935 58 36 för
1085 1933 228 50 bankbolag.

1293 1985 315 46 Styrelseledamot
1635 1986 59 34 må
1730 1986 34 42 ej
1792 1985 68 35 den
1887 1995 99 32 vara,

1214 2049 73 25 som
1316 2043 44 30 är
1387 2039 13 34 i
1429 2036 337 37 konkurstillstånd.

517 2089 335 51 Styrelseledamot
894 2092 60 34 må
994 2090 12 36 i
1048 2088 118 38 sådan
1198 2088 193 49 egenskap
1419 2087 172 50 uppbära
1620 2087 138 37 arvode
1786 2087 133 36 endast
1946 2089 42 33 så

386 2142 73 37 vitt
500 2142 62 37 det
599 2142 259 49 uttryckligen
882 2141 198 49 medgives
1108 2140 13 36 i
1148 2141 263 48 reglementet;
1442 2139 96 37 dock
1565 2144 58 31 att
1651 2139 139 36 arvode
1817 2138 83 35 icke
1927 2140 62 33 må

386 2197 95 45 utgå
508 2207 47 24 av
584 2194 117 36 andra
728 2193 122 37 medel
879 2198 48 32 än
955 2192 224 37 avkomsten
1209 2205 46 23 av
1283 2191 261 50 sparbankens
1574 2190 145 37 fonder.
