1864 2780
297 151 38 29 14
566 152 406 36 Bevillningsutskottets
993 153 220 31 betänkande
1233 163 42 20 nr
1297 156 39 29 10
1357 154 38 30 år
1418 156 84 29 1963

657 241 35 35 3)
714 241 41 29 de
771 241 222 37 likalydande
1008 243 219 29 motionerna
1243 243 95 30 1:432
1355 252 41 21 av
1411 244 81 29 herr
1507 244 158 37 Hagberg
1681 253 45 21 m.
1741 244 37 30 fl.

612 293 65 30 och
699 294 45 29 II:
767 294 63 29 524
849 303 42 20 av
909 294 81 30 herr
1009 295 199 30 Heckscher
1227 304 44 22 m.
1292 296 37 30 fl.
1350 305 55 21 om
1427 297 92 29 vissa
1539 297 240 36 sparstimule-

613 347 108 29 rande
739 346 171 38 åtgärder,

654 402 76 30 icke
750 402 106 30 måtte
877 402 179 30 föranleda
1076 403 114 37 någon
1211 403 204 37 riksdagens
1436 403 130 38 åtgärd.

340 498 202 30 Stockholm
563 499 65 29 den
649 499 42 30 28
713 499 154 29 februari
891 499 82 30 1963

717 596 47 30 På
785 597 398 37 bevillningsutskottets
1205 599 145 36 vägnar:

857 676 114 30 JOHN
998 677 212 30 ERICSSON

911 846 241 30 Närvarande:

335 904 81 30 från
460 906 138 29 första
614 906 221 30 kammaren:
854 907 122 30 herrar
991 908 90 29 John
1101 908 174 35 Ericsson,
1292 909 168 37 Hagberg,
1477 909 109 30 Oscar
1603 909 174 35 Carlsson,

291 957 125 30 Gustaf
438 958 190 35 Elofsson",
651 959 224 35 Lundström,
898 959 104 31 Gösta
1023 961 204 36 Jacobsson,
1249 962 91 36 Tage
1362 962 211 36 Johansson,
1598 963 180 34 Billman",

291 1009 147 30 Wikner
456 1011 64 29 och
540 1011 84 30 Paul
643 1012 170 35 Jansson;
834 1015 91 27 samt

334 1066 78 29 från
477 1067 120 29 andra
627 1066 220 30 kammaren:
867 1067 121 29 herrar
1006 1068 143 34 Brandt,
1167 1068 148 35 Allard”,
1331 1068 141 30 Nilsson
1490 1069 9 29 i
1518 1068 152 36 Svalöv”,
1688 1069 89 37 Eng-

290 1118 119 36 kvist",
430 1119 200 29 Andersson
651 1120 10 28 i
683 1118 151 36 Essvik”,
854 1120 133 34 Darlin,
1008 1120 55 29 fru
1084 1120 207 36 Holmqvist,
1310 1121 121 30 herrar
1452 1121 167 30 Eriksson
1639 1123 10 29 i
1668 1122 109 30 Bäck-

291 1180 106 27 mora,
419 1171 156 38 Enskog"
597 1172 65 29 och
682 1172 179 38 Broberg”.

332 1261 28 29 +)
384 1260 73 28 Icke
478 1260 198 28 närvarande
696 1261 54 27 vid
770 1261 153 33 justering
942 1270 37 19 av
998 1262 224 27 betänkandet.

900 1452 263 29 Reservationer

330 1520 29 32 I)
384 1529 42 21 av
445 1521 121 30 herrar
583 1521 171 38 Hagberg,
774 1522 124 37 Gustaf
914 1523 174 38 Elofsson,
1107 1524 225 38 Lundström,
1351 1524 104 31 Gösta
1471 1524 205 38 Jacobsson,
1693 1525 83 30 Bill-

288 1582 91 29 man,
402 1573 141 31 Nilsson
566 1575 11 29 i
600 1574 134 36 Svalöv,
757 1574 132 38 Darlin,
911 1575 169 31 Eriksson
1104 1576 9 29 i
1136 1577 205 36 Bäckmora,
1362 1577 143 37 Enskog
1525 1579 65 29 och
1611 1578 163 38 Broberg,

289 1626 93 30 vilka
404 1643 45 4 —
472 1627 111 29 under
606 1627 220 37 åberopande
849 1636 41 21 av
911 1629 66 29 vad
1002 1638 74 20 som
1100 1629 136 30 anförts
1258 1630 11 29 i
1292 1630 218 30 motionerna
1533 1630 75 30 1:89
1631 1640 42 21 av
1695 1632 82 29 herr

289 1679 163 30 Per-Olof
472 1680 146 30 Hanson
642 1690 45 20 m.
703 1680 36 31 fl.
763 1681 64 29 och
851 1681 113 30 I1:102
989 1691 41 21 av
1051 1683 81 29 herr
1155 1683 200 30 Antonsson
1379 1693 45 20 m.
1439 1683 37 32 fl.
1499 1686 91 29 samt
1611 1684 99 30 1:432
1734 1694 41 21 av

288 1733 79 29 herr
387 1733 160 38 Hagberg
566 1743 43 20 m.
625 1733 36 32 fl.
682 1734 65 30 och
767 1734 113 30 11:524
900 1744 41 20 av
958 1735 81 30 herr
1057 1736 198 30 Heckscher
1274 1746 44 20 m.
1333 1736 37 31 fl.
1390 1737 178 37 angående
1586 1738 188 30 stimulans

289 1786 54 30 för
360 1787 140 34 enskilt,
518 1787 158 38 frivilligt
693 1789 172 35 sparande
882 1796 123 29 genom
1023 1798 25 20 s.
1063 1790 32 30 k.
1113 1790 147 30 allmänt
1277 1790 308 37 skattesparkonto
1599 1809 45 3 —
1660 1792 115 29 ansett

287 1842 50 28 att
362 1841 173 30 utskottet
559 1841 78 31 bort
662 1842 186 30 hemställa
873 1852 56 20 om
954 1844 187 37 utredning
1166 1844 65 29 och
1256 1844 130 37 förslag
1411 1845 11 29 i
1447 1854 42 20 av
1514 1845 259 30 motionärerna

289 1893 137 37 angivet
441 1893 91 38 syfte
546 1894 64 29 och
624 1896 52 28 att
690 1895 172 30 utskottet
875 1895 119 30 därför
1008 1896 77 29 bort
1099 1895 140 35 föreslå,

647 1949 52 28 att
721 1948 185 38 riksdagen
929 1949 10 29 i
962 1950 187 37 anledning
1172 1959 42 21 av
1235 1951 218 30 motionerna
1476 1951 74 29 1:89
1572 1952 64 29 och
1660 1952 113 29 II:102

603 2003 92 28 samt
724 2001 219 31 motionerna
972 2002 96 30 1:432
1096 2002 65 30 och
1191 2003 113 29 11:524
1333 2004 10 29 i
1371 2004 167 30 skrivelse
1566 2005 52 29 till
1647 2004 126 38 Kungl.

603 2053 108 37 Maj:t
728 2054 106 30 måtte
853 2055 141 30 anhålla
1010 2065 56 20 om
1083 2056 188 37 utredning
1287 2056 64 30 och
1369 2055 132 39 förslag
1517 2058 51 30 till
1587 2058 186 37 riksdagen

603 2107 78 29 med
703 2107 140 38 ledning
863 2117 42 20 av
924 2109 65 28 vad
1010 2117 74 21 som
1105 2109 9 29 i
1135 2108 218 31 motionerna
1374 2110 135 30 anförts
1530 2110 148 31 rörande
1698 2120 75 27 pre-

603 2160 148 37 miering
769 2169 41 21 av
827 2161 189 37 personligt
1034 2162 173 36 sparande
1224 2162 44 36 på
1284 2163 143 30 särskilt
1444 2164 191 36 sparkonto
1652 2165 10 29 i
1678 2163 94 30 bank

603 2213 83 29 eller
708 2221 116 21 annan
846 2214 360 37 penninginrättning.

327 2317 46 32 II)
401 2326 42 21 av
460 2318 121 29 herrar
597 2318 170 37 Hagberg,
786 2318 102 30 Gösta
904 2319 203 38 Jacobsson,
1124 2319 140 31 Nilsson
1281 2321 10 29 i
1307 2321 124 31 Svalöv
1447 2322 65 29 och
1528 2322 133 39 Darlin,
1678 2324 94 29 vilka

285 2387 43 4 —
343 2371 112 29 under
471 2370 219 38 åberopande
706 2381 41 20 av
764 2372 190 30 innehållet
968 2373 10 29 i
994 2373 41 30 de
1050 2373 223 38 likalydande
1288 2375 218 30 motionerna
1522 2375 97 30 1:432
1635 2385 41 20 av
1690 2376 81 29 herr

286 2423 158 38 Hagberg
463 2433 44 20 m.
523 2424 36 30 fl.
577 2425 65 29 och
661 2424 115 30 1I1:524
795 2434 41 21 av
852 2426 81 29 herr
951 2426 197 30 Heckscher
1166 2436 45 20 m.
1226 2427 37 30 fl.
1281 2437 55 20 om
1354 2428 94 30 vissa
1467 2429 304 36 sparstimuleran-

286 2477 40 30 de
340 2477 162 38 åtgärder
515 2495 43 3 —
572 2480 115 28 ansett
702 2480 51 29 att
767 2479 171 30 utskottet
950 2479 79 31 bort
1041 2480 196 35 hemställa,
