1880 2782
253 146 37 29 10
644 149 124 28 Första
790 149 245 38 lagutskottets
1057 150 179 31 utlåtande
1256 161 42 20 nr
1319 156 48 29 11.

253 230 71 28 dels
349 239 42 20 av
416 231 81 29 herr
523 231 193 39 Siljeström
743 234 78 29 med
845 233 259 31 instämmande
1129 245 42 19 av
1195 236 120 29 herrar
1342 237 167 39 Schlyter,
1536 237 146 30 friherre
1709 239 49 28 De

254 280 92 33 Geer,
366 281 219 30 Mårtensson
605 283 63 28 och
688 283 155 34 Werner,
863 284 72 29 dels
954 285 66 29 ock
1038 294 41 20 av
1097 286 120 29 herrar
1236 286 169 40 Branting
1424 288 65 29 och
1507 289 166 38 Lövgren.

297 331 12 28 I
330 331 67 29 den
419 331 245 31 förstnämnda
684 334 259 30 reservationen
962 335 150 39 yrkades
1133 346 41 19 en
1197 337 107 29 sådan
1326 337 149 40 ändring
1496 338 10 28 i
1528 339 228 29 förevarande

252 381 174 39 paragraf,
448 384 50 27 att
519 382 252 40 fotografering
791 385 80 29 eller
891 385 166 39 teckning
1077 387 30 38 ej
1130 387 94 38 finge
1245 389 62 36 äga
1329 397 77 20 rum
1427 388 10 28 i
1459 390 197 33 rättssalen,
1677 390 79 29 med

253 431 134 30 mindre
408 433 116 29 rätten
543 433 107 29 funne
671 434 57 29 det
748 435 83 29 böra
851 435 141 30 tillåtas.
1015 436 66 29 Till
1101 438 77 28 stöd
1199 438 120 29 härför
1340 439 166 29 anfördes
1527 440 167 38 följande.

296 498 13 28 I
330 498 18 28 5
370 498 80 39 kap.
472 498 19 30 9
516 499 15 36 $
555 500 37 28 är
615 500 137 38 stadgat
775 501 212 39 ovillkorligt
1009 502 127 30 förbud
1157 505 73 28 mot
1252 504 253 40 fotografering
1527 506 9 28 i
1559 507 197 28 rättssalen.

252 539 120 30 Såsom
397 541 109 28 motiv
530 541 121 30 härför
676 542 64 29 har
765 543 135 29 anförts
926 546 51 27 att
1002 544 252 40 fotografering
1278 546 11 28 i
1315 548 188 29 rättssalen
1528 548 9 28 i
1564 548 191 29 allmänhet

251 582 123 29 verkar
391 583 164 29 störande
571 584 44 39 på
631 584 271 40 förhandlingen
918 586 65 29 och
1000 589 50 27 att
1067 587 251 39 fotografering
1335 589 79 33 kan,
1433 589 43 30 då
1493 591 57 28 det
1567 591 105 37 gäller
1689 591 67 29 till-

251 624 93 29 talad
363 625 11 27 i
393 625 176 34 brottmål,
590 635 82 20 vara
693 628 113 37 ägnad
825 629 50 28 att
895 630 132 28 utsätta
1048 630 111 28 denne
1179 630 54 29 för
1252 631 142 39 onödigt
1415 631 150 30 lidande.
1587 633 92 29 även
1699 643 55 19 om

251 666 85 29 visst
353 667 59 38 fog
430 667 116 30 finnes
564 668 53 29 för
635 669 115 29 denna
769 670 228 39 ståndpunkt,
1017 680 101 29 synes
1137 681 81 20 man
1237 673 88 29 dock
1343 674 44 29 ha
1406 674 72 38 gått
1497 675 54 29 för
1568 675 105 38 långt,
1692 677 64 28 när

251 718 80 19 man
351 709 44 38 på
415 710 113 37 grund
547 710 108 30 härav
674 712 192 38 uppställer
886 714 48 27 ett
954 713 211 40 ovillkorligt
1185 715 412 40 fotograferingsförbud.
1619 718 64 29 Det
1703 727 53 29 sy-

250 760 60 20 nes
332 751 54 29 för
408 752 271 38 tillgodoseende
702 763 43 19 av
767 755 153 29 nämnda
944 756 180 39 synpunkt
1146 766 82 20 vara
1249 757 183 39 tillfyllest,
1456 768 56 20 om
1535 769 82 19 man
1639 760 116 39 lägger

250 793 10 27 i
283 794 133 28 rättens
440 794 96 30 hand
558 796 50 28 att
632 796 104 29 utöva
760 797 104 38 nödig
887 797 120 39 tillsyn
1031 799 64 28 och
1118 800 181 33 övervaka,
1324 802 50 27 att
1399 801 253 39 fotografering
1675 803 80 28 sker

250 836 109 28 under
384 836 133 30 sådana
542 838 306 38 omständigheter,
874 841 51 27 att
949 840 314 39 förhandlingarna
1288 842 29 39 ej
1346 843 113 29 störas
1484 844 83 29 eller
1590 846 165 37 parterna

250 878 149 29 utsättas
422 878 55 30 för
498 879 141 38 obehag.
661 880 70 29 När
753 881 56 28 det
832 881 106 38 gäller
960 882 229 30 förevarande
1211 884 171 39 spörsmål
1404 885 55 29 får
1480 895 82 20 man
1585 887 30 38 cj
1638 887 116 29 bortse

250 920 79 28 från
347 922 51 27 att
416 921 58 29 det
493 921 114 30 finnes
626 922 93 29 vissa
738 923 80 33 mål,
838 924 143 29 särskilt
1000 925 106 38 gäller
1125 926 94 29 detta
1238 928 109 28 större
1366 927 164 34 civilmål,
1549 931 22 26 t.
1591 938 50 19 ex.
1660 929 95 39 jord-

250 971 178 29 processer
446 972 30 20 o.
495 963 43 35 d.,
558 973 74 20 som
649 964 97 29 inom
764 965 135 39 bygden
917 966 170 39 tilldragit
1104 967 51 39 sig
1173 970 72 27 stor
1263 970 326 38 uppmärksamhet,
1608 972 65 29 och
1692 972 63 29 där

249 1004 238 30 allmänheten
506 1006 109 29 måste
634 1016 102 19 anses
757 1007 44 29 ha
820 1009 48 27 ett
887 1008 186 39 berättigat
1092 1009 147 30 intresse
1259 1013 50 27 att
1328 1019 124 30 genom
1473 1012 225 40 tidningarna
1718 1014 36 29 få

248 1048 36 28 ta
302 1047 53 28 del
375 1057 43 19 av
437 1047 315 40 förhandlingarna
771 1049 93 30 såväl
885 1058 124 30 genom
1028 1051 71 30 bild
1119 1061 75 20 som
1213 1053 138 30 referat.
1373 1054 127 30 Vidare
1519 1055 63 29 har
1601 1056 153 29 erfaren-

249 1088 101 29 heten
367 1089 101 34 visat,
488 1092 49 27 att
555 1091 108 29 andra
681 1091 82 30 fullt
781 1092 153 38 legitima
951 1093 172 30 intressen
1142 1095 119 29 kunna
1279 1095 196 31 förefinnas
1494 1097 55 29 för
1567 1098 188 39 fotografe-

248 1131 77 38 ring
343 1140 41 20 av
403 1132 177 38 pågående
599 1134 358 39 rättsförhandlingar
976 1137 23 27 t.
1020 1144 50 20 ex.
1091 1136 10 28 i
1119 1136 297 40 folkbildningens
1436 1139 121 39 tjänst.
1578 1140 78 29 Men
1675 1150 79 20 oav-

249 1175 65 27 sett
333 1183 46 19 nu
398 1174 150 30 anförda
566 1175 141 29 sakskäl
726 1176 110 29 måste
855 1177 163 30 förbudet
1037 1178 176 34 innebära,
1233 1182 49 26 att
1300 1190 82 19 man
1401 1182 120 29 ställer
1539 1183 214 39 rättegångs-

248 1215 268 40 förhandlingar
542 1217 10 28 i
577 1226 42 20 en
645 1218 155 29 särklass
827 1219 63 29 och
915 1219 65 29 här
1007 1221 192 38 uppställer
1224 1222 124 29 hinder
1374 1225 73 27 mot
1474 1233 42 20 en
1542 1225 209 39 utveckling,

248 1266 74 21 som
339 1258 96 29 inom
453 1259 39 28 så
509 1261 71 36 gott
598 1269 74 19 som
690 1260 68 29 alla
776 1261 117 38 övriga
911 1262 270 30 samhällslivets
1200 1264 167 30 områden
1383 1265 111 30 brutit
1511 1266 148 39 igenom.
1678 1268 74 29 Vad

247 1309 47 20 nu
315 1302 94 36 sagts
432 1301 64 29 har
517 1302 84 29 även
624 1302 223 39 tillämpning
867 1303 19 29 å
906 1304 116 30 rätten
1043 1306 49 28 att
1114 1313 123 30 genom
1259 1307 165 39 teckning
1444 1307 153 41 återgiva
1619 1318 42 21 en
1683 1311 70 29 för-

247 1342 168 39 handling
438 1343 95 30 inför
554 1345 123 28 rätten.

291 1427 12 28 I
324 1427 67 29 den
413 1436 43 20 av
476 1428 121 29 herrar
620 1429 170 39 Branting
811 1430 63 29 och
897 1431 157 39 Lövgren
1078 1432 219 31 framställda
1319 1435 260 29 reservationen
1600 1436 152 38 yrkades

246 1477 73 29 åter
346 1479 51 27 att
426 1478 163 30 förbudet
617 1481 50 27 att
695 1481 80 37 taga
804 1480 165 39 fotografi
997 1481 11 29 i
1036 1483 186 29 rättssalen
1251 1484 112 29 skulle
1393 1485 83 38 utgå
1503 1495 42 19 ur
1574 1485 176 40 förslaget.

246 1528 276 30 Reservanterna
542 1530 145 29 anförde
706 1530 53 29 till
779 1531 76 29 stöd
874 1531 123 30 härför
1016 1532 167 39 följande.

288 1596 12 28 I
322 1605 46 19 nu
393 1596 160 38 gällande
574 1597 221 39 lagstiftning
816 1599 114 29 finnes
952 1600 88 29 intet
1062 1601 126 29 förbud
1211 1602 136 39 stadgat
1369 1605 73 27 mot
1464 1604 253 40 fotografering
1739 1604 10 28 i

244 1638 196 29 rättssalen.
463 1639 194 39 Veterligen
679 1640 64 29 har
765 1641 29 38 ej
819 1641 107 29 heller
947 1642 226 30 förekommit
1195 1644 103 38 något
1320 1654 75 20 som
1417 1646 71 28 kan
1509 1646 168 30 motivera
1699 1648 50 28 att

244 1681 48 27 ett
311 1680 126 30 sådant
457 1681 127 30 förbud
603 1684 169 37 upptages
792 1683 10 28 i
822 1683 108 39 lagen.
958 1684 6 28 I
985 1685 67 28 den
1071 1686 166 29 moderna
1255 1686 275 39 journalistiken
1549 1689 64 28 har
1631 1689 117 29 bilden

244 1722 66 29 fått
326 1731 42 20 en
384 1723 62 29 allt
462 1724 110 29 större
587 1724 186 38 betydelse,
791 1726 64 28 och
871 1726 57 29 det
944 1726 117 30 finnes
1077 1727 102 39 ingen
1197 1728 188 40 anledning
1402 1729 55 30 för
1473 1731 275 30 statsmakterna

243 1766 50 27 att
312 1765 44 38 på
375 1767 49 27 ett
443 1765 87 30 visst
550 1766 141 29 område
711 1767 85 29 söka
815 1768 127 29 hindra
962 1769 115 29 denna
1096 1770 209 39 utveckling.
1326 1771 65 30 Det
1411 1771 199 40 föreslagna
1630 1773 119 29 förbu-

242 1806 57 29 det
316 1807 97 29 torde
432 1807 127 30 främst
576 1808 45 30 ha
639 1809 52 28 till
710 1809 91 38 syfte
820 1811 49 28 att
887 1810 136 39 skydda
1043 1812 40 28 de
1101 1812 10 28 i
1128 1812 165 30 brottmål
1312 1813 171 31 tilltalade
1501 1817 72 27 mot
1591 1817 50 27 att
1659 1816 89 29 foto-

242 1849 127 37 grafier
388 1858 43 21 av
450 1850 79 29 dem
548 1850 132 30 införas
699 1851 12 28 i
730 1851 235 39 tidningarna.
985 1854 167 29 Häremot
1171 1855 56 29 må
1246 1855 193 30 emellertid
1458 1857 217 34 framhållas,
1696 1859 51 29 att

240 1891 226 39 tidningarna
491 1892 11 28 i
527 1892 66 30 alla
618 1893 185 30 händelser
827 1894 43 39 på
894 1897 109 28 annat
1030 1897 68 28 sätt
1122 1897 120 29 kunna
1268 1897 118 30 skaffa
1410 1898 112 30 bilder
1547 1909 42 20 av
1614 1899 131 30 sådana

239 1942 174 29 personer.
438 1934 175 30 Förbudet
635 1935 262 30 åstadkommer
920 1938 124 29 endast
1067 1940 50 27 att
1140 1948 160 29 pressens
1325 1940 223 40 möjligheter
1571 1943 50 28 att
1644 1943 101 29 sköta

241 1975 59 29 sitt
324 1976 117 29 arbete
467 1976 186 30 försvåras.
680 1978 93 29 Även
798 1987 56 21 om
879 1980 48 28 ett
952 1980 128 30 förbud
1106 1981 105 29 också
1235 1984 72 27 mot
1332 1983 166 39 teckning
1523 1984 10 28 i
1558 1985 187 30 rättssalen

240 2017 111 29 skulle
375 2018 152 38 stadgas,
550 2019 95 29 bleve
669 2021 95 28 detta
787 2021 210 34 ineffektivt,
1022 2022 43 29 då
1088 2023 102 38 ingen
1215 2024 220 40 lagstiftning
1458 2026 70 29 kan
1551 2026 127 30 hindra
1702 2036 41 20 en

239 2060 148 38 skicklig
407 2061 165 29 tecknare
593 2063 50 27 att
664 2071 41 20 ur
727 2063 133 29 minnet
882 2064 82 38 göra
985 2064 111 30 bilder
1117 2065 79 29 från
1217 2066 450 41 domstolsförhandlingar.
1690 2070 54 28 In-

239 2102 144 29 förande
403 2103 11 28 i
435 2103 178 39 tidningar
633 2113 42 20 av
695 2105 204 38 fotografier
920 2106 83 29 eller
1023 2107 205 39 teckningar
1249 2108 79 30 från
1349 2109 132 30 sådana
1503 2110 241 40 förhandling-

238 2153 38 20 ar
301 2144 70 29 kan
396 2145 77 29 icke
499 2146 180 30 föranleda
706 2147 114 38 någon
846 2149 294 39 ansvarspåföljd,
1167 2151 78 29 med
1270 2151 136 30 mindre
1433 2152 149 40 ändring
1608 2154 98 38 göres
1732 2154 11 28 i

240 2187 490 40 tryckfrihetsförordningen.

283 2229 124 29 Vidare
426 2230 58 29 må
502 2230 206 30 framhållas
727 2233 50 27 att
795 2232 226 39 tidningarna
1039 2234 60 28 äro
1117 2234 231 31 intresserade
1367 2236 76 29 icke
1462 2238 123 29 endast
1603 2248 41 19 av
1663 2240 50 28 att
1731 2238 10 29 i

236 2271 92 29 vissa
345 2271 62 29 fall
425 2272 117 30 införa
558 2272 109 30 bilder
685 2283 42 19 av
743 2274 169 29 tilltalade
929 2284 167 29 personer
1112 2294 43 3 —
1173 2277 131 30 sådana
1320 2278 111 29 bilder
1449 2279 219 31 förekomma
1686 2281 55 29 för

236 2313 110 38 övrigt
366 2314 141 38 mycket
528 2317 173 37 sparsamt
721 2315 10 28 i
752 2317 126 28 svensk
898 2326 98 29 press
1079 2320 84 28 utan
1183 2320 86 28 även
1289 2329 42 20 av
1351 2322 50 27 att
1421 2321 122 30 kunna
1563 2322 176 39 publicera

235 2355 109 29 bilder
363 2365 42 20 av
425 2357 133 29 rättens
578 2357 191 30 ledamöter
789 2359 63 28 och
871 2359 176 30 åhörarna
1066 2360 57 30 vid
1143 2362 368 39 rättsförhandlingar.
1532 2365 52 28 En
1603 2364 137 40 tidning

236 2397 58 29 vill
312 2397 134 30 kanske
464 2399 95 38 hylla
576 2408 41 20 en
636 2400 152 38 gammal
807 2401 151 34 domare,
977 2410 75 21 som
1070 2402 110 30 håller
1198 2403 59 30 sitt
1277 2404 83 29 sista
1379 2404 83 40 ting,
1481 2406 83 29 eller
1581 2406 74 30 visa
1672 2407 67 30 hur

235 2448 42 20 en
295 2440 273 38 nytillträdande
585 2442 141 29 domare
743 2444 54 27 tar
815 2443 50 37 sig
882 2445 38 27 ut
938 2444 111 29 under
1067 2444 53 29 sin
1138 2445 305 40 ämbetsutövning
1460 2457 28 19 o.
1508 2458 24 19 s.
1550 2458 29 20 v.
1605 2449 6 28 I
1628 2450 111 29 andra
