1898 2760
255 196 41 30 28
531 199 453 31 Konstitutionsutskottets
1004 201 179 30 utlåtande
1202 211 43 20 nr
1265 203 15 29 1
1302 203 40 30 år
1363 204 83 29 1962

254 276 78 30 mår
350 276 77 31 lösa
446 279 43 38 på
510 286 84 32 egen
614 279 95 30 hand
729 280 65 29 har
814 280 12 29 i
847 280 177 40 åtskilliga
1044 282 62 29 fall
1127 282 294 40 nödvändiggjort
1442 284 298 30 interkommunal

256 330 219 31 samverkan.
494 331 12 29 I
525 332 66 28 den
608 332 82 30 mån
709 334 326 40 sammanläggning
1052 344 43 20 av
1111 336 209 29 kommuner
1338 336 31 39 ej
1391 337 158 29 kommer
1566 337 51 29 till
1638 337 104 29 stånd

255 382 68 29 blir
354 385 48 28 ett
433 384 233 30 intensifierat
696 385 315 32 interkommunalt
1043 388 192 31 samarbete
1268 388 252 40 ofrånkomligt
1551 390 95 29 inom
1678 390 62 29 allt

255 435 88 30 flera
365 436 419 33 verksamhetsområden,
808 439 13 29 I
846 440 126 28 sakens
994 442 105 28 natur
1121 440 107 40 ligger
1251 443 50 28 att
1324 444 47 27 ett
1395 442 217 30 omfattande
1634 442 110 30 inter-

255 488 222 31 kommunalt
498 491 193 29 samarbete
711 491 11 29 i
742 491 129 40 många
891 492 61 29 fall
972 493 70 29 kan
1063 494 122 30 väntas
1207 494 77 29 leda
1304 494 52 29 till
1378 497 50 27 att
1450 495 99 39 fråga
1568 496 172 39 uppkom-

255 550 74 20 mer
352 550 57 20 om
434 544 324 39 sammanläggning
783 554 42 20 av
849 545 41 30 de
915 547 253 29 samverkande
1191 547 266 30 kommunerna.
1483 548 115 30 Under
1623 549 41 29 de
1689 558 51 20 se-

254 596 99 27 naste
371 594 83 30 åren
470 596 64 29 har
551 597 232 30 tendenserna
799 599 10 28 i
828 598 115 30 denna
960 599 155 40 riktning
1131 599 98 30 blivit
1247 600 159 30 alltmera
1424 601 184 39 påtagliga.
1627 602 52 28 En
1697 611 45 20 av

253 646 423 42 indelningssakkunniga
698 651 183 29 redovisad
901 652 106 29 enkät
1028 652 106 29 bland
1156 653 257 30 kommunerna
1436 662 63 31 gav
1519 655 58 29 vid
1598 655 141 29 handen

254 702 49 27 att
324 700 40 29 år
386 700 81 30 1960
488 701 286 41 överläggningar
794 703 126 40 pågick
939 705 128 29 mellan
1087 705 77 30 icke
1184 705 136 31 mindre
1341 708 44 28 än
1406 706 130 31 inemot
1557 707 63 30 200
1641 708 100 28 kom-

253 762 126 20 muner
405 763 56 19 om
488 756 326 40 sammanläggning
841 757 107 39 enligt
974 758 160 38 gällande
1161 758 439 41 indelningslagstiftnings
1628 760 114 29 förut-

254 806 205 39 sättningar.
480 808 80 29 Man
579 808 70 30 kan
670 809 193 30 emellertid
882 810 71 30 inte
973 811 116 39 undgå
1109 813 50 28 att
1179 811 183 30 observera
1382 814 50 28 att
1452 813 101 29 dessa
1573 813 166 39 frivilliga

252 859 209 29 samarbets-
483 861 63 29 och
570 861 559 41 sammanläggningssträvanden
1150 865 30 39 ej
1207 864 112 30 sällan
1342 865 94 29 leder
1458 866 51 29 till
1533 868 49 27 att
1602 866 140 29 befolk-

252 911 250 41 ningsmässigt
527 914 64 29 och
616 914 222 31 ekonomiskt
863 916 136 30 mindre
1022 917 54 29 väl
1102 918 141 29 rustade
1269 918 210 30 kommuner
1504 919 159 29 kommer
1687 921 51 28 att

253 965 53 29 stå
329 965 144 30 utanför
497 966 41 30 de
562 968 94 29 stora
679 969 309 39 gemenskaperna.
1013 970 52 28 En
1090 970 97 39 dylik
1210 971 200 39 utveckling
1434 971 62 29 bör
1521 971 219 40 förebyggas.

252 1017 12 29 I
291 1019 173 29 anseende
490 1019 51 29 till
568 1020 227 39 möjligheten
822 1024 51 27 att
900 1021 56 31 det
981 1022 321 31 interkommunala
1328 1024 210 30 samarbetet
1564 1025 94 30 leder
1684 1025 53 29 till

251 1070 496 43 kommunsammanslagning
769 1074 62 29 bör
852 1074 226 30 eftersträvas
1103 1078 49 28 att
1176 1077 210 29 samarbetet
1408 1077 10 29 i
1442 1078 129 29 största
1593 1078 148 39 möjliga

253 1124 243 40 utsträckning
515 1125 148 30 erhåller
681 1135 42 21 en
740 1127 112 30 sådan
871 1127 194 41 inriktning
1084 1131 50 28 att
1153 1129 41 30 de
1212 1129 148 31 berörda
1378 1130 257 31 kommunerna
1654 1130 84 30 eller

250 1176 317 32 kommundelarna
588 1178 235 31 tillsammans
847 1181 38 29 är
908 1181 165 40 lämpliga
1095 1190 74 21 som
1192 1182 169 40 underlag
1384 1183 55 29 för
1461 1193 68 30 nya
1551 1184 189 29 kommun-

251 1229 208 40 bildningar.
479 1231 65 30 Det
561 1232 40 29 är
619 1232 173 39 därjämte
811 1242 42 20 av
871 1233 74 31 vikt
964 1236 49 28 att
1032 1234 161 40 åtgärder
1209 1235 157 40 vidtages
1387 1236 54 29 för
1459 1236 280 40 möjliggörande

250 1291 42 20 av
312 1292 43 20 en
377 1283 137 40 allsidig
533 1284 210 41 bedömning
765 1295 42 20 av
827 1285 43 31 de
889 1286 126 40 många
1037 1288 500 40 sammanläggningsärenden
1559 1299 74 20 som
1653 1291 87 28 vän-

251 1337 53 27 tas
323 1335 48 29 bli
390 1336 154 31 aktuella
561 1336 96 31 inom
676 1338 65 30 den
761 1339 177 30 närmaste
957 1339 105 31 tiden.

294 1392 80 30 Med
395 1392 136 40 hänsyn
553 1394 52 29 till
629 1395 56 29 det
708 1395 150 31 anförda
880 1396 115 30 finner
1015 1398 173 30 utskottet
1211 1398 56 30 det
1289 1399 215 39 nödvändigt
1525 1402 51 27 att
1597 1410 45 19 en
1665 1400 70 29 fast

249 1445 170 38 grundval
444 1446 127 40 skapas
595 1446 55 31 för
672 1447 168 31 framtida
862 1450 366 40 sammanläggningar
1251 1461 41 20 av
1315 1452 220 30 kommuner.
1559 1453 178 29 Utskottet

249 1496 154 31 biträder
424 1499 119 29 därför
563 1500 281 39 propositionens
866 1501 132 41 förslag
1018 1505 50 28 att
1089 1503 121 39 planer
1231 1504 89 30 skall
1342 1505 184 39 upprättas
1548 1505 54 30 för
1624 1515 43 20 en
1688 1515 48 30 ny

250 1550 353 42 kommunindelning
622 1554 11 29 i
655 1553 89 40 syfte
766 1556 50 28 att
837 1562 40 32 ge
898 1555 257 31 kommunerna
1175 1557 65 29 och
1261 1558 111 29 andra
1393 1558 242 40 myndigheter
1654 1559 81 39 väg-

249 1603 143 41 ledning
411 1604 221 32 beträffande
653 1606 68 31 den
741 1616 43 21 ur
805 1607 116 31 skilda
941 1609 218 39 synpunkter
1181 1612 88 28 mest
1290 1610 300 41 ändamålsenliga
1610 1612 128 29 inrikt-

249 1656 130 40 ningen
404 1667 45 20 av
477 1658 41 30 de
547 1658 323 32 interkommunala
900 1662 207 29 samarbets-
1136 1663 65 29 och
1230 1664 507 40 sammanläggningssträvan-

249 1709 99 30 dena.

292 1767 13 28 I
327 1766 67 30 den
414 1767 235 41 föreliggande
669 1771 262 38 propositionen
952 1771 63 30 har
1036 1772 385 40 departementschefen
1442 1775 146 29 anslutit
1609 1776 51 39 sig
1680 1775 53 30 till

248 1819 41 29 de
310 1820 240 41 sakkunnigas
570 1831 45 21 av
634 1823 176 38 praktiskt
833 1825 92 38 taget
947 1825 161 40 samtliga
1128 1826 302 30 remissinstanser
1451 1827 191 40 tillstyrkta
1665 1828 71 30 för-

248 1872 73 39 slag
347 1875 50 28 att
421 1874 210 31 samarbetet
657 1876 63 29 och
743 1877 370 40 sammanläggningar
1138 1879 127 30 mellan
1292 1880 258 30 kommunerna
1573 1881 62 29 bör
1662 1891 74 20 om-

247 1925 90 29 fatta
355 1926 358 41 näringsgeografiskt
733 1931 346 39 sammanhängande
1099 1932 166 38 regioner.
1286 1934 50 29 De
1355 1933 158 30 faktorer
1531 1943 74 20 som
1625 1935 109 29 redan

247 1987 45 20 nu
318 1978 125 30 binder
466 1989 159 21 samman
650 1982 254 31 människorna
927 1983 95 30 inom
1047 1984 133 30 sådana
1203 1986 166 29 områden
1394 1986 62 30 bör
1480 1987 122 30 kunna
1626 1995 38 32 ge
1690 1996 42 21 en

246 2032 65 38 god
328 2033 170 37 grundval
516 2033 54 29 för
587 2043 41 20 en
647 2034 166 31 framtida
829 2036 205 30 kommunal
1052 2039 222 38 gemenskap.
1292 2039 238 40 Tillämpning
1547 2050 41 20 av
1605 2041 40 29 de
1663 2041 72 29 för-

246 2084 129 30 ordade
394 2085 224 40 riktlinjerna
637 2087 54 30 för
709 2097 42 20 en
770 2097 47 31 ny
835 2089 353 41 kommunindelning
1207 2100 101 30 synes
1328 2092 108 39 enligt
1454 2094 188 29 utskottets
1662 2102 71 21 me-

245 2137 85 39 ning
348 2138 144 31 komma
509 2142 50 27 att
575 2141 172 29 resultera
771 2142 5 29 i
796 2142 177 36 områden,
994 2152 75 20 som
1088 2152 43 20 ur
1150 2144 40 29 de
1208 2145 11 28 i
1239 2144 225 40 lagförslaget
1483 2147 149 39 angivna
1652 2156 82 30 syn-

245 2191 201 37 punkterna
462 2193 38 28 är
516 2193 54 29 väl
588 2192 161 40 lämpade
767 2203 75 20 som
860 2195 168 40 underlag
1046 2196 55 29 för
1117 2206 69 30 nya
1202 2198 210 29 kommuner
1430 2199 64 29 och
1511 2200 10 29 i
1539 2199 193 30 allmänhet

244 2243 86 29 även
350 2243 163 39 erbjuder
532 2252 232 32 gynnsamma
781 2247 209 40 betingelser
1008 2248 54 30 för
1081 2258 44 21 en
1143 2249 254 31 fruktbärande
1416 2252 204 30 kommunal
1641 2262 92 21 sam-

243 2296 142 30 verkan.
407 2297 397 33 Samhällsekonomiskt
824 2300 169 40 felaktiga
1010 2301 252 41 investeringar
1281 2304 10 29 i
1312 2312 260 31 gemensamma
1591 2305 141 40 anlägg-

243 2348 126 39 ningar
389 2350 70 29 kan
481 2351 123 30 lättare
626 2352 183 31 undvikas.
831 2353 53 30 En
907 2354 226 40 samordning
1155 2365 40 20 av
1214 2356 68 30 den
1303 2357 229 30 kommunala
1552 2359 180 29 verksam-

243 2401 104 29 heten
367 2402 95 30 inom
482 2412 43 20 en
544 2412 113 31 grupp
677 2414 42 20 av
737 2405 211 31 kommuner
969 2417 76 20 som
1062 2408 115 30 bildar
1196 2418 41 21 en
1258 2409 360 40 näringsgeografiskt
1640 2421 90 20 sam-

242 2455 269 39 manhängande
534 2458 119 38 region
676 2459 64 28 och
764 2460 272 30 sammanhålles
1060 2470 43 20 av
1125 2471 43 19 en
1191 2463 153 38 naturlig
1367 2459 364 50 intressegemenskap

242 2507 163 41 omkring
423 2519 42 20 en
484 2511 188 30 centralort
690 2512 111 29 måste
819 2522 85 20 vara
922 2514 113 38 ägnad
1055 2516 50 28 att
1124 2517 187 37 gynnsamt
1329 2516 154 39 påverka
1502 2517 229 40 förvaltning-
