1910 2762
272 194 38 28 14
551 194 453 29 Konstitutionsutskottets
1025 194 177 30 utlåtande
1221 204 44 19 nr
1285 195 14 29 1
1321 195 39 29 år
1381 195 84 29 1962

267 274 117 38 övriga
410 273 187 40 uppgifter.
625 274 429 39 Indelningssakkunniga
1080 274 139 35 uttalar,
1249 277 50 27 att
1327 275 82 30 ökat
1437 275 314 30 interkommunalt

268 327 192 29 samarbete
484 327 143 39 givetvis
647 327 41 29 är
711 329 49 28 ett
782 327 164 30 tänkbart
969 328 184 29 alternativ
1176 328 52 29 till
1252 337 42 20 en
1319 337 46 30 ny
1387 328 365 40 kommunindelning.

267 380 211 39 Deltagande
501 381 11 28 i
536 380 361 30 kommunalförbund
922 390 101 20 anses
1049 381 191 29 emellertid
1264 381 45 39 på
1332 381 128 39 många
1484 381 166 30 områden
1676 381 75 30 föra

267 433 79 29 med
366 434 50 38 sig
436 434 228 39 olägenheten
685 436 51 27 att
757 434 258 39 förvaltningen
1035 434 66 29 blir
1121 435 175 38 tungrodd
1317 435 66 29 och
1404 437 50 27 att
1476 444 42 20 en
1541 437 72 28 stor
1634 435 54 35 del
1710 444 42 20 av

269 486 206 29 ekonomien
502 486 246 39 undandrages
776 487 66 29 den
869 487 178 39 reguljära
1073 487 385 39 budgetbehandlingen
1486 488 11 28 i
1525 488 226 29 kommunen.

267 539 52 30 Då
337 540 147 39 utvägen
503 540 79 29 med
600 540 268 39 privaträttsligt
887 541 91 29 avtal
996 540 121 39 väljes,
1136 541 70 29 kan
1226 541 67 29 den
1311 550 65 20 ena
1394 541 217 29 kommunen
1613 535 22 49 i
1660 542 91 38 regel

267 593 30 39 ej
324 593 130 29 erhålla
476 593 105 39 något
605 593 214 30 omedelbart
842 593 195 40 inflytande
1061 595 81 28 över
1164 594 67 29 den
1253 594 224 30 verksamhet
1502 604 75 20 som
1600 595 39 29 är
1663 594 91 30 före-

266 645 70 30 mål
355 646 53 30 för
427 647 218 29 samverkan.
664 647 427 39 Indelningssakkunniga
1110 647 98 39 säger
1227 648 51 38 sig
1296 657 83 20 vara
1398 648 207 39 övertygade
1625 657 57 20 om
1702 650 49 27 att

267 699 124 40 frågan
415 709 57 20 om
497 700 146 30 behovet
668 710 43 19 av
736 709 43 20 en
804 710 46 29 ny
874 700 352 40 kommunindelning
1251 701 77 29 icke
1353 701 71 29 kan
1450 701 163 30 avfärdas
1641 701 111 29 under

265 753 209 39 hänvisning
492 753 53 30 till
564 753 270 39 möjligheterna
853 754 51 29 till
923 754 298 29 interkommunal
1242 754 208 30 samverkan
1470 756 86 28 utan
1575 756 51 28 att
1646 755 107 29 tvärt-

268 815 56 20 om
350 806 57 30 det
433 807 112 29 ökade
571 807 147 29 behovet
745 816 43 20 av
815 807 208 29 samverkan
1050 808 100 38 utgör
1177 809 48 28 ett
1253 810 183 36 argument
1465 807 55 30 för
1547 816 42 21 en
1616 808 137 29 ändrad

265 859 203 30 kommunal
487 859 190 40 indelning.

311 913 119 30 Såsom
451 915 48 28 ett
520 915 108 28 annat
649 914 186 29 alternativ
855 914 52 29 till
929 923 46 30 ny
996 914 352 39 kommunindelning
1370 915 147 28 nämner
1538 914 215 39 indelnings-

267 966 221 39 sakkunniga
514 966 148 39 ändring
691 976 42 20 av
760 967 377 39 huvudmannaskapet
1165 967 55 29 för
1248 967 131 30 sådana
1406 976 98 21 mera
1530 967 222 40 betungande

268 1019 185 39 uppgifter,
480 1029 75 20 som
581 1022 47 28 ett
654 1020 117 29 flertal
796 1020 210 29 kommuner
1030 1020 75 30 icke
1130 1020 45 39 på
1200 1028 85 31 egen
1310 1021 95 29 hand
1431 1020 70 30 kan
1527 1021 85 33 lösa,
1637 1030 116 20 exem-

265 1073 108 38 pelvis
398 1073 253 30 skolväsendet.
676 1073 50 30 De
751 1074 221 38 sakkunniga
996 1074 135 29 avvisar
1155 1074 193 29 emellertid
1372 1074 115 29 denna
1510 1074 106 29 tanke
1640 1074 112 29 under

265 1125 257 31 framhållande
546 1128 50 28 att
621 1127 67 29 den
712 1127 204 39 minskning
940 1128 11 28 i
976 1127 275 30 kommunernas
1276 1127 222 39 möjligheter
1523 1129 50 28 att
1598 1127 153 39 påverka

266 1179 56 30 det
344 1187 86 32 egna
452 1180 202 30 samhällets
677 1180 210 39 gestaltning
910 1189 74 21 som
1007 1189 43 20 en
1072 1180 95 39 dylik
1188 1181 139 38 lösning
1350 1180 112 30 skulle
1484 1180 170 30 innebära
1674 1180 77 29 icke

266 1242 102 30 synes
388 1232 147 40 förenlig
555 1233 79 29 med
653 1233 276 30 kommunernas
950 1241 87 31 egna
1056 1234 183 30 intressen.
1261 1234 59 29 Att
1340 1233 82 39 ingå
1441 1234 11 29 i
1474 1235 161 28 närmare
1655 1234 95 29 Över-

265 1286 180 39 väganden
460 1286 111 30 härav
586 1287 98 39 säges
702 1287 192 29 emellertid
910 1287 45 29 ha
973 1287 91 30 fallit
1080 1287 143 30 utanför
1240 1296 121 20 ramen
1378 1287 56 29 för
1450 1287 42 29 de
1510 1287 241 39 sakkunnigas

264 1339 167 40 uppdrag.

309 1393 436 39 Indelningssakkunniga,
768 1402 74 21 som
865 1401 131 32 uppger
1018 1396 49 28 att
1088 1394 57 29 vid
1166 1394 96 29 tiden
1285 1394 54 29 för
1361 1394 150 29 enkäten
1532 1394 132 29 inemot
1687 1393 63 30 200

266 1446 208 29 kommuner
507 1456 63 20 var
603 1446 207 40 inbegripna
844 1447 11 29 i
890 1447 262 39 överväganden
1188 1447 178 39 angående
1401 1447 350 29 kommunsamman-

266 1499 167 39 slagning,
452 1500 130 29 uttalar
601 1509 75 20 som
695 1509 43 20 en
759 1500 314 40 sammanfattning
1092 1510 42 20 av
1153 1501 54 29 sin
1227 1500 218 39 ståndpunkt
1465 1502 50 28 att
1535 1500 120 30 starka
1674 1500 76 29 skäl

265 1552 111 30 måste
396 1562 101 20 anses
519 1553 168 39 föreligga
709 1553 55 30 för
786 1553 159 40 åtgärder
966 1554 11 29 i
1000 1553 89 40 syfte
1111 1556 49 27 att
1182 1553 37 30 få
1239 1554 52 29 till
1315 1553 102 30 stånd
1438 1563 43 20 en
1503 1553 131 30 allmän
1655 1554 95 29 över-

266 1615 63 30 syn
350 1615 42 20 av
412 1606 66 30 den
500 1607 363 38 primärkommunala
885 1607 224 39 indelningen
1131 1607 65 29 och
1217 1609 51 28 att
1290 1607 101 29 dessa
1412 1607 162 39 åtgärder
1594 1607 63 29 bör
1677 1607 75 29 vid-

265 1662 97 36 tagas
387 1660 208 39 skyndsamt
619 1660 80 29 med
723 1661 139 38 hänsyn
886 1661 52 29 till
965 1660 295 39 angelägenheten
1285 1669 42 21 av
1352 1663 49 27 att
1428 1660 205 30 förväntade
1660 1669 91 21 sam-

264 1713 288 39 manläggningar
574 1714 64 28 och
661 1713 57 30 det
741 1714 321 29 interkommunala
1085 1714 227 30 samarbetets
1335 1714 196 38 inriktning
1554 1714 76 29 icke
1653 1714 99 29 kom-

265 1775 74 20 mer
354 1768 50 28 att
419 1767 128 29 hindra
562 1767 82 29 eller
661 1766 159 30 försvåra
836 1776 42 20 en
894 1767 138 40 lösning
1048 1768 10 28 i
1077 1768 109 29 större
1203 1767 256 39 sammanhang
1476 1776 42 20 av
1535 1766 41 30 de
1593 1767 157 39 problem

265 1828 74 21 som
352 1820 64 29 har
428 1820 170 29 samband
611 1820 79 29 med
703 1820 69 30 den
784 1821 361 39 primärkommunala
1157 1821 235 38 indelningen.

569 1917 295 40 Genomförandet
882 1927 42 20 av
943 1927 42 21 en
1004 1927 46 30 ny
1069 1918 352 38 kommunindelning

309 1980 425 39 Indelningssakkunniga
756 1988 105 31 anger
882 1980 157 39 följande
1061 1980 177 39 riktlinjer
1260 1980 55 30 för
1337 1989 42 21 en
1400 1990 48 29 ny
1468 1980 282 30 kommunindel-

266 2033 92 39 ning.
379 2033 80 29 Man
479 2033 64 29 bör
563 2034 84 28 söka
668 2033 233 39 åvägabringa
922 2033 346 30 överensstämmelse
1289 2033 128 30 mellan
1439 2033 67 29 den
1527 2032 223 30 administra-

263 2086 72 30 tiva
353 2086 223 40 indelningen
594 2087 65 29 och
676 2087 42 29 de
736 2087 367 39 näringsgeografiska
1121 2087 158 39 regioner
1299 2096 75 20 som
1393 2088 166 37 spontant
1579 2087 171 38 uppkom-

263 2140 64 29 mit
351 2147 122 32 genom
496 2139 252 40 inflyttningen
772 2140 52 30 till
848 2141 193 29 tätorterna
1064 2141 64 29 och
1151 2141 67 28 den
1242 2140 164 30 tekniska
1429 2140 66 29 och
1519 2140 231 29 ekonomiska

266 2192 253 40 utvecklingen.
539 2193 223 29 Kommunen
780 2193 63 29 bör
859 2202 85 21 vara
963 2194 39 29 så
1020 2196 81 32 stor,
1122 2195 49 28 att
1191 2194 66 28 den
1277 2202 47 20 nu
1344 2193 64 29 och
1428 2193 111 29 under
1558 2192 191 30 överblick-

262 2246 62 30 bar
344 2246 144 30 framtid
507 2247 65 29 har
591 2246 211 39 tillräckliga
822 2255 156 21 resurser
998 2246 55 30 för
1073 2248 49 28 att
1141 2247 183 38 tillgodose
1345 2246 272 39 medborgarnas
1638 2246 111 29 behov

263 2309 42 20 av
329 2300 204 29 kommunal
559 2300 129 30 service
713 2302 92 28 samt
828 2300 45 29 ha
898 2302 48 28 ett
971 2299 255 31 differentierat
1252 2300 201 38 näringsliv.
1479 2300 75 29 Den
1579 2299 62 29 bör
1665 2308 83 20 vara

263 2353 185 39 uppbyggd
468 2353 103 39 kring
591 2362 42 20 en
653 2353 199 34 centralort,
873 2362 75 21 som
969 2353 71 29 kan
1060 2353 147 39 fungera
1228 2362 75 21 som
1324 2355 48 28 ett
1392 2353 169 38 naturligt
1583 2355 165 36 spontant

264 2407 300 29 servicecentrum.
584 2407 13 28 I
617 2406 39 30 så
674 2406 61 29 fall
756 2406 147 30 erhålles
922 2407 11 29 i
953 2407 42 29 de
1015 2406 102 30 flesta
1136 2406 62 30 fall
1218 2416 43 20 en
1281 2406 210 39 fördelaktig
1511 2405 239 40 befolknings-

263 2460 197 39 utveckling
487 2460 5 29 i
514 2460 268 34 kommunerna,
805 2460 165 29 eftersom
992 2460 251 30 centralortens
1266 2460 135 29 tillväxt
1423 2460 71 28 kan
1517 2459 232 39 kompensera

265 2512 226 40 glesbygdens
512 2513 164 29 fortsatta
695 2513 290 39 folkminskning.
1006 2513 127 29 Vidare
1152 2513 260 29 åstadkommes
1432 2521 42 20 en
1494 2512 77 29 icke
1591 2512 160 29 oväsent-
