2187 2658
671 186 264 34 Statsutskottets
959 184 173 33 Memorial
1154 184 62 31 N:o
1238 184 49 30 34.
1704 185 35 26 11

174 279 64 35 och
265 277 224 44 redovisning
516 287 43 24 m.
580 287 58 29 m.,
667 286 47 24 nu
737 275 193 44 1,464,071
953 274 139 41 kronor,
1112 271 77 35 med
1209 271 133 43 99,909
1363 270 129 33 kronor
1511 269 53 34 till
1588 270 198 42 1,563,950

175 331 144 43 kronor;

308 381 72 34 dels
422 380 76 43 ock,
533 379 11 34 i
572 380 188 33 momentet
787 375 46 49 b),
868 378 53 33 att
948 373 103 37 alltså
1083 374 203 43 Riksdagen
1310 370 108 37 måtte
1446 369 90 37 afslå
1563 371 81 34 herr
1669 369 113 36 Nord-

176 436 125 30 ströms
328 431 257 35 ofvanberörda
613 430 144 43 motion;

309 483 12 33 i
348 484 189 33 momentet
564 478 43 49 c),
637 482 53 32 att
717 480 81 33 herr
825 478 234 44 Magnussons
1086 475 225 35 förenämnda
1330 473 128 35 motion
1475 473 132 44 jemväl
1625 470 108 35 måtte
1749 469 39 35 af

178 534 202 44 Riksdagen
408 530 123 46 afslås,
561 534 91 32 samt

310 586 8 33 i
348 587 189 32 momentet
564 581 46 48 d),
640 584 54 32 att
721 581 30 45 ej
781 581 109 34 heller
916 580 82 33 herr
1024 577 218 36 Johanssons
1269 576 224 35 omförmälda
1520 575 128 34 motion
1677 570 107 37 måtte

179 637 105 34 vinna
313 635 222 44 Riksdagens
562 634 112 34 bifall.

311 737 108 34 Hvad
446 736 175 34 utskottet
648 731 145 37 sålunda
821 733 163 34 hemstält
1010 732 65 33 har
1101 729 128 35 Första
1256 728 215 35 Kammaren
1498 728 139 34 bifallit.

311 788 125 34 Andra
478 786 215 35 Kammaren
733 785 65 34 har
838 784 128 34 bifallit
1007 786 50 31 ett
1096 782 111 34 under
1239 780 313 44 öfverläggningen
1585 778 200 34 framstäldt

177 840 171 44 yrkande,
377 841 54 32 att
457 838 216 43 Riksdagen,
702 837 75 33 med
805 836 114 42 afslag
945 832 20 36 å
994 834 123 33 herrar
1140 831 226 35 Nordströms
1394 831 63 34 och
1488 829 200 35 Johansons
1719 839 66 23 mo-

178 892 114 33 tioner
330 895 87 29 samt
459 890 76 33 med
576 888 99 35 bifall
710 888 54 33 till
791 885 129 45 Kongl.
950 884 125 45 Maj:ts
1109 884 5 34 i
1141 886 117 32 ämnet
1284 882 123 45 gjorda
1435 881 260 43 framställning
1722 880 63 34 och

179 943 82 33 herr
288 941 235 44 Magnussons
550 939 231 35 förevarande
809 938 140 41 motion,
978 934 108 35 måtte
1114 936 67 32 öka
1210 934 159 43 anslaget
1393 934 53 33 till
1471 933 40 33 de
1530 931 258 44 värnpligtiges

180 993 164 44 aflöning,
372 991 213 44 inskrifning
612 990 63 34 och
702 988 223 43 redovisning
953 998 41 23 m.
1026 997 55 31 m.,
1101 996 48 23 nu
1166 986 193 42 1,464,071
1377 985 140 40 kronor,
1533 983 77 33 med
1626 983 159 42 890,515

177 1046 130 33 kronor
337 1044 54 34 till
421 1043 196 42 2,354,586
646 1042 139 33 kronor.

314 1144 71 34 För
412 1142 144 46 frågans
584 1141 191 45 afgörande
802 1150 123 34 genom
945 1149 197 34 gemensam
1162 1137 214 44 omröstning
1394 1136 11 34 i
1421 1136 40 34 de
1475 1136 107 42 delar,
1599 1136 187 33 kamrarne

182 1197 106 34 fattat
316 1196 93 34 olika
437 1195 125 42 beslut,
587 1191 55 37 får
669 1193 174 34 utskottet
870 1188 128 37 föreslå
1025 1190 154 44 följande
1209 1187 406 45 voteringsproposition:

319 1296 112 43 »Den,
474 1306 82 32 som,
597 1295 12 33 i
635 1294 112 34 likhet
774 1293 77 34 med
878 1291 127 35 Första
1028 1291 227 41 Kammaren,
1284 1290 72 42 vill,
1386 1292 53 31 att
1466 1288 215 43 Riksdagen,
1710 1287 77 34 med

180 1348 100 35 bifall
322 1348 52 34 till
409 1346 130 44 Kongl.
582 1345 125 44 Maj:ts
739 1345 11 33 i
777 1346 117 32 ämnet
921 1343 123 44 gjorda
1072 1341 268 43 framställning,
1371 1338 54 36 må
1452 1340 67 34 öka
1547 1340 160 42 anslaget
1734 1338 53 33 till

182 1401 40 33 de
262 1398 256 44 värnpligtiges
557 1396 163 43 aflöning,
761 1394 212 44 inskrifning
1014 1394 62 34 och
1103 1392 224 43 redovisning
1353 1402 43 23 m.
1426 1401 56 32 m.,
1513 1400 47 24 nu
1591 1390 192 41 1,464,071

184 1453 139 38 kronor,
353 1450 75 33 med
454 1450 133 41 99,909
617 1448 128 33 kronor
773 1446 53 34 till
857 1447 194 41 1,563,980
1075 1445 130 33 kronor
1232 1446 89 30 samt
1349 1440 88 36 afslå
1455 1442 82 33 herr
1551 1440 238 44 Magnussons

183 1501 227 35 förenämnda
438 1500 141 40 motion,
608 1501 115 31 röstar

956 1546 63 35 Ja;

1014 1576 6 15 ,

950 1648 87 44 Nej;

318 1602 91 44 Den,
438 1603 58 33 det
524 1601 30 44 ej
583 1601 74 42 vill,
682 1602 115 32 röstar

318 1754 137 35 Vinner
483 1753 82 44 Nej,
594 1753 65 33 har
686 1751 215 44 Riksdagen,
930 1751 10 34 i
968 1751 111 34 likhet
1107 1750 75 34 med
1210 1748 124 35 Andra
1357 1747 227 42 Kammaren,
1601 1746 76 34 med
1690 1745 100 34 bifall

185 1807 54 34 till
278 1805 129 43 Kongl.
450 1804 126 44 Maj:ts
615 1804 11 33 i
662 1806 117 31 ämnet
811 1802 124 44 gjorda
963 1801 259 42 framställning
1245 1800 62 34 och
1336 1800 81 32 herr
1443 1797 236 44 Magnussons
1707 1797 84 33 före-

186 1857 156 34 varande
384 1856 140 40 motion,
566 1855 85 33 ökat
678 1854 160 43 anslaget
866 1853 50 33 till
947 1853 41 33 de
1015 1851 255 44 värnpligtiges
1298 1850 164 42 aflöning,
1491 1848 213 43 inskrifning
1727 1846 64 35 och

186 1907 224 43 redovisning
438 1917 42 23 m.
510 1916 56 32 m.,
595 1915 47 23 nu
674 1906 191 41 1,464,071
895 1904 140 39 kronor,
1064 1903 76 34 med
1170 1902 159 42 890,515
1356 1901 129 33 kronor
1513 1900 53 33 till
1596 1899 197 42 2,354,586

187 1959 160 33 kronor.>

322 2057 201 36 Stockholm
552 2058 66 33 den
648 2058 38 32 21
723 2066 92 24 mars
847 2057 105 33 1902.

727 2156 51 36 På
805 2157 283 34 statsutskottets
1114 2159 154 40 vägnar:

764 2257 109 36 CHR.
903 2255 326 39 LUNDEBERG.
