1900 2808
297 144 40 32 84
762 140 263 31 Statsutskottets
1048 139 165 29 utlåtande
1236 147 38 20 nr
1299 138 29 29 4.

297 222 15 30 1
336 220 63 42 juli
423 219 90 32 1941.
549 217 177 33 Utskottet
748 216 198 41 tillstyrker,
970 217 49 29 att
1043 214 180 40 riksdagen
1247 213 129 30 lämnar
1400 211 57 32 det
1481 209 144 32 sålunda
1647 207 148 42 begärda

295 269 296 44 bemyndigandet.
629 268 120 32 Under
773 266 206 40 hänvisning
1004 265 54 31 till
1083 265 64 30 vad
1173 263 168 32 utskottet
1368 262 113 31 anfört
1507 260 109 32 under
1641 259 154 41 anslaget

297 322 54 31 till
373 320 219 41 anskaffning
614 331 40 19 av
675 317 213 43 tygmateriel
910 316 57 32 vid
989 317 114 30 armén
1126 314 189 41 tillstyrker
1338 313 174 36 utskottet,
1537 313 49 30 att
1608 321 113 21 ramen
1744 310 53 30 för

296 371 255 43 ifrågavarande
570 368 272 43 bemyndigande
862 367 117 41 vidgas
1000 366 76 31 med
1095 365 136 41 belopp,
1253 375 73 21 som
1347 365 168 29 motsvara
1536 361 158 32 inträdda
1714 360 82 42 pris-

297 423 189 42 stegringar
504 422 105 32 sedan
629 421 64 31 den
714 421 16 30 1
750 420 65 40 juli
835 419 88 31 1941.

349 472 339 43 Flygförvaltningen
723 471 62 31 har
821 470 117 31 räknat
973 468 78 31 med
1075 469 49 30 att
1148 467 66 31 den
1240 466 11 31 i
1277 464 302 33 försvarsbeslutet
1603 463 192 32 beräknade

296 524 280 32 kostnadsramen
614 523 53 30 för
704 519 375 40 materielanskaffning
1117 517 86 32 skall
1230 517 133 31 komma
1390 518 48 29 att
1466 514 214 32 överskridas
1709 513 86 37 med,

296 576 104 32 bland
420 577 111 35 annat,
553 574 40 31 de
615 573 134 41 belopp,
772 583 73 20 som
865 572 169 30 motsvara
1054 568 229 32 kostnaderna
1304 568 53 31 för
1375 566 163 41 avlöning
1559 577 39 20 av
1619 565 71 32 viss
1712 564 84 31 icke-

296 626 169 32 ordinarie
486 624 168 43 personal,
676 623 114 31 vilken
811 623 11 30 i
844 620 299 33 försvarsbeslutet
1163 619 182 31 beräknats
1369 618 93 31 skola
1486 617 138 31 avlönas
1648 616 74 31 från
1746 626 50 20 av-

298 677 265 42 löningsanslag.
599 675 188 37 Utskottet,
824 684 72 21 som
932 672 57 31 vid
1026 671 54 31 sin
1115 669 211 41 behandling
1351 668 204 41 föregående
1581 669 54 30 års
1661 666 138 41 riksdag

297 741 39 19 av
359 739 125 21 samma
507 726 166 42 spörsmål
695 725 192 36 förutsatte,
911 724 49 30 att
983 721 326 42 flygförvaltningen
1333 719 158 32 vinnlade
1515 718 53 41 sig
1592 729 52 20 om
1669 719 49 30 att
1743 728 54 20 om

298 779 133 42 möjligt
451 779 167 40 inrymma
638 777 99 31 dessa
758 774 184 33 kostnader
963 774 12 30 i
997 773 145 31 nämnda
1162 771 248 37 kostnadsram,
1434 771 98 39 utgår
1555 769 145 41 alltjämt
1722 768 76 31 från

299 832 49 29 att
372 828 324 43 flygförvaltningen
720 826 155 41 vidtager
898 824 126 32 sådana
1048 822 163 42 åtgärder,
1238 824 49 29 att
1312 821 93 31 detta
1428 820 86 31 skall
1537 819 92 32 bliva
1654 818 143 42 möjligt.

350 880 120 32 Såsom
495 880 11 30 i
532 879 139 31 ärendet
697 876 204 32 framhållits
927 877 86 40 pågå
1039 875 53 30 för
1116 873 209 32 närvarande
1351 872 92 31 inom
1470 869 326 43 flygförvaltningen

296 932 92 31 vissa
411 929 402 33 konstruktionsarbeten
837 927 76 31 med
938 925 166 33 avseende
1130 927 19 29 å
1174 923 237 42 flygmateriel,
1438 933 73 20 som
1536 921 87 32 skall
1647 920 149 32 tillföras

297 983 196 41 flygvapnet
512 981 86 32 efter
616 978 307 43 femårsperiodens
942 977 69 32 slut
1030 978 111 30 såsom
1160 975 190 40 ersättning
1368 975 53 30 för
1441 974 65 31 den
1526 972 108 32 under
1651 971 146 32 nämnda

298 1033 119 42 period
440 1032 199 32 anskaffade
663 1029 279 43 flygmaterielen.
978 1028 177 31 Utskottet
1178 1026 66 31 kan
1268 1026 12 30 i
1304 1025 106 31 likhet
1434 1024 77 31 med
1536 1024 263 40 departements-

297 1085 119 31 chefen
439 1083 73 32 icke
536 1081 179 42 tillstyrka,
741 1083 50 29 att
813 1079 280 32 kostnadsramen
1117 1078 53 31 för
1195 1076 221 41 anskaffning
1440 1086 40 20 av
1504 1073 228 43 flygmateriel
1757 1084 40 19 av

300 1135 109 31 denna
434 1133 186 41 anledning
643 1130 214 33 överskrides
883 1132 80 28 utan
989 1139 98 21 anser
1112 1129 57 36 att,
1197 1127 115 32 därest
1336 1125 221 41 besparingar
1581 1124 11 30 i
1617 1123 105 31 andra
1747 1133 51 20 av-

299 1185 148 32 seenden
465 1185 73 31 icke
557 1184 113 31 kunna
689 1184 54 30 för
761 1180 191 33 ändamålet
970 1181 94 40 tagas
1084 1179 11 30 i
1113 1177 155 42 anspråk,
1289 1175 221 41 erforderliga
1529 1173 268 42 begränsningar

299 1239 11 30 i
336 1236 226 42 programmet
587 1234 12 31 i
623 1233 115 32 stället
762 1233 84 31 böra
871 1231 162 41 vidtagas.
1070 1230 68 31 Det
1164 1240 101 30 synes
1293 1227 167 32 utskottet
1484 1226 84 31 böra
1594 1227 53 29 stå
1671 1224 126 42 Kungl.

299 1286 100 42 Maj:t
425 1288 104 40 öppet
554 1287 58 36 att,
638 1286 114 30 såsom
780 1280 373 44 departementschefen
1180 1280 171 36 förutsatt,
1379 1277 135 32 besluta
1541 1288 54 20 om
1622 1276 105 31 sådan
1754 1275 46 30 in-

299 1337 150 41 riktning
484 1348 41 20 av
559 1333 400 37 konstruktionsarbetet,
997 1334 49 29 att
1083 1331 216 41 flygvapnets
1336 1327 374 40 materielanskaffning
1747 1326 53 30 för

299 1388 94 32 tiden
416 1388 87 31 efter
525 1385 308 43 femårsperiodens
857 1384 68 32 slut
948 1383 86 32 skall
1056 1382 114 31 kunna
1192 1381 59 31 ske
1275 1380 87 31 efter
1384 1381 38 29 så
1444 1379 161 31 moderna
1629 1376 172 41 riktlinjer

299 1451 72 20 som
405 1438 144 42 möjligt,
585 1438 107 31 under
728 1435 245 40 förutsättning
998 1435 48 30 att
1071 1433 40 31 de
1137 1434 19 29 å
1180 1430 290 42 femårsperioden
1495 1428 190 42 belöpande
1711 1427 88 31 kost-

299 1490 149 31 naderna
467 1489 118 32 härför
607 1488 71 31 icke
703 1486 196 32 överskrida
921 1483 147 33 nämnda
1089 1483 246 31 kostnadsram.

354 1541 117 31 Under
490 1538 214 43 åberopande
724 1549 41 20 av
784 1537 58 32 det
862 1536 141 32 anförda
1022 1534 197 32 hemställer
1238 1533 176 37 utskottet,

621 1608 49 30 att
691 1605 185 41 riksdagen
899 1605 54 30 må

621 1657 29 41 a)
689 1656 52 32 till
779 1656 215 41 Flygvapnet:
1027 1652 223 42 Anskaffning
1284 1662 40 21 av
1343 1650 216 42 flygmateriel
1585 1650 52 30 för
1660 1648 141 41 budget-

567 1710 72 29 året
657 1707 137 39 1945/46
810 1705 116 32 anvisa
942 1707 49 29 ett
1005 1702 353 40 reservationsanslag
1379 1712 40 20 av
1437 1701 60 31 110
1508 1700 63 31 000
1582 1700 63 31 000
1660 1699 140 38 kronor;

620 1757 33 42 b)
685 1756 208 43 bemyndiga
925 1755 126 41 Kungl.
1075 1754 98 41 Maj:t
1206 1754 51 30 att
1290 1751 156 42 medgiva
1472 1749 266 33 överskridande
1762 1760 40 20 av

569 1809 118 41 anslag
717 1808 54 31 till
801 1806 217 42 anskaffning
1047 1816 40 21 av
1115 1803 226 43 flygmateriel
1370 1802 53 31 för
1437 1801 212 42 budgetåren
1664 1800 136 31 1942/47

569 1859 92 32 intill
695 1861 49 29 ett
767 1858 128 41 belopp
918 1868 40 20 av
981 1875 39 3 —
1045 1857 119 30 utöver
1185 1855 12 31 i
1220 1853 203 42 riksdagens
1447 1852 165 32 skrivelse
1637 1851 89 32 1942:
1740 1850 62 31 375

570 1910 121 42 (punkt
724 1908 86 42 37:0)
843 1908 136 41 angivet
1011 1907 128 41 belopp
1166 1917 40 20 av
1229 1905 62 32 506
1304 1904 135 32 500000
1461 1903 127 31 kronor
1610 1921 41 3 —
1672 1901 130 42 ytterli-

570 1971 79 31 gare
682 1960 115 31 23500
809 1959 62 32 000
903 1958 127 31 kronor
1059 1956 107 41 enligt
1187 1955 168 42 prisläget
1377 1954 66 32 den
1469 1955 15 31 i
1507 1953 64 42 juli
1596 1953 78 31 1941
1696 1951 105 42 jämte

569 2011 64 32 vad
667 2022 74 20 som
766 2009 170 33 erfordras
959 2009 52 31 för
1033 2006 223 33 bestridande
1280 2017 40 20 av
1343 2003 259 34 merkostnader
1624 2004 44 40 på
1690 2002 112 41 grund

569 2073 40 20 av
632 2060 228 43 prisstegring
883 2059 105 32 sedan
1011 2058 66 32 den
1102 2059 15 30 1
1140 2057 64 42 juli
1230 2057 90 31 1941.

355 2156 102 42 123:o)
493 2157 194 38 Flygvapnet:
720 2154 244 39 Prisstegringar
986 2150 19 34 å
1028 2152 189 38 anskaffning
1242 2159 36 23 av
1300 2149 209 40 flygmateriel.
1553 2147 126 41 Kungl.
1704 2146 99 41 Maj:t

302 2208 61 31 har
391 2207 178 41 föreslagit
597 2206 181 41 riksdagen
812 2204 120 42 (punkt
962 2204 68 37 127,
1058 2214 27 19 s.
1116 2202 72 41 248)
1223 2203 51 30 att
1301 2200 54 32 till
1383 2200 223 41 Flygvapnet:
1637 2198 165 41 Prissteg-

302 2259 113 41 ringar
432 2261 19 29 å
469 2257 220 41 anskaffning
706 2268 40 20 av
765 2254 225 43 flygmateriel
1009 2254 54 30 för
1079 2253 203 41 budgetåret
1301 2250 135 33 1945/46
1455 2250 117 31 anvisa
1591 2251 48 29 ett
1657 2260 145 20 reserva-

301 2309 213 42 tionsanslag
534 2320 41 21 av
596 2308 39 31 25
648 2308 60 31 000
721 2307 61 31 000
803 2306 132 31 kronor.

354 2385 305 32 Merkostnaderna
682 2384 53 31 för
758 2382 158 32 mötande
939 2393 40 20 av
1001 2380 226 43 prisstegring
1250 2380 78 31 med
1350 2378 167 32 avseende
1541 2379 19 30 å
1583 2376 219 42 anskaffning

302 2449 40 20 av
365 2436 227 43 flygmateriel
614 2436 86 31 hava
722 2445 40 21 av
785 2432 324 43 flygförvaltningen
1132 2430 146 42 tidigare
1300 2429 180 32 beräknats
1504 2428 53 32 till
1580 2427 223 42 sammanlagt

302 2489 40 31 33
356 2489 59 31 790
428 2488 61 31 000
517 2487 125 31 kronor
671 2486 53 31 för
751 2484 210 41 budgetåren
991 2482 144 32 1942/45.
1175 2480 203 33 Emellertid
1408 2490 102 32 synas
1540 2479 262 42 departements-
