1918 2820
602 142 265 29 Statsutskottets
890 142 167 28 utlåtande
1080 150 37 20 nr
1134 142 28 30 4.
1591 136 40 32 55

127 216 193 42 grundades
343 218 44 39 på
410 215 302 32 medelkostnaden
736 216 54 30 för
813 216 41 31 de
878 227 40 20 av
941 216 152 31 marinen
1118 215 107 32 under
1248 215 58 32 det
1329 216 136 30 senaste
1489 216 72 30 året
1585 214 47 31 in-

126 268 104 41 köpta
245 267 253 42 brännoljorna,
515 267 61 31 280
592 267 125 31 kronor
733 278 61 30 per
810 269 68 29 ton.
907 266 367 41 Marinförvaltningen
1291 266 64 32 har
1370 277 47 20 nu
1434 265 197 38 framhållit,

128 321 49 30 att
197 319 303 31 medelkostnaden
520 319 55 30 för
594 318 105 42 inköp
721 329 40 21 av
780 318 182 41 brännolja
982 329 139 20 numera
1141 317 107 33 borde
1270 317 201 42 uppskattas
1493 317 55 31 till
1571 316 61 32 250

126 370 126 31 kronor
276 380 61 31 per
361 372 69 29 ton.
469 369 81 31 Med
576 369 228 31 oförändrade
828 368 358 42 beräkningsgrunder
1211 368 12 31 1
1250 368 111 42 övrigt
1387 368 120 38 skulle,
1535 368 98 31 fram-

126 421 109 31 håller
271 420 385 42 departementschefen,
696 418 110 34 denna
842 420 243 41 prissänkning
1121 419 153 32 medföra
1301 430 41 20 en
1369 418 196 42 minskning
1592 429 41 21 av

127 472 278 31 medelsbehovet
429 471 77 32 med
530 472 92 31 1410
635 471 61 31 000
719 471 134 32 kronor.

180 523 242 31 Kostnaderna
448 523 53 30 för
527 522 179 31 underhåll
732 533 40 20 av
798 521 505 42 vinterutrustningspersedlar
1329 532 41 20 m.
1399 532 51 26 m.,
1478 520 156 42 omkring

126 573 42 32 50
181 574 61 31 000
266 573 134 38 kronor,
425 573 95 37 hava,
546 575 113 30 såsom
684 584 40 20 av
749 573 57 31 det
831 573 204 40 föregående
1061 573 155 41 framgår,
1242 572 77 31 från
1344 572 64 31 och
1433 571 77 32 med
1535 573 99 30 nästa

127 624 167 42 budgetår
313 626 131 30 ansetts
463 624 84 32 böra
564 623 172 32 bestridas
756 624 75 31 från
850 623 171 32 marinens
1042 623 118 41 anslag
1178 623 55 31 till
1252 623 193 32 beklädnad
1465 634 41 19 m.
1529 634 41 20 m.

182 675 118 41 Enligt
322 675 116 32 beslut
461 675 67 31 den
553 675 38 31 15
613 674 75 41 juni
714 675 80 31 1944
816 674 62 31 har
900 674 127 41 Kungl.
1051 674 98 41 Maj:t
1172 673 173 42 medgivit,
1370 675 50 30 att
1442 672 193 33 försöksvis

134 726 74 31 från
243 726 63 31 och
340 725 79 32 med
455 725 65 32 den
557 726 15 30 1
606 725 65 41 juli
695 726 82 31 1944
800 725 63 31 och
887 724 73 32 tills
982 725 116 31 vidare
1121 724 273 42 prispenningar,
1418 724 90 41 lägst
1529 724 19 31 3
1572 723 65 32 och

131 776 104 41 högst
256 777 19 31 9
298 776 136 38 kronor,
458 778 55 29 må
535 776 136 31 utdelas
694 775 56 32 vid
773 775 230 42 månadsprov
1026 775 78 31 med
1126 774 333 42 hydrofonutbildad
1474 774 162 41 personal

134 827 108 41 enligt
273 826 94 32 vissa
399 826 12 32 i
444 826 152 32 beslutet
630 826 145 42 angivna
808 826 158 41 grunder.
1011 825 116 32 Härav
1149 825 201 32 föranledda
1372 824 188 33 kostnader
1582 824 55 32 be-

131 877 128 32 stridas
291 878 54 31 för
377 877 231 32 innevarande
642 877 168 41 budgetår
832 877 75 31 från
930 876 107 41 fjärde
1060 876 238 32 huvudtitelns
1322 876 120 41 anslag
1464 875 54 31 till
1541 877 95 30 extra

132 928 150 42 utgifter.
327 927 263 42 Ifrågavarande
613 927 267 42 prispenningar
904 945 37 4 —
964 927 91 31 vilka
1078 929 58 29 äro
1159 928 50 30 att
1231 938 83 20 anse
1338 937 75 21 som
1437 926 106 31 sådan
1566 936 71 31 gra-

132 978 170 32 tifikation
337 978 84 32 eller
454 978 172 41 belöning,
662 989 74 20 som
760 977 107 42 enligt
890 978 40 31 26
952 977 21 42 $
995 978 20 31 5
1037 988 101 21 mom.
1163 976 474 42 manskapsavlöningsregle-

132 1031 130 29 mentet
295 1031 55 29 må
383 1029 116 31 kunna
532 1028 152 32 tilldelas
707 1028 364 41 beställningshavare,
1095 1028 115 31 därest
1232 1028 113 31 medel
1367 1028 53 31 för
1442 1026 196 32 ändamålet

129 1080 113 31 finnas
265 1079 162 32 anvisade
514 1079 86 31 hava
623 1090 40 20 av
686 1078 378 42 departementschefen
1088 1080 131 30 ansetts
1242 1078 58 32 vid
1322 1078 114 31 behov
1455 1077 84 32 böra
1554 1079 83 40 utgå

129 1130 124 41 jämväl
288 1131 86 30 efter
403 1132 171 39 utgången
608 1141 41 20 av
681 1129 231 32 innevarande
945 1129 177 42 budgetår.
1159 1128 253 39 Kostnaderna,
1442 1128 89 32 vilka
1553 1138 84 31 upp-

131 1180 147 32 skattats
301 1180 54 31 till
377 1181 95 31 4800
494 1180 127 32 kronor
643 1191 62 30 per
727 1182 44 35 år,
795 1179 109 32 borde
928 1179 87 32 dock
1037 1179 11 32 i
1071 1179 268 42 fortsättningen
1366 1178 173 33 bestridas
1562 1178 74 32 från

131 1231 95 32 detta
259 1231 127 41 anslag.
432 1231 122 42 Någon
588 1231 219 42 uppräkning
840 1242 40 20 av
913 1230 155 42 anslaget
1091 1241 41 20 av
1153 1241 47 20 nu
1223 1229 128 32 nämnd
1375 1229 185 41 anledning
1582 1228 54 32 be-

128 1282 112 32 hövde
263 1282 29 40 ej
318 1282 69 31 ske.

183 1332 286 32 Medelsbehovet
502 1332 53 31 till
589 1332 140 31 flottans
763 1332 164 41 övningar
961 1331 110 32 skulle
1102 1332 11 30 i
1137 1331 152 42 enlighet
1312 1331 78 31 med
1413 1331 59 31 det
1494 1329 144 33 anförda

129 1383 92 32 bliva
244 1383 51 40 (13
307 1383 63 32 000
381 1383 63 32 000
461 1389 30 28 +
509 1384 18 30 8
541 1383 61 32 700
613 1383 63 31 000
688 1401 40 3 —
742 1384 15 29 1
771 1383 63 30 410
845 1383 63 30 000
920 1401 40 4 —
972 1382 41 32 50
1024 1382 62 32 000
1098 1382 50 41 =)
1171 1383 41 31 20
1224 1383 62 30 240
1297 1382 63 32 000
1382 1382 135 37 kronor,
1530 1381 107 31 vilket

134 1433 138 41 belopp,
306 1433 79 31 med
418 1433 193 32 beaktande
645 1432 105 32 bland
772 1435 105 29 annat
900 1444 40 19 av
963 1435 50 29 att
1034 1432 93 32 vissa
1149 1432 187 32 kostnader
1358 1432 53 31 för
1433 1430 206 42 kustsignal-

130 1484 166 31 väsendet
332 1495 143 20 numera
511 1483 74 31 icke
623 1483 96 31 skola
755 1483 134 32 belasta
926 1483 163 41 anslaget,
1125 1485 97 40 synts
1256 1482 381 42 departementschefen

133 1535 116 31 kunna
281 1533 171 32 avrundas
486 1534 104 31 nedåt
617 1533 53 32 till
693 1534 114 31 20200
818 1534 63 31 000
903 1533 135 32 kronor.
1084 1533 51 31 Av
1158 1533 94 31 detta
1274 1533 129 42 belopp
1427 1534 119 41 syntes
1570 1542 68 22 om-

130 1585 99 41 kring
263 1584 168 32 7250000
457 1584 127 31 kronor
606 1583 117 32 kunna
745 1594 101 21 anses
870 1586 171 29 motsvara
1063 1583 228 42 prisstegring
1314 1583 106 32 sedan
1445 1583 65 32 den
1535 1585 15 30 1
1573 1581 66 44 juli

137 1637 90 31 1941.
274 1634 123 33 Såsom
432 1635 92 32 skett
556 1635 52 31 för
641 1634 230 32 innevarande
905 1634 169 42 budgetår
1101 1636 117 40 syntes
1241 1634 127 41 Kungl.
1399 1634 98 41 Maj:t
1519 1635 11 31 i
1554 1646 85 21 sam-

131 1687 93 32 band
257 1687 82 31 med
366 1686 240 31 fastställande
640 1696 40 21 av
704 1687 68 30 stat
805 1685 53 32 för
889 1686 154 40 anslaget
1075 1685 85 32 böra
1192 1685 170 32 anbefalla
1395 1685 245 33 marinförvalt-

130 1737 127 42 ningen
280 1739 59 35 att,
364 1737 117 31 därest
508 1737 86 30 efter
617 1738 170 39 övergång
813 1736 53 31 till
889 1736 164 32 fredsstat
1074 1736 193 31 kostnaden
1290 1736 52 31 för
1365 1735 275 43 pannbrännolja

132 1787 218 41 understiger
366 1788 67 31 den
449 1787 158 38 kostnad,
624 1788 79 30 varå
720 1786 373 41 anslagsberäkningen
1105 1785 176 43 grundats,
1295 1786 214 31 underställa
1521 1786 118 42 frågan

132 1849 57 21 om
213 1838 173 41 anslagets
410 1837 211 42 disposition
644 1837 127 41 Kungl.
794 1837 118 41 Maj:ts
935 1836 164 42 förnyade
1122 1836 177 42 prövning.

184 1889 55 31 Då
262 1888 57 31 det
343 1890 92 29 ännu
458 1888 74 31 icke
555 1899 81 20 vore
667 1888 134 40 möjligt
824 1889 50 30 att
897 1887 79 31 med
998 1889 112 39 någon
1135 1887 82 41 grad
1241 1898 40 20 av
1304 1887 259 41 tillförlitlighet
1586 1887 54 32 be-

131 1939 106 31 räkna
259 1938 233 31 kostnaderna
514 1938 52 31 för
589 1938 181 40 uttagning
792 1949 40 19 av
854 1938 121 40 fartyg,
992 1937 107 31 borde
1123 1937 101 31 dessa
1243 1937 188 31 kostnader
1446 1937 124 31 liksom
1587 1937 53 31 för

133 1989 231 31 innevarande
387 1988 168 41 budgetår
577 1988 34 31 få
633 1988 173 31 bestridas
829 1988 74 30 från
926 1987 221 32 förevarande
1171 1987 126 41 anslag.

185 2082 176 32 Utskottet
395 2082 62 30 har
491 2081 113 31 funnit
638 2080 54 42 sig
724 2081 82 30 böra
840 2080 146 41 godtaga
1020 2080 65 31 den
1120 2091 40 20 av
1183 2079 375 41 departementschefen
1582 2080 53 31 till

132 2133 110 41 grund
264 2133 52 30 för
339 2132 370 41 anslagsberäkningen
731 2132 99 40 lagda
853 2132 175 41 prisnivån
1051 2132 53 30 för
1125 2131 200 41 brännoljor
1348 2131 63 31 och
1435 2131 112 31 finner
1571 2131 66 31 den

133 2184 183 30 förutsatta
339 2183 235 40 anordningen
597 2182 216 32 beträffande
838 2182 172 40 anslagets
1035 2182 207 41 disposition
1266 2182 11 30 i
1303 2181 90 41 syfte
1419 2183 49 29 att
1492 2192 146 31 anpassa

134 2234 298 40 medelsåtgången
468 2233 76 31 med
579 2233 133 40 hänsyn
747 2233 53 30 till
837 2233 57 31 det
930 2232 148 31 aktuella
1103 2232 163 41 prisläget
1292 2234 19 29 å
1335 2232 200 40 brännoljor
1560 2243 79 19 vara

134 2284 147 41 lämplig.

186 2334 74 30 Vad
298 2334 126 40 Kungl.
464 2333 100 40 Maj:t
602 2333 127 31 anmält
755 2333 62 30 och
847 2333 177 40 föreslagit
1050 2332 215 31 beträffande
1293 2332 263 41 prispenningar
1585 2332 54 31 till

133 2384 330 42 hydrofonutbildad
501 2384 158 40 personal
697 2383 189 40 tillstyrkes
924 2393 40 20 av
1001 2383 175 31 utskottet.
1214 2382 188 37 Utskottet,
1430 2392 72 21 som
1530 2381 109 31 under

135 2435 168 30 marinens
323 2434 332 39 beklädnadsanslag
676 2433 125 30 lämnat
823 2435 80 28 utan
926 2432 132 31 erinran
1082 2432 162 40 förslaget
1264 2443 53 19 om
1340 2434 48 29 att
1410 2431 225 30 kostnaderna

1693 2088 132 24 Utskottet.
