1908 2808
105 1154 130 24 Utskottet.

283 138 40 45 712
752 150 263 30 Statsutskottets
1038 152 166 29 utlåtande
1227 162 38 19 nr
1290 155 29 27 4.

338 219 104 42 103:0)
465 221 195 39 Flygvapnet:
686 222 387 40 Rekryteringskostnader
1089 226 56 30 och
1163 227 266 38 avskedspremier
1445 237 36 22 m.
1500 237 36 23 m.
1567 228 220 33 Beträffande

283 269 127 43 Kungl.
429 270 119 42 Maj:ts
567 272 252 43 framställning
836 285 53 20 om
907 275 119 41 anslag
1042 276 54 30 till
1114 276 257 41 ifrågavarande
1389 279 156 31 ändamål
1568 279 121 42 (punkt
1707 281 73 36 107)

285 320 152 32 kommer
466 321 167 32 utskottet
665 324 50 30 att
746 323 181 33 framdeles
959 325 110 32 under
1099 326 181 42 riksdagen
1312 328 120 41 avgiva
1463 329 183 39 utlåtande,
1679 331 105 32 vilket

284 370 141 33 härmed

913 426 159 32 anmäles.

341 515 103 42 104:0)
478 518 194 38 Flygvapnet:
709 519 398 40 Ekiperingsersättningar.
1150 521 127 42 Kungl.
1302 522 98 41 Maj:t
1422 523 61 31 har
1505 524 177 41 föreslagit
1704 524 84 32 riks-

287 565 109 42 dagen
421 566 120 42 (punkt
562 568 69 38 108,
653 580 24 19 s.
700 569 61 31 214
782 569 63 32 och
864 570 72 41 215)
962 573 50 29 att
1032 571 54 31 till
1106 571 224 42 Flygvapnet:
1352 573 436 44 Ekiperingsersättningar

287 617 55 31 för
364 617 202 41 budgetåret
591 618 137 32 1945/46
753 620 117 31 anvisa
894 622 49 30 ett
967 621 267 43 förslagsanslag
1258 634 41 20 av
1323 623 61 31 475
1397 624 60 31 000
1482 624 133 32 kronor.

340 700 236 34 Förevarande
608 703 119 42 anslag
759 706 37 29 är
828 705 52 31 för
911 704 229 34 innevarande
1172 706 169 42 budgetår
1372 708 141 42 uppfört
1545 709 77 32 med
1653 710 61 31 350
1728 710 62 32 000

287 751 134 33 kronor.

341 802 119 43 Enligt
483 804 494 42 reservbefälskungörelserna
1001 806 86 32 skall
1112 807 57 32 det
1194 808 179 31 ankomma
1396 811 44 39 på
1463 809 126 42 Kungl.
1614 810 101 42 Maj:t
1740 813 50 30 att

288 852 13 32 i
324 854 164 31 samband
511 855 78 31 med
611 855 325 33 medelsäskandena
959 857 54 31 för
1036 857 181 42 riksdagen
1242 858 185 43 framlägga
1450 860 130 42 förslag
1603 872 54 20 om
1681 861 109 42 ekipe-

289 903 253 43 ringshjälpens
577 905 127 42 belopp
740 906 54 31 för
829 905 90 33 olika
953 908 318 42 personalgrupper.
1308 909 385 42 Departementschefen
1729 912 63 32 har

289 954 74 32 icke
390 954 114 32 funnit
530 955 185 42 anledning
741 956 165 42 föreligga
930 958 55 30 till
1013 958 144 42 ändring
1183 959 12 31 i
1221 959 42 31 de
1291 960 53 31 för
1370 960 228 33 innevarande
1623 961 169 43 budgetår

290 1005 157 41 gällande
482 1006 201 41 grunderna,
722 1007 106 41 enligt
863 1007 90 32 vilka
987 1008 59 31 vid
1082 1009 107 32 första
1214 1010 210 42 anställning
1448 1011 54 31 till
1527 1014 265 31 reservanställd

291 1055 130 39 officer,
445 1056 231 32 underofficer
698 1057 84 32 eller
803 1058 231 42 flygingenjör
1056 1061 98 39 utgår
1176 1062 50 29 ett
1247 1060 127 42 belopp
1397 1072 41 20 av
1461 1062 91 31 1000
1573 1062 133 33 kronor.

344 1149 178 32 Utskottet
551 1150 113 31 finner
691 1150 53 42 sig
771 1151 113 31 kunna
910 1151 181 42 tillstyrka,
1119 1154 50 29 att
1197 1152 41 32 de
1267 1153 156 42 grunder,
1453 1154 87 32 efter
1566 1155 90 32 vilka
1684 1155 109 42 ekipe-

291 1199 235 43 ringshjälpen
552 1201 55 31 till
634 1202 319 41 reservpersonalen
980 1204 99 40 utgår
1104 1203 109 31 under
1239 1203 228 33 innevarande
1494 1204 175 43 budgetår,
1698 1206 96 42 givas

291 1250 159 41 giltighet
475 1250 124 42 jämväl
625 1252 109 31 under
759 1254 98 30 nästa
880 1252 177 42 budgetår.
1094 1253 76 32 Mot
1195 1254 66 31 den
1287 1254 125 32 äskade
1437 1255 357 43 medelsanvisningen

291 1300 62 31 har
374 1301 167 32 utskottet
561 1302 73 31 icke
656 1302 116 32 funnit
792 1303 184 42 anledning
996 1303 54 32 till
1072 1304 143 31 erinran.

345 1351 178 33 Utskottet
545 1352 206 39 hemställer,

586 1422 49 29 att
661 1420 182 42 riksdagen
869 1423 54 30 må
947 1421 55 32 till
1028 1421 225 42 Flygvapnet:
1280 1421 435 44 Ekiperingsersättningar
1741 1425 56 31 för

544 1470 203 42 budgetåret
773 1471 135 32 1945/46
932 1472 118 32 anvisa
1074 1475 49 29 ett
1147 1473 268 42 förslagsanslag
1437 1485 42 21 av
1502 1474 62 32 475
1576 1475 61 31 000
1660 1475 134 32 kronor.

774 1590 114 42 Bidrag
913 1600 38 24 m.
976 1600 39 24 m.
1039 1588 36 37 åt
1096 1592 227 42 värnpliktiga.

348 1656 103 42 105:o)
486 1658 194 38 Flygvapnet:
717 1659 240 38 Penningbidrag
994 1668 35 22 m.
1061 1668 36 22 m.
1132 1657 32 33 åt
1196 1660 212 39 värnpliktiga.
1452 1660 127 41 Kungl.
1604 1660 98 42 Maj:t
1735 1661 63 31 har

295 1706 177 42 föreslagit
492 1707 182 42 riksdagen
699 1707 122 42 (punkt
841 1709 68 38 109,
931 1720 25 21 s.
978 1709 61 31 215
1059 1710 63 31 och
1142 1709 73 42 216)
1241 1712 50 29 att
1311 1710 54 31 till
1385 1710 223 42 Flygvapnet:
1630 1711 168 43 Penning-

294 1757 122 42 bidrag
436 1769 41 20 m.
499 1769 41 20 m.
563 1760 35 31 åt
618 1759 228 41 värnpliktiga
867 1760 53 31 för
939 1759 204 42 budgetåret
1165 1760 137 31 1945/46
1323 1761 118 31 anvisa
1461 1763 49 29 ett
1531 1761 268 43 förslagsanslag

295 1818 42 21 av
358 1808 93 32 3450
463 1809 62 31 000
547 1808 133 32 kronor.

348 1891 166 42 Anslaget
538 1892 54 31 för
614 1892 204 42 budgetåret
844 1893 135 31 1944/45
1004 1896 37 29 är
1066 1894 140 41 uppfört
1230 1894 109 33 under
1363 1894 247 43 beteckningen
1634 1896 165 42 Flygvap-

295 1944 71 30 net:
388 1943 53 31 De
461 1943 246 41 värnpliktigas
729 1944 161 41 avlöning
910 1944 77 31 med
1010 1947 49 29 ett
1078 1944 127 42 belopp
1227 1956 41 20 av
1289 1945 93 31 2650
1395 1944 61 33 000
1477 1945 133 32 kronor.

349 1992 82 32 Med
452 1993 256 42 utgångspunkt
729 1994 75 31 från
827 1995 91 31 2363
931 1995 61 30 774
1013 1995 355 42 tjänstgöringsdagar
1387 1995 87 32 hava
1495 1996 229 32 kostnaderna
1745 1997 55 32 för

296 2043 273 41 penningbidrag
587 2044 183 31 beräknats
789 2044 54 31 till
863 2044 91 32 2575
967 2045 61 31 000
1048 2045 133 31 kronor.
1213 2046 153 31 Premier
1385 2046 86 32 hava
1489 2046 181 33 beräknats
1691 2048 109 32 under

296 2095 100 30 nästa
415 2094 169 41 budgetår
604 2094 135 31 komma
761 2096 50 30 att
833 2096 80 40 utgå
934 2093 55 33 till
1011 2096 40 30 60
1074 2095 229 42 värnpliktiga
1326 2096 287 33 underofficerare
1638 2098 77 31 med
1737 2098 63 32 250

296 2143 127 32 kronor
448 2145 82 31 eller
556 2144 224 42 sammanlagt
804 2146 77 30 med
907 2145 113 32 15000
1045 2146 133 38 kronor,
1206 2147 54 30 till
1286 2147 40 31 45
1352 2148 448 42 reservofficersaspiranter

297 2197 89 29 samt
409 2195 40 31 35
475 2195 184 42 flygförare
685 2196 78 31 med
788 2196 92 31 1250
902 2196 126 32 kronor
1053 2196 82 32 eller
1160 2197 146 41 tillhopa
1332 2198 60 31 100
1403 2198 63 31 000
1490 2198 125 32 kronor
1638 2201 161 30 ävensom

297 2245 56 31 till
380 2245 40 31 40
448 2245 205 42 flygskyttar
680 2246 78 31 med
786 2246 62 31 250
873 2246 126 32 kronor
1028 2247 82 31 eller
1137 2247 226 32 tillsammans
1393 2246 112 34 10000
1533 2249 133 31 kronor.
1708 2249 92 33 Sam-

297 2295 150 41 manlagt
470 2296 214 32 erfordrades
708 2296 134 32 således
865 2297 53 31 för
940 2297 148 41 premier
1110 2297 59 31 125
1182 2298 61 31 000
1267 2298 133 32 kronor.

350 2345 241 33 Kostnaderna
610 2347 54 31 för
683 2346 202 42 flygtillägg,
906 2348 11 30 i
936 2347 66 31 vad
1022 2358 98 21 avser
1138 2348 236 42 värnpliktiga,
1395 2349 86 31 hava
1500 2351 130 30 ansetts
1648 2350 84 32 böra
1752 2353 48 29 ut-

297 2396 118 42 brytas
437 2396 76 32 från
535 2397 217 42 flygvapnets
775 2397 168 32 allmänna
965 2398 301 42 avlöningsanslag
1286 2401 89 30 samt
1397 2401 166 40 upptagas
1586 2400 108 32 under
1716 2401 85 32 före-

298 2447 147 32 varande
470 2447 127 42 anslag.
632 2448 113 31 Dessa
768 2448 184 32 kostnader
975 2449 88 31 hava
1086 2449 181 32 beräknats
1293 2450 53 31 till
1372 2451 60 31 760
1444 2451 61 31 000
1529 2450 133 32 kronor.
1698 2451 19 32 I
1741 2452 59 31 lik-
