1920 2808
106 471 130 24 Utskottet.

117 2165 129 23 Utskottet.

283 136 45 46 50
761 139 262 30 Statsutskottets
1046 138 166 28 utlåtande
1234 146 39 19 nr
1295 137 29 28 4.

289 217 67 32 den
378 217 40 31 28
440 215 86 43 april
549 215 82 32 1944
654 214 164 32 anbefallt
839 213 181 32 utförande
1043 223 41 20 av
1106 212 93 31 vissa
1220 210 176 42 praktiska
1418 210 117 31 försök
1557 209 12 31 i
1592 209 91 42 syfte
1707 210 49 30 att
1779 209 13 31 i

288 267 196 42 möjligaste
504 267 78 30 mån
605 265 190 40 nedbringa
815 263 230 32 kostnaderna
1068 262 53 31 för
1143 261 203 42 bespisning
1368 272 41 20 av
1431 259 317 42 befälspersonalen
1773 261 21 30 å

289 319 144 31 flottans
468 317 112 41 fartyg
604 327 43 20 m.
672 327 41 20 m.
749 314 288 32 Erfarenheterna
1072 324 41 20 av
1149 312 100 32 dessa
1273 311 118 32 försök
1415 311 166 32 beräknas
1608 310 86 32 dock
1719 310 74 31 icke

288 369 118 32 kunna
429 368 165 41 föreligga
618 367 73 31 före
714 367 171 40 utgången
908 376 41 20 av
970 364 202 41 budgetåret
1197 362 145 32 1945/46.

343 462 179 33 Utskottet
549 460 190 42 tillstyrker
765 460 65 31 den
857 470 41 20 av
925 457 374 42 departementschefen
1326 455 207 32 verkställda
1560 455 233 41 beräkningen

291 525 41 21 av
364 512 279 33 medelsbehovet
675 511 107 31 under
814 509 222 32 förevarande
1058 508 119 40 anslag
1199 508 53 30 för
1273 509 101 29 nästa
1393 506 176 40 budgetår.
1605 506 120 31 Under
1748 516 46 20 er-

291 565 99 31 inran
414 566 49 29 att
485 562 230 33 kostnaderna
739 561 108 32 under
870 560 154 40 anslaget
1047 562 12 30 i
1084 559 80 31 1942
1189 560 53 30 års
1267 557 267 32 försvarsbeslut
1559 558 44 40 på
1628 556 167 42 grundval

291 626 42 21 av
365 614 164 42 prisläget
561 613 68 32 den
661 614 17 30 1
710 612 64 41 juli
806 612 81 31 1941
920 610 211 32 beräknades
1163 609 54 31 till
1239 611 50 29 ett
1310 607 274 42 genomsnittligt
1604 607 128 42 belopp
1755 618 41 20 av

291 665 19 31 9
324 665 62 31 894
399 665 61 31 000
480 664 126 30 kronor
627 663 55 31 för
701 664 37 29 år
758 661 109 32 under
887 658 407 44 uppsättningsperioden
1316 658 64 31 och
1401 659 49 29 att
1472 657 11 30 i
1506 656 213 32 förhållande
1740 656 55 32 till

292 715 156 42 anslaget
465 715 52 31 för
534 713 229 32 innevarande
779 713 169 40 budgetår
965 712 57 31 det
1039 722 47 20 nu
1103 710 125 32 äskade
1244 710 164 41 beloppet
1426 708 142 32 innebär
1587 719 42 21 en
1649 708 147 41 anslags-

292 766 147 42 höjning
456 765 77 31 med
551 764 63 32 650
626 765 62 31 000
705 764 133 37 kronor,
857 762 198 32 hemställer
1073 761 175 37 utskottet,

588 851 50 30 att
675 849 181 40 riksdagen
893 849 53 30 må
983 846 54 32 till
1063 846 168 31 Marinen:
1257 844 231 41 Mathållning
1515 844 54 31 för
1593 843 205 42 budgetåret

547 900 138 32 1945/46
711 899 117 32 anvisa
855 900 49 30 ett
930 897 266 42 förslagsanslag
1223 907 39 21 av
1290 895 115 32 10650
1417 895 61 31 000
1504 895 134 31 kronor.

811 1032 353 36 Intendenturmateriel
1189 1041 38 24 m.
1253 1041 38 24 m.

349 1105 85 42 79:0)
467 1106 150 31 Marinen:
654 1104 172 31 Beklädnad
863 1111 36 23 m.
931 1111 37 22 m.
1019 1101 126 41 Kungl.
1177 1100 97 41 Maj:t
1310 1099 63 31 har
1405 1097 178 41 föreslagit
1613 1096 186 42 riksdagen

300 1156 123 43 (punkt
445 1156 48 37 83,
515 1167 25 20 s.
564 1155 62 32 154
647 1155 63 31 och
732 1153 71 40 155)
830 1155 50 30 att
901 1153 55 31 till
976 1152 168 31 Marinen:
1167 1150 201 32 Beklädnad
1389 1161 42 19 m.
1455 1160 41 20 m.
1520 1149 54 30 för
1595 1148 205 41 budgetåret

296 1207 139 32 1945/46
454 1206 118 32 anvisa
591 1207 49 30 ett
660 1203 348 41 reservationsanslag
1027 1213 40 21 av
1086 1202 21 31 4
1119 1202 61 31 600
1193 1201 62 32 000
1273 1201 136 31 kronor.

349 1300 238 33 Förevarande
613 1299 118 41 anslag
757 1300 36 29 är
818 1298 12 31 i
856 1296 147 43 löpande
1029 1296 141 31 riksstat
1194 1294 182 33 betecknat
1401 1292 201 33 Beklädnad
1630 1292 63 32 och
1720 1303 81 30 upp-

297 1353 70 31 fört
386 1352 77 31 med
480 1352 20 30 4
512 1350 61 32 325
587 1350 62 32 000
667 1350 125 31 kronor
811 1349 63 31 och
893 1348 63 32 har
974 1346 271 43 genomsnittligt
1264 1345 183 32 beräknats
1468 1343 54 32 till
1543 1345 49 30 ett
1610 1343 129 41 belopp
1759 1353 42 20 av

296 1404 20 30 4
329 1402 63 33 335
405 1403 60 31 000
486 1402 125 31 kronor
632 1400 109 32 under
759 1402 74 29 vart
855 1399 64 31 och
938 1400 50 29 ett
1009 1409 40 20 av
1069 1397 210 41 budgetåren
1301 1395 146 32 1942/47.

350 1452 387 43 Departementschefen
759 1451 61 31 har
843 1449 168 41 tillstyrkt
1033 1451 48 29 ett
1104 1460 41 20 av
1168 1446 363 41 marinförvaltningen
1555 1444 158 41 framlagt
1737 1443 65 31 för-

297 1505 76 41 slag
395 1515 55 21 om
473 1502 247 43 överflyttning
741 1502 76 30 från
840 1501 143 31 flottans
1006 1498 264 42 övningsanslag
1292 1497 56 32 till
1371 1496 223 32 förevarande
1618 1495 119 41 anslag
1761 1505 40 21 av

297 1555 230 33 kostnaderna
545 1554 55 32 för
618 1552 179 33 underhåll
816 1563 41 20 av
875 1548 514 42 vinterutrustningspersedlar,
1411 1546 284 43 gymnastikskor,
1717 1547 84 29 natt-

298 1606 138 32 dräkter
453 1605 62 31 och
531 1603 195 33 mössband.
756 1602 241 32 Kostnaderna
1014 1601 125 37 härför,
1158 1599 155 41 omkring
1330 1598 41 32 50
1384 1598 61 31 000
1462 1598 134 36 kronor,
1615 1597 46 31 ha
1678 1596 124 31 liksom

299 1656 192 33 eventuella
529 1654 265 43 prisstegringar
833 1655 19 29 å
891 1650 427 34 underhållskostnaderna
1347 1649 12 31 i
1388 1648 111 41 övrigt
1527 1649 131 30 ansetts
1688 1647 114 31 kunna

298 1707 237 42 ungefärligen
560 1707 188 30 motsvaras
773 1715 41 21 av
839 1703 157 32 minskad
1020 1702 195 40 belastning
1241 1703 19 29 å
1284 1700 156 41 anslaget
1464 1701 44 39 på
1533 1698 110 41 grund
1669 1709 40 20 av
1736 1697 66 32 den

297 1758 179 42 pågående
504 1756 301 41 centraliseringen
836 1766 40 20 av
906 1752 373 43 reparationstjänsten.
1322 1749 388 43 Departementschefen
1740 1748 63 31 har

299 1809 146 32 sålunda
471 1809 112 30 ansett
608 1806 279 32 medelsbehovet
914 1804 108 32 under
1047 1803 153 41 anslaget
1226 1802 115 31 kunna
1366 1801 167 31 beräknas
1561 1800 88 31 efter
1676 1809 126 21 samma

298 1860 149 32 kostnad
467 1859 54 31 för
541 1869 79 20 man
642 1857 63 32 och
727 1857 65 41 dag
812 1867 74 21 som
908 1855 107 32 under
1037 1853 227 32 innevarande
1286 1852 169 41 budgetår
1478 1851 82 31 eller
1583 1850 39 31 85
1647 1851 67 30 öre.
1748 1849 56 31 Då

298 1911 130 32 antalet
463 1908 354 43 tjänstgöringsdagar
852 1906 182 32 beräknats
1071 1905 55 31 till
1162 1904 92 31 5410
1268 1904 70 35 000,
1377 1901 110 33 skulle
1524 1900 278 33 medelsbehovet

300 1962 102 32 alltså
433 1962 112 41 uppgå
576 1959 56 32 till
662 1958 167 32 4598500
860 1958 126 30 kronor
1019 1956 82 31 eller
1133 1955 13 31 i
1177 1954 165 32 avrundat
1375 1953 48 31 tal
1455 1952 54 32 till
1541 1951 95 32 4600
1648 1951 62 31 000
1730 1950 73 30 kro-

299 2023 73 21 nor.
405 2011 165 41 Anslaget
591 2010 62 31 har
673 2011 129 30 ansetts
824 2006 85 33 böra
931 2009 74 30 från
1027 2007 63 31 och
1112 2006 76 31 med
1209 2007 99 29 nästa
1328 2004 169 41 budgetår
1519 2002 128 32 erhålla
1670 2001 132 31 benäm-

299 2064 129 40 ningen
451 2061 168 32 Marinen:
644 2059 199 33 Beklädnad
866 2070 42 20 m.
933 2069 41 20 m.

354 2156 55 31 Då
431 2156 65 31 den
518 2166 40 20 av
581 2150 375 45 departementschefen
979 2150 119 42 gjorda
1120 2149 232 40 beräkningen
1375 2158 40 20 av
1438 2145 279 33 medelsbehovet
1740 2144 63 31 och

300 2207 67 32 vad
390 2204 374 44 departementschefen
785 2203 11 31 i
818 2202 165 32 samband
1005 2200 137 32 därmed
1165 2200 112 31 anfört
1299 2199 73 31 icke
1395 2198 85 41 givit
1502 2196 168 32 utskottet
1693 2194 112 32 anled-

299 2258 85 40 ning
407 2257 53 31 till
484 2256 144 37 erinran,
653 2255 51 31 får
728 2253 167 33 utskottet
917 2251 188 38 hemställa,

597 2334 50 30 att
671 2331 181 40 riksdagen
877 2331 54 30 må
955 2329 54 31 till
1032 2328 170 31 Marinen:
1226 2326 201 32 Beklädnad
1451 2335 42 21 m.
1518 2335 42 20 m.
1587 2324 54 30 för
1664 2322 141 41 budget-

554 2385 73 30 året
662 2381 135 32 1945/46
831 2380 119 32 anvisa
973 2382 47 29 ett
1043 2377 350 40 reservationsanslag
1415 2387 40 20 av
1478 2375 94 31 4600
1585 2374 61 31 000
1668 2373 136 31 kronor.
