1902 2822
602 153 265 31 Statsutskottets
889 156 167 30 utlåtande
1079 168 38 19 nr
1139 159 28 28 4.
1613 160 18 31 3

128 223 197 42 lämpligare
343 226 98 40 typer
458 226 54 31 för
529 227 298 43 matinrättningar
845 233 87 29 samt
949 232 278 32 standardiserad
1247 233 61 32 och
1328 234 141 44 lämplig
1487 236 143 32 maskin-

129 276 204 42 utrustning.
365 277 144 33 Arbetet
528 278 158 33 bedrives
707 281 11 31 i
740 281 189 33 samarbete
950 283 76 31 med
1047 284 105 32 andra
1173 285 137 42 statliga
1332 286 62 32 och
1415 287 214 33 kommunala

127 337 112 30 organ.

181 377 68 31 För
266 380 50 29 att
333 377 114 33 kunna
464 379 111 32 bättre
593 380 145 32 bedöma
754 381 230 36 kostnaderna
1000 384 55 31 för
1072 384 91 32 vissa
1182 385 94 32 delar
1293 397 40 20 av
1351 387 170 33 marinens
1540 390 90 30 verk-

128 426 130 33 samhet
277 428 62 31 har
358 429 363 43 marinförvaltningen
741 432 172 42 igångsatt
933 444 41 21 en
994 436 45 40 på
1057 435 188 33 successivt
1263 436 155 33 lämnade
1439 439 191 32 statistiska

128 477 174 42 uppgifter
319 479 155 41 grundad
492 480 257 44 undersökning
766 483 143 31 rörande
927 483 407 45 kostnadsfördelningen
1352 487 59 33 vid
1429 488 91 31 olika
1539 499 91 31 orga-

127 528 319 33 nisationsenheter.
473 530 83 32 Med
570 531 141 43 ledning
724 544 40 20 av
780 533 93 32 detta
887 534 154 32 material
1057 537 36 30 är
1107 537 57 31 det
1178 537 180 41 meningen
1373 540 50 29 att
1438 539 192 31 undersöka

128 579 212 41 skäligheten
355 591 41 21 av
410 581 230 32 kostnaderna
654 583 55 31 för
722 583 105 38 löner,
843 595 174 30 expenser,
1033 596 95 21 resor
1143 589 60 29 etc.
1232 587 65 31 Om
1311 588 318 43 undersökningens

127 630 142 34 resultat
296 630 114 32 därtill
437 631 195 32 föranleder
659 632 82 32 böra
768 634 108 42 enligt
903 635 393 42 departementschefens
1323 639 139 42 mening
1487 642 142 29 motsva-

127 679 102 32 rande
251 680 295 43 undersökningar
567 683 130 31 utföras
719 684 94 30 inom
834 684 106 32 andra
962 686 94 31 delar
1078 697 40 21 av
1140 687 176 32 försvaret.

179 730 67 33 Det
265 731 63 32 har
347 732 109 39 alltså,
477 733 196 32 framhåller
693 735 385 41 departementschefen,
1098 740 44 39 på
1162 738 58 32 det
1239 738 187 32 verkstads-
1446 740 63 31 och
1529 741 100 41 bygg-

126 780 306 34 nadsekonomiska
459 783 152 32 området
636 784 92 31 inom
755 785 168 32 försvaret
947 787 89 32 varit
1060 787 135 42 möjligt
1220 791 49 29 att
1293 791 44 29 nå
1361 790 268 32 förhållandevis

127 831 87 40 goda
233 832 144 32 resultat
396 833 125 32 liksom
541 834 102 32 också
662 837 51 31 att
731 835 13 31 i
763 836 71 31 viss
854 837 236 42 utsträckning
1109 838 112 32 införa
1241 839 216 33 rationellare
1477 842 153 31 metoder

127 882 53 31 för
200 882 220 43 anskaffning
440 884 63 31 och
524 884 174 43 förvaring
717 897 40 20 av
778 886 267 33 förnödenheter
1065 888 63 31 och
1149 889 153 32 materiel
1324 890 62 31 och
1407 891 54 31 för
1479 891 150 32 kontroll

126 942 41 21 av
190 932 287 33 driftskostnader
499 946 42 20 m.
565 946 42 20 m.
632 936 343 42 Besparingsarbetet
998 940 106 40 pågår
1124 941 44 39 på
1191 939 91 32 olika
1304 941 169 32 områden.
1509 942 55 31 De
1586 944 44 30 åt-

127 983 128 40 gärder,
273 995 73 20 som
362 984 61 31 här
438 985 135 32 komma
588 986 13 31 i
617 986 103 42 fråga,
737 986 115 32 kunna
867 987 13 30 i
894 987 187 33 allmänhet
1096 989 155 41 vidtagas
1268 992 81 29 utan
1366 993 49 29 att
1433 992 196 42 därigenom

127 1033 171 42 rubbning
313 1034 150 32 behöver
479 1035 60 32 ske
556 1036 12 31 i
585 1037 186 31 försvarets
789 1037 379 42 helhetsorganisation.
1198 1038 212 43 Åtgärderna
1427 1041 116 33 kunna
1560 1043 69 31 där-

126 1084 53 30 för
204 1095 73 20 som
302 1085 92 41 regel
419 1086 189 33 successivt
632 1087 216 41 genomföras
874 1089 82 30 utan
981 1090 134 30 svårare
1142 1090 256 42 överväganden
1424 1092 12 30 i
1462 1093 167 41 organisa-

126 1135 121 31 toriskt
268 1135 203 32 hänseende.

177 1185 224 32 Annorlunda
446 1189 37 29 är
528 1187 99 42 läget,
674 1188 195 32 framhåller
904 1189 384 42 departementschefen,
1323 1193 45 40 på
1402 1194 227 39 ezxpeditions-

127 1237 167 39 tjänstens
332 1238 62 30 och
431 1238 66 31 den
524 1238 111 32 lokala
659 1239 527 41 förvaltningsorganisationens
1213 1242 170 32 områden.
1421 1242 75 31 Här
1522 1245 107 29 stöter

127 1298 75 21 man
216 1290 44 39 på
274 1300 42 21 en
332 1288 209 32 omfattande
557 1289 242 42 organisation,
815 1300 73 21 som
904 1291 72 31 ofta
989 1292 38 30 är
1041 1293 76 29 svår
1132 1293 49 30 att
1195 1291 120 42 bringa
1329 1293 54 30 till
1397 1295 232 41 samstämmig

126 1339 221 31 verksamhet.
378 1339 18 31 I
414 1341 144 30 motsats
578 1340 54 31 till
650 1340 66 31 den
735 1340 100 31 civila
853 1340 341 43 statsförvaltningen
1212 1344 38 29 är
1267 1342 111 32 denna
1396 1344 232 41 organisation

125 1389 72 31 icke
218 1389 186 42 uppbyggd
424 1389 77 32 med
522 1390 66 31 den
608 1390 243 41 fredsmässiga
871 1390 259 32 verksamheten
1151 1402 72 20 som
1244 1391 86 32 enda
1349 1392 178 42 riktpunkt
1548 1397 80 28 utan

125 1451 73 20 som
217 1440 53 41 sig
288 1440 63 31 bör
370 1440 176 32 anordnad
564 1440 77 31 med
660 1440 100 31 tanke
779 1443 44 39 på
841 1441 300 42 nödvändigheten
1161 1453 39 20 av
1220 1444 50 29 att
1289 1442 125 33 snabbt
1431 1442 116 31 kunna
1564 1453 64 20 om-

126 1491 117 32 ställas
261 1491 55 31 till
333 1491 156 41 krigsfot.
519 1491 54 31 En
592 1502 40 20 av
652 1492 41 31 de
712 1492 141 31 främsta
871 1492 183 31 orsakerna
1072 1493 53 30 till
1144 1492 345 42 decentraliseringen
1508 1495 37 28 är
1563 1493 64 30 den

126 1542 131 41 hänsyn
271 1553 73 20 som
358 1542 104 31 redan
477 1542 12 31 1
503 1542 76 32 fred
593 1543 107 30 måste
714 1545 96 38 tagas
825 1542 54 31 till
894 1542 258 32 verksamheten
1166 1543 12 30 i
1192 1543 83 41 krig.
1303 1543 87 31 Häri
1404 1543 109 41 ligger
1528 1543 100 31 också

126 1604 41 19 en
186 1604 40 20 av
246 1593 41 31 de
307 1592 243 42 väsentligaste
570 1592 255 42 svårigheterna
844 1592 44 31 då
905 1593 58 31 det
981 1593 106 41 gäller
1106 1595 49 29 att
1175 1593 105 41 skapa
1299 1604 40 20 en
1360 1593 158 31 rationell
1538 1604 90 30 orga-

125 1644 150 31 nisation
293 1644 63 31 och
372 1644 92 30 inom
483 1643 277 42 organisationen
777 1643 154 41 tillämpa
949 1643 180 32 rationella
1147 1643 277 32 arbetsmetoder.
1454 1644 54 30 En
1527 1644 101 30 förut-

125 1694 151 42 sättning
298 1694 58 31 vid
379 1694 93 31 detta
495 1694 115 31 arbete
634 1696 107 29 måste
764 1694 172 41 nämligen
958 1705 80 20 vara
1059 1695 51 32 att
1132 1693 276 41 organisationen
1431 1693 66 32 kan
1520 1695 11 30 i
1554 1694 75 41 krig

125 1745 140 42 fungera
287 1745 330 38 tillfredsställande,
640 1744 114 32 vilken
777 1744 174 42 synpunkt
974 1745 71 31 ofta
1067 1744 72 31 icke
1163 1745 87 30 låter
1272 1744 53 41 sig
1346 1745 118 30 förena
1487 1745 78 31 med
1587 1744 41 31 de

124 1796 88 39 krav,
233 1807 73 20 som
325 1797 11 30 i
353 1795 381 42 fredsorganisatoriskt
751 1795 195 31 hänseende
964 1795 83 31 böra
1066 1795 199 41 uppställas.
1296 1795 104 31 Detta
1418 1794 141 38 medför,
1579 1797 49 28 att

126 1859 40 20 en
182 1847 274 41 helhetslösning
472 1849 37 29 är
524 1849 77 29 svår
618 1847 54 32 för
688 1848 49 30 att
753 1846 73 31 icke
844 1848 80 39 säga
941 1845 143 41 omöjlig
1100 1848 49 28 att
1166 1846 11 30 i
1195 1847 48 29 ett
1261 1845 242 41 sammanhang
1520 1844 94 31 åstad

123 1899 139 30 komma.

177 1949 155 33 Givetvis
347 1949 61 31 har
424 1949 57 31 det
497 1948 87 33 dock
600 1948 87 31 varit
702 1947 144 41 möjligt,
864 1948 176 30 fortsätter
1057 1946 383 41 departementschefen,
1458 1949 48 28 att
1524 1946 101 31 redan

123 2012 45 19 nu
193 2001 64 30 vad
281 2000 166 31 beträffar
471 1998 369 42 expeditionstjänsten
866 1997 198 41 genomföra
1089 1997 92 30 vissa
1205 1996 164 41 åtgärder.
1408 1996 153 31 Sålunda
1584 1996 42 30 ha

122 2051 161 31 moderna
306 2050 287 31 arbetsmaskiner
616 2049 134 37 införts,
776 2046 529 43 förvaltningsmyndigheternas
1331 2046 62 31 och
1418 2046 208 31 förbandens

123 2101 374 40 telefonanläggningar
519 2099 136 32 utökats
678 2099 63 31 och
764 2098 199 31 förbättrats
987 2098 63 30 och
1073 2097 65 31 den
1163 2096 225 42 värnpliktiga
1411 2096 215 36 arbetskraft,

124 2163 72 20 som
218 2152 144 41 tidigare
383 2151 103 41 tagits
509 2151 12 30 i
542 2150 147 41 anspråk
710 2150 53 30 för
785 2148 254 42 skrivgöromål,
1061 2148 12 30 i
1093 2150 72 28 stor
1186 2147 234 41 utsträckning
1442 2149 122 28 ersatts
1588 2158 38 18 av

123 2203 153 40 kvinnlig
293 2201 214 32 arbetskraft.
1594 2240 4 4 |

176 2245 222 30 Beträffande
424 2246 72 29 åter
522 2243 41 31 de
589 2245 76 29 rent
690 2241 289 43 organisatoriska
1004 2240 199 42 problemen
1227 2240 61 31 har
1314 2240 77 31 med
1415 2240 133 42 hänsyn
1577 2240 49 31 till

125 2297 63 30 vad
210 2308 81 29 nyss
316 2296 130 31 anförts
470 2307 42 19 en
536 2295 114 31 metod
674 2295 57 31 vid
754 2292 429 41 rationaliseringsarbetet
1206 2294 88 29 måst
1315 2292 117 40 väljas,
1457 2303 73 19 som
1554 2292 74 31 tidi-

123 2360 77 29 gare
220 2349 71 30 icke
310 2350 178 29 nämnvärt
505 2349 142 29 använts
667 2347 56 30 vid
742 2346 132 41 statligt
894 2344 378 42 organisationsarbete,
1292 2344 170 41 nämligen
1482 2344 145 30 försöks-

126 2401 211 31 verksamhet
357 2401 10 30 i
388 2400 141 41 lämplig
550 2399 213 40 omfattning.
796 2398 81 31 Med
899 2398 78 30 stöd
998 2408 40 20 av
1059 2399 79 28 utav
1159 2396 126 41 Kungl.
1308 2396 99 41 Maj:t
1429 2396 127 30 lämnat
1576 2396 51 30 be-

124 2452 225 41 myndigande
372 2452 207 31 tillkallades
602 2451 64 30 den
688 2451 19 30 5
732 2450 147 31 februari
904 2450 79 30 1942
1007 2449 90 31 inom
1122 2448 419 41 försvarsdepartementet
1564 2450 63 29 sär-
