1908 2812
579 142 263 30 Statsutskottets
865 144 167 31 utlåtande
1054 154 39 20 nr
1119 148 28 27 4.
1560 146 60 32 125

408 216 49 30 att
480 215 182 42 riksdagen
685 219 54 29 må
762 217 54 32 för
839 218 203 42 budgetåret
1066 220 136 32 1945/46
1225 221 119 32 anvisa

408 264 31 41 a)
467 265 54 31 till
541 265 511 46 Skärmbildsundersökningar
1071 281 42 21 av
1130 270 228 43 värnpliktiga
1377 283 43 21 m.
1439 273 37 40 fl.
1497 276 48 30 ett
1564 285 54 21 an-

366 314 74 42 slag
461 326 41 21 av
524 316 39 31 61
577 317 62 31 000
661 317 136 39 kronor;

406 368 35 41 b)
469 369 54 31 till
555 369 384 43 Engångsanskaffning
972 382 41 21 av
1043 371 443 44 skärmbildsutrustningar
1508 385 42 21 m.
1573 386 42 20 m.

365 420 50 30 ett
434 420 348 43 reservationsanslag
801 432 41 21 av
863 422 60 31 104
935 422 61 32 000
1015 422 133 33 kronor.

164 509 104 42 180:0)
292 511 225 40 Dyrtidstillägg
542 511 32 33 åt
598 514 303 39 befattningshavare
926 516 6 30 i
957 517 121 31 statens
1100 517 104 39 tjänst.
1244 516 221 33 Beträffande
1487 513 127 51 Kungl.

111 559 119 42 Maj:ts
252 561 253 44 framställning
527 574 56 21 om
605 564 118 43 anslag
744 565 54 31 till
821 565 257 42 ifrågavarande
1100 567 156 32 ändamål
1283 568 122 42 (punkt
1427 569 72 42 188)
1526 569 90 32 kom-

110 621 72 21 mer
203 611 168 33 utskottet
393 615 49 30 att
463 614 182 32 framdeles
668 616 108 31 under
797 616 182 42 riksdagen
1001 617 119 42 avgiva
1142 618 184 39 utlåtande,
1349 619 106 35 vilket
1474 620 141 32 härmed

740 684 159 32 anmäles.

162 771 104 42 181:0)
301 773 189 39 Barntillägg
525 772 33 33 åt
590 775 83 31 vissa
707 776 302 39 befattningshavare
1035 778 6 31 i
1065 779 121 31 statens
1208 779 106 39 tjänst.
1360 779 50 32 På
1432 779 117 33 därom
1573 791 41 22 av

108 821 127 42 Kungl.
256 822 103 42 Maj:t
379 823 99 42 gjord
499 824 252 44 framställning
776 826 122 42 (punkt
919 828 69 38 189,
1010 839 25 21 s.
1057 829 73 41 332)
1156 829 198 33 hemställer
1374 831 175 39 utskottet,

401 901 50 29 att
474 899 181 43 riksdagen
679 903 54 29 må
754 902 55 30 till
832 902 214 42 Barntillägg
1068 906 35 30 åt
1126 904 92 32 vissa
1241 906 334 41 befattningshavare
1599 907 11 31 i

360 952 132 30 statens
519 951 106 40 tjänst
652 952 54 31 för
730 952 204 42 budgetåret
961 954 136 33 1945/46
1124 955 118 32 anvisa
1269 958 50 30 ett
1344 957 269 43 förslagsanslag

359 1011 42 21 av
423 1001 61 32 450
497 1001 61 32 000
580 1002 133 32 kronor.

159 1091 103 42 182:0)
287 1093 185 39 Kristillägg.
519 1094 203 32 Provisoriskt
746 1096 186 39 lönetillägg.
977 1096 220 34 Beträffande
1220 1098 127 43 Kungl.
1371 1100 117 42 Maj:ts
1514 1102 99 31 fram-

106 1141 202 42 ställningar
325 1153 54 21 om
396 1144 118 41 anslag
529 1144 55 31 till
599 1145 258 41 ifrågavarande
873 1147 156 32 ändamål
1051 1147 203 43 (punkterna
1270 1150 61 32 190
1348 1151 63 31 och
1429 1151 71 42 191)
1521 1152 89 32 kom-

106 1203 71 20 mer
198 1192 167 33 utskottet
387 1196 49 30 att
457 1194 182 34 framdeles
662 1196 108 32 under
790 1197 183 42 riksdagen
995 1199 119 41 avgiva
1135 1200 185 39 utlåtande,
1343 1201 107 32 vilket
1469 1202 141 33 härmed

735 1264 159 32 anmäles.

157 1326 198 33 Stockholm
378 1328 65 31 den
466 1329 18 31 8
506 1329 65 42 maj
597 1329 89 32 1945.

600 1414 51 32 På
673 1416 274 32 statsutskottets
970 1419 136 40 vägnar:

624 1491 158 32 ALGOT
806 1491 278 34 TÖRNKVIST.

153 1705 62 29 Vid
242 1704 203 29 förestående
471 1706 133 28 ärendes
633 1706 261 38 slutbehandling
921 1709 86 27 inom
1035 1709 158 28 utskottet
1219 1710 84 29 hava
1330 1713 144 27 närvarit

155 1763 73 28 från
253 1764 133 28 första
412 1765 196 28 kammaren:
636 1766 109 28 herrar
772 1766 86 29 Sven
884 1767 146 35 Larsson,
1058 1769 258 35 Mannerskantz,
1344 1770 149 37 Heiding,
1522 1772 83 28 Carl-

101 1805 110 35 ström,
247 1805 116 36 Gustaf
395 1806 83 28 Iwar
510 1807 177 35 Anderson,
723 1808 174 35 Gillström,
933 1810 137 36 Berling,
1093 1811 105 28 Johan
1220 1812 72 28 Eric
1315 1813 141 35 Ericson,
1483 1814 121 29 Gustav

101 1847 83 30 Emil
207 1846 195 37 Andersson,
426 1848 175 36 Näsström,
626 1849 165 37 Sundberg
815 1852 58 27 och
897 1851 199 36 Albertsson;
1121 1857 84 25 samt

154 1905 71 28 från
248 1907 125 28 andra
395 1907 195 29 kammaren:
615 1908 108 28 herrar
746 1909 183 35 Törnkvist,
952 1910 98 35 Falla,
1075 1911 136 28 Persson
1234 1913 10 27 i
1267 1913 177 34 Tidaholm,
1468 1914 136 28 Petters-

100 1955 60 20 son
183 1949 11 26 i
218 1949 92 33 Dahl,
336 1949 193 35 Bergström,
554 1950 186 28 Andersson
763 1952 11 26 i
799 1952 128 34 Malmö,
953 1952 211 36 Mårtensson,
1190 1954 207 35 Holmström,
1424 1955 178 35 Lindholm,

101 1989 108 36 Onsjö,
230 1990 122 28 Boman
374 1992 10 26 i
404 1992 121 35 Kieryd
545 1992 57 27 och
623 1992 167 28 Petterson
811 1994 10 26 i
842 1994 177 36 Degerfors.
