2188 2614
421 169 115 33 körsta
561 170 202 33 kammarens
782 171 112 40 första
921 171 167 41 tillfälliga
1113 173 131 31 utskotts
1267 172 164 33 utlåtande
1455 172 53 32 Nr
1533 175 28 30 9.
1784 176 9 28 1

924 618 69 41 Nr
1023 619 48 41 9.

764 725 112 25 Ankom
898 725 42 26 till
962 725 167 33 riksdagens
1150 726 92 25 kansli
1262 724 55 27 den
1340 726 31 26 18
1392 734 76 18 mars
1491 726 67 26 1918
1579 727 36 26 kl.
1637 725 60 31 !/22
1717 736 23 17 e,
1762 735 36 18 m.

516 867 130 36 Första
683 869 219 35 kammarens
924 869 144 43 första
1098 869 180 46 tillfälliga
1307 871 145 35 utskotts
1480 870 179 36 utlåtande
1687 883 46 23 nr
1761 874 33 40 9,

621 931 13 34 i
672 930 187 45 anledning
901 943 44 23 av
986 933 102 34 väckt
1127 933 126 34 motion
1295 944 53 23 om
1390 932 164 36 skrivelse
1583 933 51 36 till
1662 933 132 45 Kungl.

621 992 111 43 Maj:t
778 993 174 44 angående
993 994 230 44 upphävande
1265 1006 43 24 av
1338 995 375 46 prokanslersämbetet
1739 996 60 35 vid

620 1055 243 36 universiteten
904 1056 82 35 eller
1028 1057 136 44 biskops
1206 1056 238 44 självskrivna
1471 1058 171 35 utövande
1669 1059 123 34 därav.

300 1214 19 36 I
362 1228 44 23 en
443 1215 97 37 inom
583 1217 112 35 andra
736 1217 210 36 kammaren
974 1229 44 24 av
1047 1218 83 35 herr
1158 1218 131 43 Björck
1316 1230 44 24 m.
1382 1220 44 42 fl.
1458 1217 156 48 avgiven
1643 1218 147 46 motion,
1828 1219 158 30 Motionen.

193 1282 44 23 nr
268 1271 86 42 244,
386 1270 219 45 hemställes,
636 1274 54 32 att
718 1270 195 48 riksdagen
943 1273 111 34 måtte
1088 1272 140 35 besluta
1257 1274 54 33 att
1338 1272 13 35 i
1380 1272 176 36 skrivelse
1585 1272 57 36 till
1656 1273 136 47 Kungl.

193 1322 106 49 Maj:t
327 1323 133 47 begära
489 1324 111 35 sådan
629 1324 156 47 ändring
812 1324 14 35 i
853 1325 168 46 gällande
1050 1325 281 44 bestämmelser,
1362 1328 54 32 att
1444 1325 350 47 prokanslersämbe-

193 1379 53 33 tet
287 1376 61 35 vid
389 1376 265 37 universiteten
683 1378 192 43 avskaffas,
907 1379 99 42 eller,
1037 1391 56 22 om
1123 1379 147 34 därmed
1299 1379 172 35 förenade
1499 1380 160 45 göromål
1689 1392 104 23 anses

194 1429 86 35 böra
308 1428 57 36 till
393 1432 121 44 någon
542 1431 59 34 del
629 1430 201 36 bibehållas
858 1432 115 34 under
993 1429 148 37 särskilt
1161 1431 152 45 ämbete,
1336 1434 54 33 att
1408 1430 14 36 i
1440 1431 100 48 varje
1560 1432 64 36 fall
1643 1432 149 48 biskops

193 1482 244 48 självskrivna
464 1484 182 36 utövande
675 1484 111 36 härav
815 1486 57 33 må
900 1485 174 46 upphöra.

303 1537 87 35 Med
433 1538 177 35 avseende
653 1540 46 45 på
741 1537 264 49 motiveringen
1047 1538 133 36 tillåter
1222 1537 56 49 sig
1319 1539 178 37 utskottet
1541 1539 154 38 hänvisa
1735 1540 57 37 till

192 1591 191 36 motionen.

298 1644 127 36 Andra
467 1645 229 37 kammarens
740 1645 113 36 första
881 1644 185 49 tillfälliga
1093 1646 139 37 utskott
1261 1647 66 36 har
1355 1646 93 36 efter
1476 1647 160 36 erhållen
1664 1648 127 36 remiss

192 1710 44 24 av
264 1698 182 36 motionen
475 1698 138 48 avgivit
640 1699 187 36 utlåtande
855 1698 12 36 i
896 1702 122 34 ämnet
1045 1700 67 36 och
1140 1699 128 37 därvid
1297 1701 180 36 meddelat
1505 1701 158 48 följande
1683 1701 128 40 histo-.

191 1751 99 36 riska
319 1752 173 37 översikt.

298 1860 140 47 Frågan
481 1873 55 23 om
581 1860 392 47 prokanslersämbetet
1015 1862 67 35 och
1124 1861 80 36 dess
1238 1861 174 48 ställning
1441 1863 65 35 har
1534 1862 215 37 behandlats
1777 1863 13 35 i
1826 1872 140 31 Historik.

190 1913 470 37 universitetskommitténs
690 1917 39 33 år
760 1916 97 34 1901
886 1914 156 48 avgivna
1070 1915 230 36 betänkande
1328 1917 154 35 rörande
1509 1916 282 37 universitetens

190 1968 66 34 och
276 1967 220 36 Karolinska
515 1967 203 37 institutets
740 1969 152 47 styrelse
913 1969 67 35 och
996 1968 257 47 organisation.
1298 1970 18 35 I
1336 1970 99 35 detta
1454 1970 231 36 betänkande
1701 1971 91 35 före-

190 2021 77 47 slog
295 2020 225 46 kommittén,
552 2025 53 33 att
624 2022 240 47 prokanslern
884 2022 115 36 skulle
1015 2022 14 35 i
1044 2023 192 36 huvudsak
1253 2022 181 37 bibehålla
1453 2036 136 23 samma
1604 2024 185 48 ställning,

190 2087 75 23 som
293 2075 73 36 han
395 2075 131 36 dittills
554 2075 177 36 innehaft.
763 2076 104 36 Hans
887 2076 149 47 uppgift
1058 2088 135 35 angavs
1209 2078 50 43 så,
1278 2080 54 33 att
1346 2078 73 34 han
1435 2077 118 35 skulle
1569 2077 12 36 i
1597 2078 196 36 allmänhet

190 2133 85 42 göra
291 2128 55 48 sig
360 2129 237 36 underrättad
608 2137 56 28 om
677 2129 69 36 alla
756 2128 272 38 universitetets
1039 2130 304 47 angelägenheter
1352 2134 92 32 samt
1461 2131 81 35 med
1554 2132 237 35 underrättel-

190 2194 68 32 ser,
289 2183 64 34 råd
381 2183 67 35 och
477 2182 244 48 påminnelser
750 2182 130 49 främja
908 2184 81 35 dess
1018 2184 75 44 väl;
1116 2184 73 35 han
1210 2184 117 36 skulle
1347 2185 128 35 kunna
1499 2185 143 47 deltaga
1661 2185 13 35 i
1695 2190 96 31 över-

189 2235 214 48 läggningar
433 2258 48 4 —
512 2249 85 23 men
626 2237 31 48 ej
680 2237 13 35 i
712 2237 123 36 beslut
856 2259 49 4 —
925 2237 97 35 inom
1042 2236 271 38 universitetets
1333 2239 152 35 ledande
1505 2238 284 48 korporationer,

189 2289 117 36 likaså
335 2290 126 35 kunna
494 2296 87 42 göra
609 2290 311 48 framställningar
948 2290 58 36 till
1034 2291 171 36 kanslern
1233 2292 13 35 i
1275 2292 394 36 universitetsärenden
1699 2296 93 33 samt

233 2350 134 41 Bihang
382 2351 51 32 till
444 2351 189 41 riksdagens
641 2352 158 41 protokoll
812 2354 95 30 1918.
935 2353 43 30 12
990 2352 91 32 saml.
1109 2353 103 32 1avd.
1240 2357 20 28 6
1272 2353 80 39 häft.
1379 2353 71 41 (Nr
1463 2355 49 40 9.)
1728 2357 16 28 1
