2212 2683
438 212 17 28 6
886 208 265 33 Statsutskottetls
1174 208 175 32 Memorial
1372 209 62 31 N:o
1457 211 51 30 52.

531 295 138 36 Vinner
710 295 84 46 Nej,
836 297 65 34 har
941 295 129 47 Kongl.
1113 295 127 47 Maj:ts
1273 297 231 34 förevarande
1533 297 259 45 framställning
1820 297 29 45 ej
1879 296 124 37 vunnit

397 346 222 48 Riksdagens
649 348 129 35 bifall.»

1173 506 65 34 6:0.

534 605 116 37 Sedan
678 608 51 35 uti
758 619 42 24 en
827 608 92 35 inom
946 607 205 45 Riksdagen
1178 608 108 35 väckt
1312 608 130 34 motion
1470 607 208 36 alternativt
1706 607 212 44 föreslagits:

534 662 54 32 att
628 659 216 46 Riksdagen,
881 659 53 36 för
961 663 54 31 att
1042 659 248 36 vikarierande
1319 660 235 34 ämneslärare
1583 660 63 34 och
1674 662 101 32 extra
1802 659 116 34 lärare
1945 659 60 34 vid

400 711 41 34 de
475 711 176 34 allmänna
679 712 222 42 läroverken,
930 711 122 35 hvilka
1080 721 123 33 genom
1231 711 116 43 aflagd
1375 711 204 34 akademisk
1607 721 143 24 examen
1780 710 63 34 och
1870 721 133 32 genom-

399 760 136 45 gången
564 759 224 46 profårskurs
815 762 201 34 förvärfvat
1042 762 204 43 kompetens
1274 765 52 30 att
1347 762 85 34 söka
1454 762 175 34 ordinarie
1647 762 157 41 lektors-,
1825 761 180 44 adjunkts-

399 813 85 34 eller
523 813 343 45 kollegabefattning
906 813 58 34 vid
1002 814 146 33 allmänt
1174 813 177 44 läroverk,
1381 811 109 36 måtte
1518 814 118 33 kunna
1664 810 78 37 från
1771 812 63 34 och
1862 813 76 33 med
1967 809 39 37 år

404 865 93 34 1892
535 862 132 36 erhålla
708 864 145 36 arfvode
894 864 89 35 efter
1026 865 107 43 2,000
1175 865 129 33 kronor
1345 864 53 34 för
1426 863 40 35 år
1494 865 164 42 räknadt,
1689 862 108 36 måtte
1825 861 176 47 bevilja
1981 857 23 57 å

401 920 97 29 extra
541 919 72 30 stat
636 916 54 34 för
722 915 39 35 är
798 917 93 33 1892
921 919 50 31 ett
999 916 123 43 anslag
1150 915 38 34 af
1217 918 156 42 100,000
1401 916 131 34 kronor
1559 916 52 33 till
1640 914 366 45 arfvodesförhöjning

401 964 37 37 åt
466 971 99 30 extra
594 967 175 35 ordinarie
797 968 237 34 ämneslärare
1061 967 59 35 vid
1148 968 41 33 de
1217 968 176 33 allmänna
1421 968 230 43 läroverken;

532 1019 84 34 eller

536 1073 54 31 att
630 1069 215 46 Riksdagen,
886 1072 54 33 för
980 1073 55 32 att
1062 1071 40 34 de
1131 1071 248 34 vikarierande
1407 1071 235 34 ämneslärare
1671 1070 63 34 och
1762 1073 100 31 extra
1890 1069 115 34 lärare

402 1121 57 33 vid
500 1122 42 33 de
582 1122 177 33 allmänna
799 1123 219 36 läroverken,
1060 1122 123 34 hvilka
1223 1132 124 34 genom
1391 1121 116 44 aflagd
1536 1121 204 34 akademisk
1769 1131 145 24 examen
1942 1120 63 34 och

402 1170 263 46 genomgången
693 1171 223 45 profårskurs
944 1173 199 35 förvärfvat
1161 1174 203 42 kompetens
1382 1173 54 33 till
1456 1173 175 33 ordinarie
1649 1173 156 41 lektors-,
1827 1171 179 44 adjunkts-

404 1223 84 33 eller
527 1223 342 45 kollegabefattning
908 1224 64 34 och
1014 1223 205 45 tjenstgjort
1250 1224 104 33 minst
1384 1225 19 33 5
1432 1220 39 37 år
1499 1224 76 33 med
1603 1223 83 44 godt
1713 1223 133 35 vitsord
1875 1222 54 34 för
1956 1222 52 34 nit

404 1275 63 33 och
495 1274 223 44 skicklighet,
747 1273 110 36 måtte
885 1276 119 33 kunna
1032 1273 78 36 från
1138 1276 64 33 och
1229 1275 76 34 med
1338 1276 93 33 1892
1461 1272 134 36 erhålla
1617 1274 144 34 arfvode
1788 1273 89 35 efter
1898 1275 109 41 2,000

404 1325 129 34 kronor
573 1325 54 34 för
668 1324 39 35 år
747 1327 165 42 räknadt,
954 1324 109 36 måtte
1100 1326 129 44 bevilja
1258 1323 20 37 å
1306 1329 101 31 extra
1435 1328 72 31 stat
1534 1325 54 34 för
1619 1327 93 33 1892
1742 1328 51 31 ett
1821 1325 124 43 anslag
1973 1325 38 34 af

406 1378 135 41 45,000
582 1377 130 34 kronor
751 1378 54 33 till
846 1377 366 44 arfvodesförhöjning
1252 1375 37 36 åt
1316 1377 97 34 äldre
1441 1379 101 32 extra
1571 1376 175 35 ordinarie
1773 1377 235 33 ämneslärare

403 1427 59 34 vid
491 1428 41 33 de
560 1428 174 34 allmänna
761 1429 221 42 läroverken,

540 1479 88 34 hade
660 1481 174 33 utskottet
861 1480 11 33 i
894 1480 157 44 punkten
1078 1480 83 33 47:0o
1188 1490 96 23 mom.
1314 1478 35 41 b)
1377 1479 39 34 at
1441 1478 62 34 sitt
1532 1478 258 34 ofvannämnda
1824 1476 183 36 utlåtande

404 1530 177 43 hemstält,
626 1534 54 31 att
720 1531 233 34 förevarande
995 1530 129 34 motion
1163 1531 77 34 icke
1273 1528 108 36 måtte
1418 1530 53 34 till
1492 1527 114 46 någon
1633 1528 222 45 Riksdagens
1882 1526 127 47 åtgärd

403 1581 191 35 föranleda.

539 1631 109 36 Hvad
689 1634 175 33 utskottet
891 1633 166 34 hemstält
1084 1633 64 33 har
1176 1633 38 33 af
1238 1631 126 35 Andra
1391 1631 215 35 Kammaren
1638 1631 157 43 bifallits,
1829 1631 182 34 hvaremot

405 1682 127 35 Första
574 1683 229 44 Kammaren,
845 1684 75 34 med
949 1684 114 43 afslag
1095 1681 20 36 å
1142 1684 191 33 utskottets
1360 1684 220 39 hemställan,
1608 1682 128 34 bifallit
1764 1682 64 34 den
1856 1682 11 33 i
1895 1685 117 31 ämnet

406 1735 130 34 väckta
577 1735 193 34 motionens
811 1735 94 34 förra
948 1734 190 35 alternativ
1180 1735 75 33 med
1297 1734 63 33 den
1403 1734 160 43 ändring,
1599 1737 54 30 att
1680 1733 190 34 siffertalen
1901 1735 109 40 2,000

407 1786 62 34 och
515 1787 157 42 100,000
706 1787 150 42 utbytts,
900 1786 58 34 det
985 1785 95 35 förra
1108 1789 70 31 mot
1210 1786 106 42 1,800
1345 1785 62 35 och
1435 1785 59 34 det
1521 1795 121 24 senare
1670 1787 71 32 mot
1769 1786 149 41 60,000;
1948 1784 63 34 och

406 1835 55 35 får
487 1838 174 33 utskottet
690 1837 54 34 för
772 1835 145 45 frågans
945 1837 192 43 afgörande
1164 1837 145 33 medelst
1335 1846 195 33 gemensam
1561 1836 216 43 omröstning
1803 1832 127 37 föreslå
1949 1835 59 33 föl-

404 1888 106 44 jande
538 1888 409 43 voteringsproposition:

546 2005 11 14 »
566 1989 91 45 Den,
687 2000 70 25 som
785 1991 73 44 vill,
887 1994 54 31 att
968 1990 202 44 Riksdagen
1199 1988 43 46 på
1270 1990 58 34 det
1355 1992 71 33 sätt
1453 1988 139 35 bifaller
1619 1987 232 35 förevarande
1870 1987 140 43 motion,

407 2045 55 31 att
489 2041 214 45 Riksdagen,
732 2043 54 33 för
815 2045 54 31 att
896 2042 248 35 vikarierande
1171 2042 234 33 ämneslärare
1432 2041 64 34 och
1523 2044 101 30 extra
1651 2040 115 33 lärare
1794 2039 57 33 vid
1880 2039 41 33 de
1950 2039 57 33 all-

406 2097 127 30 männa
562 2094 219 42 läroverken,
810 2094 121 33 hvilka
959 2104 123 33 genom
1111 2092 115 44 aflagd
1254 2092 204 34 akademisk
1486 2101 144 24 examen
1659 2090 63 35 och
1746 2087 263 47 genomgången

407 2142 223 45 profärskurs
670 2144 200 35 förvärfvat
911 2145 203 43 kompetens
1142 2146 52 31 att
1222 2144 85 33 söka
1336 2143 173 34 ordinarie
1536 2141 155 43 lektors-,
1721 2141 178 44 adjunkts-
1928 2141 84 33 eller

407 2195 340 45 kollegabefattning
776 2196 58 34 vid
862 2196 146 34 allmänt
1036 2195 174 42 läroverk,
1239 2194 56 34 må
1322 2195 118 33 kunna
1468 2192 78 36 från
1576 2193 62 34 och
1665 2193 76 33 med
1769 2190 40 36 år
1840 2193 92 33 1892
1962 2201 49 23 er-

409 2244 92 37 hålla
530 2246 146 35 artvode
704 2247 91 34 efter
827 2248 106 43 1,800
961 2247 131 34 kronor
1119 2246 55 34 för
1200 2243 40 37 år
1266 2246 164 43 räknadt,
1458 2244 150 45 beviljar
1635 2242 20 36 å
1683 2247 100 31 extra
1810 2246 72 31 stat
1900 2243 54 33 för
1973 2239 40 37 år
