2206 2710
457 148 37 31 12
916 150 245 33 Statsutskottets
1189 151 166 32 Utlåtande
1378 152 63 32 N:o
1463 153 55 31 28.

1443 243 203 49 Transport
1673 244 53 35 kr.
1746 246 206 43 1,078,700:
1968 264 48 6 —

412 290 112 36 redan
570 304 49 23 nu
665 291 94 50 höga
803 292 272 37 arbetslönerna
1119 296 112 34 måste
1275 295 215 48 ytterligare
1534 295 113 47 höjas.

412 342 212 36 Kostnaden
651 342 57 37 för
734 345 208 48 utlossning
969 345 65 35 och
1064 346 254 49 uppläggning
1341 345 40 36 af
1396 352 136 30 statens
1548 347 101 47 järn-

413 401 131 41 vägars
572 395 143 36 stenkol
743 395 91 36 hade
863 397 116 35 under
1007 396 43 36 de
1077 410 125 22 senare
1230 400 85 33 åren
1333 399 142 48 utgjort
1497 400 16 33 1
1535 399 115 35 krona

413 447 46 34 20
492 452 61 29 öre
586 445 60 37 för
672 452 75 39 ton,
776 447 130 36 hvaraf
929 450 43 45 på
1001 449 227 36 statsbanans
1257 449 58 36 del
1343 451 143 34 komme
1516 451 45 35 60
1589 457 60 29 öre

410 497 68 36 och
507 500 45 45 på
579 497 184 50 fartygets
791 498 59 36 del
879 501 45 34 60
952 506 76 37 öre;
1062 513 80 23 men
1174 506 53 30 att
1254 500 107 37 äfven
1387 501 118 35 denna
1523 514 126 24 senare

409 548 59 36 del
509 549 184 36 drabbade
733 550 252 36 statsbanorna
1021 552 13 34 i
1065 551 95 36 form
1193 551 39 37 af
1257 553 111 48 högre
1395 553 139 48 kolpris
1562 566 86 23 vore

408 599 199 47 själfklart.
662 601 54 36 Då
755 606 138 32 statens
929 603 198 47 järnvägar
1167 604 118 36 under
1317 604 45 36 de
1394 609 141 32 senaste
1563 608 86 33 åren

409 652 135 47 intagit
585 652 95 36 ända
712 653 58 36 till
799 655 134 42 50,000
961 660 65 30 ton
1053 655 142 36 stenkol
1224 656 140 48 årligen
1392 656 61 36 vid
1481 655 165 46 Svartön,

408 716 86 23 vore
536 704 67 35 ock
638 705 116 47 årliga
780 705 203 36 kostnaden
1011 705 57 37 för
1096 707 279 48 mottagningen
1404 709 134 42 60,000
1565 708 83 35 kro-

407 766 77 23 nor.
539 754 73 35 Vid
640 755 93 36 brist
761 758 44 45 på
828 756 200 36 arbetsfolk
1048 757 123 35 kunde
1191 757 118 36 denna
1327 758 156 36 kostnad
1503 759 145 35 komma

406 809 57 31 att
499 805 186 49 betydligt
725 807 86 35 ökas
854 819 132 34 genom
1030 808 395 50 liggedagsersättning
1469 809 57 36 till
1571 810 76 36 kol-

406 859 173 45 ångarna,
613 858 149 35 hvilken
789 858 152 48 plägade
974 859 176 36 beräknas
1183 861 55 34 till
1267 862 71 34 400
1366 861 20 35 å
1415 862 70 34 500
1513 861 136 36 kronor

406 906 58 36 för
508 907 81 48 dag.
661 908 70 36 För
775 914 53 30 att
872 910 203 49 nedbringa
1119 912 427 47 lossningskostnaderna
1590 926 57 23 er-

405 957 192 38 fordrades
635 960 253 36 anordnandet
926 960 40 37 af
1003 975 45 22 en
1087 963 214 48 välbelägen
1342 964 68 35 och
1450 963 93 36 solid
1571 964 75 47 kaj-

407 1010 227 48 anläggning
673 1011 83 36 med
792 1012 216 49 tillräckligt
1047 1013 91 48 djup
1179 1021 113 29 ränna
1332 1014 57 36 för
1429 1020 98 30 stora
1567 1016 78 35 kol-

409 1064 135 45 ångare
572 1062 67 35 och
667 1062 227 37 omedelbart
920 1064 63 35 vid
1010 1065 107 46 kajen
1144 1066 153 48 belägen
1321 1067 324 48 kolupplagsplats.

406 1112 113 36 Dessa
545 1113 266 49 anläggningar
838 1115 92 35 hade
958 1115 194 37 beräknats
1180 1117 158 48 betinga,
1365 1118 45 35 då
1429 1118 108 47 kajen
1556 1119 90 34 läm-

407 1163 93 36 nade
538 1164 246 49 tilläggsplats
824 1165 57 36 för
914 1168 20 33 2
963 1170 135 41 ångare
1126 1168 201 46 samtidigt,
1356 1182 44 22 en
1428 1169 155 35 kostnad
1610 1169 39 36 af

409 1215 161 42 325,000
598 1215 145 45 kronor,
774 1229 82 22 men
883 1217 150 36 därmed
1061 1218 121 36 blefve
1210 1218 60 36 det
1299 1220 109 35 också
1431 1220 144 48 möjligt
1594 1226 53 30 att

406 1264 204 48 nedbringa
652 1267 390 49 lossningskostnaden
1082 1270 56 35 till
1166 1283 44 22 en
1237 1269 176 49 fjärdedel
1440 1270 41 36 af
1505 1271 44 36 de
1576 1285 69 21 nu-

405 1317 170 43 varande,
606 1321 39 32 så
673 1323 54 30 att
754 1320 135 42 45,000
918 1319 133 37 kronor
1078 1321 117 35 skulle
1222 1322 141 48 årligen
1390 1322 169 48 besparas
1578 1323 68 35 och

409 1369 275 47 anläggningen
725 1370 137 36 således
903 1371 125 36 kunna
1068 1372 181 36 förräntas
1277 1373 67 35 och
1372 1378 198 31 amorteras
1598 1377 46 44 på

405 1418 84 36 kort
516 1419 65 35 tid.
636 1419 210 50 Riksdagen
873 1421 91 35 hade
992 1425 39 32 år
1061 1424 94 34 1899
1183 1423 152 47 beviljat
1354 1425 135 41 49,200
1509 1424 137 36 kronor

404 1469 68 35 och
500 1469 58 36 för
586 1473 39 32 år
657 1473 94 34 1900
783 1473 158 44 100,000
969 1473 134 36 kronor
1130 1474 57 35 till
1215 1475 241 47 terrassering
1483 1474 58 37 för
1568 1476 77 35 kol-

403 1520 68 35 och
512 1521 251 49 malmupplag
804 1530 94 29 samt
936 1524 289 49 kajanläggning
1264 1526 60 35 vid
1366 1525 166 45 Svartön,
1578 1527 64 35 och

403 1571 93 35 hade
537 1572 108 35 däraf
682 1574 181 35 användts
905 1576 132 41 78,476
1080 1576 137 35 kronor
1256 1576 57 35 för
1358 1578 285 48 malmupplags-

403 1622 147 47 platser,
593 1623 117 36 under
738 1624 60 36 det
826 1630 53 30 att
907 1626 172 46 åtgärder
1106 1626 57 36 för
1190 1627 291 49 kollossningens
1510 1628 132 36 under-

401 1673 165 35 lättande
607 1674 132 36 hittills
770 1676 79 35 icke
881 1677 189 47 vidtagits,
1099 1685 88 28 enär
1214 1680 179 47 styrelsen
1422 1678 136 45 funnit,
1587 1684 55 31 att

401 1723 62 35 det
490 1724 234 49 tillgängliga
750 1726 172 49 beloppet
950 1729 93 34 varit
1072 1728 55 36 för
1154 1730 81 34 litet
1262 1728 58 36 för
1347 1735 53 30 att
1421 1731 221 48 möjliggöra

401 1775 172 46 åtgärder
610 1775 41 36 af
680 1780 122 45 någon
833 1779 216 47 ingripande
1076 1780 198 49 betydelse.
1328 1780 101 36 Efter
1456 1794 49 22 nu
1533 1782 107 35 verk-

401 1825 130 35 ställda
571 1839 215 34 noggranna
827 1829 316 48 undersökningar
1175 1831 65 35 och
1275 1830 105 37 förda
1408 1832 233 35 underhand-

400 1876 121 48 lingar
554 1878 83 35 med
666 1877 111 37 Luleå
804 1880 80 35 stad
913 1893 60 22 om
1001 1886 75 30 rätt
1103 1881 52 36 att
1184 1889 91 41 göra
1302 1882 246 49 utfyllningar
1575 1883 65 36 och

402 1926 168 50 företaga
611 1930 277 48 uppmuddring
927 1932 100 35 inom
1068 1933 73 35 viss
1173 1933 58 35 del
1259 1933 40 35 af
1323 1933 146 36 stadens
1497 1938 142 32 vatten-

401 1979 149 35 område
581 1980 102 35 invid
710 1979 153 38 Svartön
891 1981 161 50 förelåge
1079 1997 49 22 nu
1157 1989 52 30 ett
1237 1983 137 48 förslag
1401 1985 57 35 till
1486 1998 44 22 en
1559 1998 79 35 per-

401 2035 149 30 manent
590 2030 285 50 kajanläggning
903 2033 82 36 med
1014 2037 82 44 spår
1124 2035 66 35 och
1218 2036 223 35 terrasserad
1469 2037 83 47 plan
1582 2036 57 36 för

398 2084 54 30 ett
491 2081 203 49 kolupplag
735 2082 40 36 af
813 2085 134 42 30,000
990 2089 74 31 ton.
1131 2086 109 36 Detta
1269 2086 135 49 förslag
1432 2087 204 47 betingade,

399 2142 78 24 som
506 2132 119 47 sagdt,
655 2146 42 22 en
727 2134 155 35 kostnad
910 2134 40 36 af
974 2136 129 36 inalles
1131 2139 160 42 325,000
1311 2138 146 43 kronor,
1483 2138 153 45 hvadan,

398 2181 47 35 då
483 2182 176 48 omkring
692 2186 134 42 70,000
854 2186 134 35 kronor
1016 2188 184 35 återstode
1227 2187 38 36 af
1291 2187 100 37 förut
1418 2187 221 38 omnämnda

1429 2257 204 48 Transport
1660 2259 53 34 kr.
1733 2260 207 43 1,078,700:
1956 2279 48 5 —
