2216 2614
662 131 352 40 Bevillningsutskottets
1038 130 190 30 betänkande
1252 129 52 31 Nr
1329 130 52 30 60.
1763 129 17 28 5

213 224 87 30 över
340 221 177 42 obehörig
557 221 88 32 eller
686 220 136 41 oriktig
862 220 219 42 debilering,
1123 219 94 33 dock
1249 222 55 30 att
1333 219 133 33 besvär
1494 218 66 33 hos
1593 218 229 42 Konungens

213 270 400 45 befallningshavande
644 283 58 20 ma
731 271 146 42 ingivas
907 271 96 32 inom
1034 273 82 30 natt
1145 269 65 33 och
1240 272 52 38 är,
1322 269 95 33 efter
1444 268 62 34 det
1526 269 147 33 skatten
1694 268 129 33 veder-

216 322 160 33 hörande
404 321 224 34 avfordrats.

975 387 19 32 8
1023 384 33 43 8.

346 472 135 33 Därest
521 471 94 34 efter
655 471 158 33 anförda
852 471 131 33 besvär
1011 474 86 30 över
1126 469 367 44 prövningsnämnds
1521 470 89 33 eller
1638 469 185 33 kammar-

214 524 139 31 rättens
382 522 122 33 beslut
531 521 219 42 taxerimgen
779 521 56 33 till
864 521 178 33 inkomst-
1071 520 68 33 och
1167 519 382 43 förmögenhetsskatt
1577 519 138 33 ändras
1735 519 89 33 eller

213 571 116 34 sådan
357 571 172 43 taxering
555 570 135 34 varder
717 576 124 37 någon
869 570 59 34 för
955 576 41 28 år
1026 571 92 33 1919
1148 573 109 38 åsatt,
1286 569 172 43 vidtages
1486 569 71 33 den
1585 568 200 43 jämkning
1811 568 12 33 i

212 621 115 34 redan
356 620 134 44 påförd
519 624 104 31 extra
650 621 180 33 inkomst-
859 621 69 33 och
956 620 381 43 förmögenhetsskatt
1365 620 88 33 eller
1481 619 71 33 den
1581 619 175 43 påföring
1775 629 47 22 av

213 671 116 34 sädan
359 671 111 42 skatt,
500 682 79 23 som
608 671 118 33 därav
754 676 60 28 må
842 670 226 34 föranledas.

980 789 19 32 9
1028 785 33 44 $.

347 872 70 35 Om
458 872 123 44 någon
610 867 48 49 på
685 872 122 44 grund
836 883 48 22 av
912 871 337 44 efterbeskattning
1275 871 150 43 påföres
1454 870 160 35 särskild
1642 871 179 33 inkomst-

212 923 68 34 och
320 922 382 44 förmögenhetsskatt
741 922 59 34 för
840 922 41 33 år
924 922 106 41 1919,
1059 922 105 41 skall,
1194 932 59 23 om
1282 921 385 43 efterbeskattningen
1696 920 125 34 därtill

211 973 223 41 föranleder,
476 976 103 31 extra
619 973 180 33 inkomst-
827 972 69 34 och
924 971 380 44 förmögenhetsskatt
1331 971 152 43 paföras
1511 971 138 34 honom
1677 971 56 34 till
1761 971 61 33 be-

211 1024 123 43 hörigt
374 1023 147 43 belopp.
576 1022 126 35 Sådan
744 1021 299 45 skattepåföring
1083 1022 83 34 sker
1205 1023 12 32 i
1249 1022 276 43 sammanhang
1551 1021 85 34 med
1665 1021 157 34 efterbe-

212 1074 242 43 skattningen
482 1074 57 33 till
566 1073 181 35 inkomst-
775 1073 69 34 och
872 1072 392 44 förmögenhetsskatt.

343 1124 82 34 Har
464 1124 71 34 den
557 1123 280 44 skattskyldige
865 1123 143 42 avlidit,
1037 1124 116 43 gäller
1179 1124 12 33 i
1218 1123 108 44 fråga
1354 1135 59 22 om
1441 1122 176 44 påföring
1644 1133 47 23 av
1719 1125 103 31 extra

212 1175 180 34 inkomst-
421 1175 68 34 och
516 1174 385 44 förmögenhetsskatt
929 1175 115 42 enligt
1072 1174 123 34 denna
1222 1171 23 45 &
1272 1173 75 34 vad
1375 1174 13 33 i
1417 1174 44 33 22
1490 1171 23 44 $
1542 1185 48 22 av
1609 1172 212 35 förordnin-

211 1236 70 33 gen
310 1236 60 23 om
398 1225 181 35 inkomst-
607 1226 68 33 och
703 1224 382 44 förmögenhetsskatt
1112 1224 59 34 för
1197 1224 266 35 motsvarande
1490 1224 65 33 fall
1587 1223 165 44 stadgas.

344 1376 224 34 Betäffande
608 1376 75 34 vad
723 1376 275 43 föredragande
1030 1375 413 44 departementschefen
1472 1375 118 43 enligt
1617 1385 98 23 ovan
1744 1385 77 22 om-

211 1426 187 35 förmälda
426 1426 371 43 statsrådsprotokoll
826 1426 127 34 anfört
978 1425 64 35 vid
1070 1425 174 35 ärendets
1272 1425 270 43 föredragning
1560 1424 101 35 inför
1678 1424 141 43 Kungl.

211 1476 119 44 Maj:t,
360 1476 59 35 får
445 1477 184 34 utskottet
656 1477 160 34 hänvisa
843 1476 57 35 till
928 1476 292 44 propositionen.

343 1629 73 33 Till
458 1629 180 34 utskottet
678 1629 68 33 har
784 1628 144 43 jämväl
956 1629 249 33 överlämnats
1233 1639 46 23 en
1306 1628 13 33 i
1346 1627 205 43 anledning
1578 1638 48 22 av
1653 1627 167 43 proposi-

210 1680 127 33 tionen
370 1680 112 34 väckt
512 1680 154 42 motion,
695 1679 49 34 II:
762 1679 83 42 347,
875 1690 48 23 av
951 1679 84 34 herr
1062 1679 123 33 Eronn
1212 1679 69 34 och
1309 1681 55 32 tre
1393 1678 120 34 andra
1540 1677 205 34 ledamöter
1772 1688 48 23 av

209 1730 229 42 kammaren,
491 1730 81 33 vari
630 1730 227 42 hemställes,
908 1732 73 32 »att
1028 1729 198 43 riksdagen
1282 1728 115 35 måtte
1450 1728 147 34 besluta
1649 1727 169 43 följande

209 1780 205 44 ändringar
441 1780 12 33 i
479 1780 140 44 Kungl.
648 1780 130 43 Maj:ts
805 1780 233 44 proposition
1066 1791 45 22 nr
1141 1780 67 34 123
1238 1779 85 35 med
1352 1779 141 43 förslag
1518 1779 57 34 till
1599 1778 221 44 förordning

211 1842 58 22 om
298 1834 105 30 extra
431 1831 180 34 inkomst-
639 1831 69 34 och
736 1830 393 44 förmögenhetsskatt,
1158 1830 190 43 nämligen

343 1880 76 35 dels
445 1884 55 32 att
528 1878 22 45 $
579 1882 19 33 2
629 1880 159 35 erhåller
815 1881 169 43 följande
1012 1880 156 44 lydelse:

343 1937 19 29 1
393 1943 101 23 mom.
548 1932 80 34 Här
654 1932 12 33 i
693 1932 96 34 riket
820 1932 314 34 mantalsskriven
1163 1931 136 34 svensk
1327 1930 254 45 medborgare,
1611 1942 79 22 som
1718 1933 101 31 taxe-

208 1994 60 23 ras
296 1982 56 35 till
380 1983 181 34 inkomst-
589 1983 69 34 och
685 1982 382 44 förmögenhetsskatt
1093 1982 58 34 för
1178 1984 53 32 ett
1257 1982 136 43 belopp
1413 1993 47 22 av
1480 1982 109 43 högst
1610 1980 108 44 6,000
1737 1981 83 34 kro-

209 2044 78 32 nor,
316 2036 42 31 är
385 2032 85 35 från
498 2033 209 43 utgörande
735 2044 48 23 av
811 2036 104 31 extra
942 2033 180 34 inkomst-
1151 2033 68 33 och
1246 2032 385 44 förmögenhetsskatt
1658 2031 59 34 fri.

341 2085 26 33 2
392 2095 102 22 mom.
538 2084 139 33 Annan
698 2083 146 34 enskild
863 2083 253 44 skattskyldig
1135 2086 47 31 än
1201 2083 13 33 i
1232 2083 96 34 riket
1348 2083 314 34 mantalsskriven
1683 2081 137 35 svensk

209 2134 243 44 medborgare
493 2137 99 32 samt
632 2134 119 34 andra
786 2133 188 44 juridiska
1001 2144 178 33 personer
1205 2136 48 31 än
1281 2133 200 34 inländska
1508 2133 215 42 aktiebolag
1749 2132 69 34 och

209 2184 223 35 solidariska
471 2185 212 43 bankbolag
724 2187 133 41 utgöra
889 2187 104 32 extra
1020 2184 179 35 inkomst-
1227 2184 69 34 och
1323 2183 384 45 förmögenhetsskatt
1733 2182 85 34 med

1876 1626 112 28 Motion

1880 1661 45 27 IT:
1933 1662 57 25 347.
