1876 2782
282 172 19 29 6
646 170 298 35 Statsutskottets
960 172 186 34 utlåtande
1163 185 42 21 nr
1220 175 23 32 8
1260 174 39 33 år
1337 176 68 32 1955

328 248 68 43 6:0)
424 249 180 43 Uppsala
636 250 255 35 universitet:
928 251 305 36 Omkostnader.
1280 253 19 34 I
1332 254 155 43 enlighet
1520 255 81 34 med
1635 256 134 43 Kungl.

281 300 127 44 Maj:ts
428 302 131 43 förslag
581 303 129 42 (punkt
728 307 55 37 78,
803 316 27 23 s.
852 305 93 42 139),
966 305 112 34 vilket
1097 305 146 35 innebär
1262 319 43 21 en
1325 308 343 44 anslagsminskning
1685 310 82 34 med

282 358 20 29 2
318 358 65 31 000
400 356 141 40 kronor,
559 356 201 34 hemställer
777 358 191 40 utskottet,

644 414 55 29 att
720 410 186 43 riksdagen
927 412 60 33 må
1008 412 53 33 till
1088 412 154 43 Uppsala
1263 413 221 35 universitet:
1507 414 262 35 Omkostnader

599 462 54 34 för
669 463 211 42 budgetåret
898 464 157 44 1955/56
1074 465 122 34 anvisa
1212 470 54 30 ett
1283 466 270 45 förslagsanslag
1563 480 46 22 av
1621 472 65 31 848
1700 473 67 30 000

602 516 140 35 kronor.

330 631 69 43 7:0)
426 631 180 44 Uppsala
632 633 255 35 universitet:
917 634 184 35 Materiel
1127 645 52 24 m.
1206 645 52 25 m.
1299 636 18 34 I
1344 637 154 42 enlighet
1525 637 82 34 med
1634 638 133 43 Kungl.

281 683 128 43 Maj:ts
432 684 132 43 förslag
590 685 129 43 (punkt
744 690 54 36 79,
823 699 27 21 s.
876 688 209 42 139—142),
1109 688 109 34 vilket
1242 688 147 35 innebär
1412 702 44 21 en
1481 691 287 43 anslagshöjning

284 737 81 34 med
381 741 66 31 209
461 742 68 30 000
545 739 139 40 kronor,
700 739 201 35 hemställer
917 741 191 40 utskottet,

647 797 56 29 att
718 793 186 43 riksdagen
919 794 61 33 må
996 794 53 34 till
1070 795 154 42 Uppsala
1239 796 222 34 universitet:
1476 797 166 35 Materiel
1658 810 47 22 m.
1721 810 49 22 m.

600 844 54 35 för
680 846 211 42 budgetåret
920 847 157 42 1955/56
1107 848 122 34 anvisa
1256 854 54 28 ett
1337 850 358 43 reservationsanslag
1722 863 46 22 av

602 901 98 32 1939
715 903 66 30 000
797 900 139 34 kronor.

326 1012 69 43 8:o)
423 1013 180 44 Uppsala
637 1014 255 35 universitet:
932 1016 332 44 Nyanskaffning
1300 1027 50 25 av
1386 1020 218 41 apparater
1639 1030 52 24 m.
1715 1030 52 24 m.

281 1065 19 33 I
323 1066 154 42 enlighet
500 1067 82 33 med
604 1067 133 43 Kungl.
760 1068 129 42 Maj:ts
912 1068 132 44 förslag
1071 1069 129 43 (punkt
1225 1074 54 36 80,
1304 1083 26 21 s.
1356 1074 65 30 142
1445 1072 67 33 och
1538 1072 94 42 143),
1656 1073 111 34 vilket

280 1118 146 34 innebär
444 1131 43 22 en
506 1120 287 43 anslagshöjning
810 1122 81 34 med
910 1125 67 31 210
991 1126 68 30 000
1076 1123 139 40 kronor,
1234 1123 201 35 hemställer
1451 1126 191 40 utskottet,

645 1179 56 28 att
718 1174 185 43 riksdagen
920 1176 61 33 må
997 1176 53 34 till
1073 1176 154 43 Uppsala
1243 1176 222 35 universitet:
1519 1179 250 42 Nyanskaffning

601 1239 44 21 av
675 1232 189 38 apparater
891 1240 48 22 m.
968 1241 49 21 m.
1047 1228 54 34 för
1130 1229 211 43 budgetåret
1372 1231 157 43 1955/56
1561 1232 123 34 anvisa
1713 1237 54 29 ett

599 1281 356 43 reservationsanslag
977 1294 45 21 av
1044 1285 67 31 410
1125 1286 65 30 000
1211 1283 140 34 kronor.

328 1393 68 43 9:0)
424 1394 180 44 Uppsala
624 1395 255 35 universitet:
904 1397 210 43 Bokinköp
1136 1398 74 34 och
1231 1398 273 44 bokbindning
1526 1400 67 34 för
1614 1401 155 34 univer-

282 1446 365 37 sitetsbiblioteket.
675 1449 19 33 I
710 1449 154 43 enlighet
880 1450 81 34 med
978 1451 132 42 Kungl.
1127 1450 128 43 Maj:ts
1272 1451 129 44 förslag
1420 1453 131 42 (punkt
1568 1457 55 36 81,
1634 1466 27 22 s.
1674 1454 95 42 143),

281 1500 111 34 vilket
417 1500 148 35 innebär
592 1502 193 34 anvisande
812 1515 46 21 av
885 1515 137 22 samma
1049 1504 267 44 anslagsbelopp
1345 1517 75 22 som
1448 1506 54 34 för
1528 1506 239 35 innevarande

283 1553 183 43 budgetår,
483 1554 202 34 hemställer
702 1556 190 40 utskottet,

644 1612 56 30 att
718 1608 186 44 riksdagen
923 1610 61 33 må
1002 1610 53 33 till
1080 1610 154 43 Uppsala
1252 1611 222 35 universitet:
1493 1613 189 43 Bokinköp
1702 1614 66 34 och

601 1661 241 43 bokbindning
884 1663 56 41 för
981 1663 437 36 umniversitetsbiblioteket
1461 1665 54 34 för
1557 1667 211 42 budgetåret

602 1715 154 43 1955/56
774 1715 122 34 anvisa
913 1721 53 29 ett
983 1717 356 43 reservationsanslag
1355 1731 46 21 av
1417 1722 68 31 400
1499 1723 66 30 000
1582 1720 139 34 kronor.

328 1828 89 43 10:0)
446 1829 179 44 Uppsala
642 1830 254 35 universitet:
917 1832 216 43 Inredning
1150 1833 74 34 och
1241 1834 234 43 utrustning
1493 1845 51 24 av
1561 1845 81 32 nya
1658 1835 109 35 loka-

279 1881 70 35 ler.
378 1882 18 33 I
412 1882 155 43 enlighet
582 1883 81 34 med
679 1884 132 42 Kungl.
828 1884 128 43 Maj:ts
973 1885 131 43 förslag
1122 1885 130 43 (punkt
1269 1890 54 36 82,
1341 1899 26 22 s.
1386 1888 194 42 143—1453)
1600 1888 166 35 hemstäl-

281 1935 49 33 ler
347 1936 191 40 utskottet,

644 1995 56 30 att
718 1991 186 43 riksdagen
922 1993 60 33 må
1001 1993 53 33 till
1078 1993 153 42 Uppsala
1250 1993 222 35 universitet:
1511 1995 170 43 Inredning
1701 1995 66 34 och

596 2044 203 42 utrustning
825 2057 45 21 av
894 2057 72 30 nya
991 2046 132 34 lokaler
1145 2046 53 34 för
1223 2047 210 42 budgetåret
1461 2048 155 43 1955/56
1644 2049 123 34 anvisa

599 2102 53 29 ett
669 2098 358 43 reservationsanslag
1045 2111 45 21 av
1109 2103 65 30 200
1189 2103 66 30 000
1273 2100 138 35 kronor.

327 2209 90 44 11:o0)
444 2211 138 35 Lunds
596 2212 254 35 universitet:
870 2213 305 35 Omkostnader.
1191 2215 18 33 I
1225 2215 153 43 enlighet
1392 2216 82 34 med
1489 2217 133 42 Kungl.
1638 2217 128 42 Maj:ts

282 2262 129 44 förslag
435 2264 132 42 (punkt
589 2268 54 37 84,
666 2277 25 23 s.
716 2269 65 30 160
804 2266 65 33 och
893 2267 95 42 161),
1011 2267 111 33 vilket
1143 2267 147 34 innebär
1311 2280 43 21 en
1378 2269 287 44 anslagshöjning
1686 2271 82 33 med

285 2320 41 30 12
341 2320 65 31 000
425 2317 141 40 kronor,
584 2318 201 35 hemställer
805 2320 189 40 utskottet,

646 2376 55 29 att
728 2372 186 43 riksdagen
942 2374 59 33 må
1029 2373 52 34 till
1109 2374 121 33 Lunds
1257 2374 222 35 universitet:
1507 2376 262 34 Omkostnader

599 2424 54 34 för
669 2425 211 42 budgetåret
898 2426 157 43 1955/36
1074 2426 122 34 anvisa
1213 2431 53 30 ett
1283 2427 270 44 förslagsanslag
1564 2441 45 21 av
1621 2433 65 30 655
1701 2433 67 30 000

600 2478 139 35 kronor.
