1878 2782
274 156 43 31 50
638 155 298 36 Statsutskottets
952 158 186 34 utlåtande
1155 171 42 21 nr
1212 162 22 30 8
1251 160 39 33 år
1329 163 68 31 1955

318 234 121 34 Under
461 234 224 43 åberopande
707 248 45 21 av
774 237 71 33 vad
868 237 148 35 sålunda
1037 237 136 35 anförts
1195 238 201 35 hemställer
1418 241 190 41 utskottet,

638 292 55 30 att
716 289 187 43 riksdagen
926 290 69 40 må,
1019 292 82 33 med
1125 291 98 34 bifall
1247 293 53 33 till
1324 293 132 43 Kungl.
1480 294 130 43 Maj:ts
1634 295 130 43 förslag

592 344 167 32 ävensom
773 343 82 33 med
871 344 121 42 avslag
1007 344 20 33 å
1041 345 222 34 motionerna
1278 346 30 33 I:
1322 350 63 30 321
1404 347 65 34 och
1485 347 50 34 II:
1550 351 78 37 343,
1644 349 119 34 IT:408

590 399 94 29 samt
703 395 30 33 I:
748 398 64 31 296
835 396 66 34 och
921 396 50 34 II:
986 400 77 37 306,
1083 397 247 36 förstnämnda
1351 400 93 34 båda
1463 401 176 34 motioner
1660 402 10 33 i
1691 403 71 33 vad

590 459 101 22 avser
712 448 231 35 förevarande
965 451 132 42 anslag,

638 501 33 42 a)
699 501 214 44 bemyndiga
939 503 132 43 Kungl.
1098 504 111 43 Maj:t
1236 510 67 35 att,
1330 506 81 34 med
1437 507 226 44 tillämpning
1689 508 69 35 tills

587 554 120 35 vidare
728 554 78 35 från
828 556 66 34 och
914 557 81 33 med
1015 557 212 43 budgetåret
1249 559 169 43 1955/56,
1439 560 146 43 vidtaga
1608 562 43 33 de
1673 562 85 34 änd-

587 607 117 43 ringar
730 608 12 34 i
768 609 430 44 personalförteckningen
1226 611 55 34 för
1308 613 345 43 skolöverstyrelsen,
1682 627 75 22 som

586 660 196 35 föranledes
802 674 47 22 av
869 663 70 33 vad
959 663 389 43 departementschefen
1368 665 129 42 anfört;

635 713 36 43 b)
698 714 189 42 godkänna
901 715 155 43 följande
1071 717 258 43 avlöningsstat
1343 718 54 34 för
1411 719 345 44 skolöverstyrelsen,

589 770 55 31 att
661 767 177 43 tillämpas
857 768 70 34 tills
944 769 120 35 vidare
1081 770 79 34 från
1176 771 65 34 och
1259 772 81 33 med
1358 772 210 43 budgetåret
1586 774 168 42 1955/56:

967 858 406 44 Avlöningsstat

587 920 31 31 1.
653 917 217 43 Avlöningar
884 919 52 33 till
953 919 173 36 ordinarie
1142 920 229 43 tjänstemän,
1386 923 162 42 förslags-

649 970 55 35 (ÖIS
738 998 52 7 658
799 966 14 55 ir
834 999 24 6 IR
875 999 29 6 Re
937 1000 12 6 då
961 966 11 55 SR
985 966 18 55 jer
1012 966 15 55 El
1036 1000 25 7 ab
1071 966 14 55 cö
1095 966 13 55 oe
1125 1001 6 6 0
1146 966 15 55 0:
1170 966 28 55 008
1208 966 13 55 öv
1232 966 12 55 Je
1256 966 11 55 16
1282 1002 7 7 0
1308 1002 25 7 pR
1342 966 16 55 1R
1366 966 14 55 10
1394 966 9 55 30
1419 966 51 55 BANA
1480 966 13 55 TE
1504 966 11 55 OR
1528 966 11 55 IA
1573 981 99 31 15367
1686 982 67 31 000

584 1026 33 31 2.
652 1024 165 35 Arvoden
832 1025 66 34 och
914 1026 170 34 särskilda
1099 1028 247 43 ersättningar,
1361 1029 186 35 bestämda

652 1092 46 21 av
716 1080 133 42 Kungl.
866 1080 122 42 Maj:t,
1007 1081 203 42 förslagsvis
1236 1110 302 8 ..............
1605 1088 66 31 219
1686 1089 66 30 000

581 1136 33 31 3.
649 1133 165 34 Arvoden
844 1133 53 34 till
923 1139 159 37 experter
1110 1135 66 33 och
1204 1135 153 44 tillfällig
1383 1138 162 41 personal

647 1198 47 22 I.
712 1198 59 29 Hz
790 1186 203 43 SÖTSlAGFOLS
1033 1214 25 7 =
1076 1214 52 8 san
1145 1215 95 7 ciao
1257 1216 29 6 ed
1302 1216 30 6 dd
1381 1216 41 7 oe
1431 1182 14 53 te
1460 1217 76 7 arna
1604 1194 65 31 120
1684 1195 66 31 000

577 1242 34 31 4.
646 1239 218 43 Avlöningar
888 1240 53 34 till
966 1241 99 42 övrig
1089 1241 267 35 icke-ordinarie
1380 1244 162 41 personal
1569 1247 16 30 1
1601 1248 67 30 444
1683 1249 66 30 000

580 1296 33 30 5.
648 1292 139 43 Rörligt
806 1293 132 43 tillägg,
957 1294 204 42 förslagsvis
1188 1323 347 7 s...esssssrssssea
1601 1300 67 31 462
1683 1302 66 30 000

1240 1357 146 35 Summa
1413 1358 130 34 kronor
1567 1363 20 30 3
1602 1363 66 30 812
1683 1364 66 30 000

628 1417 32 42 c)
703 1417 53 33 till
794 1417 354 43 Skolöverstyrelsen:
1187 1419 218 43 Avlöningar
1443 1420 54 34 för
1537 1421 211 43 budgetåret

581 1470 155 42 1955/56
756 1471 124 33 anvisa
899 1476 52 29 ett
968 1471 270 44 förslagsanslag
1256 1485 45 21 av
1320 1477 19 30 3
1355 1477 65 30 812
1436 1478 65 30 000
1519 1474 141 35 kronor.

304 1569 114 42 102:0)
446 1569 410 44 Skolöverstyrelsen:
898 1571 304 35 Omkostnader.
1242 1573 19 33 I
1299 1573 154 43 enlighet
1491 1575 82 33 med
1612 1576 132 42 Kungl.

257 1622 129 42 Maj:ts
402 1622 129 44 förslag
550 1623 131 43 (punkt
699 1627 75 37 177,
791 1636 26 22 s.
835 1628 64 31 346
917 1625 65 34 och
999 1626 95 42 347),
1111 1626 110 34 vilket
1237 1627 147 34 innebär
1400 1640 43 21 en
1461 1628 288 44 anslagshöjning

256 1676 82 34 med
361 1680 42 30 50
417 1680 64 30 000
504 1677 142 40 kronor,
668 1677 202 34 hemställer
891 1678 189 41 utskottet,

624 1735 55 30 att
709 1731 187 42 riksdagen
926 1733 60 32 må
1015 1732 54 33 till
1099 1732 355 44 Skolöverstyrelsen:
1485 1734 263 35 Omkostnader

575 1783 56 34 för
645 1784 210 42 budgetåret
874 1785 153 43 1953/536
1045 1786 124 34 anvisa
1184 1791 54 29 ett
1253 1786 270 45 förslagsanslag
1539 1801 46 22 av
1601 1792 65 31 666
1681 1793 65 30 000

573 1837 140 34 kronor.

626 1989 262 41 Allmänna
915 1990 296 42 läroverken
1239 2003 59 30 m.
1318 2003 61 30 m.

296 2095 115 42 103:0)
438 2096 215 34 Allmänna
672 2096 252 35 läroverken:
947 2098 259 44 Avlöningar.
1238 2099 133 43 Kungl.
1390 2100 111 43 Maj:t
1520 2101 65 34 har
1609 2102 131 42 (punkt

252 2152 76 37 179,
347 2161 26 22 s.
392 2150 193 42 359—392)
608 2149 178 44 föreslagit
803 2151 186 43 riksdagen
1007 2156 57 29 att

296 2202 74 34 dels
388 2202 148 41 besluta,
555 2208 57 29 att
629 2204 313 34 samrealskolorna
959 2205 11 33 i
987 2205 186 43 Borlänge,
1190 2206 201 44 Enköping,
1408 2207 209 44 Falköping,
1635 2209 105 43 Filip-

249 2256 93 40 stad,
365 2256 131 42 Nässjö
520 2256 68 34 och
612 2255 209 44 Ängelholm
845 2257 79 34 från
948 2258 66 34 och
1038 2259 82 34 med
1148 2259 208 43 budgetåret
1383 2261 154 43 1955/56
1564 2263 82 33 eller
1671 2263 68 34 den

248 2320 122 22 senare
395 2309 183 43 tidpunkt,
604 2310 132 43 Kungl.
762 2310 113 43 Maj:t
901 2311 225 41 bestämmer,
1152 2312 87 34 skall
1265 2314 174 34 ombildas
1465 2314 54 34 till
1544 2315 107 43 högre
1678 2316 60 34 all-

247 2365 133 31 männa
400 2362 161 35 läroverk
580 2364 82 33 med
683 2364 68 33 den
771 2364 336 43 linjeorganisation,
1128 2366 131 42 Kungl.
1281 2366 111 43 Maj:t
1414 2368 225 41 bestämmer,
1661 2370 77 33 sko-

246 2415 105 34 lande
368 2415 265 44 ombildningen
650 2417 98 42 tillgå
765 2417 161 41 sålunda,
943 2423 56 29 att
1015 2418 113 35 första
1145 2419 120 43 ringen
1283 2421 61 33 vid
1362 2421 264 44 ombildningen
1644 2434 93 22 ome-

246 2468 139 34 delbart
405 2472 189 40 upprättas
615 2470 65 34 och
701 2471 108 34 sedan
829 2471 203 44 ytterligare
1053 2484 44 23 en
1117 2472 77 43 ring
1213 2485 61 31 per
1295 2474 49 40 år,
1363 2474 55 33 till
1438 2475 78 34 dess
1537 2476 199 42 gymnasiet
