1876 2786
272 164 42 30 52
635 161 298 34 Statsutskottets
950 163 184 33 utlåtande
1153 175 41 20 nr
1211 165 22 31 8
1250 163 39 33 år
1306 166 88 30 1955

319 241 73 33 dels
416 241 64 33 två
504 241 225 42 likalydande
753 241 185 40 motioner,
963 242 130 33 väckta
1118 243 67 33 den
1211 254 65 22 ena
1301 243 95 33 inom
1421 242 110 34 första
1555 243 208 34 kammaren

274 307 45 21 av
340 294 78 34 herr
438 294 120 34 Sunne
578 307 46 21 am.
645 295 38 42 fl.
709 295 44 42 (1:
768 296 56 41 96)
851 295 64 34 och
938 296 67 33 den
1028 296 109 33 andra
1159 296 97 33 inom
1279 297 109 33 andra
1410 297 206 33 kammaren
1638 309 46 21 av
1706 297 56 34 fru

274 348 144 33 Andrén
440 360 48 21 m.
512 348 37 42 fl.
578 348 62 42 (IT:
658 349 93 41 118),
776 348 10 33 i
811 348 95 35 vilka
931 349 198 33 hemställts
1155 354 57 28 att
1236 350 185 42 riksdagen
1446 351 113 32 måtte
1586 350 139 34 besluta
1751 351 11 33 i

272 401 152 42 enlighet
441 402 81 33 med
540 401 348 43 skolöverstyrelsens
907 402 179 33 äskanden
1104 403 111 33 under
1234 403 146 34 åttonde
1398 403 228 34 huvudtiteln
1644 404 117 42 punkt

275 458 63 30 179
359 454 65 34 och
445 455 132 33 således
598 454 54 34 för
671 455 212 42 budgetåret
906 455 153 43 1935/56
1081 455 131 42 bevilja
1233 460 54 29 ett
1308 456 120 43 anslag
1448 457 47 42 på
1518 460 63 30 102
1595 460 65 30 000
1682 457 78 34 kro-

272 519 64 22 nor
353 507 53 34 för
424 507 479 41 skolkuratorsverksamhet,

316 561 74 34 dels
403 561 66 34 ock
483 573 44 21 en
541 561 95 34 inom
651 562 111 33 andra
776 562 205 33 kammaren
997 575 44 21 av
1055 562 78 33 herr
1147 562 159 43 Nestrup
1321 563 107 34 väckt
1442 563 137 34 motion
1597 564 163 42 (II:388),

271 615 75 33 vari
368 615 199 33 hemställts
590 620 56 29 att
668 615 187 42 riksdagen
878 616 11 33 i
913 616 164 33 skrivelse
1101 616 53 33 till
1177 617 133 42 Kungl.
1334 616 111 42 Maj:t
1468 617 114 33 måtte
1607 617 152 41 anhålla,

270 672 56 29 att
346 668 131 42 Kungl.
499 668 110 42 Maj:t
629 669 89 42 gåve
740 669 332 42 skolöverstyrelsen
1093 669 10 34 i
1124 670 163 42 uppdrag
1308 675 55 28 att
1384 675 138 29 snarast
1543 671 126 34 utreda
1690 670 68 34 frå-

269 733 68 30 gan
356 734 57 21 om
431 721 228 43 möjligheten
678 726 56 29 att
753 722 60 34 vid
832 725 110 31 större
961 722 221 34 skolenheter
1199 723 134 34 inrätta
1353 723 406 44 skolkuratorskollegier

270 775 79 33 med
368 775 161 43 uppdrag
547 779 55 31 att
620 776 103 33 sköta
741 787 43 22 en
803 775 239 35 skolkurators
1060 775 190 44 uppgifter.

314 863 430 43 Förstatligande
781 877 57 21 av
873 865 320 34 kommunala
1228 866 299 42 gymnasier.
1563 866 68 35 Vid
1670 870 87 30 1952

268 917 55 33 års
345 917 142 43 riksdag
508 917 130 34 beslöts
661 917 268 44 förstatligande
953 931 45 22 av
1021 931 57 21 sex
1100 919 230 34 kommunala
1351 920 211 43 gymnasier,
1585 921 111 42 varpå
1719 921 39 33 år

269 973 86 31 1953
376 970 108 42 följde
505 983 43 21 en
568 971 110 34 andra
698 983 114 31 grupp
833 972 190 34 bestående
1044 985 44 22 av
1108 973 205 42 ytterligare
1334 985 58 21 sex
1411 973 200 43 gymnasier
1631 974 66 34 och
1719 974 38 33 år

269 1027 87 30 1934
382 1036 43 21 en
451 1024 114 42 tredje
590 1037 114 30 grupp
730 1025 190 34 bestående
948 1038 45 21 av
1019 1025 71 34 fem
1116 1026 211 42 gymnasier.
1353 1026 69 34 För
1448 1030 105 30 nästa
1579 1027 177 43 budgetår

267 1076 144 34 föreslår
426 1077 133 43 Kungl.
576 1077 110 43 Maj:t
703 1077 268 43 förstatligande
989 1091 45 21 av
1051 1091 57 21 sex
1124 1079 82 34 med
1224 1080 142 42 statliga
1384 1080 189 34 realskolor
1589 1080 167 35 förenade

264 1129 231 35 kommunala
516 1131 209 42 gymnasier,
747 1132 176 42 nämligen
945 1132 245 42 gymnasierna
1214 1133 10 33 i
1247 1133 184 42 Borlänge,
1454 1133 200 43 Enköping,
1677 1134 78 34 Fal-

266 1183 143 43 köping,
427 1183 185 44 Filipstad,
631 1184 132 43 Nässjö
783 1185 66 34 och
868 1183 219 45 Ängelholm.

310 1272 532 45 Försöksgymnasier.
864 1275 122 43 Enligt
1007 1275 115 34 beslut
1145 1288 46 21 av
1215 1279 87 31 1953
1325 1276 55 33 års
1402 1276 142 42 riksdag
1566 1276 89 34 skall
1676 1276 80 34 från

264 1325 66 34 och
351 1327 80 33 med
453 1329 104 31 nästa
579 1327 174 43 budgetår
773 1329 82 32 eller
875 1329 68 33 den
966 1341 119 21 senare
1107 1329 184 42 tidpunkt,
1312 1329 132 43 Kungl.
1466 1329 112 42 Maj:t
1600 1330 153 33 bestäm-

264 1391 85 28 mer,
366 1379 152 43 treåriga
535 1380 337 43 försöksgymnasier
888 1385 188 39 upprättas
1101 1382 4 33 i
1123 1382 215 34 Nederkalix
1355 1382 66 34 och
1440 1382 217 35 Stockholm.
1676 1383 78 33 Me-

264 1432 56 33 del
336 1432 172 34 beräknas
524 1445 48 22 nu
587 1433 54 34 för
656 1434 219 43 påbörjande
891 1447 46 21 av
953 1435 269 34 verksamheten
1240 1435 60 34 vid
1317 1436 99 34 dessa
1433 1436 200 42 gymnasier
1649 1439 104 31 nästa

263 1485 101 34 läsår.
387 1486 128 34 Vidare
538 1486 141 35 föreslås
702 1488 242 42 upprättande
966 1487 78 34 från
1066 1488 65 34 och
1154 1489 82 33 med
1259 1488 210 43 budgetåret
1494 1489 154 43 1955/56
1672 1490 82 33 eller

264 1539 68 33 den
351 1551 120 22 senare
489 1540 182 43 tidpunkt,
690 1541 132 42 Kungl.
842 1541 111 42 Maj:t
972 1541 223 40 bestämmer,
1215 1554 46 21 av
1280 1546 53 29 ett
1352 1542 146 43 treårigt
1517 1542 236 43 försöksgym-

262 1592 139 34 nasium
420 1593 11 33 i
450 1593 210 43 Linköping,
681 1594 175 35 anknutet
877 1595 52 33 till
949 1594 106 43 högre
1076 1595 179 33 allmänna
1276 1595 197 34 läroverket
1494 1596 194 34 därstädes.

306 1680 169 35 Lärar-
518 1682 88 34 och
650 1683 579 42 vaktmästartjänster.
1273 1684 132 42 Kungl.
1449 1684 129 42 Maj:ts
1622 1684 131 43 förslag

261 1746 101 21 avser
385 1734 11 34 i
420 1735 101 35 dessa
545 1735 225 35 hänseenden
793 1756 46 4 —
863 1736 155 34 förutom
1044 1737 241 34 automatiska
1310 1737 372 43 utgiftsförändringar
1706 1758 47 5 —

258 1786 284 45 huvudsakligen
566 1788 167 43 följande:

308 1841 33 42 1)
368 1841 248 44 uppflyttning
638 1842 12 34 i
672 1842 108 43 högre
804 1843 165 42 lönegrad
994 1855 46 21 av
1063 1843 337 42 rektorstjänsterna
1424 1844 60 34 vid
1509 1844 43 34 de
1577 1856 59 22 sex
1660 1857 90 21 sam-

258 1894 200 41 realskolor,
481 1907 77 22 som
580 1895 143 34 föreslås
746 1895 202 34 ombildade
970 1896 54 33 till
1047 1896 105 42 högre
1175 1896 179 34 allmänna
1377 1897 172 39 läroverk,

305 1949 34 42 2)
367 1949 204 33 inrättande
591 1961 45 22 av
656 1948 157 42 följande
834 1949 97 33 antal
951 1961 72 30 nya
1042 1950 173 33 ordinarie
1236 1949 162 42 tjänster,
1418 1950 176 43 nämligen
1616 1954 43 31 58
1679 1951 71 34 lek-

257 2002 239 42 torstjänster,
519 2005 42 31 54
584 2002 395 42 övningslärartjänster
1001 2003 66 34 och
1089 2015 43 21 en
1155 2003 350 42 vaktmästartjänst,

305 2056 34 42 3)
367 2055 203 34 inrättande
595 2067 45 22 av
665 2059 18 30 6
709 2067 73 31 nya
806 2060 97 29 extra
928 2056 173 34 ordinarie
1126 2056 377 43 vaktmästartjänster
1528 2062 94 29 samt
1646 2058 103 34 utök-

258 2110 85 42 ning
363 2109 77 33 från
461 2108 396 43 halvtidstjänstgöring
878 2109 53 33 till
952 2109 368 43 heltidstjänstgöring
1340 2109 53 34 för
1415 2114 19 30 5
1456 2115 99 29 extra
1576 2111 174 34 ordinarie

258 2162 255 40 vaktmästare,

305 2216 34 41 4)
368 2215 86 34 ökat
476 2215 165 34 timantal
663 2214 54 34 för
740 2215 142 42 frivillig
902 2215 168 43 teckning
1091 2215 65 35 och
1179 2215 142 43 frivillig
1342 2216 163 43 körsång.

305 2269 128 34 Vidare
451 2268 159 34 förordas
628 2269 109 33 bland
757 2273 121 35 annat,
898 2273 55 29 att
972 2269 60 33 det
1051 2269 87 33 skall
1157 2268 37 34 få
1213 2270 191 33 ankomma
1422 2271 46 42 på
1487 2271 131 42 Kungl.
1638 2270 112 43 Maj:t

259 2323 73 34 dels
354 2327 55 30 att
430 2322 139 34 besluta
590 2322 181 42 angående
793 2322 67 34 den
882 2321 196 44 fördelning
1098 2323 47 42 på
1166 2322 337 44 avlöningsgrupper
1524 2323 54 34 för
1599 2324 150 34 rektors-

259 2376 210 42 tjänsterna,
494 2387 76 22 som
594 2375 63 34 bör
680 2375 195 34 fastställas
899 2375 55 34 för
977 2379 104 30 nästa
1106 2376 156 42 sexåriga
1287 2376 358 44 förordnandeperiod
1670 2377 79 34 från

259 2429 66 34 och
346 2429 80 34 med
448 2429 68 34 den
539 2432 16 30 1
578 2428 63 43 juli
664 2432 100 36 1955,
786 2429 72 33 dels
881 2433 66 36 att,
968 2428 89 34 efter
1077 2429 172 42 förnyade
1271 2431 270 41 överväganden
1562 2431 11 33 i
1595 2431 155 33 kontakt

259 2482 81 34 med
368 2482 262 34 vederbörande
657 2482 450 43 personalorganisationer,
1135 2482 198 34 bestämma
1361 2483 61 34 det
1449 2484 98 33 antal
1575 2484 173 34 ordinarie
