2174 2616
377 189 21 30 8
586 186 117 33 Andra
727 185 218 34 kammarens
971 184 122 35 femte
1116 186 172 41 tillfälliga
1310 187 142 31 utskotts
1475 185 173 33 utlåtande
1672 185 50 32 Nr
1745 186 31 31 4.

1116 641 60 41 Nr
1197 641 40 42 4.

1017 804 108 24 Ankom
1145 803 44 24 till
1209 803 161 31 riksdagens
1390 802 92 25 kansli
1501 802 53 25 den
1575 801 32 26 17
1629 802 65 24 febr.
1716 800 69 27 1917
1806 802 35 24 kl.
1863 800 12 25 1
1897 809 22 17 e.
1940 809 35 17 m.

594 948 129 35 Andra
752 949 220 34 kammarens
992 947 130 43 femte
1154 947 180 44 tillfälliga
1361 948 146 35 utskotts
1535 947 179 35 utlåtande
1741 957 46 24 nr
1811 946 34 43 4,
1874 946 12 34 i
1915 956 62 24 an-

807 1019 139 45 ledning
980 1030 44 24 av
1056 1019 80 36 herr
1169 1018 229 45 Lindhagens
1429 1019 139 43 motion,
1597 1029 45 24 nr
1671 1020 32 41 1,
1735 1029 53 24 om
1816 1017 162 35 skrivelse

808 1092 52 35 till
898 1091 132 45 Kungl.
1069 1091 111 43 Maj:t
1212 1091 177 43 angående
1426 1090 191 36 beredande
1654 1100 44 25 av
1726 1092 72 32 rätt
1825 1088 58 36 och
1912 1087 64 36 till-

802 1163 92 43 fälle
913 1162 66 44 för
1002 1166 124 41 parter
1153 1163 59 35 och
1240 1163 103 35 deras
1372 1162 159 35 biträden
1559 1165 50 32 att
1635 1161 151 35 sittande
1809 1165 167 30 övervara

809 1234 483 45 rättegångsförhandlingar.

200 1389 149 57 Motionen.
490 1394 64 37 Uti
583 1407 46 23 en
644 1382 112 48 inom
787 1394 115 35 andra
931 1393 216 36 kammaren
1176 1392 159 48 avgiven
1364 1393 67 35 och
1460 1392 58 36 till
1549 1392 82 35 dess
1659 1392 114 35 femte
1793 1391 185 48 tillfälliga

382 1448 145 37 utskott
555 1447 182 37 hänvisad
767 1447 149 44 motion,
938 1459 45 23 nr
1011 1449 32 42 1,
1064 1447 68 35 har
1150 1446 85 36 herr
1254 1446 209 46 Lindhagen
1482 1445 200 44 hemställt,
1705 1447 54 34 att
1778 1444 201 48 riksdagen

383 1502 88 37 ville
497 1502 160 44 anhålla,
689 1504 54 33 att
771 1501 139 47 Kungl.
941 1500 109 48 Maj:t
1079 1502 123 42 måtte,
1233 1502 47 45 på
1321 1503 73 33 sätt
1426 1499 76 36 kan
1536 1498 168 37 befinnas
1733 1498 246 48 erforderligt,

383 1555 218 37 föranstalta
630 1556 125 35 därom
800 1558 53 32 att
890 1553 64 37 vid
981 1553 500 47 rättegångsförhandlingar
1509 1552 57 37 för
1592 1552 100 37 brott
1720 1552 163 36 häktade
1912 1552 70 36 och

384 1615 96 31 även
509 1609 115 35 andra
654 1608 171 36 enskilda
864 1610 125 45 parter
1023 1606 117 49 jämte
1169 1607 107 35 deras
1304 1606 183 45 biträden,
1518 1609 119 33 såsom
1667 1606 11 35 i
1708 1606 117 35 andra
1852 1605 130 36 länder

385 1668 39 30 är
451 1662 178 47 brukligt,
661 1662 154 35 beredas
856 1663 74 34 rätt
970 1661 69 36 och
1081 1660 144 36 tillfälle
1255 1663 64 41 att,
1351 1661 46 35 då
1427 1660 45 36 de
1503 1659 32 49 ej
1567 1659 116 49 själva
1713 1665 62 30 äro
1803 1659 14 35 i
1844 1659 135 44 förhör,

386 1716 163 36 sittande
580 1721 176 31 övervara
785 1714 343 47 förhandlingarna.

490 1769 238 37 Beträffande
759 1768 270 47 motiveringen
1058 1768 56 35 för
1142 1768 122 35 denna
1293 1767 222 36 hemställan
1544 1767 55 36 får
1623 1767 184 36 utskottet
1827 1767 155 37 hänvisa

383 1824 58 36 till
469 1823 200 37 motionen.

207 1940 140 27 Utskottet.
491 1930 131 48 Enligt
661 1931 63 36 vid
767 1931 249 35 domstolarna
1045 1930 13 35 i
1087 1932 80 34 vårt
1199 1930 89 35 land
1321 1928 174 48 gällande
1525 1928 124 48 praxis
1679 1928 106 36 skola
1813 1927 170 37 enskilda

386 1988 125 44 parter
551 1985 68 35 och
662 1985 108 35 deras
812 1984 172 36 biträden
1027 1984 152 35 stående
1210 1988 177 31 övervara
1411 1982 280 47 behandlingen
1722 1994 45 23 av
1788 1981 80 36 sina
1897 1981 83 36 mål.

385 2039 76 35 Det
503 2044 39 29 är
584 2037 221 48 uppenbart,
850 2040 54 33 att
943 2037 135 37 sådant
1119 2039 116 34 måste
1263 2036 116 37 verka
1420 2036 189 36 tröttande
1651 2036 69 35 och
1768 2035 212 47 därigenom

387 2092 156 47 olägligt
570 2091 57 37 för
655 2092 83 35 dem
767 2092 14 35 i
810 2092 138 35 sådana
988 2091 77 44 fall,
1109 2091 46 35 då
1196 2089 290 48 förhandlingen
1524 2092 105 44 tager
1657 2101 46 24 en
1732 2089 129 47 längre
1889 2088 55 37 tid
1972 2089 12 35 i

387 2145 174 48 anspråk.
610 2145 192 37 Utskottet
841 2157 108 24 anser
991 2144 134 45 därför,
1170 2147 53 34 att
1265 2144 127 47 praxis
1434 2143 68 36 bör
1536 2143 189 47 omläggas
1754 2142 13 36 i
1797 2143 72 35 den
1896 2142 89 36 rikt-

386 2200 104 46 ning,
534 2211 76 24 som
653 2200 116 35 redan
811 2211 50 23 nu
890 2199 63 36 vid
983 2201 134 44 många
1146 2199 200 35 domstolar
1374 2202 66 42 gör
1469 2197 58 47 sig
1556 2197 172 46 gällande
1757 2196 13 36 i
1803 2195 181 37 särskilda

387 2253 76 44 fall,
494 2252 188 48 nämligen
712 2256 54 32 att
794 2252 11 36 i
837 2252 207 36 domssalen
1076 2252 202 47 sittplatser
1308 2251 184 36 anordnas
1521 2251 57 35 för
1596 2253 173 45 parterna
1790 2250 67 36 och
1878 2249 107 36 deras
