2244 2652
447 238 41 31 28
905 230 250 33 Statsutskottets
1178 227 171 33 Memorial
1372 232 61 31 N:o
1456 233 30 28 1.

1002 572 76 38 Till
1106 571 296 38 statsutskottet.

535 681 82 36 Den
662 679 153 48 komité,
859 691 79 24 som
982 675 243 49 fullmägtige
1267 674 122 36 första
1431 674 154 47 gången
1615 669 73 37 den
1718 671 46 34 24
1796 667 73 48 maj
1905 668 97 35 1888

410 734 109 36 valde
562 733 58 36 för
661 738 55 30 att
759 736 169 31 närmast
969 728 219 37 handhafva
1231 726 71 37 och
1337 724 140 37 bereda
1507 723 45 36 de
1582 720 181 47 ärenden,
1793 732 80 24 som
1903 718 97 36 hade

411 784 186 38 samband
625 784 82 36 med
728 782 219 37 utförandet
967 781 42 36 af
1023 781 64 35 det
1107 778 246 48 fullmägtige
1373 777 11 35 i
1405 774 236 38 riksbanken
1663 773 70 36 och
1758 771 12 36 1
1791 769 212 48 riksgälds-

411 838 178 35 kontoret
633 841 241 43 gemensamt
915 832 174 37 lemnade
1131 830 217 50 uppdraget
1385 829 11 35 i
1433 828 107 47 fråga
1582 838 59 23 om
1684 822 258 51 uppförandet
1984 824 20 33 å

411 888 377 49 Helgeandsholmen
833 886 39 36 af
912 898 73 35 nya
1028 882 230 50 byggnader
1301 881 57 36 för
1400 878 224 48 Riksdagen
1667 876 71 36 och
1767 873 235 38 riksbanken

413 940 120 48 enligt
580 942 95 34 1888
711 941 60 34 års
801 937 191 48 Riksdags
1022 935 137 44 beslut,
1189 934 79 47 har,
1300 932 118 37 sedan
1448 931 87 35 dess
1564 928 176 50 uppdrag
1769 930 40 32 år
1839 925 97 37 efter
1964 929 40 32 år

414 993 69 37 och
513 997 131 31 senast
672 992 71 36 den
777 992 44 34 19
851 988 94 50 april
979 989 95 35 1894
1105 987 188 48 förnyats,
1323 984 100 36 varit
1451 982 70 37 och
1547 986 40 31 är
1607 978 235 38 fortfarande
1863 978 10 35 i
1894 977 110 36 verk-

414 1043 159 38 samhet.
630 1043 227 37 Ledamöter
885 1041 9 35 i
925 1040 168 36 komitén
1137 1038 114 36 hafva
1283 1036 122 37 under
1433 1037 40 34 år
1504 1034 97 36 1894
1633 1032 97 35 varit
1758 1030 71 37 och
1859 1034 80 31 äro:
1970 1028 41 36 af

416 1095 242 49 fullmägtige
686 1095 10 36 i
726 1093 246 46 riksbanken,
1002 1091 132 37 herrar
1164 1087 245 39 Törnebladh
1439 1086 70 37 och
1534 1098 75 23 von
1633 1083 157 37 Friesen
1812 1081 85 36 med
1919 1081 88 36 herr

415 1147 221 50 Liljewaleh
667 1146 55 36 till
752 1145 216 49 suppleant,
998 1151 98 28 samt
1125 1142 41 36 af
1182 1139 244 48 fullmägtige
1446 1139 11 36 i
1473 1135 388 49 riksgäldskontoret,
1879 1133 129 36 herrar

417 1199 224 38 Sederholm
684 1197 68 37 och
787 1197 159 36 friherre
974 1194 247 46 Nordenfalk,
1253 1192 86 36 med
1368 1192 87 35 herr
1483 1188 193 48 Odelberg
1705 1186 56 36 till
1791 1184 215 50 suppleant.

545 1250 88 37 Med
674 1250 113 36 dessa
816 1248 103 37 inom
949 1246 264 49 fullmägtiges
1243 1245 106 35 krets
1378 1241 162 38 utsedde
1569 1239 211 36 ledamöter
1808 1236 114 36 hafva
1951 1235 58 36 för

418 1302 235 48 behandling
700 1301 41 36 af
776 1300 178 37 tekniska
996 1299 128 47 frågor
1165 1297 251 49 adjungerats
1458 1294 131 36 herrar
1630 1288 378 50 generaldirektören

419 1355 40 38 C.
499 1354 45 38 G.
587 1354 137 49 Beijer,
765 1352 375 50 generallöjtnanten
1183 1349 160 36 friherre
1372 1347 42 37 B.
1444 1346 43 37 A.
1517 1341 283 51 Leijonhufvud
1826 1340 69 37 och
1924 1352 86 37 pro-

419 1407 149 37 fessorn
611 1406 40 37 F.
695 1405 45 37 G.
784 1406 45 35 A.
872 1403 108 37 Dabl.
1036 1403 54 36 Af
1127 1403 110 36 desse
1280 1401 155 48 qvarstå
1472 1409 156 24 numera
1666 1394 135 36 endast
1840 1392 45 36 de
1914 1390 96 37 båda

421 1458 250 48 sistnämnde,
701 1462 102 42 enär,
833 1456 12 36 i
862 1455 170 49 enlighet
1048 1454 85 37 med
1149 1454 128 36 derom
1295 1451 111 50 gjord
1424 1448 190 45 anhållan,
1630 1444 380 52 generaldirektören

420 1510 126 49 Beijer
588 1510 71 36 den
706 1512 43 33 18
793 1507 160 37 oktober
998 1508 94 35 1894
1137 1503 267 49 entledigades
1438 1501 82 37 från
1553 1499 216 49 uppdraget
1800 1502 56 31 att
1884 1498 126 33 såsom

422 1561 238 50 adjungerad
703 1561 165 36 ledamot
902 1559 152 49 deltaga
1087 1558 11 36 i
1128 1556 190 38 komiténs
1347 1555 170 36 arbeten.
1572 1551 17 36 I
1617 1551 95 35 hans
1741 1548 111 37 ställe
1882 1547 130 36 valdes

422 1628 144 23 samma
609 1614 76 48 dag
726 1613 86 37 herr
855 1609 377 51 generaldirektören
1275 1607 42 37 L.
1360 1606 112 49 Berg,
1508 1617 81 24 som
1619 1600 234 39 fortfarande
1884 1598 129 37 tillhör

424 1666 181 37 komitén.

551 1708 115 46 Öfver
694 1717 58 36 sin
784 1715 244 38 verksamhet
1056 1713 59 37 för
1143 1713 105 37 tiden
1279 1712 82 36 från
1392 1709 72 37 den
1497 1710 43 34 19
1565 1705 151 50 januari
1740 1706 95 35 1894
1858 1702 57 37 till
1936 1702 75 36 den

429 1772 44 34 14
505 1769 261 36 innevarande
786 1767 151 50 januari
967 1767 68 36 har
1065 1765 169 37 komitén
1263 1764 12 36 i
1305 1776 47 23 en
1382 1761 58 37 till
1469 1757 241 49 fullmägtige
1738 1757 13 35 i
1781 1754 230 38 riksbanken

426 1821 69 37 och
538 1822 10 34 i
591 1820 375 49 riksgäldskontoret
1008 1817 98 37 stäld
1147 1815 205 39 berättelse
1387 1814 141 36 lemnat
1556 1808 263 50 redogörelse;
1849 1806 71 36 och
1950 1819 64 23 an-

426 1873 100 37 hålla
556 1872 243 48 fullmägtige
829 1878 55 30 att
913 1871 35 35 få
977 1870 166 48 åberopa
1171 1869 125 36 denna
1326 1865 86 37 med
1441 1862 178 39 afseende
1649 1864 46 46 på
1724 1860 47 36 de
1800 1858 82 37 deri
1912 1856 104 37 med-

426 1924 134 38 delade
602 1923 195 50 uppgifter
839 1922 197 49 angående
1080 1921 46 36 de
1159 1919 192 50 åtgärder,
1382 1930 93 34 som,
1506 1914 117 37 sedan
1652 1911 203 39 berättelse
1885 1915 129 32 senast

428 1976 136 49 afgafs,
594 1976 124 37 blifvit
748 1976 184 47 vidtagna
960 1974 56 36 till
1044 1972 201 38 utförande
1274 1971 41 36 af
1342 1971 96 35 1888
1469 1971 60 33 års
1557 1965 135 38 beslut.

556 2028 55 36 De
642 2028 124 37 beslut
795 2028 10 35 i
836 2026 168 47 ärendet,
1035 2039 81 23 som
1146 2024 127 38 blifvit
1303 2023 41 36 af
1368 2019 242 48 fullmägtige
1639 2016 153 46 fattade,
1814 2015 148 46 framgå
1982 2013 40 36 af

429 2080 241 49 protokollen
714 2080 56 36 för
813 2079 73 36 den
921 2080 43 34 10
992 2077 71 37 och
1093 2079 47 34 20
1164 2075 170 50 januari;
1369 2076 15 34 1
1417 2072 68 37 och
1517 2073 45 34 23
1594 2068 180 45 februari;
1806 2069 34 43 9,
1873 2067 44 34 19
1947 2065 70 36 och

431 2135 45 33 26
516 2131 112 50 april;
659 2135 22 33 4
711 2132 69 36 och
812 2134 46 33 24
891 2131 88 48 maj;
1013 2132 44 34 16
1087 2128 171 49 augusti;
1292 2128 44 35 18
1367 2124 176 44 oktober;
1575 2124 33 45 3,
1640 2123 32 42 5,
1708 2122 55 45 15,
1794 2121 46 34 22
1871 2117 70 36 och
1973 2118 45 34 29

431 2184 207 37 november
666 2184 69 36 och
766 2185 47 34 22
844 2182 199 37 december
1075 2183 96 34 1894
1201 2184 98 31 samt
1328 2177 124 36 denna
1481 2175 87 47 dag.

560 2226 117 46 Öfver
706 2234 369 51 byggnadsfondens
1104 2232 59 36 för
1191 2231 198 47 riksdags-
1418 2228 69 36 och
1512 2224 281 38 riksbankshus
1813 2221 208 47 tillgångar

433 2288 62 37 vid
529 2289 97 35 1894
655 2291 58 33 års
744 2287 132 49 början
906 2285 71 38 och
1006 2285 77 36 slut
1112 2284 36 36 få
1176 2281 244 50 fullmägtige
1449 2279 67 36 här
1537 2276 171 38 meddela
1729 2274 166 49 följande
1916 2271 106 37 redo-

431 2339 168 50 görelse:
