2228 2652
462 219 37 31 18
920 215 252 32 Statsutskottets
1196 213 170 33 Memorial
1391 213 63 31 N:o
1480 214 23 30 1.

415 300 46 34 91
505 302 72 31 öre.
632 296 193 49 Härjemte
859 295 125 47 hafva,
1010 293 151 50 jemlikt
1189 292 92 37 1888
1310 295 58 34 års
1395 289 311 49 riksdagsbeslut,
1736 288 165 37 anvisats
1929 288 71 36 föl-

411 349 116 49 jande
560 348 315 49 fyllnadsbelopp,
909 346 191 48 nemligen
1132 345 59 37 för
1232 347 39 34 år
1313 345 96 35 1889
1454 344 161 46 365,406
1658 342 137 35 kronor
1836 342 48 34 34
1927 345 74 41 öre,

415 402 59 35 för
501 404 39 33 år
571 402 97 35 1890
698 402 136 45 97,730
862 399 140 36 kronor
1031 400 44 34 12
1106 403 75 41 öre,
1210 397 58 36 för
1295 399 39 33 år
1365 397 95 34 1891
1492 396 160 45 643,777
1683 393 138 36 kronor
1850 393 46 35 79
1927 397 75 41 öre,

415 454 59 35 för
502 455 39 34 år
571 454 95 35 1892
699 452 159 47 609,796
888 451 138 36 kronor
1054 451 46 34 99
1131 454 62 31 öre
1222 448 70 37 och
1319 448 59 36 för
1406 450 40 33 år
1476 448 95 34 1893
1602 446 161 46 661,595
1792 444 140 36 kronor
1955 445 46 34 47

416 510 74 42 öre,
532 504 136 36 hvaraf
705 503 268 37 statskontoret
1011 501 72 49 lyft
1122 500 187 49 beloppen
1341 499 59 36 för
1433 502 87 33 åren
1555 498 263 45 1889—1891,
1846 495 156 48 tillhopa

419 558 199 45 1,106,914
646 556 138 36 kronor
812 557 46 34 25
889 560 76 41 öre,
995 553 69 37 och
1093 552 41 36 af
1158 552 176 49 beloppet
1361 550 60 37 för
1451 552 95 34 1892
1577 550 163 46 500,000
1769 548 148 36 kronor.

544 608 82 36 Den
658 612 116 42 ränta,
809 606 268 37 statskontoret
1109 604 69 36 har
1205 608 53 32 att
1284 603 59 36 för
1369 601 287 49 ifrågavarande
1684 599 323 48 försträckningar

416 660 186 49 godtgöra
630 658 375 49 riksgäldskontoret,
1034 661 40 31 är
1101 656 58 36 för
1187 656 45 36 de
1260 655 149 48 belopp,
1439 653 127 37 hvilka
1585 652 123 37 blifvit
1727 651 278 37 öfverlemnade

417 713 79 35 före
535 714 195 46 utgången
771 710 40 36 af
849 713 40 33 år
933 710 107 46 1889,
1082 707 173 37 bestämd
1286 706 56 37 till
1375 708 23 34 4
1426 710 156 44 procent
1608 705 59 36 för
1694 707 50 44 år,
1774 703 72 37 och
1873 703 59 36 för
1959 702 46 37 de

417 763 149 50 belopp,
609 776 81 23 som
732 762 264 36 öfverlemnats
1035 759 120 37 under
1187 762 88 33 åren
1310 759 98 35 1890
1432 757 81 37 och
1544 758 109 45 1891,
1681 755 57 37 till
1774 757 13 34 3
1807 761 17 39 +
1851 759 157 44 procent

417 816 59 36 för
516 818 47 33 år.
620 815 147 36 Räntan
808 817 20 33 å
869 813 45 37 de
950 812 148 48 belopp,
1128 811 129 36 hvilka
1284 810 59 36 för
1369 810 161 36 fondens
1557 808 163 47 räkning
1746 807 177 37 inbetalts
1950 806 57 36 till

419 867 269 36 statskontoret
714 865 116 37 under
858 868 88 33 åren
978 865 93 34 1892
1103 863 70 36 och
1206 863 94 35 1893
1335 861 91 37 eller
1453 860 220 37 hädanefter
1700 859 128 36 kunna
1855 859 152 35 komma

419 923 54 32 att
506 918 259 47 öfverlemnas,
799 922 50 42 är,
884 915 97 38 intill
1008 915 85 37 dess
1121 914 238 48 fullmägtige
1388 912 233 37 annorlunda
1649 911 157 47 besluta,
1836 910 172 37 bestämd

417 970 57 37 till
502 973 22 33 4
552 975 156 44 procent
731 970 57 35 för
807 972 48 33 år.
899 967 72 37 Till
991 967 94 49 följd
1105 967 110 36 häraf
1231 965 95 37 skall
1346 965 271 36 statskontoret
1636 963 156 48 erlägga
1812 964 23 34 4
1854 967 156 44 procent

418 1027 106 31 ränta
551 1025 20 33 å
600 1023 201 46 3,556,7164
829 1020 141 36 kronor
997 1021 46 34 32
1073 1024 62 31 öre
1164 1018 71 37 och
1263 1020 57 42 33
1347 1021 156 45 procent
1520 1020 103 32 ränta
1645 1018 21 33 å
1687 1016 161 46 725,505
1871 1014 139 36 kronor

421 1076 48 35 34
498 1079 72 32 öre.

548 1229 75 37 För
647 1230 150 49 fortsatt
829 1227 201 48 utveckling
1059 1228 45 43 af
1127 1234 133 28 statens
1288 1224 288 50 telefonväsende
1603 1221 280 51 bemyndigade
1914 1223 98 34 1894

422 1285 59 33 års
508 1281 173 48 Riksdag
708 1280 237 48 fullmägtige
974 1283 54 32 att
1044 1276 284 39 tillhandahålla
1350 1275 348 49 telegrafstyrelsen
1717 1279 52 32 ett
1787 1273 224 49 lånebelopp

423 1335 41 35 af
503 1334 162 46 750,000
707 1332 138 36 kronor
875 1335 48 45 på
956 1331 132 47 vilkor,
1117 1330 77 36 lika
1222 1328 84 37 med
1335 1328 97 47 dem,
1462 1341 81 23 som
1571 1326 215 37 bestämdes
1814 1325 59 36 för
1900 1325 46 36 de
1975 1325 41 36 af

422 1384 357 50 telegrafstyrelsen,
808 1383 119 48 enligt
958 1384 107 45 1891,
1098 1383 96 35 1892
1217 1381 69 36 och
1317 1382 96 34 1893
1444 1383 107 33 årens
1579 1378 232 49 Riksdagars
1839 1377 135 47 beslut,
2000 1376 11 36 i

421 1436 365 49 riksgäldskontoret
812 1435 59 36 för
899 1434 197 37 enahanda
1124 1432 172 38 ändamål
1315 1432 143 49 lyftade
1477 1430 225 49 lånebelopp
1722 1433 20 33 å
1760 1429 250 37 tillsammans

424 1490 202 47 3,000,000
654 1488 147 36 kronor.

551 1541 52 36 På
643 1540 123 49 grund
806 1538 111 37 häraf
945 1538 68 36 har
1043 1536 347 50 telegrafstyrelsen
1417 1535 120 37 under
1564 1534 244 37 sistförflutna
1837 1536 50 45 år,
1917 1533 94 37 efter

424 1591 331 50 bemyndiganden
783 1591 40 36 af
846 1590 141 48 Kongl.
1017 1589 120 49 Maj:t,
1166 1589 12 36 i
1204 1588 366 49 riksgäldskontoret
1597 1586 87 49 lyft:

488 1644 13 37 1
524 1644 85 49 JU
626 1671 937 9 sossrovvserssssonerarrnsrnsrn
994 1637 199 60 onnnnnnennnnnnnan
1215 1637 72 60 enn
1312 1637 42 60 nen
1372 1637 50 60 SENSE
1432 1637 132 60 FERRAN
1594 1638 138 37 kronor
1760 1638 175 47 300,000:
1952 1659 51 4 —

477 1725 22 19 )
527 1695 206 37 NOVEMDEL
767 1722 795 9 oossoesssessresssesss
1013 1690 66 58 senses
1082 1690 26 58 rrr
1118 1690 30 58 ser
1154 1690 30 58 sar
1190 1690 59 58 senare
1259 1690 26 58 san
1292 1690 26 58 are
1324 1690 67 58 arenan
1397 1690 30 58 ran
1433 1690 45 58 sen
1502 1690 30 58 nen
1538 1690 27 58 en
1645 1719 22 19 »
1760 1690 176 47 200,000:
1953 1711 50 4 —

477 1776 22 20 3)
528 1747 1035 38 ÄECEMDEL..sssssssrersssrrrser
986 1740 91 60 srrerrer
1088 1740 94 60 srrrerer
1189 1740 27 60 sar
1223 1740 27 60 rrr
1256 1740 54 60 rens
1328 1740 27 60 err
1361 1740 31 60 ran
1399 1740 34 60 ten
1451 1740 114 60 bänarnnnen
1646 1771 22 18 »
1718 1737 20 64 —
1761 1742 243 55 250,000:
1974 1737 32 64 —

1585 1811 149 37 Kronor
1763 1811 174 47 750,000:
1953 1832 62 14 —.

552 1903 84 37 Den
676 1907 116 43 ränta,
832 1900 347 50 telegrafstyrelsen
1219 1900 68 36 har
1327 1904 53 31 att
1421 1898 155 49 erlägga
1616 1901 21 33 å
1670 1898 110 37 dessa
1808 1896 138 49 medel,
1977 1901 40 32 är

426 1955 169 37 bestämd
622 1954 57 37 till
707 1957 22 34 4
756 1957 156 46 procent
939 1953 59 36 för
1025 1956 49 44 år,
1104 1957 54 31 att
1186 1951 143 38 betalas
1357 1950 210 37 halfårsvis.

554 2007 52 35 Af
622 2007 63 36 det
703 2005 222 49 lånebelopp
950 2008 20 33 å
992 2005 200 47 1,000,000
1211 2004 148 46 kronor,
1381 2016 82 23 som
1483 2002 119 49 enligt
1624 2003 94 35 1891
1740 2004 58 33 års
1818 2000 197 49 Riksdags

427 2058 123 37 beslut
588 2057 311 37 tillhandahållits
932 2055 348 49 telegrafstyrelsen
1312 2055 59 36 för
1404 2054 114 36 ofvan
1544 2054 164 36 nämnda
1735 2053 186 47 ändamål,
1951 2052 68 36 har

429 2110 183 49 styrelsen
654 2109 195 37 återbetalt
891 2110 137 46 50,000
1061 2108 139 36 kronor
1227 2108 72 35 den
1328 2109 48 34 30
1406 2106 197 36 december
1633 2107 96 35 1893
1760 2105 70 37 och
1859 2110 53 31 ett
1939 2104 78 36 lika

429 2162 136 49 belopp
607 2161 73 37 den
721 2164 45 33 31
801 2161 199 36 december
1031 2159 187 37 nästlidne
1247 2162 48 33 år.
1351 2159 243 36 Härförutom
1622 2158 68 36 har
1717 2156 187 50 styrelsen
1933 2156 85 36 sist-

429 2213 163 37 nämnda
621 2213 76 49 dag
725 2212 196 38 återbetalt
950 2213 135 46 50,000
1113 2211 140 36 kronor
1277 2210 142 50 jemväl
1447 2213 20 33 å
1496 2210 62 36 det
1584 2210 72 47 lån,
1682 2223 81 23 som
1783 2208 169 37 erhållits
1970 2210 49 46 på

428 2265 122 49 grund
578 2265 41 36 af
647 2267 96 34 1892
772 2268 58 33 års
858 2264 190 47 Riksdags
1076 2263 136 36 beslut.
