1920 2862
498 158 413 31 Konstitutionsutskottets
937 159 158 30 memorial
1120 160 48 28 Nr
1187 163 50 27 26.
1578 159 37 30 27

110 241 100 48 lunda
235 243 96 32 dessa
357 244 208 48 rättigheter,
590 257 72 20 men
686 245 58 39 jag
767 245 222 40 konstaterar,
1014 250 51 29 att
1087 246 188 33 artiklarna
1300 247 18 31 2
1344 246 60 33 och
1427 247 18 31 3
1470 258 41 26 ge
1537 245 77 33 Sve-

110 284 70 38 rige
200 285 46 32 all
267 282 134 55 garanti
422 287 59 47 och
501 287 48 32 all
569 288 175 37 möjlighet
763 292 52 28 att
834 293 82 33 göra
936 273 65 47 vad
1022 289 38 32 de
1081 300 77 21 anse
1178 300 82 20 vara
1281 288 217 39 nödvändigt.
1530 288 84 32 Där-

110 327 54 32 för
183 328 127 32 tillåter
330 328 59 38 jag
410 329 68 38 mig
499 332 51 29 att
570 334 81 33 göra
673 342 35 19 er
728 330 157 39 formligt
905 330 129 39 förslag
1054 342 50 20 om
1127 334 51 29 att
1198 331 95 32 avslå
1315 331 61 31 den
1398 330 143 33 svenska
1562 330 52 33 be-

108 374 115 35 gäran,
241 371 64 32 allt
322 371 104 32 under
444 371 55 32 det
515 371 59 38 jag
591 371 194 40 uppriktigt
802 372 58 32 ber
876 372 90 32 mina
984 373 141 32 svenska
1142 373 151 38 kolleger
1311 384 50 20 om
1380 372 130 33 ursäkt.

154 413 51 31 Hr
229 413 102 32 Posse
362 412 210 40 (Tyskland)
603 414 87 32 talar
716 415 43 38 på
784 414 102 39 tyska
917 413 278 41 (översättning).
1220 434 45 4 —
1289 415 194 38 Tysklands
1510 415 104 33 förste

108 455 193 39 delegerade
326 456 61 32 har
411 456 86 38 givit
522 457 70 37 mig
616 457 11 31 i
651 457 157 38 uppdrag
833 461 50 28 att
907 458 91 31 inför
1021 458 219 32 konferensen
1267 458 184 39 deklarera,
1476 461 52 29 att
1553 458 61 32 den

105 497 102 38 tyska
227 499 196 38 regeringen
450 498 217 40 bemyndigat
689 499 61 34 den
771 499 103 39 tyska
896 500 227 38 delegationen
1146 503 52 31 att
1218 501 98 32 avstå
1338 500 78 32 från
1438 499 123 34 artikel
1584 501 29 37 6,

109 541 75 32 från
205 541 140 33 listorna
365 542 73 32 med
458 542 214 39 undantagen
692 543 60 32 och
773 546 50 29 att
843 543 177 39 godkänna
1042 543 61 33 den
1123 543 222 39 formulering
1364 555 42 21 av
1426 543 189 33 artiklarna

108 584 19 30 2
153 584 59 32 och
238 585 19 31 3
284 596 68 20 som
379 584 105 39 gjorts
510 596 43 21 av
578 585 370 33 redaktionsutskottet.
984 586 71 38 Jag
1080 586 134 32 förenar
1238 586 71 38 mig
1334 586 74 32 med
1434 586 54 33 det
1514 586 100 32 ärade

107 626 155 32 ombudet
282 627 54 32 för
357 626 149 35 Schweiz
525 627 11 32 1
556 627 83 33 hans
659 628 124 37 vädjan
803 628 54 32 till
877 628 61 33 den
959 628 142 33 svenska
1122 628 240 39 delegationen.
1395 628 219 33 Handelsför-

107 667 210 34 bindelserna
338 669 122 32 mellan
485 668 138 40 Sverige
645 670 60 32 och
727 670 176 39 Tyskland
926 675 56 27 äro
1005 670 180 39 reglerade.
1219 671 83 32 Helt
1323 670 137 39 nyligen
1483 670 43 32 ha
1548 671 35 31 vi
1603 671 11 31 i

106 711 75 32 vårt
200 711 231 32 handelsavtal
451 712 107 32 infört
577 724 38 20 en
636 712 143 38 ändring
799 724 69 21 som
890 713 204 32 ratificerats
1114 725 42 20 av
1176 713 110 38 bägge
1305 716 168 35 parterna.
1505 713 46 32 Vi
1571 713 43 32 ha

106 752 74 33 icke
199 754 104 37 något
323 757 104 29 större
447 754 140 32 intresse
607 754 12 32 i
640 758 117 34 export
777 766 42 20 av
839 755 362 39 jordbruksprodukter
1221 755 55 33 till
1298 755 148 39 Sverige,
1467 767 73 21 men
1563 767 51 21 om

108 795 194 39 regeringen
323 796 12 31 i
357 799 48 29 ett
424 796 189 38 grannland
633 796 53 32 till
708 797 177 38 Tyskland
906 797 120 33 sådant
1046 809 69 40 som
1139 797 138 39 Sverige
1298 797 110 33 skulle
1428 797 58 33 vid
1508 798 106 32 denna

106 837 178 33 konferens
309 838 38 48 få
369 838 159 33 tillåtelse
551 839 54 32 till
627 839 173 39 undantag
822 839 61 33 och
904 839 106 39 listor,
1035 840 36 32 så
1093 839 108 33 skulle
1225 840 62 32 den
1309 839 102 49 tyska
1434 840 179 48 delegatio-

107 892 60 20 nen
192 892 78 21 anse
295 880 54 38 sig
372 881 79 32 böra
475 880 206 34 återkomma
704 881 55 32 till
784 881 60 33 sitt
867 882 110 33 beslut
1001 866 60 49 och
1084 882 247 33 vidmakthålla
1356 882 51 33 sin
1431 882 148 40 begäran
1602 883 12 32 i

105 923 66 32 vad
193 923 55 32 det
268 923 108 38 gäller
396 923 140 32 listorna
557 923 60 33 och
637 923 123 33 artikel
782 925 29 31 6.

151 966 244 37 Ordföranden.
414 986 44 3 —
476 962 132 36 Ämnar
629 966 54 32 det
702 967 99 32 ärade
822 966 156 33 ombudet
998 967 53 32 för
1071 966 137 40 Sverige
1227 967 207 39 tillmötesgå
1455 968 60 33 den
1536 969 79 32 väd-

105 1008 57 38 jan
185 1020 68 21 som
276 1008 39 33 de
338 1008 219 33 schweiziska
580 1009 60 32 och
660 1008 103 39 tyska
786 1009 270 39 delegationerna
1079 1009 105 33 riktat
1206 1010 55 31 till
1283 1010 118 32 honom
1425 1010 81 33 eller
1530 1011 84 32 före-

107 1051 78 32 drar
204 1051 64 32 han
289 1054 52 29 att
361 1051 34 32 vi
416 1051 42 38 gå
479 1051 54 32 till
553 1063 39 20 en
613 1051 226 39 omröstning?

151 1093 89 32 Herr
266 1093 171 33 Westman
465 1091 190 40 (Sverige).
677 1113 45 3 —
744 1093 71 39 Jag
837 1093 123 33 önskar
983 1106 38 20 en
1044 1094 218 39 omröstning.

151 1135 244 38 Ordföranden.
416 1154 44 3 —
481 1135 104 38 Nöjer
608 1136 52 38 sig
681 1135 76 33 herr
778 1135 175 33 Westman
976 1140 51 29 att
1048 1137 246 38 omröstningen
1318 1136 76 33 sker
1416 1137 73 33 med
1512 1137 102 33 hand-

105 1177 257 39 uppräckning?

151 1220 88 32 Herr
261 1220 174 33 Westman
459 1218 191 41 (Sverige).
669 1239 45 3 —
733 1220 71 39 Jag
824 1225 38 28 är
882 1220 77 38 nöjd
980 1233 50 20 om
1052 1221 246 39 omröstningen
1321 1220 76 34 sker
1418 1222 73 32 med
1511 1222 102 32 hand-

106 1262 246 39 uppräckning.

151 1305 246 38 Ordföranden.
423 1324 46 4 —
494 1304 72 39 Jag
592 1305 58 32 ber
678 1305 38 33 de
744 1305 131 38 ombud,
905 1317 68 21 som
1003 1309 90 29 rösta
1120 1306 53 32 för
1203 1305 156 40 Sveriges
1387 1306 148 39 begäran
1563 1310 53 29 att

107 1347 101 33 räcka
226 1359 68 27 upp
314 1360 39 20 en
372 1347 100 33 hand.
513 1347 71 39 Jag
602 1348 213 32 konstaterar
834 1351 50 29 att
903 1348 56 32 två
979 1348 118 32 ombud
1117 1348 126 32 uttalat
1263 1349 52 38 sig
1335 1348 53 32 till
1409 1349 132 32 förmån
1562 1349 53 32 för

107 1389 155 40 Sveriges
283 1390 157 39 begäran.
482 1390 73 32 Den
576 1391 61 31 har
657 1390 102 33 alltså
778 1390 177 38 avslagits.

151 1432 88 33 Herr
260 1432 178 48 Westman
466 1430 190 41 (Sverige).
678 1452 45 3 —
746 1432 72 39 Jag
840 1432 164 38 beklagar
1017 1432 142 47 mycket
1184 1436 50 29 att
1258 1432 258 33 kommissionen
1540 1433 74 33 icke

106 1479 112 29 ansett
241 1475 64 46 sig
317 1474 114 32 kunna
455 1477 172 35 acceptera
651 1474 67 32 min
743 1474 158 47 begäran,
928 1475 59 31 och
1011 1474 59 39 jag
1093 1475 61 31 vill
1178 1480 82 33 göra
1286 1475 150 37 följande
1462 1475 151 33 deklara-

103 1517 82 38 tion,
205 1528 68 21 som
293 1516 59 38 jag
372 1516 58 32 ber
448 1520 50 28 att
518 1527 51 20 om
589 1516 133 38 möjligt
742 1516 64 32 få
798 1528 34 19 in
853 1516 11 31 i
885 1520 193 34 rapporten:

151 1543 72 48 Den
252 1558 144 33 svenska
426 1559 196 38 regeringen
651 1558 61 32 har
741 1558 146 39 förelagt
918 1558 179 39 riksdagen
1128 1571 38 20 en
1195 1559 206 39 proposition
1432 1571 51 21 om
1513 1559 100 38 höjda

106 1601 104 32 tullar
233 1601 43 38 på
301 1601 91 32 vissa
417 1600 375 39 jordbruksprodukter.
839 1600 197 39 Riksdagen
1062 1606 37 27 är
1124 1601 53 32 för
1202 1602 207 32 närvarande
1435 1602 180 38 sysselsatt

107 1644 74 32 med
208 1644 90 32 detta
328 1643 164 39 spörsmål
520 1643 61 32 och
607 1643 11 32 i
646 1643 219 33 betraktande
893 1655 42 20 av
964 1643 257 39 samftidigheten
1250 1643 121 33 mellan
1401 1643 212 39 riksdagsde-

106 1686 152 32 batterna
279 1686 11 32 i
311 1684 138 40 Sverige
470 1685 60 32 och
549 1685 237 32 utarbetandet
806 1697 41 20 av
869 1685 61 33 den
951 1685 218 33 förevarande
1189 1685 243 33 konventionen
1453 1686 62 32 har
1536 1685 77 34 Sve-

107 1728 87 39 riges
220 1727 156 40 regering
398 1727 92 33 velat
513 1727 179 39 formligen
717 1728 92 32 fästa
833 1727 237 34 konferensens
1095 1728 299 38 uppmärksamhet
1418 1729 44 37 på
1485 1732 51 29 att
1561 1728 52 33 be-

107 1771 68 32 slut
196 1771 12 31 i
231 1771 90 32 detta
344 1775 94 28 ämne
460 1775 57 27 äro
540 1773 50 29 att
612 1771 12 31 i
646 1781 39 21 en
707 1774 81 28 nära
811 1770 141 32 framtid
975 1773 103 29 motse
1102 1771 77 31 från
1203 1770 39 33 de
1266 1770 143 33 svenska
1434 1771 178 32 statsmak-

107 1817 111 29 ternas
244 1813 84 32 sida.
378 1812 71 39 Jag
473 1812 61 32 vill
561 1812 168 32 dessutom
756 1817 83 33 säga
865 1816 50 29 att
942 1817 81 27 även
1050 1824 51 20 om
1130 1812 155 39 Sveriges
1313 1813 156 38 regering
1494 1813 118 32 under-

107 1855 138 33 tecknar
270 1855 60 32 och
357 1854 192 33 ratificerar
575 1855 54 32 det
654 1854 232 38 föreliggande
912 1854 174 39 förslaget,
1114 1855 35 31 så
1173 1854 149 33 kommer
1348 1855 89 32 detta
1463 1854 73 34 icke
1563 1858 51 30 att

106 1897 150 32 medföra
281 1898 107 37 några
412 1896 274 33 modifikationer
711 1897 11 31 i
748 1897 74 32 dess
848 1897 135 37 uppsåt.

147 1979 71 33 Den
242 1981 39 31 21
306 1992 89 20 mars
419 1980 43 38 på
484 1992 27 20 e.
534 1992 43 20 m.
600 1980 83 32 hade
707 1980 38 32 de
769 1980 142 32 svenska
934 1980 159 33 ombuden
1116 1981 12 31 i
1152 1979 129 34 Genéve
1303 1979 137 33 erhållit
1462 1979 149 39 följande

102 2030 218 38 anvisningar
341 2042 60 27 per
420 2030 135 38 telefon,
579 2035 78 27 enär
679 2030 161 32 ombuden
862 2030 119 38 begärt
1001 2030 204 33 instruktion
1228 2030 54 32 till
1304 2029 237 33 konferensens
1563 2030 48 32 ef-

102 2080 456 39 termiddagssammanträde
587 2080 60 32 den
676 2081 39 31 21
744 2092 89 21 mars
861 2080 60 32 och
948 2080 89 33 tiden
1066 2080 117 32 därför
1208 2082 29 38 ej
1266 2080 142 38 medgav
1435 2081 95 32 deras
1559 2080 52 33 be-

103 2131 136 32 fordran
262 2131 140 32 medelst
426 2131 175 38 telegram:

152 2207 35 39 1)
217 2207 66 33 Det
304 2220 42 19 av
369 2207 227 38 delegationen
619 2207 146 38 avgivna
788 2207 199 33 förbehållet
1008 2207 215 33 beträffande
1246 2206 286 39 jordbrukstullar
1555 2208 58 32 bör

106 2250 179 32 vidhållas.

151 2290 36 39 2)
217 2291 125 33 Avslås
368 2290 208 38 förbehållet,
601 2290 59 32 bör
684 2269 184 64 emellertid
895 2290 237 39 delegationen,
1158 2291 73 31 med
1257 2290 208 48 beklagande
1490 2303 42 20 av
1557 2303 55 20 av-

107 2333 118 39 slaget,
249 2333 152 38 begagna
423 2317 154 47 tillfället
601 2333 100 31 redan
724 2345 43 20 nu
791 2332 192 37 framhålla,
1007 2336 50 28 att
1080 2344 50 20 om
1155 2332 142 33 svenska
1322 2333 194 38 regeringen
1540 2332 73 32 icke

106 2376 92 31 desto
222 2375 128 33 mindre
374 2374 108 32 skulle
507 2375 133 37 signera
664 2375 80 32 eller
767 2375 162 31 adhertera
952 2359 52 46 till
1028 2374 241 32 konventionen
1296 2375 212 37 regeringens
1535 2374 76 32 tull-

106 2428 156 27 program
287 2417 43 38 på
353 2416 330 38 jordbruksområdet
708 2417 11 31 i
743 2416 61 32 allt
830 2416 64 31 fall
917 2416 146 32 kommer
1088 2419 49 29 att
1163 2415 181 39 fullföljas.
