1926 2864
526 152 412 32 Konstitutionsutskottets
964 154 159 30 memorial
1149 155 45 28 Nr
1218 158 48 27 26.
1609 155 37 31 19

180 234 66 36 Att
272 234 415 39 Överståthållarämbetet
714 240 67 33 fått
808 241 61 32 den
894 241 265 39 uppfattningen
1186 246 51 28 att
1264 242 68 32 min
1359 242 140 39 uppgift
1524 242 12 32 i
1566 242 76 33 Sve-

140 279 70 40 rige
235 280 45 33 bl.
306 293 30 22 a.
361 294 97 20 avser
484 283 257 39 organiserande
767 295 41 21 av
834 284 202 32 samarbetet
1060 284 122 33 mellan
1208 285 142 46 svenska
1377 285 61 32 och
1463 284 182 49 utländska

138 322 240 34 kommunister
408 323 112 39 (ordet
545 325 281 33 »kommunister»
852 329 136 36 utsäges
1015 326 199 49 visserligen
1240 326 41 39 ej,
1308 338 72 21 men
1407 327 175 38 meningen
1609 332 37 27 är

139 364 230 41 oförtydbar),
391 367 106 32 måste
519 368 52 32 stå
592 368 54 51 för
666 367 160 33 ämbetets
847 379 80 28 egen
950 368 154 39 räkning,
1128 369 41 32 då
1189 370 99 37 ingen
1311 381 69 20 som
1400 369 87 33 helst
1509 369 136 32 bindan-

139 408 38 33 de
203 408 175 40 bevisning
404 409 81 33 eller
511 421 56 21 ens
594 410 105 39 några
725 410 140 33 indicier
891 423 42 20 av
959 411 153 39 vägande
1140 415 53 28 art
1220 411 161 38 åberopas
1408 411 54 32 till
1491 412 74 32 stöd
1592 411 53 33 för

137 451 272 39 uppfattningen.
454 451 71 40 Jag
545 452 107 38 vågar
673 452 183 33 emellertid
875 456 62 35 tro,
960 456 51 30 att
1033 453 106 33 Eders
1162 453 130 39 Kungl.
1314 453 102 38 Maj:t
1437 453 31 39 ej
1492 453 89 33 skall
1601 454 44 38 på

138 493 36 32 så
195 493 158 39 ytterligt
373 494 72 33 lösa
466 494 157 39 grunder,
646 507 68 21 som
735 495 62 32 här
818 495 178 48 föreligga,
1020 501 103 33 pröva
1146 496 138 32 rättvist
1306 496 60 32 och
1389 496 122 39 riktigt
1533 500 51 29 att
1605 507 40 21 ur

138 535 86 33 riket
249 536 155 38 förpassa
428 549 38 20 en
491 548 130 27 person,
647 549 67 21 som
739 538 120 32 vistats
884 537 61 49 här
969 538 12 31 i
1006 543 78 28 över
1109 539 38 31 11
1172 539 44 47 år
1234 538 61 33 och
1321 539 166 32 därunder
1512 538 70 35 fört
1606 551 38 21 en

136 578 177 39 oförvitlig
341 579 131 33 vandel.
523 574 119 62 Skulle
670 579 145 33 beslutet
843 581 43 37 gå
914 581 12 31 i
957 580 106 33 denna
1093 581 53 32 för
1174 581 71 38 mig
1275 581 177 39 ödesdigra
1483 581 160 48 riktning,

137 621 104 32 måste
267 621 55 33 det
346 622 133 47 grunda
504 622 54 39 sig
581 623 54 48 på
648 622 106 33 blotta
779 622 204 33 misstankar
1009 623 60 33 och
1094 623 176 47 ingenting
1295 627 113 29 annat.
1456 623 66 33 Det
1547 623 62 32 har
1633 624 12 32 i

137 663 75 32 hela
237 663 106 33 denna
366 664 60 33 sak
449 664 30 52 ej
503 669 69 28 mot
594 665 70 38 mig
684 664 130 33 kunnat
837 664 171 48 åberopas,
1034 669 50 29 att
1107 665 59 39 jag
1188 665 119 52 verkat
1332 666 54 32 för
1411 666 61 32 den
1495 665 149 49 kommu-

136 705 145 34 nistiska
307 706 101 33 saken
434 707 44 38 på
503 710 103 29 annat
631 710 68 29 sätt
723 711 43 28 än
791 710 50 29 att
864 707 59 39 jag
948 708 91 47 varit
1064 708 145 32 anställd
1237 708 108 32 såsom
1372 707 169 34 arkivarie
1567 708 12 32 i
1606 720 37 21 en

135 747 260 34 kommunistisk
423 749 144 38 tidning,
596 761 38 21 en
662 749 191 48 befattning
882 761 69 22 som
980 750 59 38 jag
1067 746 136 59 lämnat,
1234 751 37 32 så
1300 754 92 29 snart
1421 750 223 38 anmärkning

137 790 113 48 därom
275 790 98 33 blivit
397 791 206 39 framställd,
630 795 86 44 samt
740 796 51 29 att
807 791 65 48 jag
897 796 149 28 översatt
1071 792 106 39 några
1197 776 150 49 artiklar
1365 792 61 49 för
1451 793 105 32 denna
1581 793 63 32 tid-

136 833 90 38 ning,
247 845 38 20 en
306 833 223 39 verksamhet,
550 818 135 48 varmed
705 833 60 39 jag
784 834 29 38 ej
833 834 104 32 heller
957 834 116 39 längre
1094 834 216 39 sysselsätter
1330 835 80 38 mig.

181 882 192 34 Stockholm
399 884 60 33 den
486 886 38 30 17
549 895 89 22 mars
664 885 96 32 1930.

1272 944 253 39 Underdånigst

1181 1003 151 33 Herman
1354 1003 246 33 Hurmevaara.

178 1160 19 32 I
212 1160 18 39 $
246 1161 41 32 36
301 1161 12 31 i
327 1160 97 39 lagen
440 1160 61 33 den
517 1162 18 31 2
550 1161 136 38 augusti
702 1162 83 31 1927
801 1173 51 20 om
866 1161 196 38 utlännings
1079 1165 67 29 rätt
1161 1165 51 29 att
1226 1161 62 32 här
1301 1162 12 31 i
1329 1161 86 33 riket
1430 1162 106 33 vistas
1552 1162 88 33 stad-

134 1222 60 27 gas
212 1210 165 39 följande:

179 1269 94 33 »Där
287 1270 121 32 sådant
423 1282 42 21 av
481 1270 131 39 hänsyn
629 1270 54 32 till
699 1270 104 32 rikets
821 1270 156 33 säkerhet
991 1270 81 33 eller
1088 1270 96 39 eljest
1200 1271 11 32 i
1228 1274 127 30 statens
1371 1271 142 34 intresse
1531 1272 109 32 finnes

133 1320 164 39 påkallat,
315 1321 53 32 må
387 1321 188 38 Konungen
594 1321 158 32 förordna
770 1332 52 21 om
840 1321 175 38 utvisning
1032 1333 43 21 av
1092 1321 188 40 utlänning,
1300 1334 70 20 som
1387 1322 13 32 i
1419 1322 88 33 riket
1523 1323 118 33 vistas.

135 1370 150 39 Uppstår
300 1371 99 38 fråga
416 1383 51 21 om
483 1372 174 38 utvisning
673 1372 87 32 efter
775 1375 40 35 ty
829 1383 45 21 nu
890 1377 37 27 är
943 1375 87 36 sagt,
1048 1372 178 33 förordnar
1241 1373 200 39 Konungen,
1458 1377 51 29 att
1526 1373 126 33 förhör.

131 1421 12 32 i
164 1421 137 34 ärendet
321 1421 88 33 skall
429 1421 110 33 hållas
559 1422 91 32 inför
672 1422 204 38 Konungens
897 1422 376 40 befallningshavande;
1296 1423 60 32 och
1377 1423 109 39 gäller
1505 1424 12 32 i
1539 1424 100 38 fråga

132 1483 51 20 om
199 1471 120 33 sådant
335 1472 115 32 förhör
463 1472 66 32 vad
543 1472 12 32 i
573 1473 39 31 32
631 1472 18 39 8
665 1472 106 38 tredje
787 1472 59 32 och
862 1472 111 38 fjärde
991 1473 161 38 styckena
1167 1478 39 27 är
1221 1473 147 39 stadgat.
1407 1474 73 32 När
1496 1478 142 29 omstän-

132 1521 196 38 digheterna
348 1521 116 33 därtill
484 1521 184 40 föranleda,
688 1523 55 31 må
761 1522 177 39 utlänning
957 1526 99 35 tagas
1076 1523 11 32 i
1108 1523 126 32 förvar.

176 1571 18 32 I
217 1572 101 38 fråga
341 1583 51 21 om
415 1571 259 39 verkställighet
695 1584 43 21 av
759 1572 110 33 beslut
890 1584 52 21 om
964 1573 185 40 utvisning,
1172 1585 115 21 varom
1309 1574 13 32 i
1346 1574 106 33 denna
1474 1575 165 38 paragraf

132 1626 89 35 sägs,
241 1627 81 33 äger
340 1623 188 37 Konungen
548 1622 158 33 förordna
725 1623 88 32 efter
831 1623 343 39 omständigheterna;
1194 1624 84 33 dock
1296 1625 55 32 må
1369 1624 30 39 ej
1418 1625 220 39 utlänningen

131 1672 175 33 befordras
327 1672 53 33 till
401 1672 90 40 land,
510 1678 115 29 varest
643 1673 65 32 han
729 1673 169 34 sannolikt
919 1673 108 33 skulle
1049 1674 143 33 tilltalas
1214 1674 81 33 eller
1315 1675 145 33 straffas
1482 1676 54 32 för
1556 1675 82 39 poli-

131 1722 91 33 tiska
239 1722 121 33 brott.»

174 1773 121 38 Enligt
318 1773 182 34 utskottets
525 1774 133 38 mening
682 1774 97 39 hava,
807 1774 103 33 såvitt
935 1786 43 21 av
996 1775 225 39 tillgängliga
1245 1776 204 38 handlingar
1475 1777 162 39 framgår,

130 1823 126 33 sådana
273 1824 284 39 omständigheter
572 1825 73 32 icke
665 1825 200 39 förebragts,
882 1829 51 29 att
951 1826 39 32 de
1007 1826 174 38 återgivna
1198 1826 293 34 bestämmelserna
1509 1828 130 32 kunnat

129 1886 96 20 anses
240 1874 217 39 tillämpliga.
475 1875 121 38 Enligt
611 1875 18 39 $
646 1877 41 31 36
703 1875 67 32 kan
785 1876 175 39 utvisning
976 1877 119 32 endast
1110 1876 68 40 ske,
1195 1877 62 32 där
1274 1879 91 32 detta
1382 1890 42 20 av
1441 1879 132 38 hänsyn
1584 1879 54 32 till

131 1924 104 33 rikets
252 1925 156 32 säkerhet
425 1925 80 32 eller
523 1925 96 38 eljest
635 1926 11 31 i
664 1929 126 29 statens
807 1927 140 31 intresse
966 1927 111 32 finnes
1094 1927 168 38 påkallat;
1281 1928 105 38 några
1404 1928 92 33 bevis
1516 1929 54 32 för
1587 1932 51 29 att

130 1974 12 32 i
162 1974 219 33 förevarande
401 1975 64 31 fall
484 1976 147 37 angivna
649 1975 76 33 skäl
745 1976 53 32 för
817 1976 355 38 utvisningsåtgärden
1194 1977 165 38 förelegat
1377 1977 44 33 ha
1440 1978 74 33 icke
1535 1979 101 32 fram-

130 2025 101 37 lagts.
248 2024 68 34 Det
333 2025 176 38 återgivna
525 2025 159 39 utdraget
700 2037 42 21 ur
759 2026 54 33 det
830 2026 58 33 hos
907 2026 407 34 överståthållarämbetet
1332 2028 54 32 för
1406 2029 231 38 polisärenden

130 2075 97 32 förda
243 2075 202 38 protokollet
461 2080 38 28 är
516 2076 82 38 föga
614 2076 225 39 upplysande;
858 2089 117 26 genom
993 2077 183 33 detsamma
1194 2078 83 32 har
1257 2071 15 48 i
1290 2078 85 33 intet
1387 2080 162 32 avseende
1559 2080 79 32 åda-

130 2125 145 39 galagts,
293 2129 51 29 att
362 2127 233 32 Hurmevaara
612 2127 12 32 i
644 2126 137 39 Sverige
798 2127 107 33 skulle
923 2128 44 32 ha
983 2128 146 34 bedrivit
1145 2141 39 20 en
1203 2128 104 33 sådan
1325 2129 222 40 verksamhet,
1568 2142 68 22 som

131 2176 110 32 kunde
261 2188 83 21 vara
363 2176 124 39 menlig
508 2177 54 32 för
582 2177 129 33 landets
732 2178 172 32 intressen.
948 2178 104 33 Detta
1074 2191 98 26 synes
1193 2179 102 32 också
1313 2180 148 32 indirekt
1482 2181 87 32 hava
1590 2194 47 20 er-

129 2226 100 32 känts
249 2238 43 20 av
311 2226 413 41 överståthållarämbetet,
747 2228 41 32 då
808 2228 90 32 detta
918 2229 12 31 i
951 2228 60 34 sitt
1029 2228 102 38 jämte
1152 2230 227 37 nyssnämnda
1400 2231 236 38 protokollsut-

132 2276 83 38 drag
232 2276 147 38 avgivna
395 2276 174 33 utlåtande
586 2277 108 39 anför,
712 2281 52 29 att
781 2289 38 21 en
838 2278 82 32 fullt
935 2278 246 38 klarläggande
1199 2280 180 38 utredning
1397 2281 172 38 angående
1586 2293 50 20 ar-

132 2329 53 28 ten
207 2326 60 32 och
289 2326 245 38 omfattningen
558 2338 42 20 av
623 2327 248 32 Hurmevaaras
893 2327 213 33 verksamhet
1129 2329 10 31 i
1163 2329 88 31 riket
1272 2329 73 33 icke
1367 2330 131 32 kunnat
1519 2330 118 33 vinnas

131 2376 60 31 och
206 2379 81 29 utan
302 2380 152 28 närmare
470 2376 200 38 motivering
684 2377 181 39 förklarar,
881 2381 52 28 att
947 2377 145 33 ämbetet
1105 2378 190 38 bibringats
1312 2391 39 20 en
1369 2379 171 33 »bestämd
1556 2392 81 27 upp-

132 2425 183 40 fattning»,
330 2429 51 29 att
396 2426 250 32 Hurmevaaras
662 2427 139 37 uppgift
815 2428 10 31 i
843 2426 137 39 Sverige
996 2431 109 29 avsett
1121 2428 257 38 organiserande
1394 2441 43 20 av
1452 2431 184 32 samarbete
