1932 2848
309 148 39 31 28
701 149 412 30 Konstitutionsutskottets
1139 149 158 29 memorial
1323 150 47 28 Nr
1391 154 49 25 26.

355 235 73 32 Den
446 236 40 30 22
503 246 88 22 mars
607 235 115 39 ingick
738 235 53 32 till
809 235 392 39 utrikesdepartementet
1217 236 148 38 följande
1381 236 215 32 meddelande
1614 236 77 31 från
1709 236 110 32 West-

314 298 91 20 man:

360 344 109 33 Sedan
488 344 110 33 beslut
616 345 122 32 fattats
758 357 50 20 om
829 345 183 38 strykning
1031 357 41 20 av
1092 345 123 33 artikel
1236 347 18 31 6
1274 345 100 38 jämte
1394 346 291 38 undantagslistor
1705 345 117 39 gjorde

313 387 59 39 jag
400 387 134 32 formell
563 387 199 32 hemställan
791 399 51 20 om
871 387 233 32 bibehållande
1133 400 40 20 av
1202 387 145 39 tidigare
1376 388 127 37 begärd
1533 388 202 32 reservation
1767 388 54 32 för

317 428 149 40 Sverige.
509 428 100 33 Efter
627 429 183 32 anförande
829 442 41 20 av
891 429 150 32 Schweiz
1062 429 59 32 och
1140 429 194 38 Tysklands
1355 430 121 31 ombud
1496 430 134 38 avslogs
1653 430 54 32 det
1729 442 92 20 sven-

315 471 60 33 ska
396 471 180 39 yrkandet.
619 471 134 32 Endast
774 470 137 40 Sverige
933 471 61 32 och
1015 471 163 39 Portugal
1201 472 131 32 röstade
1355 472 63 32 för.
1464 471 160 33 Därefter
1645 471 175 39 upplästes

315 513 149 38 följande
487 513 190 39 förklaring
697 514 72 32 med
791 513 147 39 begäran
961 526 51 20 om
1036 514 73 32 dess
1131 513 181 39 intagande
1333 514 11 32 i
1366 513 276 33 kommissionens
1667 518 152 34 rapport:

320 555 92 38 (Här
431 555 107 81 föNer
563 556 36 32 så
624 556 59 32 den
710 567 82 21 ovan
817 568 40 20 ur
883 556 56 32 det
965 555 249 39 stenografiska
1240 555 201 39 protokollet
1467 556 176 37 återgivna
1670 555 151 33 deklara-

315 599 145 32 tionen).

355 673 72 32 Den
446 674 42 30 24
505 684 88 21 mars
610 673 112 32 inkom
739 673 54 32 till
810 673 390 38 utrikesdepartementet
1217 673 148 38 följande
1382 672 214 33 meddelande
1614 673 77 32 från
1710 673 110 32 West-

314 736 91 20 man:

361 782 178 40 Ungerska
561 782 156 33 ombudet
737 782 61 32 har
819 783 11 31 i
854 783 68 38 dag
944 782 131 38 avgivit
1097 782 190 39 förklaring
1310 786 51 28 att
1382 783 43 37 på
1449 782 109 39 grund
1581 795 41 20 av
1646 782 175 38 medgiven

313 825 305 38 uppsägningsrätt
657 837 42 20 av
737 824 168 39 ungerska
944 824 322 39 handelsfördragen
1305 825 74 32 med
1421 824 299 38 Tjeckoslovakien
1762 825 60 32 och

314 864 172 36 Österrike
511 867 66 32 kan
602 867 136 39 Ungern
763 867 73 33 icke
861 866 227 33 underteckna
1114 867 80 32 eller
1220 867 171 32 ratificera
1416 866 255 33 konventionen.
1720 866 102 33 Efter

313 910 133 32 uttalad
470 910 227 37 förhoppning
721 913 51 29 att
794 909 170 39 ungerska
989 909 193 38 regeringen
1208 908 108 33 skulle
1340 909 104 32 ändra
1468 909 223 38 uppfattning
1715 909 106 32 beslöt

315 953 227 31 konferensen
560 953 163 31 fortsätta
742 951 317 38 förhandlingarna.
1090 951 149 38 Spanien
1257 951 61 31 har
1338 951 199 32 förbehållit
1557 951 53 37 sig
1630 952 67 31 full
1717 951 105 32 hand-

316 994 207 39 lingsfrihet.
568 994 103 32 Tiden
694 994 54 32 för
769 993 306 33 undertecknandet
1097 1006 41 19 av
1160 993 241 32 konventionen
1425 998 37 27 är
1485 993 175 32 fastställd
1683 993 54 32 till
1761 994 60 32 den

316 1037 38 31 15
379 1036 99 39 april.

356 1103 18 32 I
394 1103 92 32 detta
505 1103 118 32 ärende
642 1103 70 38 har,
733 1102 105 38 enligt
854 1102 66 32 vad
939 1102 165 34 utskottet
1121 1102 175 38 inhämtat,
1318 1101 293 33 utrikesnämnden
1632 1101 74 33 icke
1718 1102 101 32 hörts

313 1153 113 33 förrän
445 1154 63 31 här
524 1153 140 33 berörda
682 1152 258 39 förhandlingar
960 1153 171 37 slutförts;
1151 1153 161 31 nämnden
1333 1152 302 33 sammankallades
1656 1153 54 32 till
1729 1158 90 27 över-

312 1204 166 38 läggning
497 1215 50 21 om
567 1204 283 32 tullkonferensen
870 1204 11 31 i
902 1203 131 33 Genéve
1053 1203 87 32 först
1161 1204 61 32 den
1242 1205 19 30 4
1279 1203 87 38 april
1386 1204 96 31 1930.

356 1254 250 39 Förhållandet,
629 1257 50 30 att
702 1254 173 32 ministern
898 1254 55 32 för
975 1254 127 32 utrikes
1126 1254 163 32 ärendena
1312 1254 72 32 icke
1406 1254 173 32 hemställt
1601 1266 52 20 om
1676 1254 144 32 utrikes-

314 1305 181 32 nämndens
517 1305 144 32 hörande
684 1305 44 38 på
750 1308 48 28 ett
819 1305 146 37 tidigare
990 1304 144 32 stadium
1158 1317 42 19 av
1223 1304 152 32 ärendets
1398 1304 214 39 behandling,
1637 1304 111 32 finner
1770 1308 51 29 ut-

313 1355 125 33 skottet
461 1355 213 39 synnerligen
698 1355 328 38 anmärkningsvärt.
1071 1355 241 39 Rådplägning
1335 1355 73 32 med
1431 1355 296 33 utrikesnämnden
1752 1356 67 38 bör,

314 1406 138 38 stadgas
470 1407 11 31 i
501 1407 41 31 54
561 1405 18 39 $
598 1406 313 38 regeringsformen,
931 1411 64 33 äga
1014 1418 72 19 rum
1106 1406 32 31 »i
1157 1405 68 33 alla
1244 1405 273 32 utrikesärenden
1538 1418 42 19 av
1600 1409 105 29 större
1725 1406 95 32 vikt»

314 1457 70 32 före
412 1457 216 38 avgörandet.
656 1456 115 39 Syftet
795 1457 74 32 med
894 1456 108 32 denna
1028 1456 230 32 bestämmelse
1289 1455 216 33 utvecklades
1533 1456 160 38 utförligt
1719 1456 11 32 i
1759 1457 61 31 den

317 1507 117 39 kungl.
455 1507 214 39 proposition,
690 1519 40 20 nr
749 1508 63 31 346
832 1507 56 32 vid
911 1508 85 31 1919
1018 1507 54 32 års
1095 1506 149 39 riksdag,
1266 1507 73 32 vari
1361 1506 131 39 förslag
1514 1507 230 32 framställdes
1768 1519 51 20 om

308 1558 311 32 utrikesnämndens
642 1557 200 33 inrättande.
866 1558 18 32 I
906 1557 381 38 departementschefens
1301 1557 242 38 föredragning
1553 1557 57 32 vid
1622 1558 199 38 propositio-

309 1620 78 21 nens
411 1608 180 33 avlåtande
611 1608 152 39 yttrades
786 1608 85 33 bl.a.
885 1608 75 32 med
983 1608 159 32 avseende
1153 1608 19 31 å
1183 1607 177 34 nämnden:
1393 1607 95 32 »Den
1502 1608 122 33 bör...
1637 1608 130 38 årligen
1778 1620 44 21 av

314 1659 180 39 riksdagen
509 1659 177 39 tillsättas;
703 1659 59 33 och
778 1659 29 38 ej
822 1671 65 26 nog
902 1659 74 33 med
992 1662 50 30 att
1059 1659 59 32 den
1136 1659 89 32 skall
1240 1659 112 32 kunna
1369 1659 144 38 fungera
1529 1660 104 31 under
1648 1660 172 38 pågående

315 1709 150 39 riksdag,
473 1710 60 32 bör
546 1710 60 32 den
618 1710 11 31 i
640 1709 328 33 överensstämmelse
981 1709 74 32 med
1067 1709 60 32 sitt
1139 1709 156 32 ändamål
1308 1712 52 29 att
1369 1721 83 21 vara
1464 1709 54 33 till
1530 1709 116 39 hands,
1661 1714 61 28 när
1732 1709 89 33 helst

313 1764 47 29 ett
373 1760 128 38 viktigt
515 1760 285 38 utrikespolitiskt
814 1760 120 32 ärende
949 1759 221 33 förekommer
1184 1760 55 32 till
1253 1760 199 37 avgörande,
1468 1760 114 33 kunna
1597 1760 223 33 sammankal-

313 1811 50 33 las
379 1816 83 27 även
477 1811 106 32 under
598 1811 87 32 tider
701 1811 41 32 då
758 1810 140 39 riksdag
914 1810 29 38 ej
961 1815 38 28 är
1015 1811 137 38 samlad,
1168 1814 82 28 utan
1266 1814 50 29 att
1331 1811 118 32 härför
1465 1811 88 32 skall
1570 1811 171 32 erfordras
1759 1811 60 32 den

313 1862 189 38 vidlyftiga
519 1861 186 39 anordning
721 1862 73 32 med
811 1861 213 39 ”förpuppad”
1043 1861 149 39 riksdag,
1210 1873 67 20 som
1295 1862 104 31 under
1415 1861 229 38 världskriget
1660 1862 90 32 visat
1768 1862 55 37 sig

312 1912 203 38 nödvändig.
553 1912 60 33 Ett
628 1912 246 38 oundgängligt
888 1912 125 32 villkor
1030 1912 53 32 för
1097 1915 51 29 att
1162 1912 181 32 nämndens
1360 1912 181 32 ledamöter
1554 1911 175 39 verkligen
1746 1912 73 32 sko-

311 1963 34 32 la
359 1962 115 33 kunna
491 1962 92 33 bilda
599 1962 53 38 sig
667 1965 48 29 ett
732 1962 147 38 grundat
895 1962 148 32 omdöme
1061 1974 51 20 om
1130 1962 39 32 de
1187 1962 173 39 spörsmål,
1380 1974 68 20 som
1467 1962 194 38 föreläggas
1681 1962 83 39 dem,
1783 1967 38 27 är

312 2013 274 39 uppenbarligen,
608 2016 51 30 att
682 2013 39 33 de
743 2013 127 32 erhålla
892 2013 140 32 tillfälle
1055 2016 50 29 att
1127 2013 114 32 härom
1263 2013 149 32 inhämta
1436 2013 163 38 ingående
1621 2013 199 39 kännedom,

312 2064 117 32 varför
450 2063 56 33 det
525 2064 60 32 bör
605 2063 115 39 åligga
743 2064 196 38 regeringen
960 2068 53 29 att
1031 2064 150 32 meddela
1203 2064 161 32 nämnden
1386 2064 68 32 alla
1476 2064 219 38 tillgängliga
1716 2064 103 32 hand-

312 2114 113 38 lingar
441 2115 61 32 och
519 2114 259 39 upplysningar.
818 2114 73 33 Den
909 2114 161 38 ömtåliga
1088 2114 277 32 beskaffenheten
1383 2127 42 20 av
1443 2119 49 28 ett
1509 2114 79 33 eller
1606 2119 103 28 annat
1727 2120 92 27 ären-

315 2165 37 32 de
369 2165 68 39 bör,
458 2166 107 32 såsom
582 2177 42 20 av
640 2165 196 33 kommittén
853 2166 163 38 betonats,
1035 2165 72 33 icke
1126 2166 36 31 få
1180 2169 119 35 utgöra
1318 2166 181 37 anledning
1516 2166 53 31 till
1589 2166 73 32 dess
1681 2166 139 37 hemlig-

312 2215 156 33 hållande
490 2216 53 32 för
562 2216 174 38 nämnden,
758 2216 42 32 då
822 2216 166 32 förbehåll
1008 2216 11 32 i
1041 2216 103 32 sådan
1167 2216 150 38 riktning
1338 2216 108 32 skulle
1468 2217 220 37 omintetgöra
1711 2216 109 38 syftet

313 2267 73 32 med
404 2266 76 33 hela
498 2267 242 32 institutionen.
781 2267 72 32 Den
873 2267 219 38 fullkomliga
1108 2267 162 38 öppenhet
1287 2267 72 32 med
1378 2267 162 33 avseende
1558 2268 44 37 på
1620 2267 39 32 de
1677 2266 142 32 utrikes-

313 2317 162 38 politiska
501 2317 179 33 ärendenas
707 2317 265 39 handläggning,
999 2329 69 21 som
1095 2317 140 33 sålunda
1262 2318 105 38 enligt
1393 2317 39 32 de
1459 2317 192 38 föreslagna
1678 2317 140 32 bestäm-

312 2367 163 33 melserna
497 2367 138 39 präglar
657 2368 227 32 förhållandet
905 2368 124 32 mellan
1053 2368 153 38 regering
1229 2368 58 32 och
1309 2368 133 38 nämnd,
1465 2372 100 34 utgör
1587 2367 156 33 säkerhet
1766 2368 54 32 för

313 2420 50 30 att
380 2419 44 37 på
444 2418 91 33 detta
554 2418 132 33 område
705 2419 83 32 intet
806 2418 127 38 viktigt
952 2419 188 38 avgörande
1160 2419 128 32 träffas
1307 2423 82 27 utan
1408 2422 52 28 att
1480 2418 197 38 riksdagens
1699 2418 119 32 förtro-
