1938 2848
280 137 38 30 12
672 140 412 31 Konslitutionsutskottets
1110 143 158 29 memorial
1294 144 47 28 Nr
1360 148 47 26 206.

282 236 155 20 mevaara
463 225 43 38 på
533 226 429 39 murarefackföreningens
989 228 184 33 bekostnad
1200 231 194 37 genomgått
1422 244 38 19 en
1488 233 57 30 två
1572 232 138 32 veckors
1736 238 52 27 ut-

282 266 265 39 bildningskurs,
566 268 112 31 vilken
696 268 80 32 kurs
795 270 87 33 varit
901 270 170 32 anordnad
1089 271 11 31 i
1119 272 115 31 staden
1253 272 102 32 Lahti
1375 274 57 31 och
1452 286 68 19 som
1539 278 110 28 avsett
1668 279 50 28 att
1736 276 51 31 be-

283 309 79 31 reda
386 309 197 37 deltagarna
606 310 53 31 till
682 311 127 31 arbetet
831 312 56 31 vid
911 312 204 37 agitationen
1139 313 53 32 för
1216 314 38 31 de
1279 315 186 32 stundande
1489 316 170 32 allmänna
1681 317 109 32 valen.

283 351 191 32 Härutöver
491 351 85 32 hade
595 352 231 33 Hurmevaara
843 354 57 31 vid
919 354 89 32 olika
1026 355 161 32 tillfällen
1206 356 145 32 bevistat
1370 357 127 32 mindre
1516 358 272 38 undervisnings-

282 392 128 38 kurser,
429 393 44 32 bl.
491 405 30 20 a.
539 405 40 20 en
597 394 37 31 år
653 395 81 31 1911
755 407 40 19 av
815 395 127 32 Finska
960 396 368 38 landsorganisationen
1348 399 168 32 anordnad
1536 401 58 30 två
1613 401 177 32 månaders

281 434 82 32 kurs
387 434 52 32 för
461 435 297 33 arbetarrörelsens
782 437 242 33 funktionärer.

327 476 18 31 I
365 476 169 32 december
555 478 83 31 1909
659 478 83 32 hade
763 479 230 32 Hurmevaara
1014 484 123 28 utsetts
1157 481 52 31 till
1229 481 119 32 kassör
1368 483 10 31 i
1400 483 156 37 Nylands
1578 484 72 31 läns
1673 485 115 31 social-

283 518 246 33 demokratiska
553 519 213 33 valdistrikts
792 521 150 37 styrelse.
990 521 191 33 Sommaren
1206 523 105 38 därpå
1335 524 83 33 hade
1442 525 233 32 Hurmevaara
1700 526 89 32 dess-

279 563 91 28 utom
386 560 160 32 erhållit
539 556 17 51 i
562 561 156 39 uppdrag
732 565 51 29 att
798 574 81 20 vara
896 563 203 32 sekreterare
1115 565 55 31 vid
1188 577 125 20 samma
1330 567 239 36 organisation.
1608 568 18 31 I
1643 568 145 32 nämnda

279 602 87 32 båda
385 602 206 39 egenskaper
609 603 83 32 hade
713 604 232 33 Hurmevaara
964 605 149 32 därefter
1131 607 89 31 varit
1237 607 154 32 verksam
1412 609 53 31 till
1486 621 183 20 sommaren
1691 611 95 31 1917.

282 643 116 33 Såsom
420 644 203 32 sekreterare
644 646 55 31 vid
720 647 269 37 organisationen
1010 648 85 31 hade
1116 648 65 32 han
1202 648 77 33 haft
1300 650 53 31 till
1374 651 142 37 uppgift
1537 655 51 28 att
1608 652 103 32 verka
1734 652 54 32 för

280 686 194 37 spridandet
491 686 61 32 och
568 687 213 32 befästandet
799 700 41 20 av
858 689 38 31 de
913 689 98 38 idéer,
1029 690 269 37 organisationen
1317 691 202 34 företrädde.
1561 694 95 31 Hans
1675 694 110 32 arbete

278 728 86 31 hade
384 728 82 31 dock
484 728 270 39 huvudsakligen
774 730 124 32 bestått
917 731 11 30 i
947 732 370 39 expeditionsgöromål,
1338 734 60 31 och
1418 734 65 32 han
1504 735 84 32 hade
1609 747 90 20 mera
1721 736 64 31 säl-

280 770 56 31 lan
355 769 162 39 företagit
536 782 91 20 resor
645 771 11 31 i
675 772 287 38 agitationssyfte.
1004 773 68 32 Vid
1092 774 218 32 valtillfällen
1330 776 84 31 hade
1435 777 83 31 hans
1538 777 140 38 uppgift
1698 778 86 31 varit

279 815 51 28 att
348 812 192 37 organisera
559 813 195 33 valarbetet.
798 813 190 33 Sedermera
1007 815 85 32 hade
1113 816 232 33 Hurmevaara
1365 822 121 28 utsetts
1507 819 54 31 till
1581 819 144 32 ledamot
1745 832 42 19 av

282 854 163 37 styrelsen
468 854 53 31 för
543 854 331 33 arbetarkommunen
895 857 11 30 i
929 857 216 37 Helsingfors
1168 858 59 31 och
1248 859 127 37 jämväl
1397 860 158 32 förestått
1576 861 211 38 arbetarpar-

278 896 78 31 tiets
375 895 109 32 kansli
502 896 185 33 därstädes.

323 935 52 33 Är
398 938 82 31 1912
505 938 85 31 hade
615 938 232 33 Hurmevaara
871 941 41 37 på
936 940 160 32 tillrådan
1120 953 42 20 av
1186 954 38 20 en
1249 942 94 32 finsk
1365 943 115 33 läkare
1503 944 129 38 begivit
1654 945 52 38 sig
1731 946 55 31 till

279 979 141 39 Leipzig
440 980 53 31 för
511 981 192 32 erhållande
722 994 41 19 av
782 982 83 32 vård
886 983 52 31 för
958 984 71 31 sina
1049 989 94 33 ögon,
1163 985 91 32 vilka
1275 986 146 37 alltjämt
1441 987 90 32 varit
1550 988 126 37 dåliga.
1718 988 66 32 Un-

277 1021 59 32 der
356 1021 106 32 denna
482 1022 137 32 vistelse
641 1023 12 31 i
674 1023 140 38 Leipzig
836 1024 83 32 hade
941 1025 232 33 Hurmevaara
1196 1027 73 32 icke
1291 1027 145 34 bedrivit
1456 1030 109 36 någon
1588 1030 197 37 agitations-

275 1064 214 32 verksamhet
508 1065 81 31 eller
611 1067 276 32 sammanträffat
907 1068 73 31 med
1000 1080 157 26 personer
1176 1070 11 31 i
1209 1070 121 31 sådant
1350 1072 102 37 syfte.
1496 1071 118 33 Redan
1637 1072 60 32 den
1719 1085 65 19 om-

276 1106 245 39 ständigheten,
542 1111 51 28 att
612 1108 65 32 han
696 1109 73 32 icke
790 1110 90 31 varil
898 1110 131 38 mäktig
1051 1111 101 38 tyska
1174 1112 146 38 språket,
1343 1114 87 32 hade
1449 1114 131 38 utgjort
1600 1118 47 29 ett
1668 1115 118 32 hinder

276 1149 54 31 för
347 1148 116 32 honom
480 1149 214 33 härutinnan.
734 1152 68 31 Vid
821 1164 124 20 samma
963 1153 59 39 tid,
1043 1165 69 20 som
1131 1154 232 33 Hurmevaara
1382 1157 188 37 uppehållit
1587 1157 53 38 sig
1657 1157 12 32 i
1686 1157 98 39 Leip-

276 1191 65 37 zig,
364 1191 83 32 hade
470 1193 57 31 två
550 1193 104 31 andra
678 1194 114 31 finnar
813 1195 88 32 varit
924 1196 69 38 där,
1018 1196 126 38 jämväl
1168 1197 38 32 de
1228 1198 11 31 i
1262 1198 113 33 avsikt
1398 1203 51 28 att
1473 1199 128 32 erhålla
1623 1200 83 32 vård
1731 1201 55 31 för

274 1233 253 38 ögonsjukdom.

320 1275 53 32 Då
393 1276 13 31 i
424 1288 88 20 mars
535 1277 83 31 1917
642 1277 60 32 den
722 1279 240 33 förutvarande
982 1281 271 37 styrelseformen
1276 1283 11 30 i
1307 1282 172 38 Ryssland
1502 1288 204 34 omstörtats,
1728 1285 56 31 ha-

275 1317 38 32 de
331 1318 248 38 verkningarna
599 1320 104 31 härav
722 1321 91 37 gjort
834 1322 52 37 sig
905 1322 206 33 förnimbara
1132 1329 81 26 även
1233 1325 12 30 i
1266 1324 156 33 Finland.
1466 1326 214 33 Omedelbart
1699 1328 85 31 hade

275 1360 173 33 därstädes
470 1362 89 31 inom
583 1362 157 38 samtliga
762 1364 127 37 partier
910 1365 210 37 uppkommit
1142 1366 180 38 önskemål,
1344 1371 51 29 att
1417 1369 77 31 från
1516 1369 135 32 makten
1673 1370 11 31 i
1706 1370 77 32 Fin-

273 1403 80 31 land
387 1403 163 38 avlägsna
587 1404 98 38 ryskt
706 1406 137 32 sinnade
867 1418 113 26 organ.
1027 1407 17 32 I
1068 1408 91 32 detta
1182 1409 114 31 arbete
1318 1409 85 33 hade
1426 1411 355 38 arbetarorganisatio-

272 1457 102 20 nerna
396 1446 75 37 gått
491 1446 12 31 i
527 1446 144 33 främsta
695 1448 97 32 ledet.
827 1448 255 34 Vederbörande
1104 1451 87 31 inom
1216 1451 217 38 Helsingfors
1457 1453 326 39 stadsfullmäktige,

273 1492 114 28 varest
411 1488 268 33 arbetarklassen
705 1490 157 33 ditintills
886 1491 73 32 icke
982 1492 78 32 haft
1085 1493 107 37 någon
1218 1498 239 35 representant,
1484 1496 85 32 hade
1594 1496 57 32 vid
1678 1497 105 32 denna

272 1530 51 31 tid
340 1530 78 38 hyst
435 1531 91 31 vissa
546 1531 162 38 farhågor
726 1532 140 33 särskilt
882 1534 11 31 i
912 1534 182 38 anledning
1112 1536 112 38 därav,
1244 1540 50 28 att
1313 1537 94 32 såväl
1427 1538 267 38 polisledningen
1712 1551 69 20 som

272 1572 128 37 polisen
420 1573 10 31 i
450 1573 113 38 övrigt
581 1574 12 31 i
614 1574 216 38 Helsingfors
850 1576 53 31 till
922 1580 123 29 största
1065 1577 92 32 delen
1177 1579 90 31 varit
1285 1579 193 39 anhängare
1498 1593 43 19 av
1561 1581 55 32 det
1635 1582 147 32 störtade

271 1615 188 32 tsarväldet
475 1615 11 32 i
506 1615 184 38 Ryssland.
721 1617 54 32 Då
794 1618 98 37 fråga
911 1620 158 37 uppstått
1085 1621 45 37 på
1146 1621 65 31 vad
1230 1624 68 29 sätt
1318 1621 61 32 den
1401 1623 103 37 ryska
1523 1623 129 38 polisen
1671 1624 12 31 i
1702 1624 80 32 Hel-

273 1657 149 37 singfors
447 1658 183 38 lämpligen
655 1659 109 33 skolat
791 1661 190 38 avlägsnas,
1006 1662 86 32 hade
1117 1663 117 31 doktor
1259 1663 44 32 K.
1329 1664 43 32 A.
1399 1664 214 34 Paaloheimo
1637 1667 12 31 i
1675 1667 105 31 stads-

273 1700 218 38 fullmäktige
513 1701 173 32 därstädes
709 1706 69 28 satt
798 1703 53 37 sig
872 1704 11 31 i
906 1704 203 33 förbindelse
1132 1706 72 31 med
1228 1706 233 33 Hurmevaara
1483 1708 20 31 å
1527 1708 120 32 dennes
1669 1708 111 32 kansli

272 1742 60 31 och
357 1742 164 38 framlagt
545 1743 140 38 förslag,
709 1748 50 29 att
784 1745 331 34 arbelarkommunen
1141 1753 205 32 gemensamt
1369 1750 72 31 med
1467 1746 314 47 stadsfullmäktige

272 1784 110 33 skulle
404 1789 72 28 utse
499 1798 37 19 en
560 1785 173 34 kommitté
757 1788 53 31 för
833 1789 222 37 övertagande
1081 1801 41 20 av
1145 1794 157 28 ansvaret
1324 1791 54 32 för
1401 1792 201 38 ordningens
1627 1797 153 34 upprätt-

271 1826 156 33 hållande
446 1828 11 31 i
477 1828 116 32 staden
615 1832 85 29 samt
720 1830 149 32 därefter
888 1834 71 29 utse
980 1831 324 39 ordningsmanskap
1325 1853 44 3 —
1388 1834 89 33 milis
1499 1854 44 3 —
1561 1836 11 31 i
1593 1836 113 32 stället
1727 1837 55 30 för

273 1869 61 32 den
376 1869 191 33 dåvarande
605 1871 102 38 ryska
746 1872 294 38 polispersonalen.
1093 1874 231 32 Hurmevaara
1365 1876 85 32 hade
1489 1877 293 33 vidarebefordrat

270 1910 230 34 Paaloheimos
524 1913 130 38 förslag
675 1914 53 31 till
749 1915 349 35 arbetarkommunens
1120 1917 150 38 styrelse,
1291 1919 150 31 varefter
1463 1919 105 32 denna
1591 1920 60 31 och
1673 1920 106 32 stads-

270 1953 228 39 fullmäktige,
520 1955 44 37 på
586 1959 69 28 sätt
674 1955 213 34 Paaloheimo
909 1958 188 39 föreslagit,
1119 1971 61 20 var
1200 1960 53 31 för
1276 1960 53 37 sig
1351 1964 106 30 utsett
1479 1966 266 34 representanter
1767 1964 12 31 i

270 1996 371 38 ordningskommittén.
688 1999 132 32 Härvid
846 2000 83 32 hade
953 2001 259 38 arbetarpartiet
1238 2002 136 33 erhållit
1397 2004 169 38 majoritet
1592 2005 89 31 inom
1706 2006 72 31 ord-

270 2038 308 40 ningskommittén,
606 2040 100 32 bland
731 2053 77 21 vars
834 2042 180 32 ledamöter
1037 2044 126 37 jämväl
1191 2044 232 34 Hurmevaara
1449 2046 136 39 invalts,
1615 2047 60 32 och
1701 2048 77 31 från

269 2080 106 32 denna
395 2081 161 38 tidpunkt
575 2082 85 33 hade
680 2084 258 38 arbetarpartiet
956 2086 91 32 varit
1067 2086 60 32 den
1148 2087 153 37 verkliga
1324 2088 317 33 maktinnehavaren
1665 2090 13 31 i
1699 2090 78 32 Hel-

268 2123 160 38 singfors.
459 2123 108 33 Sedan
586 2125 354 38 ordningskommittén
959 2132 234 29 sammanträtt
1211 2130 11 30 i
1241 2134 326 32 representanternas
1587 2132 63 31 hus
1668 2132 12 31 i
1698 2132 79 32 Hel-

269 2165 160 38 singfors,
454 2166 85 32 hade
565 2166 194 34 kommittén
787 2169 164 38 enhälligt
975 2170 148 33 beslutat
1149 2171 245 37 avlägsnandet
1420 2186 43 19 av
1490 2173 61 32 den
1579 2174 198 38 ”tsarryska”

267 2207 234 37 polismakten.
545 2208 207 34 Kommittén
771 2211 85 32 hade
875 2212 203 32 omedelbart
1098 2217 68 28 satt
1184 2214 61 31 sitt
1263 2213 109 34 beslut
1394 2216 11 31 i
1424 2215 270 39 verkställighet,
1717 2216 61 32 och

268 2249 44 37 på
338 2249 214 34 kommitténs
579 2253 207 37 uppmaning
812 2253 83 33 hade
923 2255 60 31 den
1010 2256 177 37 tsarryska
1216 2256 265 39 polisledningen
1508 2262 81 28 utan
1617 2262 52 28 att
1696 2264 80 32 göra

267 2291 107 38 några
398 2292 248 40 invändningar
670 2296 127 31 avstått
824 2296 75 32 från
924 2297 116 32 vidare
1065 2298 164 32 utövande
1257 2310 42 20 av
1325 2299 234 38 polismakten.
1610 2300 167 38 Samtliga

268 2332 192 40 ”tsarryskt
487 2336 137 32 sinnade
647 2337 87 32 inom
759 2338 248 38 polisväsendet
1030 2340 85 32 hade
1142 2340 148 33 därefter
1315 2341 207 40 avlägsnats,
1548 2343 150 31 varefter
1723 2343 54 32 för

266 2375 201 39 ordningens
503 2379 299 37 upprätthållande
838 2384 119 29 utsetts
993 2394 38 20 en
1056 2382 163 32 miliskår.
1268 2383 18 31 I
1313 2383 91 33 detta
1430 2385 243 37 sammanhang
1696 2385 79 32 ville

266 2417 232 34 Hurmevaara
520 2421 193 40 frambålla,
731 2426 50 28 att
801 2423 86 31 inom
908 2424 60 31 den
989 2424 103 38 ryska
1114 2424 190 38 poliskåren
1325 2426 84 32 hade
1429 2427 144 38 givetvis
1597 2432 81 27 även
1700 2428 74 31 fun-

265 2459 67 32 nits
354 2459 344 42 befaltningshavare,
720 2465 92 32 vilka
834 2466 87 31 varit
942 2467 226 32 motståndare
1189 2468 52 31 till
1265 2468 196 33 tsarväldet.
1507 2470 69 31 Mot
1601 2469 96 33 dessa
1719 2471 54 31 ha-
