1892 2834
282 177 43 31 54
769 183 230 30 Statsutskottets
1021 185 145 29 utlåtande
1187 186 50 28 Nr
1259 188 28 28 5.

285 259 107 30 ansett
417 257 69 39 mig
510 259 112 32 kunna
647 260 106 33 räkna
778 262 73 32 med
877 263 50 31 att
952 263 393 38 utspisningskostnaden
1371 265 85 32 skall
1482 267 104 32 under
1612 267 163 32 nästkom-

285 308 116 32 mande
424 308 164 39 budgetår
612 322 79 21 vara
714 311 154 39 omkring
893 313 42 31 2.5
958 318 53 27 öre
1035 313 91 39 lägre
1150 319 40 27 än
1214 315 36 31 år
1276 315 94 33 1929.
1406 315 101 33 Detta
1532 319 183 30 motsvarar
1739 329 38 20 en

283 357 351 42 kostnadsminskning
655 361 52 32 för
729 361 291 39 sinnessjukhusen
1041 366 43 36 på
1106 365 152 39 omkring
1281 367 139 36 130,000
1441 367 129 34 kronor.
1604 367 174 33 Liknande

282 408 248 37 prisreduktion
549 411 50 31 lär
616 411 114 33 kunna
750 412 161 33 beräknas
931 419 83 27 även
1033 415 212 33 beträffande
1265 428 39 20 en
1324 418 52 31 del
1397 418 102 32 andra
1519 418 11 31 i
1551 418 225 33 omkostnads-

283 460 107 31 staten
408 459 163 38 ingående
590 464 118 35 poster.
740 462 66 33 Det
826 475 96 26 synes
943 464 69 38 mig
1031 465 114 32 därför
1164 465 181 39 berättigat
1366 469 49 30 att
1435 473 82 27 även
1537 468 11 31 i
1569 468 208 34 förhållande

282 507 55 33 till
359 509 61 32 den
441 510 151 33 faktiska
611 512 184 33 kostnaden
815 514 103 32 under
939 515 36 31 år
999 515 82 32 1928
1102 536 44 5 —
1166 516 76 33 från
1263 517 112 33 vilken
1394 518 57 38 jag
1471 519 11 31 i
1504 519 54 32 det
1580 519 197 39 föregående

285 559 110 37 utgått
412 580 44 4 —
472 572 42 20 av
531 573 45 20 nu
594 562 144 38 angivna
757 564 72 32 skäl
849 565 101 32 räkna
969 566 74 33 med
1062 578 39 20 en
1118 567 229 39 sammanlagd
1366 568 352 41 kostnadsminskning
1736 582 41 20 av

282 609 152 39 omkring
459 611 139 38 150,000
622 612 130 33 kronor.

336 659 111 33 Såsom
471 672 39 21 en
534 662 142 33 särskild
701 666 75 36 post
798 664 12 32 i
832 665 320 34 omkostnadsstaten
1174 668 61 31 har
1257 668 341 40 medicinalstyrelsen
1621 671 157 38 upptagit

279 710 123 32 statens
423 710 147 38 avgifter
590 712 52 32 för
661 714 124 32 vården
805 715 18 31 å
843 715 60 31 den
922 727 66 26 nya
1007 717 227 37 psykiatriska
1255 718 149 33 kliniken
1422 722 12 30 i
1453 719 108 39 Lund,
1576 721 117 32 därvid
1707 724 69 35 sty-

278 759 105 32 relsen
418 761 121 32 räknat
572 762 72 32 med
682 765 50 30 att
757 763 104 39 enligt
885 765 38 32 de
949 766 248 38 avtalsmässigt
1221 767 193 34 fastställda
1438 770 190 37 grunderna
1652 773 124 30 statens

278 809 204 39 driftbidrag
502 811 87 32 skall
610 812 132 33 komma
764 816 50 30 att
834 815 102 32 under
956 818 94 30 nästa
1071 816 163 38 budgetår
1255 819 113 37 uppgå
1388 819 53 31 till
1462 819 154 39 omkring
1638 821 138 37 180,000

276 858 129 35 kronor.
440 860 52 33 Då
516 862 105 32 denna
645 862 103 35 siffra
772 869 37 27 är
829 864 159 33 beroende
1010 877 41 20 av
1074 867 164 32 storleken
1261 879 41 20 av
1325 869 39 31 de
1388 868 150 33 faktiska
1559 870 216 33 vårdkostna-

281 909 99 33 derna
399 910 55 33 vid
476 912 55 32 det
550 912 149 38 sjukhus,
719 914 55 32 till
793 914 103 33 vilket
915 915 149 33 kliniken
1086 921 36 27 är
1141 917 154 38 anslutet,
1317 929 98 27 synes
1434 920 123 37 jämväl
1578 921 105 32 denna
1701 923 75 36 post

278 959 112 33 kunna
410 962 72 32 med
502 962 129 38 hänsyn
648 963 54 32 till
723 964 62 32 den
803 965 141 32 väntade
962 965 278 39 prissänkningen
1259 968 102 38 något
1379 970 179 38 nedsättas,
1578 970 196 39 förslagsvis

278 1010 73 32 med
377 1011 117 36 20,000
518 1012 129 33 kronor.

330 1059 74 33 Vad
442 1061 147 33 härefter
626 1062 168 34 beträffar
832 1065 224 34 inkomsterna
1081 1067 60 32 har
1167 1067 342 40 medicinalstyrelsen
1533 1070 161 34 beräknat
1721 1072 52 32 de-

274 1120 124 22 samma
426 1110 53 32 till
510 1112 192 38 11,850,000
728 1113 131 39 kronor,
887 1115 116 33 därvid
1031 1117 162 37 styrelsen
1220 1119 114 37 utgått
1360 1119 74 32 från
1462 1122 49 30 att
1539 1121 235 38 vårdavgiften

274 1159 108 33 skulle
401 1160 11 31 i
434 1161 208 34 förhållande
661 1163 54 32 till
736 1176 45 19 nu
802 1165 153 37 gällande
975 1165 119 40 belopp
1114 1168 169 32 nedsättas
1305 1170 73 31 med
1402 1171 40 31 10
1462 1174 54 29 öre
1535 1182 58 26 per
1613 1172 160 38 vårddag.

274 1208 53 33 Då
344 1209 185 40 tillräcklig
545 1212 178 38 anledning
740 1213 54 32 till
813 1214 139 38 ändring
969 1227 41 19 av
1027 1216 245 40 vårdavgiften,
1291 1218 111 33 vilken
1420 1219 206 33 fastställdes
1642 1221 54 32 till
1715 1233 57 20 nu-

273 1261 144 32 varande
438 1261 118 39 belopp
579 1263 35 31 så
635 1266 72 29 sent
729 1275 69 20 som
820 1265 98 31 våren
942 1265 93 39 1929,
1059 1265 71 33 icke
1151 1278 98 26 synes
1273 1267 69 39 mig
1363 1268 174 39 föreligga,
1559 1270 60 32 har
1639 1271 58 38 jag
1718 1283 54 20 an-

273 1313 64 31 sett
358 1310 260 40 inkomstposten
639 1313 113 32 kunna
776 1314 78 32 ökas
877 1316 71 31 med
971 1318 46 29 ett
1038 1316 128 38 belopp,
1190 1319 231 32 motsvarande
1442 1319 188 34 skillnaden
1651 1322 122 32 mellan

272 1361 63 32 den
358 1373 44 20 nu
424 1363 157 37 gällande
604 1364 59 31 och
687 1364 62 32 den
774 1376 41 20 av
837 1365 339 39 medicinalstyrelsen
1198 1367 202 39 ifrågasatta
1423 1370 246 41 vårdavgiften,
1693 1373 79 32 eller

272 1411 53 32 för
345 1412 68 32 helt
432 1413 37 31 år
490 1413 139 37 235,000
647 1414 132 32 kronor.

330 1461 125 34 Vidare
480 1468 37 27 är
543 1466 49 30 att
617 1464 125 38 märka,
771 1466 50 31 att
846 1475 38 21 en
911 1465 253 40 omständighet,
1192 1469 73 32 med
1292 1469 113 32 vilken
1430 1466 340 49 medicinalstyrelsen

274 1511 72 33 icke
368 1512 75 33 haft
465 1514 180 38 anledning
666 1515 115 38 räkna,
805 1516 92 32 torde
919 1516 80 32 böra
1023 1517 171 33 föranleda
1216 1518 141 39 höjning
1378 1531 41 21 av
1440 1524 115 34 posten
1580 1522 52 32 för
1655 1524 115 37 övriga

273 1562 180 34 kostnader
484 1564 53 32 för
568 1564 309 39 sinnessjukhusens
908 1567 185 33 underhåll.
1137 1568 19 31 I
1187 1569 228 39 huvudsaklig
1447 1575 322 31 överensstämmelse

272 1614 74 31 med
365 1625 41 20 av
424 1615 323 36 generaldirektören
769 1616 190 39 Stridsberg
977 1617 13 32 i
1009 1617 82 33 hans
1111 1618 209 34 betänkande
1340 1622 167 36 angående
1527 1623 242 39 planläggning

272 1674 42 20 av
336 1663 212 38 tjänsteresor
569 1677 40 20 m.
633 1677 40 21 m.
699 1666 161 38 framlagt
881 1667 127 39 förslag
1027 1669 94 32 torde
1142 1669 168 38 nämligen
1332 1671 76 32 från
1431 1674 142 31 nämnda
1593 1678 75 33 post
1689 1674 79 33 böra

271 1712 163 34 bestridas
459 1715 157 38 samtliga
641 1715 145 38 utgifter
812 1717 52 32 för
889 1717 242 34 resekostnads-
1159 1720 59 31 och
1245 1721 443 41 traktamentsersättningar
1714 1725 52 32 till

271 1763 332 39 befattningshavare
627 1766 55 33 vid
709 1768 125 31 statens
860 1767 261 38 sinnessjukhus.
1159 1769 121 33 Posten
1306 1772 93 32 torde
1424 1772 12 32 i
1461 1773 180 40 anledning
1664 1775 103 32 härav

271 1813 80 33 böra
372 1815 78 32 ökas
473 1816 73 32 med
570 1816 151 38 omkring
744 1817 118 37 30,000
884 1818 121 32 kronor
1027 1819 88 38 eller,
1137 1832 51 20 om
1211 1833 75 20 man
1310 1822 112 33 tillika
1444 1824 121 32 räknar
1587 1827 73 32 med
1684 1838 82 20 rese-

270 1858 222 40 kostnaderna
509 1866 54 32 för
581 1867 61 32 den
659 1869 226 36 nyssnämnda
902 1869 353 40 hjälpverksamheten,
1276 1873 73 32 med
1368 1873 11 31 i
1398 1875 165 32 avrundat
1581 1877 47 31 tal
1649 1878 118 37 50,000

269 1914 130 34 kronor.

325 1964 118 40 Enligt
462 1967 96 32 dessa
573 1968 156 38 kalkyler
747 1968 108 33 skulle
875 1969 51 32 för
943 1973 95 29 nästa
1055 1971 163 38 budgetår
1236 1984 81 21 vara
1335 1976 49 30 att
1402 1975 105 32 räkna
1524 1977 73 32 med
1617 1978 149 37 följande

270 2015 151 39 utgifter,
451 2017 167 38 nämligen
647 2017 53 33 för
729 2019 196 38 avlöningar
952 2020 53 33 till
1036 2021 165 33 ordinarie
1230 2023 330 39 befattningshavare
1592 2028 172 38 3,400,000

268 2065 130 39 kronor,
425 2066 54 32 för
503 2067 388 40 vikariatsersättningar
919 2067 357 44 (820,000
1099 2061 21 55 —
1140 2067 136 44 20,000)
1306 2074 140 38 800,000
1472 2077 130 39 kronor,
1630 2078 52 32 för
1709 2090 55 20 av-

268 2115 153 39 löningar
445 2117 54 32 till
524 2117 253 34 icke-ordinarie
801 2119 329 39 befattningshavare
1157 2123 173 38 2,550,000
1355 2125 129 39 kronor,
1512 2127 53 32 för
1590 2128 173 33 driftkost-

267 2166 271 39 nadsersättning
561 2168 53 32 till
639 2168 230 38 psykiatriska
894 2170 150 33 kliniken
1070 2172 12 31 i
1107 2172 97 33 Lund
1235 2171 156 41 (180,000
1415 2162 23 58 —
1461 2175 132 41 20,000)
1624 2180 139 37 160,000

266 2215 122 33 kronor
407 2218 59 31 och
488 2217 53 32 för
561 2218 114 38 övriga
694 2219 180 33 kostnader
894 2221 52 31 för
966 2221 310 38 sinnessjukhusens
1298 2225 174 33 underhåll
1498 2225 209 41 (10,500,000
1734 2249 30 4 —

269 2266 196 36 200,000
436 2262 22 57 —
480 2268 138 37 150,000
634 2267 36 37 +
687 2266 134 41 50,000)
869 2272 192 37 10,200,000
1102 2273 121 32 kronor
1264 2275 80 31 eller
1383 2276 143 39 tillhopa
1568 2280 194 37 22,110,000

265 2315 130 34 kronor.
428 2317 231 34 Inkomsterna
678 2319 109 33 skulle
807 2321 70 31 åter
896 2321 113 33 kunna
1028 2323 198 38 uppskattas
1246 2324 54 32 till
1325 2324 210 41 (11,850,000
1551 2327 36 37 +
1605 2326 154 41 235,000)

268 2366 194 37 12,085,000
486 2368 130 33 kronor.

321 2416 163 39 Anslaget
507 2418 108 33 skulle
637 2419 85 33 efter
745 2420 106 33 denna
872 2420 184 41 beräkning
1079 2422 125 33 behöva
1226 2427 166 37 upptagas
1415 2428 53 31 till
1496 2425 209 42 (22,110,000
1731 2450 30 4 —

268 2464 209 42 12,085,000)
504 2469 193 38 10,025,000
719 2469 122 34 kronor
864 2470 78 34 eller
965 2476 153 30 avsevärt
1140 2474 91 41 lägre
1255 2475 119 42 belopp
1398 2482 41 28 än
1463 2478 53 33 för
1538 2478 222 35 innevarande
