1890 2836
291 191 39 31 52
793 191 227 28 Statsutskottets
1043 188 147 30 utlåtande
1212 188 48 29 Nr
1282 190 28 27 5.

296 269 128 39 förslag
440 269 52 33 till
508 269 185 38 beräkning
710 280 39 21 av
766 269 39 32 de
821 268 89 33 olika
926 270 153 37 posterna
1095 268 88 31 inom
1201 269 107 30 staten
1325 265 52 32 för
1396 267 123 30 statens
1537 264 252 38 sinnessjukhus

296 319 52 33 för
367 323 95 29 nästa
479 320 172 38 budgetår.

348 370 76 32 Vad
447 371 41 31 då
509 370 84 32 först
615 370 103 36 angår
739 369 281 38 avlöningsstaten
1040 369 61 31 har
1122 367 163 39 styrelsen
1304 366 213 33 beträffande
1540 366 249 37 anslagsposten

294 419 52 33 till
370 420 194 37 avlöningar
588 420 53 32 till
665 420 164 31 ordinarie
855 418 328 38 befattningshavare
1206 438 45 4 —
1273 429 45 20 nu
1343 419 168 36 upptagen
1536 416 53 32 till
1616 417 172 36 8,125,000

293 470 123 32 kronor
431 491 44 3 —
493 470 181 37 föreslagit,
693 473 48 29 att
760 471 187 31 densamma
966 470 68 31 dels
1051 469 44 38 på
1111 469 108 37 grund
1239 480 39 19 av
1299 468 62 32 den
1379 467 149 38 stegring
1545 479 41 19 av
1604 466 183 38 utgifterna

295 520 51 32 för
365 520 165 38 avlöning,
551 532 68 20 som
640 520 174 31 föranletts
834 531 41 20 av
897 519 81 32 1929
999 519 58 32 och
1080 519 84 32 1930
1184 519 52 31 års
1256 518 192 37 riksdagars
1467 517 109 32 beslut
1595 529 51 19 om
1666 516 123 37 ökning

295 581 40 21 av
356 571 125 31 antalet
502 570 163 32 ordinarie
686 570 228 37 befattningar
935 570 56 32 vid
1013 571 125 30 statens
1160 568 261 37 sinnessjukhus,
1445 568 69 32 dels
1535 568 59 31 ock
1616 568 73 31 med
1710 567 78 31 hän-

294 632 63 26 syn
372 620 53 32 till
442 621 178 37 styrelsens
637 632 44 20 nu
697 620 189 37 framlagda
901 620 126 37 förslag
1042 619 12 32 i
1070 619 160 32 avseende
1245 619 19 31 å
1281 619 39 32 de
1336 618 164 32 ordinarie
1515 617 274 38 befattningarna

294 670 171 32 därstädes
486 671 101 31 måtte
608 671 93 37 höjas
722 670 53 32 till
798 670 172 38 8,400,000
991 670 130 31 kronor.

349 721 264 38 Anslagsposten
629 721 53 31 till
701 721 387 36 vikariatsersättningar
1102 741 44 2 —
1162 720 52 31 för
1229 720 207 32 närvarande
1454 720 139 37 720,000
1610 719 121 32 kronor
1747 739 44 3 —

292 770 60 32 har
367 772 74 31 med
455 771 129 38 hänsyn
599 771 54 32 till
668 771 228 37 belastningen
911 772 18 30 å
943 772 115 37 posten
1072 770 53 32 för
1137 770 199 38 budgetåret
1350 767 183 40 1929/1930
1546 781 40 20 av
1600 769 188 32 medicinal-

292 821 164 37 styrelsen
478 821 190 37 föreslagits
689 821 78 37 höjd
789 821 53 31 till
866 821 140 37 820,000
1026 821 131 31 kronor.

347 871 220 32 Beträffande
584 874 116 35 posten
716 871 53 32 till
787 872 195 37 avlöningar
1000 872 51 31 till
1068 871 254 32 icke-ordinarie
1342 870 327 38 befattningshavare
1685 891 44 4 —
1745 881 44 19 nu

294 921 173 38 2.320,000
487 922 120 31 kronor
624 942 45 3 —
688 922 60 31 har
768 921 339 38 medicinalstyrelsen
1128 921 189 38 ifrågasatt,
1338 923 50 30 att
1408 922 189 31 densamma
1617 922 43 38 på
1680 921 109 38 grund

293 983 41 20 av
350 972 229 38 belastningen
597 973 104 31 under
718 972 282 38 budgetperioden
1019 968 185 37 1929/1930
1222 972 59 31 och
1298 972 53 32 till
1371 972 84 37 följd
1474 984 41 20 av
1532 972 79 32 ökat
1627 972 90 32 antal
1736 972 52 31 be-

292 1021 289 38 fattningshavare
607 1023 102 31 måtte
732 1022 93 37 höjas
850 1022 52 31 till
930 1022 172 37 2,550,000
1127 1021 129 32 kronor.

346 1071 266 34 Vidkommande
635 1072 147 32 härefter
806 1073 324 31 omkostnadsstaten
1152 1073 61 31 har
1239 1072 341 38 medicinalstyrelsen
1606 1071 181 38 föreslagit,

292 1124 49 30 att
362 1123 164 32 därunder
546 1124 101 31 måtte
667 1123 76 31 från
762 1123 59 32 och
842 1124 73 31 med
936 1125 94 30 nästa
1049 1123 165 37 budgetår
1233 1125 166 36 upptagas
1419 1135 38 20 en
1477 1123 143 32 särskild
1642 1123 146 37 anslags-

293 1175 74 36 post
394 1174 74 31 med
496 1173 156 32 rubriken
680 1173 431 38 driftkostnadsersättning
1138 1173 54 38 för
1219 1173 230 39 psykiatriska
1477 1174 149 31 kliniken
1652 1176 12 29 i
1691 1174 98 31 Lund

291 1225 86 30 samt
402 1226 49 29 att
474 1224 104 31 denna
602 1226 74 35 post
700 1224 101 31 måtte
823 1224 53 30 för
897 1223 199 38 budgetåret
1122 1221 183 36 1931/1932
1331 1224 196 37 förslagsvis
1549 1223 163 33 beräknas
1736 1223 51 32 till

292 1273 142 38 180,000
452 1274 128 32 kronor.
614 1274 18 31 I
652 1274 97 37 fråga
768 1285 51 20 om
840 1274 65 32 vad
926 1274 164 37 styrelsen
1109 1278 149 29 närmare
1279 1274 112 32 anfört
1412 1275 137 31 rörande
1570 1274 217 37 erforderliga

292 1324 106 31 medel
419 1323 52 32 för
491 1325 89 31 detta
601 1324 164 38 ändamål,
784 1323 128 32 tillåter
931 1324 53 37 sig
1002 1324 163 31 utskottet
1184 1324 139 32 hänvisa
1342 1324 53 32 till
1416 1324 60 33 sid.
1499 1325 61 32 257
1581 1325 11 31 i
1612 1325 175 31 statsråds-

290 1373 210 38 protokollet.

346 1424 77 33 Med
441 1425 157 32 avseende
615 1426 19 31 å
651 1425 62 32 den
729 1425 191 32 nuvarande
936 1425 250 38 anslagsposten
1201 1425 53 32 till
1271 1427 116 36 övriga
1404 1425 176 32 kostnader
1595 1426 54 38 för
1665 1428 122 30 sinnes-

291 1474 200 38 sjukhusens
511 1475 185 37 underhåll,
717 1475 112 31 vilken
850 1475 100 32 alltså
971 1475 103 38 enligt
1096 1476 163 37 styrelsen
1279 1475 71 32 icke
1372 1476 107 32 skulle
1500 1476 144 32 omfatta
1665 1478 123 30 statens

290 1524 179 33 kostnader
489 1525 52 31 för
561 1525 125 32 driften
707 1536 41 20 av
767 1525 218 32 omförmälda
1005 1525 230 39 psykiatriska
1254 1525 118 38 klinik,
1393 1526 61 32 har
1471 1527 164 37 styrelsen
1655 1527 131 36 uttalat,

292 1576 49 30 att
381 1576 73 31 med
494 1587 123 20 samma
656 1575 247 33 medelkostnad
943 1587 57 27 per
1039 1575 137 39 patient,
1207 1588 67 20 som
1303 1577 177 32 beräknats
1511 1577 52 31 för
1590 1577 198 38 budgetåret

293 1621 196 41 1929/1930,
508 1625 107 32 skulle
634 1625 185 38 utgifterna
839 1625 52 32 för
911 1626 124 32 driften
1054 1638 41 20 av
1114 1629 124 29 statens
1257 1627 251 37 sinnessjukhus
1528 1628 105 32 under
1649 1627 138 38 budget-

291 1675 70 32 året
384 1672 183 36 1931/1932
587 1676 113 31 kunna
720 1676 161 32 beräknas
900 1676 130 32 komma
1050 1679 50 30 att
1120 1678 112 37 uppgå
1252 1677 53 32 till
1326 1680 47 29 ett
1392 1678 117 38 belopp
1531 1690 41 20 av
1595 1678 192 38 10,476,796

290 1723 121 33 kronor
435 1726 39 31 95
497 1731 52 26 öre
572 1726 79 31 eller
672 1726 11 31 i
706 1727 164 32 avrundat
892 1727 47 31 tal
962 1728 196 37 10,475,000
1179 1728 129 32 kronor.
1343 1728 195 32 Emellertid
1561 1728 100 33 borde
1685 1728 102 37 enligt

290 1774 342 39 medicinalstyrelsen
652 1775 113 33 vidare
785 1776 131 39 hänsyn
935 1779 95 35 tagas
1051 1777 53 32 till
1126 1780 49 29 att
1196 1778 286 38 sinnessjuklagen
1504 1780 62 31 den
1590 1779 38 31 19
1651 1781 136 36 septem-

291 1824 56 32 ber
376 1826 82 31 1929
484 1826 58 31 och
568 1826 126 37 Kungl.
721 1826 116 39 Maj:ts
863 1828 118 36 stadga
1006 1839 125 21 samma
1156 1829 65 37 dag
1246 1829 168 36 angående
1439 1829 313 38 sinnessjukvården
1779 1829 7 30 i

291 1875 97 38 riket,
407 1887 68 20 som
495 1876 116 32 trädde
629 1877 12 31 i
659 1877 94 31 kraft
770 1877 62 32 den
854 1879 14 29 1
889 1878 131 37 januari
1042 1879 81 31 1931
1146 1879 59 31 och
1224 1879 125 31 således
1369 1879 107 32 skulle
1495 1880 169 38 tillämpas
1684 1881 103 31 under

291 1926 145 31 nämnda
454 1926 172 38 budgetår,
645 1927 128 32 komme
792 1930 49 28 att
859 1928 12 31 i
891 1928 89 32 vissa
997 1929 193 38 avseenden,
1211 1941 67 20 som
1297 1934 149 27 närmare
1466 1931 144 36 angåves
1629 1931 12 31 i
1660 1931 126 37 Kungl.

291 1974 118 38 Maj:ts
429 1976 203 38 proposition
654 1977 62 32 den
737 1978 18 30 8
777 1977 149 32 februari
948 1978 92 38 1929,
1063 1990 38 20 nr
1123 1980 50 36 89,
1195 1980 169 37 angående
1384 1980 87 32 vissa
1492 1981 73 31 med
1588 1981 127 38 förslag
1734 1981 52 31 till

291 2024 247 40 sinnessjuklag
560 2039 41 20 m.
626 2039 41 20 m.
692 2027 322 38 sammanhängande
1037 2029 125 38 frågor,
1188 2029 148 32 medföra
1360 2030 124 38 ökning
1508 2043 40 19 av
1573 2032 39 31 de
1635 2031 151 37 utgifter,

290 2086 68 21 som
380 2076 108 32 skulle
506 2076 163 33 bestridas
690 2089 40 20 av
751 2077 216 34 förevarande
985 2079 126 38 anslag.
1143 2079 155 33 Nämnda
1317 2080 123 39 ökning
1460 2081 59 31 har
1539 2082 247 37 medicinalsty-

291 2125 106 32 relsen
415 2126 196 38 uppskattat
630 2126 52 32 till
703 2128 219 38 sammanlagt
942 2129 116 37 32,740
1077 2129 130 33 kronor.

345 2175 119 38 Enligt
485 2176 356 39 medicinalstyrelsens
862 2178 221 39 beräkningar
1105 2180 108 32 skulle
1233 2181 99 32 alltså
1352 2183 114 36 posten
1487 2182 54 32 till
1563 2183 116 38 övriga
1699 2183 87 31 kost-

290 2225 102 31 nader
429 2225 52 32 för
517 2226 309 38 sinnessjukhusens
852 2228 174 33 underhåll
1051 2228 113 34 kunna
1192 2230 52 32 för
1268 2230 197 38 budgetåret
1493 2229 184 36 1931/1932
1705 2243 81 26 upp-

291 2274 129 33 skattas
448 2275 53 32 till
532 2273 210 41 (10,475,000
774 2276 35 37 +
843 2275 132 41 32,740)
1008 2280 194 37 10,507,740
1230 2281 121 32 kronor
1379 2282 87 38 eller,
1496 2283 11 31 i
1535 2283 166 32 avrundat
1728 2283 57 37 tal,

291 2324 197 38 10,500,000
509 2325 129 33 kronor.

344 2373 155 34 Rörande
517 2376 158 38 slutligen
692 2377 225 33 inkomsterna
933 2390 41 20 av
992 2379 126 33 driften
1134 2380 57 32 vid
1209 2380 292 39 sinnessjukhusen
1520 2383 52 31 för
1589 2378 198 46 budgetåret

292 2420 185 37 1931/1932
498 2425 60 32 har
578 2426 341 39 medicinalstyrelsen
939 2429 197 39 uppskattat
1156 2431 167 33 desamma
1343 2432 53 32 till
1417 2435 46 30 ett
1482 2433 166 32 avrundat
1667 2432 118 39 belopp

289 2482 41 21 av
358 2473 194 40 11,850,000
578 2476 130 33 kronor.
747 2477 170 38 Styrelsen
941 2479 61 32 har
1028 2480 117 33 därvid
1171 2482 112 36 utgått
1308 2482 76 32 från
1410 2483 293 32 medelinkomsten
1728 2495 58 28 per
