<?xml version="1.0" encoding="UTF-8"?>
<alto xmlns="http://www.loc.gov/standards/alto/ns-v3#" xmlns:xlink="http://www.w3.org/1999/xlink" xmlns:xsi="http://www.w3.org/2001/XMLSchema-instance" xsi:schemaLocation="http://www.loc.gov/standards/alto/ns-v3# http://www.loc.gov/alto/v3/alto-3-0.xsd">
	<Description>
		<MeasurementUnit>pixel</MeasurementUnit>
		<sourceImageInformation>
			<fileName>/tmp/tess_91ln2pzr_input.PNG</fileName>
		</sourceImageInformation>
		<OCRProcessing ID="OCR_0">
			<ocrProcessingStep>
				<processingSoftware>
					<softwareName>tesseract 5.3.0</softwareName>
				</processingSoftware>
			</ocrProcessingStep>
		</OCRProcessing>
	</Description>
	<Layout>
		<Page WIDTH="2194" HEIGHT="2672" PHYSICAL_IMG_NR="0" ID="page_0">
			<PrintSpace HPOS="0" VPOS="0" WIDTH="2194" HEIGHT="2672">
				<ComposedBlock ID="cblock_0" HPOS="745" VPOS="153" WIDTH="1037" HEIGHT="44">
					<TextBlock ID="block_0" HPOS="745" VPOS="153" WIDTH="1037" HEIGHT="44">
						<TextLine ID="line_0" HPOS="745" VPOS="153" WIDTH="1037" HEIGHT="44">
							<String ID="string_0" HPOS="745" VPOS="153" WIDTH="234" HEIGHT="43" WC="0.88" CONTENT="Lagutskottets"/><SP WIDTH="29" VPOS="153" HPOS="979"/>
							<String ID="string_1" HPOS="1008" VPOS="156" WIDTH="169" HEIGHT="33" WC="0.96" CONTENT="Utlåtande"/><SP WIDTH="22" VPOS="156" HPOS="1177"/>
							<String ID="string_2" HPOS="1199" VPOS="158" WIDTH="52" HEIGHT="31" WC="0.96" CONTENT="Nr"/><SP WIDTH="23" VPOS="158" HPOS="1251"/>
							<String ID="string_3" HPOS="1274" VPOS="159" WIDTH="50" HEIGHT="31" WC="0.96" CONTENT="47."/><SP WIDTH="443" VPOS="159" HPOS="1324"/>
							<String ID="string_4" HPOS="1767" VPOS="165" WIDTH="15" HEIGHT="32" WC="0.95" CONTENT="1"/>
						</TextLine>
					</TextBlock>
				</ComposedBlock>
				<ComposedBlock ID="cblock_1" HPOS="638" VPOS="672" WIDTH="1103" HEIGHT="202">
					<TextBlock ID="block_1" HPOS="638" VPOS="672" WIDTH="1103" HEIGHT="202">
						<TextLine ID="line_1" HPOS="959" VPOS="672" WIDTH="144" HEIGHT="41">
							<String ID="string_5" HPOS="959" VPOS="672" WIDTH="58" HEIGHT="40" WC="0.95" CONTENT="Nr"/><SP WIDTH="28" VPOS="672" HPOS="1017"/>
							<String ID="string_6" HPOS="1045" VPOS="673" WIDTH="58" HEIGHT="40" WC="0.94" CONTENT="47."/>
						</TextLine>
						<TextLine ID="line_2" HPOS="638" VPOS="828" WIDTH="1103" HEIGHT="46">
							<String ID="string_7" HPOS="638" VPOS="828" WIDTH="122" HEIGHT="30" WC="0.95" CONTENT="Ankom"/><SP WIDTH="22" VPOS="828" HPOS="760"/>
							<String ID="string_8" HPOS="782" VPOS="831" WIDTH="50" HEIGHT="27" WC="0.95" CONTENT="till"/><SP WIDTH="22" VPOS="831" HPOS="832"/>
							<String ID="string_9" HPOS="854" VPOS="831" WIDTH="196" HEIGHT="39" WC="0.95" CONTENT="Riksdagens"/><SP WIDTH="24" VPOS="831" HPOS="1050"/>
							<String ID="string_10" HPOS="1074" VPOS="832" WIDTH="101" HEIGHT="30" WC="0.96" CONTENT="kansli"/><SP WIDTH="24" VPOS="832" HPOS="1175"/>
							<String ID="string_11" HPOS="1199" VPOS="834" WIDTH="59" HEIGHT="30" WC="0.96" CONTENT="den"/><SP WIDTH="26" VPOS="834" HPOS="1258"/>
							<String ID="string_12" HPOS="1284" VPOS="837" WIDTH="38" HEIGHT="27" WC="0.96" CONTENT="12"/><SP WIDTH="24" VPOS="837" HPOS="1322"/>
							<String ID="string_13" HPOS="1346" VPOS="836" WIDTH="59" HEIGHT="38" WC="0.96" CONTENT="maj"/><SP WIDTH="29" VPOS="836" HPOS="1405"/>
							<String ID="string_14" HPOS="1434" VPOS="839" WIDTH="81" HEIGHT="27" WC="0.96" CONTENT="1910"/><SP WIDTH="24" VPOS="839" HPOS="1515"/>
							<String ID="string_15" HPOS="1539" VPOS="837" WIDTH="42" HEIGHT="31" WC="0.94" CONTENT="kl."/><SP WIDTH="27" VPOS="837" HPOS="1581"/>
							<String ID="string_16" HPOS="1608" VPOS="841" WIDTH="17" HEIGHT="25" WC="0.92" CONTENT="2"/><SP WIDTH="26" VPOS="841" HPOS="1625"/>
							<String ID="string_17" HPOS="1651" VPOS="849" WIDTH="25" HEIGHT="20" WC="0.62" CONTENT="e,"/><SP WIDTH="25" VPOS="849" HPOS="1676"/>
							<String ID="string_18" HPOS="1701" VPOS="850" WIDTH="40" HEIGHT="20" WC="0.91" CONTENT="m."/>
						</TextLine>
					</TextBlock>
				</ComposedBlock>
				<ComposedBlock ID="cblock_2" HPOS="439" VPOS="975" WIDTH="1389" HEIGHT="132">
					<TextBlock ID="block_2" HPOS="439" VPOS="975" WIDTH="1389" HEIGHT="132">
						<TextLine ID="line_3" HPOS="439" VPOS="975" WIDTH="1389" HEIGHT="62">
							<String ID="string_19" HPOS="439" VPOS="975" WIDTH="199" HEIGHT="49" WC="0.95" CONTENT="Utlåtande,"/><SP WIDTH="29" VPOS="975" HPOS="638"/>
							<String ID="string_20" HPOS="667" VPOS="979" WIDTH="16" HEIGHT="34" WC="0.95" CONTENT="i"/><SP WIDTH="27" VPOS="979" HPOS="683"/>
							<String ID="string_21" HPOS="710" VPOS="979" WIDTH="190" HEIGHT="49" WC="0.95" CONTENT="anledning"/><SP WIDTH="28" VPOS="979" HPOS="900"/>
							<String ID="string_22" HPOS="928" VPOS="981" WIDTH="48" HEIGHT="44" WC="0.96" CONTENT="af"/><SP WIDTH="22" VPOS="981" HPOS="976"/>
							<String ID="string_23" HPOS="998" VPOS="982" WIDTH="125" HEIGHT="35" WC="0.96" CONTENT="väckta"/><SP WIDTH="26" VPOS="982" HPOS="1123"/>
							<String ID="string_24" HPOS="1149" VPOS="984" WIDTH="170" HEIGHT="35" WC="0.95" CONTENT="motioner"/><SP WIDTH="28" VPOS="984" HPOS="1319"/>
							<String ID="string_25" HPOS="1347" VPOS="997" WIDTH="54" HEIGHT="23" WC="0.96" CONTENT="om"/><SP WIDTH="27" VPOS="997" HPOS="1401"/>
							<String ID="string_26" HPOS="1428" VPOS="985" WIDTH="75" HEIGHT="36" WC="0.95" CONTENT="dels"/><SP WIDTH="26" VPOS="985" HPOS="1503"/>
							<String ID="string_27" HPOS="1529" VPOS="991" WIDTH="74" HEIGHT="32" WC="0.96" CONTENT="rätt"/><SP WIDTH="28" VPOS="991" HPOS="1603"/>
							<String ID="string_28" HPOS="1631" VPOS="988" WIDTH="55" HEIGHT="36" WC="0.96" CONTENT="till"/><SP WIDTH="19" VPOS="988" HPOS="1686"/>
							<String ID="string_29" HPOS="1705" VPOS="1001" WIDTH="123" HEIGHT="36" WC="0.90" CONTENT="expro-"/>
						</TextLine>
						<TextLine ID="line_4" HPOS="625" VPOS="1048" WIDTH="1202" HEIGHT="59">
							<String ID="string_30" HPOS="625" VPOS="1048" WIDTH="165" HEIGHT="46" WC="0.89" CONTENT="priation"/><SP WIDTH="43" VPOS="1048" HPOS="790"/>
							<String ID="string_31" HPOS="833" VPOS="1051" WIDTH="43" HEIGHT="41" WC="0.91" CONTENT="af"/><SP WIDTH="35" VPOS="1051" HPOS="876"/>
							<String ID="string_32" HPOS="911" VPOS="1051" WIDTH="186" HEIGHT="47" WC="0.91" CONTENT="vattenfall"/><SP WIDTH="40" VPOS="1051" HPOS="1097"/>
							<String ID="string_33" HPOS="1137" VPOS="1052" WIDTH="74" HEIGHT="36" WC="0.91" CONTENT="dels"/><SP WIDTH="31" VPOS="1052" HPOS="1211"/>
							<String ID="string_34" HPOS="1242" VPOS="1053" WIDTH="61" HEIGHT="36" WC="0.96" CONTENT="ock"/><SP WIDTH="31" VPOS="1053" HPOS="1303"/>
							<String ID="string_35" HPOS="1334" VPOS="1055" WIDTH="170" HEIGHT="48" WC="0.93" CONTENT="utvidgad"/><SP WIDTH="26" VPOS="1055" HPOS="1504"/>
							<String ID="string_36" HPOS="1530" VPOS="1057" WIDTH="297" HEIGHT="50" WC="0.22" CONTENT="koncessionslag-"/>
						</TextLine>
					</TextBlock>
				</ComposedBlock>
				<ComposedBlock ID="cblock_3" HPOS="1125" VPOS="1122" WIDTH="11" HEIGHT="10">
					<TextBlock ID="block_3" HPOS="1125" VPOS="1122" WIDTH="11" HEIGHT="10">
						<TextLine ID="line_5" HPOS="1125" VPOS="1122" WIDTH="11" HEIGHT="10">
							<String ID="string_37" HPOS="1125" VPOS="1122" WIDTH="11" HEIGHT="10" WC="0.79" CONTENT="o"/>
						</TextLine>
					</TextBlock>
				</ComposedBlock>
				<ComposedBlock ID="cblock_4" HPOS="629" VPOS="1117" WIDTH="1120" HEIGHT="52">
					<TextBlock ID="block_4" HPOS="629" VPOS="1117" WIDTH="1120" HEIGHT="52">
						<TextLine ID="line_6" HPOS="629" VPOS="1117" WIDTH="1120" HEIGHT="52">
							<String ID="string_38" HPOS="629" VPOS="1117" WIDTH="164" HEIGHT="49" WC="0.89" CONTENT="stiftning"/><SP WIDTH="27" VPOS="1117" HPOS="793"/>
							<String ID="string_39" HPOS="820" VPOS="1119" WIDTH="78" HEIGHT="35" WC="0.96" CONTENT="med"/><SP WIDTH="28" VPOS="1119" HPOS="898"/>
							<String ID="string_40" HPOS="926" VPOS="1121" WIDTH="162" HEIGHT="41" WC="0.93" CONTENT="afseende"/><SP WIDTH="28" VPOS="1121" HPOS="1088"/>
							<String ID="string_41" HPOS="1116" VPOS="1134" WIDTH="22" HEIGHT="22" WC="0.83" CONTENT="å"/><SP WIDTH="26" VPOS="1134" HPOS="1138"/>
							<String ID="string_42" HPOS="1164" VPOS="1122" WIDTH="186" HEIGHT="47" WC="0.96" CONTENT="vattenfall"/><SP WIDTH="27" VPOS="1122" HPOS="1350"/>
							<String ID="string_43" HPOS="1377" VPOS="1124" WIDTH="62" HEIGHT="36" WC="0.93" CONTENT="och"/><SP WIDTH="26" VPOS="1124" HPOS="1439"/>
							<String ID="string_44" HPOS="1465" VPOS="1125" WIDTH="284" HEIGHT="44" WC="0.92" CONTENT="kraftstationer."/>
						</TextLine>
					</TextBlock>
				</ComposedBlock>
				<ComposedBlock ID="cblock_5" HPOS="227" VPOS="1269" WIDTH="1599" HEIGHT="410">
					<TextBlock ID="block_5" HPOS="229" VPOS="1269" WIDTH="1597" HEIGHT="105">
						<TextLine ID="line_7" HPOS="359" VPOS="1269" WIDTH="1467" HEIGHT="61">
							<String ID="string_45" HPOS="359" VPOS="1269" WIDTH="274" HEIGHT="50" WC="0.91" CONTENT="Lagutskottet"/><SP WIDTH="27" VPOS="1269" HPOS="633"/>
							<String ID="string_46" HPOS="660" VPOS="1273" WIDTH="68" HEIGHT="36" WC="0.96" CONTENT="har"/><SP WIDTH="28" VPOS="1273" HPOS="728"/>
							<String ID="string_47" HPOS="756" VPOS="1273" WIDTH="57" HEIGHT="37" WC="0.95" CONTENT="till"/><SP WIDTH="28" VPOS="1273" HPOS="813"/>
							<String ID="string_48" HPOS="841" VPOS="1273" WIDTH="234" HEIGHT="53" WC="0.95" CONTENT="behandling"/><SP WIDTH="27" VPOS="1273" HPOS="1075"/>
							<String ID="string_49" HPOS="1102" VPOS="1277" WIDTH="12" HEIGHT="36" WC="0.96" CONTENT="i"/><SP WIDTH="28" VPOS="1277" HPOS="1114"/>
							<String ID="string_50" HPOS="1142" VPOS="1283" WIDTH="53" HEIGHT="31" WC="0.95" CONTENT="ett"/><SP WIDTH="20" VPOS="1283" HPOS="1195"/>
							<String ID="string_51" HPOS="1215" VPOS="1279" WIDTH="275" HEIGHT="51" WC="0.92" CONTENT="sammanhang"/><SP WIDTH="20" VPOS="1279" HPOS="1490"/>
							<String ID="string_52" HPOS="1510" VPOS="1281" WIDTH="164" HEIGHT="37" WC="0.90" CONTENT="förehaft"/><SP WIDTH="19" VPOS="1281" HPOS="1674"/>
							<String ID="string_53" HPOS="1693" VPOS="1284" WIDTH="133" HEIGHT="37" WC="0.92" CONTENT="motio-"/>
						</TextLine>
						<TextLine ID="line_8" HPOS="229" VPOS="1323" WIDTH="665" HEIGHT="51">
							<String ID="string_54" HPOS="229" VPOS="1334" WIDTH="117" HEIGHT="24" WC="0.96" CONTENT="nerna"/><SP WIDTH="28" VPOS="1334" HPOS="346"/>
							<String ID="string_55" HPOS="374" VPOS="1323" WIDTH="102" HEIGHT="36" WC="0.96" CONTENT="inom"/><SP WIDTH="28" VPOS="1323" HPOS="476"/>
							<String ID="string_56" HPOS="504" VPOS="1323" WIDTH="130" HEIGHT="37" WC="0.73" CONTENT="Andra"/><SP WIDTH="28" VPOS="1323" HPOS="634"/>
							<String ID="string_57" HPOS="662" VPOS="1325" WIDTH="232" HEIGHT="49" WC="0.96" CONTENT="kammaren,"/>
						</TextLine>
					</TextBlock>
					<TextBlock ID="block_6" HPOS="227" VPOS="1376" WIDTH="1595" HEIGHT="259">
						<TextLine ID="line_9" HPOS="358" VPOS="1376" WIDTH="1464" HEIGHT="60">
							<String ID="string_58" HPOS="358" VPOS="1388" WIDTH="46" HEIGHT="22" WC="0.94" CONTENT="nr"/><SP WIDTH="40" VPOS="1388" HPOS="404"/>
							<String ID="string_59" HPOS="444" VPOS="1377" WIDTH="70" HEIGHT="34" WC="0.93" CONTENT="107"/><SP WIDTH="44" VPOS="1377" HPOS="514"/>
							<String ID="string_60" HPOS="558" VPOS="1376" WIDTH="40" HEIGHT="36" WC="0.81" CONTENT="af"/><SP WIDTH="37" VPOS="1376" HPOS="598"/>
							<String ID="string_61" HPOS="635" VPOS="1376" WIDTH="131" HEIGHT="38" WC="0.96" CONTENT="herrar"/><SP WIDTH="40" VPOS="1376" HPOS="766"/>
							<String ID="string_62" HPOS="806" VPOS="1380" WIDTH="98" HEIGHT="36" WC="0.94" CONTENT="Karl"/><SP WIDTH="41" VPOS="1380" HPOS="904"/>
							<String ID="string_63" HPOS="945" VPOS="1380" WIDTH="128" HEIGHT="49" WC="0.91" CONTENT="Staaff,"/><SP WIDTH="39" VPOS="1380" HPOS="1073"/>
							<String ID="string_64" HPOS="1112" VPOS="1384" WIDTH="170" HEIGHT="47" WC="0.92" CONTENT="Fridtjuv"/><SP WIDTH="41" VPOS="1384" HPOS="1282"/>
							<String ID="string_65" HPOS="1323" VPOS="1386" WIDTH="107" HEIGHT="48" WC="0.95" CONTENT="Berg,"/><SP WIDTH="38" VPOS="1386" HPOS="1430"/>
							<String ID="string_66" HPOS="1468" VPOS="1385" WIDTH="115" HEIGHT="38" WC="0.95" CONTENT="Jakob"/><SP WIDTH="28" VPOS="1385" HPOS="1583"/>
							<String ID="string_67" HPOS="1611" VPOS="1387" WIDTH="211" HEIGHT="49" WC="0.96" CONTENT="Pettersson,"/>
						</TextLine>
						<TextLine ID="line_10" HPOS="227" VPOS="1426" WIDTH="1593" HEIGHT="62">
							<String ID="string_68" HPOS="227" VPOS="1426" WIDTH="72" HEIGHT="37" WC="0.94" CONTENT="Ad."/><SP WIDTH="43" VPOS="1426" HPOS="299"/>
							<String ID="string_69" HPOS="342" VPOS="1426" WIDTH="177" HEIGHT="48" WC="0.93" CONTENT="Wiklund,"/><SP WIDTH="49" VPOS="1426" HPOS="519"/>
							<String ID="string_70" HPOS="568" VPOS="1428" WIDTH="47" HEIGHT="38" WC="0.91" CONTENT="D."/><SP WIDTH="38" VPOS="1428" HPOS="615"/>
							<String ID="string_71" HPOS="653" VPOS="1430" WIDTH="164" HEIGHT="48" WC="0.88" CONTENT="Persson,"/><SP WIDTH="50" VPOS="1430" HPOS="817"/>
							<String ID="string_72" HPOS="867" VPOS="1433" WIDTH="45" HEIGHT="36" WC="0.88" CONTENT="E."/><SP WIDTH="37" VPOS="1433" HPOS="912"/>
							<String ID="string_73" HPOS="949" VPOS="1434" WIDTH="46" HEIGHT="36" WC="0.91" CONTENT="A."/><SP WIDTH="38" VPOS="1434" HPOS="995"/>
							<String ID="string_74" HPOS="1033" VPOS="1435" WIDTH="141" HEIGHT="49" WC="0.95" CONTENT="Nilson,"/><SP WIDTH="51" VPOS="1435" HPOS="1174"/>
							<String ID="string_75" HPOS="1225" VPOS="1437" WIDTH="89" HEIGHT="36" WC="0.95" CONTENT="Carl"/><SP WIDTH="34" VPOS="1437" HPOS="1314"/>
							<String ID="string_76" HPOS="1348" VPOS="1437" WIDTH="168" HEIGHT="48" WC="0.93" CONTENT="Jansson,"/><SP WIDTH="57" VPOS="1437" HPOS="1516"/>
							<String ID="string_77" HPOS="1573" VPOS="1439" WIDTH="43" HEIGHT="37" WC="0.88" CONTENT="G."/><SP WIDTH="37" VPOS="1439" HPOS="1616"/>
							<String ID="string_78" HPOS="1653" VPOS="1440" WIDTH="167" HEIGHT="48" WC="0.95" CONTENT="Jansson,"/>
						</TextLine>
						<TextLine ID="line_11" HPOS="227" VPOS="1479" WIDTH="1593" HEIGHT="65">
							<String ID="string_79" HPOS="227" VPOS="1479" WIDTH="37" HEIGHT="36" WC="0.84" CONTENT="J."/><SP WIDTH="42" VPOS="1479" HPOS="264"/>
							<String ID="string_80" HPOS="306" VPOS="1479" WIDTH="160" HEIGHT="48" WC="0.91" CONTENT="Bromée,"/><SP WIDTH="42" VPOS="1479" HPOS="466"/>
							<String ID="string_81" HPOS="508" VPOS="1480" WIDTH="49" HEIGHT="38" WC="0.87" CONTENT="K."/><SP WIDTH="48" VPOS="1480" HPOS="557"/>
							<String ID="string_82" HPOS="605" VPOS="1481" WIDTH="42" HEIGHT="38" WC="0.91" CONTENT="G."/><SP WIDTH="43" VPOS="1481" HPOS="647"/>
							<String ID="string_83" HPOS="690" VPOS="1483" WIDTH="189" HEIGHT="48" WC="0.94" CONTENT="Karlsson,"/><SP WIDTH="46" VPOS="1483" HPOS="879"/>
							<String ID="string_84" HPOS="925" VPOS="1485" WIDTH="61" HEIGHT="37" WC="0.94" CONTENT="Th."/><SP WIDTH="44" VPOS="1485" HPOS="986"/>
							<String ID="string_85" HPOS="1030" VPOS="1488" WIDTH="49" HEIGHT="42" WC="0.91" CONTENT="af"/><SP WIDTH="39" VPOS="1488" HPOS="1079"/>
							<String ID="string_86" HPOS="1118" VPOS="1488" WIDTH="221" HEIGHT="48" WC="0.89" CONTENT="Callerholm,"/><SP WIDTH="47" VPOS="1488" HPOS="1339"/>
							<String ID="string_87" HPOS="1386" VPOS="1490" WIDTH="89" HEIGHT="37" WC="0.86" CONTENT="Carl"/><SP WIDTH="36" VPOS="1490" HPOS="1475"/>
							<String ID="string_88" HPOS="1511" VPOS="1490" WIDTH="150" HEIGHT="38" WC="0.92" CONTENT="Carlson"/><SP WIDTH="26" VPOS="1490" HPOS="1661"/>
							<String ID="string_89" HPOS="1687" VPOS="1488" WIDTH="133" HEIGHT="56" WC="0.96" CONTENT="Bonde,"/>
						</TextLine>
						<TextLine ID="line_12" HPOS="227" VPOS="1531" WIDTH="1593" HEIGHT="63">
							<String ID="string_90" HPOS="227" VPOS="1531" WIDTH="118" HEIGHT="37" WC="0.96" CONTENT="Johan"/><SP WIDTH="27" VPOS="1531" HPOS="345"/>
							<String ID="string_91" HPOS="372" VPOS="1532" WIDTH="183" HEIGHT="48" WC="0.81" CONTENT="Ericsson,"/><SP WIDTH="30" VPOS="1532" HPOS="555"/>
							<String ID="string_92" HPOS="585" VPOS="1534" WIDTH="38" HEIGHT="37" WC="0.88" CONTENT="S."/><SP WIDTH="29" VPOS="1534" HPOS="623"/>
							<String ID="string_93" HPOS="652" VPOS="1535" WIDTH="50" HEIGHT="36" WC="0.90" CONTENT="H."/><SP WIDTH="28" VPOS="1535" HPOS="702"/>
							<String ID="string_94" HPOS="730" VPOS="1536" WIDTH="252" HEIGHT="48" WC="0.91" CONTENT="Kvarnzelius,"/><SP WIDTH="31" VPOS="1536" HPOS="982"/>
							<String ID="string_95" HPOS="1013" VPOS="1538" WIDTH="44" HEIGHT="37" WC="0.82" CONTENT="L."/><SP WIDTH="34" VPOS="1538" HPOS="1057"/>
							<String ID="string_96" HPOS="1091" VPOS="1540" WIDTH="96" HEIGHT="37" WC="0.91" CONTENT="Gust."/><SP WIDTH="30" VPOS="1540" HPOS="1187"/>
							<String ID="string_97" HPOS="1217" VPOS="1542" WIDTH="163" HEIGHT="46" WC="0.91" CONTENT="Broomé,"/><SP WIDTH="29" VPOS="1542" HPOS="1380"/>
							<String ID="string_98" HPOS="1409" VPOS="1543" WIDTH="165" HEIGHT="44" WC="0.95" CONTENT="Frithiof"/><SP WIDTH="19" VPOS="1543" HPOS="1574"/>
							<String ID="string_99" HPOS="1593" VPOS="1544" WIDTH="227" HEIGHT="50" WC="0.85" CONTENT="Söderbergh,"/>
						</TextLine>
						<TextLine ID="line_13" HPOS="227" VPOS="1583" WIDTH="1433" HEIGHT="52">
							<String ID="string_100" HPOS="227" VPOS="1583" WIDTH="79" HEIGHT="38" WC="0.96" CONTENT="Joh."/><SP WIDTH="31" VPOS="1583" HPOS="306"/>
							<String ID="string_101" HPOS="337" VPOS="1583" WIDTH="129" HEIGHT="49" WC="0.95" CONTENT="Ström,"/><SP WIDTH="30" VPOS="1583" HPOS="466"/>
							<String ID="string_102" HPOS="496" VPOS="1586" WIDTH="112" HEIGHT="36" WC="0.96" CONTENT="Ernst"/><SP WIDTH="27" VPOS="1586" HPOS="608"/>
							<String ID="string_103" HPOS="635" VPOS="1587" WIDTH="188" HEIGHT="48" WC="0.96" CONTENT="Beckman,"/><SP WIDTH="30" VPOS="1587" HPOS="823"/>
							<String ID="string_104" HPOS="853" VPOS="1590" WIDTH="93" HEIGHT="35" WC="0.96" CONTENT="Axel"/><SP WIDTH="28" VPOS="1590" HPOS="946"/>
							<String ID="string_105" HPOS="974" VPOS="1590" WIDTH="133" HEIGHT="38" WC="0.96" CONTENT="Schotte"/><SP WIDTH="29" VPOS="1590" HPOS="1107"/>
							<String ID="string_106" HPOS="1136" VPOS="1593" WIDTH="70" HEIGHT="35" WC="0.96" CONTENT="och"/><SP WIDTH="29" VPOS="1593" HPOS="1206"/>
							<String ID="string_107" HPOS="1235" VPOS="1594" WIDTH="99" HEIGHT="36" WC="0.93" CONTENT="Karl"/><SP WIDTH="27" VPOS="1594" HPOS="1334"/>
							<String ID="string_108" HPOS="1361" VPOS="1595" WIDTH="174" HEIGHT="36" WC="0.89" CONTENT="Starbäck"/><SP WIDTH="28" VPOS="1595" HPOS="1535"/>
							<String ID="string_109" HPOS="1563" VPOS="1601" WIDTH="97" HEIGHT="30" WC="0.59" CONTENT="samt"/>
						</TextLine>
					</TextBlock>
					<TextBlock ID="block_7" HPOS="357" VPOS="1638" WIDTH="686" HEIGHT="41">
						<TextLine ID="line_14" HPOS="357" VPOS="1638" WIDTH="686" HEIGHT="41">
							<String ID="string_110" HPOS="357" VPOS="1650" WIDTH="45" HEIGHT="22" WC="0.95" CONTENT="nr"/><SP WIDTH="29" VPOS="1650" HPOS="402"/>
							<String ID="string_111" HPOS="431" VPOS="1639" WIDTH="47" HEIGHT="34" WC="0.91" CONTENT="88"/><SP WIDTH="31" VPOS="1639" HPOS="478"/>
							<String ID="string_112" HPOS="509" VPOS="1638" WIDTH="40" HEIGHT="35" WC="0.95" CONTENT="af"/><SP WIDTH="24" VPOS="1638" HPOS="549"/>
							<String ID="string_113" HPOS="573" VPOS="1638" WIDTH="87" HEIGHT="36" WC="0.93" CONTENT="herr"/><SP WIDTH="33" VPOS="1638" HPOS="660"/>
							<String ID="string_114" HPOS="693" VPOS="1639" WIDTH="98" HEIGHT="37" WC="0.92" CONTENT="Gust."/><SP WIDTH="31" VPOS="1639" HPOS="791"/>
							<String ID="string_115" HPOS="822" VPOS="1641" WIDTH="221" HEIGHT="38" WC="0.96" CONTENT="Sandström."/>
						</TextLine>
					</TextBlock>
				</ComposedBlock>
				<ComposedBlock ID="cblock_6" HPOS="223" VPOS="1739" WIDTH="1823" HEIGHT="635">
					<TextBlock ID="block_8" HPOS="356" VPOS="1739" WIDTH="1679" HEIGHT="61">
						<TextLine ID="line_15" HPOS="356" VPOS="1739" WIDTH="1679" HEIGHT="61">
							<String ID="string_116" HPOS="356" VPOS="1739" WIDTH="99" HEIGHT="37" WC="0.95" CONTENT="Herr"/><SP WIDTH="28" VPOS="1739" HPOS="455"/>
							<String ID="string_117" HPOS="483" VPOS="1741" WIDTH="121" HEIGHT="49" WC="0.91" CONTENT="Staaff"/><SP WIDTH="25" VPOS="1741" HPOS="604"/>
							<String ID="string_118" HPOS="629" VPOS="1757" WIDTH="48" HEIGHT="22" WC="0.91" CONTENT="m."/><SP WIDTH="30" VPOS="1757" HPOS="677"/>
							<String ID="string_119" HPOS="707" VPOS="1744" WIDTH="35" HEIGHT="36" WC="0.93" CONTENT="fl."/><SP WIDTH="30" VPOS="1744" HPOS="742"/>
							<String ID="string_120" HPOS="772" VPOS="1743" WIDTH="69" HEIGHT="37" WC="0.96" CONTENT="har"/><SP WIDTH="27" VPOS="1743" HPOS="841"/>
							<String ID="string_121" HPOS="868" VPOS="1746" WIDTH="12" HEIGHT="35" WC="0.96" CONTENT="i"/><SP WIDTH="29" VPOS="1746" HPOS="880"/>
							<String ID="string_122" HPOS="909" VPOS="1746" WIDTH="57" HEIGHT="36" WC="0.96" CONTENT="sin"/><SP WIDTH="28" VPOS="1746" HPOS="966"/>
							<String ID="string_123" HPOS="994" VPOS="1748" WIDTH="143" HEIGHT="36" WC="0.96" CONTENT="motion"/><SP WIDTH="29" VPOS="1748" HPOS="1137"/>
							<String ID="string_124" HPOS="1166" VPOS="1749" WIDTH="122" HEIGHT="36" WC="0.96" CONTENT="anfört"/><SP WIDTH="28" VPOS="1749" HPOS="1288"/>
							<String ID="string_125" HPOS="1316" VPOS="1749" WIDTH="181" HEIGHT="48" WC="0.96" CONTENT="följande:"/><SP WIDTH="358" VPOS="1749" HPOS="1497"/>
							<String ID="string_126" HPOS="1855" VPOS="1768" WIDTH="69" HEIGHT="24" WC="0.92" CONTENT="Herr"/><SP WIDTH="18" VPOS="1768" HPOS="1924"/>
							<String ID="string_127" HPOS="1942" VPOS="1769" WIDTH="93" HEIGHT="31" WC="0.31" CONTENT="Btaaffs"/>
						</TextLine>
					</TextBlock>
					<TextBlock ID="block_9" HPOS="226" VPOS="1792" WIDTH="1820" HEIGHT="205">
						<TextLine ID="line_16" HPOS="359" VPOS="1792" WIDTH="1687" HEIGHT="51">
							<String ID="string_128" HPOS="359" VPOS="1792" WIDTH="97" HEIGHT="37" WC="0.87" CONTENT="»Vid"/><SP WIDTH="37" VPOS="1792" HPOS="456"/>
							<String ID="string_129" HPOS="493" VPOS="1794" WIDTH="248" HEIGHT="49" WC="0.96" CONTENT="riksdagarna"/><SP WIDTH="40" VPOS="1794" HPOS="741"/>
							<String ID="string_130" HPOS="781" VPOS="1798" WIDTH="97" HEIGHT="35" WC="0.96" CONTENT="1908"/><SP WIDTH="39" VPOS="1798" HPOS="878"/>
							<String ID="string_131" HPOS="917" VPOS="1798" WIDTH="70" HEIGHT="36" WC="0.96" CONTENT="och"/><SP WIDTH="36" VPOS="1798" HPOS="987"/>
							<String ID="string_132" HPOS="1023" VPOS="1801" WIDTH="96" HEIGHT="35" WC="0.96" CONTENT="1909"/><SP WIDTH="31" VPOS="1801" HPOS="1119"/>
							<String ID="string_133" HPOS="1150" VPOS="1801" WIDTH="153" HEIGHT="36" WC="0.96" CONTENT="väcktes"/><SP WIDTH="30" VPOS="1801" HPOS="1303"/>
							<String ID="string_134" HPOS="1333" VPOS="1802" WIDTH="40" HEIGHT="35" WC="0.96" CONTENT="af"/><SP WIDTH="24" VPOS="1802" HPOS="1373"/>
							<String ID="string_135" HPOS="1397" VPOS="1802" WIDTH="282" HEIGHT="38" WC="0.96" CONTENT="undertecknad"/><SP WIDTH="30" VPOS="1802" HPOS="1679"/>
							<String ID="string_136" HPOS="1709" VPOS="1804" WIDTH="121" HEIGHT="38" WC="0.91" CONTENT="Staaff"/><SP WIDTH="13" VPOS="1804" HPOS="1830"/>
							<String ID="string_137" HPOS="1843" VPOS="1810" WIDTH="32" HEIGHT="18" WC="0.33" CONTENT="m."/><SP WIDTH="20" VPOS="1810" HPOS="1875"/>
							<String ID="string_138" HPOS="1895" VPOS="1804" WIDTH="30" HEIGHT="30" WC="0.74" CONTENT="A"/><SP WIDTH="19" VPOS="1804" HPOS="1925"/>
							<String ID="string_139" HPOS="1944" VPOS="1806" WIDTH="102" HEIGHT="24" WC="0.91" CONTENT="motion."/>
						</TextLine>
						<TextLine ID="line_17" HPOS="226" VPOS="1844" WIDTH="1599" HEIGHT="56">
							<String ID="string_140" HPOS="226" VPOS="1856" WIDTH="49" HEIGHT="24" WC="0.80" CONTENT="m."/><SP WIDTH="30" VPOS="1856" HPOS="275"/>
							<String ID="string_141" HPOS="305" VPOS="1844" WIDTH="36" HEIGHT="36" WC="0.93" CONTENT="fl."/><SP WIDTH="32" VPOS="1844" HPOS="341"/>
							<String ID="string_142" HPOS="373" VPOS="1845" WIDTH="144" HEIGHT="36" WC="0.96" CONTENT="motion"/><SP WIDTH="27" VPOS="1845" HPOS="517"/>
							<String ID="string_143" HPOS="544" VPOS="1846" WIDTH="13" HEIGHT="36" WC="0.95" CONTENT="i"/><SP WIDTH="29" VPOS="1846" HPOS="557"/>
							<String ID="string_144" HPOS="586" VPOS="1847" WIDTH="100" HEIGHT="49" WC="0.96" CONTENT="syfte"/><SP WIDTH="29" VPOS="1847" HPOS="686"/>
							<String ID="string_145" HPOS="715" VPOS="1852" WIDTH="54" HEIGHT="32" WC="0.96" CONTENT="att"/><SP WIDTH="27" VPOS="1852" HPOS="769"/>
							<String ID="string_146" HPOS="796" VPOS="1850" WIDTH="117" HEIGHT="35" WC="0.96" CONTENT="vinna"/><SP WIDTH="27" VPOS="1850" HPOS="913"/>
							<String ID="string_147" HPOS="940" VPOS="1851" WIDTH="218" HEIGHT="49" WC="0.95" CONTENT="utredning,"/><SP WIDTH="30" VPOS="1851" HPOS="1158"/>
							<String ID="string_148" HPOS="1188" VPOS="1853" WIDTH="11" HEIGHT="35" WC="0.96" CONTENT="i"/><SP WIDTH="29" VPOS="1853" HPOS="1199"/>
							<String ID="string_149" HPOS="1228" VPOS="1852" WIDTH="101" HEIGHT="37" WC="0.96" CONTENT="hvad"/><SP WIDTH="28" VPOS="1852" HPOS="1329"/>
							<String ID="string_150" HPOS="1357" VPOS="1856" WIDTH="86" HEIGHT="34" WC="0.96" CONTENT="mån"/><SP WIDTH="25" VPOS="1856" HPOS="1443"/>
							<String ID="string_151" HPOS="1468" VPOS="1855" WIDTH="71" HEIGHT="36" WC="0.97" CONTENT="och"/><SP WIDTH="19" VPOS="1855" HPOS="1539"/>
							<String ID="string_152" HPOS="1558" VPOS="1855" WIDTH="122" HEIGHT="38" WC="0.96" CONTENT="under"/><SP WIDTH="18" VPOS="1855" HPOS="1680"/>
							<String ID="string_153" HPOS="1698" VPOS="1857" WIDTH="127" HEIGHT="38" WC="0.96" CONTENT="hvilka"/>
						</TextLine>
						<TextLine ID="line_18" HPOS="226" VPOS="1895" WIDTH="1600" HEIGHT="65">
							<String ID="string_154" HPOS="226" VPOS="1895" WIDTH="138" HEIGHT="38" WC="0.96" CONTENT="villkor"/><SP WIDTH="28" VPOS="1895" HPOS="364"/>
							<String ID="string_155" HPOS="392" VPOS="1902" WIDTH="124" HEIGHT="32" WC="0.96" CONTENT="staten"/><SP WIDTH="29" VPOS="1902" HPOS="516"/>
							<String ID="string_156" HPOS="545" VPOS="1899" WIDTH="71" HEIGHT="36" WC="0.96" CONTENT="och"/><SP WIDTH="29" VPOS="1899" HPOS="616"/>
							<String ID="string_157" HPOS="645" VPOS="1901" WIDTH="205" HEIGHT="36" WC="0.96" CONTENT="eventuellt"/><SP WIDTH="28" VPOS="1901" HPOS="850"/>
							<String ID="string_158" HPOS="878" VPOS="1902" WIDTH="112" HEIGHT="37" WC="0.96" CONTENT="äfven"/><SP WIDTH="28" VPOS="1902" HPOS="990"/>
							<String ID="string_159" HPOS="1018" VPOS="1904" WIDTH="221" HEIGHT="37" WC="0.96" CONTENT="kommuner"/><SP WIDTH="28" VPOS="1904" HPOS="1239"/>
							<String ID="string_160" HPOS="1267" VPOS="1908" WIDTH="61" HEIGHT="33" WC="0.96" CONTENT="må"/><SP WIDTH="29" VPOS="1908" HPOS="1328"/>
							<String ID="string_161" HPOS="1357" VPOS="1907" WIDTH="140" HEIGHT="36" WC="0.96" CONTENT="erhålla"/><SP WIDTH="27" VPOS="1907" HPOS="1497"/>
							<String ID="string_162" HPOS="1524" VPOS="1912" WIDTH="75" HEIGHT="32" WC="0.96" CONTENT="rätt"/><SP WIDTH="20" VPOS="1912" HPOS="1599"/>
							<String ID="string_163" HPOS="1619" VPOS="1908" WIDTH="55" HEIGHT="36" WC="0.96" CONTENT="till"/><SP WIDTH="20" VPOS="1908" HPOS="1674"/>
							<String ID="string_164" HPOS="1694" VPOS="1923" WIDTH="132" HEIGHT="37" WC="0.79" CONTENT="expro-"/>
						</TextLine>
						<TextLine ID="line_19" HPOS="226" VPOS="1948" WIDTH="466" HEIGHT="49">
							<String ID="string_165" HPOS="226" VPOS="1948" WIDTH="163" HEIGHT="49" WC="0.90" CONTENT="priation"/><SP WIDTH="30" VPOS="1948" HPOS="389"/>
							<String ID="string_166" HPOS="419" VPOS="1950" WIDTH="41" HEIGHT="36" WC="0.95" CONTENT="af"/><SP WIDTH="22" VPOS="1950" HPOS="460"/>
							<String ID="string_167" HPOS="482" VPOS="1951" WIDTH="210" HEIGHT="37" WC="0.95" CONTENT="vattenfall."/>
						</TextLine>
					</TextBlock>
					<TextBlock ID="block_10" HPOS="223" VPOS="2001" WIDTH="1602" HEIGHT="102">
						<TextLine ID="line_20" HPOS="356" VPOS="2001" WIDTH="1469" HEIGHT="50">
							<String ID="string_168" HPOS="356" VPOS="2001" WIDTH="284" HEIGHT="50" WC="0.96" CONTENT="Motiveringen"/><SP WIDTH="28" VPOS="2001" HPOS="640"/>
							<String ID="string_169" HPOS="668" VPOS="2005" WIDTH="56" HEIGHT="36" WC="0.95" CONTENT="till"/><SP WIDTH="31" VPOS="2005" HPOS="724"/>
							<String ID="string_170" HPOS="755" VPOS="2007" WIDTH="96" HEIGHT="36" WC="0.95" CONTENT="1908"/><SP WIDTH="31" VPOS="2007" HPOS="851"/>
							<String ID="string_171" HPOS="882" VPOS="2009" WIDTH="59" HEIGHT="34" WC="0.95" CONTENT="års"/><SP WIDTH="29" VPOS="2009" HPOS="941"/>
							<String ID="string_172" HPOS="970" VPOS="2008" WIDTH="143" HEIGHT="36" WC="0.96" CONTENT="motion"/><SP WIDTH="28" VPOS="2008" HPOS="1113"/>
							<String ID="string_173" HPOS="1141" VPOS="2010" WIDTH="12" HEIGHT="35" WC="0.96" CONTENT="i"/><SP WIDTH="29" VPOS="2010" HPOS="1153"/>
							<String ID="string_174" HPOS="1182" VPOS="2009" WIDTH="247" HEIGHT="39" WC="0.96" CONTENT="förevarande"/><SP WIDTH="29" VPOS="2009" HPOS="1429"/>
							<String ID="string_175" HPOS="1458" VPOS="2015" WIDTH="108" HEIGHT="33" WC="0.96" CONTENT="ämne"/><SP WIDTH="28" VPOS="2015" HPOS="1566"/>
							<String ID="string_176" HPOS="1594" VPOS="2026" WIDTH="69" HEIGHT="24" WC="0.96" CONTENT="var"/><SP WIDTH="29" VPOS="2026" HPOS="1663"/>
							<String ID="string_177" HPOS="1692" VPOS="2014" WIDTH="41" HEIGHT="36" WC="0.93" CONTENT="af"/><SP WIDTH="23" VPOS="2014" HPOS="1733"/>
							<String ID="string_178" HPOS="1756" VPOS="2014" WIDTH="69" HEIGHT="37" WC="0.91" CONTENT="föl-"/>
						</TextLine>
						<TextLine ID="line_21" HPOS="223" VPOS="2052" WIDTH="302" HEIGHT="51">
							<String ID="string_179" HPOS="223" VPOS="2052" WIDTH="117" HEIGHT="49" WC="0.90" CONTENT="jande"/><SP WIDTH="27" VPOS="2052" HPOS="340"/>
							<String ID="string_180" HPOS="367" VPOS="2054" WIDTH="158" HEIGHT="49" WC="0.95" CONTENT="lydelse:"/>
						</TextLine>
					</TextBlock>
					<TextBlock ID="block_11" HPOS="225" VPOS="2106" WIDTH="1598" HEIGHT="198">
						<TextLine ID="line_22" HPOS="356" VPOS="2106" WIDTH="1464" HEIGHT="62">
							<String ID="string_181" HPOS="356" VPOS="2106" WIDTH="227" HEIGHT="51" WC="0.79" CONTENT="&quot;Riksdagen"/><SP WIDTH="42" VPOS="2106" HPOS="583"/>
							<String ID="string_182" HPOS="625" VPOS="2110" WIDTH="128" HEIGHT="36" WC="0.91" CONTENT="anhöll"/><SP WIDTH="39" VPOS="2110" HPOS="753"/>
							<String ID="string_183" HPOS="792" VPOS="2111" WIDTH="171" HEIGHT="37" WC="0.91" CONTENT="sistlidna"/><SP WIDTH="43" VPOS="2111" HPOS="963"/>
							<String ID="string_184" HPOS="1006" VPOS="2115" WIDTH="39" HEIGHT="33" WC="0.96" CONTENT="år"/><SP WIDTH="41" VPOS="2115" HPOS="1045"/>
							<String ID="string_185" HPOS="1086" VPOS="2114" WIDTH="12" HEIGHT="35" WC="0.96" CONTENT="i"/><SP WIDTH="33" VPOS="2114" HPOS="1098"/>
							<String ID="string_186" HPOS="1131" VPOS="2113" WIDTH="198" HEIGHT="38" WC="0.96" CONTENT="skrifvelse"/><SP WIDTH="40" VPOS="2113" HPOS="1329"/>
							<String ID="string_187" HPOS="1369" VPOS="2116" WIDTH="59" HEIGHT="36" WC="0.96" CONTENT="till"/><SP WIDTH="27" VPOS="2116" HPOS="1428"/>
							<String ID="string_188" HPOS="1455" VPOS="2116" WIDTH="143" HEIGHT="50" WC="0.96" CONTENT="Kungl."/><SP WIDTH="30" VPOS="2116" HPOS="1598"/>
							<String ID="string_189" HPOS="1628" VPOS="2117" WIDTH="106" HEIGHT="51" WC="0.96" CONTENT="Maj:t"/><SP WIDTH="29" VPOS="2117" HPOS="1734"/>
							<String ID="string_190" HPOS="1763" VPOS="2133" WIDTH="57" HEIGHT="23" WC="0.96" CONTENT="om"/>
						</TextLine>
						<TextLine ID="line_23" HPOS="226" VPOS="2158" WIDTH="1597" HEIGHT="62">
							<String ID="string_191" HPOS="226" VPOS="2158" WIDTH="291" HEIGHT="51" WC="0.90" CONTENT="framläggande"/><SP WIDTH="29" VPOS="2158" HPOS="517"/>
							<String ID="string_192" HPOS="546" VPOS="2161" WIDTH="42" HEIGHT="36" WC="0.96" CONTENT="af"/><SP WIDTH="25" VPOS="2161" HPOS="588"/>
							<String ID="string_193" HPOS="613" VPOS="2161" WIDTH="143" HEIGHT="50" WC="0.96" CONTENT="förslag"/><SP WIDTH="27" VPOS="2161" HPOS="756"/>
							<String ID="string_194" HPOS="783" VPOS="2163" WIDTH="57" HEIGHT="36" WC="0.96" CONTENT="till"/><SP WIDTH="29" VPOS="2163" HPOS="840"/>
							<String ID="string_195" HPOS="869" VPOS="2164" WIDTH="325" HEIGHT="50" WC="0.93" CONTENT="ändamålsenliga"/><SP WIDTH="27" VPOS="2164" HPOS="1194"/>
							<String ID="string_196" HPOS="1221" VPOS="2167" WIDTH="351" HEIGHT="48" WC="0.89" CONTENT="lagbestämmelser"/><SP WIDTH="27" VPOS="2167" HPOS="1572"/>
							<String ID="string_197" HPOS="1599" VPOS="2170" WIDTH="13" HEIGHT="36" WC="0.96" CONTENT="i"/><SP WIDTH="23" VPOS="2170" HPOS="1612"/>
							<String ID="string_198" HPOS="1635" VPOS="2170" WIDTH="109" HEIGHT="50" WC="0.96" CONTENT="fråga"/><SP WIDTH="19" VPOS="2170" HPOS="1744"/>
							<String ID="string_199" HPOS="1763" VPOS="2184" WIDTH="60" HEIGHT="23" WC="0.96" CONTENT="om"/>
						</TextLine>
						<TextLine ID="line_24" HPOS="225" VPOS="2212" WIDTH="1597" HEIGHT="59">
							<String ID="string_200" HPOS="225" VPOS="2212" WIDTH="217" HEIGHT="48" WC="0.96" CONTENT="grunderna"/><SP WIDTH="29" VPOS="2212" HPOS="442"/>
							<String ID="string_201" HPOS="471" VPOS="2213" WIDTH="71" HEIGHT="36" WC="0.95" CONTENT="och"/><SP WIDTH="28" VPOS="2213" HPOS="542"/>
							<String ID="string_202" HPOS="570" VPOS="2218" WIDTH="114" HEIGHT="32" WC="0.95" CONTENT="sättet"/><SP WIDTH="29" VPOS="2218" HPOS="684"/>
							<String ID="string_203" HPOS="713" VPOS="2215" WIDTH="59" HEIGHT="36" WC="0.96" CONTENT="för"/><SP WIDTH="27" VPOS="2215" HPOS="772"/>
							<String ID="string_204" HPOS="799" VPOS="2215" WIDTH="289" HEIGHT="39" WC="0.95" CONTENT="bestämmande"/><SP WIDTH="30" VPOS="2215" HPOS="1088"/>
							<String ID="string_205" HPOS="1118" VPOS="2218" WIDTH="41" HEIGHT="36" WC="0.95" CONTENT="af"/><SP WIDTH="24" VPOS="2218" HPOS="1159"/>
							<String ID="string_206" HPOS="1183" VPOS="2220" WIDTH="107" HEIGHT="36" WC="0.96" CONTENT="lösen"/><SP WIDTH="19" VPOS="2220" HPOS="1290"/>
							<String ID="string_207" HPOS="1309" VPOS="2219" WIDTH="63" HEIGHT="37" WC="0.96" CONTENT="vid"/><SP WIDTH="16" VPOS="2219" HPOS="1372"/>
							<String ID="string_208" HPOS="1388" VPOS="2221" WIDTH="107" HEIGHT="49" WC="0.96" CONTENT="jords"/><SP WIDTH="21" VPOS="2221" HPOS="1495"/>
							<String ID="string_209" HPOS="1516" VPOS="2222" WIDTH="89" HEIGHT="37" WC="0.91" CONTENT="eller"/><SP WIDTH="19" VPOS="2222" HPOS="1605"/>
							<String ID="string_210" HPOS="1624" VPOS="2223" WIDTH="198" HEIGHT="48" WC="0.91" CONTENT="lägenhets"/>
						</TextLine>
						<TextLine ID="line_25" HPOS="227" VPOS="2264" WIDTH="619" HEIGHT="40">
							<String ID="string_211" HPOS="227" VPOS="2264" WIDTH="194" HEIGHT="37" WC="0.92" CONTENT="afstående"/><SP WIDTH="30" VPOS="2264" HPOS="421"/>
							<String ID="string_212" HPOS="451" VPOS="2265" WIDTH="57" HEIGHT="37" WC="0.96" CONTENT="för"/><SP WIDTH="30" VPOS="2265" HPOS="508"/>
							<String ID="string_213" HPOS="538" VPOS="2266" WIDTH="155" HEIGHT="37" WC="0.93" CONTENT="allmänt"/><SP WIDTH="27" VPOS="2266" HPOS="693"/>
							<String ID="string_214" HPOS="720" VPOS="2267" WIDTH="126" HEIGHT="37" WC="0.91" CONTENT="behof."/>
						</TextLine>
					</TextBlock>
					<TextBlock ID="block_12" HPOS="314" VPOS="2324" WIDTH="1464" HEIGHT="50">
						<TextLine ID="line_26" HPOS="314" VPOS="2324" WIDTH="1464" HEIGHT="50">
							<String ID="string_215" HPOS="314" VPOS="2324" WIDTH="74" HEIGHT="33" WC="0.79" CONTENT="Bih."/><SP WIDTH="25" VPOS="2324" HPOS="388"/>
							<String ID="string_216" HPOS="413" VPOS="2326" WIDTH="49" HEIGHT="31" WC="0.92" CONTENT="till"/><SP WIDTH="23" VPOS="2326" HPOS="462"/>
							<String ID="string_217" HPOS="485" VPOS="2326" WIDTH="110" HEIGHT="33" WC="0.63" CONTENT="Riksd."/><SP WIDTH="23" VPOS="2326" HPOS="595"/>
							<String ID="string_218" HPOS="618" VPOS="2326" WIDTH="88" HEIGHT="33" WC="0.96" CONTENT="Prot."/><SP WIDTH="28" VPOS="2326" HPOS="706"/>
							<String ID="string_219" HPOS="734" VPOS="2328" WIDTH="92" HEIGHT="33" WC="0.94" CONTENT="1910."/><SP WIDTH="48" VPOS="2328" HPOS="826"/>
							<String ID="string_220" HPOS="874" VPOS="2330" WIDTH="21" HEIGHT="31" WC="0.93" CONTENT="7"/><SP WIDTH="23" VPOS="2330" HPOS="895"/>
							<String ID="string_221" HPOS="918" VPOS="2329" WIDTH="96" HEIGHT="32" WC="0.86" CONTENT="Saml."/><SP WIDTH="46" VPOS="2329" HPOS="1014"/>
							<String ID="string_222" HPOS="1060" VPOS="2331" WIDTH="18" HEIGHT="30" WC="0.92" CONTENT="1"/><SP WIDTH="23" VPOS="2331" HPOS="1078"/>
							<String ID="string_223" HPOS="1101" VPOS="2330" WIDTH="79" HEIGHT="42" WC="0.91" CONTENT="Afd."/><SP WIDTH="46" VPOS="2330" HPOS="1180"/>
							<String ID="string_224" HPOS="1226" VPOS="2332" WIDTH="42" HEIGHT="32" WC="0.93" CONTENT="44"/><SP WIDTH="24" VPOS="2332" HPOS="1268"/>
							<String ID="string_225" HPOS="1292" VPOS="2332" WIDTH="95" HEIGHT="42" WC="0.90" CONTENT="Häft."/><SP WIDTH="46" VPOS="2332" HPOS="1387"/>
							<String ID="string_226" HPOS="1433" VPOS="2333" WIDTH="65" HEIGHT="38" WC="0.96" CONTENT="(Nr"/><SP WIDTH="23" VPOS="2333" HPOS="1498"/>
							<String ID="string_227" HPOS="1521" VPOS="2334" WIDTH="66" HEIGHT="39" WC="0.95" CONTENT="47)"/><SP WIDTH="175" VPOS="2334" HPOS="1587"/>
							<String ID="string_228" HPOS="1762" VPOS="2337" WIDTH="16" HEIGHT="30" WC="0.96" CONTENT="1"/>
						</TextLine>
					</TextBlock>
				</ComposedBlock>
			</PrintSpace>
		</Page>
	</Layout>
</alto>
