2198 2616
385 174 19 34 3
586 176 117 36 Andra
727 176 217 37 kammarens
969 177 126 39 törsta
1120 180 173 45 tillfälliga
1320 183 140 35 utskotts
1484 188 173 33 utlåtande
1682 187 50 34 Nr
1758 194 28 28 1.

382 260 142 36 lokaler
566 263 84 34 med
693 262 162 48 verkligt
883 264 255 48 konstnärliga
1168 268 120 35 tavlor
1317 269 89 35 eller
1433 271 98 45 goda
1560 271 262 48 avbildningar
1851 286 45 24 av
1925 277 52 33 så-

384 314 106 44 dana,
527 316 67 35 och
623 315 72 37 dels
724 328 132 35 genom
887 319 231 36 anställande
1149 333 44 24 av
1223 320 253 48 konsulenter,
1513 336 76 24 som
1620 325 126 36 kunde
1776 329 46 44 gå
1852 328 124 35 veder-

382 367 162 37 börande
585 368 183 37 tillhanda
811 372 81 34 med
935 373 65 34 råd
1043 373 11 34 i
1097 374 68 35 och
1200 375 56 35 för
1290 376 242 36 anskaffande
1567 391 44 24 av
1646 380 96 46 goda
1772 380 203 37 konstverk

379 426 173 32 ävensom
583 425 37 33 åt
649 423 44 35 de
724 426 133 44 många
886 437 175 34 personer
1090 428 82 34 med
1193 428 322 49 konstnärsanlag,
1534 443 76 24 som
1632 438 99 30 ännu
1753 439 61 30 äro
1842 447 133 35 >0Oupp-

380 475 164 45 täckta»,
575 476 123 36 lämna
727 477 102 48 hjälp
859 479 68 34 och
956 479 165 48 ledning.

484 529 192 37 Utskottet
719 543 108 24 anser
868 532 215 48 obehövligt
1124 538 53 32 att
1219 535 88 48 ingå
1339 539 46 45 på
1414 549 47 24 en
1490 539 199 47 utredning
1719 552 46 24 av
1795 541 178 37 konstens

378 581 216 38 förädlande
635 584 219 48 inflytande,
899 586 82 36 dess
1024 588 165 47 förmåga
1230 592 54 33 att
1323 590 92 48 lyfta
1458 592 125 36 sinnet
1617 594 67 35 och
1713 594 162 49 förljuva
1903 595 69 36 till-

376 648 125 24 varon.
558 636 70 37 Att
668 638 162 47 verkligt
870 640 72 46 god
986 640 111 37 konst
1135 642 143 47 sprides
1320 644 13 35 i
1362 645 65 35 allt
1455 645 269 38 vidsträcktare
1753 648 146 36 kretsar
1928 661 45 24 av

375 689 117 37 folket
521 696 39 30 är
589 694 53 33 ett
670 692 202 44 önskemål,
904 705 76 24 som
1011 695 182 37 utskottet
1222 697 103 36 delar
1353 699 83 35 med
1457 699 239 37 motionären.
1751 702 58 35 De
1830 702 142 36 skatter

375 755 46 24 av
467 744 116 36 sådan
625 745 122 45 konst,
796 758 75 24 som
919 747 84 36 icke
1047 748 110 37 minst
1200 751 73 35 den
1302 753 215 35 nuvarande
1551 753 343 48 blomstringstiden
1924 759 45 45 på

376 797 101 36 detta
519 799 148 35 område
710 799 138 36 skänkt
890 803 82 33 vårt
1004 802 89 45 folk,
1129 803 88 36 böra
1245 804 84 36 icke
1359 818 87 23 vara
1473 807 231 36 förbehållna
1734 810 38 34 åt
1801 812 53 33 ett
1881 810 89 36 fåtal

374 853 91 33 utan
506 856 108 42 göras
655 852 236 48 tillgängliga
931 854 56 36 för
1029 856 83 35 hela
1141 857 130 36 folket.
1328 859 18 35 I
1380 871 140 24 samma
1554 863 83 33 mån
1666 862 305 37 skönhetssinnet

374 904 114 44 odlas,
534 905 148 36 komma
715 906 139 36 alstren
887 920 44 24 av
962 920 46 24 en
1036 908 155 38 förvänd
1226 911 91 36 eller
1349 914 119 35 osund
1502 914 278 49 smakriktning
1809 919 53 33 att
1891 929 77 23 mer

372 958 69 35 och
470 971 78 23 mer
575 963 152 43 trängas
755 960 166 37 tillbaka.

477 1012 114 36 Detta
631 1013 117 47 gäller
784 1013 84 37 icke
897 1015 131 36 enbart
1056 1017 276 38 målarkonsten
1361 1023 90 33 utan
1480 1020 13 36 i
1521 1021 76 36 lika
1626 1023 74 46 hög
1729 1024 94 46 grad
1853 1026 112 34 andra

369 1064 221 47 konstarter,
629 1070 25 32 t.
697 1079 57 24 ex.
787 1067 181 48 skulptur,
1002 1069 319 49 byggnadskonst,
1357 1074 121 36 musik
1508 1075 68 35 och
1606 1076 204 37 dramatisk
1841 1078 119 36 konst.

478 1120 75 35 Det
594 1120 68 36 har
700 1121 206 36 emellertid
934 1122 205 48 ingalunda
1160 1126 153 36 saknats
1347 1129 225 35 strävanden
1609 1132 54 33 att
1688 1135 90 42 göra
1804 1131 156 37 konsten

369 1172 214 48 tillgänglig
621 1174 56 35 för
719 1174 261 38 allmänheten.
1038 1178 92 36 Vårt
1160 1180 109 35 lands
1298 1181 151 36 främsta
1479 1182 316 49 konstsamlingar
1824 1190 61 31 äro
1915 1187 50 35 åt-

369 1225 183 37 minstone
596 1228 97 35 vissa
733 1228 99 36 tider
872 1234 91 31 utan
991 1230 192 49 betalning
1216 1239 122 42 öppna
1367 1234 55 36 för
1452 1247 123 25 envar.
1624 1237 19 35 I
1672 1238 45 35 de
1748 1242 116 32 större
1895 1243 68 32 stä-

368 1279 114 36 derna
525 1286 61 30 äro
618 1281 190 47 åtskilliga
838 1284 205 35 värdefulla
1072 1285 214 48 skulpturer
1314 1292 173 43 uppsatta
1518 1292 45 44 på
1592 1291 192 47 offentliga
1813 1292 147 47 platser.

367 1332 143 37 Genom
561 1335 241 36 anordnande
831 1348 45 24 av
910 1337 184 37 skolresor
1122 1341 69 34 och
1220 1340 257 49 billighetståg
1506 1343 68 35 har
1603 1343 194 48 möjlighet
1824 1345 138 37 beretts

365 1386 56 36 för
467 1393 94 30 även
609 1389 168 47 avlägset
823 1389 143 37 boende
1014 1395 54 33 att
1113 1396 86 44 taga
1245 1396 193 35 städernas
1490 1396 224 37 konstalster
1756 1398 13 35 i
1817 1399 142 37 betrak-

364 1441 124 35 tande.

469 1494 112 37 Vissa
609 1496 134 45 skolor,
775 1496 94 37 både
898 1499 102 46 lägre
1030 1500 68 35 och
1126 1501 127 47 högre,
1284 1502 47 36 ha
1360 1506 47 44 på
1436 1516 130 24 senare
1596 1507 87 33 åren
1704 1504 149 39 erhållit
1873 1508 86 35 mål-

363 1547 134 47 ningar
526 1550 68 34 och
623 1549 266 48 skulpturverk
918 1564 45 24 av
992 1552 211 48 betydande
1233 1556 123 36 värde.
1406 1557 72 36 Till
1508 1559 114 34 andra
1642 1558 126 37 skolor
1787 1560 68 35 har
1874 1573 85 24 man

363 1601 186 37 anskaffat
590 1604 96 45 goda
720 1604 261 48 avbildningar
1014 1619 46 23 av
1089 1607 216 39 konstverk.
1363 1610 19 35 I
1411 1611 72 36 den
1512 1612 236 47 förteckning
1777 1616 21 32 å
1826 1615 131 35 under-

361 1654 365 48 visningsmateriell,
771 1670 77 24 som
883 1660 83 35 med
995 1661 203 36 understöd
1227 1675 46 23 av
1302 1665 215 35 statsmedel
1545 1665 302 37 tillhandahålles
1877 1668 78 36 sko-

360 1708 103 36 lorna
496 1721 133 35 genom
660 1711 129 47 kungl.
820 1712 436 50 folkskolöverstyrelsen
1285 1717 57 35 till
1371 1718 150 36 nedsatt
1550 1719 86 46 pris,
1666 1719 122 52 finnas
1819 1733 46 23 en
1894 1722 60 35 hel

360 1761 59 36 del
463 1763 128 47 dylika
619 1765 309 46 reproduktioner
956 1767 177 47 lämpliga
1166 1769 152 36 särskilt
1345 1770 55 36 för
1428 1772 189 36 skolsalar.
1675 1773 206 48 Åtskilliga
1911 1787 45 25 av

359 1816 107 35 dessa
508 1817 120 36 tavlor
660 1830 109 35 passa
799 1819 109 35 också
937 1820 56 35 för
1022 1822 113 35 andra
1165 1823 288 47 samlingssalar.
1512 1826 72 36 För
1612 1826 121 48 övrigt
1761 1827 55 36 ha
1834 1831 47 44 på
1902 1841 52 23 se-

357 1880 90 24 nare
476 1872 88 34 åren
593 1882 132 36 genom
757 1872 238 37 bokhandeln
1024 1875 126 46 spritts
1179 1876 250 49 konstnärligt
1453 1879 91 47 högt
1572 1881 152 35 stående
1753 1883 200 46 reproduk-

355 1921 120 37 tioner
518 1936 45 24 av
605 1925 204 36 värdefulla
852 1927 218 47 målningar,
1113 1930 68 35 och
1216 1930 12 35 i
1258 1934 133 44 många
1426 1932 82 36 hem
1548 1933 94 36 hava
1672 1934 108 36 dessa
1815 1935 137 36 avbild-

355 1975 135 48 ningar
517 1980 169 45 utträngt
716 1979 257 37 mindervärda
1001 1983 119 34 tavlor
1148 1984 69 35 och
1248 1997 121 23 annan
1399 1986 238 48 underhaltig
1665 1988 185 46 grannlåt.

461 2030 72 36 För
561 2031 210 37 bevarande
802 2033 66 49 av:
879 2032 157 49 gammal
1064 2037 72 45 god
1166 2038 137 35 svensk
1332 2038 62 36 stil
1427 2040 103 35 såväl
1559 2041 70 36 vad
1648 2040 301 49 boningshusens

353 2086 98 44 yttre
493 2096 77 24 som
616 2086 71 35 vad
731 2087 105 35 deras
865 2087 209 48 inredning,
1106 2090 150 45 möbler,
1298 2104 30 23 o.
1362 2093 32 35 d.
1425 2092 184 47 beträffar,
1640 2094 147 37 arbetas
1816 2095 13 36 i
1861 2098 87 34 våra

353 2137 116 47 dagar
497 2139 84 35 med
609 2139 157 36 intresse
796 2141 68 35 och
892 2141 222 47 ihärdighet.
1172 2144 75 36 Det
1275 2144 161 38 behöver
1461 2148 131 35 endast
1607 2148 140 36 erinras
1764 2161 58 24 om
1844 2150 104 36 »För-

352 2190 163 48 eningen
543 2192 56 36 för
627 2193 338 48 hembygdsvård».
1011 2196 64 35 Ett
1103 2198 150 47 uttryck
1282 2199 56 35 för
1366 2212 138 24 samma
1534 2202 196 35 strävande
1760 2206 109 44 utgör
1898 2216 51 23 ar-

350 2243 101 37 betet
499 2246 189 36 »Svenska
719 2248 280 47 allmogehem>,
1032 2262 74 23 som
1139 2251 62 35 vill
1233 2253 112 35 verka
1376 2253 54 36 för
1460 2266 45 23 en
1536 2255 161 47 verkligt
1726 2257 87 45 god.
1833 2257 113 48 bygg-
