1934 2834
276 170 20 28 4
711 176 105 27 Andra
840 177 201 33 lagutskottets
1065 180 149 28 utlåtande
1237 181 44 29 Nr
1306 186 46 25 12.

282 252 57 31 och
362 252 292 40 Centralstyrelsen
676 256 52 32 för
751 256 148 40 Sveriges
923 258 254 36 Läkarförbund
1199 263 59 31 har
1280 264 101 32 såsom
1403 266 49 31 sin
1475 268 130 38 mening
1627 269 158 32 framhål-

284 292 50 39 lit,
358 297 50 28 att
432 294 61 32 den
516 295 156 38 gällande
695 297 219 34 föreskriften
940 312 98 26 synes
1063 303 135 38 onödigt
1222 308 127 36 sträng,
1374 311 85 28 samt
1482 312 51 28 att
1552 310 69 32 viss
1643 311 142 31 minimi-

284 334 138 33 fordran
442 341 82 27 även
543 338 61 32 här
623 338 58 33 bör
699 341 151 37 angivas.
881 342 68 32 För
967 355 81 26 egen
1069 345 52 31 del
1140 357 97 21 anser
1256 346 69 40 jag,
1345 352 50 29 att
1415 350 203 39 rättigheten
1637 356 50 29 att
1705 352 81 33 idka

281 378 224 41 yrkesmässig
527 382 103 31 trafik
654 384 70 31 med
748 385 175 32 automobil
947 386 57 32 bör
1026 388 145 33 medföra
1194 393 121 29 största
1336 393 136 38 möjliga
1496 394 148 34 säkerhet
1671 396 52 32 för
1748 396 37 32 de

281 421 373 41 samhällsmedlemmar,
681 437 66 20 som
774 427 146 32 anförtro
945 428 53 39 sig
1020 429 33 32 åt
1080 430 100 33 sådan
1205 432 117 36 trafik,
1349 434 56 31 och
1429 436 11 31 i
1466 433 319 47 överensstämmelse

280 463 133 32 härmed
432 469 80 27 även
532 469 101 29 större
651 467 135 32 fordran
803 469 43 37 på
865 469 145 34 förarens
1030 471 245 34 kvalifikation.
1320 474 181 35 Samhället
1521 489 95 27 synes
1637 480 68 38 mig
1725 480 60 31 här

280 505 86 32 hava
385 509 46 28 ett
449 506 135 34 intresse
604 511 48 29 att
672 508 123 34 bevaka
816 510 69 33 icke
905 511 83 34 blott
1008 513 12 31 i
1041 513 96 39 fråga
1156 526 51 20 om
1229 516 107 32 risken
1360 517 50 32 för
1433 519 37 32 de
1491 519 135 39 åkande,
1650 533 67 20 som
1741 523 43 37 på

283 547 65 37 god
374 550 51 29 tro
450 548 181 33 anförtrott
658 550 53 38 sig
738 551 35 32 åt
799 555 47 29 ett
873 564 41 20 av
943 554 176 33 samhället
1145 556 225 34 auktoriserat
1397 555 387 49 fortskaffningsmedel.

280 590 66 31 För
363 591 67 31 min
449 591 49 32 del
517 592 64 32 kan
599 593 58 39 jag
675 594 113 32 därför
808 596 29 38 ej
856 596 173 39 tillstyrka
1046 599 104 38 någon
1169 600 210 40 nedsättning
1397 603 11 31 i
1426 603 150 38 gällande
1597 605 187 39 fordringar

279 633 44 36 på
340 633 235 39 synförmågan
594 635 51 33 för
663 636 70 38 den,
753 649 66 20 som
837 638 83 32 skall
939 639 73 32 föra
1029 641 174 32 automobil
1223 642 9 31 i
1253 643 223 40 yrkesmässig
1496 646 114 38 trafik,
1632 648 35 31 så
1688 648 96 38 länge

281 674 51 32 det
362 675 29 38 ej
421 681 90 32 göres
544 676 142 34 skillnad
717 679 117 32 mellan
865 681 292 37 personbefordran
1189 684 58 32 och
1278 685 197 38 godstrafik.
1529 687 119 34 Därest
1682 691 102 31 sådan

281 716 146 33 skillnad
445 717 83 33 hade
547 718 116 40 gjorts,
684 720 108 32 skulle
809 721 58 39 jag
885 723 83 32 intet
987 723 145 34 invända
1149 730 68 29 mot
1238 729 49 30 att
1308 727 53 32 för
1380 728 109 33 förare
1511 741 41 20 av
1571 731 180 32 automobil
1771 732 11 31 i

174 784 8 9 å
280 759 221 39 yrkesmässig
530 762 186 37 godstrafik
746 775 123 21 samma
898 766 189 39 fordringar
1115 769 204 37 uppställdes
1351 782 66 20 som
1448 771 52 33 för
1530 773 185 33 erhållande
1745 786 39 20 av

282 801 146 32 körkort.
469 802 64 33 Det
551 804 90 32 torde
658 805 11 31 i
688 805 89 32 detta
796 807 238 39 sammanhang
1051 809 78 32 böra
1148 810 206 40 framhållas,
1374 816 48 29 att
1442 814 192 39 fordringen
1652 817 42 37 på
1714 828 70 20 nor-

279 844 66 31 mal
370 844 215 39 synförmåga
608 847 28 37 ej
661 846 85 33 blott
769 848 134 33 innebär
928 851 126 32 normal
1079 852 187 39 synskärpa
1290 855 19 30 å
1331 854 84 32 båda
1438 860 131 34 ögonen,
1595 862 79 28 utan
1702 863 80 28 även

279 886 144 32 normala
442 887 252 38 synfunktioner
712 894 76 27 över
805 890 119 38 huvud,
947 892 121 33 således
1090 898 78 28 även
1188 896 140 31 normalt
1348 898 180 37 färgsinne.
1570 899 52 32 Då
1641 901 142 32 emeller-

279 927 47 32 tid
352 928 211 33 föreskriften
588 930 11 32 i
624 930 179 34 allmänhet
827 933 28 38 ej
881 934 89 32 torde
994 934 85 33 hava
1103 936 122 33 tolkats
1252 938 45 36 så,
1323 939 89 31 torde
1437 939 210 35 beträffande
1674 942 108 32 förare

279 981 41 20 av
346 971 174 32 automobil
547 972 11 31 i
583 972 224 40 yrkesmässig
832 976 106 31 trafik
966 977 140 32 särskild
1134 978 174 33 föreskrift
1335 982 163 36 angående
1525 984 139 32 normalt
1693 985 88 38 färg-

279 1011 92 33 sinne
388 1011 78 34 böra
482 1012 153 40 tillfogas
652 1015 12 31 i
680 1018 324 32 överensstämmelse
1019 1019 72 32 med
1110 1018 149 35 Svenska
1275 1021 289 41 Vägföreningens
1582 1025 139 39 förslag.

322 1062 65 32 Vid
410 1063 233 41 föredragning
665 1066 12 31 i
701 1068 176 31 statsrådet
899 1080 40 20 av
963 1069 51 32 det
1037 1070 125 39 förslag
1185 1072 53 31 till
1263 1072 189 40 förordning
1476 1086 50 20 om
1549 1077 231 33 motorfordon.

278 1124 66 20 som
372 1113 51 31 för
450 1115 152 36 yttrande
629 1116 236 34 underställdes
896 1119 84 32 1923
1009 1120 53 32 års
1091 1121 141 39 riksdag,
1265 1123 134 32 anförde
1428 1124 352 38 departementschefen

278 1163 82 32 efter
381 1167 48 29 att
449 1164 86 33 hava
554 1166 121 32 uttalat
696 1167 52 38 sig
769 1169 162 37 angående
955 1170 37 31 de
1015 1170 196 40 fordringar,
1235 1184 68 20 som
1324 1173 95 33 borde
1441 1176 185 37 uppställas
1649 1178 11 31 i
1685 1178 97 38 fråga

278 1225 49 20 om
354 1215 304 33 automobilförares
685 1217 196 40 synskärpa,
908 1219 98 33 bland
1034 1226 113 27 annat:

323 1272 18 31 I
359 1272 104 33 likhet
481 1274 73 32 med
574 1274 37 33 de
630 1275 213 40 sakkunniga
863 1289 94 21 anser
974 1278 59 40 jag
1052 1279 37 32 de
1108 1281 50 31 uti
1177 1293 81 26 nyss
1278 1281 137 33 berörda
1433 1283 206 34 hänseenden
1660 1286 53 31 för
1732 1298 47 20 er-

276 1314 150 33 hållande
444 1328 40 19 av
501 1316 135 33 körkort
655 1318 188 39 föreslagna
861 1320 284 35 bestämmelserna
1163 1323 78 33 böra
1262 1325 90 37 gälla
1370 1326 11 31 i
1399 1327 154 32 avseende
1573 1328 19 31 å
1613 1328 43 32 all
1675 1329 105 32 trafik

278 1356 57 32 och
360 1357 60 32 har
446 1358 112 32 därför
584 1360 28 37 ej
638 1361 156 38 upptagit
819 1362 349 39 medicinalstyrelsens
1198 1365 135 40 förslag,
1362 1371 48 28 att
1437 1369 11 30 i
1476 1370 153 32 avseende
1657 1371 18 31 å
1704 1383 76 26 syn-

277 1399 57 31 och
356 1399 280 40 hörselförmågan
657 1402 101 33 andra
780 1403 57 32 och
860 1407 170 36 strängare
1053 1406 207 33 föreskrifter
1284 1408 104 33 skulle
1411 1410 88 38 gälla
1524 1412 51 30 för
1598 1412 182 33 erhållande

279 1452 41 20 av
337 1440 153 33 tillstånd
507 1442 53 32 till
578 1443 228 40 yrkesmässig
823 1445 118 33 trafik.

321 1531 196 39 Riksdagen
541 1534 114 37 gjorde
679 1535 11 32 i
714 1536 218 33 förevarande
956 1538 53 32 del
1032 1539 130 32 erinran
1188 1540 143 33 allenast
1354 1542 11 31 i
1389 1542 101 38 fråga
1515 1556 52 19 om
1591 1545 59 32 den
1678 1546 102 32 erfor-

278 1582 129 39 derliga
428 1584 123 37 graden
575 1597 41 20 av
639 1586 199 39 synskärpa.

322 1658 55 32 Av
395 1659 60 32 den
476 1671 83 21 ovan
577 1661 152 33 lämnade
749 1663 229 38 redogörelsen
999 1666 91 32 torde
1109 1666 37 32 få
1165 1679 97 20 anses
1283 1668 142 39 framgå,
1448 1673 50 29 att
1518 1670 105 39 enligt
1644 1683 44 20 nu
1709 1672 71 38 gäl-

278 1709 96 32 lande
396 1710 195 39 förordning
612 1712 71 39 den,
707 1725 69 20 som
798 1718 37 28 är
857 1715 183 39 färgblind,
1061 1716 73 34 icke
1157 1717 66 32 kan
1247 1718 141 33 allenast
1410 1720 19 31 å
1453 1720 106 32 denna
1581 1722 108 37 grund
1711 1726 69 29 ute-

278 1764 137 34 stängas
440 1761 76 32 från
540 1766 108 29 rätten
672 1767 50 29 att
744 1764 128 33 erhålla
893 1765 149 34 körkort.
1087 1766 158 34 Däremot
1266 1768 67 33 kan
1357 1770 102 32 sådan
1484 1783 118 26 person
1625 1772 155 33 befinnas

276 1811 74 32 icke
370 1812 141 38 lämplig
530 1814 107 31 såsom
658 1814 111 33 förare
789 1827 42 21 av
850 1817 182 32 automobil
1051 1818 12 31 i
1083 1818 230 40 yrkesmässig
1335 1820 107 32 trafik
1462 1822 61 31 och
1543 1822 93 39 förty
1656 1828 124 34 vägras

278 1862 154 32 tillstånd
460 1864 108 31 såsom
597 1865 129 32 sådan.”
759 1865 55 33 Då
841 1867 183 33 emellertid
1052 1869 43 38 på
1124 1870 109 37 grund
1261 1882 42 20 av
1331 1871 155 37 gällande
1515 1872 265 34 bestämmelsers

277 1913 194 39 avfattning
496 1915 54 32 vid
578 1915 346 41 läkarundersökning
951 1919 53 31 för
1031 1919 189 33 erhållande
1247 1932 42 20 av
1314 1920 137 34 körkort
1476 1923 109 38 någon
1615 1924 166 38 prövning

277 1976 41 19 av
341 1965 259 33 vederbörandes
624 1967 174 38 färgsinne
820 1968 11 31 i
854 1968 54 32 det
931 1973 89 28 stora
1044 1970 148 33 flertalet
1216 1971 64 32 fall
1304 1971 187 39 säkerligen
1514 1973 73 33 icke
1611 1974 169 39 företages

277 2015 60 32 och
360 2016 112 32 därom
496 2017 101 32 alltså
617 2018 176 39 ingenting
816 2019 157 33 förmäles
996 2021 12 31 i
1031 2020 54 33 det
1109 2021 182 33 utfärdade
1314 2022 141 39 intyget,
1479 2028 38 28 är
1541 2024 60 32 den
1627 2021 152 47 myndig-

277 2066 65 38 het,
368 2079 68 19 som
461 2068 164 32 meddelar
649 2069 138 38 angivet
813 2070 162 39 tillstånd,
1001 2071 11 31 i
1037 2072 90 37 regel
1151 2073 159 32 ovetande
1335 2085 50 20 om
1411 2075 180 32 eventuellt
1617 2076 162 32 förekom-

278 2118 116 32 mande
423 2118 229 38 färgblindhet
678 2119 59 33 hos
765 2120 60 32 den
853 2121 329 34 tillståndssökande.

96 2229 11 24 I
129 2237 106 30 grann-
324 2220 182 38 Angående
532 2221 58 31 den
614 2221 169 39 ställning,
810 2234 68 20 som
903 2223 258 56 lagstiftningen
1186 2225 12 31 1
1221 2225 81 31 våra
1327 2226 220 37 grannländer
1573 2226 129 39 intager
1726 2227 54 31 till

91 2262 145 40 länderna
278 2270 217 33 förevarande
517 2272 173 38 spörsmål,
711 2273 54 31 må
788 2273 147 37 följande
954 2274 177 38 uppgifter
1152 2274 145 33 lämnas:

64 2295 135 34 gällande
223 2296 40 26 be-

76 2329 177 26 stämmelser
316 2320 119 39 Enligt
460 2322 5 31 i
484 2323 170 33 Danmark
676 2323 156 37 gällande
855 2323 91 33 »Lov
967 2336 51 20 om
1039 2324 272 39 Motorkoretojer
1333 2338 40 20 m.
1397 2338 62 20 m.»
1482 2339 38 20 av
1546 2327 60 32 den
1629 2328 40 31 20
1691 2339 88 21 mars

66 2363 198 59 byjetkarende
279 2373 84 32 1918
385 2377 86 28 samt
490 2386 43 19 av
553 2373 329 38 justitieministeriet
903 2375 73 32 med
997 2376 73 32 stöd
1093 2388 41 20 av
1156 2376 105 33 denna
1283 2377 57 38 lag
1361 2378 161 32 utfärdad
1546 2378 199 39 kungörelse
1769 2380 11 31 i

82 2408 164 15 EO
277 2427 110 30 ämnet
404 2424 120 33 kräves
544 2425 52 32 för
614 2425 191 33 erhållande
826 2438 41 20 av
885 2426 138 32 körkort
1044 2426 206 40 läkarintyg,
1271 2428 175 32 utvisande
1468 2432 50 28 att
1536 2429 244 33 vederbörande

277 2479 38 27 är
341 2475 10 31 i
378 2474 181 40 besittning
584 2487 42 20 av
652 2475 261 40 »tilstrekkelig
941 2475 100 39 Syns-
1069 2477 59 32 och
1158 2476 204 34 Horeevne».
1411 2477 18 32 I
1456 2482 47 29 ett
1530 2491 42 20 av
1599 2478 179 34 Sundhets-
