2212 2622
391 191 38 30 14
798 187 117 32 Första
938 186 218 42 lagutskottets
1177 186 167 31 memorial
1367 185 53 32 Nr
1442 186 53 31 20.

460 268 175 39 (Utskottets
658 266 217 38 ursprungliga
897 265 139 38 förslag.)
1224 264 170 38 (Utskottets
1417 263 456 41 sammanjämkningsförslag.)

1096 360 50 35 34
1173 357 31 50 8.

475 449 74 36 Det
591 448 230 37 tillkommer
861 444 436 51 tillsynsmyndigheten
1341 450 54 31 att
1427 444 189 36 övervaka
1644 450 55 30 att
1728 443 233 37 beträffande

348 501 181 37 fondbörs
572 500 125 37 denna
738 498 68 50 lag
834 498 70 37 och
932 497 328 46 börsordningens
1289 496 238 36 föreskrifter
1554 495 194 48 iakttagas
1778 499 100 32 samt
1905 499 55 31 att

346 552 295 37 verksamheten
683 554 20 34 å
744 551 182 36 fondbörs
954 550 12 35 i
995 549 130 47 övrigt
1167 548 195 48 försiggår
1402 551 48 45 på
1492 547 136 36 sådant
1669 552 88 41 sätt,
1801 551 54 31 att
1890 546 71 36 den

346 604 132 37 länder
505 604 59 36 till
592 609 110 45 nytta
730 603 61 36 för
819 602 63 36 det
909 601 202 36 allmänna.

1100 722 48 35 35
1178 720 31 49 8.

479 810 365 49 Fondbörsstyrelse
873 809 161 48 åligger:

480 868 57 31 att
566 863 58 36 för
651 862 86 46 den,
767 874 82 23 som
879 861 121 47 enligt
1029 873 47 23 av
1105 859 223 47 Konungen
1356 856 222 37 meddelade
1597 855 186 37 särskilda
1802 855 162 36 bestäm-

351 916 135 36 melser
527 914 69 36 har
637 918 55 32 att
720 914 12 35 i
761 912 135 37 sådant
923 910 218 38 hänseende
1170 909 192 37 företräda
1389 907 448 50 tillsynsmyndigheten,
1866 905 99 36 hålla

350 967 157 37 börsens
534 965 194 50 protokoll
757 965 73 36 och
857 964 131 47 övriga
1016 962 233 48 handlingar
1268 960 248 50 tillgängliga
1536 960 59 36 för
1614 958 259 50 granskning;
1894 957 70 36 och

480 1023 56 31 att
550 1018 145 48 jämväl
715 1017 13 36 i
748 1016 130 49 övrigt
898 1014 176 37 meddela
1093 1012 430 50 tillsynsmyndigheten
1536 1012 72 36 alla
1623 1011 46 36 de
1686 1010 279 50 upplysningar

350 1070 160 37 rörande
546 1069 297 37 verksamheten
880 1071 21 33 å
930 1066 235 37 fondbörsen
1194 1065 71 36 och
1293 1063 155 37 därmed
1478 1061 380 48 sammanhängande
1887 1073 78 23 om-

353 1122 276 48 ständigheter,
658 1134 82 23 som
771 1133 47 23 av
847 1119 168 36 nämnda
1043 1117 229 49 myndighet
1300 1116 122 36 äskas.

1109 1240 46 34 36
1185 1238 31 49 8.

456 1344 449 51 Tillsynsmyndigheten
936 1348 92 43 äger
1057 1340 275 38 sammankalla
1360 1337 358 50 fondbörsstyrelse,
1746 1341 69 31 när
1834 1336 133 36 sådant

353 1400 120 34 finnes
501 1397 148 47 nödigt.
704 1396 75 36 Vid
808 1393 371 48 fondbörsstyrelses
1208 1390 279 38 sammanträde
1516 1392 62 33 må
1597 1392 21 33 å
1638 1387 331 50 tillsynsmyndig-

353 1451 134 36 hetens
528 1453 147 43 vägnar
715 1447 87 46 den,
846 1460 82 22 som
970 1446 124 47 enligt
1123 1458 47 22 av
1198 1443 218 48 Konungen
1444 1440 219 37 meddelade
1691 1439 188 37 särskilda
1906 1438 62 36 be-

354 1501 238 37 stämmelser
620 1499 68 36 har
715 1504 54 31 att
797 1498 13 35 i
839 1497 136 37 sådant
1004 1496 189 37 avseende
1223 1494 190 36 företräda
1441 1492 167 37 nämnda
1628 1491 238 49 myndighet,
1887 1495 82 31 när-

355 1566 90 23 vara
473 1552 71 37 och
572 1551 154 47 deltaga
754 1550 12 36 i
795 1549 389 48 överläggningarna.

1109 1687 46 34 37
1186 1685 31 48 8.

488 1776 79 36 Har
596 1774 346 49 fondbörsstyrelse
971 1774 113 35 fattat
1112 1771 138 46 beslut,
1280 1783 81 23 som
1392 1769 135 36 strider
1556 1772 79 32 mot
1654 1767 124 37 denna
1797 1766 66 49 lag
1883 1767 90 35 eller

357 1828 319 47 börsordningen,
719 1831 93 44 äger
840 1823 434 51 tillsynsmyndigheten
1304 1821 179 48 förbjuda
1512 1818 293 49 verkställighet
1833 1831 47 23 av
1907 1817 64 36 be-

358 1881 123 35 slutet.
538 1877 449 51 Tillsynsmyndigheten
1015 1878 62 34 må
1107 1875 72 36 ock
1206 1874 129 36 kunna
1377 1872 212 37 föreskriva
1630 1869 343 50 fondbörsstyrelse

359 1937 66 42 att,
462 1932 3 35 i
494 1931 183 37 händelse
712 1929 127 37 beslut
882 1942 46 23 av
969 1941 95 36 nyss
1106 1925 251 38 omförmälda
1399 1923 264 38 beskaffenhet
1704 1925 83 45 gått
1824 1921 12 36 i
1865 1921 108 36 verk-

361 1983 210 49 ställighet,
600 1987 96 44 göra
722 1981 169 48 rättelsc,
920 1980 67 36 där
1016 1982 41 34 så
1085 1979 76 36 kan
1185 1978 78 45 ske,
1285 1980 41 33 så
1346 1976 70 37 ock
1437 1981 53 31 att
1509 1975 165 49 fullgöra
1694 1973 72 37 vad
1788 1972 186 50 styrelsen

361 2036 121 48 enligt
509 2035 125 36 denna
662 2034 65 48 lag
754 2033 92 36 eller
871 2031 310 48 börsordningen
1210 2029 157 49 åligger.

488 2085 450 49 Tillsynsmyndigheten
966 2088 93 44 äger
1088 2082 200 48 förelägga
1315 2080 78 36 vite
1416 2079 64 37 vid
1500 2077 249 38 meddelande
1769 2090 48 23 av
1838 2075 137 37 förbud

362 2138 89 37 eller
479 2138 198 37 föreskrift
705 2137 121 49 enligt
855 2136 123 36 denna
1009 2134 184 50 paragraf
1216 2137 98 32 samt
1348 2132 89 36 fälla
1464 2131 56 36 till
1553 2130 135 37 sådant
1716 2129 90 36 vite.
