2232 2632
666 194 363 42 Bevillninysutskottels
1053 197 212 34 Betänkande
1289 199 62 32 N:o
1377 203 51 30 10.
1824 206 20 30 5)

482 277 39 33 år
562 277 98 35 1902
688 306 521 13 slssrssssssessr
954 273 49 56 ses
1010 273 42 56 sre
1062 273 36 56 rr
1118 273 43 56 ser
1171 273 42 56 ses
1242 281 179 48 kilogram
1449 285 167 46 565,129

491 344 13 16 >»
557 332 98 34 1908
684 361 521 11 sorsrrrssasesrnsnsasn
1057 314 46 73 ann
1112 314 101 73 sne
1258 314 23 73 =
1326 352 12 15 >
1447 340 164 43 658,801

492 399 11 15 >
556 385 101 34 100
685 414 520 11 bossresereresseressse
1055 381 42 56 ss
1111 381 42 56 rer
1167 381 42 56 ora
1446 394 167 42 821,669

492 451 12 16 po
557 439 98 33 1905
684 468 520 11 misssesr
842 419 49 70 ass
894 419 49 70 sss
951 419 36 70 ss
1004 419 49 70 ass
1056 419 45 70 ass
1109 419 40 70 ss
1166 419 40 70 su
1325 459 12 16 >
1392 424 27 71 —
1448 447 165 44 770,249

489 505 12 16 SR
556 492 648 40 CT:
1325 512 12 16 >
1408 499 204 46 -1,033,811

348 702 127 49 Enligt
517 704 278 50 upplysningar,
840 707 210 38 meddelade
1091 709 41 36 af
1170 722 46 24 cn
1245 711 226 37 härvarande
1500 711 187 51 importör,
1730 714 112 37 aktie-

241 754 144 49 bolaget
425 758 147 45 Pomril,
618 762 104 44 utgör
770 761 185 48 »chopped
997 763 143 47 apples»
1186 765 115 48 tredje
1339 765 208 47 produkten
1576 767 40 36 af
1641 768 200 37 Baldwins-

242 810 143 47 äpplen.
442 812 128 36 Första
613 814 207 46 produkten
862 820 146 43 utgöres
1038 817 41 35 af
1108 818 143 46 äpplen,
1295 819 176 46 plockade
1499 820 81 36 från
1605 822 138 44 träden,
1775 823 66 36 och

239 863 128 36 hvilka
395 865 108 48 säljas
531 866 128 36 friska.
717 867 129 37 Andra
874 869 206 47 produkten
1109 876 40 30 är
1178 872 185 36 nedfallna
1391 874 142 47 äpplen,
1577 877 110 45 något
1716 878 122 43 stötta,

239 916 127 36 hvilka
395 919 184 36 användas
621 919 57 36 till
707 933 25 23 s.
764 921 35 35 k.
832 922 229 48 ringäpplen,
1105 925 67 35 och
1209 925 116 48 tredje
1354 926 207 46 produkten
1590 929 143 46 äpplen,
1764 942 76 24 som

240 975 61 31 äro
329 976 116 31 sämre
474 977 46 31 än
550 973 43 35 de
623 973 224 48 föregående.
893 976 115 36 Dessa
1037 977 126 36 skäras
1191 977 14 37 i
1233 978 96 36 bitar
1357 981 81 34 med
1466 980 91 46 skal,
1588 982 164 36 kärnhus
1772 984 68 36 och

238 1023 121 49 stjälk,
402 1026 185 37 hvarefter
625 1027 43 36 de
706 1028 123 37 torkas
866 1030 67 37 och
961 1030 108 50 säljas
1098 1032 117 36 under
1243 1045 110 24 namn
1382 1033 40 36 af
1459 1034 186 49 »chopped
1675 1036 161 48 apples».

343 1133 413 49 Bevillningsutskottet
783 1138 119 36 finner
922 1138 216 50 visserligen
1158 1140 279 48 ifrågavarande
1459 1142 270 50 framställning
1749 1157 88 26 vara

236 1187 89 35 värd
366 1187 217 47 beaktande,
629 1202 82 24 men
753 1203 106 25 anser
900 1191 116 39 likväl
1055 1194 14 36 i
1111 1194 131 37 sakens
1280 1197 210 36 nuvarande
1524 1199 177 35 outredda
1729 1199 107 37 skick

236 1240 128 48 frågan
392 1254 56 23 om
477 1255 45 24 en
551 1243 319 50 tullnedsättning,
901 1248 46 46 på
975 1250 73 34 sätt
1077 1248 41 36 af
1142 1249 225 37 motionären
1390 1250 124 38 blifvit
1532 1251 201 49 ifrågasatt,
1755 1253 81 37 icke

235 1306 129 36 mogen
392 1294 58 38 till
479 1297 209 47 afgörande.

340 1349 82 36 Den
451 1351 157 36 svenska
636 1352 367 50 trädgårdsodlingen
1045 1355 166 38 befinner
1240 1356 56 49 sig
1325 1357 13 36 i
1366 1357 165 49 ständigt
1564 1360 273 48 framåtgående

235 1402 65 36 och
342 1402 64 38 vid
447 1404 129 36 sådant
619 1405 224 38 förhållande
872 1420 109 36 synas
1010 1410 171 46 åtgärder
1208 1410 88 37 böra
1324 1412 194 46 undvikas,
1557 1413 128 37 hvilka
1713 1415 125 37 kunde

234 1456 145 37 komma
398 1459 54 34 att
470 1456 155 39 inverka
644 1459 152 49 menligt
823 1463 47 45 på
899 1462 119 36 denna
1045 1463 143 48 näring.
1232 1464 83 37 Den
1335 1465 236 50 möjligheten
1591 1472 40 31 är
1650 1469 187 48 nämligen

232 1509 82 37 icke
333 1510 194 47 utesluten,
550 1515 53 34 att
622 1513 108 37 äfven
749 1514 170 38 inhemsk
939 1516 104 37 frukt
1062 1517 118 37 skulle
1200 1518 127 37 kunna
1352 1519 145 37 komma
1517 1521 57 36 till
1599 1523 238 49 användning

232 1564 62 36 vid
322 1564 244 50 tillverkning
594 1567 40 36 af
650 1580 84 24 vare
754 1568 57 48 sig
829 1570 131 47 pomril
980 1571 88 36 eller
1088 1573 114 35 andra
1222 1573 40 36 af
1278 1586 135 24 samma
1432 1577 147 35 råämne
1599 1576 236 47 framställda,

231 1618 180 37 likartade
439 1620 165 48 drycker.
654 1621 128 49 Enligt
811 1624 95 36 hvad
935 1625 178 37 utskottet
1141 1626 181 38 inhämtat
1350 1629 117 36 under
1494 1629 99 37 hand
1613 1630 82 36 från
1719 1631 117 37 landt-

231 1671 343 49 bruksakademien,
605 1675 55 36 lär
685 1676 159 37 afsikten
864 1690 87 24 vara
970 1682 54 34 att
1043 1679 97 37 inom
1162 1681 71 36 den
1252 1685 181 34 närmaste
1453 1682 197 38 framtiden
1670 1685 164 37 anskaffa

231 1726 66 36 och
326 1726 61 37 vid
408 1727 233 38 akademiens
661 1730 330 48 experimentalfält
1016 1733 104 37 invid
1140 1734 272 38 hufvudstaden
1436 1740 171 45 uppsätta
1625 1750 46 24 en
1690 1740 145 36 maskin

230 1780 56 36 för
313 1781 176 48 torkning
518 1783 40 35 af
583 1784 142 46 äpplen,
757 1784 148 38 afsedda
925 1789 54 34 att
998 1788 186 37 användas
1204 1788 62 37 vid
1285 1790 68 36 här
1371 1789 279 49 ifrågavarande
1670 1793 164 37 tillverk-

205 1833 127 49 "ning.
368 1835 87 36 Med
483 1836 170 37 afseende
673 1837 88 37 härå
780 1839 137 37 tillåter
937 1840 56 48 sig
1011 1842 182 37 utskottet
1212 1845 54 34 att
1285 1844 155 48 åberopa
1459 1844 201 38 innehållet
1680 1847 13 35 i
1713 1859 45 24 en
1777 1847 56 37 till

231 1888 178 37 utskottet
436 1889 260 48 öfverlämnad,
735 1892 40 36 af
799 1893 275 38 föreståndaren
1103 1896 56 36 för
1188 1896 233 38 akademiens
1450 1900 383 49 trädgårdsafdelning

230 1942 68 37 och
340 1943 295 47 trädgårdsskola
677 1945 62 37 vid
776 1947 370 48 experimentalfältet
1174 1952 198 47 upprättad
1400 1953 250 48 promemoria,
1681 1955 152 37 hvilken

229 1998 115 35 såsom
373 1996 120 49 bilaga
521 1999 118 36 finnes
668 1999 109 49 fogad
806 2002 62 37 vid
898 2003 98 36 detta
1024 2003 244 38 betänkande.

329 2050 143 37 "Vidare
501 2064 110 36 synes
641 2053 62 37 det
731 2055 80 36 med
839 2056 145 49 hänsyn
1012 2057 59 37 till
1100 2058 71 36 den
1199 2059 208 49 betydande
1436 2061 177 37 införseln
1642 2063 40 35 af
1699 2063 131 37 torkad

228 2104 104 37 frukt
360 2105 80 36 från
469 2106 167 37 utlandet
664 2107 273 48 (företrädesvis
964 2111 268 38 Nordamerika
1260 2114 67 36 och
1355 2114 202 49 Tyskland)
1587 2129 87 23 vara
1702 2117 128 49 nödigt

227 2161 63 43 att,
320 2158 113 37 innan
461 2159 310 52 tullnedsättning
799 2163 177 49 vidtages,
1008 2165 154 38 förvissa
1191 2166 57 49 sig
1276 2180 57 24 om
1362 2172 53 33 att
1439 2169 71 36 den
1529 2170 180 37 särskilda
1728 2183 98 34 vara,

226 2224 57 24 om
324 2212 151 38 hvilken
511 2214 67 36 här
607 2220 41 32 är
676 2215 114 49 fråga,
820 2217 75 37 kan
925 2219 179 37 bestämdt
1133 2221 187 50 särskiljas
1349 2222 82 37 från
1460 2236 122 24 annan
1611 2224 114 47 frukt,
1756 2231 72 31 sär-

227 2265 113 39 skildt
372 2268 124 46 sådan,
526 2280 75 26 som
632 2275 39 31 är
700 2271 125 37 afsedd
854 2272 55 37 för
938 2273 239 51 matlagning.
1236 2276 78 37 Och
1343 2277 199 51 utredning
1570 2277 13 38 i
1612 2279 101 38 detta
1741 2280 86 38 hän-
