<?xml version="1.0" encoding="UTF-8"?>
<alto xmlns="http://www.loc.gov/standards/alto/ns-v3#" xmlns:xlink="http://www.w3.org/1999/xlink" xmlns:xsi="http://www.w3.org/2001/XMLSchema-instance" xsi:schemaLocation="http://www.loc.gov/standards/alto/ns-v3# http://www.loc.gov/alto/v3/alto-3-0.xsd">
	<Description>
		<MeasurementUnit>pixel</MeasurementUnit>
		<sourceImageInformation>
			<fileName>/tmp/tess_9m7o00m7_input.PNG</fileName>
		</sourceImageInformation>
		<OCRProcessing ID="OCR_0">
			<ocrProcessingStep>
				<processingSoftware>
					<softwareName>tesseract 5.3.0</softwareName>
				</processingSoftware>
			</ocrProcessingStep>
		</OCRProcessing>
	</Description>
	<Layout>
		<Page WIDTH="2224" HEIGHT="2628" PHYSICAL_IMG_NR="0" ID="page_0">
			<PrintSpace HPOS="0" VPOS="0" WIDTH="2224" HEIGHT="2628">
				<ComposedBlock ID="cblock_0" HPOS="391" VPOS="205" WIDTH="1183" HEIGHT="44">
					<TextBlock ID="block_0" HPOS="391" VPOS="205" WIDTH="1183" HEIGHT="44">
						<TextLine ID="line_0" HPOS="391" VPOS="205" WIDTH="1183" HEIGHT="44">
							<String ID="string_0" HPOS="391" VPOS="215" WIDTH="19" HEIGHT="31" WC="0.95" CONTENT="6"/><SP WIDTH="397" VPOS="215" HPOS="410"/>
							<String ID="string_1" HPOS="807" VPOS="208" WIDTH="367" HEIGHT="41" WC="0.82" CONTENT="Bevillningsutskottels"/><SP WIDTH="25" VPOS="208" HPOS="1174"/>
							<String ID="string_2" HPOS="1199" VPOS="205" WIDTH="212" HEIGHT="33" WC="0.96" CONTENT="Betänkande"/><SP WIDTH="23" VPOS="205" HPOS="1411"/>
							<String ID="string_3" HPOS="1434" VPOS="205" WIDTH="63" HEIGHT="32" WC="0.96" CONTENT="N:o"/><SP WIDTH="25" VPOS="205" HPOS="1497"/>
							<String ID="string_4" HPOS="1522" VPOS="207" WIDTH="52" HEIGHT="30" WC="0.96" CONTENT="10."/>
						</TextLine>
					</TextBlock>
				</ComposedBlock>
				<ComposedBlock ID="cblock_1" HPOS="387" VPOS="286" WIDTH="1605" HEIGHT="807">
					<TextBlock ID="block_1" HPOS="387" VPOS="286" WIDTH="1601" HEIGHT="207">
						<TextLine ID="line_1" HPOS="387" VPOS="286" WIDTH="1600" HEIGHT="54">
							<String ID="string_5" HPOS="387" VPOS="296" WIDTH="131" HEIGHT="37" WC="0.89" CONTENT="geende"/><SP WIDTH="41" VPOS="296" HPOS="518"/>
							<String ID="string_6" HPOS="559" VPOS="294" WIDTH="104" HEIGHT="37" WC="0.96" CONTENT="torde"/><SP WIDTH="36" VPOS="294" HPOS="663"/>
							<String ID="string_7" HPOS="699" VPOS="291" WIDTH="202" HEIGHT="49" WC="0.95" CONTENT="lämpligen"/><SP WIDTH="37" VPOS="291" HPOS="901"/>
							<String ID="string_8" HPOS="938" VPOS="290" WIDTH="128" HEIGHT="36" WC="0.96" CONTENT="kunna"/><SP WIDTH="29" VPOS="290" HPOS="1066"/>
							<String ID="string_9" HPOS="1095" VPOS="289" WIDTH="178" HEIGHT="36" WC="0.96" CONTENT="anförtros"/><SP WIDTH="29" VPOS="289" HPOS="1273"/>
							<String ID="string_10" HPOS="1302" VPOS="289" WIDTH="38" HEIGHT="35" WC="0.96" CONTENT="åt"/><SP WIDTH="29" VPOS="289" HPOS="1340"/>
							<String ID="string_11" HPOS="1369" VPOS="287" WIDTH="70" HEIGHT="36" WC="0.96" CONTENT="den"/><SP WIDTH="28" VPOS="287" HPOS="1439"/>
							<String ID="string_12" HPOS="1467" VPOS="299" WIDTH="52" HEIGHT="24" WC="0.96" CONTENT="nu"/><SP WIDTH="28" VPOS="299" HPOS="1519"/>
							<String ID="string_13" HPOS="1547" VPOS="286" WIDTH="195" HEIGHT="37" WC="0.96" CONTENT="arbetande"/><SP WIDTH="29" VPOS="286" HPOS="1742"/>
							<String ID="string_14" HPOS="1771" VPOS="286" WIDTH="216" HEIGHT="37" WC="0.96" CONTENT="kommittén"/>
						</TextLine>
						<TextLine ID="line_2" HPOS="388" VPOS="340" WIDTH="1600" HEIGHT="54">
							<String ID="string_15" HPOS="388" VPOS="351" WIDTH="55" HEIGHT="36" WC="0.96" CONTENT="för"/><SP WIDTH="28" VPOS="351" HPOS="443"/>
							<String ID="string_16" HPOS="471" VPOS="348" WIDTH="158" HEIGHT="38" WC="0.96" CONTENT="revision"/><SP WIDTH="29" VPOS="348" HPOS="629"/>
							<String ID="string_17" HPOS="658" VPOS="347" WIDTH="39" HEIGHT="36" WC="0.96" CONTENT="af"/><SP WIDTH="25" VPOS="347" HPOS="697"/>
							<String ID="string_18" HPOS="722" VPOS="345" WIDTH="169" HEIGHT="49" WC="0.93" CONTENT="gällande"/><SP WIDTH="28" VPOS="345" HPOS="891"/>
							<String ID="string_19" HPOS="919" VPOS="343" WIDTH="170" HEIGHT="38" WC="0.85" CONTENT="tulltaxa."/><SP WIDTH="44" VPOS="343" HPOS="1089"/>
							<String ID="string_20" HPOS="1133" VPOS="342" WIDTH="125" HEIGHT="37" WC="0.96" CONTENT="Under"/><SP WIDTH="28" VPOS="342" HPOS="1258"/>
							<String ID="string_21" HPOS="1286" VPOS="340" WIDTH="104" HEIGHT="38" WC="0.95" CONTENT="tiden"/><SP WIDTH="27" VPOS="340" HPOS="1390"/>
							<String ID="string_22" HPOS="1417" VPOS="341" WIDTH="95" HEIGHT="36" WC="0.96" CONTENT="lärer"/><SP WIDTH="25" VPOS="341" HPOS="1512"/>
							<String ID="string_23" HPOS="1537" VPOS="352" WIDTH="84" HEIGHT="24" WC="0.96" CONTENT="man"/><SP WIDTH="19" VPOS="352" HPOS="1621"/>
							<String ID="string_24" HPOS="1640" VPOS="340" WIDTH="67" HEIGHT="36" WC="0.96" CONTENT="ock"/><SP WIDTH="18" VPOS="340" HPOS="1707"/>
							<String ID="string_25" HPOS="1725" VPOS="340" WIDTH="112" HEIGHT="37" WC="0.95" CONTENT="hafva"/><SP WIDTH="19" VPOS="340" HPOS="1837"/>
							<String ID="string_26" HPOS="1856" VPOS="340" WIDTH="132" HEIGHT="37" WC="0.96" CONTENT="vunnit"/>
						</TextLine>
						<TextLine ID="line_3" HPOS="389" VPOS="392" WIDTH="1599" HEIGHT="55">
							<String ID="string_27" HPOS="389" VPOS="402" WIDTH="218" HEIGHT="45" WC="0.95" CONTENT="erfarenhet,"/><SP WIDTH="44" VPOS="402" HPOS="607"/>
							<String ID="string_28" HPOS="651" VPOS="401" WIDTH="95" HEIGHT="36" WC="0.96" CONTENT="huru"/><SP WIDTH="42" VPOS="401" HPOS="746"/>
							<String ID="string_29" HPOS="788" VPOS="399" WIDTH="68" HEIGHT="36" WC="0.96" CONTENT="här"/><SP WIDTH="42" VPOS="399" HPOS="856"/>
							<String ID="string_30" HPOS="898" VPOS="398" WIDTH="110" HEIGHT="38" WC="0.93" CONTENT="ofvan"/><SP WIDTH="42" VPOS="398" HPOS="1008"/>
							<String ID="string_31" HPOS="1050" VPOS="396" WIDTH="237" HEIGHT="38" WC="0.92" CONTENT="omförmälda"/><SP WIDTH="42" VPOS="396" HPOS="1287"/>
							<String ID="string_32" HPOS="1329" VPOS="395" WIDTH="124" HEIGHT="36" WC="0.96" CONTENT="försök"/><SP WIDTH="41" VPOS="395" HPOS="1453"/>
							<String ID="string_33" HPOS="1494" VPOS="394" WIDTH="83" HEIGHT="36" WC="0.95" CONTENT="med"/><SP WIDTH="37" VPOS="394" HPOS="1577"/>
							<String ID="string_34" HPOS="1614" VPOS="392" WIDTH="177" HEIGHT="49" WC="0.95" CONTENT="torkning"/><SP WIDTH="29" VPOS="392" HPOS="1791"/>
							<String ID="string_35" HPOS="1820" VPOS="394" WIDTH="40" HEIGHT="35" WC="0.96" CONTENT="af"/><SP WIDTH="25" VPOS="394" HPOS="1860"/>
							<String ID="string_36" HPOS="1885" VPOS="394" WIDTH="103" HEIGHT="36" WC="0.96" CONTENT="frukt"/>
						</TextLine>
						<TextLine ID="line_4" HPOS="389" VPOS="456" WIDTH="147" HEIGHT="37">
							<String ID="string_37" HPOS="389" VPOS="456" WIDTH="147" HEIGHT="37" WC="0.96" CONTENT="utfallit."/>
						</TextLine>
					</TextBlock>
					<TextBlock ID="block_2" HPOS="390" VPOS="501" WIDTH="1602" HEIGHT="219">
						<TextLine ID="line_5" HPOS="497" VPOS="501" WIDTH="1494" HEIGHT="55">
							<String ID="string_38" HPOS="497" VPOS="510" WIDTH="51" HEIGHT="36" WC="0.96" CONTENT="På"/><SP WIDTH="28" VPOS="510" HPOS="548"/>
							<String ID="string_39" HPOS="576" VPOS="509" WIDTH="120" HEIGHT="47" WC="0.96" CONTENT="grund"/><SP WIDTH="29" VPOS="509" HPOS="696"/>
							<String ID="string_40" HPOS="725" VPOS="508" WIDTH="40" HEIGHT="36" WC="0.96" CONTENT="af"/><SP WIDTH="25" VPOS="508" HPOS="765"/>
							<String ID="string_41" HPOS="790" VPOS="507" WIDTH="97" HEIGHT="37" WC="0.96" CONTENT="hvad"/><SP WIDTH="29" VPOS="507" HPOS="887"/>
							<String ID="string_42" HPOS="916" VPOS="505" WIDTH="154" HEIGHT="37" WC="0.96" CONTENT="sålunda"/><SP WIDTH="28" VPOS="505" HPOS="1070"/>
							<String ID="string_43" HPOS="1098" VPOS="504" WIDTH="152" HEIGHT="44" WC="0.96" CONTENT="anförts,"/><SP WIDTH="30" VPOS="504" HPOS="1250"/>
							<String ID="string_44" HPOS="1280" VPOS="503" WIDTH="68" HEIGHT="36" WC="0.93" CONTENT="har"/><SP WIDTH="28" VPOS="503" HPOS="1348"/>
							<String ID="string_45" HPOS="1376" VPOS="501" WIDTH="413" HEIGHT="49" WC="0.91" CONTENT="bevillningsutskottet,"/><SP WIDTH="30" VPOS="501" HPOS="1789"/>
							<String ID="string_46" HPOS="1819" VPOS="503" WIDTH="89" HEIGHT="34" WC="0.96" CONTENT="utan"/><SP WIDTH="29" VPOS="503" HPOS="1908"/>
							<String ID="string_47" HPOS="1937" VPOS="503" WIDTH="54" HEIGHT="35" WC="0.96" CONTENT="att"/>
						</TextLine>
						<TextLine ID="line_6" HPOS="390" VPOS="555" WIDTH="1601" HEIGHT="49">
							<String ID="string_48" HPOS="390" VPOS="565" WIDTH="128" HEIGHT="35" WC="0.96" CONTENT="kunna"/><SP WIDTH="41" VPOS="565" HPOS="518"/>
							<String ID="string_49" HPOS="559" VPOS="563" WIDTH="123" HEIGHT="36" WC="0.96" CONTENT="direkt"/><SP WIDTH="34" VPOS="563" HPOS="682"/>
							<String ID="string_50" HPOS="716" VPOS="561" WIDTH="147" HEIGHT="37" WC="0.96" CONTENT="förorda"/><SP WIDTH="43" VPOS="561" HPOS="863"/>
							<String ID="string_51" HPOS="906" VPOS="559" WIDTH="194" HEIGHT="45" WC="0.96" CONTENT="motionen,"/><SP WIDTH="44" VPOS="559" HPOS="1100"/>
							<String ID="string_52" HPOS="1144" VPOS="556" WIDTH="124" HEIGHT="38" WC="0.96" CONTENT="funnit"/><SP WIDTH="42" VPOS="556" HPOS="1268"/>
							<String ID="string_53" HPOS="1310" VPOS="556" WIDTH="56" HEIGHT="48" WC="0.95" CONTENT="sig"/><SP WIDTH="28" VPOS="556" HPOS="1366"/>
							<String ID="string_54" HPOS="1394" VPOS="557" WIDTH="86" HEIGHT="36" WC="0.96" CONTENT="böra"/><SP WIDTH="28" VPOS="557" HPOS="1480"/>
							<String ID="string_55" HPOS="1508" VPOS="555" WIDTH="187" HEIGHT="49" WC="0.96" CONTENT="tillstyrka"/><SP WIDTH="28" VPOS="555" HPOS="1695"/>
							<String ID="string_56" HPOS="1723" VPOS="567" WIDTH="46" HEIGHT="24" WC="0.97" CONTENT="en"/><SP WIDTH="29" VPOS="567" HPOS="1769"/>
							<String ID="string_57" HPOS="1798" VPOS="555" WIDTH="193" HEIGHT="37" WC="0.96" CONTENT="skrifvelse"/>
						</TextLine>
						<TextLine ID="line_7" HPOS="390" VPOS="609" WIDTH="1602" HEIGHT="56">
							<String ID="string_58" HPOS="390" VPOS="618" WIDTH="58" HEIGHT="37" WC="0.96" CONTENT="till"/><SP WIDTH="32" VPOS="618" HPOS="448"/>
							<String ID="string_59" HPOS="480" VPOS="617" WIDTH="139" HEIGHT="48" WC="0.96" CONTENT="Kungl."/><SP WIDTH="31" VPOS="617" HPOS="619"/>
							<String ID="string_60" HPOS="650" VPOS="615" WIDTH="108" HEIGHT="50" WC="0.95" CONTENT="Maj:t"/><SP WIDTH="29" VPOS="615" HPOS="758"/>
							<String ID="string_61" HPOS="787" VPOS="615" WIDTH="83" HEIGHT="36" WC="0.96" CONTENT="med"/><SP WIDTH="29" VPOS="615" HPOS="870"/>
							<String ID="string_62" HPOS="899" VPOS="615" WIDTH="158" HEIGHT="46" WC="0.96" CONTENT="begäran"/><SP WIDTH="29" VPOS="615" HPOS="1057"/>
							<String ID="string_63" HPOS="1086" VPOS="625" WIDTH="56" HEIGHT="24" WC="0.96" CONTENT="om"/><SP WIDTH="29" VPOS="625" HPOS="1142"/>
							<String ID="string_64" HPOS="1171" VPOS="611" WIDTH="198" HEIGHT="47" WC="0.94" CONTENT="utredning"/><SP WIDTH="29" VPOS="611" HPOS="1369"/>
							<String ID="string_65" HPOS="1398" VPOS="611" WIDTH="13" HEIGHT="36" WC="0.96" CONTENT="i"/><SP WIDTH="28" VPOS="611" HPOS="1411"/>
							<String ID="string_66" HPOS="1439" VPOS="613" WIDTH="137" HEIGHT="43" WC="0.94" CONTENT="ämnet;"/><SP WIDTH="30" VPOS="613" HPOS="1576"/>
							<String ID="string_67" HPOS="1606" VPOS="610" WIDTH="66" HEIGHT="36" WC="0.96" CONTENT="och"/><SP WIDTH="28" VPOS="610" HPOS="1672"/>
							<String ID="string_68" HPOS="1700" VPOS="609" WIDTH="210" HEIGHT="36" WC="0.92" CONTENT="hemställer"/><SP WIDTH="28" VPOS="609" HPOS="1910"/>
							<String ID="string_69" HPOS="1938" VPOS="611" WIDTH="54" HEIGHT="33" WC="0.91" CONTENT="ut-"/>
						</TextLine>
						<TextLine ID="line_8" HPOS="391" VPOS="671" WIDTH="274" HEIGHT="49">
							<String ID="string_70" HPOS="391" VPOS="673" WIDTH="137" HEIGHT="36" WC="0.93" CONTENT="skottet"/><SP WIDTH="29" VPOS="673" HPOS="528"/>
							<String ID="string_71" HPOS="557" VPOS="671" WIDTH="108" HEIGHT="49" WC="0.88" CONTENT="förty;"/>
						</TextLine>
					</TextBlock>
					<TextBlock ID="block_3" HPOS="817" VPOS="715" WIDTH="1175" HEIGHT="378">
						<TextLine ID="line_9" HPOS="925" VPOS="715" WIDTH="1067" HEIGHT="53">
							<String ID="string_72" HPOS="925" VPOS="724" WIDTH="54" HEIGHT="34" WC="0.96" CONTENT="att"/><SP WIDTH="27" VPOS="724" HPOS="979"/>
							<String ID="string_73" HPOS="1006" VPOS="720" WIDTH="226" HEIGHT="48" WC="0.96" CONTENT="Riksdagen,"/><SP WIDTH="31" VPOS="720" HPOS="1232"/>
							<String ID="string_74" HPOS="1263" VPOS="719" WIDTH="13" HEIGHT="35" WC="0.96" CONTENT="i"/><SP WIDTH="29" VPOS="719" HPOS="1276"/>
							<String ID="string_75" HPOS="1305" VPOS="718" WIDTH="198" HEIGHT="47" WC="0.96" CONTENT="anledning"/><SP WIDTH="29" VPOS="718" HPOS="1503"/>
							<String ID="string_76" HPOS="1532" VPOS="718" WIDTH="40" HEIGHT="36" WC="0.96" CONTENT="af"/><SP WIDTH="25" VPOS="718" HPOS="1572"/>
							<String ID="string_77" HPOS="1597" VPOS="717" WIDTH="239" HEIGHT="37" WC="0.95" CONTENT="förevarande"/><SP WIDTH="20" VPOS="717" HPOS="1836"/>
							<String ID="string_78" HPOS="1856" VPOS="715" WIDTH="136" HEIGHT="38" WC="0.96" CONTENT="motion"/>
						</TextLine>
						<TextLine ID="line_10" HPOS="817" VPOS="769" WIDTH="1174" HEIGHT="52">
							<String ID="string_79" HPOS="817" VPOS="788" WIDTH="57" HEIGHT="25" WC="0.95" CONTENT="om"/><SP WIDTH="42" VPOS="788" HPOS="874"/>
							<String ID="string_80" HPOS="916" VPOS="774" WIDTH="237" HEIGHT="47" WC="0.95" CONTENT="nedsättning"/><SP WIDTH="37" VPOS="774" HPOS="1153"/>
							<String ID="string_81" HPOS="1190" VPOS="773" WIDTH="40" HEIGHT="36" WC="0.96" CONTENT="af"/><SP WIDTH="23" VPOS="773" HPOS="1230"/>
							<String ID="string_82" HPOS="1253" VPOS="773" WIDTH="117" HEIGHT="36" WC="0.93" CONTENT="tullen"/><SP WIDTH="29" VPOS="773" HPOS="1370"/>
							<String ID="string_83" HPOS="1399" VPOS="775" WIDTH="20" HEIGHT="33" WC="0.91" CONTENT="å"/><SP WIDTH="34" VPOS="775" HPOS="1419"/>
							<String ID="string_84" HPOS="1453" VPOS="772" WIDTH="184" HEIGHT="47" WC="0.92" CONTENT="»chopped"/><SP WIDTH="29" VPOS="772" HPOS="1637"/>
							<String ID="string_85" HPOS="1666" VPOS="771" WIDTH="163" HEIGHT="48" WC="0.33" CONTENT="apples»,"/><SP WIDTH="35" VPOS="771" HPOS="1829"/>
							<String ID="string_86" HPOS="1864" VPOS="769" WIDTH="85" HEIGHT="38" WC="0.95" CONTENT="ville"/><SP WIDTH="29" VPOS="769" HPOS="1949"/>
							<String ID="string_87" HPOS="1978" VPOS="770" WIDTH="13" HEIGHT="35" WC="0.96" CONTENT="i"/>
						</TextLine>
						<TextLine ID="line_11" HPOS="818" VPOS="823" WIDTH="1174" HEIGHT="52">
							<String ID="string_88" HPOS="818" VPOS="828" WIDTH="193" HEIGHT="38" WC="0.96" CONTENT="skrifvelse"/><SP WIDTH="37" VPOS="828" HPOS="1011"/>
							<String ID="string_89" HPOS="1048" VPOS="828" WIDTH="57" HEIGHT="36" WC="0.96" CONTENT="till"/><SP WIDTH="28" VPOS="828" HPOS="1105"/>
							<String ID="string_90" HPOS="1133" VPOS="826" WIDTH="137" HEIGHT="48" WC="0.96" CONTENT="Kungl."/><SP WIDTH="31" VPOS="826" HPOS="1270"/>
							<String ID="string_91" HPOS="1301" VPOS="826" WIDTH="108" HEIGHT="49" WC="0.96" CONTENT="Maj:t"/><SP WIDTH="28" VPOS="826" HPOS="1409"/>
							<String ID="string_92" HPOS="1437" VPOS="826" WIDTH="155" HEIGHT="45" WC="0.96" CONTENT="anhålla,"/><SP WIDTH="44" VPOS="826" HPOS="1592"/>
							<String ID="string_93" HPOS="1636" VPOS="828" WIDTH="53" HEIGHT="33" WC="0.96" CONTENT="att"/><SP WIDTH="27" VPOS="828" HPOS="1689"/>
							<String ID="string_94" HPOS="1716" VPOS="825" WIDTH="140" HEIGHT="47" WC="0.96" CONTENT="Kungl."/><SP WIDTH="29" VPOS="825" HPOS="1856"/>
							<String ID="string_95" HPOS="1885" VPOS="823" WIDTH="107" HEIGHT="49" WC="0.96" CONTENT="Maj:t"/>
						</TextLine>
						<TextLine ID="line_12" HPOS="818" VPOS="877" WIDTH="1174" HEIGHT="51">
							<String ID="string_96" HPOS="818" VPOS="884" WIDTH="139" HEIGHT="36" WC="0.96" CONTENT="täcktes"/><SP WIDTH="41" VPOS="884" HPOS="957"/>
							<String ID="string_97" HPOS="998" VPOS="883" WIDTH="73" HEIGHT="35" WC="0.96" CONTENT="låta"/><SP WIDTH="41" VPOS="883" HPOS="1071"/>
							<String ID="string_98" HPOS="1112" VPOS="880" WIDTH="198" HEIGHT="38" WC="0.96" CONTENT="verkställa"/><SP WIDTH="41" VPOS="880" HPOS="1310"/>
							<String ID="string_99" HPOS="1351" VPOS="879" WIDTH="200" HEIGHT="49" WC="0.96" CONTENT="utredning"/><SP WIDTH="33" VPOS="879" HPOS="1551"/>
							<String ID="string_100" HPOS="1584" VPOS="879" WIDTH="186" HEIGHT="47" WC="0.93" CONTENT="angående"/><SP WIDTH="28" VPOS="879" HPOS="1770"/>
							<String ID="string_101" HPOS="1798" VPOS="877" WIDTH="194" HEIGHT="38" WC="0.91" CONTENT="tullsatsen"/>
						</TextLine>
						<TextLine ID="line_13" HPOS="819" VPOS="931" WIDTH="1173" HEIGHT="52">
							<String ID="string_102" HPOS="819" VPOS="938" WIDTH="56" HEIGHT="35" WC="0.96" CONTENT="för"/><SP WIDTH="40" VPOS="938" HPOS="875"/>
							<String ID="string_103" HPOS="915" VPOS="937" WIDTH="67" HEIGHT="35" WC="0.96" CONTENT="här"/><SP WIDTH="41" VPOS="937" HPOS="982"/>
							<String ID="string_104" HPOS="1023" VPOS="935" WIDTH="278" HEIGHT="48" WC="0.96" CONTENT="ifrågavarande"/><SP WIDTH="36" VPOS="935" HPOS="1301"/>
							<String ID="string_105" HPOS="1337" VPOS="934" WIDTH="132" HEIGHT="37" WC="0.95" CONTENT="artikel"/><SP WIDTH="29" VPOS="934" HPOS="1469"/>
							<String ID="string_106" HPOS="1498" VPOS="936" WIDTH="92" HEIGHT="34" WC="0.96" CONTENT="samt"/><SP WIDTH="28" VPOS="936" HPOS="1590"/>
							<String ID="string_107" HPOS="1618" VPOS="932" WIDTH="158" HEIGHT="37" WC="0.96" CONTENT="därefter"/><SP WIDTH="28" VPOS="932" HPOS="1776"/>
							<String ID="string_108" HPOS="1804" VPOS="931" WIDTH="59" HEIGHT="37" WC="0.93" CONTENT="till"/><SP WIDTH="23" VPOS="931" HPOS="1863"/>
							<String ID="string_109" HPOS="1886" VPOS="931" WIDTH="106" HEIGHT="36" WC="0.92" CONTENT="Riks-"/>
						</TextLine>
						<TextLine ID="line_14" HPOS="821" VPOS="985" WIDTH="1171" HEIGHT="54">
							<String ID="string_110" HPOS="821" VPOS="992" WIDTH="117" HEIGHT="47" WC="0.96" CONTENT="dagen"/><SP WIDTH="28" VPOS="992" HPOS="938"/>
							<String ID="string_111" HPOS="966" VPOS="995" WIDTH="88" HEIGHT="43" WC="0.96" CONTENT="göra"/><SP WIDTH="29" VPOS="995" HPOS="1054"/>
							<String ID="string_112" HPOS="1083" VPOS="989" WIDTH="70" HEIGHT="36" WC="0.96" CONTENT="den"/><SP WIDTH="28" VPOS="989" HPOS="1153"/>
							<String ID="string_113" HPOS="1181" VPOS="987" WIDTH="271" HEIGHT="49" WC="0.95" CONTENT="framställning"/><SP WIDTH="27" VPOS="987" HPOS="1452"/>
							<String ID="string_114" HPOS="1479" VPOS="987" WIDTH="13" HEIGHT="37" WC="0.96" CONTENT="i"/><SP WIDTH="29" VPOS="987" HPOS="1492"/>
							<String ID="string_115" HPOS="1521" VPOS="990" WIDTH="131" HEIGHT="42" WC="0.93" CONTENT="ämnet,"/><SP WIDTH="43" VPOS="990" HPOS="1652"/>
							<String ID="string_116" HPOS="1695" VPOS="985" WIDTH="151" HEIGHT="37" WC="0.92" CONTENT="hvartill"/><SP WIDTH="28" VPOS="985" HPOS="1846"/>
							<String ID="string_117" HPOS="1874" VPOS="985" WIDTH="118" HEIGHT="36" WC="0.92" CONTENT="utred-"/>
						</TextLine>
						<TextLine ID="line_15" HPOS="818" VPOS="1043" WIDTH="446" HEIGHT="50">
							<String ID="string_118" HPOS="818" VPOS="1045" WIDTH="137" HEIGHT="48" WC="0.96" CONTENT="ningen"/><SP WIDTH="28" VPOS="1045" HPOS="955"/>
							<String ID="string_119" HPOS="983" VPOS="1045" WIDTH="58" HEIGHT="35" WC="0.96" CONTENT="må"/><SP WIDTH="27" VPOS="1045" HPOS="1041"/>
							<String ID="string_120" HPOS="1068" VPOS="1043" WIDTH="196" HEIGHT="36" WC="0.96" CONTENT="föranleda."/>
						</TextLine>
					</TextBlock>
				</ComposedBlock>
				<ComposedBlock ID="cblock_2" HPOS="608" VPOS="1150" WIDTH="725" HEIGHT="42">
					<TextBlock ID="block_4" HPOS="608" VPOS="1150" WIDTH="725" HEIGHT="42">
						<TextLine ID="line_16" HPOS="608" VPOS="1150" WIDTH="725" HEIGHT="42">
							<String ID="string_121" HPOS="608" VPOS="1153" WIDTH="209" HEIGHT="39" WC="0.96" CONTENT="Stockholm"/><SP WIDTH="32" VPOS="1153" HPOS="817"/>
							<String ID="string_122" HPOS="849" VPOS="1153" WIDTH="69" HEIGHT="36" WC="0.96" CONTENT="den"/><SP WIDTH="32" VPOS="1153" HPOS="918"/>
							<String ID="string_123" HPOS="950" VPOS="1154" WIDTH="45" HEIGHT="34" WC="0.96" CONTENT="13"/><SP WIDTH="32" VPOS="1154" HPOS="995"/>
							<String ID="string_124" HPOS="1027" VPOS="1150" WIDTH="163" HEIGHT="37" WC="0.96" CONTENT="februari"/><SP WIDTH="31" VPOS="1150" HPOS="1190"/>
							<String ID="string_125" HPOS="1221" VPOS="1152" WIDTH="112" HEIGHT="35" WC="0.96" CONTENT="1908."/>
						</TextLine>
					</TextBlock>
				</ComposedBlock>
				<ComposedBlock ID="cblock_3" HPOS="858" VPOS="1257" WIDTH="679" HEIGHT="49">
					<TextBlock ID="block_5" HPOS="858" VPOS="1257" WIDTH="679" HEIGHT="49">
						<TextLine ID="line_17" HPOS="858" VPOS="1257" WIDTH="679" HEIGHT="49">
							<String ID="string_126" HPOS="858" VPOS="1261" WIDTH="51" HEIGHT="35" WC="0.90" CONTENT="På"/><SP WIDTH="28" VPOS="1261" HPOS="909"/>
							<String ID="string_127" HPOS="937" VPOS="1257" WIDTH="417" HEIGHT="49" WC="0.90" CONTENT="bevillningsutskottets"/><SP WIDTH="29" VPOS="1257" HPOS="1354"/>
							<String ID="string_128" HPOS="1383" VPOS="1262" WIDTH="154" HEIGHT="43" WC="0.96" CONTENT="vägnar:"/>
						</TextLine>
					</TextBlock>
				</ComposedBlock>
				<ComposedBlock ID="cblock_4" HPOS="1055" VPOS="1419" WIDTH="282" HEIGHT="39">
					<TextBlock ID="block_6" HPOS="1055" VPOS="1419" WIDTH="282" HEIGHT="39">
						<TextLine ID="line_18" HPOS="1055" VPOS="1419" WIDTH="282" HEIGHT="39">
							<String ID="string_129" HPOS="1055" VPOS="1421" WIDTH="43" HEIGHT="37" WC="0.91" CONTENT="H."/><SP WIDTH="32" VPOS="1421" HPOS="1098"/>
							<String ID="string_130" HPOS="1130" VPOS="1419" WIDTH="207" HEIGHT="38" WC="0.66" CONTENT="CAVALLLI."/>
						</TextLine>
					</TextBlock>
				</ComposedBlock>
			</PrintSpace>
		</Page>
	</Layout>
</alto>
