2212 2628
465 178 107 30 Andra
597 178 192 30 kammarens
812 176 124 30 andra
959 176 164 38 tillfälliga
1146 175 132 30 utskotts
1299 174 162 33 utlåtande
1483 175 46 29 Nr
1551 176 29 28 5.
1803 171 17 30 å

961 598 61 40 Nr
1049 597 39 42 d.

836 758 112 25 Ankom
969 757 46 27 till
1034 756 174 35 Riksdagens
1227 756 94 27 kansli
1341 756 55 27 den
1418 756 33 26 18
1471 755 70 35 april
1562 755 68 27 1911
1651 756 38 26 kl.
1708 756 16 27 8
1745 764 23 18 e.
1781 762 45 20 m.

437 903 129 36 Andra
594 905 219 34 kammarens
842 903 134 34 andra
1004 901 180 45 tillfälliga
1212 903 144 34 utskotts
1387 902 176 35 utlåtande
1590 913 45 23 nr
1663 902 33 42 5,
1727 902 14 34 i
1766 913 63 23 an-

651 975 138 44 ledning
832 974 49 44 af
906 974 100 35 väckt
1032 974 124 34 motion
1187 985 52 23 om
1266 973 183 43 skrifvelse
1477 974 52 34 till
1555 972 132 45 Kungl.
1717 972 113 43 Maj:t

651 1047 13 34 i
683 1046 115 45 fråga
839 1058 54 23 om
920 1046 78 34 med
1024 1045 170 42 sjukvård
1219 1045 199 45 sysselsatta
1453 1045 164 35 kvinnors
1646 1044 180 44 arbetsför-

651 1118 183 35 hållanden
865 1129 43 23 m.
941 1129 43 22 m.

331 1278 20 35 I
393 1290 48 23 en
482 1277 99 36 inom
622 1276 131 36 Andra
795 1276 217 36 kammaren
1060 1276 113 35 väckt
1201 1276 68 35 och
1296 1275 59 36 till
1385 1276 83 35 dess
1498 1277 115 34 andra
1641 1276 187 47 tillfälliga

224 1331 147 36 utskott
411 1330 184 37 hänvisad
635 1330 139 36 motion
816 1329 58 48 (nr
920 1328 100 48 289),
1060 1330 68 34 har
1170 1329 85 35 herr
1287 1330 211 44 Lindhagen
1535 1329 200 45 hemställt,
1776 1333 55 32 att

227 1385 220 46 Riksdagen
476 1384 86 36 ville
592 1384 160 44 anhålla,
783 1386 54 33 att
865 1383 141 46 Kungl.
1037 1382 110 48 Maj:t
1175 1385 112 33 måtte

337 1438 71 49 1:0)
449 1438 201 36 verkställa
693 1449 46 23 en
780 1436 283 47 undersökning
1097 1436 40 35 af
1166 1435 332 49 sjuksköterskors,
1535 1436 294 48 sjuksköterske-

224 1493 146 36 elevers
413 1492 69 35 och
523 1491 93 47 öfrig
658 1490 172 47 kvinnlig
864 1493 21 32 å
914 1489 206 49 sjukhusen
1148 1489 13 35 i
1184 1490 98 35 riket
1310 1490 91 35 eller
1429 1489 212 48 privatvård
1670 1490 162 36 anställd

229 1546 190 47 personals
449 1544 381 37 arbetsförhållanden
859 1547 96 33 samt
983 1543 152 47 vidtaga
1164 1544 45 34 de
1230 1544 172 46 åtgärder
1420 1544 58 35 till
1499 1544 121 35 denna
1639 1545 191 46 personals

229 1601 115 43 bästa,
390 1599 151 36 hvartill
581 1598 331 46 undersökningen
953 1597 78 36 kan
1072 1597 101 46 gifva
1207 1597 219 47 anledning;
1459 1598 71 46 2:o)
1559 1600 87 44 taga
1674 1598 13 34 i
1715 1598 115 35 öfver-

230 1654 169 46 vägande
424 1652 240 46 erforderliga
693 1652 172 46 åtgärder
892 1651 56 35 för
976 1653 55 33 att
1058 1650 136 35 bereda
1221 1651 204 35 understöd
1454 1653 37 33 åt
1517 1650 313 48 sjuksköterskor,

232 1706 408 48 sjuksköterskeelever
690 1705 90 34 eller
826 1705 115 34 andra
988 1703 240 35 medlemmar
1273 1704 40 34 af
1355 1704 243 35 förenämnda
1644 1704 184 46 personal,

232 1760 128 35 hvilka
389 1772 132 35 genom
555 1758 123 36 smitta
708 1758 88 34 eller
825 1757 375 46 öfveransträngning
1226 1756 14 35 i
1269 1756 64 36 sitt
1362 1757 125 35 arbete
1516 1757 147 35 erhållit
1691 1757 141 47 obotlig

231 1813 184 48 sjukdom.

339 1866 72 35 Till
440 1866 82 36 stöd
550 1865 56 36 för
635 1864 56 36 sin
719 1863 224 36 hemställan
972 1864 68 35 har
1069 1863 230 36 motionären
1328 1864 124 35 anfört
1480 1863 182 49 följande:

345 1971 86 36 »Uti
474 1971 187 36 motionen
693 1983 44 23 nr
768 1973 74 33 200
873 1971 98 35 inom
1002 1970 131 36 Andra
1161 1971 216 35 kammaren
1407 1970 63 36 vid
1503 1973 99 32 1910
1634 1973 57 33 års
1720 1971 109 35 Riks-
1862 1978 153 27 Motionen.

235 2027 72 45 dag
348 2026 237 46 ifrågasattes
617 2025 113 34 bland
764 2028 115 31 annat
908 2036 48 22 en
983 2024 133 35 reform
1147 2024 40 35 af
1212 2024 71 35 den
1313 2023 295 36 administrativa
1637 2023 152 36 makten
1818 2024 13 34 i

234 2080 109 47 syfte,
374 2082 53 32 att
456 2079 73 34 den
558 2080 58 33 må
644 2077 143 48 byggas
816 2079 47 44 på
891 2076 133 46 folklig
1052 2078 122 45 grund
1203 2077 69 35 och
1300 2076 114 36 vinna
1442 2076 309 47 förutsättningar
1777 2080 55 32 att

235 2133 127 35 kunna
404 2132 115 36 verka
562 2131 83 35 med
686 2130 117 35 insikt
834 2129 14 35 i
877 2130 349 47 samhällsfrågorna
1255 2129 68 36 och
1351 2129 157 36 intresse
1537 2129 55 36 för
1621 2130 44 34 de
1695 2130 136 35 sociala

236 2185 389 37 missförhållandenas
653 2182 319 48 undanrödjande.

342 2240 74 35 Det
458 2251 58 23 ser
557 2241 51 40 ut,
649 2248 74 24 som
758 2248 87 24 vore
880 2236 63 35 det
970 2239 134 32 nästan
1134 2248 46 22 en
1208 2236 183 46 naturlag,
1423 2238 53 33 att
1504 2236 12 34 i
1545 2235 127 48 hvarje
1702 2235 128 36 inrätt-

307 2306 112 35 Bihang
438 2307 44 27 till
501 2306 96 28 Riksd.
613 2308 73 32 prot.
706 2307 74 24 1911.
818 2307 16 22 9
854 2304 84 28 Saml.
975 2307 19 23 2
1014 2304 66 35 Afd.
1118 2306 18 24 2
1156 2304 91 27 Band.
1284 2306 19 24 2
1323 2304 57 27 Ser.
1418 2306 16 24 5
1454 2304 83 34 Häft.
1575 2304 57 32 (Nr
1650 2306 39 30 5)
1780 2306 14 24 1
