2218 2630
479 144 109 31 Andra
609 146 194 31 kammarens
825 147 100 31 andra
947 148 167 38 tillfälliga
1136 148 132 31 utskotts
1289 146 162 33 utlåtande
1472 149 48 30 Nr
1541 149 30 31 5.
1781 148 40 31 25

248 218 187 51 Dessa
457 232 49 21 nu
528 222 149 43 antydda
701 223 174 44 allvarliga
898 225 64 32 och
977 225 273 43 framgångsrika
1266 226 220 33 sträfvanden
1502 226 11 31 i
1529 226 88 42 syfte
1633 228 48 30 att
1693 226 129 33 erhålla

233 262 174 50 tidsenligt
442 266 136 33 skolade
602 267 270 43 sjuksköterskor
895 270 64 32 och
980 273 50 29 att
1052 270 164 33 förbättra
1239 270 96 32 deras
1358 271 123 33 villkor
1504 271 186 39 äfvensom,
1715 271 12 32 i
1750 272 69 41 möj

226 307 127 51 ligaste
368 311 90 38 mån,
482 311 99 33 deras
604 312 348 35 arbetsförhållanden
975 315 94 33 torde
1092 326 82 22 vara
1197 315 140 32 allmänt
1352 315 114 33 kända
1482 316 63 32 och
1561 315 157 33 erkända.
1749 316 73 33 Och

229 363 55 21 om
308 355 320 34 missförhållanden
652 362 92 28 ännu
767 359 119 39 finnas,
912 361 37 31 så
973 364 57 28 äro
1054 359 42 33 de
1119 359 86 33 dock
1228 360 142 32 föremål
1385 361 55 31 för
1455 360 268 33 vederbörandes
1739 371 83 33 upp-

225 397 238 35 märksamhet.
510 401 17 32 I
560 401 106 33 likhet
688 403 78 32 med
786 404 238 33 öfverläkaren
1047 404 127 33 Rissler
1196 404 106 33 håller
1320 405 346 42 medicinalstyrelsen
1688 405 134 33 därföre

224 443 81 38 före,
331 446 48 47 att
402 455 42 21 en
467 445 331 44 riksdagsskrifvelse
820 448 106 33 sådan
942 460 73 21 som
1032 449 66 32 den
1114 460 48 21 nu
1176 450 38 31 af
1229 449 211 33 motionären
1456 449 192 43 föreslagna
1664 450 63 32 och
1743 448 78 34 med

224 496 42 21 en
289 489 203 42 motivering
513 490 105 33 sådan
631 502 72 22 som
715 493 200 40 motionens,
928 494 145 33 hvarvid
1085 494 67 39 allt,
1165 505 75 21 som
1251 493 118 33 hittills
1381 495 142 42 åtgjorts
1536 495 63 31 och
1611 495 210 32 fortfarande

223 535 97 37 göres
343 532 54 32 för
420 534 430 42 sjuksköterskeväsendets
873 538 148 42 höjande
1045 539 64 31 och
1129 538 239 40 förbättrande,
1385 539 71 32 helt
1472 539 63 32 och
1550 539 103 32 hållet
1668 539 151 40 förbises,

224 575 107 33 skulle
366 579 103 32 verka
503 579 206 34 hämmande
737 582 63 32 och
823 582 205 33 nedslående
1051 583 12 32 i
1086 583 110 32 stället
1218 584 54 32 för
1294 583 175 34 väckande
1494 583 62 33 och
1580 583 238 34 förbättrande.

326 641 197 34 Stockholm
546 642 67 33 den
639 645 17 32 7
680 644 86 43 april
792 645 94 32 1911.

898 726 88 32 Klas
1008 725 145 33 Linroth.

657 787 147 33 Herman
827 787 174 34 Petersson.
1048 788 147 33 Richard
1217 788 159 34 Stenbäck.

897 851 41 32 E.
965 850 188 34 Sederholm.

1458 897 34 28 4.
1513 896 34 28 E.
1566 896 145 28 Bastman.

1493 1141 130 45 Bilaga
1651 1143 57 33 11.

437 1234 64 34 Till
522 1235 152 42 kungliga
697 1235 328 43 medicinalstyrelsen.

327 1324 79 33 Med
430 1324 185 43 anledning
639 1325 36 32 af
699 1324 78 33 eder
805 1324 178 34 skrifvelse
1011 1326 36 32 af
1059 1325 67 33 den
1153 1326 39 31 10
1206 1323 136 42 dennes,
1357 1335 74 23 som
1444 1323 141 35 härmed
1597 1327 141 39 återgår,
1753 1325 63 33 och

221 1369 78 33 med
322 1369 214 43 åberopande
571 1371 36 31 af
640 1369 42 32 de
716 1369 275 43 förtydliganden
1026 1371 37 31 af
1096 1369 208 40 densamma,
1329 1381 74 22 som
1426 1370 109 32 under
1557 1369 94 34 hand
1673 1370 143 32 kommit

222 1415 71 42 mig
316 1414 50 32 till
389 1414 63 39 del,
478 1415 54 31 får
554 1414 59 42 jag
635 1413 154 34 meddela
812 1414 153 42 följande
989 1414 257 43 upplysningar.

326 1458 67 33 För
416 1458 67 33 den
506 1458 176 43 kvinnliga
706 1459 382 42 sjukvårdspersonalen
1111 1459 59 33 vid
1193 1459 106 33 Maria
1323 1459 145 43 sjukhus
1491 1470 99 23 varar
1610 1459 206 33 arbetstiden

220 1505 78 31 från
331 1503 145 33 klockan
513 1503 74 37 !/26
611 1504 23 31 f£.
660 1515 45 21 m.
740 1503 50 33 till
815 1505 19 31 8
858 1506 45 38 på
926 1503 146 40 kvällen,
1119 1504 73 33 Två
1215 1504 136 33 timmar
1374 1504 120 43 hvarje
1518 1504 66 42 dag
1607 1504 64 32 och
1694 1515 43 22 en
1760 1504 56 32 hel

221 1550 64 31 för-
319 1548 80 33 eller
433 1548 224 42 eftermiddag
680 1549 11 31 i
715 1548 129 33 veckan
879 1548 198 43 disponerar
1105 1548 184 33 emellertid
1318 1560 43 22 en
1384 1549 87 33 hvar
1493 1548 214 43 fullständigt
1730 1550 85 31 efter

220 1596 76 40 eget
319 1593 94 32 skön.

325 1638 76 32 Den
435 1637 141 42 nattliga
610 1637 280 43 vakthållningen
925 1637 163 33 bestrides
1123 1638 37 32 af
1194 1638 65 32 den
1294 1638 92 42 lägre
1422 1637 391 43 sjukvårdspersonalen.

220 1681 97 34 Hvar
339 1683 98 42 sjätte
471 1685 74 29 natt
578 1682 84 32 skall
697 1692 42 22 en
773 1682 283 33 undersköterska
1079 1682 97 39 vaka,
1202 1683 84 32 efter
1308 1682 198 42 vakningen
1528 1683 150 41 åtnjuter
1700 1682 70 32 hon
1794 1685 19 29 6

221 1727 152 32 timmars
397 1726 200 42 fullständig
619 1726 156 42 ledighet.

327 1771 198 33 Sköterskor
548 1771 64 32 och
635 1770 109 33 elever
767 1776 57 27 äro
848 1770 148 42 fritagna
1023 1772 78 31 från
1126 1770 228 42 regelbunden
1378 1769 183 44 vaktjänst.
1608 1771 71 32 När
1701 1770 112 33 nöden

220 1815 146 39 kräfver,
391 1818 107 30 måste
521 1815 87 33 dock
631 1816 103 32 äfven
766 1815 41 32 de
842 1815 271 32 understundom
1147 1818 94 39 tagas
1265 1815 11 32 i
1299 1816 149 41 anspråk
1471 1816 54 32 för
1547 1815 120 32 sådant
1690 1815 123 33 arbete.

220 1860 104 32 Extra
346 1860 163 43 vakhjälp
533 1859 121 33 anlitas
678 1859 184 33 emellertid
885 1860 11 31 i
920 1862 65 30 rätt
1009 1862 68 29 stor
1100 1860 233 42 utsträckning
1356 1862 55 31 för
1433 1863 49 29 att
1505 1862 37 30 så
1565 1859 81 43 godt
1666 1858 51 44 sig
1732 1864 81 38 göra

220 1903 83 33 låter
326 1904 130 42 skydda
479 1904 199 43 personalen
702 1905 76 31 från
803 1904 353 42 öfveransträngning.

325 1948 65 32 Till
413 1948 244 33 ofvanstående
680 1948 248 43 upplysningar
950 1948 122 33 tillåter
1094 1949 58 42 jag
1175 1949 71 42 mig
1269 1950 79 41 foga
1364 1948 152 44 följande
1534 1952 73 29 rent
1622 1948 191 44 personliga

222 1992 220 44 uppfattning
466 2004 56 21 om
545 1993 172 32 motionen
741 1993 11 32 i
775 1994 106 41 fråga.

324 2037 84 32 Dess
432 2038 98 41 syfte,
554 2038 54 32 för
631 2039 37 30 så
702 2037 72 33 vidt
807 2037 91 32 detta
933 2038 90 32 afser
1057 2040 49 29 att
1140 2036 167 43 befrämja
1330 2037 67 33 den
1420 2037 175 42 kvinnliga
1621 2037 190 43 sjukvårds-

220 2081 215 43 personalens
460 2081 104 38 bästa,
589 2092 99 21 anser
710 2082 58 41 jag
796 2079 217 44 synnerligen
1036 2081 304 42 behjärtansvärdt.

325 2126 71 32 Mot
418 2125 42 33 de
494 2125 119 39 medel,
650 2136 73 21 som
757 2126 214 41 ifrågasättas
1006 2126 54 31 för
1093 2125 119 33 målets
1247 2125 181 39 vinnande,
1457 2125 101 42 hyser
1580 2124 58 44 jag
1661 2125 152 33 däremot

220 2170 229 33 misstroende.
481 2168 54 34 En
559 2169 135 33 officiell
717 2169 182 42 utredning
922 2181 56 21 om
1002 2169 66 32 den
1084 2170 177 41 kvinnliga
1276 2169 398 43 sjukvårdspersonalens
1690 2170 121 32 arbets-

218 2214 236 34 förhållanden
489 2215 137 32 komma
661 2213 170 33 sannolikt
865 2216 48 30 att
945 2213 95 43 gifva
1064 2217 46 29 ett
1134 2214 138 32 resultat
1294 2215 36 32 af
1352 2217 120 39 ytterst
1495 2214 182 33 skematisk
1701 2217 109 30 natur.

289 2274 112 38 Bihang
420 2276 43 27 till
482 2275 97 29 Riksd.
600 2276 75 27 Prot.
696 2277 75 26 1911.
808 2277 17 25 9
844 2276 85 27 Saml.
967 2278 19 24 2
1005 2275 68 35 Afd.
1111 2277 18 26 2
1148 2275 92 28 Band.
1277 2277 19 25 2
1315 2276 57 27 Ser.
1411 2278 17 24 5
1448 2275 84 35 Häöft.
1750 2277 17 25 4
