2210 2669
692 223 253 34 Statsutskottets
967 223 169 34 utlåtande
1158 226 47 30 Nr
1226 225 54 32 22.
1714 225 36 32 11

954 414 83 39 6:0.

302 519 64 39 Uti
407 521 122 49 punkt
571 523 45 34 27
659 521 41 36 af
736 520 122 49 fjärde
900 520 252 38 hufvudtiteln
1194 521 69 37 har
1299 521 139 49 Kungl.
1459 520 106 50 Maj:t
1593 522 200 49 föreslagit
1822 536 107 22 Arméns
1948 535 67 29 sjuk-

198 573 219 49 Riksdagen
446 579 55 30 att
529 573 148 37 minska
705 573 173 49 anslaget
905 573 58 37 till
990 575 147 35 arméns
1167 574 102 49 sjuk-
1299 574 70 36 och
1388 574 286 37 veterinärvård
1695 580 98 31 sarat
1812 570 48 57 9ch
1858 570 156 58 veterinir-

197 626 207 49 hofbeslag
445 640 47 22 m.
522 640 61 33 m.,
626 640 51 22 nu
719 628 162 45 372,186
923 626 154 48 kronor,
1119 627 99 47 med,
1259 626 13 36 i
1307 627 126 48 jämnt
1461 627 163 48 krontal,
1656 629 135 47 11,325
1813 622 12 58 =
1846 641 135 29 hofbeslag

199 679 142 36 kronor
369 677 56 38 till
455 679 162 46 360,861
649 678 150 37 kronor.
1871 683 32 15 Mm:
1923 683 32 16 mm;

302 730 431 50 Departementschefen
774 731 68 37 har
883 731 238 37 beträffande
1163 731 103 37 detta
1306 731 134 50 anslag
1481 731 57 37 till
1580 732 212 50 åberopade

199 783 416 50 statsrådsprotokollet
644 785 126 36 anfört
797 784 182 48 följande:

301 836 136 37 »Detta
478 836 134 49 anslag
652 837 122 35 finnes
814 836 12 36 i
868 836 338 49 statsregleringen
1240 837 60 36 för
1327 839 40 34 år
1398 839 95 34 1912
1523 842 185 45 upptaget
1735 837 58 37 till

199 890 163 47 372,186
406 889 151 47 kronor,
600 889 210 37 beräknadt
851 889 96 37 efter
988 891 21 35 2
1040 894 63 32 öre
1132 890 59 36 för
1218 902 87 24 man
1334 889 70 37 och
1432 890 361 50 tjänstgöringsdag

198 942 71 37 och
298 942 98 36 efter
437 944 52 46 3,3
518 947 63 32 öre
612 955 60 23 om
702 942 125 49 dagen
854 943 59 36 för
941 942 132 49 hvarje
1103 942 144 37 kronan
1275 942 170 49 tillhörig
1472 943 96 48 häst,
1598 943 195 37 rusthålls-

198 995 87 36 häst
315 994 91 37 eller
434 995 91 49 legd
553 995 95 36 häst.

302 1047 86 37 Med
416 1047 213 49 beräkning
657 1047 41 37 af
724 1048 227 47 12,002,592
981 1046 607 50 manskapstjänstgöringsdagar
1603 1047 83 49 (sid.
1707 1047 85 50 118)

199 1099 123 37 skulle
364 1099 337 49 anslagsbehofvet
742 1100 59 36 för
843 1102 40 34 år
915 1101 94 35 1913
1042 1113 87 23 vara
1158 1099 97 37 blott
1288 1101 162 47 360,861
1481 1099 142 38 kronor
1654 1102 44 35 18
1729 1105 63 32 öre

199 1153 54 49 (se
281 1151 64 38 bil.
377 1152 71 48 77).

302 1204 68 36 Att
411 1204 174 49 anslaget
627 1204 75 37 kan
741 1203 76 37 tåla
862 1203 64 38 vid
964 1217 45 23 en
1052 1204 116 36 sådan
1205 1204 247 49 nedsättning
1479 1204 107 37 torde
1613 1204 58 37 till
1700 1205 92 36 fullo

199 1256 147 49 framgå
374 1256 118 48 däraf,
523 1261 55 32 att
604 1256 213 51 utgifterna
847 1256 119 37 under
991 1256 178 50 anslaget
1197 1260 39 33 år
1267 1259 97 34 1910
1392 1256 85 37 icke
1504 1258 199 48 uppgingo
1737 1257 56 37 till

199 1322 80 24 mer
308 1314 47 31 än
385 1311 162 46 287,733
578 1309 139 36 kronor
745 1310 48 36 48
829 1313 63 32 öre
922 1309 72 36 och
1022 1313 56 32 att
1105 1309 64 37 vid
1198 1309 114 37 slutet
1339 1309 41 36 af
1396 1322 143 24 samma
1559 1312 40 33 år
1618 1310 110 37 fanns
1745 1323 48 23 en

198 1361 238 37 reservation
464 1364 21 34 å
513 1361 174 50 anslaget
714 1361 56 36 till
797 1362 139 49 belopp
965 1361 40 37 af
1032 1363 160 47 333,057
1222 1361 141 37 kronor
1392 1363 45 35 76
1468 1366 76 32 öre.

301 1414 18 36 I
347 1414 108 49 fråga
492 1427 60 23 om
581 1414 103 36 detta
712 1413 134 50 anslag
874 1413 120 37 skulle
1023 1414 63 37 det
1115 1414 120 49 enligt
1262 1414 77 37 min
1369 1414 154 49 mening
1550 1414 128 37 kunna
1706 1414 87 37 med

198 1466 87 37 fullt
325 1466 70 49 fog
423 1466 244 49 ifrågasättas
697 1467 104 36 såväl
830 1471 52 32 att
910 1466 117 50 sänka
1056 1466 45 37 de
1130 1466 136 37 hittills
1296 1467 214 36 beräknade
1539 1466 188 50 beloppen
1756 1467 41 37 af

200 1521 21 34 2
264 1523 65 32 öre
357 1519 61 36 för
458 1518 566 50 manskapstjänstgöringsdag
1051 1519 71 36 och
1151 1521 53 46 3,3
1232 1524 64 32 öre
1325 1519 59 37 för
1411 1519 382 50 hästunderhållsdag

199 1585 81 26 som
309 1575 55 33 att
392 1571 173 37 använda
594 1585 48 23 en
670 1571 61 37 del
760 1572 40 36 af
825 1571 72 37 den
914 1571 173 37 anmälda
1106 1572 287 36 reservationen
1412 1572 59 36 för
1490 1572 302 48 tillgodoseende

200 1624 41 35 af
266 1623 46 37 de
340 1623 219 37 beräknade
587 1624 191 36 behofven
806 1623 58 37 för
894 1626 39 34 år
964 1625 109 44 1913;
1102 1636 88 24 men
1219 1624 46 37 då
1293 1626 40 35 år
1364 1625 96 36 1910
1477 1637 65 24 var
1563 1624 120 37 första
1701 1627 91 45 året,

200 1675 251 37 förevarande
471 1671 15 58 '
505 1676 134 48 anslag
683 1676 169 37 förekom
902 1676 11 36 1
954 1676 219 49 riksstaten,
1216 1677 107 36 torde
1365 1677 86 36 med
1487 1677 136 48 frågan
1663 1677 130 37 härom

200 1729 93 37 böra
321 1731 120 46 anstå,
470 1728 58 37 till
563 1729 85 37 dess
678 1728 216 38 erfarenhet
921 1728 156 38 vunnits
1104 1729 121 37 under
1252 1729 224 49 ytterligare
1504 1732 125 46 någon
1653 1729 87 37 tid.»

303 1826 129 43 Äfven
472 1833 12 36 i
525 1832 181 38 afseende
747 1836 20 33 å
808 1833 102 36 detta
950 1833 135 49 anslag
1121 1834 57 36 får
1206 1833 189 37 utskottet
1422 1833 157 37 hänvisa
1606 1834 59 36 till
1692 1834 101 37 hvad
1843 1839 136 24 Utskottets

201 1899 83 23 som
325 1885 13 36 i
379 1885 122 49 punkt
544 1884 71 50 1:0)
643 1885 69 37 här
741 1885 114 37 ofvan
883 1885 156 38 anförts.
1095 1886 82 36 Den
1205 1886 221 49 minskning
1453 1886 12 36 i
1493 1886 187 50 anslaget,
1712 1900 80 24 som
1818 1871 14 69 =
1845 1875 127 30 Yemde

200 1938 186 36 utskottet
406 1938 67 36 där
500 1937 181 48 förordat,
710 1942 114 44 utgör
846 1940 112 45 9,334
978 1938 142 36 kronor
1141 1940 45 35 78
1208 1944 74 31 öre.
1327 1938 71 37 Om
1417 1939 127 36 härtill
1563 1939 135 49 lägges
1719 1940 74 36 den

201 1990 41 37 af
279 1989 141 49 Kungl.
463 1990 106 49 Maj:t
610 1989 220 50 föreslagna
871 1990 271 50 minskningen
1170 1990 85 37 med
1286 1992 135 47 11,325
1450 1992 150 47 kronor,
1630 1992 162 36 erhålles

202 2056 47 23 en
291 2056 146 23 summa
477 2042 41 37 af
556 2044 137 46 20,659
736 2043 142 36 kronor
921 2045 46 35 78
1011 2049 76 42 öre,
1116 2043 193 48 hvarmed,
1340 2044 94 36 efter
1461 2043 265 38 utelämnande
1756 2044 40 37 af

202 2095 169 47 öretalet,
401 2094 173 49 anslaget
600 2094 108 37 torde
737 2095 92 37 böra
856 2094 208 38 nedsättas.

305 2146 198 38 Utskottet
531 2147 218 37 hemställer
778 2148 166 47 sålunda,

704 2257 55 32 att
799 2252 221 49 Riksdagen
1060 2255 60 34 må
1160 2252 147 38 minska
1348 2254 173 48 anslaget
1557 2253 57 37 till
1641 2254 151 37 arméns

602 2304 100 49 sjuk-
745 2305 69 36 och
855 2305 284 37 veterinärvård
1181 2310 98 32 samt
1314 2306 200 49 hofbeslag
1555 2320 46 22 m.
1641 2320 61 34 m.,
1743 2320 49 22 nu
