2220 2618
655 186 356 40 Bevillninasutskottels
1037 186 200 32 betänkande
1254 187 48 31 Nr
1331 188 17 29 4
1785 186 22 30 1.

946 601 57 40 Nr
1029 604 39 38 4.

707 763 110 27 Ankom
839 763 41 26 till
900 763 169 32 riksdagens
1090 763 94 27 kansli
1204 763 54 27 den
1283 763 29 26 14
1333 762 128 28 februari
1482 762 66 27 1921
1572 763 37 26 kl.
1632 763 15 25 6
1667 770 23 19 e.
1712 771 34 17 m.

418 907 405 46 Bevillningsutskottets
858 907 232 45 betänkande,
1129 909 12 34 i
1176 908 196 45 anledning
1408 919 42 23 av
1480 906 122 36 väckta
1631 907 172 35 motioner
1853 928 11 10 -.

628 980 56 25 om
712 968 210 48 förhöjning
949 980 42 25 av
1021 969 227 36 tullsatserna
1276 969 57 45 för
1363 969 96 36 vissa
1477 968 183 46 -varnslag.

201 1126 200 28 Närvarande:
422 1128 98 26 herrar
541 1128 98 34 Röing,
659 1127 124 28 friherre
796 1127 137 34 Fleming,
949 1129 174 32 Antonsson,
1138 1127 115 34 Wijk),
1268 1127 127 34 Wohlin,
1409 1127 104 27 Gustaf
1526 1127 149 33 Nilsson”),
1689 1126 131 27 Anders
1805 1122 18 44 ”

423 1157 83 41 Örne,
573 1163 93 27 Åhlmans
686 1163 65 27 Olof
771 1163 114 34 Olsson,
903 1163 139 28 Eriksson
1061 1165 9 26 i
1090 1145 209 57 Grängesberg,
1317 1148 127 42 Jonsson
1461 1163 9 26 i
1492 1158 156 44 Hökbult”),
1663 1144 138 57 Månsson

423 1199 9 26 i
458 1180 181 65 Hagaström,
667 1198 104 28 Olsson
790 1199 10 26 i
826 1181 266 55 Kullenbergstorp,
1113 1199 108 33 Bärg"),
1242 1199 105 27 Olsson
1368 1199 8 25 i
1395 1198 126 32 Ramsta,
1540 1198 194 32 Lithander+),
1753 1198 48 27 Jo-

422 1235 126 26 hansson
567 1235 10 26 i
596 1234 154 32 Kullersta,
772 1235 29 26 P.
823 1235 100 27 Albert
943 1236 174 32 Bergström,
1136 1235 92 34 Rune,
1247 1235 125 26 friherre
1390 1219 159 42 Barnekow
1566 1235 55 25 och
1635 1233 164 32 Winkler”).

416 1298 22 31 ”)
457 1298 67 26 Icke
542 1298 179 26 närvarande
740 1298 48 26 vid
807 1297 179 33 justeringen
1006 1305 36 19 av
1061 1297 203 27 betinkandet.

295 1496 153 47 Förslag
469 1508 62 24 om
553 1496 212 46 förhöjning
788 1507 47 25 av
859 1500 55 32 ett
935 1495 217 47 betydande
1175 1495 103 36 antal
1300 1494 276 39 industritullar
1596 1495 68 36 har
1686 1495 112 37 fram-
1817 1506 182 27 Motionerna.

200 1549 123 37 ställts
351 1548 77 38 dels
455 1561 48 25 av
521 1549 86 36 herr
633 1549 216 37 Vennersten
868 1562 45 23 m.
936 1549 38 46 fl.
999 1549 10 35 i
1031 1561 47 24 en
1096 1549 11 35 i
1128 1549 118 36 första
1265 1548 222 37 kammaren
1505 1547 116 37 väckt
1641 1547 157 46 motion,

202 1615 42 24 nr
280 1603 81 45 119,
397 1603 71 35 och
504 1602 77 37 dels
610 1615 49 24 av
686 1602 85 37 herr
801 1602 184 37 Lindman
1013 1615 44 23 m.
1090 1602 81 46 fl..i
1201 1613 46 25 en
1276 1601 10 36 i
1307 1602 116 37 andra
1443 1601 221 37 kammaren
1682 1577 132 95 väckt.

202 1656 157 45 motion,
374 1652 58 40 nr
459 1656 77 37 181.

296 1710 14 35 l
332 1685 45 61 de
394 1709 100 38 båda
511 1710 246 45 motionerna,
777 1709 130 38 vilka
897 1704 22 56 i
927 1709 104 37 såväl
1049 1709 225 47 motivering
1291 1721 82 24 som
1389 1708 225 37 hemställan
1631 1713 63 31 äro
1712 1709 85 35 med

201 1764 142 35 mindre
367 1762 208 38 avvikelser
597 1762 253 48 likalydande,
875 1763 69 36 har
966 1762 238 37 beträffande
1227 1762 101 48 läget
1351 1762 102 37 inom
1475 1760 101 38 vissa
1598 1761 201 37 industrier

198 1817 164 36 lämnats
389 1828 46 24 en
462 1816 57 37 del
544 1816 201 48 uppgifter,
766 1815 104 38 vilka
890 1816 278 36 motionärerna
1184 1814 125 38 ansett
1324 1815 128 37 vittna
1466 1826 73 34 om,
1557 1818 58 33 att
1631 1826 46 25 en
1690 1814 107 47 bety-

200 1870 123 37 dande
344 1870 171 47 nedgång
535 1870 137 36 inträtt
692 1869 11 36 i
725 1870 73 36 den
818 1869 233 37 industriella
1070 1869 282 48 produktionen
1371 1868 10 36 i
1402 1870 87 34 vårt
1508 1867 89 38 land
1618 1871 99 34 samt
1738 1871 61 33 att

198 1935 88 26 man
315 1923 103 37 inom
437 1927 57 33 ett
513 1923 124 37 flertal
658 1923 201 37 industrier
880 1923 189 47 nödgades
1092 1926 58 33 att
1171 1922 102 37 inom
1296 1922 70 37 den
1393 1926 187 32 närmaste
1595 1921 202 37 framtiden

198 1982 89 42 göra
315 1977 218 47 ytterligare
563 1976 414 48 driftinskränkningar.

295 2030 136 37 Vidare
446 2031 99 36 hava
561 2030 279 37 motionärerna
854 2030 154 45 uttalat,
1027 2034 71 41 att,
1116 2031 48 35 då
1173 2030 119 36 under
1304 2030 219 36 nuvarande
1534 2028 262 49 produktions-

200 2083 258 37 förhållanden
475 2085 93 35 våra
586 2083 301 48 huvudsakligen
906 2084 94 36 efter
1017 2083 269 46 viktsystemet
1304 2083 189 46 utgående
1510 2082 114 37 tullar
1643 2081 155 37 förlorat

198 2137 58 37 sin
272 2137 241 46 effektivitet,
533 2138 64 35 det
613 2137 82 47 låge
712 2141 168 32 närmast
901 2136 52 36 till
971 2137 121 36 hands
1110 2140 58 33 att
1186 2136 11 35 i
1215 2136 90 37 ökat
1324 2135 192 47 tullskydd
1535 2135 91 38 söka
1644 2135 64 37 det
1727 2134 69 36 till-

199 2191 126 47 fälliga
354 2191 135 45 medel,'
506 2184 70 58 som
596 2191 127 36 kunde
742 2190 101 37 hålla
862 2194 102 33 stora
984 2189 102 38 delar
1106 2202 48 24 av
1175 2189 242 47 näringslivet
1436 2189 12 36 i
1467 2190 97 46 gång
1583 2189 70 36 och
1661 2188 136 37 bereda

199 2245 63 36 det
286 2244 195 48 möjlighet
505 2248 58 33 att
588 2245 85 35 med
698 2245 123 46 någon
843 2243 121 37 utsikt
987 2243 56 36 till
1070 2244 195 46 framgång
1287 2244 50 46 på
1362 2243 71 36 den
1456 2242 194 37 inhemska
1674 2241 122 37 mark-

200 2298 123 37 naden
347 2297 107 38 tävla
480 2298 85 36 med
592 2297 193 37 utlandets
811 2297 214 49 produkter.

202 2359 129 41 Bihang
356 2358 48 33 till
426 2358 189 42 riksdagens
633 2357 162 43 protokoll
824 2360 95 33 1921.
970 2360 20 32 ?
1012 2358 89 33 saml.
1129 2361 20 29 4
1195 2356 80 39 håäft.
1327 2357 70 37 (N”
1420 2360 44 35 4)
1736 2360 12 28 1
