2218 2620
641 188 346 40 Bevillningsulskottels
1023 191 195 32 betänkande
1249 191 48 32 Ni
1324 193 27 29 4.
1776 193 16 28 7

291 276 26 37 1)
342 278 51 28 att
425 280 90 28 extra
548 277 163 41 tullskydd
737 278 57 31 bör
825 278 230 43 ifrågakomma
1079 281 115 31 endast
1218 281 49 31 för
1289 280 101 32 sådan
1419 279 144 38 industri,
1587 291 65 21 som
1679 280 56 31 det
1762 291 37 20 ur

393 320 184 32 ckonomisk
603 322 168 41 synpunkt
794 326 35 28 är
854 323 48 32 för
922 324 109 32 landet
1056 324 140 42 önskligt
1220 330 51 27 att
1297 324 237 42 upprätthålla;

285 365 31 37 2)
343 368 48 27 att
416 375 75 21 man
515 365 55 32 vid
596 366 216 32 bedömandet
838 378 40 20 av
898 368 192 32 nödlidande
1109 370 153 31 industris
1282 369 383 42 produktionskostnader
1683 369 114 31 endast

392 409 116 31 räknar
540 410 70 31 med
643 411 120 31 sådana
796 411 180 33 kostnader.
1012 424 66 19 som
1107 413 91 32 bestå
1224 417 83 28 även
1338 413 52 31 vid
1416 413 62 31 den
1502 416 177 38 strängaste
1709 423 86 31 spar-

392 453 143 32 samhet
525 449 15 55 i
557 454 234 41 förvaltningen
811 456 59 31 och
889 457 62 30 den
970 461 80 27 mest
1071 458 161 31 rationella
1256 458 215 41 organisation
1486 468 41 20 av
1548 456 245 42 produktionen:

283 500 31 34 3)
341 500 49 27 att
421 501 90 28 extra
545 498 163 40 tullskydd
742 499 27 40 ej
809 500 94 32 heller
929 501 129 32 beredes
1085 502 48 30 för
1157 506 51 27 att
1234 501 170 42 uppehålla
1430 502 237 31 arbetslönerna
1692 504 40 38 på
1757 512 37 21 en

391 543 85 35 nivå,
510 552 67 20 som
610 542 69 31 icke
713 547 34 26 är
771 543 203 33 ekonomiskt
997 544 111 42 möjlig
1133 549 78 28 utan
1236 556 40 21 en
1299 545 189 41 försämring
1512 556 41 20 av
1575 545 61 31 den
1659 545 135 32 svenska

392 586 136 31 kronans
552 586 109 39 värde;
685 587 60 31 och
768 591 51 28 att
843 588 73 31 med
939 588 125 41 hänsyn
1074 589 108 32 härtill
1199 589 129 32 särskilt
1345 589 201 37 undersökes,
1566 589 10 31 i
1594 588 108 33 vilken
1720 591 76 29 mån

391 629 251 33 arbetslönernas
675 631 140 39 stegring
850 632 136 40 bidragit
1013 637 50 27 att
1088 633 122 31 minska
1239 633 193 32 nödlidande
1458 632 229 40 industrigrens
1718 633 75 31 kon-

390 674 231 38 kurrenskraft;

282 720 32 38 +)
340 721 50 28 att
420 718 56 31 vid
508 719 216 33 bedömandet
758 731 41 20 av
832 721 214 32 kostnaderna
1080 722 50 31 för
1166 723 177 31 beredande
1376 733 41 20 av
1441 726 48 28 ett
1513 726 90 28 extra
1628 723 166 41 tullskydd

390 763 123 41 hänsyn
544 767 88 38 tages
666 764 49 32 till
747 765 40 30 de
818 765 181 39 kostnader,
1035 777 68 21 som
1131 778 39 21 en
1200 766 49 32 till
1271 766 81 42 följd
1376 778 41 21 av
1441 767 162 32 bristande
1627 767 167 42 tullskydd

389 807 217 43 uppkommen
630 809 211 32 arbetslöshet
865 810 99 31 skulle
988 811 175 38 förorsaka;

282 853 31 38 5)
339 855 51 28 att
416 852 55 32 det
496 857 91 27 extra
610 853 217 41 tullskyddets
857 854 154 32 inverkan
1040 857 42 39 på
1105 855 187 42 bärigheten
1315 867 41 20 av
1380 857 38 30 de
1446 856 165 32 inhemska
1634 857 157 40 näringar.

389 907 69 21 som
481 896 109 32 kunna
614 897 78 41 följa
715 897 82 32 efter
819 898 11 31 i
853 899 340 42 produktionskedjan,
1219 900 195 32 undersökes
1440 902 37 37 (t.
1495 911 48 20 ex.
1555 899 107 32 vilken
1672 900 122 32 verkan

389 945 48 28 ett
470 944 90 29 extra
591 941 166 40 tullskydd
793 941 50 32 för
874 942 251 41 järnindustrien
1161 944 64 31 kan
1250 944 131 31 komma
1405 948 50 27 att
1479 944 33 31 få
1535 944 49 31 för
1612 944 179 33 verkstads-

389 985 177 32 industrien
589 985 74 32 eller
685 986 50 31 för
754 986 214 41 jordbruket);
994 992 86 27 samt

281 1033 17 27 6)
337 1033 51 29 att
420 1029 251 33 arbetskraftens
706 1030 159 42 naturliga
898 1031 59 31 och
981 1032 181 32 önskvärda
1189 1035 160 40 övergång
1373 1033 48 31 till
1442 1032 189 42 jordbruket
1654 1033 60 32 och
1737 1035 55 31 det

303 1040 8 30 ss

387 1074 122 42 husliga
542 1074 125 33 arbetet
699 1075 68 31 icke
800 1075 102 32 direkt
934 1076 159 32 förevåras
1117 1087 114 30 genom
1255 1077 180 32 beredande
1459 1088 41 20 av
1524 1078 54 31 det
1603 1077 186 40 ifrågasatta
1814 1090 3 4 :

387 1123 90 28 extra
501 1119 231 41 tullskyddet.»

288 1210 126 46 Enligt
432 1212 74 34 vad
526 1211 186 35 utskottet
730 1211 190 36 inhämtat
938 1213 174 35 anmälde
1124 1214 125 35 herrar
1266 1214 321 36 Kvarnzelius
1531 1206 67 55 och
1601 1214 187 37 Thorsson

189 1276 43 23 en
265 1265 82 34 från
371 1264 259 47 majoritetens
656 1264 150 46 mening
833 1264 212 37 avvikande
1071 1265 108 36 åsikt.

287 1317 94 35 Herr
397 1317 248 36 Kvarnzelius
663 1318 127 45 ansåg,
810 1322 58 31 att
886 1318 122 46 punkt
1025 1319 23 34 3
1065 1319 80 35 icke
1166 1320 83 34 bort
1268 1320 84 45 ingå
1371 1321 10 33 i
1402 1321 123 34 rådets
1542 1322 188 44 vttrande.

288 1371 92 34 Herr
404 1370 189 36 Thorsson
621 1382 123 35 avgav
773 1370 166 47 följande
967 1372 249 36 reservation:

282 1459 66 30 »Då
371 1457 54 42 jag
449 1468 92 21 anser
562 1457 239 32 förhållandena
826 1458 87 31 inom
933 1458 56 32 det
1012 1459 257 32 internationella
1292 1460 176 41 varubytet
1491 1472 86 27 vara,
1603 1461 41 31 bl.
1668 1473 29 20 a.
1715 1463 73 31 med

187 1503 126 40 hänsyn
343 1502 49 32 till
425 1502 310 41 valutaspörsmålet,
772 1504 35 29 så
833 1502 114 32 osäkra
971 1503 60 31 och
1054 1503 213 43 föränderliga
1290 1504 60 31 och
1373 1509 49 28 ett
1445 1505 188 43 avvägande
1657 1517 43 21 av
1723 1517 64 31 nya

187 1546 59 32 och
279 1546 98 42 höjda
403 1546 161 33 tullsatser
596 1547 49 31 för
676 1547 85 32 vissa
796 1547 149 42 varuslag
976 1547 144 32 kommer
1149 1552 51 28 att
1230 1549 144 32 medföra
1407 1549 126 33 alldeles
1565 1550 219 43 oberäkneliga

187 1591 144 37 resultat,
365 1591 58 32 har
454 1591 55 42 jag
541 1591 69 32 icke
642 1591 127 33 kunnat
801 1592 128 32 biträda
953 1592 56 33 det
1033 1593 178 37 uttalande,
1236 1604 70 21 som
1330 1593 157 33 beslutats
1512 1606 42 20 av
1580 1595 207 33 ekonomiska

186 1636 100 38 rådet,
321 1647 74 20 vars
429 1635 210 43 uppfattning
671 1647 52 20 om
758 1636 248 43 olämpligheten
1035 1648 42 20 av
1109 1649 40 21 en
1179 1638 135 41 generell
1347 1638 242 43 tullförhöjning
1610 1639 55 43 jag
1688 1640 96 32 delar.

185 1680 94 32 Inom
309 1681 91 31 rådet
431 1680 58 32 har
520 1680 55 42 jag
606 1681 143 32 förordat
779 1681 237 42 undersökning
1048 1686 122 28 om.ett
1194 1682 154 42 tillfälligt
1371 1683 194 42 vidtagande
1588 1695 42 21 av
1653 1685 131 41 import-

185 1724 154 43 reglering
370 1725 10 31 i
412 1725 63 32 den
502 1725 222 42 utsträckning
754 1725 61 32 och
838 1726 10 31 i
871 1725 40 32 de
934 1726 125 37 former,
1084 1729 69 29 som
1177 1726 110 33 kunna
1312 1727 145 32 befinnas
1480 1728 233 43 oundgängliga
1737 1729 50 32 för

185 1773 51 28 att
258 1770 11 31 i
295 1769 72 32 hela
391 1769 182 33 samhällets
598 1770 130 32 intresse
751 1770 119 42 reglera
894 1772 74 30 vårt
991 1771 198 41 varuutbyte
1213 1772 73 32 med
1312 1771 198 34 främmande
1533 1772 140 33 länder.»

280 1870 84 36 Med
387 1869 199 46 anledning
607 1882 47 24 av
675 1871 76 35 vad
772 1870 159 36 sålunda
952 1870 238 37 förekommit
1212 1872 101 36 hava
1333 1871 101 37 inom
1454 1873 327 48 handelsdeparte-
1807 1879 150 34 Utredning
1974 1882 13 24 i

186 1927 142 32 mentet
355 1923 209 47 igångsatts
591 1923 184 37 särskilda
801 1923 254 48 utredningar,
1086 1924 237 38 beträffande
1351 1925 102 37 vilka
1481 1926 189 36 utskottet
1699 1928 83 36 från

183 1976 237 37 sistnämnda
451 1977 260 47 departement
743 1977 190 37 inhämtat
967 1977 164 47 följande
1162 1979 280 47 upplysningar.

279 2029 300 48 Utredningarna
601 2030 126 47 åsyfta
746 2034 59 33 att
824 2030 11 36 i
853 2031 198 46 görligaste
1070 2032 90 36 mån
1177 2031 192 48 klarlägga
1388 2033 45 36 de
1453 2033 56 36 för
1526 2034 128 36 landet
1674 2035 106 46 bety-

183 2083 193 37 delsefulla
392 2084 70 36 och
481 2096 47 24 av
546 2083 178 37 utländsk
742 2084 234 36 konkurrens
993 2084 190 37 kännbart
1202 2086 192 36 drabbade
1412 2086 269 38 industriernas
1699 2093 82 31 när-

184 2137 164 36 varande
374 2137 82 47 läge
482 2137 70 36 och
580 2137 315 47 förutsättningar
922 2138 10 34 i
959 2138 455 37 konkurrenshänseende.
1447 2140 72 36 För
1547 2144 57 33 att
1631 2141 149 37 biträda

182 2190 64 37 vid
265 2190 368 48 utredningsarbetet
651 2191 68 36 har
737 2190 197 38 tillkallats
953 2203 46 24 en
1018 2191 233 48 rådgivande
1269 2192 221 48 delegation,
1511 2193 202 38 bestående
1734 2207 44 24 av

181 2244 206 37 ledamöter
410 2256 48 25 av
480 2243 86 37 tull-
589 2244 66 36 och
682 2244 389 40 traktatkommittén,
1096 2245 243 37 ekonomiska
1362 2247 106 36 rådet
1492 2248 69 35 och
1585 2247 197 37 arbetslös-

180 2297 320 37 hetskommittén.

1791 1915 209 35 handelsdepar-

1828 1954 126 25 tementet.
