<?xml version="1.0" encoding="UTF-8"?>
<alto xmlns="http://www.loc.gov/standards/alto/ns-v3#" xmlns:xlink="http://www.w3.org/1999/xlink" xmlns:xsi="http://www.w3.org/2001/XMLSchema-instance" xsi:schemaLocation="http://www.loc.gov/standards/alto/ns-v3# http://www.loc.gov/alto/v3/alto-3-0.xsd">
	<Description>
		<MeasurementUnit>pixel</MeasurementUnit>
		<sourceImageInformation>
			<fileName>/tmp/tess_de6wewzj_input.PNG</fileName>
		</sourceImageInformation>
		<OCRProcessing ID="OCR_0">
			<ocrProcessingStep>
				<processingSoftware>
					<softwareName>tesseract 5.3.0</softwareName>
				</processingSoftware>
			</ocrProcessingStep>
		</OCRProcessing>
	</Description>
	<Layout>
		<Page WIDTH="1884" HEIGHT="2776" PHYSICAL_IMG_NR="0" ID="page_0">
			<PrintSpace HPOS="0" VPOS="0" WIDTH="1884" HEIGHT="2776">
				<ComposedBlock ID="cblock_0" HPOS="257" VPOS="185" WIDTH="1201" HEIGHT="37">
					<TextBlock ID="block_0" HPOS="257" VPOS="185" WIDTH="1201" HEIGHT="37">
						<TextLine ID="line_0" HPOS="257" VPOS="185" WIDTH="1201" HEIGHT="37">
							<String ID="string_0" HPOS="257" VPOS="185" WIDTH="20" HEIGHT="30" WC="0.96" CONTENT="4"/><SP WIDTH="267" VPOS="185" HPOS="277"/>
							<String ID="string_1" HPOS="544" VPOS="186" WIDTH="408" HEIGHT="36" WC="0.88" CONTENT="Bevillningsutskottets"/><SP WIDTH="16" VPOS="186" HPOS="952"/>
							<String ID="string_2" HPOS="968" VPOS="186" WIDTH="221" HEIGHT="30" WC="0.95" CONTENT="betänkande"/><SP WIDTH="16" VPOS="186" HPOS="1189"/>
							<String ID="string_3" HPOS="1205" VPOS="195" WIDTH="42" HEIGHT="21" WC="0.96" CONTENT="nr"/><SP WIDTH="16" VPOS="195" HPOS="1247"/>
							<String ID="string_4" HPOS="1263" VPOS="187" WIDTH="41" HEIGHT="30" WC="0.96" CONTENT="45"/><SP WIDTH="17" VPOS="187" HPOS="1304"/>
							<String ID="string_5" HPOS="1321" VPOS="186" WIDTH="39" HEIGHT="30" WC="0.96" CONTENT="år"/><SP WIDTH="17" VPOS="186" HPOS="1360"/>
							<String ID="string_6" HPOS="1377" VPOS="187" WIDTH="81" HEIGHT="29" WC="0.96" CONTENT="1961"/>
						</TextLine>
					</TextBlock>
				</ComposedBlock>
				<ComposedBlock ID="cblock_1" HPOS="303" VPOS="274" WIDTH="1446" HEIGHT="251">
					<TextBlock ID="block_1" HPOS="303" VPOS="274" WIDTH="1446" HEIGHT="251">
						<TextLine ID="line_1" HPOS="303" VPOS="274" WIDTH="1268" HEIGHT="38">
							<String ID="string_7" HPOS="303" VPOS="274" WIDTH="117" HEIGHT="31" WC="0.96" CONTENT="Under"/><SP WIDTH="15" VPOS="274" HPOS="420"/>
							<String ID="string_8" HPOS="435" VPOS="274" WIDTH="221" HEIGHT="38" WC="0.96" CONTENT="åberopande"/><SP WIDTH="14" VPOS="274" HPOS="656"/>
							<String ID="string_9" HPOS="670" VPOS="284" WIDTH="42" HEIGHT="21" WC="0.96" CONTENT="av"/><SP WIDTH="13" VPOS="284" HPOS="712"/>
							<String ID="string_10" HPOS="725" VPOS="275" WIDTH="66" HEIGHT="30" WC="0.96" CONTENT="vad"/><SP WIDTH="15" VPOS="275" HPOS="791"/>
							<String ID="string_11" HPOS="806" VPOS="275" WIDTH="149" HEIGHT="30" WC="0.96" CONTENT="sålunda"/><SP WIDTH="14" VPOS="275" HPOS="955"/>
							<String ID="string_12" HPOS="969" VPOS="275" WIDTH="136" HEIGHT="30" WC="0.96" CONTENT="anförts"/><SP WIDTH="16" VPOS="275" HPOS="1105"/>
							<String ID="string_13" HPOS="1121" VPOS="275" WIDTH="55" HEIGHT="29" WC="0.96" CONTENT="får"/><SP WIDTH="14" VPOS="275" HPOS="1176"/>
							<String ID="string_14" HPOS="1190" VPOS="275" WIDTH="171" HEIGHT="30" WC="0.93" CONTENT="utskottet"/><SP WIDTH="13" VPOS="275" HPOS="1361"/>
							<String ID="string_15" HPOS="1374" VPOS="275" WIDTH="197" HEIGHT="35" WC="0.90" CONTENT="hemställa,"/>
						</TextLine>
						<TextLine ID="line_2" HPOS="622" VPOS="325" WIDTH="1126" HEIGHT="40">
							<String ID="string_16" HPOS="622" VPOS="329" WIDTH="52" HEIGHT="29" WC="0.96" CONTENT="att"/><SP WIDTH="16" VPOS="329" HPOS="674"/>
							<String ID="string_17" HPOS="690" VPOS="328" WIDTH="40" HEIGHT="30" WC="0.96" CONTENT="de"/><SP WIDTH="16" VPOS="328" HPOS="730"/>
							<String ID="string_18" HPOS="746" VPOS="328" WIDTH="224" HEIGHT="37" WC="0.95" CONTENT="likalydande"/><SP WIDTH="16" VPOS="328" HPOS="970"/>
							<String ID="string_19" HPOS="986" VPOS="328" WIDTH="219" HEIGHT="30" WC="0.93" CONTENT="motionerna"/><SP WIDTH="16" VPOS="328" HPOS="1205"/>
							<String ID="string_20" HPOS="1221" VPOS="328" WIDTH="97" HEIGHT="30" WC="0.91" CONTENT="1:253"/><SP WIDTH="16" VPOS="328" HPOS="1318"/>
							<String ID="string_21" HPOS="1334" VPOS="337" WIDTH="42" HEIGHT="21" WC="0.96" CONTENT="av"/><SP WIDTH="14" VPOS="337" HPOS="1376"/>
							<String ID="string_22" HPOS="1390" VPOS="329" WIDTH="81" HEIGHT="29" WC="0.96" CONTENT="herr"/><SP WIDTH="15" VPOS="329" HPOS="1471"/>
							<String ID="string_23" HPOS="1486" VPOS="327" WIDTH="106" HEIGHT="31" WC="0.93" CONTENT="Gösta"/><SP WIDTH="14" VPOS="327" HPOS="1592"/>
							<String ID="string_24" HPOS="1606" VPOS="325" WIDTH="142" HEIGHT="33" WC="0.91" CONTENT="Jacobs-"/>
						</TextLine>
						<TextLine ID="line_3" HPOS="578" VPOS="370" WIDTH="1169" HEIGHT="49">
							<String ID="string_25" HPOS="578" VPOS="390" WIDTH="64" HEIGHT="21" WC="0.93" CONTENT="son"/><SP WIDTH="24" VPOS="390" HPOS="642"/>
							<String ID="string_26" HPOS="666" VPOS="389" WIDTH="44" HEIGHT="22" WC="0.91" CONTENT="m."/><SP WIDTH="24" VPOS="389" HPOS="710"/>
							<String ID="string_27" HPOS="734" VPOS="381" WIDTH="37" HEIGHT="30" WC="0.95" CONTENT="fl."/><SP WIDTH="22" VPOS="381" HPOS="771"/>
							<String ID="string_28" HPOS="793" VPOS="381" WIDTH="66" HEIGHT="30" WC="0.96" CONTENT="och"/><SP WIDTH="23" VPOS="381" HPOS="859"/>
							<String ID="string_29" HPOS="882" VPOS="371" WIDTH="46" HEIGHT="40" WC="0.92" CONTENT="II:"/><SP WIDTH="16" VPOS="371" HPOS="928"/>
							<String ID="string_30" HPOS="944" VPOS="381" WIDTH="62" HEIGHT="30" WC="0.94" CONTENT="210"/><SP WIDTH="23" VPOS="381" HPOS="1006"/>
							<String ID="string_31" HPOS="1029" VPOS="390" WIDTH="43" HEIGHT="21" WC="0.96" CONTENT="av"/><SP WIDTH="21" VPOS="390" HPOS="1072"/>
							<String ID="string_32" HPOS="1093" VPOS="381" WIDTH="82" HEIGHT="30" WC="0.96" CONTENT="herr"/><SP WIDTH="20" VPOS="381" HPOS="1175"/>
							<String ID="string_33" HPOS="1195" VPOS="381" WIDTH="180" HEIGHT="38" WC="0.93" CONTENT="Nordgren"/><SP WIDTH="22" VPOS="381" HPOS="1375"/>
							<String ID="string_34" HPOS="1397" VPOS="390" WIDTH="44" HEIGHT="21" WC="0.90" CONTENT="m."/><SP WIDTH="23" VPOS="390" HPOS="1441"/>
							<String ID="string_35" HPOS="1464" VPOS="381" WIDTH="37" HEIGHT="31" WC="0.94" CONTENT="fl."/><SP WIDTH="22" VPOS="381" HPOS="1501"/>
							<String ID="string_36" HPOS="1523" VPOS="390" WIDTH="59" HEIGHT="21" WC="0.96" CONTENT="om"/><SP WIDTH="22" VPOS="390" HPOS="1582"/>
							<String ID="string_37" HPOS="1604" VPOS="382" WIDTH="69" HEIGHT="30" WC="0.96" CONTENT="rätt"/><SP WIDTH="21" VPOS="382" HPOS="1673"/>
							<String ID="string_38" HPOS="1694" VPOS="370" WIDTH="53" HEIGHT="42" WC="0.82" CONTENT="till"/>
						</TextLine>
						<TextLine ID="line_4" HPOS="577" VPOS="434" WIDTH="1172" HEIGHT="38">
							<String ID="string_39" HPOS="577" VPOS="435" WIDTH="130" HEIGHT="37" WC="0.96" CONTENT="avdrag"/><SP WIDTH="23" VPOS="435" HPOS="707"/>
							<String ID="string_40" HPOS="730" VPOS="434" WIDTH="57" HEIGHT="30" WC="0.96" CONTENT="vid"/><SP WIDTH="25" VPOS="434" HPOS="787"/>
							<String ID="string_41" HPOS="812" VPOS="434" WIDTH="269" HEIGHT="38" WC="0.96" CONTENT="beskattningen"/><SP WIDTH="26" VPOS="434" HPOS="1081"/>
							<String ID="string_42" HPOS="1107" VPOS="434" WIDTH="56" HEIGHT="30" WC="0.96" CONTENT="för"/><SP WIDTH="24" VPOS="434" HPOS="1163"/>
							<String ID="string_43" HPOS="1187" VPOS="435" WIDTH="200" HEIGHT="37" WC="0.96" CONTENT="avsättning"/><SP WIDTH="23" VPOS="435" HPOS="1387"/>
							<String ID="string_44" HPOS="1410" VPOS="435" WIDTH="53" HEIGHT="30" WC="0.93" CONTENT="till"/><SP WIDTH="25" VPOS="435" HPOS="1463"/>
							<String ID="string_45" HPOS="1488" VPOS="434" WIDTH="261" HEIGHT="38" WC="0.91" CONTENT="självfinansie-"/>
						</TextLine>
						<TextLine ID="line_5" HPOS="576" VPOS="487" WIDTH="1172" HEIGHT="38">
							<String ID="string_46" HPOS="576" VPOS="487" WIDTH="183" HEIGHT="37" WC="0.91" CONTENT="ringsfond"/><SP WIDTH="28" VPOS="487" HPOS="759"/>
							<String ID="string_47" HPOS="787" VPOS="487" WIDTH="79" HEIGHT="31" WC="0.96" CONTENT="icke"/><SP WIDTH="27" VPOS="487" HPOS="866"/>
							<String ID="string_48" HPOS="893" VPOS="487" WIDTH="107" HEIGHT="31" WC="0.96" CONTENT="måtte"/><SP WIDTH="29" VPOS="487" HPOS="1000"/>
							<String ID="string_49" HPOS="1029" VPOS="487" WIDTH="182" HEIGHT="31" WC="0.96" CONTENT="föranleda"/><SP WIDTH="27" VPOS="487" HPOS="1211"/>
							<String ID="string_50" HPOS="1238" VPOS="488" WIDTH="115" HEIGHT="37" WC="0.96" CONTENT="någon"/><SP WIDTH="28" VPOS="488" HPOS="1353"/>
							<String ID="string_51" HPOS="1381" VPOS="487" WIDTH="206" HEIGHT="38" WC="0.96" CONTENT="riksdagens"/><SP WIDTH="28" VPOS="487" HPOS="1587"/>
							<String ID="string_52" HPOS="1615" VPOS="487" WIDTH="133" HEIGHT="38" WC="0.95" CONTENT="åtgärd."/>
						</TextLine>
					</TextBlock>
				</ComposedBlock>
				<ComposedBlock ID="cblock_2" HPOS="303" VPOS="567" WIDTH="1013" HEIGHT="118">
					<TextBlock ID="block_2" HPOS="303" VPOS="567" WIDTH="1013" HEIGHT="118">
						<TextLine ID="line_6" HPOS="303" VPOS="567" WIDTH="539" HEIGHT="37">
							<String ID="string_53" HPOS="303" VPOS="567" WIDTH="201" HEIGHT="30" WC="0.96" CONTENT="Stockholm"/><SP WIDTH="15" VPOS="567" HPOS="504"/>
							<String ID="string_54" HPOS="519" VPOS="567" WIDTH="67" HEIGHT="30" WC="0.96" CONTENT="den"/><SP WIDTH="15" VPOS="567" HPOS="586"/>
							<String ID="string_55" HPOS="601" VPOS="567" WIDTH="41" HEIGHT="30" WC="0.96" CONTENT="20"/><SP WIDTH="15" VPOS="567" HPOS="642"/>
							<String ID="string_56" HPOS="657" VPOS="567" WIDTH="87" HEIGHT="37" WC="0.96" CONTENT="april"/><SP WIDTH="17" VPOS="567" HPOS="744"/>
							<String ID="string_57" HPOS="761" VPOS="567" WIDTH="81" HEIGHT="31" WC="0.96" CONTENT="1961"/>
						</TextLine>
						<TextLine ID="line_7" HPOS="686" VPOS="647" WIDTH="630" HEIGHT="38">
							<String ID="string_58" HPOS="686" VPOS="647" WIDTH="47" HEIGHT="29" WC="0.93" CONTENT="På"/><SP WIDTH="18" VPOS="647" HPOS="733"/>
							<String ID="string_59" HPOS="751" VPOS="647" WIDTH="401" HEIGHT="37" WC="0.91" CONTENT="bevillningsutskottets"/><SP WIDTH="19" VPOS="647" HPOS="1152"/>
							<String ID="string_60" HPOS="1171" VPOS="648" WIDTH="145" HEIGHT="37" WC="0.96" CONTENT="vägnar:"/>
						</TextLine>
					</TextBlock>
				</ComposedBlock>
				<ComposedBlock ID="cblock_3" HPOS="828" VPOS="727" WIDTH="348" HEIGHT="31">
					<TextBlock ID="block_3" HPOS="828" VPOS="727" WIDTH="348" HEIGHT="31">
						<TextLine ID="line_8" HPOS="828" VPOS="727" WIDTH="348" HEIGHT="31">
							<String ID="string_61" HPOS="828" VPOS="727" WIDTH="117" HEIGHT="31" WC="0.96" CONTENT="JOHN"/><SP WIDTH="19" VPOS="727" HPOS="945"/>
							<String ID="string_62" HPOS="964" VPOS="727" WIDTH="212" HEIGHT="31" WC="0.96" CONTENT="ERICSSON"/>
						</TextLine>
					</TextBlock>
				</ComposedBlock>
				<ComposedBlock ID="cblock_4" HPOS="880" VPOS="940" WIDTH="242" HEIGHT="30">
					<TextBlock ID="block_4" HPOS="880" VPOS="940" WIDTH="242" HEIGHT="30">
						<TextLine ID="line_9" HPOS="880" VPOS="940" WIDTH="242" HEIGHT="30">
							<String ID="string_63" HPOS="880" VPOS="940" WIDTH="242" HEIGHT="30" WC="0.95" CONTENT="Närvarande:"/>
						</TextLine>
					</TextBlock>
				</ComposedBlock>
				<ComposedBlock ID="cblock_5" HPOS="257" VPOS="1018" WIDTH="1492" HEIGHT="306">
					<TextBlock ID="block_5" HPOS="257" VPOS="1018" WIDTH="1492" HEIGHT="142">
						<TextLine ID="line_10" HPOS="303" VPOS="1018" WIDTH="1445" HEIGHT="40">
							<String ID="string_64" HPOS="303" VPOS="1018" WIDTH="80" HEIGHT="31" WC="0.96" CONTENT="från"/><SP WIDTH="54" VPOS="1018" HPOS="383"/>
							<String ID="string_65" HPOS="437" VPOS="1020" WIDTH="140" HEIGHT="29" WC="0.96" CONTENT="första"/><SP WIDTH="26" VPOS="1020" HPOS="577"/>
							<String ID="string_66" HPOS="603" VPOS="1019" WIDTH="220" HEIGHT="30" WC="0.96" CONTENT="kammaren:"/><SP WIDTH="17" VPOS="1019" HPOS="823"/>
							<String ID="string_67" HPOS="840" VPOS="1020" WIDTH="123" HEIGHT="29" WC="0.96" CONTENT="herrar"/><SP WIDTH="13" VPOS="1020" HPOS="963"/>
							<String ID="string_68" HPOS="976" VPOS="1020" WIDTH="93" HEIGHT="30" WC="0.96" CONTENT="John"/><SP WIDTH="16" VPOS="1020" HPOS="1069"/>
							<String ID="string_69" HPOS="1085" VPOS="1020" WIDTH="174" HEIGHT="35" WC="0.95" CONTENT="Ericsson,"/><SP WIDTH="15" VPOS="1020" HPOS="1259"/>
							<String ID="string_70" HPOS="1274" VPOS="1020" WIDTH="167" HEIGHT="38" WC="0.96" CONTENT="Hagberg,"/><SP WIDTH="16" VPOS="1020" HPOS="1441"/>
							<String ID="string_71" HPOS="1457" VPOS="1021" WIDTH="164" HEIGHT="36" WC="0.96" CONTENT="Jansson,"/><SP WIDTH="16" VPOS="1021" HPOS="1621"/>
							<String ID="string_72" HPOS="1637" VPOS="1021" WIDTH="111" HEIGHT="37" WC="0.96" CONTENT="Spetz,"/>
						</TextLine>
						<TextLine ID="line_11" HPOS="258" VPOS="1071" WIDTH="1491" HEIGHT="39">
							<String ID="string_73" HPOS="258" VPOS="1071" WIDTH="125" HEIGHT="31" WC="0.93" CONTENT="fröken"/><SP WIDTH="28" VPOS="1071" HPOS="383"/>
							<String ID="string_74" HPOS="411" VPOS="1072" WIDTH="190" HEIGHT="35" WC="0.91" CONTENT="Ranmark,"/><SP WIDTH="28" VPOS="1072" HPOS="601"/>
							<String ID="string_75" HPOS="629" VPOS="1072" WIDTH="121" HEIGHT="30" WC="0.96" CONTENT="herrar"/><SP WIDTH="27" VPOS="1072" HPOS="750"/>
							<String ID="string_76" HPOS="777" VPOS="1073" WIDTH="110" HEIGHT="30" WC="0.96" CONTENT="Oscar"/><SP WIDTH="27" VPOS="1073" HPOS="887"/>
							<String ID="string_77" HPOS="914" VPOS="1073" WIDTH="174" HEIGHT="35" WC="0.95" CONTENT="Carlsson,"/><SP WIDTH="26" VPOS="1073" HPOS="1088"/>
							<String ID="string_78" HPOS="1114" VPOS="1073" WIDTH="93" HEIGHT="37" WC="0.96" CONTENT="Tage"/><SP WIDTH="25" VPOS="1073" HPOS="1207"/>
							<String ID="string_79" HPOS="1232" VPOS="1074" WIDTH="211" HEIGHT="35" WC="0.96" CONTENT="Johansson,"/><SP WIDTH="28" VPOS="1074" HPOS="1443"/>
							<String ID="string_80" HPOS="1471" VPOS="1074" WIDTH="146" HEIGHT="36" WC="0.96" CONTENT="Sundin,"/><SP WIDTH="27" VPOS="1074" HPOS="1617"/>
							<String ID="string_81" HPOS="1644" VPOS="1074" WIDTH="105" HEIGHT="31" WC="0.96" CONTENT="Gösta"/>
						</TextLine>
						<TextLine ID="line_12" HPOS="257" VPOS="1125" WIDTH="634" HEIGHT="35">
							<String ID="string_82" HPOS="257" VPOS="1125" WIDTH="193" HEIGHT="30" WC="0.96" CONTENT="Jacobsson"/><SP WIDTH="14" VPOS="1125" HPOS="450"/>
							<String ID="string_83" HPOS="464" VPOS="1126" WIDTH="66" HEIGHT="29" WC="0.92" CONTENT="och"/><SP WIDTH="15" VPOS="1126" HPOS="530"/>
							<String ID="string_84" HPOS="545" VPOS="1126" WIDTH="236" HEIGHT="34" WC="0.89" CONTENT="Kronstrand;"/><SP WIDTH="18" VPOS="1126" HPOS="781"/>
							<String ID="string_85" HPOS="799" VPOS="1128" WIDTH="92" HEIGHT="28" WC="0.96" CONTENT="samt"/>
						</TextLine>
					</TextBlock>
					<TextBlock ID="block_6" HPOS="259" VPOS="1178" WIDTH="1490" HEIGHT="146">
						<TextLine ID="line_13" HPOS="302" VPOS="1178" WIDTH="1446" HEIGHT="39">
							<String ID="string_86" HPOS="302" VPOS="1178" WIDTH="80" HEIGHT="30" WC="0.96" CONTENT="från"/><SP WIDTH="37" VPOS="1178" HPOS="382"/>
							<String ID="string_87" HPOS="419" VPOS="1179" WIDTH="154" HEIGHT="29" WC="0.95" CONTENT="andra"/><SP WIDTH="37" VPOS="1179" HPOS="573"/>
							<String ID="string_88" HPOS="610" VPOS="1179" WIDTH="220" HEIGHT="30" WC="0.95" CONTENT="kammaren:"/><SP WIDTH="27" VPOS="1179" HPOS="830"/>
							<String ID="string_89" HPOS="857" VPOS="1180" WIDTH="122" HEIGHT="29" WC="0.95" CONTENT="herrar"/><SP WIDTH="25" VPOS="1180" HPOS="979"/>
							<String ID="string_90" HPOS="1004" VPOS="1180" WIDTH="134" HEIGHT="30" WC="0.96" CONTENT="Brandt"/><SP WIDTH="23" VPOS="1180" HPOS="1138"/>
							<String ID="string_91" HPOS="1161" VPOS="1181" WIDTH="10" HEIGHT="29" WC="0.93" CONTENT="i"/><SP WIDTH="25" VPOS="1181" HPOS="1171"/>
							<String ID="string_92" HPOS="1196" VPOS="1180" WIDTH="197" HEIGHT="37" WC="0.90" CONTENT="Aspabruk,"/><SP WIDTH="25" VPOS="1180" HPOS="1393"/>
							<String ID="string_93" HPOS="1418" VPOS="1181" WIDTH="131" HEIGHT="35" WC="0.96" CONTENT="Allard,"/><SP WIDTH="23" VPOS="1181" HPOS="1549"/>
							<String ID="string_94" HPOS="1572" VPOS="1181" WIDTH="141" HEIGHT="30" WC="0.96" CONTENT="Nilsson"/><SP WIDTH="24" VPOS="1181" HPOS="1713"/>
							<String ID="string_95" HPOS="1737" VPOS="1181" WIDTH="11" HEIGHT="29" WC="0.96" CONTENT="i"/>
						</TextLine>
						<TextLine ID="line_14" HPOS="259" VPOS="1232" WIDTH="1490" HEIGHT="38">
							<String ID="string_96" HPOS="259" VPOS="1232" WIDTH="134" HEIGHT="35" WC="0.96" CONTENT="Svalöv,"/><SP WIDTH="18" VPOS="1232" HPOS="393"/>
							<String ID="string_97" HPOS="411" VPOS="1232" WIDTH="225" HEIGHT="35" WC="0.96" CONTENT="Kärrlander,"/><SP WIDTH="17" VPOS="1232" HPOS="636"/>
							<String ID="string_98" HPOS="653" VPOS="1232" WIDTH="227" HEIGHT="30" WC="0.96" CONTENT="Christenson"/><SP WIDTH="16" VPOS="1232" HPOS="880"/>
							<String ID="string_99" HPOS="896" VPOS="1233" WIDTH="12" HEIGHT="29" WC="0.96" CONTENT="i"/><SP WIDTH="17" VPOS="1233" HPOS="908"/>
							<String ID="string_100" HPOS="925" VPOS="1233" WIDTH="139" HEIGHT="35" WC="0.93" CONTENT="Malmö,"/><SP WIDTH="17" VPOS="1233" HPOS="1064"/>
							<String ID="string_101" HPOS="1081" VPOS="1233" WIDTH="134" HEIGHT="35" WC="0.89" CONTENT="Darlin,"/><SP WIDTH="17" VPOS="1233" HPOS="1215"/>
							<String ID="string_102" HPOS="1232" VPOS="1234" WIDTH="201" HEIGHT="30" WC="0.96" CONTENT="Andersson"/><SP WIDTH="16" VPOS="1234" HPOS="1433"/>
							<String ID="string_103" HPOS="1449" VPOS="1235" WIDTH="11" HEIGHT="29" WC="0.93" CONTENT="i"/><SP WIDTH="17" VPOS="1235" HPOS="1460"/>
							<String ID="string_104" HPOS="1477" VPOS="1234" WIDTH="137" HEIGHT="36" WC="0.92" CONTENT="Essvik,"/><SP WIDTH="17" VPOS="1234" HPOS="1614"/>
							<String ID="string_105" HPOS="1631" VPOS="1235" WIDTH="118" HEIGHT="29" WC="0.91" CONTENT="Eriks-"/>
						</TextLine>
						<TextLine ID="line_15" HPOS="259" VPOS="1285" WIDTH="912" HEIGHT="39">
							<String ID="string_106" HPOS="259" VPOS="1294" WIDTH="63" HEIGHT="21" WC="0.96" CONTENT="son"/><SP WIDTH="14" VPOS="1294" HPOS="322"/>
							<String ID="string_107" HPOS="336" VPOS="1285" WIDTH="11" HEIGHT="30" WC="0.93" CONTENT="i"/><SP WIDTH="15" VPOS="1285" HPOS="347"/>
							<String ID="string_108" HPOS="362" VPOS="1285" WIDTH="205" HEIGHT="36" WC="0.91" CONTENT="Bäckmora,"/><SP WIDTH="15" VPOS="1285" HPOS="567"/>
							<String ID="string_109" HPOS="582" VPOS="1285" WIDTH="58" HEIGHT="30" WC="0.95" CONTENT="fru"/><SP WIDTH="15" VPOS="1285" HPOS="640"/>
							<String ID="string_110" HPOS="655" VPOS="1286" WIDTH="197" HEIGHT="37" WC="0.95" CONTENT="Holmqvist"/><SP WIDTH="14" VPOS="1286" HPOS="852"/>
							<String ID="string_111" HPOS="866" VPOS="1286" WIDTH="65" HEIGHT="30" WC="0.96" CONTENT="och"/><SP WIDTH="13" VPOS="1286" HPOS="931"/>
							<String ID="string_112" HPOS="944" VPOS="1287" WIDTH="81" HEIGHT="29" WC="0.96" CONTENT="herr"/><SP WIDTH="14" VPOS="1287" HPOS="1025"/>
							<String ID="string_113" HPOS="1039" VPOS="1287" WIDTH="132" HEIGHT="37" WC="0.96" CONTENT="Rydén."/>
						</TextLine>
					</TextBlock>
				</ComposedBlock>
				<ComposedBlock ID="cblock_6" HPOS="855" VPOS="1452" WIDTH="289" HEIGHT="35">
					<TextBlock ID="block_7" HPOS="855" VPOS="1452" WIDTH="289" HEIGHT="35">
						<TextLine ID="line_16" HPOS="855" VPOS="1452" WIDTH="289" HEIGHT="35">
							<String ID="string_114" HPOS="855" VPOS="1452" WIDTH="289" HEIGHT="35" WC="0.96" CONTENT="Reservationer"/>
						</TextLine>
					</TextBlock>
				</ComposedBlock>
				<ComposedBlock ID="cblock_7" HPOS="256" VPOS="1525" WIDTH="1494" HEIGHT="619">
					<TextBlock ID="block_8" HPOS="256" VPOS="1525" WIDTH="1494" HEIGHT="196">
						<TextLine ID="line_17" HPOS="302" VPOS="1525" WIDTH="1447" HEIGHT="40">
							<String ID="string_115" HPOS="302" VPOS="1526" WIDTH="30" HEIGHT="35" WC="0.95" CONTENT="I)"/><SP WIDTH="32" VPOS="1526" HPOS="332"/>
							<String ID="string_116" HPOS="364" VPOS="1534" WIDTH="42" HEIGHT="21" WC="0.96" CONTENT="av"/><SP WIDTH="17" VPOS="1534" HPOS="406"/>
							<String ID="string_117" HPOS="423" VPOS="1525" WIDTH="121" HEIGHT="31" WC="0.96" CONTENT="herrar"/><SP WIDTH="17" VPOS="1525" HPOS="544"/>
							<String ID="string_118" HPOS="561" VPOS="1525" WIDTH="171" HEIGHT="38" WC="0.96" CONTENT="Hagberg,"/><SP WIDTH="19" VPOS="1525" HPOS="732"/>
							<String ID="string_119" HPOS="751" VPOS="1526" WIDTH="104" HEIGHT="31" WC="0.96" CONTENT="Gösta"/><SP WIDTH="17" VPOS="1526" HPOS="855"/>
							<String ID="string_120" HPOS="872" VPOS="1527" WIDTH="205" HEIGHT="37" WC="0.96" CONTENT="Jacobsson,"/><SP WIDTH="16" VPOS="1527" HPOS="1077"/>
							<String ID="string_121" HPOS="1093" VPOS="1527" WIDTH="141" HEIGHT="30" WC="0.96" CONTENT="Nilsson"/><SP WIDTH="17" VPOS="1527" HPOS="1234"/>
							<String ID="string_122" HPOS="1251" VPOS="1528" WIDTH="11" HEIGHT="29" WC="0.96" CONTENT="i"/><SP WIDTH="19" VPOS="1528" HPOS="1262"/>
							<String ID="string_123" HPOS="1281" VPOS="1527" WIDTH="124" HEIGHT="30" WC="0.96" CONTENT="Svalöv"/><SP WIDTH="16" VPOS="1527" HPOS="1405"/>
							<String ID="string_124" HPOS="1421" VPOS="1528" WIDTH="65" HEIGHT="30" WC="0.93" CONTENT="och"/><SP WIDTH="16" VPOS="1528" HPOS="1486"/>
							<String ID="string_125" HPOS="1502" VPOS="1527" WIDTH="135" HEIGHT="38" WC="0.91" CONTENT="Darlin,"/><SP WIDTH="18" VPOS="1527" HPOS="1637"/>
							<String ID="string_126" HPOS="1655" VPOS="1528" WIDTH="94" HEIGHT="30" WC="0.96" CONTENT="vilka"/>
						</TextLine>
						<TextLine ID="line_18" HPOS="256" VPOS="1578" WIDTH="1494" HEIGHT="40">
							<String ID="string_127" HPOS="256" VPOS="1596" WIDTH="45" HEIGHT="3" WC="0.85" CONTENT="—"/><SP WIDTH="23" VPOS="1596" HPOS="301"/>
							<String ID="string_128" HPOS="324" VPOS="1579" WIDTH="111" HEIGHT="29" WC="0.96" CONTENT="under"/><SP WIDTH="25" VPOS="1579" HPOS="435"/>
							<String ID="string_129" HPOS="460" VPOS="1578" WIDTH="221" HEIGHT="38" WC="0.96" CONTENT="åberopande"/><SP WIDTH="23" VPOS="1578" HPOS="681"/>
							<String ID="string_130" HPOS="704" VPOS="1588" WIDTH="42" HEIGHT="21" WC="0.96" CONTENT="av"/><SP WIDTH="23" VPOS="1588" HPOS="746"/>
							<String ID="string_131" HPOS="769" VPOS="1580" WIDTH="193" HEIGHT="30" WC="0.96" CONTENT="innehållet"/><SP WIDTH="22" VPOS="1580" HPOS="962"/>
							<String ID="string_132" HPOS="984" VPOS="1581" WIDTH="11" HEIGHT="29" WC="0.96" CONTENT="i"/><SP WIDTH="24" VPOS="1581" HPOS="995"/>
							<String ID="string_133" HPOS="1019" VPOS="1581" WIDTH="42" HEIGHT="30" WC="0.96" CONTENT="de"/><SP WIDTH="24" VPOS="1581" HPOS="1061"/>
							<String ID="string_134" HPOS="1085" VPOS="1580" WIDTH="223" HEIGHT="38" WC="0.96" CONTENT="likalydande"/><SP WIDTH="23" VPOS="1580" HPOS="1308"/>
							<String ID="string_135" HPOS="1331" VPOS="1581" WIDTH="220" HEIGHT="30" WC="0.96" CONTENT="motionerna"/><SP WIDTH="24" VPOS="1581" HPOS="1551"/>
							<String ID="string_136" HPOS="1575" VPOS="1581" WIDTH="29" HEIGHT="29" WC="0.52" CONTENT="I:"/><SP WIDTH="16" VPOS="1581" HPOS="1604"/>
							<String ID="string_137" HPOS="1620" VPOS="1581" WIDTH="64" HEIGHT="31" WC="0.87" CONTENT="253"/><SP WIDTH="23" VPOS="1581" HPOS="1684"/>
							<String ID="string_138" HPOS="1707" VPOS="1590" WIDTH="43" HEIGHT="21" WC="0.96" CONTENT="av"/>
						</TextLine>
						<TextLine ID="line_19" HPOS="258" VPOS="1631" WIDTH="1491" HEIGHT="41">
							<String ID="string_139" HPOS="258" VPOS="1631" WIDTH="82" HEIGHT="30" WC="0.96" CONTENT="herr"/><SP WIDTH="18" VPOS="1631" HPOS="340"/>
							<String ID="string_140" HPOS="358" VPOS="1631" WIDTH="104" HEIGHT="30" WC="0.96" CONTENT="Gösta"/><SP WIDTH="17" VPOS="1631" HPOS="462"/>
							<String ID="string_141" HPOS="479" VPOS="1632" WIDTH="194" HEIGHT="30" WC="0.93" CONTENT="Jacobsson"/><SP WIDTH="18" VPOS="1632" HPOS="673"/>
							<String ID="string_142" HPOS="691" VPOS="1642" WIDTH="45" HEIGHT="21" WC="0.88" CONTENT="m."/><SP WIDTH="19" VPOS="1642" HPOS="736"/>
							<String ID="string_143" HPOS="755" VPOS="1633" WIDTH="37" HEIGHT="30" WC="0.96" CONTENT="fl."/><SP WIDTH="17" VPOS="1633" HPOS="792"/>
							<String ID="string_144" HPOS="809" VPOS="1634" WIDTH="66" HEIGHT="29" WC="0.96" CONTENT="och"/><SP WIDTH="18" VPOS="1634" HPOS="875"/>
							<String ID="string_145" HPOS="893" VPOS="1634" WIDTH="46" HEIGHT="29" WC="0.95" CONTENT="II:"/><SP WIDTH="16" VPOS="1634" HPOS="939"/>
							<String ID="string_146" HPOS="955" VPOS="1634" WIDTH="62" HEIGHT="30" WC="0.95" CONTENT="210"/><SP WIDTH="19" VPOS="1634" HPOS="1017"/>
							<String ID="string_147" HPOS="1036" VPOS="1643" WIDTH="42" HEIGHT="21" WC="0.96" CONTENT="av"/><SP WIDTH="16" VPOS="1643" HPOS="1078"/>
							<String ID="string_148" HPOS="1094" VPOS="1634" WIDTH="81" HEIGHT="30" WC="0.96" CONTENT="herr"/><SP WIDTH="16" VPOS="1634" HPOS="1175"/>
							<String ID="string_149" HPOS="1191" VPOS="1634" WIDTH="180" HEIGHT="38" WC="0.92" CONTENT="Nordgren"/><SP WIDTH="18" VPOS="1634" HPOS="1371"/>
							<String ID="string_150" HPOS="1389" VPOS="1643" WIDTH="44" HEIGHT="21" WC="0.92" CONTENT="m."/><SP WIDTH="18" VPOS="1643" HPOS="1433"/>
							<String ID="string_151" HPOS="1451" VPOS="1634" WIDTH="37" HEIGHT="30" WC="0.93" CONTENT="fl."/><SP WIDTH="16" VPOS="1634" HPOS="1488"/>
							<String ID="string_152" HPOS="1504" VPOS="1652" WIDTH="45" HEIGHT="4" WC="0.92" CONTENT="—"/><SP WIDTH="16" VPOS="1652" HPOS="1549"/>
							<String ID="string_153" HPOS="1565" VPOS="1637" WIDTH="116" HEIGHT="28" WC="0.96" CONTENT="ansett"/><SP WIDTH="17" VPOS="1637" HPOS="1681"/>
							<String ID="string_154" HPOS="1698" VPOS="1636" WIDTH="51" HEIGHT="29" WC="0.96" CONTENT="att"/>
						</TextLine>
						<TextLine ID="line_20" HPOS="257" VPOS="1685" WIDTH="474" HEIGHT="36">
							<String ID="string_155" HPOS="257" VPOS="1685" WIDTH="173" HEIGHT="30" WC="0.96" CONTENT="utskottet"/><SP WIDTH="12" VPOS="1685" HPOS="430"/>
							<String ID="string_156" HPOS="442" VPOS="1685" WIDTH="78" HEIGHT="30" WC="0.93" CONTENT="bort"/><SP WIDTH="13" VPOS="1685" HPOS="520"/>
							<String ID="string_157" HPOS="533" VPOS="1686" WIDTH="198" HEIGHT="35" WC="0.91" CONTENT="hemställa,"/>
						</TextLine>
					</TextBlock>
					<TextBlock ID="block_9" HPOS="575" VPOS="1740" WIDTH="1174" HEIGHT="349">
						<TextLine ID="line_21" HPOS="622" VPOS="1740" WIDTH="1126" HEIGHT="39">
							<String ID="string_158" HPOS="622" VPOS="1741" WIDTH="51" HEIGHT="28" WC="0.96" CONTENT="att"/><SP WIDTH="23" VPOS="1741" HPOS="673"/>
							<String ID="string_159" HPOS="696" VPOS="1740" WIDTH="187" HEIGHT="38" WC="0.95" CONTENT="riksdagen"/><SP WIDTH="21" VPOS="1740" HPOS="883"/>
							<String ID="string_160" HPOS="904" VPOS="1740" WIDTH="109" HEIGHT="31" WC="0.96" CONTENT="måtte"/><SP WIDTH="20" VPOS="1740" HPOS="1013"/>
							<String ID="string_161" HPOS="1033" VPOS="1741" WIDTH="11" HEIGHT="29" WC="0.96" CONTENT="i"/><SP WIDTH="23" VPOS="1741" HPOS="1044"/>
							<String ID="string_162" HPOS="1067" VPOS="1741" WIDTH="167" HEIGHT="30" WC="0.96" CONTENT="skrivelse"/><SP WIDTH="21" VPOS="1741" HPOS="1234"/>
							<String ID="string_163" HPOS="1255" VPOS="1742" WIDTH="53" HEIGHT="29" WC="0.96" CONTENT="till"/><SP WIDTH="23" VPOS="1742" HPOS="1308"/>
							<String ID="string_164" HPOS="1331" VPOS="1741" WIDTH="125" HEIGHT="38" WC="0.94" CONTENT="Kungl."/><SP WIDTH="23" VPOS="1741" HPOS="1456"/>
							<String ID="string_165" HPOS="1479" VPOS="1741" WIDTH="106" HEIGHT="38" WC="0.96" CONTENT="Maj:t"/><SP WIDTH="22" VPOS="1741" HPOS="1585"/>
							<String ID="string_166" HPOS="1607" VPOS="1741" WIDTH="141" HEIGHT="30" WC="0.96" CONTENT="anhålla"/>
						</TextLine>
						<TextLine ID="line_22" HPOS="578" VPOS="1793" WIDTH="1171" HEIGHT="39">
							<String ID="string_167" HPOS="578" VPOS="1794" WIDTH="52" HEIGHT="28" WC="0.95" CONTENT="att"/><SP WIDTH="18" VPOS="1794" HPOS="630"/>
							<String ID="string_168" HPOS="648" VPOS="1793" WIDTH="125" HEIGHT="37" WC="0.94" CONTENT="Kungl."/><SP WIDTH="19" VPOS="1793" HPOS="773"/>
							<String ID="string_169" HPOS="792" VPOS="1793" WIDTH="108" HEIGHT="37" WC="0.96" CONTENT="Maj:t"/><SP WIDTH="18" VPOS="1793" HPOS="900"/>
							<String ID="string_170" HPOS="918" VPOS="1794" WIDTH="208" HEIGHT="37" WC="0.95" CONTENT="skyndsamt"/><SP WIDTH="18" VPOS="1794" HPOS="1126"/>
							<String ID="string_171" HPOS="1144" VPOS="1794" WIDTH="87" HEIGHT="30" WC="0.96" CONTENT="låter"/><SP WIDTH="17" VPOS="1794" HPOS="1231"/>
							<String ID="string_172" HPOS="1248" VPOS="1795" WIDTH="124" HEIGHT="30" WC="0.96" CONTENT="utreda"/><SP WIDTH="18" VPOS="1795" HPOS="1372"/>
							<String ID="string_173" HPOS="1390" VPOS="1794" WIDTH="124" HEIGHT="38" WC="0.96" CONTENT="frågan"/><SP WIDTH="17" VPOS="1794" HPOS="1514"/>
							<String ID="string_174" HPOS="1531" VPOS="1804" WIDTH="58" HEIGHT="21" WC="0.96" CONTENT="om"/><SP WIDTH="17" VPOS="1804" HPOS="1589"/>
							<String ID="string_175" HPOS="1606" VPOS="1796" WIDTH="70" HEIGHT="29" WC="0.96" CONTENT="rätt"/><SP WIDTH="18" VPOS="1796" HPOS="1676"/>
							<String ID="string_176" HPOS="1694" VPOS="1795" WIDTH="55" HEIGHT="30" WC="0.96" CONTENT="för"/>
						</TextLine>
						<TextLine ID="line_23" HPOS="576" VPOS="1846" WIDTH="1173" HEIGHT="40">
							<String ID="string_177" HPOS="576" VPOS="1846" WIDTH="254" HEIGHT="30" WC="0.92" CONTENT="rörelseidkare"/><SP WIDTH="21" VPOS="1846" HPOS="830"/>
							<String ID="string_178" HPOS="851" VPOS="1856" WIDTH="89" HEIGHT="28" WC="0.96" CONTENT="resp."/><SP WIDTH="21" VPOS="1856" HPOS="940"/>
							<String ID="string_179" HPOS="961" VPOS="1847" WIDTH="234" HEIGHT="37" WC="0.96" CONTENT="jordbrukare"/><SP WIDTH="20" VPOS="1847" HPOS="1195"/>
							<String ID="string_180" HPOS="1215" VPOS="1849" WIDTH="51" HEIGHT="29" WC="0.96" CONTENT="att"/><SP WIDTH="19" VPOS="1849" HPOS="1266"/>
							<String ID="string_181" HPOS="1285" VPOS="1848" WIDTH="57" HEIGHT="30" WC="0.92" CONTENT="vid"/><SP WIDTH="20" VPOS="1848" HPOS="1342"/>
							<String ID="string_182" HPOS="1362" VPOS="1848" WIDTH="318" HEIGHT="38" WC="0.91" CONTENT="inkomsttaxering"/><SP WIDTH="20" VPOS="1848" HPOS="1680"/>
							<String ID="string_183" HPOS="1700" VPOS="1848" WIDTH="49" HEIGHT="30" WC="0.91" CONTENT="åt-"/>
						</TextLine>
						<TextLine ID="line_24" HPOS="576" VPOS="1899" WIDTH="1172" HEIGHT="40">
							<String ID="string_184" HPOS="576" VPOS="1899" WIDTH="104" HEIGHT="37" WC="0.96" CONTENT="njuta"/><SP WIDTH="19" VPOS="1899" HPOS="680"/>
							<String ID="string_185" HPOS="699" VPOS="1900" WIDTH="128" HEIGHT="37" WC="0.95" CONTENT="avdrag"/><SP WIDTH="19" VPOS="1900" HPOS="827"/>
							<String ID="string_186" HPOS="846" VPOS="1899" WIDTH="55" HEIGHT="31" WC="0.96" CONTENT="för"/><SP WIDTH="19" VPOS="1899" HPOS="901"/>
							<String ID="string_187" HPOS="920" VPOS="1901" WIDTH="200" HEIGHT="37" WC="0.96" CONTENT="avsättning"/><SP WIDTH="18" VPOS="1901" HPOS="1120"/>
							<String ID="string_188" HPOS="1138" VPOS="1901" WIDTH="52" HEIGHT="30" WC="0.93" CONTENT="till"/><SP WIDTH="18" VPOS="1901" HPOS="1190"/>
							<String ID="string_189" HPOS="1208" VPOS="1901" WIDTH="432" HEIGHT="38" WC="0.91" CONTENT="självfinansieringsfond"/><SP WIDTH="17" VPOS="1901" HPOS="1640"/>
							<String ID="string_190" HPOS="1657" VPOS="1902" WIDTH="11" HEIGHT="29" WC="0.93" CONTENT="i"/><SP WIDTH="18" VPOS="1902" HPOS="1668"/>
							<String ID="string_191" HPOS="1686" VPOS="1902" WIDTH="62" HEIGHT="29" WC="0.91" CONTENT="hu-"/>
						</TextLine>
						<TextLine ID="line_25" HPOS="575" VPOS="1953" WIDTH="1173" HEIGHT="39">
							<String ID="string_192" HPOS="575" VPOS="1953" WIDTH="186" HEIGHT="37" WC="0.88" CONTENT="vudsaklig"/><SP WIDTH="19" VPOS="1953" HPOS="761"/>
							<String ID="string_193" HPOS="780" VPOS="1954" WIDTH="350" HEIGHT="30" WC="0.96" CONTENT="överensstämmelse"/><SP WIDTH="19" VPOS="1954" HPOS="1130"/>
							<String ID="string_194" HPOS="1149" VPOS="1955" WIDTH="78" HEIGHT="29" WC="0.96" CONTENT="med"/><SP WIDTH="19" VPOS="1955" HPOS="1227"/>
							<String ID="string_195" HPOS="1246" VPOS="1955" WIDTH="41" HEIGHT="29" WC="0.96" CONTENT="de"/><SP WIDTH="18" VPOS="1955" HPOS="1287"/>
							<String ID="string_196" HPOS="1305" VPOS="1955" WIDTH="11" HEIGHT="29" WC="0.96" CONTENT="i"/><SP WIDTH="20" VPOS="1955" HPOS="1316"/>
							<String ID="string_197" HPOS="1336" VPOS="1954" WIDTH="220" HEIGHT="31" WC="0.93" CONTENT="motionerna"/><SP WIDTH="18" VPOS="1954" HPOS="1556"/>
							<String ID="string_198" HPOS="1574" VPOS="1955" WIDTH="174" HEIGHT="37" WC="0.91" CONTENT="uppdrag-"/>
						</TextLine>
						<TextLine ID="line_26" HPOS="576" VPOS="2006" WIDTH="1172" HEIGHT="40">
							<String ID="string_199" HPOS="576" VPOS="2014" WIDTH="46" HEIGHT="21" WC="0.95" CONTENT="na"/><SP WIDTH="19" VPOS="2014" HPOS="622"/>
							<String ID="string_200" HPOS="641" VPOS="2006" WIDTH="226" HEIGHT="37" WC="0.96" CONTENT="riktlinjerna"/><SP WIDTH="18" VPOS="2006" HPOS="867"/>
							<String ID="string_201" HPOS="885" VPOS="2008" WIDTH="91" HEIGHT="28" WC="0.95" CONTENT="samt"/><SP WIDTH="18" VPOS="2008" HPOS="976"/>
							<String ID="string_202" HPOS="994" VPOS="2006" WIDTH="54" HEIGHT="31" WC="0.96" CONTENT="för"/><SP WIDTH="18" VPOS="2006" HPOS="1048"/>
							<String ID="string_203" HPOS="1066" VPOS="2007" WIDTH="187" HEIGHT="38" WC="0.95" CONTENT="riksdagen"/><SP WIDTH="18" VPOS="2007" HPOS="1253"/>
							<String ID="string_204" HPOS="1271" VPOS="2007" WIDTH="211" HEIGHT="38" WC="0.96" CONTENT="framlägger"/><SP WIDTH="18" VPOS="2007" HPOS="1482"/>
							<String ID="string_205" HPOS="1500" VPOS="2008" WIDTH="131" HEIGHT="38" WC="0.96" CONTENT="förslag"/><SP WIDTH="17" VPOS="2008" HPOS="1631"/>
							<String ID="string_206" HPOS="1648" VPOS="2009" WIDTH="12" HEIGHT="29" WC="0.93" CONTENT="i"/><SP WIDTH="18" VPOS="2009" HPOS="1660"/>
							<String ID="string_207" HPOS="1678" VPOS="2009" WIDTH="70" HEIGHT="29" WC="0.92" CONTENT="äm-"/>
						</TextLine>
						<TextLine ID="line_27" HPOS="575" VPOS="2060" WIDTH="71" HEIGHT="29">
							<String ID="string_208" HPOS="575" VPOS="2060" WIDTH="71" HEIGHT="29" WC="0.95" CONTENT="net."/>
						</TextLine>
					</TextBlock>
					<TextBlock ID="block_10" HPOS="301" VPOS="2111" WIDTH="910" HEIGHT="33">
						<TextLine ID="line_28" HPOS="301" VPOS="2111" WIDTH="910" HEIGHT="33">
							<String ID="string_209" HPOS="301" VPOS="2111" WIDTH="49" HEIGHT="33" WC="0.56" CONTENT="II)"/><SP WIDTH="29" VPOS="2111" HPOS="350"/>
							<String ID="string_210" HPOS="379" VPOS="2120" WIDTH="43" HEIGHT="21" WC="0.95" CONTENT="av"/><SP WIDTH="12" VPOS="2120" HPOS="422"/>
							<String ID="string_211" HPOS="434" VPOS="2111" WIDTH="121" HEIGHT="30" WC="0.95" CONTENT="herrar"/><SP WIDTH="13" VPOS="2111" HPOS="555"/>
							<String ID="string_212" HPOS="568" VPOS="2112" WIDTH="137" HEIGHT="30" WC="0.96" CONTENT="Sundin"/><SP WIDTH="14" VPOS="2112" HPOS="705"/>
							<String ID="string_213" HPOS="719" VPOS="2112" WIDTH="64" HEIGHT="30" WC="0.96" CONTENT="och"/><SP WIDTH="14" VPOS="2112" HPOS="783"/>
							<String ID="string_214" HPOS="797" VPOS="2112" WIDTH="171" HEIGHT="31" WC="0.94" CONTENT="Eriksson"/><SP WIDTH="13" VPOS="2112" HPOS="968"/>
							<String ID="string_215" HPOS="981" VPOS="2113" WIDTH="11" HEIGHT="30" WC="0.93" CONTENT="i"/><SP WIDTH="14" VPOS="2113" HPOS="992"/>
							<String ID="string_216" HPOS="1006" VPOS="2114" WIDTH="205" HEIGHT="30" WC="0.92" CONTENT="Bäckmora."/>
						</TextLine>
					</TextBlock>
				</ComposedBlock>
				<ComposedBlock ID="cblock_8" HPOS="682" VPOS="2363" WIDTH="637" HEIGHT="52">
					<TextBlock ID="block_11" HPOS="682" VPOS="2363" WIDTH="637" HEIGHT="52">
						<TextLine ID="line_29" HPOS="682" VPOS="2363" WIDTH="637" HEIGHT="27">
							<String ID="string_217" HPOS="682" VPOS="2363" WIDTH="105" HEIGHT="23" WC="0.93" CONTENT="Svenska"/><SP WIDTH="19" VPOS="2363" HPOS="787"/>
							<String ID="string_218" HPOS="806" VPOS="2364" WIDTH="285" HEIGHT="26" WC="0.91" CONTENT="Tryckeriaktiebolaget,"/><SP WIDTH="21" VPOS="2364" HPOS="1091"/>
							<String ID="string_219" HPOS="1112" VPOS="2365" WIDTH="138" HEIGHT="22" WC="0.96" CONTENT="Stockholm"/><SP WIDTH="19" VPOS="2365" HPOS="1250"/>
							<String ID="string_220" HPOS="1269" VPOS="2365" WIDTH="50" HEIGHT="23" WC="0.96" CONTENT="1961"/>
						</TextLine>
						<TextLine ID="line_30" HPOS="966" VPOS="2398" WIDTH="70" HEIGHT="17">
							<String ID="string_221" HPOS="966" VPOS="2398" WIDTH="70" HEIGHT="17" WC="0.96" CONTENT="610573"/>
						</TextLine>
					</TextBlock>
				</ComposedBlock>
			</PrintSpace>
		</Page>
	</Layout>
</alto>
