2246 2793
512 173 18 30 co

873 168 222 36 Bevillnings-
1104 168 168 34 Utskottets
1295 166 214 33 Betänkande
1530 166 60 33 N:o
1614 168 49 30 16.

621 251 215 32 Beträffande
872 249 146 33 nämnda
1055 252 142 37 apparat
1230 250 62 31 har
1325 248 171 33 Utskottet
1523 247 132 33 erhållit
1683 247 62 32 den
1776 246 211 41 upplysning,
2016 249 48 27 att

471 306 39 31 de
550 304 121 41 försök,
706 313 81 29 som,
821 302 50 32 för
905 302 187 32 utrönande
1129 301 35 32 af
1194 305 204 36 apparatens
1435 300 255 32 användbarhet
1718 299 59 32 och
1808 297 254 40 tillförlitlighet,

471 355 87 42 pågå
593 356 52 32 vid
681 359 46 28 ett
760 356 27 40 ej
824 354 95 41 långt
954 353 72 32 från
1058 352 249 33 hufvudstaden
1336 353 131 40 beläget
1494 353 167 38 bränneri,
1688 352 72 31 icke
1786 351 87 31 visat
1900 350 76 31 fullt
2003 350 60 31 till-

471 408 257 32 fredsställande
758 407 150 37 resultat,
937 410 80 27 enär
1045 406 52 31 väl
1123 405 264 32 understundom
1413 405 63 31 den
1497 404 139 32 medelst
1655 406 184 38 apparaten
1861 402 203 32 verkställda

473 460 220 41 uppmätning
721 459 85 33 varit
833 468 184 31 noggrann,
1046 467 73 22 men
1147 457 147 32 deremot
1321 457 55 32 vid
1405 457 105 31 andra
1535 456 152 32 tillfällen
1710 457 103 30 större
1834 455 81 31 eller
1936 454 128 31 mindre

472 512 214 40 missvisning
726 514 54 37 egt
814 521 83 21 rum.
953 508 50 33 Då
1039 508 128 33 således
1202 509 297 32 användbarheten
1537 508 34 31 af
1603 508 110 32 denna
1748 510 152 37 apparat,
1927 506 134 31 hvilken

473 565 168 32 dessutom
683 564 87 31 lärer
807 572 79 22 vara
929 561 76 32 svår
1045 565 49 28 att
1127 564 159 37 uppsätta
1322 560 61 32 och
1418 560 35 32 af
1486 560 145 32 särdeles
1660 558 136 40 ömtålig
1823 558 241 37 beskaffenhet,

473 620 91 28 ännu
600 616 72 32 icke
701 614 107 33 blifvit
835 614 200 39 tillbörligen
1065 615 122 37 utrönt,
1215 616 42 28 än
1286 612 129 32 mindre
1444 610 198 42 ådagalagd,
1672 614 87 29 samt
1786 609 52 42 då,
1865 611 10 31 i
1903 610 161 31 händelse

474 669 39 31 de
541 668 154 31 fortsatta
723 667 153 31 försöken
906 665 177 32 framdeles
1112 665 109 31 skulle
1249 665 74 31 leda
1351 665 48 30 till
1429 674 90 21 mera
1545 664 210 39 tillförlitliga
1775 663 151 39 resultat,
1947 661 114 32 chefen

473 719 49 32 för
562 717 432 41 Bränvins-kontrolbyrån
1029 717 72 31 icke
1136 717 87 31 lärer
1260 714 176 34 underlåta
1466 719 48 28 att
1541 716 9 31 i
1579 716 89 32 detta
1696 714 193 32 hänseende
1917 716 79 38 göra
2026 713 38 31 de

474 771 296 40 framställningar,
802 770 133 32 hvartill
971 769 329 39 omständigheterna
1334 769 117 30 kunna
1480 767 183 41 föranleda,
1691 776 100 22 anser
1818 767 49 39 sig
1894 765 171 32 Utskottet

474 823 49 30 för
550 824 210 30 närvarande
789 823 61 30 och
878 822 49 29 till
955 820 80 39 följd
1063 819 35 31 af
1122 819 137 40 frågans
1288 819 163 31 outredda
1480 820 94 30 skick
1602 820 80 30 böra
1710 818 186 38 hemställa,

874 875 48 28 att
949 871 87 32 Herr
1064 869 36 33 O.
1131 869 179 33 Månssons
1330 869 150 41 yrkande
1500 870 72 31 icke
1595 868 53 32 må
1670 868 35 32 af
1716 869 191 39 Riksdagen
1923 867 141 32 bifallas.

1225 1024 18 40 $
1272 1025 48 32 28.

624 1130 114 33 Under
774 1129 213 41 åberopande
1022 1128 35 31 af
1088 1127 290 41 nödvändigheten
1416 1130 47 28 att
1497 1126 50 32 för
1581 1126 209 32 Statsverket
1823 1128 78 38 göra
1931 1126 66 31 alla
2026 1125 39 32 de

475 1182 228 41 besparingar,
732 1191 68 22 som
829 1182 133 39 billigen
993 1182 116 30 kunna
1139 1179 259 37 åstadkommas,
1427 1179 62 30 har
1518 1178 87 32 Herr
1625 1178 36 32 P.
1684 1177 177 40 Petersson,
1880 1178 46 31 uti
1943 1177 124 32 motion

477 1235 86 31 inom
592 1234 115 32 Andra
735 1233 202 31 Kammaren
968 1231 74 44 (N:o
1071 1230 62 43 36),
1162 1231 183 31 hemställt:
1375 1228 72 32 "om
1477 1230 71 31 icke
1568 1230 52 31 vid
1642 1229 427 39 bränvinsbränningskon-

474 1287 119 30 trollen
622 1285 339 32 öfverkontrollörens
990 1283 187 40 befattning
1205 1287 36 28 är
1269 1280 192 41 obehöflig”.

625 1336 64 32 Det
717 1335 35 32 af
777 1336 206 31 motionären
1014 1334 217 31 omförmälda
1259 1332 220 38 förhållande,
1508 1334 48 28 att
1575 1331 54 32 vid
1653 1332 293 31 öfverkontrollörs
1966 1332 102 30 besök

474 1389 98 39 ingen
609 1388 223 38 anmärkning
867 1386 220 40 förekommit,
1122 1387 77 34 kan,
1237 1385 102 39 enligt
1374 1384 189 31 Utskottets
1592 1384 111 40 tanke,
1732 1384 184 39 ingalunda
1945 1384 123 39 bevisa,

476 1443 48 28 att
560 1449 127 21 samma
716 1438 142 39 ordning
886 1438 59 31 och
975 1437 234 40 noggrannhet
1237 1436 108 31 skulle
1373 1435 183 40 iakttagits,
1585 1434 96 32 äfven
1711 1445 51 21 om
1793 1436 276 32 öfverkontrollör

476 1492 26 38 ej
544 1490 128 31 funnits
708 1489 60 32 och
805 1493 60 28 när
898 1498 69 22 som
1003 1489 87 31 helst
1126 1490 131 29 kunnat
1289 1486 128 33 infinna
1455 1487 58 39 sig,
1547 1485 140 32 likasom
1726 1486 61 33 den
1818 1488 189 32 äfvenledes
2038 1488 35 31 af

476 1542 206 31 motionären
713 1541 48 31 till
791 1540 72 32 stöd
891 1540 49 31 för
968 1540 85 31 hans
1082 1538 86 41 åsigt
1196 1538 139 32 anförda
1364 1536 257 40 omständighet,
1650 1540 48 28 att
1726 1538 55 33 det
1808 1549 140 22 numera
1969 1544 37 27 är
2027 1539 43 40 på

476 1593 124 32 Chefen
641 1592 49 32 för
730 1591 118 41 Kongl.
891 1591 361 39 Civil-departementet
1293 1589 176 37 beroende,
1505 1598 51 21 om
1592 1588 276 35 öfverkontrollör
1904 1592 86 30 skall
2025 1592 45 30 in-

476 1645 109 31 kallas
626 1644 50 32 till
717 1644 220 39 tjenstgöring
978 1643 80 31 eller
1093 1643 82 37 icke,
1211 1651 137 22 snarare
1387 1649 97 31 synes
1514 1639 217 41 ådagalägga,
1760 1646 49 28 att
1836 1643 9 31 i
1874 1643 90 32 detta
1993 1643 77 31 hän-

477 1696 122 31 seende
625 1696 44 30 all
699 1694 62 32 den
791 1694 247 39 inskränkning
1066 1694 10 30 i
1103 1692 348 37 kontrollkostnaden,
1480 1700 68 22 som
1579 1694 79 28 utan
1682 1691 240 43 äfventyrande
1946 1694 35 31 af
1993 1696 77 29 kon-

477 1748 137 31 trollens
641 1746 234 40 noggrannhet
902 1745 60 31 och
991 1744 246 40 tillförlitlighet
1264 1743 127 32 funnits
1420 1742 122 40 möjlig,
1570 1752 140 22 numera
1730 1744 184 42 iakttages;
1935 1746 60 31 och
2017 1744 53 37 då,

477 1799 104 39 enligt
608 1797 172 32 Utskottet
808 1797 195 32 meddelade
1033 1797 252 39 upplysningar,
1313 1794 339 32 öfverkontrollörens
1681 1795 112 42 tillsyn
1823 1796 143 41 mången
1983 1796 89 41 gång

477 1851 88 31 visat
598 1849 49 39 sig
681 1858 80 22 vara
796 1849 69 31 lika
899 1846 142 41 behöflig
1075 1847 49 32 för
1157 1847 128 40 Staten,
1314 1855 69 22 som
1413 1845 105 39 nyttig
1546 1844 49 31 för
1621 1845 226 44 tillverkaren,
1877 1852 87 28 samt
1992 1848 77 32 erfa-

476 1901 162 31 renheten
667 1900 96 39 visat,
794 1904 48 27 att
869 1909 70 21 mer
967 1903 41 27 än
1039 1909 40 21 en
1108 1899 184 31 kontrollör
1316 1898 71 40 just
1414 1895 43 41 på
1479 1896 109 40 grund
1612 1896 35 31 af
1665 1895 294 36 öfverkontrollörs
1977 1900 96 32 fram-

478 1952 121 32 ställda
629 1952 264 39 anmärkningar
922 1953 127 28 ansetts
1078 1950 72 32 icke
1179 1950 113 31 vidare
1320 1949 80 31 böra
1420 1948 47 31 till
1494 1947 90 40 dylik
1612 1947 187 43 befattning
1820 1949 253 42 ifrågakomma,

479 2007 86 28 samt
606 2003 181 40 dessutom,
830 2002 107 31 under
972 2001 239 39 förutsättning
1244 2000 35 32 af
1311 1999 91 32 bifall
1438 1999 47 31 till
1522 1998 186 34 Utskottets
1737 2002 61 31 här
1825 2002 97 31 ofvan
1953 2005 120 30 väckta

479 2055 124 38 förslag
643 2063 51 21 om
731 2055 159 30 bränvins
926 2052 198 32 förvarande
1159 2052 49 31 till
1238 2051 156 32 säkerhet
1421 2050 49 31 för
1497 2049 385 45 tillverkningsafgiften,
1911 2064 38 21 en
1981 2059 91 28 ännu

480 2114 234 31 noggrannare
742 2105 123 41 tillsyn,
894 2107 41 28 än
965 2103 176 42 tillförene,
1168 2103 94 32 torde
1291 2101 101 33 blifva
1420 2099 151 42 behöflig,
1600 2102 184 41 tillstyrker
1811 2104 180 43 Utskottet,

881 2158 48 28 att
961 2155 226 31 motionärens
1223 2154 202 32 hemställan
1460 2153 72 30 icke
1561 2152 54 31 må
1644 2153 49 32 till
1723 2154 109 41 någon
1862 2156 210 41 Riksdagens

878 2205 117 41 åtgärd
1023 2206 183 32 föranleda.

1879 2259 17 40 $
1926 2259 47 31 30.
