1856 2800
538 122 314 30 Bankoutskottets

279 207 210 30 Nuvarande
516 207 145 39 lydelse:

103 267 117 30 vilken
238 267 30 39 ej
290 267 38 29 är
345 266 144 30 försedd
509 266 79 29 med
605 265 55 30 för
677 264 163 40 jordbru-

102 318 78 29 kets
208 317 211 30 bedrivande
452 316 127 39 nödiga
608 315 231 40 åbyggnader,

103 369 76 29 icke
204 368 58 29 må
283 368 169 29 inräknas
477 367 121 30 värdet
621 376 42 20 av
683 365 157 31 växande

104 420 100 38 skog;

151 469 92 31 dels
284 470 82 29 ock
405 469 188 30 därutöver
622 468 53 30 till
708 469 48 28 ett
787 467 56 29 be-

106 521 82 39 lopp
212 530 42 21 av
273 521 101 38 högst
394 520 72 30 tolv
488 520 64 30 och
573 528 43 21 en
637 519 82 30 halv
740 518 103 40 gång-

106 581 37 20 er
166 571 241 40 sparbankens
428 571 135 29 fonder.

149 622 14 28 I
186 622 88 29 intet
297 639 45 3 —
363 639 45 2 —
430 638 45 3 —
498 620 241 40 sparbankens
766 619 77 29 fon-

105 673 71 29 der.

152 722 191 40 Sparbank,
369 731 76 20 som
469 739 44 3 —
534 739 44 3 —
600 739 43 3 —
665 721 79 29 dess
767 720 77 29 fon-

106 774 71 29 der.

816 847 41 29 26

152 908 200 40 Sparbanks
369 907 311 39 utlåningsrörelse
693 924 44 3 —
746 924 44 2 —
801 923 44 3 —

109 959 240 40 sparbankens
365 957 398 32 verksamhetsområde.

156 1009 201 40 Sparbanks
374 1009 115 30 medel
505 1026 45 4 —
565 1026 45 3 —
625 1025 44 4 —
687 1009 45 28 än
752 1007 95 30 skul-

109 1061 137 29 debrev.

152 1111 74 29 Lån
244 1110 67 34 må,
328 1128 45 2 —
387 1128 45 2 —
449 1127 45 3 —
511 1109 240 40 sparbankens
768 1108 77 29 fon-

108 1161 71 30 der.

152 1212 45 28 Är
218 1211 68 34 lån,
305 1229 44 2 —
368 1228 45 3 —
428 1228 45 3 —
492 1210 169 30 avseende
682 1209 163 29 inskrän-

106 1263 75 29 kas.

152 1313 85 34 Lån,
253 1312 55 30 för
324 1330 44 2 —
381 1330 45 2 —
439 1330 45 2 —
502 1321 42 20 en
561 1311 98 39 gång.

152 1364 76 29 Vad
269 1363 12 29 i
318 1363 124 38 tredje,
481 1362 115 39 fjärde
634 1362 66 29 och
738 1361 107 28 femte

113 1414 168 39 styckena
300 1414 38 29 är
358 1414 137 38 stadgat
517 1412 88 30 skall
625 1412 30 39 ej
680 1412 90 39 gälla
789 1412 60 29 lån

110 1465 80 29 med
204 1464 117 39 statlig
337 1464 140 39 garanti
492 1463 52 29 till
558 1463 66 30 den
640 1472 74 20 som
732 1462 115 38 avlagt

110 1514 206 31 akademisk
357 1514 83 30 eller
479 1513 144 30 därmed
665 1512 182 40 jämförlig

111 1574 156 21 examen.

817 1612 42 30 28

154 1666 75 29 Lån
244 1675 42 20 av
300 1683 44 3 —
356 1683 44 2 —
416 1683 44 2 —
474 1664 164 30 ombudet
658 1672 130 22 svarar.

814 1980 41 30 33

157 2042 115 29 Jämte
297 2041 65 30 vad
390 2058 43 3 -—
457 2058 43 17 —
527 2058 43 3 —
597 2040 82 29 halv
703 2040 144 39 procent

111 2092 189 38 överstiger
319 2091 156 29 nämnda
493 2090 226 30 medelränta.

157 2142 36 33 2)
224 2141 156 29 Fordran
412 2141 45 39 på
487 2141 112 39 grund
626 2150 42 20 av
698 2140 68 33 lån,
793 2140 55 28 för

111 2192 107 29 vilket
240 2192 171 29 kommun
434 2191 84 29 eller
538 2191 95 38 dylik
659 2190 190 37 samfällig-

111 2242 58 29 het
194 2243 38 27 är
259 2242 11 29 i
294 2241 175 39 egenskap
495 2250 41 20 av
560 2240 289 38 huvudgäldenär

114 2292 83 28 eHer
230 2291 188 29 löftesman
452 2290 162 38 ansvarig
645 2290 65 29 och
743 2289 106 29 vilket

113 2341 159 29 förfaller
312 2341 82 29 eller
435 2341 71 28 kan
545 2349 42 20 av
628 2339 221 40 sparbanken

114 2392 175 38 uppsägas
327 2391 52 28 lill
418 2390 178 38 betalning
632 2390 89 29 först
762 2389 89 29 efter

113 2442 119 37 längre
254 2441 49 30 tid
327 2442 44 28 än
399 2450 59 20 sex
482 2440 177 33 månader,
682 2439 58 30 må
764 2448 85 30 upp-

873 120 181 30 utlåtande
1073 130 44 20 nr
1137 120 51 30 45.
1604 118 17 30 3

1093 204 209 39 Föreslagen
1331 202 146 40 lydelse:

880 264 177 38 fastighet,
1087 263 118 30 vilken
1235 262 30 39 ej
1299 263 39 28 är
1367 262 143 29 försedd
1538 261 80 29 med

883 315 56 29 för
957 314 228 40 jordbrukets
1205 313 211 30 bedrivande
1438 312 128 39 nödiga
1588 311 34 30 å-

880 365 210 39 byggnader,
1112 364 76 29 icke
1228 363 58 30 må
1308 363 170 29 inräknas
1498 362 120 30 värdet

882 425 42 20 av
951 415 157 30 växande
1136 415 100 38 skog;

930 466 92 30 dels
1063 466 83 30 ock
1185 466 187 29 därutöver
1402 464 53 30 till
1487 466 49 28 ett
1567 463 56 30 be-

884 518 81 39 lopp
990 527 42 20 av
1051 517 102 39 högst
1173 516 71 30 tolv
1265 516 65 30 och
1351 525 43 20 en
1416 515 82 30 halv
1519 515 103 39 gång-

884 578 37 20 er
944 568 242 40 sparbankens
1207 567 135 30 fonder.

927 619 13 28 I
964 619 88 29 intet
1075 636 45 3 —
1142 635 44 3 —
1208 635 44 3 —
1276 617 241 40 sparbankens
1544 616 77 29 fon-

882 670 71 28 der.

928 719 193 40 Sparbank,
1147 727 75 21 som
1246 735 44 4 —
1310 735 45 3 —
1377 735 45 3 —
1443 717 79 30 dess
1545 717 76 29 fon-

882 771 71 29 der.

883 847 28 36 8.

931 905 201 40 Sparbanks
1146 903 310 39 utlåningsrörelse
1469 920 45 3 —
1526 920 43 3 —
1580 920 44 3 —

887 956 241 39 sparbankens
1144 953 398 31 verksamhetsområde.

933 1006 202 40 Sparbanks
1153 1005 112 30 medel
1282 1023 45 3 —
1343 1023 45 3 —
1402 1022 45 3 —
1465 1005 45 29 än
1531 1003 94 31 skul-

886 1057 137 30 debrev.

930 1108 74 29 Lån
1022 1107 68 34 må,
1107 1125 45 2 —
1165 1124 45 3 —
1228 1124 44 3 —
1288 1106 242 40 sparbankens
1547 1105 76 29 fon-

886 1159 71 29 der.

931 1209 46 28 Är
997 1208 68 34 lån,
1084 1226 44 3 —
1147 1225 45 3 —
1208 1225 44 3 —
1271 1207 170 30 avseende
1462 1206 162 29 inskrän-

885 1260 75 29 kas.

929 1310 84 34 Lån,
1030 1310 55 29 för
1102 1327 44 3 —
1159 1326 45 3 —
1217 1326 44 3 —
1279 1317 43 21 en
1338 1308 99 39 gång.

931 1360 75 30 Vad
1048 1360 11 29 i
1097 1359 124 39 tredje,
1259 1359 116 39 fjärde
1414 1359 65 29 och
1517 1358 107 28 femte

889 1411 167 39 styckena
1076 1411 37 28 är
1133 1410 136 38 stadgat
1287 1409 89 29 skall
1396 1409 30 38 ej
1448 1408 90 39 gälla
1556 1407 68 33 lån,

886 1462 57 39 för
965 1470 78 21 vars
1063 1460 89 40 fulla
1173 1460 171 40 gäldande
1369 1461 115 28 staten
1507 1460 39 28 är
1566 1467 60 20 an-

887 1512 126 39 svarig.

884 1612 28 36 8.

931 1662 75 29 Lån
1022 1671 41 20 av
1077 1679 45 3 —
1134 1679 45 2 —
1194 1678 44 3 —
1252 1660 165 30 ombudet
1437 1668 130 22 svarar.

933 1713 90 29 Utan
1042 1712 126 30 hinder
1186 1721 42 21 av
1247 1711 65 30 vad
1332 1712 11 29 i
1359 1711 113 39 första
1490 1709 135 40 stycket

888 1764 141 39 stadgas
1046 1763 58 29 må
1125 1763 69 36 lån,
1210 1762 57 40 för
1284 1771 78 20 vars
1378 1761 88 40 fulla
1484 1760 142 40 gäldan-

888 1814 41 30 de
959 1815 114 28 staten
1101 1814 40 29 är
1166 1813 172 38 ansvarig,
1370 1811 177 30 utlämnas
1576 1810 51 30 till

890 1864 152 30 ledamot
1061 1873 43 20 av
1120 1862 242 40 sparbankens
1382 1862 145 39 styrelse
1545 1861 83 30 eller

889 1915 10 28 i
914 1913 223 40 sparbanken
1153 1912 153 30 anställd
1321 1912 226 39 tjänsteman.

885 1980 28 36 8.

935 2039 116 29 Jämte
1076 2039 67 29 vad
1169 2056 45 3 —
1237 2055 45 3 —
1305 2055 45 3 —
1376 2037 82 30 halv
1484 2038 143 38 procent

889 2089 189 38 överstiger
1098 2088 155 29 nämnda
1271 2088 228 29 medelränta.

935 2140 36 32 2)
1001 2139 159 29 Fordran
1191 2138 45 39 på
1265 2138 113 39 grund
1406 2147 41 20 av
1477 2137 69 33 lån,
1573 2137 55 28 för

890 2189 106 30 vilket
1018 2189 172 29 kommun
1213 2188 82 29 eller
1316 2188 97 38 dylik
1438 2186 190 38 samfällig-

889 2240 58 28 het
972 2240 38 28 är
1037 2239 11 29 i
1072 2239 175 38 egenskap
1272 2247 42 20 av
1338 2237 290 38 huvudgäldenär

891 2289 82 29 eller
1006 2289 189 28 löftesman
1229 2287 162 39 ansvarig
1423 2287 65 29 och
1520 2286 107 29 vilket

890 2338 159 30 förfaller
1089 2338 83 29 eller
1212 2338 70 28 kan
1322 2346 43 20 av
1405 2336 222 40 sparbanken

890 2389 176 38 uppsägas
1104 2388 52 29 till
1195 2387 179 39 betalning
1410 2387 89 29 först
1541 2386 87 29 efter

891 2439 117 38 längre
1033 2438 47 31 tid
1105 2439 44 28 än
1177 2447 58 20 sex
1259 2437 178 34 månader,
1460 2437 58 29 må
1542 2445 86 30 upp-
