1882 2780
265 182 18 30 8
571 180 390 32 Jordbruksutskottets
984 181 180 30 utlåtande
1187 190 42 20 nr
1253 181 39 30 14
1315 181 40 29 år
1380 180 82 30 1957

312 265 227 30 Beträffande
563 265 311 39 prisregleringens
899 264 231 39 finansiering
1157 264 205 29 framhåller
1386 263 381 40 jordbruksnämnden,

269 318 51 28 att
340 315 268 30 förhållandena
627 315 45 40 på
692 315 341 40 exportmarknaden
1053 315 153 39 alltjämt
1226 316 38 28 är
1285 314 143 37 sådana,
1448 315 50 28 att
1518 313 111 30 medel
1650 314 10 29 i
1682 314 86 39 pris-

269 366 323 39 regleringskassan
611 366 54 29 för
684 365 69 30 fisk
774 365 62 30 bör
855 366 117 29 finnas
991 365 215 39 tillgängliga
1225 365 55 30 för
1299 365 223 29 bestridande
1542 373 42 20 av
1603 364 42 29 de
1665 364 104 39 utgif-

268 417 61 33 ter,
352 425 75 20 som
447 416 10 29 i
481 416 172 29 särskilda
673 416 61 30 fall
755 416 69 29 kan
846 416 48 29 bli
915 415 226 37 erforderliga
1161 416 57 29 vid
1240 415 278 37 uppkommande
1539 414 230 38 avsättnings-

269 466 214 39 svårigheter
499 466 83 29 eller
600 466 55 29 för
672 468 50 27 att
738 466 103 30 täcka
860 466 165 29 förluster
1042 466 58 29 vid
1118 466 380 38 kreditförsäljningar.
1516 465 252 39 Behållningen

268 516 11 29 i
302 516 132 29 kassan
455 516 61 30 bör
539 516 122 30 därför
683 516 106 39 enligt
812 517 177 29 nämnden
1012 517 88 29 även
1123 516 111 29 under
1257 517 103 28 nästa
1382 515 169 39 budgetår
1573 524 195 21 reserveras

269 566 55 30 för
345 568 51 28 att
417 567 178 29 användas
618 567 55 29 för
694 576 46 20 nu
761 567 267 39 ifrågavarande
1050 567 264 29 extraordinära
1336 566 163 30 ändamål
1522 567 80 29 med
1623 566 66 30 den
1714 566 55 29 be-

270 617 202 39 gränsning,
494 626 75 20 som
592 617 71 29 kan
685 617 200 30 föranledas
908 626 42 20 av
971 619 47 27 ett
1040 617 99 29 bifall
1163 617 50 29 till
1237 618 57 29 det
1316 617 11 29 i
1352 618 58 29 det
1432 617 208 39 föregående
1663 617 107 29 fram-

268 667 105 39 lagda
396 667 164 39 förslaget
584 676 58 20 om
666 668 203 39 avveckling
893 677 43 20 av
958 668 535 39 prisregleringsföreningarnas
1519 667 159 30 statslån.
1703 668 67 28 En-

269 717 62 39 ligt
352 718 194 29 nämndens
566 718 141 39 mening
724 718 179 29 erfordras
922 718 147 30 sålunda
1088 718 55 29 för
1162 718 309 39 prisregleringens
1490 718 280 39 upprätthållan-

269 767 42 30 de
331 767 152 39 alltjämt
502 767 279 40 bemyndigande
801 768 55 30 för
871 769 182 29 nämnden
1074 770 51 27 att
1146 771 151 37 upptaga
1317 768 341 39 regleringsavgifter
1677 769 10 28 i
1707 768 63 29 hu-

269 818 187 38 vudsaklig
478 819 347 29 överensstämmelse
851 819 78 29 med
953 819 41 29 de
1018 819 153 38 grunder
1196 828 72 20 som
1295 819 24 29 f.
1346 828 33 21 n.
1406 819 186 39 tillämpas.

316 869 13 28 I
358 867 98 40 fråga
484 877 56 20 om
568 869 406 39 regleringsavgifternas
1002 869 213 39 omfattning
1242 870 83 29 eller
1354 870 130 29 storlek
1513 869 136 30 erinrar
1676 869 94 39 jord-

269 922 290 30 bruksnämnden
577 932 59 19 om
655 922 253 39 föredragande
929 920 205 30 statsrådets
1154 920 180 29 uttalande
1355 920 11 29 i
1385 920 263 39 propositionen
1670 920 97 29 1956:

270 972 53 34 86,
344 974 51 28 att
414 973 93 29 detta
527 972 172 40 spörsmål
718 972 62 30 bör
800 974 99 37 tagas
919 980 70 30 upp
1009 971 52 29 till
1081 971 249 39 övervägande,
1351 971 117 29 därest
1488 971 41 28 de
1550 970 123 33 medel,
1695 979 75 20 som

270 1022 145 40 inflyter
439 1023 50 29 till
514 1022 399 40 prisregleringskassan
937 1022 11 29 i
971 1022 92 28 form
1087 1030 42 20 av
1152 1021 306 39 införselavgifter,
1484 1021 112 29 skulle
1621 1021 74 29 visa
1719 1021 51 38 sig

271 1082 97 20 mera
389 1073 184 39 väsentligt
596 1073 172 39 överstiga
790 1073 58 29 det
871 1072 133 39 belopp,
1027 1080 77 20 som
1125 1072 112 29 skulle
1258 1072 46 28 ha
1326 1071 143 30 tillförts
1492 1071 130 29 kassan
1644 1071 56 30 vid
1722 1073 47 27 ett

270 1123 243 29 bibehållande
534 1132 42 20 av
597 1124 42 29 de
659 1123 10 29 i
690 1123 171 30 samband
882 1123 78 29 med
979 1122 201 30 införandet
1202 1131 41 21 av
1262 1121 345 40 införselavgifterna
1629 1122 140 39 slopade

270 1173 390 39 regleringsavgifterna
684 1173 43 39 på
751 1173 127 39 gråsej,
902 1173 105 38 kolja,
1031 1173 200 38 kungsfisk,
1255 1173 99 29 torsk
1380 1172 65 29 och
1467 1172 123 39 vitling
1615 1174 90 27 samt
1729 1172 41 29 fi-

270 1223 71 30 léer
359 1232 43 20 av
419 1223 100 30 dessa
536 1223 158 39 fiskslag.
713 1224 98 28 Inom
830 1223 177 29 nämnden
1025 1222 65 29 har
1109 1223 77 29 med
1205 1223 190 40 anledning
1412 1222 108 31 härav
1537 1223 94 29 vissa
1650 1222 121 30 beräk-

271 1274 127 38 ningar
424 1273 109 39 gjorts
559 1273 55 30 för
640 1275 50 27 att
715 1273 201 29 undersöka
940 1273 11 29 i
976 1273 65 29 vad
1069 1273 82 29 mån
1178 1274 166 37 systemet
1370 1273 78 29 med
1474 1272 296 39 införselavgifter

272 1323 164 34 medfört,
466 1325 48 28 att
542 1324 242 29 inkomsterna
812 1323 11 29 i
851 1323 130 29 kassan
1009 1323 112 29 under
1150 1323 94 29 tiden
1274 1322 383 30 februari—-december
1688 1322 82 31 1956

271 1374 94 29 ökat.
389 1374 49 29 De
461 1374 182 38 företagna
665 1373 281 38 beräkningarna
969 1381 56 31 ger
1048 1373 57 29 vid
1128 1373 149 34 handen,
1304 1375 50 27 att
1377 1373 54 29 för
1455 1374 93 29 tiden
1573 1373 161 29 februari-
1766 1392 6 2 -

271 1424 183 29 december
480 1425 81 28 1956
587 1424 336 38 inkomstökningen
947 1423 145 39 uppgått
1117 1424 52 28 till
1193 1424 148 38 ungefär
1366 1423 62 30 350
1444 1424 60 29 000
1530 1424 141 28 kronor.

317 1474 380 30 Jordbruksnämnden
729 1474 217 33 framhåller,
979 1476 49 27 att
1061 1474 68 29 den
1162 1476 137 27 snarast
1332 1475 123 28 ämnar
1491 1476 153 37 upptaga
1676 1475 95 29 över-

270 1525 206 39 läggningar
501 1525 78 29 med
604 1525 125 29 fiskets
753 1524 277 39 organisationer
1055 1533 57 20 om
1138 1524 165 40 slopande
1330 1533 42 20 av
1396 1525 376 39 prisregleringsavgif-

270 1576 52 28 ter
341 1575 11 29 i
372 1575 67 29 den
459 1575 254 39 utsträckning,
733 1584 74 20 som
828 1584 121 20 svarar
968 1578 70 27 mot
1060 1575 68 29 den
1148 1584 81 30 nyss
1250 1575 203 30 redovisade
1473 1576 236 29 merintäkten
1729 1584 42 21 av

270 1625 455 40 införselavgiftssystemet.
745 1626 65 29 Vid
830 1626 102 29 dessa
950 1625 287 40 överläggningar
1258 1626 161 29 kommer
1437 1627 50 28 att
1506 1625 193 30 behandlas
1719 1626 52 29 så-

271 1676 55 29 väl
350 1675 125 40 frågan
498 1685 56 20 om
578 1676 166 39 slopande
768 1685 42 20 av
833 1676 347 39 regleringsavgiften
1202 1676 44 39 på
1268 1676 104 39 långa
1396 1685 75 21 som
1494 1676 57 30 det
1575 1676 79 29 från
1678 1677 93 29 olika

270 1725 71 30 håll
365 1726 193 30 framförda
579 1726 217 30 önskemålet
818 1736 58 20 om
896 1726 157 30 hävande
1075 1735 43 20 av
1136 1726 347 39 regleringsavgiften
1503 1727 45 39 på
1568 1727 202 30 islandssill.

312 1777 13 29 I
351 1777 96 30 detta
470 1777 255 39 sammanhang
749 1778 136 29 erinrar
909 1778 380 39 jordbruksnämnden,
1315 1780 51 27 att
1391 1778 253 39 föredragande
1670 1779 102 29 stats-

268 1827 100 30 rådet
394 1827 12 29 i
431 1828 262 39 propositionen
721 1828 156 29 1956:86
904 1829 134 35 uttalat,
1067 1830 50 28 att
1144 1829 57 29 det
1226 1828 11 29 i
1263 1828 274 39 fortsättningen
1564 1829 97 29 torde
1688 1829 84 29 böra

271 1877 192 29 ankomma
491 1877 43 40 på
565 1878 126 38 Kungl.
722 1877 106 39 Maj:t
856 1879 52 28 att
935 1878 54 29 för
1017 1878 57 29 det
1103 1878 312 39 framförliggande
1444 1878 204 39 budgetåret
1678 1879 93 29 med-

270 1927 79 30 dela
371 1927 221 30 föreskrifter
613 1928 147 29 rörande
782 1928 67 29 den
870 1928 258 39 huvudsakliga
1150 1929 270 38 användningen
1442 1938 42 19 av
1505 1929 41 29 de
1567 1929 205 30 införselav-

269 1978 115 39 gifter,
402 1987 75 20 som
493 1980 136 38 uttages
646 1979 44 39 på
706 1979 93 30 vissa
815 1979 75 39 slag
906 1989 42 20 av
965 1979 119 30 färska
1102 1979 65 30 och
1184 1980 111 38 frysta
1313 1979 110 30 filéer.
1442 1980 12 29 I
1472 1980 204 39 anslutning
1693 1980 79 29 här-

268 2028 53 30 till
344 2028 65 30 har
432 2029 204 40 uppdragits
660 2029 35 30 åt
718 2030 178 29 nämnden
919 2032 50 27 att
991 2037 83 32 avge
1098 2030 131 39 förslag
1252 2030 52 29 till
1328 2030 98 39 dylik
1449 2030 208 39 disposition
1681 2032 91 28 samt

268 2081 52 29 att
342 2079 54 30 till
418 2080 92 30 detta
532 2080 133 39 förslag
686 2080 79 39 foga
787 2081 74 29 dels
878 2080 240 39 'beräkningar
1140 2080 148 30 rörande
1312 2081 176 29 storleken
1510 2090 42 20 av
1575 2081 196 39 inflytande

267 2129 297 40 införselavgifter
581 2131 112 29 under
710 2131 57 29 det
784 2130 312 40 framförliggande
1114 2131 214 39 budgetåret,
1347 2131 73 30 dels
1438 2149 42 3 —
1497 2131 10 29 i
1526 2131 100 39 fråga
1643 2140 58 20 om
1720 2132 52 29 så-

268 2180 55 30 väl
344 2180 175 30 storleken
539 2189 77 21 som
636 2180 271 40 användningen
926 2190 42 20 av
987 2181 417 39 införselavgiftsmedlen
1424 2199 42 3 ---
1487 2181 222 39 redovisning
1731 2190 42 20 av

269 2230 141 30 utfallet
436 2231 54 29 för
514 2231 244 39 tilländalupet
784 2232 38 29 år
849 2234 92 27 samt
965 2240 42 21 en
1032 2232 181 29 reviderad
1238 2231 196 40 beräkning
1460 2232 53 29 för
1540 2232 57 29 det
1624 2231 148 40 löpande

271 2279 85 30 året.
376 2280 116 29 Under
511 2281 96 29 tiden
627 2283 22 27 t.
669 2290 29 20 o.
718 2290 44 21 m.
782 2282 67 29 den
869 2281 38 30 31
928 2281 181 29 december
1130 2282 82 29 1956
1231 2282 64 29 har
1313 2282 10 29 i
1346 2281 92 29 form
1456 2291 41 19 av
1516 2281 256 39 införselavgif-

272 2331 52 27 ter
342 2330 137 30 influtit
496 2333 48 28 ett
563 2331 233 39 sammanlagt
815 2331 125 40 belopp
959 2341 40 20 av
1020 2332 72 33 1,56
1112 2332 162 39 miljoner
1292 2332 142 29 kronor.
1452 2351 43 2 —
1513 2332 77 29 Med
1610 2332 163 39 utgångs-

272 2380 116 39 punkt
408 2380 78 30 från
505 2383 51 27 att
574 2381 258 40 införselavgift
855 2382 101 38 utgår
974 2383 78 29 med
1073 2384 49 29 ett
1142 2383 204 29 oförändrat
1366 2382 123 40 belopp
1510 2392 42 19 av
1572 2382 40 31 45
1634 2383 58 29 öre
1712 2391 61 30 per

272 2430 175 39 kilogram
464 2431 57 30 filé
542 2432 113 29 skulle
672 2432 200 29 inkomsten
891 2441 41 20 av
948 2432 296 39 införselavgifter
1261 2433 47 28 bli
1327 2433 55 29 för
1400 2432 203 39 budgetåret
1623 2432 147 35 1956/57

274 2480 72 34 1,35
368 2481 162 39 miljoner
551 2482 131 29 kronor
702 2482 63 29 och
786 2482 55 29 för
860 2482 204 39 budgetåret
1088 2483 148 34 1957/58
1259 2483 50 33 1,8
1331 2483 163 39 miljoner
1514 2483 141 28 kronor.
