2228 2702
189 1635 59 30 Ang.
280 1638 31 20 ett
343 1634 33 31 af

187 1669 122 30 Styrelsen
324 1669 49 30 för

187 1707 92 19 statens
303 1703 70 31 jern-

196 1738 164 30 vägsbyggna-

196 1772 43 22 der
258 1772 104 30 träffadt

188 1806 66 30 aftal
279 1815 35 14 om
338 1807 32 22 le-

198 1842 112 29 verering
330 1841 32 30 af

259 1877 58 21 åler.

399 227 36 29 12
893 225 260 34 Stats-Utskottets
1182 226 158 34 Utlåtande
1364 227 63 33 N:o
1449 229 54 32 33.

398 310 99 32 samt
527 304 196 50 åtskilliga
752 305 175 39 enskilda
954 306 372 52 bankinrättningar,
1356 311 19 35 å
1404 309 73 37 den
1506 310 129 49 andra,
1664 310 10 37 i
1703 325 49 23 nu
1773 311 12 37 i
1804 311 108 50 fråga
1939 326 64 23 va-

400 356 117 38 rande
546 357 248 38 hänseenden
822 358 229 50 upprättade
1080 359 89 38 aftal
1197 360 68 38 har
1292 360 200 39 Utskottet
1510 361 99 38 varit
1627 362 12 37 i
1658 362 149 38 tillfälle
1836 369 54 32 att
1913 371 91 42 taga

398 408 233 49 kännedom,
661 409 70 37 och
760 410 68 37 har
846 410 123 50 tredje
988 411 171 49 punkten
1179 412 41 37 af
1243 417 54 32 ett
1324 413 87 37 med
1440 413 227 38 Sundsvalls
1697 414 175 38 enskilda
1903 415 102 38 bank

398 460 75 37 den
504 462 43 35 16
576 460 219 38 November
826 464 94 35 1874
949 462 116 37 slutet
1092 463 136 37 sådant
1254 463 169 50 följande
1451 464 167 50 lydelse:

499 514 91 34 »3:0.
649 511 67 38 Om
748 512 140 49 Kongl.
919 513 200 50 Styrelsen
1145 514 58 37 för
1231 515 151 38 kortare
1401 516 57 37 tid
1485 516 123 37 skulle
1638 517 165 38 behöfva
1830 519 176 37 använda

396 568 54 31 ett
479 567 122 33 större
629 562 152 51 belopp,
812 568 47 33 än
887 564 154 38 hvarför
1069 567 269 37 motsvarande
1366 566 215 50 insättning
1608 568 123 38 finnes
1761 569 69 37 hos
1861 569 142 38 Sunds-

394 613 98 38 valls
544 614 176 38 enskilda
763 615 123 37 banks
928 616 138 37 kontor
1101 616 12 37 i
1150 617 235 49 Stockholm,
1426 618 310 39 tillhandahåller
1777 620 226 39 Sundsvalls

395 665 177 38 enskilda
612 665 100 38 bank
751 666 139 49 Kongl.
922 666 198 51 Styrelsen
1149 668 104 38 detta
1280 669 140 50 belopp
1450 676 78 31 mot
1556 684 47 23 en
1628 676 108 32 ränta
1764 672 41 37 af
1827 675 64 34 två
1918 686 85 36 pro-

396 722 88 31 cent
513 717 95 37 efter
638 720 39 33 år
704 718 179 44 räknadt;
926 719 98 36 dock
1062 722 41 33 så
1139 726 66 40 att,
1239 734 60 22 om
1328 721 66 35 vid
1422 722 399 48 ränteberäkningens
1855 729 150 43 uppgö-

397 767 119 37 rande
546 772 54 32 ett
627 768 107 36 saldo
762 768 59 36 till
849 769 141 48 Kongl.
1013 768 218 51 Styrelsens
1256 770 74 37 last
1353 774 171 47 uppstår,
1552 771 218 50 räkningen
1794 773 210 50 utjemnas>

498 819 169 37 varande
704 819 146 50 jemväl
887 820 124 49 öfriga
1048 821 142 38 sådana
1228 822 89 37 aftal
1345 822 11 37 i
1384 823 163 37 berörda
1582 824 221 38 hänseende
1840 826 42 36 af
1917 839 87 24 ena-

396 870 128 37 handa
551 870 178 37 innehåll.

494 922 58 36 Då
579 921 66 38 vid
673 922 144 38 sådana
844 922 278 50 förhållanden,
1151 924 71 37 och
1255 928 41 33 så
1324 925 115 50 länge
1469 925 46 38 de
1535 925 179 38 förblifva
1735 927 268 50 oförändrade,

393 976 130 46 någon
551 973 138 37 förlust
715 974 59 37 för
802 975 234 37 statsverket
1064 976 32 49 ej
1126 975 76 37 kan
1229 990 44 22 ur
1301 976 114 38 ofvan
1443 978 166 37 nämnda
1633 978 371 39 affärsförbindelser

393 1025 247 49 uppkomma,
667 1026 111 37 torde
806 1026 276 50 uppläggande
1111 1027 41 37 af
1175 1033 54 31 ett
1256 1028 185 38 särskildt
1460 1029 86 37 dem
1571 1030 162 36 rörande
1761 1031 242 46 räntekonto,

395 1076 119 38 ehuru
543 1076 11 37 i
582 1076 152 38 formelt
761 1077 221 38 hänseende
1010 1078 195 49 rigtigast,
1244 1079 98 37 dock
1379 1081 32 49 ej
1441 1094 91 24 vara
1560 1081 318 50 oundgängligen
1910 1084 94 36 nöd-

396 1127 163 50 vändigt
587 1128 92 37 eller
707 1128 42 37 af
771 1134 65 41 ett,
865 1135 78 31 mot
971 1129 65 38 det
1064 1129 223 50 derigenom
1316 1131 123 38 ökade
1469 1132 147 38 arbetet
1643 1133 201 49 svarande,
1879 1147 121 37 gagn;

396 1179 177 38 hvarföre
600 1179 199 38 Utskottet
826 1181 232 48 hemställer,

896 1254 54 31 att
985 1249 261 38 revisorernes
1284 1250 176 38 anmälan
1489 1251 33 50 ej
1552 1254 61 34 må
1640 1251 57 38 till
1730 1255 126 47 någon
1891 1252 111 39 Riks-

798 1299 147 49 dagens
975 1301 136 48 åtgärd
1139 1301 206 37 föranleda.

1154 1451 20 50 $
1205 1457 31 34 6.

893 1551 136 34 (Rev.-ber,
1049 1560 60 27 pag.
1129 1552 31 27 81
1181 1553 25 33 ($
1225 1553 34 32 6),
1277 1553 55 28 Utl.
1352 1562 60 27 pag.
1432 1554 68 33 280.)

493 1637 174 38 Emedan
695 1644 54 32 ett
776 1639 140 38 mellan
944 1640 141 49 Kongl.
1107 1640 200 50 Styrelsen
1325 1642 58 37 för
1403 1648 145 33 statens
1564 1645 435 51 jernvägsbyggnader,

392 1691 20 33 å
453 1702 71 24 ena
565 1689 122 48 sidan,
730 1696 99 31 samt
862 1691 64 37 the
955 1692 203 49 Rhymney
1186 1693 88 37 Iron
1302 1693 199 51 Company
1529 1695 160 49 limited,
1719 1700 20 33 å
1767 1698 74 37 den
1870 1699 129 49 andra,

391 1740 121 36 under
541 1743 39 33 år
611 1743 95 35 1874
734 1742 154 37 träffadt
916 1742 90 38 aftal
1035 1757 61 23 om
1124 1744 117 50 inköp
1271 1745 40 36 af
1334 1750 54 32 ett
1415 1746 194 49 betydligt
1636 1747 141 51 belopp
1793 1750 205 49 jernvägs-

392 1791 140 37 skenor
572 1792 88 36 med
700 1792 191 48 tillbehör,
921 1799 53 31 att
1001 1795 122 36 under
1151 1798 89 34 åren
1271 1798 246 37 1875—1880
1545 1798 191 38 levereras
1764 1800 59 37 till
1851 1807 55 31 ett
1934 1802 64 37 vid

390 1842 151 37 aftalets
571 1843 176 37 slutande
775 1844 59 36 för
861 1845 86 37 hela
975 1845 106 37 tiden
1108 1846 194 38 bestämdt
1328 1848 92 49 pris,
1450 1854 108 44 synts
1587 1850 240 38 revisorerne
1855 1853 143 48 egnadt

390 1898 55 31 att
479 1893 151 49 påkalla
666 1894 243 49 Riksdagens
942 1897 353 49 uppmärksamhet,
1324 1899 114 37 hafva
1465 1900 240 39 revisorerne
1733 1902 84 37 låtit
1844 1903 66 37 vid
1937 1904 60 37 sin

391 1943 207 38 berättelse
640 1944 89 50 foga
770 1959 45 23 en
858 1947 176 50 bestyrkt
1074 1948 284 51 öfversättning
1386 1950 40 38 af
1450 1950 65 38 det
1542 1951 10 36 i
1583 1952 162 39 berörda
1774 1954 220 39 hänseende

389 1996 221 48 uppgjorda
636 1996 193 37 kontrakt.

488 2046 75 37 Till
604 2048 242 48 upplysande
888 2049 41 36 af
965 2049 46 37 de
1040 2051 86 35 med
1156 2051 124 37 denna
1308 2053 137 48 åtgärd
1473 2053 256 51 förknippade
1758 2057 237 49 omständig-

385 2096 111 37 heter
524 2097 68 37 har
620 2098 192 48 styrelsen
840 2101 62 47 sig
929 2103 48 46 på
1005 2101 167 49 följande
1202 2107 76 32 sätt
1304 2103 143 37 utlåtit:

487 2149 77 36 »Då
595 2151 95 35 1874
718 2152 59 34 års
807 2150 174 50 Riksdag
1008 2152 11 36 i
1048 2152 60 36 sin
1135 2152 58 37 till
1221 2153 120 38 Eders
1371 2154 140 50 Kongl.
1542 2155 106 50 Maj:t
1677 2157 74 37 den
1770 2160 22 35 4
1812 2159 108 49 April
1940 2159 52 37 af-

385 2198 102 37 låtna
515 2199 267 50 underdåniga
810 2202 216 47 skrifvelse,
1055 2204 200 48 angående
1284 2205 191 49 beviljade
1504 2207 136 48 anslag
1667 2208 43 36 til
1738 2209 253 38 fortsättande

384 2249 41 37 af
462 2256 146 31 statens
633 2251 433 50 jernvägsbyggnader,
1094 2255 162 36 rörande
1287 2256 72 36 den
1388 2256 41 37 af
1455 2259 93 34 1873
1578 2261 59 33 års
1666 2259 174 49 Riksdag
1868 2261 126 38 beslu-

383 2300 87 39 tade
497 2302 482 51 jernvägsanläggningen
1008 2305 81 39 från
1119 2305 153 41 Storvik
1301 2307 57 37 till
1386 2307 265 50 Riksgränsen
1680 2310 122 41 anför:
