<?xml version="1.0" encoding="UTF-8"?>
<alto xmlns="http://www.loc.gov/standards/alto/ns-v3#" xmlns:xlink="http://www.w3.org/1999/xlink" xmlns:xsi="http://www.w3.org/2001/XMLSchema-instance" xsi:schemaLocation="http://www.loc.gov/standards/alto/ns-v3# http://www.loc.gov/alto/v3/alto-3-0.xsd">
	<Description>
		<MeasurementUnit>pixel</MeasurementUnit>
		<sourceImageInformation>
			<fileName>/tmp/tess_xyffotw1_input.PNG</fileName>
		</sourceImageInformation>
		<OCRProcessing ID="OCR_0">
			<ocrProcessingStep>
				<processingSoftware>
					<softwareName>tesseract 5.3.0</softwareName>
				</processingSoftware>
			</ocrProcessingStep>
		</OCRProcessing>
	</Description>
	<Layout>
		<Page WIDTH="2277" HEIGHT="2695" PHYSICAL_IMG_NR="0" ID="page_0">
			<PrintSpace HPOS="0" VPOS="0" WIDTH="2277" HEIGHT="2695">
				<ComposedBlock ID="cblock_0" HPOS="748" VPOS="212" WIDTH="1102" HEIGHT="34">
					<TextBlock ID="block_0" HPOS="748" VPOS="212" WIDTH="1102" HEIGHT="34">
						<TextLine ID="line_0" HPOS="748" VPOS="212" WIDTH="1102" HEIGHT="34">
							<String ID="string_0" HPOS="748" VPOS="212" WIDTH="258" HEIGHT="32" WC="0.91" CONTENT="Stats-Utskottets"/><SP WIDTH="26" VPOS="212" HPOS="1006"/>
							<String ID="string_1" HPOS="1032" VPOS="212" WIDTH="161" HEIGHT="32" WC="0.96" CONTENT="Utlåtande"/><SP WIDTH="23" VPOS="212" HPOS="1193"/>
							<String ID="string_2" HPOS="1216" VPOS="213" WIDTH="63" HEIGHT="31" WC="0.95" CONTENT="N:o"/><SP WIDTH="22" VPOS="213" HPOS="1279"/>
							<String ID="string_3" HPOS="1301" VPOS="214" WIDTH="54" HEIGHT="31" WC="0.94" CONTENT="33."/><SP WIDTH="479" VPOS="214" HPOS="1355"/>
							<String ID="string_4" HPOS="1834" VPOS="217" WIDTH="16" HEIGHT="29" WC="0.96" CONTENT="7"/>
						</TextLine>
					</TextBlock>
				</ComposedBlock>
				<ComposedBlock ID="cblock_1" HPOS="241" VPOS="291" WIDTH="1612" HEIGHT="1126">
					<TextBlock ID="block_1" HPOS="241" VPOS="291" WIDTH="1612" HEIGHT="974">
						<TextLine ID="line_1" HPOS="248" VPOS="291" WIDTH="1605" HEIGHT="51">
							<String ID="string_5" HPOS="248" VPOS="305" WIDTH="145" HEIGHT="24" WC="0.95" CONTENT="samma"/><SP WIDTH="26" VPOS="305" HPOS="393"/>
							<String ID="string_6" HPOS="419" VPOS="291" WIDTH="227" HEIGHT="50" WC="0.96" CONTENT="härigenom"/><SP WIDTH="27" VPOS="291" HPOS="646"/>
							<String ID="string_7" HPOS="673" VPOS="305" WIDTH="114" HEIGHT="24" WC="0.96" CONTENT="norra"/><SP WIDTH="27" VPOS="305" HPOS="787"/>
							<String ID="string_8" HPOS="814" VPOS="292" WIDTH="226" HEIGHT="38" WC="0.93" CONTENT="stambanan"/><SP WIDTH="32" VPOS="292" HPOS="1040"/>
							<String ID="string_9" HPOS="1072" VPOS="293" WIDTH="614" HEIGHT="49" WC="0.76" CONTENT="Torpshammar—Riksgränsen"/><SP WIDTH="28" VPOS="293" HPOS="1686"/>
							<String ID="string_10" HPOS="1714" VPOS="293" WIDTH="57" HEIGHT="38" WC="0.96" CONTENT="för"/><SP WIDTH="28" VPOS="293" HPOS="1771"/>
							<String ID="string_11" HPOS="1799" VPOS="300" WIDTH="54" HEIGHT="31" WC="0.96" CONTENT="att"/>
						</TextLine>
						<TextLine ID="line_2" HPOS="246" VPOS="342" WIDTH="1606" HEIGHT="52">
							<String ID="string_12" HPOS="246" VPOS="343" WIDTH="121" HEIGHT="37" WC="0.95" CONTENT="hållas"/><SP WIDTH="29" VPOS="343" HPOS="367"/>
							<String ID="string_13" HPOS="396" VPOS="342" WIDTH="66" HEIGHT="38" WC="0.96" CONTENT="vid"/><SP WIDTH="28" VPOS="342" HPOS="462"/>
							<String ID="string_14" HPOS="490" VPOS="343" WIDTH="181" HEIGHT="49" WC="0.95" CONTENT="gällande"/><SP WIDTH="28" VPOS="343" HPOS="671"/>
							<String ID="string_15" HPOS="699" VPOS="344" WIDTH="101" HEIGHT="37" WC="0.96" CONTENT="kraft"/><SP WIDTH="31" VPOS="344" HPOS="800"/>
							<String ID="string_16" HPOS="831" VPOS="344" WIDTH="72" HEIGHT="38" WC="0.96" CONTENT="och"/><SP WIDTH="29" VPOS="344" HPOS="903"/>
							<String ID="string_17" HPOS="932" VPOS="344" WIDTH="66" HEIGHT="38" WC="0.96" CONTENT="der"/><SP WIDTH="28" VPOS="344" HPOS="998"/>
							<String ID="string_18" HPOS="1026" VPOS="347" WIDTH="42" HEIGHT="35" WC="0.96" CONTENT="så"/><SP WIDTH="27" VPOS="347" HPOS="1068"/>
							<String ID="string_19" HPOS="1095" VPOS="345" WIDTH="68" HEIGHT="36" WC="0.96" CONTENT="ske"/><SP WIDTH="28" VPOS="345" HPOS="1163"/>
							<String ID="string_20" HPOS="1191" VPOS="344" WIDTH="75" HEIGHT="38" WC="0.93" CONTENT="kan"/><SP WIDTH="32" VPOS="344" HPOS="1266"/>
							<String ID="string_21" HPOS="1298" VPOS="344" WIDTH="219" HEIGHT="49" WC="0.90" CONTENT="indrifvas,»"/><SP WIDTH="28" VPOS="344" HPOS="1517"/>
							<String ID="string_22" HPOS="1545" VPOS="345" WIDTH="72" HEIGHT="37" WC="0.96" CONTENT="och"/><SP WIDTH="26" VPOS="345" HPOS="1617"/>
							<String ID="string_23" HPOS="1643" VPOS="350" WIDTH="209" HEIGHT="44" WC="0.96" CONTENT="yttermera"/>
						</TextLine>
						<TextLine ID="line_3" HPOS="246" VPOS="394" WIDTH="1604" HEIGHT="51">
							<String ID="string_24" HPOS="246" VPOS="394" WIDTH="11" HEIGHT="36" WC="0.90" CONTENT="i"/><SP WIDTH="30" VPOS="394" HPOS="257"/>
							<String ID="string_25" HPOS="287" VPOS="394" WIDTH="74" HEIGHT="37" WC="0.96" CONTENT="den"/><SP WIDTH="17" VPOS="394" HPOS="361"/>
							<String ID="string_26" HPOS="378" VPOS="395" WIDTH="59" HEIGHT="36" WC="0.96" CONTENT="till"/><SP WIDTH="20" VPOS="395" HPOS="437"/>
							<String ID="string_27" HPOS="457" VPOS="397" WIDTH="40" HEIGHT="34" WC="0.96" CONTENT="år"/><SP WIDTH="27" VPOS="397" HPOS="497"/>
							<String ID="string_28" HPOS="524" VPOS="397" WIDTH="93" HEIGHT="35" WC="0.96" CONTENT="1875"/><SP WIDTH="21" VPOS="397" HPOS="617"/>
							<String ID="string_29" HPOS="638" VPOS="395" WIDTH="194" HEIGHT="49" WC="0.96" CONTENT="utgående"/><SP WIDTH="19" VPOS="395" HPOS="832"/>
							<String ID="string_30" HPOS="851" VPOS="395" WIDTH="185" HEIGHT="39" WC="0.96" CONTENT="balansen"/><SP WIDTH="18" VPOS="395" HPOS="1036"/>
							<String ID="string_31" HPOS="1054" VPOS="396" WIDTH="237" HEIGHT="37" WC="0.96" CONTENT="förklarades"/><SP WIDTH="21" VPOS="396" HPOS="1291"/>
							<String ID="string_32" HPOS="1312" VPOS="409" WIDTH="174" HEIGHT="24" WC="0.96" CONTENT="summan"/><SP WIDTH="19" VPOS="409" HPOS="1486"/>
							<String ID="string_33" HPOS="1505" VPOS="396" WIDTH="141" HEIGHT="38" WC="0.93" CONTENT="kronor"/><SP WIDTH="22" VPOS="396" HPOS="1646"/>
							<String ID="string_34" HPOS="1668" VPOS="398" WIDTH="119" HEIGHT="47" WC="0.91" CONTENT="1,145:"/><SP WIDTH="18" VPOS="398" HPOS="1787"/>
							<String ID="string_35" HPOS="1805" VPOS="399" WIDTH="45" HEIGHT="35" WC="0.96" CONTENT="93"/>
						</TextLine>
						<TextLine ID="line_4" HPOS="245" VPOS="446" WIDTH="1607" HEIGHT="51">
							<String ID="string_36" HPOS="245" VPOS="450" WIDTH="140" HEIGHT="44" WC="0.93" CONTENT="utgöra"/><SP WIDTH="27" VPOS="450" HPOS="385"/>
							<String ID="string_37" HPOS="412" VPOS="446" WIDTH="167" HEIGHT="37" WC="0.88" CONTENT="»banans"/><SP WIDTH="29" VPOS="446" HPOS="579"/>
							<String ID="string_38" HPOS="608" VPOS="446" WIDTH="296" HEIGHT="39" WC="0.91" CONTENT="arbetskostnad"/><SP WIDTH="15" VPOS="446" HPOS="904"/>
							<String ID="string_39" HPOS="919" VPOS="448" WIDTH="120" HEIGHT="49" WC="0.96" CONTENT="jemte"/><SP WIDTH="21" VPOS="448" HPOS="1039"/>
							<String ID="string_40" HPOS="1060" VPOS="447" WIDTH="73" HEIGHT="38" WC="0.97" CONTENT="den"/><SP WIDTH="19" VPOS="447" HPOS="1133"/>
							<String ID="string_41" HPOS="1152" VPOS="447" WIDTH="83" HEIGHT="37" WC="0.96" CONTENT="från"/><SP WIDTH="19" VPOS="447" HPOS="1235"/>
							<String ID="string_42" HPOS="1254" VPOS="448" WIDTH="115" HEIGHT="37" WC="0.96" CONTENT="södra"/><SP WIDTH="20" VPOS="448" HPOS="1369"/>
							<String ID="string_43" HPOS="1389" VPOS="448" WIDTH="225" HEIGHT="37" WC="0.93" CONTENT="stambanan"/><SP WIDTH="19" VPOS="448" HPOS="1614"/>
							<String ID="string_44" HPOS="1633" VPOS="447" WIDTH="219" HEIGHT="38" WC="0.91" CONTENT="öfverförda"/>
						</TextLine>
						<TextLine ID="line_5" HPOS="247" VPOS="495" WIDTH="1602" HEIGHT="53">
							<String ID="string_45" HPOS="247" VPOS="495" WIDTH="156" HEIGHT="38" WC="0.95" CONTENT="fordran"/><SP WIDTH="28" VPOS="495" HPOS="403"/>
							<String ID="string_46" HPOS="431" VPOS="497" WIDTH="70" HEIGHT="37" WC="0.93" CONTENT="hos"/><SP WIDTH="30" VPOS="497" HPOS="501"/>
							<String ID="string_47" HPOS="531" VPOS="497" WIDTH="385" HEIGHT="39" WC="0.91" CONTENT="Kronolänsmannen"/><SP WIDTH="28" VPOS="497" HPOS="916"/>
							<String ID="string_48" HPOS="944" VPOS="498" WIDTH="46" HEIGHT="38" WC="0.91" CONTENT="G."/><SP WIDTH="29" VPOS="498" HPOS="990"/>
							<String ID="string_49" HPOS="1019" VPOS="499" WIDTH="43" HEIGHT="36" WC="0.91" CONTENT="A."/><SP WIDTH="30" VPOS="499" HPOS="1062"/>
							<String ID="string_50" HPOS="1092" VPOS="498" WIDTH="216" HEIGHT="50" WC="0.94" CONTENT="Rydberg.»"/><SP WIDTH="45" VPOS="498" HPOS="1308"/>
							<String ID="string_51" HPOS="1353" VPOS="499" WIDTH="68" HEIGHT="47" WC="0.96" CONTENT="Då,"/><SP WIDTH="28" VPOS="499" HPOS="1421"/>
							<String ID="string_52" HPOS="1449" VPOS="499" WIDTH="57" HEIGHT="36" WC="0.95" CONTENT="till"/><SP WIDTH="27" VPOS="499" HPOS="1506"/>
							<String ID="string_53" HPOS="1533" VPOS="498" WIDTH="95" HEIGHT="50" WC="0.96" CONTENT="följd"/><SP WIDTH="24" VPOS="498" HPOS="1628"/>
							<String ID="string_54" HPOS="1652" VPOS="498" WIDTH="42" HEIGHT="37" WC="0.96" CONTENT="af"/><SP WIDTH="13" VPOS="498" HPOS="1694"/>
							<String ID="string_55" HPOS="1707" VPOS="499" WIDTH="142" HEIGHT="49" WC="0.95" CONTENT="Kongl."/>
						</TextLine>
						<TextLine ID="line_6" HPOS="245" VPOS="547" WIDTH="1603" HEIGHT="52">
							<String ID="string_56" HPOS="245" VPOS="547" WIDTH="128" HEIGHT="50" WC="0.93" CONTENT="Maj:ts"/><SP WIDTH="29" VPOS="547" HPOS="373"/>
							<String ID="string_57" HPOS="402" VPOS="548" WIDTH="280" HEIGHT="38" WC="0.92" CONTENT="ofvanberörda"/><SP WIDTH="27" VPOS="548" HPOS="682"/>
							<String ID="string_58" HPOS="709" VPOS="549" WIDTH="142" HEIGHT="50" WC="0.96" CONTENT="nådiga"/><SP WIDTH="33" VPOS="549" HPOS="851"/>
							<String ID="string_59" HPOS="884" VPOS="549" WIDTH="291" HEIGHT="38" WC="0.96" CONTENT="bestämmande"/><SP WIDTH="29" VPOS="549" HPOS="1175"/>
							<String ID="string_60" HPOS="1204" VPOS="555" WIDTH="54" HEIGHT="32" WC="0.93" CONTENT="att"/><SP WIDTH="27" VPOS="555" HPOS="1258"/>
							<String ID="string_61" HPOS="1285" VPOS="549" WIDTH="272" HEIGHT="38" WC="0.91" CONTENT="meranämnda"/><SP WIDTH="28" VPOS="549" HPOS="1557"/>
							<String ID="string_62" HPOS="1585" VPOS="549" WIDTH="152" HEIGHT="50" WC="0.96" CONTENT="belopp,"/><SP WIDTH="29" VPOS="549" HPOS="1737"/>
							<String ID="string_63" HPOS="1766" VPOS="563" WIDTH="82" HEIGHT="24" WC="0.96" CONTENT="som"/>
						</TextLine>
						<TextLine ID="line_7" HPOS="246" VPOS="598" WIDTH="1604" HEIGHT="51">
							<String ID="string_64" HPOS="246" VPOS="598" WIDTH="41" HEIGHT="37" WC="0.96" CONTENT="af"/><SP WIDTH="23" VPOS="598" HPOS="287"/>
							<String ID="string_65" HPOS="310" VPOS="599" WIDTH="191" HEIGHT="49" WC="0.96" CONTENT="styrelsen"/><SP WIDTH="28" VPOS="599" HPOS="501"/>
							<String ID="string_66" HPOS="529" VPOS="605" WIDTH="145" HEIGHT="32" WC="0.96" CONTENT="ansetts"/><SP WIDTH="29" VPOS="605" HPOS="674"/>
							<String ID="string_67" HPOS="703" VPOS="614" WIDTH="91" HEIGHT="25" WC="0.96" CONTENT="vara"/><SP WIDTH="28" VPOS="614" HPOS="794"/>
							<String ID="string_68" HPOS="822" VPOS="601" WIDTH="41" HEIGHT="37" WC="0.96" CONTENT="af"/><SP WIDTH="22" VPOS="601" HPOS="863"/>
							<String ID="string_69" HPOS="885" VPOS="601" WIDTH="265" HEIGHT="38" WC="0.96" CONTENT="beskaffenhet"/><SP WIDTH="27" VPOS="601" HPOS="1150"/>
							<String ID="string_70" HPOS="1177" VPOS="606" WIDTH="54" HEIGHT="32" WC="0.96" CONTENT="att"/><SP WIDTH="27" VPOS="606" HPOS="1231"/>
							<String ID="string_71" HPOS="1258" VPOS="600" WIDTH="92" HEIGHT="38" WC="0.93" CONTENT="böra"/><SP WIDTH="28" VPOS="600" HPOS="1350"/>
							<String ID="string_72" HPOS="1378" VPOS="601" WIDTH="216" HEIGHT="48" WC="0.91" CONTENT="afskrifvas,"/><SP WIDTH="30" VPOS="601" HPOS="1594"/>
							<String ID="string_73" HPOS="1624" VPOS="601" WIDTH="124" HEIGHT="37" WC="0.95" CONTENT="skulle"/><SP WIDTH="19" VPOS="601" HPOS="1748"/>
							<String ID="string_74" HPOS="1767" VPOS="601" WIDTH="83" HEIGHT="37" WC="0.96" CONTENT="från"/>
						</TextLine>
						<TextLine ID="line_8" HPOS="246" VPOS="649" WIDTH="1603" HEIGHT="53">
							<String ID="string_75" HPOS="246" VPOS="649" WIDTH="114" HEIGHT="38" WC="0.92" CONTENT="södra"/><SP WIDTH="36" VPOS="649" HPOS="360"/>
							<String ID="string_76" HPOS="396" VPOS="650" WIDTH="245" HEIGHT="38" WC="0.90" CONTENT="stambanans"/><SP WIDTH="37" VPOS="650" HPOS="641"/>
							<String ID="string_77" HPOS="678" VPOS="652" WIDTH="218" HEIGHT="50" WC="0.91" CONTENT="räkenskap"/><SP WIDTH="36" VPOS="652" HPOS="896"/>
							<String ID="string_78" HPOS="932" VPOS="652" WIDTH="58" HEIGHT="37" WC="0.95" CONTENT="till"/><SP WIDTH="36" VPOS="652" HPOS="990"/>
							<String ID="string_79" HPOS="1026" VPOS="665" WIDTH="125" HEIGHT="25" WC="0.93" CONTENT="annan"/><SP WIDTH="32" VPOS="665" HPOS="1151"/>
							<String ID="string_80" HPOS="1183" VPOS="652" WIDTH="220" HEIGHT="37" WC="0.91" CONTENT="stambanas"/><SP WIDTH="28" VPOS="652" HPOS="1403"/>
							<String ID="string_81" HPOS="1431" VPOS="652" WIDTH="167" HEIGHT="49" WC="0.93" CONTENT="räkning"/><SP WIDTH="28" VPOS="652" HPOS="1598"/>
							<String ID="string_82" HPOS="1626" VPOS="651" WIDTH="223" HEIGHT="48" WC="0.91" CONTENT="öfverföras,"/>
						</TextLine>
						<TextLine ID="line_9" HPOS="245" VPOS="701" WIDTH="1605" HEIGHT="50">
							<String ID="string_83" HPOS="245" VPOS="701" WIDTH="191" HEIGHT="50" WC="0.93" CONTENT="styrelsen"/><SP WIDTH="28" VPOS="701" HPOS="436"/>
							<String ID="string_84" HPOS="464" VPOS="702" WIDTH="201" HEIGHT="38" WC="0.91" CONTENT="anbefalde"/><SP WIDTH="29" VPOS="702" HPOS="665"/>
							<String ID="string_85" HPOS="694" VPOS="703" WIDTH="66" HEIGHT="37" WC="0.93" CONTENT="sitt"/><SP WIDTH="22" VPOS="703" HPOS="760"/>
							<String ID="string_86" HPOS="782" VPOS="703" WIDTH="312" HEIGHT="38" WC="0.91" CONTENT="kammarkontor"/><SP WIDTH="27" VPOS="703" HPOS="1094"/>
							<String ID="string_87" HPOS="1121" VPOS="703" WIDTH="232" HEIGHT="38" WC="0.91" CONTENT="detsammas"/><SP WIDTH="21" VPOS="703" HPOS="1353"/>
							<String ID="string_88" HPOS="1374" VPOS="702" WIDTH="267" HEIGHT="39" WC="0.92" CONTENT="öfverförande"/><SP WIDTH="19" VPOS="702" HPOS="1641"/>
							<String ID="string_89" HPOS="1660" VPOS="703" WIDTH="58" HEIGHT="38" WC="0.96" CONTENT="till"/><SP WIDTH="19" VPOS="703" HPOS="1718"/>
							<String ID="string_90" HPOS="1737" VPOS="717" WIDTH="113" HEIGHT="23" WC="0.96" CONTENT="norra"/>
						</TextLine>
						<TextLine ID="line_10" HPOS="245" VPOS="753" WIDTH="1604" HEIGHT="51">
							<String ID="string_91" HPOS="245" VPOS="753" WIDTH="226" HEIGHT="37" WC="0.93" CONTENT="stambanan"/><SP WIDTH="28" VPOS="753" HPOS="471"/>
							<String ID="string_92" HPOS="499" VPOS="754" WIDTH="628" HEIGHT="50" WC="0.88" CONTENT="Torpshammar—Riksgränsen,"/><SP WIDTH="30" VPOS="754" HPOS="1127"/>
							<String ID="string_93" HPOS="1157" VPOS="768" WIDTH="82" HEIGHT="24" WC="0.96" CONTENT="som"/><SP WIDTH="29" VPOS="768" HPOS="1239"/>
							<String ID="string_94" HPOS="1268" VPOS="754" WIDTH="149" HEIGHT="37" WC="0.96" CONTENT="således"/><SP WIDTH="30" VPOS="754" HPOS="1417"/>
							<String ID="string_95" HPOS="1447" VPOS="754" WIDTH="123" HEIGHT="38" WC="0.96" CONTENT="skulle"/><SP WIDTH="28" VPOS="754" HPOS="1570"/>
							<String ID="string_96" HPOS="1598" VPOS="754" WIDTH="88" HEIGHT="37" WC="0.96" CONTENT="med"/><SP WIDTH="25" VPOS="754" HPOS="1686"/>
							<String ID="string_97" HPOS="1711" VPOS="754" WIDTH="138" HEIGHT="48" WC="0.96" CONTENT="denna,"/>
						</TextLine>
						<TextLine ID="line_11" HPOS="243" VPOS="803" WIDTH="1607" HEIGHT="52">
							<String ID="string_98" HPOS="243" VPOS="803" WIDTH="123" HEIGHT="49" WC="0.96" CONTENT="enligt"/><SP WIDTH="28" VPOS="803" HPOS="366"/>
							<String ID="string_99" HPOS="394" VPOS="804" WIDTH="75" HEIGHT="37" WC="0.96" CONTENT="den"/><SP WIDTH="28" VPOS="804" HPOS="469"/>
							<String ID="string_100" HPOS="497" VPOS="809" WIDTH="143" HEIGHT="33" WC="0.96" CONTENT="största"/><SP WIDTH="27" VPOS="809" HPOS="640"/>
							<String ID="string_101" HPOS="667" VPOS="806" WIDTH="255" HEIGHT="46" WC="0.96" CONTENT="sannolikhet,"/><SP WIDTH="28" VPOS="806" HPOS="922"/>
							<String ID="string_102" HPOS="950" VPOS="806" WIDTH="205" HEIGHT="37" WC="0.96" CONTENT="värdelösa"/><SP WIDTH="25" VPOS="806" HPOS="1155"/>
							<String ID="string_103" HPOS="1180" VPOS="805" WIDTH="156" HEIGHT="38" WC="0.96" CONTENT="fordran"/><SP WIDTH="28" VPOS="805" HPOS="1336"/>
							<String ID="string_104" HPOS="1364" VPOS="806" WIDTH="179" HEIGHT="47" WC="0.96" CONTENT="belastas,"/><SP WIDTH="28" VPOS="806" HPOS="1543"/>
							<String ID="string_105" HPOS="1571" VPOS="805" WIDTH="83" HEIGHT="38" WC="0.96" CONTENT="blef"/><SP WIDTH="14" VPOS="805" HPOS="1654"/>
							<String ID="string_106" HPOS="1668" VPOS="805" WIDTH="182" HEIGHT="50" WC="0.96" CONTENT="beloppet"/>
						</TextLine>
						<TextLine ID="line_12" HPOS="242" VPOS="854" WIDTH="1607" HEIGHT="51">
							<String ID="string_107" HPOS="242" VPOS="854" WIDTH="118" HEIGHT="37" WC="0.96" CONTENT="bland"/><SP WIDTH="39" VPOS="854" HPOS="360"/>
							<String ID="string_108" HPOS="399" VPOS="857" WIDTH="95" HEIGHT="35" WC="0.96" CONTENT="1874"/><SP WIDTH="36" VPOS="857" HPOS="494"/>
							<String ID="string_109" HPOS="530" VPOS="858" WIDTH="60" HEIGHT="34" WC="0.96" CONTENT="års"/><SP WIDTH="37" VPOS="858" HPOS="590"/>
							<String ID="string_110" HPOS="627" VPOS="856" WIDTH="159" HEIGHT="48" WC="0.96" CONTENT="utgifter"/><SP WIDTH="35" VPOS="856" HPOS="786"/>
							<String ID="string_111" HPOS="821" VPOS="857" WIDTH="59" HEIGHT="36" WC="0.96" CONTENT="för"/><SP WIDTH="36" VPOS="857" HPOS="880"/>
							<String ID="string_112" HPOS="916" VPOS="857" WIDTH="74" HEIGHT="37" WC="0.96" CONTENT="den"/><SP WIDTH="32" VPOS="857" HPOS="990"/>
							<String ID="string_113" HPOS="1022" VPOS="857" WIDTH="227" HEIGHT="37" WC="0.91" CONTENT="stambanan"/><SP WIDTH="34" VPOS="857" HPOS="1249"/>
							<String ID="string_114" HPOS="1283" VPOS="856" WIDTH="148" HEIGHT="49" WC="0.91" CONTENT="affördt,"/><SP WIDTH="33" VPOS="856" HPOS="1431"/>
							<String ID="string_115" HPOS="1464" VPOS="862" WIDTH="102" HEIGHT="32" WC="0.96" CONTENT="emot"/><SP WIDTH="28" VPOS="862" HPOS="1566"/>
							<String ID="string_116" HPOS="1594" VPOS="857" WIDTH="64" HEIGHT="36" WC="0.97" CONTENT="det"/><SP WIDTH="28" VPOS="857" HPOS="1658"/>
							<String ID="string_117" HPOS="1686" VPOS="862" WIDTH="54" HEIGHT="32" WC="0.93" CONTENT="att"/><SP WIDTH="27" VPOS="862" HPOS="1740"/>
							<String ID="string_118" HPOS="1767" VPOS="857" WIDTH="82" HEIGHT="37" WC="0.91" CONTENT="det-"/>
						</TextLine>
						<TextLine ID="line_13" HPOS="244" VPOS="906" WIDTH="1604" HEIGHT="50">
							<String ID="string_119" HPOS="244" VPOS="919" WIDTH="145" HEIGHT="23" WC="0.96" CONTENT="samma"/><SP WIDTH="27" VPOS="919" HPOS="389"/>
							<String ID="string_120" HPOS="416" VPOS="906" WIDTH="12" HEIGHT="36" WC="0.93" CONTENT="1"/><SP WIDTH="27" VPOS="906" HPOS="428"/>
							<String ID="string_121" HPOS="455" VPOS="906" WIDTH="398" HEIGHT="50" WC="0.57" CONTENT="generalräkningens"/><SP WIDTH="30" VPOS="906" HPOS="853"/>
							<String ID="string_122" HPOS="883" VPOS="908" WIDTH="114" HEIGHT="37" WC="0.93" CONTENT="debet"/><SP WIDTH="33" VPOS="908" HPOS="997"/>
							<String ID="string_123" HPOS="1030" VPOS="907" WIDTH="273" HEIGHT="38" WC="0.91" CONTENT="balanserades"/><SP WIDTH="38" VPOS="907" HPOS="1303"/>
							<String ID="string_124" HPOS="1341" VPOS="910" WIDTH="126" HEIGHT="35" WC="0.96" CONTENT="såsom"/><SP WIDTH="37" VPOS="910" HPOS="1467"/>
							<String ID="string_125" HPOS="1504" VPOS="921" WIDTH="46" HEIGHT="24" WC="0.96" CONTENT="en"/><SP WIDTH="37" VPOS="921" HPOS="1550"/>
							<String ID="string_126" HPOS="1587" VPOS="907" WIDTH="155" HEIGHT="37" WC="0.94" CONTENT="fordran"/><SP WIDTH="35" VPOS="907" HPOS="1742"/>
							<String ID="string_127" HPOS="1777" VPOS="908" WIDTH="71" HEIGHT="37" WC="0.95" CONTENT="hos"/>
						</TextLine>
						<TextLine ID="line_14" HPOS="243" VPOS="956" WIDTH="1606" HEIGHT="51">
							<String ID="string_128" HPOS="243" VPOS="956" WIDTH="270" HEIGHT="39" WC="0.91" CONTENT="Länsmannen"/><SP WIDTH="28" VPOS="956" HPOS="513"/>
							<String ID="string_129" HPOS="541" VPOS="958" WIDTH="196" HEIGHT="49" WC="0.96" CONTENT="Rydberg,"/><SP WIDTH="28" VPOS="958" HPOS="737"/>
							<String ID="string_130" HPOS="765" VPOS="959" WIDTH="78" HEIGHT="36" WC="0.96" CONTENT="tills"/><SP WIDTH="29" VPOS="959" HPOS="843"/>
							<String ID="string_131" HPOS="872" VPOS="959" WIDTH="12" HEIGHT="36" WC="0.96" CONTENT="i"/><SP WIDTH="29" VPOS="959" HPOS="884"/>
							<String ID="string_132" HPOS="913" VPOS="973" WIDTH="46" HEIGHT="23" WC="0.96" CONTENT="en"/><SP WIDTH="27" VPOS="973" HPOS="959"/>
							<String ID="string_133" HPOS="986" VPOS="959" WIDTH="154" HEIGHT="37" WC="0.96" CONTENT="framtid"/><SP WIDTH="21" VPOS="959" HPOS="1140"/>
							<String ID="string_134" HPOS="1161" VPOS="959" WIDTH="222" HEIGHT="37" WC="0.95" CONTENT="densamma"/><SP WIDTH="23" VPOS="959" HPOS="1383"/>
							<String ID="string_135" HPOS="1406" VPOS="959" WIDTH="152" HEIGHT="36" WC="0.96" CONTENT="komme"/><SP WIDTH="21" VPOS="959" HPOS="1558"/>
							<String ID="string_136" HPOS="1579" VPOS="964" WIDTH="54" HEIGHT="31" WC="0.96" CONTENT="att"/><SP WIDTH="17" VPOS="964" HPOS="1633"/>
							<String ID="string_137" HPOS="1650" VPOS="958" WIDTH="199" HEIGHT="38" WC="0.96" CONTENT="försvinna"/>
						</TextLine>
						<TextLine ID="line_15" HPOS="244" VPOS="1007" WIDTH="1604" HEIGHT="52">
							<String ID="string_138" HPOS="244" VPOS="1007" WIDTH="185" HEIGHT="50" WC="0.94" CONTENT="antingen"/><SP WIDTH="36" VPOS="1007" HPOS="429"/>
							<String ID="string_139" HPOS="465" VPOS="1021" WIDTH="140" HEIGHT="36" WC="0.96" CONTENT="genom"/><SP WIDTH="32" VPOS="1021" HPOS="605"/>
							<String ID="string_140" HPOS="637" VPOS="1009" WIDTH="43" HEIGHT="50" WC="0.96" CONTENT="ju"/><SP WIDTH="37" VPOS="1009" HPOS="680"/>
							<String ID="string_141" HPOS="717" VPOS="1009" WIDTH="186" HEIGHT="50" WC="0.96" CONTENT="möjligen"/><SP WIDTH="36" VPOS="1009" HPOS="903"/>
							<String ID="string_142" HPOS="939" VPOS="1010" WIDTH="169" HEIGHT="38" WC="0.96" CONTENT="skeende"/><SP WIDTH="37" VPOS="1010" HPOS="1108"/>
							<String ID="string_143" HPOS="1145" VPOS="1010" WIDTH="252" HEIGHT="49" WC="0.96" CONTENT="inbetalning,"/><SP WIDTH="29" VPOS="1010" HPOS="1397"/>
							<String ID="string_144" HPOS="1426" VPOS="1011" WIDTH="12" HEIGHT="35" WC="0.96" CONTENT="i"/><SP WIDTH="27" VPOS="1011" HPOS="1438"/>
							<String ID="string_145" HPOS="1465" VPOS="1009" WIDTH="148" HEIGHT="37" WC="0.96" CONTENT="hvilket"/><SP WIDTH="25" VPOS="1009" HPOS="1613"/>
							<String ID="string_146" HPOS="1638" VPOS="1009" WIDTH="66" HEIGHT="37" WC="0.93" CONTENT="fall"/><SP WIDTH="29" VPOS="1009" HPOS="1704"/>
							<String ID="string_147" HPOS="1733" VPOS="1015" WIDTH="115" HEIGHT="32" WC="0.92" CONTENT="stam-"/>
						</TextLine>
						<TextLine ID="line_16" HPOS="243" VPOS="1059" WIDTH="1605" HEIGHT="51">
							<String ID="string_148" HPOS="243" VPOS="1059" WIDTH="145" HEIGHT="37" WC="0.93" CONTENT="banans"/><SP WIDTH="34" VPOS="1059" HPOS="388"/>
							<String ID="string_149" HPOS="422" VPOS="1061" WIDTH="433" HEIGHT="48" WC="0.91" CONTENT="anläggningskostnad"/><SP WIDTH="31" VPOS="1061" HPOS="855"/>
							<String ID="string_150" HPOS="886" VPOS="1061" WIDTH="127" HEIGHT="37" WC="0.91" CONTENT="blefve"/><SP WIDTH="32" VPOS="1061" HPOS="1013"/>
							<String ID="string_151" HPOS="1045" VPOS="1061" WIDTH="89" HEIGHT="38" WC="0.96" CONTENT="med"/><SP WIDTH="37" VPOS="1061" HPOS="1134"/>
							<String ID="string_152" HPOS="1171" VPOS="1061" WIDTH="64" HEIGHT="37" WC="0.92" CONTENT="det"/><SP WIDTH="26" VPOS="1061" HPOS="1235"/>
							<String ID="string_153" HPOS="1261" VPOS="1060" WIDTH="195" HEIGHT="38" WC="0.92" CONTENT="inbetalda"/><SP WIDTH="27" VPOS="1060" HPOS="1456"/>
							<String ID="string_154" HPOS="1483" VPOS="1061" WIDTH="182" HEIGHT="49" WC="0.93" CONTENT="beloppet"/><SP WIDTH="27" VPOS="1061" HPOS="1665"/>
							<String ID="string_155" HPOS="1692" VPOS="1060" WIDTH="156" HEIGHT="38" WC="0.92" CONTENT="förmin-"/>
						</TextLine>
						<TextLine ID="line_17" HPOS="243" VPOS="1110" WIDTH="1605" HEIGHT="51">
							<String ID="string_156" HPOS="243" VPOS="1110" WIDTH="108" HEIGHT="45" WC="0.92" CONTENT="skad,"/><SP WIDTH="29" VPOS="1110" HPOS="351"/>
							<String ID="string_157" HPOS="380" VPOS="1110" WIDTH="94" HEIGHT="37" WC="0.96" CONTENT="eller"/><SP WIDTH="27" VPOS="1110" HPOS="474"/>
							<String ID="string_158" HPOS="501" VPOS="1112" WIDTH="72" HEIGHT="36" WC="0.96" CONTENT="ock"/><SP WIDTH="27" VPOS="1112" HPOS="573"/>
							<String ID="string_159" HPOS="600" VPOS="1125" WIDTH="141" HEIGHT="35" WC="0.89" CONTENT="genom"/><SP WIDTH="29" VPOS="1125" HPOS="741"/>
							<String ID="string_160" HPOS="770" VPOS="1112" WIDTH="242" HEIGHT="49" WC="0.89" CONTENT="afskrifning,"/><SP WIDTH="28" VPOS="1112" HPOS="1012"/>
							<String ID="string_161" HPOS="1040" VPOS="1112" WIDTH="13" HEIGHT="37" WC="0.96" CONTENT="i"/><SP WIDTH="27" VPOS="1112" HPOS="1053"/>
							<String ID="string_162" HPOS="1080" VPOS="1112" WIDTH="148" HEIGHT="37" WC="0.96" CONTENT="hvilket"/><SP WIDTH="26" VPOS="1112" HPOS="1228"/>
							<String ID="string_163" HPOS="1254" VPOS="1112" WIDTH="66" HEIGHT="37" WC="0.96" CONTENT="fall"/><SP WIDTH="28" VPOS="1112" HPOS="1320"/>
							<String ID="string_164" HPOS="1348" VPOS="1115" WIDTH="78" HEIGHT="34" WC="0.96" CONTENT="åter"/><SP WIDTH="31" VPOS="1115" HPOS="1426"/>
							<String ID="string_165" HPOS="1457" VPOS="1112" WIDTH="193" HEIGHT="49" WC="0.95" CONTENT="beloppet,"/><SP WIDTH="28" VPOS="1112" HPOS="1650"/>
							<String ID="string_166" HPOS="1678" VPOS="1125" WIDTH="82" HEIGHT="23" WC="0.91" CONTENT="som"/><SP WIDTH="29" VPOS="1125" HPOS="1760"/>
							<String ID="string_167" HPOS="1789" VPOS="1114" WIDTH="59" HEIGHT="34" WC="0.91" CONTENT="så-"/>
						</TextLine>
						<TextLine ID="line_18" HPOS="242" VPOS="1161" WIDTH="1605" HEIGHT="51">
							<String ID="string_168" HPOS="242" VPOS="1161" WIDTH="106" HEIGHT="37" WC="0.92" CONTENT="ledes"/><SP WIDTH="42" VPOS="1161" HPOS="348"/>
							<String ID="string_169" HPOS="390" VPOS="1162" WIDTH="201" HEIGHT="49" WC="0.96" CONTENT="upphörde"/><SP WIDTH="42" VPOS="1162" HPOS="591"/>
							<String ID="string_170" HPOS="633" VPOS="1168" WIDTH="54" HEIGHT="32" WC="0.96" CONTENT="att"/><SP WIDTH="40" VPOS="1168" HPOS="687"/>
							<String ID="string_171" HPOS="727" VPOS="1176" WIDTH="91" HEIGHT="25" WC="0.96" CONTENT="vara"/><SP WIDTH="36" VPOS="1176" HPOS="818"/>
							<String ID="string_172" HPOS="854" VPOS="1177" WIDTH="48" HEIGHT="23" WC="0.95" CONTENT="en"/><SP WIDTH="35" VPOS="1177" HPOS="902"/>
							<String ID="string_173" HPOS="937" VPOS="1163" WIDTH="229" HEIGHT="38" WC="0.95" CONTENT="balanserad"/><SP WIDTH="32" VPOS="1163" HPOS="1166"/>
							<String ID="string_174" HPOS="1198" VPOS="1163" WIDTH="167" HEIGHT="49" WC="0.96" CONTENT="fordran,"/><SP WIDTH="33" VPOS="1163" HPOS="1365"/>
							<String ID="string_175" HPOS="1398" VPOS="1163" WIDTH="124" HEIGHT="37" WC="0.93" CONTENT="skulle"/><SP WIDTH="29" VPOS="1163" HPOS="1522"/>
							<String ID="string_176" HPOS="1551" VPOS="1162" WIDTH="210" HEIGHT="38" WC="0.92" CONTENT="öfverföras"/><SP WIDTH="28" VPOS="1162" HPOS="1761"/>
							<String ID="string_177" HPOS="1789" VPOS="1163" WIDTH="58" HEIGHT="36" WC="0.96" CONTENT="till"/>
						</TextLine>
						<TextLine ID="line_19" HPOS="241" VPOS="1212" WIDTH="1605" HEIGHT="53">
							<String ID="string_178" HPOS="241" VPOS="1212" WIDTH="265" HEIGHT="50" WC="0.91" CONTENT="kapitalkonto"/><SP WIDTH="21" VPOS="1212" HPOS="506"/>
							<String ID="string_179" HPOS="527" VPOS="1214" WIDTH="72" HEIGHT="36" WC="0.96" CONTENT="och"/><SP WIDTH="19" VPOS="1214" HPOS="599"/>
							<String ID="string_180" HPOS="618" VPOS="1213" WIDTH="67" HEIGHT="38" WC="0.96" CONTENT="der"/><SP WIDTH="19" VPOS="1213" HPOS="685"/>
							<String ID="string_181" HPOS="704" VPOS="1214" WIDTH="134" HEIGHT="37" WC="0.96" CONTENT="föröka"/><SP WIDTH="20" VPOS="1214" HPOS="838"/>
							<String ID="string_182" HPOS="858" VPOS="1215" WIDTH="64" HEIGHT="36" WC="0.96" CONTENT="det"/><SP WIDTH="17" VPOS="1215" HPOS="922"/>
							<String ID="string_183" HPOS="939" VPOS="1214" WIDTH="157" HEIGHT="51" WC="0.96" CONTENT="kapital,"/><SP WIDTH="21" VPOS="1214" HPOS="1096"/>
							<String ID="string_184" HPOS="1117" VPOS="1228" WIDTH="82" HEIGHT="24" WC="0.96" CONTENT="som"/><SP WIDTH="21" VPOS="1228" HPOS="1199"/>
							<String ID="string_185" HPOS="1220" VPOS="1215" WIDTH="225" HEIGHT="37" WC="0.96" CONTENT="stambanan"/><SP WIDTH="19" VPOS="1215" HPOS="1445"/>
							<String ID="string_186" HPOS="1464" VPOS="1214" WIDTH="99" HEIGHT="37" WC="0.97" CONTENT="hade"/><SP WIDTH="21" VPOS="1214" HPOS="1563"/>
							<String ID="string_187" HPOS="1584" VPOS="1219" WIDTH="54" HEIGHT="32" WC="0.96" CONTENT="att"/><SP WIDTH="18" VPOS="1219" HPOS="1638"/>
							<String ID="string_188" HPOS="1656" VPOS="1213" WIDTH="190" HEIGHT="38" WC="0.96" CONTENT="redovisa."/>
						</TextLine>
					</TextBlock>
					<TextBlock ID="block_2" HPOS="241" VPOS="1264" WIDTH="1607" HEIGHT="153">
						<TextLine ID="line_20" HPOS="341" VPOS="1264" WIDTH="1506" HEIGHT="50">
							<String ID="string_189" HPOS="341" VPOS="1264" WIDTH="89" HEIGHT="37" WC="0.95" CONTENT="Med"/><SP WIDTH="38" VPOS="1264" HPOS="430"/>
							<String ID="string_190" HPOS="468" VPOS="1265" WIDTH="211" HEIGHT="48" WC="0.96" CONTENT="anledning"/><SP WIDTH="35" VPOS="1265" HPOS="679"/>
							<String ID="string_191" HPOS="714" VPOS="1266" WIDTH="42" HEIGHT="37" WC="0.95" CONTENT="af"/><SP WIDTH="30" VPOS="1266" HPOS="756"/>
							<String ID="string_192" HPOS="786" VPOS="1266" WIDTH="103" HEIGHT="37" WC="0.95" CONTENT="hvad"/><SP WIDTH="37" VPOS="1266" HPOS="889"/>
							<String ID="string_193" HPOS="926" VPOS="1266" WIDTH="161" HEIGHT="37" WC="0.96" CONTENT="sålunda"/><SP WIDTH="32" VPOS="1266" HPOS="1087"/>
							<String ID="string_194" HPOS="1119" VPOS="1265" WIDTH="255" HEIGHT="49" WC="0.96" CONTENT="förekommit,"/><SP WIDTH="27" VPOS="1265" HPOS="1374"/>
							<String ID="string_195" HPOS="1401" VPOS="1266" WIDTH="70" HEIGHT="37" WC="0.96" CONTENT="har"/><SP WIDTH="26" VPOS="1266" HPOS="1471"/>
							<String ID="string_196" HPOS="1497" VPOS="1265" WIDTH="198" HEIGHT="38" WC="0.96" CONTENT="Utskottet"/><SP WIDTH="27" VPOS="1265" HPOS="1695"/>
							<String ID="string_197" HPOS="1722" VPOS="1265" WIDTH="125" HEIGHT="37" WC="0.95" CONTENT="funnit"/>
						</TextLine>
						<TextLine ID="line_21" HPOS="241" VPOS="1314" WIDTH="1607" HEIGHT="52">
							<String ID="string_198" HPOS="241" VPOS="1314" WIDTH="62" HEIGHT="48" WC="0.96" CONTENT="sig"/><SP WIDTH="27" VPOS="1314" HPOS="303"/>
							<String ID="string_199" HPOS="330" VPOS="1314" WIDTH="94" HEIGHT="38" WC="0.96" CONTENT="böra"/><SP WIDTH="26" VPOS="1314" HPOS="424"/>
							<String ID="string_200" HPOS="450" VPOS="1321" WIDTH="91" HEIGHT="43" WC="0.95" CONTENT="taga"/><SP WIDTH="26" VPOS="1321" HPOS="541"/>
							<String ID="string_201" HPOS="567" VPOS="1321" WIDTH="175" HEIGHT="32" WC="0.96" CONTENT="närmare"/><SP WIDTH="28" VPOS="1321" HPOS="742"/>
							<String ID="string_202" HPOS="770" VPOS="1317" WIDTH="217" HEIGHT="37" WC="0.96" CONTENT="kännedom"/><SP WIDTH="29" VPOS="1317" HPOS="987"/>
							<String ID="string_203" HPOS="1016" VPOS="1317" WIDTH="42" HEIGHT="37" WC="0.96" CONTENT="af"/><SP WIDTH="22" VPOS="1317" HPOS="1058"/>
							<String ID="string_204" HPOS="1080" VPOS="1317" WIDTH="114" HEIGHT="38" WC="0.93" CONTENT="ofvan"/><SP WIDTH="20" VPOS="1317" HPOS="1194"/>
							<String ID="string_205" HPOS="1214" VPOS="1317" WIDTH="251" HEIGHT="37" WC="0.91" CONTENT="omförmälda"/><SP WIDTH="18" VPOS="1317" HPOS="1465"/>
							<String ID="string_206" HPOS="1483" VPOS="1316" WIDTH="273" HEIGHT="50" WC="0.96" CONTENT="räkenskaper,"/><SP WIDTH="21" VPOS="1316" HPOS="1756"/>
							<String ID="string_207" HPOS="1777" VPOS="1316" WIDTH="71" HEIGHT="37" WC="0.96" CONTENT="och"/>
						</TextLine>
						<TextLine ID="line_22" HPOS="241" VPOS="1365" WIDTH="779" HEIGHT="52">
							<String ID="string_208" HPOS="241" VPOS="1365" WIDTH="172" HEIGHT="38" WC="0.57" CONTENT="befinnas"/><SP WIDTH="30" VPOS="1365" HPOS="413"/>
							<String ID="string_209" HPOS="443" VPOS="1366" WIDTH="47" HEIGHT="37" WC="0.96" CONTENT="de"/><SP WIDTH="29" VPOS="1366" HPOS="490"/>
							<String ID="string_210" HPOS="519" VPOS="1367" WIDTH="113" HEIGHT="37" WC="0.96" CONTENT="hafva"/><SP WIDTH="27" VPOS="1367" HPOS="632"/>
							<String ID="string_211" HPOS="659" VPOS="1367" WIDTH="169" HEIGHT="50" WC="0.95" CONTENT="följande"/><SP WIDTH="27" VPOS="1367" HPOS="828"/>
							<String ID="string_212" HPOS="855" VPOS="1368" WIDTH="165" HEIGHT="49" WC="0.96" CONTENT="lydelse:"/>
						</TextLine>
					</TextBlock>
				</ComposedBlock>
				<GraphicalElement ID="cblock_2" HPOS="42" VPOS="1797" WIDTH="488" HEIGHT="5"></GraphicalElement >
				<ComposedBlock ID="cblock_3" HPOS="40" VPOS="1490" WIDTH="1803" HEIGHT="468">
					<TextBlock ID="block_3" HPOS="40" VPOS="1490" WIDTH="1803" HEIGHT="468">
						<TextLine ID="line_23" HPOS="41" VPOS="1490" WIDTH="165" HEIGHT="36">
							<String ID="string_213" HPOS="41" VPOS="1490" WIDTH="165" HEIGHT="36" WC="0.93" CONTENT="bok."/>
						</TextLine>
						<TextLine ID="line_24" HPOS="41" VPOS="1578" WIDTH="333" HEIGHT="37">
							<String ID="string_214" HPOS="41" VPOS="1578" WIDTH="333" HEIGHT="37" WC="0.96" CONTENT="stambanan."/>
						</TextLine>
						<TextLine ID="line_25" HPOS="44" VPOS="1655" WIDTH="106" HEIGHT="36">
							<String ID="string_215" HPOS="44" VPOS="1655" WIDTH="106" HEIGHT="36" WC="0.96" CONTENT="1874."/>
						</TextLine>
						<TextLine ID="line_26" HPOS="40" VPOS="1721" WIDTH="398" HEIGHT="36">
							<String ID="string_216" HPOS="40" VPOS="1721" WIDTH="398" HEIGHT="36" WC="0.90" CONTENT="Balans-konto."/>
						</TextLine>
						<TextLine ID="line_27" HPOS="1841" VPOS="1807" WIDTH="2" HEIGHT="24">
							<String ID="string_217" HPOS="1841" VPOS="1807" WIDTH="2" HEIGHT="24" WC="0.60" CONTENT="|"/>
						</TextLine>
						<TextLine ID="line_28" HPOS="78" VPOS="1842" WIDTH="1751" HEIGHT="50">
							<String ID="string_218" HPOS="78" VPOS="1843" WIDTH="95" HEIGHT="35" WC="0.94" CONTENT="1874"/><SP WIDTH="27" VPOS="1843" HPOS="173"/>
							<String ID="string_219" HPOS="200" VPOS="1838" WIDTH="16" HEIGHT="58" WC="0.87" CONTENT="|"/><SP WIDTH="12" VPOS="1838" HPOS="216"/>
							<String ID="string_220" HPOS="228" VPOS="1842" WIDTH="86" HEIGHT="37" WC="0.59" CONTENT="Jan."/><SP WIDTH="17" VPOS="1842" HPOS="314"/>
							<String ID="string_221" HPOS="331" VPOS="1838" WIDTH="19" HEIGHT="58" WC="0.50" CONTENT="|"/><SP WIDTH="10" VPOS="1838" HPOS="350"/>
							<String ID="string_222" HPOS="360" VPOS="1842" WIDTH="73" HEIGHT="36" WC="0.92" CONTENT="Per"/><SP WIDTH="52" VPOS="1842" HPOS="433"/>
							<String ID="string_223" HPOS="485" VPOS="1842" WIDTH="308" HEIGHT="37" WC="0.89" CONTENT="Kronolänsman"/><SP WIDTH="29" VPOS="1842" HPOS="793"/>
							<String ID="string_224" HPOS="822" VPOS="1842" WIDTH="45" HEIGHT="37" WC="0.90" CONTENT="G."/><SP WIDTH="30" VPOS="1842" HPOS="867"/>
							<String ID="string_225" HPOS="897" VPOS="1843" WIDTH="43" HEIGHT="36" WC="0.91" CONTENT="A."/><SP WIDTH="30" VPOS="1843" HPOS="940"/>
							<String ID="string_226" HPOS="970" VPOS="1842" WIDTH="184" HEIGHT="50" WC="0.95" CONTENT="Rydberg"/><SP WIDTH="27" VPOS="1842" HPOS="1154"/>
							<String ID="string_227" HPOS="1181" VPOS="1842" WIDTH="12" HEIGHT="37" WC="0.93" CONTENT="i"/><SP WIDTH="28" VPOS="1842" HPOS="1193"/>
							<String ID="string_228" HPOS="1221" VPOS="1842" WIDTH="174" HEIGHT="38" WC="0.92" CONTENT="Alfvesta"/><SP WIDTH="251" VPOS="1842" HPOS="1395"/>
							<String ID="string_229" HPOS="1646" VPOS="1844" WIDTH="183" HEIGHT="47" WC="0.77" CONTENT="1,500|—"/>
						</TextLine>
						<TextLine ID="line_29" HPOS="386" VPOS="1910" WIDTH="1441" HEIGHT="48">
							<String ID="string_230" HPOS="386" VPOS="1920" WIDTH="17" HEIGHT="23" WC="0.86" CONTENT="»"/><SP WIDTH="83" VPOS="1920" HPOS="403"/>
							<String ID="string_231" HPOS="486" VPOS="1910" WIDTH="123" HEIGHT="37" WC="0.95" CONTENT="Södra"/><SP WIDTH="27" VPOS="1910" HPOS="609"/>
							<String ID="string_232" HPOS="636" VPOS="1910" WIDTH="246" HEIGHT="41" WC="0.82" CONTENT="stambanan"/><SP WIDTH="-17" VPOS="1910" HPOS="882"/>
							<String ID="string_233" HPOS="865" VPOS="1906" WIDTH="21" HEIGHT="56" WC="0.82" CONTENT="."/><SP WIDTH="644" VPOS="1906" HPOS="886"/>
							<String ID="string_234" HPOS="1530" VPOS="1912" WIDTH="222" HEIGHT="46" WC="0.72" CONTENT="24,653,697"/><SP WIDTH="11" VPOS="1912" HPOS="1752"/>
							<String ID="string_235" HPOS="1763" VPOS="1907" WIDTH="14" HEIGHT="55" WC="0.90" CONTENT="|"/><SP WIDTH="6" VPOS="1907" HPOS="1777"/>
							<String ID="string_236" HPOS="1783" VPOS="1913" WIDTH="44" HEIGHT="35" WC="0.90" CONTENT="66"/>
						</TextLine>
					</TextBlock>
				</ComposedBlock>
				<GraphicalElement ID="cblock_4" HPOS="1489" VPOS="1806" WIDTH="4" HEIGHT="152"></GraphicalElement >
				<GraphicalElement ID="cblock_5" HPOS="1765" VPOS="1806" WIDTH="4" HEIGHT="152"></GraphicalElement >
				<ComposedBlock ID="cblock_6" HPOS="336" VPOS="1964" WIDTH="1491" HEIGHT="76">
					<TextBlock ID="block_4" HPOS="336" VPOS="1964" WIDTH="1491" HEIGHT="76">
						<TextLine ID="line_30" HPOS="336" VPOS="1964" WIDTH="1491" HEIGHT="76">
							<String ID="string_237" HPOS="336" VPOS="2009" WIDTH="4" HEIGHT="25" WC="0.26" CONTENT=";"/><SP WIDTH="815" VPOS="2009" HPOS="340"/>
							<String ID="string_238" HPOS="1155" VPOS="1988" WIDTH="155" HEIGHT="38" WC="0.96" CONTENT="Summa"/><SP WIDTH="26" VPOS="1988" HPOS="1310"/>
							<String ID="string_239" HPOS="1336" VPOS="1964" WIDTH="121" HEIGHT="76" WC="0.78" CONTENT="kronor"/><SP WIDTH="22" VPOS="1964" HPOS="1457"/>
							<String ID="string_240" HPOS="1479" VPOS="1968" WIDTH="14" HEIGHT="67" WC="0.78" CONTENT="|"/><SP WIDTH="37" VPOS="1968" HPOS="1493"/>
							<String ID="string_241" HPOS="1530" VPOS="1990" WIDTH="221" HEIGHT="47" WC="0.86" CONTENT="24,655,197"/><SP WIDTH="14" VPOS="1990" HPOS="1751"/>
							<String ID="string_242" HPOS="1765" VPOS="1968" WIDTH="4" HEIGHT="67" WC="0.84" CONTENT="|"/><SP WIDTH="13" VPOS="1968" HPOS="1769"/>
							<String ID="string_243" HPOS="1782" VPOS="1990" WIDTH="45" HEIGHT="35" WC="0.96" CONTENT="66"/>
						</TextLine>
					</TextBlock>
				</ComposedBlock>
				<ComposedBlock ID="cblock_7" HPOS="41" VPOS="2070" WIDTH="171" HEIGHT="36">
					<TextBlock ID="block_5" HPOS="41" VPOS="2070" WIDTH="171" HEIGHT="36">
						<TextLine ID="line_31" HPOS="41" VPOS="2070" WIDTH="171" HEIGHT="36">
							<String ID="string_244" HPOS="41" VPOS="2070" WIDTH="171" HEIGHT="36" WC="0.96" CONTENT="konto."/>
						</TextLine>
					</TextBlock>
				</ComposedBlock>
				<GraphicalElement ID="cblock_8" HPOS="111" VPOS="2146" WIDTH="640" HEIGHT="6"></GraphicalElement >
				<ComposedBlock ID="cblock_9" HPOS="78" VPOS="2191" WIDTH="1749" HEIGHT="49">
					<TextBlock ID="block_6" HPOS="78" VPOS="2191" WIDTH="1749" HEIGHT="49">
						<TextLine ID="line_32" HPOS="78" VPOS="2191" WIDTH="1749" HEIGHT="49">
							<String ID="string_245" HPOS="78" VPOS="2193" WIDTH="93" HEIGHT="35" WC="0.96" CONTENT="1874"/><SP WIDTH="20" VPOS="2193" HPOS="171"/>
							<String ID="string_246" HPOS="191" VPOS="2187" WIDTH="22" HEIGHT="57" WC="0.95" CONTENT="|"/><SP WIDTH="14" VPOS="2187" HPOS="213"/>
							<String ID="string_247" HPOS="227" VPOS="2191" WIDTH="86" HEIGHT="37" WC="0.96" CONTENT="Jan."/><SP WIDTH="24" VPOS="2191" HPOS="313"/>
							<String ID="string_248" HPOS="337" VPOS="2187" WIDTH="19" HEIGHT="57" WC="0.96" CONTENT="|"/><SP WIDTH="5" VPOS="2187" HPOS="356"/>
							<String ID="string_249" HPOS="361" VPOS="2191" WIDTH="72" HEIGHT="36" WC="0.95" CONTENT="Per"/><SP WIDTH="44" VPOS="2191" HPOS="433"/>
							<String ID="string_250" HPOS="477" VPOS="2191" WIDTH="196" HEIGHT="49" WC="0.92" CONTENT="Ingående"/><SP WIDTH="28" VPOS="2191" HPOS="673"/>
							<String ID="string_251" HPOS="701" VPOS="2192" WIDTH="272" HEIGHT="37" WC="0.91" CONTENT="balans-konto"/><SP WIDTH="558" VPOS="2192" HPOS="973"/>
							<String ID="string_252" HPOS="1531" VPOS="2193" WIDTH="219" HEIGHT="47" WC="0.88" CONTENT="24,655,197"/><SP WIDTH="31" VPOS="2193" HPOS="1750"/>
							<String ID="string_253" HPOS="1781" VPOS="2194" WIDTH="46" HEIGHT="35" WC="0.6" CONTENT="166"/>
						</TextLine>
					</TextBlock>
				</ComposedBlock>
				<GraphicalElement ID="cblock_10" HPOS="1488" VPOS="2155" WIDTH="4" HEIGHT="152"></GraphicalElement >
				<GraphicalElement ID="cblock_11" HPOS="1764" VPOS="2155" WIDTH="4" HEIGHT="152"></GraphicalElement >
				<ComposedBlock ID="cblock_12" HPOS="1155" VPOS="2316" WIDTH="672" HEIGHT="68">
					<TextBlock ID="block_7" HPOS="1155" VPOS="2316" WIDTH="672" HEIGHT="68">
						<TextLine ID="line_33" HPOS="1155" VPOS="2316" WIDTH="672" HEIGHT="68">
							<String ID="string_254" HPOS="1155" VPOS="2336" WIDTH="154" HEIGHT="38" WC="0.93" CONTENT="Summa"/><SP WIDTH="26" VPOS="2336" HPOS="1309"/>
							<String ID="string_255" HPOS="1335" VPOS="2316" WIDTH="157" HEIGHT="68" WC="0.89" CONTENT="kronor|"/><SP WIDTH="37" VPOS="2316" HPOS="1492"/>
							<String ID="string_256" HPOS="1529" VPOS="2338" WIDTH="220" HEIGHT="46" WC="0.41" CONTENT="24,655,197"/><SP WIDTH="15" VPOS="2338" HPOS="1749"/>
							<String ID="string_257" HPOS="1764" VPOS="2316" WIDTH="63" HEIGHT="68" WC="0.41" CONTENT="|66"/>
						</TextLine>
					</TextBlock>
				</ComposedBlock>
			</PrintSpace>
		</Page>
	</Layout>
</alto>
