2124 2657
387 198 41 30 50
776 190 202 41 Berillnings-
1004 188 145 32 Utskottets
1171 185 203 35 Betänkande
1396 184 64 32 N:o
1483 186 28 28 6.

479 281 20 33 å
522 279 128 34 mindre
678 277 133 44 belopp,
837 282 43 27 än
909 276 59 31 100
991 274 140 39 kronor;
1156 272 54 33 för
1236 270 107 39 vexel,
1370 267 93 35 stäld
1488 269 54 31 att
1564 266 57 34 vid
1643 263 228 46 uppvisandet
1893 264 53 33 be-

478 333 92 33 talas
593 330 36 34 af
649 328 119 41 medel,
792 340 70 22 som
884 327 60 33 hos
967 325 90 34 bank
1080 325 84 33 eller
1186 322 122 34 bankir
1331 321 93 34 föras
1446 320 11 32 i
1478 318 148 43 räkning
1643 318 54 33 för
1719 316 225 39 utställaren;

481 387 88 31 samt
594 383 54 33 för
670 378 308 48 postremissvexel.

353 437 91 34 Vexel
467 436 83 34 eller
580 434 174 42 handling,
789 432 42 44 på
859 429 112 46 grund
1005 429 124 33 hvaraf
1152 425 216 43 inkassering
1390 425 38 32 af
1447 423 190 45 penningar
1658 420 160 44 besörjes,
1845 419 99 39 skall,

482 488 41 33 då
556 487 63 33 den
655 492 38 27 är
721 482 163 35 utfärdad
912 481 19 34 å
954 481 132 33 utrikes
1109 482 63 37 ort,
1198 480 105 31 innan
1326 477 63 33 den
1416 476 63 32 här
1501 475 12 32 i
1536 474 90 33 riket
1649 471 186 35 öfverlåtes
1862 471 86 33 eller

481 539 58 33 till
567 536 245 45 godkännande
837 535 82 33 eller
941 532 177 43 betalning
1144 532 134 37 företes,
1304 529 162 41 beläggas
1490 525 74 35 med
1591 525 143 44 stämpel
1761 524 38 32 af
1817 524 42 32 50
1877 527 67 34 öre,

482 593 62 31 när
581 589 63 34 den
680 587 100 45 lyder
803 586 19 34 å
846 584 129 34 mindre
1006 584 122 44 belopp
1153 585 42 31 än
1220 582 95 40 1,000
1337 580 135 38 kronor,
1502 590 75 21 men
1600 577 99 44 eljest
1726 576 37 32 af
1785 577 16 30 1
1825 575 116 32 krona.

546 633 51 41 Är
631 640 100 34 vexel
757 637 161 34 utfärdad
945 637 11 32 i
978 637 89 32 flere
1088 634 171 44 exemplar
1282 632 58 34 och
1368 631 62 33 har
1452 633 51 30 ett
1530 629 38 33 af
1588 628 73 34 dem
1683 626 127 40 blifvit,
1837 625 111 34 såsom

481 694 61 32 här
570 692 101 32 ofvan
695 693 90 40 sägs,
808 688 75 33 med
906 688 146 42 stämpel
1078 686 141 38 försedt,
1246 687 58 30 äro
1332 683 39 32 de
1400 682 111 41 öfriga
1532 680 78 33 från
1635 678 143 44 stämpel
1801 678 77 32 fria.

550 743 104 33 Sökes
677 741 44 45 på
744 739 110 45 grund
876 740 38 32 af
928 736 159 46 godkänd
1106 737 84 33 eller
1208 733 214 46 protesterad
1440 731 98 34 vexel
1556 730 178 43 betalning
1753 729 59 33 hos
1831 728 117 33 offent-

482 796 50 42 lig
569 793 210 45 myndighet,
815 791 88 34 skall
932 790 123 33 vexeln
1077 799 84 22 vara
1183 786 136 35 försedd
1341 784 73 34 med
1438 782 150 36 särskild
1612 781 144 45 stämpel
1780 780 73 33 lika
1874 778 74 34 med

483 843 320 44 Förpantningsbref.

352 948 313 43 Aktenskapsförord
697 946 98 40 skall,
832 944 42 34 då
897 944 57 34 det
982 944 54 33 för
1068 940 184 45 intagande
1273 940 12 33 i
1308 938 162 35 domstols
1503 935 173 47 protokoll
1704 935 138 40 företes,
1867 943 84 24 vara

484 999 134 35 försedt
639 998 74 34 med
736 996 146 45 stämpel
905 996 36 32 af
960 996 20 32 5
1007 995 134 32 kronor.

355 1047 199 47 Öfverlåtelse
580 1051 41 42 af
639 1051 239 32 kronohemman
900 1048 71 32 eller
988 1047 168 41 skaltlagdt
1176 1045 250 40 krononybygge:
1443 1040 199 42 afhandling
1661 1038 113 34 derom
1790 1035 100 41 skall,
1909 1036 43 33 då

484 1104 62 33 den
570 1104 53 32 för
646 1101 169 34 vinnande
838 1100 38 33 af
895 1099 137 33 åborätt
1049 1098 61 33 hos
1126 1095 216 43 vederbörlig
1354 1093 200 45 myndighet
1567 1092 135 36 företes,
1718 1101 83 22 vara
1816 1088 135 33 försedd

484 1155 74 33 med
582 1153 145 44 stämpel
750 1153 54 32 för
826 1151 262 33 kronohemman
1114 1148 58 33 till
1199 1147 121 43 belopp
1344 1146 38 33 af
1403 1146 38 31 75
1465 1149 55 28 öre
1545 1143 59 33 och
1627 1143 54 32 för
1703 1142 163 42 nybygge
1892 1139 58 32 till

485 1207 121 42 belopp
637 1204 36 33 af
702 1205 40 31 20
771 1210 55 26 öre
850 1202 53 33 för
924 1200 120 43 hvarje
1066 1199 89 33 fulla
1180 1199 59 32 100
1265 1198 127 32 kronor
1415 1196 38 32 af
1473 1194 222 44 egendomens
1722 1191 118 40 värde;
1867 1190 84 33 dock

485 1260 53 30 att
572 1255 211 43 afhandling,
814 1253 44 44 på
885 1251 112 45 grund
1024 1251 124 32 hvaraf
1170 1249 137 33 åborätt
1330 1248 98 33 sökes
1451 1247 55 32 för
1532 1245 209 41 aktiebolag,
1775 1255 69 21 som
1877 1242 73 32 icke

485 1309 130 32 dvifver
649 1305 231 38 bankrörelse,
911 1305 62 32 bör
995 1313 84 23 vara
1100 1301 123 43 belagd
1245 1299 74 34 med
1343 1299 154 43 stämpel,
1527 1298 53 33 för
1607 1295 264 34 kronohemman
1893 1293 55 32 till

485 1360 120 43 belopp
630 1359 37 32 af
688 1360 15 29 1
724 1358 108 32 krona
851 1357 41 31 50
914 1359 56 29 öre
999 1353 59 33 och
1085 1353 54 33 för
1165 1353 162 43 nybygge
1349 1351 59 32 till
1434 1349 122 43 belopp
1580 1349 37 31 af
1636 1348 41 31 40
1701 1351 57 28 öre
1785 1344 166 34 likaledes

485 1412 52 31 för
558 1410 119 42 hvarje
699 1408 88 33 fulla
816 1408 59 32 100
897 1407 127 32 kronor
1046 1404 39 33 af
1104 1403 223 44 egendomens
1350 1401 112 35 värde.

1106 1985 20 39 g
1150 1983 48 32 10.

488 2072 53 34 Då
575 2070 251 46 stämpelafgift
859 2069 87 34 skall
975 2067 85 44 utgå
1083 2067 87 34 efter
1192 2065 122 35 värdet
1336 2065 37 32 af
1392 2064 70 33 fast
1485 2062 170 45 egendom,
1687 2062 50 33 må
1759 2061 95 34 detta
1877 2062 73 34 icke

356 2128 169 41 upptagas
557 2125 95 41 lägre
691 2126 40 30 än
770 2120 284 43 nästföregående
1078 2119 91 33 årets
1192 2116 292 43 taxeringsvärde,
1510 2127 74 21 men
1608 2114 100 39 skall,
1734 2113 88 33 hvad
1845 2114 107 42 angår

355 2178 67 42 köp
451 2177 37 31 af
515 2176 69 32 fast
606 2174 160 43 egendom
790 2173 84 33 eller
898 2171 216 34 öfverlåtelse
1137 2170 37 32 af
1194 2168 259 33 kronohemman
1479 2167 84 32 eller
1585 2167 171 41 nybygge,
1783 2166 169 32 beräknas

358 2228 87 33 efter
466 2227 64 32 den
552 2227 10 30 i
589 2226 189 43 penningar
806 2223 173 33 bestämda
1001 2223 99 42 köpe-
1124 2221 85 32 eller
1231 2219 270 41 löseskillingen,
1527 2216 38 33 så
1587 2217 102 32 framt
1711 2215 110 33 denna
1845 2217 106 33 öfver-

359 2279 105 42 stiger
488 2277 143 33 nämnda
653 2275 112 35 värde.
