2160 2657
386 193 40 32 62
770 194 374 44 Bevillnings-Utskoltets
1169 195 205 34 Betänkande
1396 196 63 34 N:o
1482 200 28 31 6,

1823 507 106 35 ART.

1381 645 79 41 Om
1483 644 161 51 tillsyn
1672 646 26 40 å
1725 645 209 51 stämpel-

1088 804 19 37 8
1129 802 49 31 30.

469 881 235 43 Ansvarighet
726 882 123 40 derför,
875 886 53 30 att
951 884 192 44 expedition
1166 885 10 32 i
1199 885 215 45 vederbörlig
1437 885 145 44 ordning
1604 886 108 34 förses
1735 887 74 33 med
1833 889 99 32 stäm-

335 932 68 44 pel,
428 931 131 44 åligger
582 933 57 33 vid
662 933 368 45 statsdepartementen
1054 936 58 33 och
1135 936 296 45 hofexpeditionen
1454 937 62 34 den
1539 938 215 44 tjensteman,
1779 939 57 32 till
1848 939 85 33 hvil-

336 984 84 33 kens
443 983 326 45 tjenstebefattning
792 986 100 33 hörer
915 989 53 30 att
989 986 94 35 hålla
1106 988 237 44 expeditionen
1367 989 252 34 vederbörande
1641 989 178 41 tillhanda,
1845 993 90 30 samt

336 1034 57 33 vid
417 1035 110 43 öfriga
550 1036 238 44 myndigheter
809 1037 63 34 den
895 1038 213 44 tjensteman,
1134 1052 70 21 som
1227 1040 54 33 för
1304 1040 238 44 expeditionen
1565 1052 179 29 ansvarar;
1765 1041 82 33 dock
1866 1044 64 37 att,

335 1086 59 33 der
426 1098 113 21 annan
572 1088 206 44 tjensteman
811 1088 258 45 vederbörligen
1104 1091 195 34 förordnats
1333 1094 53 31 att
1409 1092 400 46 stämpelbeläggningan
1833 1093 97 34 verk-

337 1138 113 39 ställa,
477 1139 261 43 ansvarigheten
763 1139 133 44 åligger
918 1140 116 35 denne.

1070 1298 18 39 8
1126 1296 50 32 3L.

468 1376 152 34 Embets-
658 1377 85 33 eller
775 1378 214 43 tjensteman,
1026 1379 57 33 till
1113 1380 139 33 hvilken
1277 1382 143 43 stämpel
1445 1382 231 34 underkastad
1698 1383 164 45 handling
1884 1385 46 33 in-

335 1426 121 43 gifves,
482 1428 62 32 bör
565 1427 104 41 tillse,
696 1431 54 31 att
772 1428 207 45 handlingen
1003 1432 38 32 är
1059 1431 186 47 behörigen
1268 1432 136 33 försedd
1426 1433 73 33 med
1522 1435 146 44 stämpel
1692 1435 59 34 och
1764 1438 54 31 att
1832 1438 101 31 stäm-

336 1478 78 44 peln
438 1480 39 31 är
499 1479 200 33 makulerad
720 1480 45 44 på
787 1484 72 30 sätt
879 1481 12 33 i
914 1484 19 39 8
956 1483 39 32 23
1018 1482 232 34 föreskrifves.

468 1521 52 41 Är
543 1530 208 44 handlingen
773 1531 73 34 icke
870 1532 180 43 behörigen
1073 1534 135 32 försedd
1230 1535 73 32 med
1326 1536 154 43 stämpel,
1506 1536 61 33 och
1585 1537 156 43 erlägges
1762 1539 27 43 ej
1809 1541 122 40 genast

335 1580 88 32 efter
456 1580 152 34 erhållen
636 1582 192 43 tillsägelse
851 1583 56 34 det
930 1584 135 34 felande
1088 1585 313 45 stämpelbeloppet,
1427 1586 53 34 må
1504 1587 203 45 handlingen
1734 1589 73 34 icke
1830 1593 99 31 emot-

335 1634 109 40 tagas.

468 1674 52 41 Är
557 1684 145 43 stämpel
738 1685 27 43 ej
797 1685 257 44 vederbörligen
1078 1687 205 40 maknlerad,
1310 1689 59 33 bör
1393 1690 137 33 embets-
1553 1691 83 33 eller
1659 1691 270 44 tjenstemannen

335 1734 132 43 besörja
490 1735 233 42 fullgörandet
744 1735 98 34 deraf
861 1740 69 30 mot
952 1738 194 43 ersättning
1169 1739 52 33 för
1244 1739 158 34 besväret
1425 1740 134 34 dermed
1581 1742 38 32 af
1638 1743 19 32 5
1677 1749 56 27 öre
1745 1744 51 32 för
1810 1743 119 44 hvarje

336 1785 159 44 stämpel;
522 1785 84 34 dock
630 1785 54 34 må
707 1786 109 34 denna
839 1789 194 43 ersättning
1057 1789 27 44 ej
1109 1790 167 34 beräknas
1300 1791 54 33 för
1375 1792 80 33 flere
1479 1793 165 44 stämplar
1671 1800 42 27 än
1736 1794 57 33 det
1805 1795 125 34 minsta

336 1836 103 40 antal,
466 1848 70 22 som
559 1837 54 33 för
635 1837 207 44 handlingen
867 1839 178 34 erfordras.

1083 1996 19 39 8
1127 1994 49 32 32.

469 2074 53 33 Då
554 2075 204 34 renoveradt
790 2077 172 43 exemplar
995 2078 37 32 af
1062 2078 199 34 underrätts
1283 2080 173 44 protokoll
1480 2082 95 33 öfver
1597 2082 176 43 lagfarter,
1800 2084 125 34 inteck-

335 2125 133 44 ningar,
501 2126 326 44 äktenskapsförord
850 2131 87 31 samt
959 2129 325 45 bouppteckningar,
1310 2131 323 44 morgongåfvobref
1652 2134 58 32 och
1734 2134 190 34 afhandlin-

336 2188 61 31 gar
419 2189 49 20 om
494 2177 178 44 lösöreköp
695 2178 57 33 till
775 2178 133 34 hofrätt
928 2179 170 42 insändes,
1124 2182 96 33 skola
1241 2182 118 34 dervid
1382 2183 96 43 fogas
1503 2184 39 34 de
1565 2184 73 33 med
1660 2186 64 32 N:o
1747 2187 19 30 ?
1788 2187 137 33 märkta

336 2228 137 33 delarne
496 2228 37 32 af
552 2228 40 33 de
614 2228 125 34 dubbla
761 2230 401 47 beläggningsstämplar,
1188 2233 74 34 med
1284 2234 119 33 hvilka
1425 2234 40 34 de
1487 2234 58 33 till
1567 2236 215 43 protokollen
1805 2237 118 34 höran-

337 2278 39 34 de
397 2278 205 45 handlingar
623 2279 117 35 blifvit
762 2281 168 42 försedde;
955 2283 148 35 börande
1125 2284 99 37 dessa
1246 2284 241 46 stämpeldelar
1509 2286 162 43 antingen
1694 2287 186 36 fasthäftas
1903 2288 23 34 å
