1904 2836
294 158 40 28 30
713 156 103 27 Andra
837 155 215 34 lagutskottets
1075 155 157 26 utlåtande
1253 156 43 25 Nr
1317 157 45 25 32.

293 246 56 20 om
374 236 310 38 journalföringen,
709 236 174 37 nämligen
910 239 48 26 att
982 238 46 27 ett
1052 234 191 39 åläggande
1269 236 120 28 därom
1415 236 109 29 skulle
1548 238 31 26 te
1604 235 49 38 sig
1679 235 103 30 främ-

293 281 126 29 mande
441 280 65 30 och
530 280 118 30 ailtför
669 279 305 39 maktpåliggande
994 280 54 29 för
1073 289 43 20 en
1139 283 70 26 stor
1231 280 55 29 del
1308 289 42 20 av
1374 280 40 28 de
1438 279 202 39 företagare,
1665 289 119 20 varom

292 325 63 29 här
369 334 80 20 vore
463 324 108 39 fråga.
589 324 368 38 Tillvägagångssättet
971 324 79 30 med
1066 324 139 29 schema
1220 323 175 30 förefaller
1410 323 189 30 emellertid
1613 323 172 39 praktiskt

292 368 155 39 lämpligt
465 368 54 31 för
537 368 128 39 många
683 368 132 38 företag
833 369 65 29 och
916 369 63 29 bör
996 369 121 28 kunna
1134 369 141 28 komma
1294 368 50 29 till
1361 368 224 38 användning
1603 368 10 29 i
1631 367 151 39 dispens-

294 413 70 30 fall.
383 412 73 31 Vad
472 413 154 30 härefter
642 412 107 39 angår
765 413 449 37 arbetstidsminskningens
1231 412 209 36 omfattning
1457 413 73 34 har,
1549 412 115 30 såsom
1680 413 103 28 fram-

293 456 115 31 hållits
427 457 9 29 i
456 457 65 30 den
538 458 178 29 allmänna
733 457 258 38 motiveringen,
1014 457 55 30 för
1087 457 71 37 mig
1177 467 41 19 en
1238 457 299 38 huvudsynpunkt
1557 455 45 40 på
1621 457 55 30 det
1696 457 87 29 före-

294 501 158 39 liggande
476 501 165 39 förslaget
663 502 87 29 varit
775 501 214 30 önskemålet
1011 504 49 27 att
1084 500 36 30 så
1146 500 94 39 långt
1263 501 134 38 möjligt
1421 500 82 30 ernå
1526 501 223 37 likställighet
1775 501 9 28 i

293 546 382 30 arbetstidshänseende
698 547 126 28 mellan
847 545 219 50 jordbrukets
1091 546 65 29 och
1179 546 209 29 industriens
1412 546 164 29 arbetare.
1601 545 47 30 Ur
1671 546 111 28 denna

293 591 176 51 synpunkt
493 591 63 29 har
575 590 58 39 jag
651 594 110 26 ansett
782 590 70 38 mig
872 591 84 29 böra
978 590 9 29 i
1008 590 135 38 princip
1164 590 169 37 tillstyrka
1356 592 277 27 reservanternas
1655 589 128 38 förslag

293 635 66 29 vad
382 634 108 39 angår
512 635 298 29 maximitidernas
833 620 213 44 utmätande.
1072 634 12 29 I
1112 634 149 37 enlighet
1285 635 78 29 med
1388 635 65 28 vad
1479 634 63 29 här
1566 634 134 30 anförts
1725 643 58 19 an-

293 678 130 39 gående
430 654 246 68 ”uteslutandet
695 689 41 19 av
755 679 259 29 bestämmelser
1032 688 57 20 om
1109 678 222 30 årsarbetstid
1349 679 62 29 bör
1431 679 66 29 den
1516 677 147 31 sålunda
1683 679 100 28 valda

293 723 178 39 principen
499 723 47 29 bli
576 723 213 38 vägledande
824 723 59 29 vid
914 723 256 29 fastställandet
1201 732 41 20 av
1276 722 321 30 veckoarbetstider.
1634 722 49 29 Då
1717 723 66 28 vad

293 771 259 26 reservanterna
572 768 211 29 därutinnan
802 767 176 37 föreslagit
999 767 270 38 genomsnittligt
1287 767 9 29 i
1316 770 84 27 stort
1419 770 63 27 sett
1500 769 193 27 motsvarar
1712 775 71 29 reg-

293 812 152 38 leringen
473 812 105 38 enligt
605 812 177 29 allmänna
811 811 284 39 arbetstidslagen
1124 812 66 29 och
1219 811 43 30 då
1292 821 133 20 samma
1453 811 330 30 veckoarbetstiders

293 856 160 30 inbördes
483 856 197 38 avvägning
711 856 9 29 i
751 856 186 29 huvudsak
968 865 100 28 synes
1102 865 82 20 vara
1213 856 150 37 lämplig,
1391 855 88 30 hava
1511 855 272 30 reservationens

293 900 312 30 veckoarbetstider
624 900 53 29 för
696 900 178 38 jordbruk,
894 901 76 29 dess
988 900 201 38 binäringar
1209 900 65 29 och
1292 900 298 38 byggnadsarbete
1609 899 174 39 upptagits

293 944 8 29 i
327 945 429 38 departementsförslaget.
790 945 6 29 I
823 945 66 29 den
915 944 81 30 mån
1022 954 42 19 en
1089 944 109 30 sådan
1223 945 78 29 med
1326 943 192 31 årstiderna
1539 944 170 29 växlande
1732 954 50 18 ar-

293 989 124 29 betstid
446 989 10 29 i
483 989 172 29 särskilda
682 989 58 29 fall
771 989 74 29 icke
873 989 172 29 erfordras
1074 988 95 30 inom
1195 988 89 30 vissa
1312 988 200 38 binäringar
1539 988 49 29 till
1614 988 169 38 jordbruk

292 1033 79 30 eller
392 1033 53 30 för
465 1033 307 39 byggnadsarbete,
794 1043 73 19 som
886 1033 98 29 faller
1004 1033 111 29 under
1135 1033 111 29 denna
1268 1034 65 36 lag,
1356 1033 95 29 torde
1472 1033 107 29 härav
1601 1031 182 39 påkallade

292 1078 189 29 avvikelser
503 1055 85 52 böra
610 1078 175 36 medsgivas
807 1085 124 30 genom
951 1077 138 38 dispens
1113 1086 42 20 av
1175 1076 220 30 arbetsrådet.

336 1122 223 31 Beträffande
591 1124 210 38 regleringen
836 1123 54 30 för
922 1123 309 39 trädgårdsskötsel
1262 1124 63 29 har
1356 1123 78 30 från
1465 1123 192 34 företagare
1688 1123 94 29 inom

291 1166 167 39 näringen
482 1166 241 31 framkommit
745 1167 180 31 önskemål
947 1171 48 26 att
1019 1168 208 29 arbetstiden
1254 1168 208 29 fastställdes
1487 1167 54 29 för
1567 1166 214 31 tvåveckors-

291 1211 155 37 perioder
465 1211 66 30 och
550 1211 77 30 icke
644 1211 54 30 för
716 1212 158 38 perioder
890 1222 57 20 om
966 1212 120 30 endast
1105 1222 43 19 en
1167 1213 115 28 vecka,
1303 1212 198 37 varigenom
1520 1212 110 29 skulle
1648 1211 133 38 möjlig-

292 1256 109 37 göras,
429 1258 48 27 att
504 1256 184 29 arbetarna
718 1256 107 38 lagvis
852 1265 180 20 varannan
1059 1257 107 28 vecka
1193 1256 136 29 utförde
1356 1256 140 29 arbeten
1522 1256 79 29 med
1626 1255 155 37 vattning

291 1302 89 27 samt
398 1299 139 38 eldning
560 1300 66 29 och
649 1300 150 38 luftning
821 1310 42 19 av
885 1300 147 30 växthus
1055 1299 43 39 på
1122 1300 160 37 lördagar
1303 1300 64 29 och
1389 1300 181 36 söndagar.
1597 1299 49 29 Då
1669 1300 111 29 denna

291 1344 194 38 anordning
504 1343 176 31 förefaller
699 1344 151 39 lämplig,
868 1354 100 20 anser
985 1344 56 38 jag
1060 1344 70 38 mig
1150 1345 117 28 kunna
1287 1344 135 29 biträda
1441 1345 63 28 vad
1529 1344 144 29 sålunda
1695 1344 86 29 före-

291 1388 126 38 slagits.
450 1388 77 30 Med
556 1387 261 39 utgångspunkt
848 1387 79 31 från
955 1388 272 30 reservationens
1256 1388 312 30 veckoarbetstider
1599 1389 85 28 även
1716 1388 66 29 vad

290 1441 98 21 avser
409 1431 312 40 trädgårdsskötsel
742 1435 168 36 upptager
931 1433 419 38 departementsförslaget
1373 1432 117 30 därför
1508 1433 55 28 för
1585 1433 113 29 denna
1724 1433 57 28 nä-

291 1476 75 39 ring
392 1486 42 20 en
460 1477 234 38 begränsning
720 1486 41 20 av
787 1477 210 29 arbetstiden
1022 1477 54 29 för
1100 1476 360 39 tvåveckorsperioder
1486 1477 50 29 till
1563 1477 42 29 96
1633 1477 147 31 timmar,

290 1521 195 29 alternativt
507 1522 42 29 86
571 1521 140 30 timmar
731 1522 110 29 under
864 1520 268 31 vinterhalvåret
1152 1521 64 30 och
1243 1521 59 29 106
1327 1521 138 29 timmar
1487 1521 110 29 under
1616 1530 164 20 sommar-

290 1564 164 31 halvåret.
477 1565 56 30 Ett
554 1565 80 30 från
654 1564 285 40 arbetsgivarhåll
959 1565 197 30 framhållet
1177 1565 112 29 behov
1310 1575 42 19 av
1373 1574 41 21 en
1432 1574 94 21 mera
1546 1564 94 39 långt
1663 1565 117 28 driven

290 1608 274 54 differentiering
583 1619 43 20 av
645 1585 209 68 arbetstiden
873 1610 78 29 med
967 1610 134 37 hänsyn
1123 1610 50 29 till
1194 1609 91 30 olika
1305 1609 148 38 företags
1472 1591 224 61 specialiteter
1717 1609 63 28 och

290 1654 143 29 därmed
452 1653 44 39 på
517 1654 113 29 skilda
652 1654 85 29 tider
758 1654 191 29 infallande
969 1643 196 48 högsäsong
1185 1654 95 29 torde
1301 1631 155 52 däremot
1478 1654 84 30 böra
1585 1653 195 37 tillgodoses

289 1705 122 31 genom
436 1698 147 38 dispens.
609 1698 72 29 Vad
707 1698 158 39 slutligen
889 1697 152 39 Sveriges
1065 1696 634 40 handelsträdgårdsmästareförbund
1725 1707 55 19 an-

290 1742 68 30 fört
379 1743 131 34 därom,
535 1746 50 26 att
606 1743 396 38 arbetstidsregleringen
1020 1742 55 30 för
1097 1742 224 39 självständig
1344 1741 310 39 trädgårdsskötsel
1677 1743 104 28 borde

291 1787 88 38 gälla
405 1788 86 28 även
517 1786 312 39 trädgårdsskötsel
854 1787 7 29 i
887 1787 169 29 samband
1080 1787 79 29 med
1183 1787 178 37 jordbruk,
1388 1787 94 29 torde
1507 1787 75 29 icke
1605 1787 82 29 böra
1714 1787 65 28 för-

290 1831 124 30 anleda
438 1831 148 38 ändring
609 1831 10 29 i
642 1832 64 28 den
729 1831 57 29 vid
809 1831 115 30 denna
946 1831 216 38 lagstiftning
1185 1831 10 29 i
1218 1831 110 37 övrigt
1346 1830 108 39 följda
1478 1831 227 37 grundsatsen
1733 1833 47 26 att

289 1875 160 38 binäring
469 1876 63 29 bör
551 1861 87 52 följa
657 1876 155 38 reglerna
831 1875 55 30 för
907 1853 299 60 hivudnäringen.

334 1915 94 34 Även
463 1920 8 28 i
505 1920 273 29 reservationens
807 1894 355 81 arbetstidsreglering
1192 1919 54 30 för
1279 1919 208 38 djurskötsel
1520 1919 105 39 ligger
1660 1919 119 37 ivngd-

290 1964 155 38 punkten
470 1964 9 29 i
503 1964 266 29 bestämmelsen
795 1974 57 19 om
878 1963 260 30 årsmaximum.
1167 1963 50 30 Då
1243 1967 257 26 reservanterna
1527 1973 82 20 anse
1633 1964 48 36 sig
1707 1964 73 28 icke

290 2009 119 29 kunna
432 2007 116 39 undgå
571 2011 50 26 att
643 2007 125 30 föreslå
789 2008 92 30 detta
903 2007 104 39 något
1029 2008 106 38 högre
1157 2009 44 28 än
1226 2008 52 30 för
1300 2008 109 29 andra
1432 2009 164 31 arbetare,
1617 2008 86 29 hava
1729 2018 50 19 ar-

289 2053 143 29 betarna
452 2052 95 30 inom
566 2052 234 38 djurskötseln
816 2052 105 38 enligt
940 2053 98 29 deras
1058 2052 129 38 förslag
1206 2053 259 37 kompenserats
1485 2052 79 30 med
1583 2062 41 20 en
1644 2053 136 28 kortare

290 2096 164 30 arbetstid
478 2096 55 30 för
558 2097 103 38 dygn,
684 2097 19 29 8
728 2097 140 29 timmar
893 2099 72 27 mot
993 2097 38 29 10
1056 2096 140 30 timmar
1221 2096 54 30 för
1298 2097 117 37 övriga
1439 2096 339 37 arbetarkategorier.

290 2141 74 29 Den
387 2141 10 29 i
422 2141 92 30 detta
539 2141 255 38 sammanhang
819 2141 196 38 föreslagna
1040 2141 328 34 veckoarbetstiden,
1396 2142 40 28 56
1462 2141 148 31 timmar,
1638 2141 142 28 innebär

289 2186 155 29 däremot
465 2185 104 39 ingen
588 2177 232 47 begränsning
841 2186 120 29 utöver
984 2185 67 30 den
1072 2194 74 21 som
1166 2185 104 38 ligger
1292 2185 10 29 i
1324 2172 220 43 föreskriften
1567 2194 55 20 om
1647 2185 132 37 längsta

289 2203 279 70 dygnsarbetstid
593 2230 66 29 och
681 2230 127 29 saknar
833 2229 225 39 självständig
1082 2229 182 38 betydelse.
1294 2229 278 37 Socialstyrelsen
1599 2229 62 29 har
1689 2229 7 28 1
1724 2229 55 28 sitt

289 2274 160 38 yttrande
469 2274 165 30 skisserat
653 2277 45 26 ett
718 2273 139 39 förslag,
876 2274 137 29 baserat
1032 2272 45 39 på
1100 2274 39 29 10
1159 2273 155 30 timmars
1335 2273 277 38 dygnsarbetstid
1632 2276 85 26 samt
1739 2282 40 19 en

290 2317 103 40 något
418 2319 117 38 längre
557 2317 223 31 årsarbetstid
801 2319 44 28 än
867 2318 283 34 reservationens,
1174 2319 18 28 2
1207 2318 63 29 800
1294 2318 147 29 timmar.
1468 2318 62 29 Det
1554 2318 155 37 antydes.
1732 2319 47 26 att

290 2362 54 30 för
373 2363 214 29 kontrollens
615 2363 90 30 skull
735 2361 266 31 årsarbetstiden
1031 2361 164 39 möjligen
1224 2362 117 29 kunde
1372 2362 165 38 uppdelas
1569 2361 43 39 på
1644 2362 136 27 kortare

290 2406 165 39 perioder,
479 2407 208 38 exempelvis
708 2406 339 39 4-veckorsperioder
1069 2407 19 28 å
1112 2407 64 28 216
1199 2406 147 29 timmar.
1372 2406 89 30 Från
1485 2404 210 31 arbetarhåll
1718 2405 62 28 har

290 2451 192 38 föreslagits
501 2451 149 38 ändring
668 2451 8 29 i
695 2453 275 27 reservanternas
986 2450 130 39 förslag
1133 2449 180 31 såtillvida,
1334 2453 48 27 att
1401 2450 39 29 de
1459 2451 62 28 240
1540 2450 149 34 timmar,
1707 2459 72 19 var-
