1906 2836
123 1094 149 26 Utskottet.

307 158 40 29 32
725 152 105 27 Andra
851 150 214 35 lagutskottets
1087 148 158 27 utlåtande
1267 147 43 27 Nr
1331 148 45 26 32.

307 234 213 30 tionärernas
543 233 137 39 mening
703 233 75 29 icke
799 233 63 29 bör
882 230 228 31 underkastas
1130 230 119 37 lagens
1274 226 217 39 tillämpning
1510 243 45 3 —
1575 225 84 34 icke,
1683 223 115 31 såsom

306 287 96 31 fallet
420 288 37 29 är
477 287 81 30 med
577 285 276 40 propositionens
873 283 196 40 lagförslag,
1089 281 260 31 bestämmelser
1368 289 58 21 om
1445 278 166 31 arbetstid
1631 277 54 30 för
1704 277 93 38 djur-

306 341 145 30 skötare.

350 392 278 31 Vidkommande
652 390 311 40 trädgårdsskötsel
986 390 64 29 har
1077 389 10 29 i
1111 388 218 30 motionerna
1354 386 106 29 1:418
1487 385 65 30 och
1578 384 45 29 11:
1639 384 60 29 797
1729 384 68 28 för-

306 447 115 29 ordats
464 443 435 41 sakkunnigmajoritetens
940 442 139 38 förslag,
1113 443 164 36 anpassat
1309 439 86 30 efter
1426 436 371 39 tvåveckorsperioder,

305 500 31 29 d.
357 509 29 21 v.
408 509 24 20 s.
457 500 61 29 106
537 498 139 30 timmar
695 498 55 29 för
770 496 58 31 två
847 497 125 30 veckor
991 496 10 29 i
1022 495 88 39 följd
1130 495 80 29 eller
1229 494 66 29 ock
1315 493 68 30 vad
1402 491 107 39 angår
1529 491 136 35 veckor,
1685 489 111 30 vilkas

305 553 108 29 första
434 552 197 38 söckendag
655 551 138 29 infaller
815 550 109 30 under
946 549 94 30 tiden
1062 546 335 41 april—september,
1425 546 60 28 112
1508 544 150 34 timmar,
1683 543 114 29 därest

305 605 210 30 arbetstiden
535 605 109 29 under
664 603 72 30 året
758 604 10 29 i
789 602 110 39 övrigt
920 602 187 38 begränsas
1127 600 51 31 till
1198 600 102 38 högst
1325 599 61 29 100
1407 598 141 30 timmar
1568 596 55 31 för
1644 594 58 32 två
1722 604 75 21 vec-

306 659 62 29 kor
387 659 11 30 i
419 658 99 39 följd.

350 712 12 29 I
390 711 177 30 motionen
592 710 45 30 II:
653 711 62 29 798
740 710 65 29 har
831 709 127 38 yrkats,
985 711 49 26 att
1071 708 7 29 4
1106 705 19 41 $
1160 708 9 28 2
1195 716 105 20 mom.
1329 704 106 31 måtte
1461 704 94 39 givas
1582 704 66 29 den
1672 702 124 30 avfatt-

305 764 91 38 ning,
419 767 49 27 att
489 763 209 30 arbetstiden
719 763 111 30 under
852 761 324 40 april—september
1199 759 192 30 utsträckes
1413 757 51 30 till
1489 757 59 29 112
1572 756 140 30 timmar
1735 764 61 21 un-

305 818 58 29 der
384 816 57 32 två
461 817 136 30 veckor.

349 871 13 28 I
380 869 178 31 motionen
576 869 44 30 II:
635 870 63 29 800
714 869 64 29 har
795 867 203 35 hemställts,
1016 869 48 27 att
1091 867 9 29 4
1129 864 10 40 $
1170 867 5 28 2
1194 875 105 20 mom.
1318 863 106 31 måtte
1441 863 126 30 ändras
1585 862 144 34 därhän,
1747 864 50 26 att

307 923 61 30 106
388 923 158 30 timmars
566 922 165 30 arbetstid
752 921 56 31 för
828 920 58 31 två
906 920 125 30 veckor
1053 920 11 29 i
1086 919 87 38 följd
1195 917 125 31 tillåtes
1341 917 11 30 i
1373 917 111 29 stället
1506 916 54 30 för
1581 916 42 29 96
1646 915 149 33 timmar,

305 985 74 21 som
398 975 176 40 upptagits
595 976 10 29 i
625 974 277 40 propositionens
923 973 139 38 förslag.

348 1091 13 29 I
389 1090 97 39 fråga
512 1100 59 20 om
595 1090 219 39 principerna
841 1089 54 29 för
919 1089 67 29 den
1010 1087 160 31 tekniska
1196 1086 241 38 anordningen
1462 1095 42 19 av
1532 1094 41 20 en
1599 1083 197 31 arbetstids-

304 1143 166 39 reglering
493 1143 55 31 för
569 1143 167 39 jordbruk
758 1143 67 29 och
846 1140 311 39 trädgårdsskötsel
1179 1139 189 38 tillstyrker
1389 1138 165 30 utskottet
1578 1137 57 29 det
1657 1136 138 38 förslag,

305 1206 74 21 som
397 1197 182 37 framlagts
600 1196 11 29 i
629 1194 270 40 propositionen.
920 1193 224 31 Beträffande
1164 1192 228 30 arbetstidens
1412 1190 105 39 längd
1535 1190 64 29 har
1620 1190 176 31 utskottet,

306 1250 44 39 på
387 1251 68 28 sätt
492 1259 91 20 ovan
609 1248 147 35 anförts,
784 1247 84 38 givit
894 1247 54 29 sin
974 1245 204 38 anslutning
1205 1245 54 29 till
1284 1244 43 29 de
1353 1244 142 37 förslag,
1524 1252 75 20 som
1626 1241 170 38 föreligga

306 1304 10 29 i
348 1303 222 30 motionerna
606 1302 104 29 I:418
743 1301 68 30 och
844 1300 43 30 II:
906 1301 69 28 797.
1011 1297 335 32 Veckoarbetstiden
1379 1295 148 31 föreslås
1561 1295 148 30 sålunda
1741 1294 57 29 be-

305 1356 179 30 träffande
505 1355 181 39 jordbruk,
709 1355 80 29 dess
812 1353 206 37 binäringar
1039 1352 66 29 och
1125 1351 303 38 byggnadsarbete
1452 1350 52 29 till
1526 1347 196 40 respektive
1744 1348 53 33 46,

304 1410 39 29 51
366 1410 65 30 och
450 1410 43 29 56
512 1408 140 31 timmar
671 1408 110 30 under
800 1407 42 30 de
860 1406 93 31 olika
973 1405 273 40 tidsperioderna
1266 1407 90 28 samt
1374 1404 10 30 i
1403 1403 99 39 fråga
1522 1413 58 20 om
1600 1402 196 39 trädgårds-

305 1463 126 30 skötsel
448 1461 52 31 till
520 1462 62 30 106
599 1461 139 30 timmar
757 1460 56 30 för
830 1459 58 31 två
906 1460 126 29 veckor
1048 1459 11 30 i
1077 1458 88 39 följd
1184 1458 82 30 eller
1284 1458 66 30 ock
1367 1457 68 30 vad
1453 1455 109 40 angår
1580 1456 135 34 veckor,
1736 1455 60 29 vil-

304 1516 62 29 kas
395 1515 109 30 första
533 1514 196 39 söckendag
758 1513 138 30 infaller
925 1512 111 31 under
1063 1511 94 30 tiden
1185 1510 335 40 april—september,
1556 1510 59 28 112
1646 1508 150 34 timmar,

304 1568 113 30 därest
441 1567 211 30 arbetstiden
676 1567 111 30 under
812 1565 73 31 året
908 1566 11 29 i
944 1565 111 38 övrigt
1077 1565 187 38 begränsas
1289 1563 51 30 till
1365 1563 100 38 högst
1492 1563 61 29 100
1579 1562 138 29 timmar
1743 1561 54 29 för

305 1620 57 31 två
382 1621 126 30 veckor
528 1620 11 30 i
559 1619 97 40 följd.
678 1618 331 40 Dygnsarbetstiden
1029 1616 144 31 föreslås
1193 1617 127 29 liksom
1342 1616 10 29 i
1372 1615 276 40 propositionens
1668 1614 130 37 förslag

305 1674 52 30 till
375 1674 101 39 högst
498 1674 41 29 10
558 1673 148 30 timmar.

350 1726 77 31 Med
451 1727 139 38 hänsyn
614 1726 50 30 till
687 1726 57 30 det
767 1724 221 39 obestridliga
1009 1724 147 30 behovet
1179 1733 42 20 av
1245 1723 118 39 längre
1386 1721 166 31 arbetstid
1575 1721 138 30 särskilt
1735 1730 62 20 un-

306 1780 60 31 der
388 1780 93 30 tiden
505 1779 54 31 för
583 1778 85 31 sådd
691 1779 67 30 och
781 1778 105 30 skörd
908 1776 146 31 föreslår
1077 1777 176 34 utskottet,
1277 1776 9 29 i
1310 1776 149 38 enlighet
1483 1775 79 30 med
1585 1775 180 38 yrkanden
1787 1773 11 29 i

306 1833 216 30 motionerna
549 1832 106 30 I:418
682 1832 66 30 och
774 1831 45 30 II:
835 1831 73 35 797,
934 1831 68 29 rätt
1028 1830 55 30 för
1108 1829 256 39 arbetsgivaren
1391 1832 49 26 att
1465 1828 110 30 under
1600 1828 101 38 högst
1728 1827 70 30 tolv

305 1887 125 29 veckor
456 1885 112 31 under
594 1885 94 30 tiden
713 1883 328 40 april—september
1066 1883 176 30 utsträcka
1270 1882 66 30 den
1362 1881 173 31 ordinarie
1560 1881 237 30 veckoarbets-

305 1939 94 31 tiden
418 1939 81 30 med
518 1940 19 29 2
557 1938 140 31 timmar
716 1938 81 30 eller
817 1936 131 31 således
967 1936 52 30 till
1038 1936 42 30 58
1099 1935 149 31 timmar.

350 1991 51 31 Då
423 1992 167 30 utskottet
614 1991 166 38 avstyrkt,
805 1993 50 27 att
878 1989 210 39 djurskötsel
1109 1988 194 39 inbegripes
1326 1987 109 31 under
1459 1988 110 38 lagen,
1595 1986 101 39 följer
1719 1987 78 30 här-

305 2054 52 26 av,
377 2048 49 27 att
446 2045 43 30 de
507 2044 259 30 bestämmelser
786 2053 58 20 om
865 2042 166 31 arbetstid
1050 2041 221 30 beträffande
1290 2040 218 40 djurskötsel,
1531 2049 75 21 som
1627 2039 139 39 intagits
1787 2038 10 30 i

306 2097 277 40 propositionen,
605 2097 85 30 böra
713 2096 83 38 utgå
818 2105 42 20 ur
882 2096 110 37 lagen.

1002 2220 19 30 5
1046 2218 30 40 8.

351 2313 12 28 I
382 2311 374 39 majoritetsförslagets
772 2312 21 29 6
809 2308 20 41 $
848 2311 15 29 1
881 2319 105 21 mom.
1004 2309 65 30 har
1084 2308 194 39 föreslagits
1295 2317 43 21 en
1355 2307 245 31 modifikation
1618 2316 42 20 av
1677 2307 121 29 vecko-

305 2364 227 31 arbetstidens
558 2364 149 39 angivna
731 2362 170 40 reglering
924 2361 173 31 såtillvida
1120 2364 49 27 att
1194 2360 231 40 arbetsgivare
1449 2360 54 30 för
1527 2360 135 34 veckor,
1687 2358 111 30 vilkas

304 2417 108 30 första
436 2418 197 38 söckendag
655 2417 138 30 infaller
815 2416 11 29 i
848 2415 153 31 februari
1024 2415 80 30 eller
1125 2424 103 25 mars,
1252 2413 58 31 må
1333 2413 109 31 under
1464 2414 101 37 högst
1586 2413 19 29 3
1629 2411 166 39 perioder,

304 2470 143 30 vardera
465 2470 216 30 omfattande
700 2471 18 28 2
738 2470 135 34 veckor,
892 2471 119 35 uttaga
1031 2467 195 39 ytterligare
1244 2462 62 38 212
1327 2467 81 30 eller
1426 2467 18 29 5
1466 2466 139 30 timmar
1624 2465 10 29 i
1653 2465 142 34 veckan,
