1904 2836
296 159 41 29 44
714 159 105 27 Andra
840 158 214 35 lagutskottets
1076 158 158 28 utlåtande
1255 159 43 27 Nr
1319 160 46 27 32.

421 236 144 40 (Kungl.
588 238 117 39 Maj:ts
726 238 160 39 förslag.)

341 291 19 29 2
385 300 103 21 mom.
521 291 126 30 Finnes
665 291 10 30 i
695 293 83 28 visst
796 292 62 29 fall
876 302 41 20 av
936 301 77 29 syn-

296 344 129 38 nerliga
451 345 76 29 skäl
552 343 153 40 påkallat
730 348 49 27 att
806 345 208 30 arbetstiden

296 397 189 30 utsträckes
505 398 128 38 längre,
654 398 53 30 för
728 397 38 31 år
785 399 134 34 räknat,
939 399 46 29 än
1003 397 10 29 i

295 451 18 28 4
330 448 20 39 $
366 451 85 37 sägs,
468 451 80 38 äger
563 450 211 31 arbetsrådet
789 452 116 29 lämna
921 451 92 30 med-

296 503 145 37 givande
461 504 125 29 därtill.

340 556 20 29 3
384 565 102 21 mom.
528 557 183 39 Undantag
738 557 79 30 från
845 558 41 29 de
912 558 10 29 i
948 559 19 28 4
995 555 19 40 $

295 609 148 38 angivna
464 610 319 39 begränsningarna
806 610 57 30 må
884 612 64 28 ock
971 620 41 20 av

294 662 211 30 arbetsrådet
531 663 185 38 medgivas,
743 663 45 30 då
814 664 55 30 det
895 673 41 21 av
962 667 50 26 ut-

295 716 137 29 talande
463 726 42 19 av
538 717 200 29 arbetarnas
771 718 241 29 sammanslut-

295 769 82 38 ning
393 769 79 29 eller
489 770 355 39 sammanslutningar
859 771 80 30 eller
954 780 58 21 an-

295 822 154 29 norledes
477 822 154 38 framgår
657 827 48 26 att
732 824 57 29 det
817 827 91 27 stora
935 824 77 29 fler-

294 875 81 29 talet
401 884 41 20 av
469 876 41 29 de
537 876 154 30 arbetare
719 886 75 21 som
823 878 109 29 skulle
956 878 56 28 be-

294 929 95 28 röras
406 938 40 19 av
462 929 213 39 undantaget
691 930 114 30 finner
822 931 190 29 detsamma

294 982 163 29 önskvärt
487 982 65 29 och
582 983 208 30 arbetstiden
822 984 30 38 ej
883 984 128 38 därige-

294 1043 81 20 nom
396 1035 156 29 kommer
572 1039 45 26 att
641 1036 147 39 oskäligt
808 1038 203 29 utsträckas.

1233 239 208 36 (Utskottets
1465 239 160 37 förslag.)

1069 295 55 35 tag
1145 292 110 30 skulle
1275 292 117 37 finnas
1413 293 74 29 icke
1508 301 81 21 vara
1610 292 179 38 tillfyllest,

1069 345 56 29 må
1149 345 230 38 arbetsgivare
1404 345 108 30 under
1535 345 101 38 högst
1661 347 48 28 tre
1733 354 56 29 pe-

1068 398 122 37 rioder,
1217 398 144 30 vardera
1385 399 164 38 perioden
1575 398 214 36 omfattande

1069 451 55 29 två
1148 452 135 36 veckor,
1306 451 159 39 förlänga
1489 451 113 30 denna
1625 451 165 30 arbetstid

1072 504 77 29 med
1168 499 61 41 2!|2
1250 505 81 30 eller
1350 505 18 28 5
1390 506 139 29 timmar
1549 506 10 28 i
1579 505 128 30 vecken
1729 513 60 21 un-

1068 557 59 29 der
1166 558 249 38 förutsättning
1456 562 49 26 att
1546 558 243 30 motsvarande

1068 610 219 39 förkortning
1317 621 40 20 av
1389 611 209 30 arbetstiden
1627 613 56 36 ägt
1711 620 77 19 rum

1069 664 107 29 under
1191 664 42 30 de
1249 665 135 36 veckor,
1401 664 110 30 vilkas
1526 664 110 37 första
1647 663 141 30 söcken-

1068 717 65 38 dag
1158 717 127 37 infallit
1316 719 3 28 i
1342 718 187 29 november
1553 718 80 29 eller
1656 717 133 29 decem-

1069 770 57 29 ber
1146 770 73 30 året
1236 770 105 37 förut.

1115 824 17 29 2
1148 834 104 19 mom.
1282 824 126 30 Finnes
1424 824 10 30 i
1451 828 108 26 annat
1574 824 62 30 fall
1652 834 42 20 av
1711 833 77 29 syn-

1067 877 129 38 nerliga
1225 878 74 29 skäl
1325 876 155 40 påkallat
1505 881 50 26 att
1580 877 210 30 arbetstiden

1069 930 173 30 anordnas
1263 930 45 38 på
1329 934 108 26 annat
1458 932 66 28 sätt
1546 931 80 29 eller
1645 932 144 29 utsträc-

1069 984 59 29 kes
1155 984 128 38 längre,
1310 984 54 30 för
1390 983 38 30 år
1454 985 135 34 räknat,
1616 985 44 28 än
1686 984 9 29 i
1723 985 19 29 4
1770 981 18 39 $

1068 1037 86 38 sägs,
1179 1037 80 38 äger
1283 1036 212 31 arbetsrådet
1518 1038 118 29 lämna
1660 1037 128 38 medgi-

1067 1090 111 29 vande
1201 1090 124 30 därtill.

1112 1144 19 28 3
1157 1153 104 20 mom.
1302 1144 184 38 Undantag
1514 1143 79 30 från
1619 1144 41 29 de
1687 1144 9 29 i
1723 1144 19 28 4
1770 1141 19 40 $

1068 1196 149 38 angivna
1239 1196 320 39 begränsningarna
1580 1196 58 30 må
1660 1197 64 30 ock
1747 1206 41 19 av

1067 1249 212 30 arbetsrådet
1304 1250 187 38 medgivas,
1518 1249 44 30 då
1588 1250 56 29 det
1669 1259 42 20 av
1737 1253 50 25 ut-

1068 1302 136 29 talande
1236 1312 42 20 av
1311 1303 201 30 arbetarnas
1545 1303 242 30 sammanslut-

1068 1354 82 39 ning
1166 1355 81 30 eller
1263 1356 355 39 sammanslutningar
1633 1357 80 29 eller
1729 1365 59 20 an-

1067 1408 156 30 norledes
1251 1408 154 39 framgår
1432 1412 50 27 att
1508 1409 57 30 det
1591 1412 91 27 stora
1710 1409 78 29 fler-

1067 1461 81 30 talet
1173 1471 42 20 av
1244 1462 42 29 de
1313 1462 155 30 arbetare
1495 1472 74 20 som
1596 1463 110 29 skulle
1732 1462 55 29 be-

1067 1515 95 29 röras
1179 1524 42 20 av
1237 1515 213 38 undantaget
1465 1515 115 30 finner
1596 1516 191 30 detsamma

1067 1568 165 30 önskvärt
1262 1568 65 30 och
1357 1568 210 30 arbetstiden
1597 1569 30 38 ej
1657 1568 130 39 därige-

1066 1630 82 20 nom
1169 1622 158 29 kommer
1347 1625 48 26 att
1415 1622 148 38 oskäligt
1583 1623 204 29 utsträckas.

486 1780 67 30 Om
573 1781 118 29 arbete
710 1781 123 29 utöver
852 1781 178 30 ordinarie
1050 1781 168 30 arbetstid
1239 1782 132 37 (arbete
1391 1780 20 31 å
1430 1782 161 37 övertid).

613 1871 19 28 6
658 1868 29 40 8.

338 1933 15 27 1
380 1941 103 20 mom.
524 1932 71 29 Har
624 1935 114 26 natur-
769 1933 80 28 eller
878 1932 132 38 olycks-

292 1985 165 29 händelse
491 1986 80 28 eller
604 1994 116 20 annan
754 1984 255 39 omständighet

292 2047 74 20 som
385 2038 30 38 ej
434 2039 133 29 kunnat
586 2038 147 30 förutses
752 2037 107 31 vållat
876 2038 136 29 avbrott

291 2091 9 29 i
325 2094 46 26 ett
392 2090 150 39 företags
566 2091 83 30 drift
671 2092 80 29 eller
774 2092 66 29 ock
862 2090 149 31 medfört

292 2144 266 38 överhängande
574 2145 75 29 fara
665 2144 54 31 för
736 2144 126 30 sådant
876 2145 135 29 avbrott

291 2198 81 29 eller
388 2197 54 30 för
460 2198 108 29 skada
586 2197 19 30 å
624 2198 55 35 liv,
698 2198 99 30 hälsa
815 2198 80 30 eller
912 2205 98 31 egen-

291 2251 91 35 dom,
407 2250 56 30 må
489 2251 164 31 arbetare,
679 2251 10 29 i
714 2252 66 29 den
805 2251 83 30 mån
912 2251 37 30 så
973 2251 38 29 är

289 2304 120 38 nödigt
433 2304 79 30 med
535 2304 137 38 hänsyn
697 2304 50 30 till
771 2305 147 30 berörda
942 2304 68 31 för-

290 2355 172 37 hållande,
481 2358 178 29 användas
678 2357 50 30 till
746 2358 116 30 arbete
880 2357 20 30 å
917 2359 93 28 över-

290 2409 59 30 tid.
381 2409 66 30 Om
467 2410 124 30 sådant
610 2412 115 29 arbete
746 2414 90 27 samt
855 2411 76 29 dess
951 2420 58 20 an-

289 2462 148 39 ledning,
465 2463 210 38 omfattning
702 2464 65 30 och
794 2464 216 38 varaktighet

1388 1872 20 29 6
1434 1869 30 40 8.

1111 1933 71 29 Har
1223 1936 115 26 natur-
1380 1933 81 30 eller
1501 1933 287 38 olyckshändelse

1067 1986 80 29 eller
1183 1995 117 20 annan
1339 1986 266 39 omständighet,
1644 1996 74 19 som
1757 1985 30 38 ej

1066 2039 134 29 kunnat
1225 2039 159 35 förutses,
1412 2038 107 32 vållat
1544 2040 136 29 avbrott
1706 2039 9 29 i
1742 2041 46 27 ett

1066 2091 150 39 företags
1236 2092 83 30 drift
1339 2093 80 29 eller
1439 2093 66 29 ock
1523 2092 150 31 medfört
1692 2093 95 29 över-

1066 2145 184 38 hängande
1288 2145 76 31 fara
1400 2146 55 29 för
1493 2145 123 30 sådant
1651 2146 136 29 avbrott

1066 2198 80 30 eller
1163 2198 55 30 för
1235 2199 109 30 skada
1353 2194 18 48 å
1399 2199 57 33 liv,
1474 2200 99 29 hälsa
1591 2200 80 29 eller
1688 2207 99 30 egen-

1066 2252 91 34 dom,
1181 2251 58 30 må
1263 2252 166 35 arbetare,
1455 2253 10 28 i
1491 2253 66 29 den
1580 2252 83 30 mån
1688 2252 37 30 så
1750 2253 38 29 är

1066 2304 118 39 nödigt
1208 2305 80 29 med
1312 2306 137 38 hänsyn
1474 2306 50 29 till
1548 2306 146 29 berörda
1719 2304 68 30 för-

1065 2357 172 36 hållande,
1256 2359 180 29 användas
1453 2359 51 29 till
1521 2359 115 30 arbete
1653 2358 20 30 å
1692 2359 95 29 över-

1068 2410 55 30 tid.
1156 2411 67 30 Om
1244 2410 124 32 sådant
1386 2412 116 30 arbete
1522 2415 90 26 samt
1630 2412 77 29 dess
1727 2420 59 21 an-

1064 2464 149 38 ledning,
1241 2464 210 39 omfattning
1478 2465 66 30 och
1570 2464 218 39 varaktighet
