2186 2640
686 105 106 35 Stats-
804 99 188 49 Utskottets
1006 104 176 35 Utlåtande
1203 104 69 34 N:o
1301 106 56 31 70.
1763 107 17 30 5

215 195 133 33 daterat
372 194 64 33 den
461 197 39 30 22
524 194 77 42 Julij
627 194 163 39 sistlidne,
815 196 49 30 att
887 193 127 32 Helene
1039 191 138 43 kyrckia
1199 190 100 34 medh
1325 190 76 33 dess
1427 189 106 43 gårdh
1556 190 10 32 i
1590 190 105 39 Lund,
1717 194 110 38 sampt

213 247 266 41 underliggande
514 246 97 43 jordh
648 246 63 33 och
745 245 165 40 hemman,
947 244 124 33 hafwer
1106 243 131 43 allthijd
1270 243 94 32 warit
1400 241 277 34 Landsdomaren
1710 242 116 33 dher
1805 237 25 56 i

215 300 110 32 Skåne
350 301 41 40 på
415 299 80 32 löhn
520 299 171 41 anslagen,
716 298 52 32 för
792 298 65 32 ähn
880 297 63 41 Wij
970 297 60 32 åhr
1057 299 78 30 1668
1165 296 63 32 och
1255 298 79 30 1682
1357 294 121 32 månde
1493 294 111 41 gifwer
1616 294 209 33 frambledne

214 351 195 42 Biskoppen
443 351 85 41 Mag.
564 350 111 33 Knuth
710 350 98 32 Hahn
831 350 95 32 Wårt
949 349 125 41 nådiga
1096 348 106 39 breef,
1227 350 49 30 att
1298 346 137 33 behålla
1458 357 127 22 samma
1607 346 221 42 lägenheeter

217 404 95 31 dhels
343 403 106 32 under
483 402 291 41 Biskopsstohlen,
810 402 95 32 dhels
941 401 111 32 älliest
1075 401 37 31 så
1135 400 98 40 länge
1258 399 66 32 han
1347 398 100 40 lefde,
1472 409 71 22 som
1568 398 56 33 eth
1647 398 178 42 personale

215 454 215 40 beneficium;
463 454 98 32 alltså
586 453 142 33 emädan
751 453 88 32 be:te
864 452 147 41 Biskopp
1036 451 61 32 ähr
1119 451 52 32 för
1195 461 61 22 een
1281 450 84 42 tijdh
1391 450 104 32 sedan
1519 450 99 31 medh
1643 450 112 31 döden
1779 450 47 31 af-

217 508 141 38 gången,
395 506 63 32 och
494 505 64 32 alle
595 505 94 42 slijke
724 504 194 32 tillförende
949 504 50 31 till
1023 503 158 41 publique
1206 502 208 32 nödtorrfter
1438 502 160 40 anslagne
1623 504 116 29 räntor
1763 502 63 31 och

216 558 209 40 lägenheter,
464 557 82 32 böre
581 557 11 31 i
625 556 91 33 föllie
753 556 35 33 af
808 555 332 42 Rijksdagzbeslutet
1164 554 63 32 och
1252 553 143 42 stadgan
1419 553 50 32 till
1494 553 62 32 Oss
1582 552 63 33 och
1671 552 155 33 Chronan

215 610 78 40 igen
332 608 222 40 åtherkallas;
590 608 192 32 hafwandes
815 607 94 32 dätta
933 607 144 32 allenast
1101 617 69 20 som
1194 605 156 32 förbem:t
1374 605 70 39 ähr,
1468 605 93 31 warit
1585 616 40 20 en
1649 605 178 41 personale

217 660 219 40 benådhning
461 660 55 32 åth
540 660 170 40 Biskopen
734 659 97 32 Hahn
858 659 126 39 allena;
1009 658 41 41 dy
1073 658 66 31 kan
1164 657 81 32 dhet
1267 656 109 32 inthet
1397 656 135 41 wijdare
1559 656 201 32 extenderas
1784 658 45 39 på

217 713 84 32 hans
327 722 225 29 successorer,
575 711 104 32 uthan
703 710 61 33 ähr
788 709 161 33 härmedh
974 709 50 32 till
1047 709 114 32 Edher
1183 709 79 31 Wår
1286 708 120 41 nådige
1419 708 96 31 willie
1530 707 63 32 och
1607 707 217 41 befallningh,

219 767 48 30 att
291 764 19 32 J
334 763 63 32 alle
424 763 97 32 desse
546 763 167 32 förber:de
738 765 116 29 räntor
879 761 62 32 och
965 761 199 40 lägenheter
1188 771 43 20 nu
1256 763 91 28 strax
1371 759 185 32 åtherkalle
1583 759 62 32 och
1668 759 156 41 indrage;

220 815 63 33 och
318 814 95 32 effter
444 814 63 32 dhe
531 814 192 32 tillförende
748 813 104 32 hafwe
876 813 94 31 warit
993 812 276 32 Landzdomaren
1294 811 39 31 el.
1357 811 216 40 Lagmannen
1598 811 84 31 dher
1704 811 10 31 i
1742 811 84 31 Her-

218 867 164 40 tigdömet
416 867 43 40 på
491 866 79 32 löhn
607 866 171 40 anslagne,
815 866 36 31 så
884 864 97 42 tycke
1005 863 62 42 Wij
1094 862 63 33 och
1181 863 77 32 bäst
1281 873 97 28 wara,
1404 865 50 30 att
1478 862 63 32 dhe
1562 862 180 41 jämbwähl
1764 862 62 32 här

221 918 95 33 effter
351 919 36 30 så
420 917 110 32 blifwa
554 919 107 38 måge,
685 917 137 31 hvarom
845 916 62 42 Wij
935 915 87 32 dock
1044 915 85 32 först
1152 915 104 32 wehle
1280 914 171 41 inhämpta
1477 913 95 32 edert
1594 914 232 40 underdåniga

219 969 268 38 betänckiande;
511 969 192 31 befallande
727 968 91 32 Eder
842 968 80 31 etc.”
967 968 67 31 Det
1057 966 36 32 af
1114 966 119 32 Grefve
1258 976 63 21 von
1344 965 220 41 Aschenberg
1579 965 63 32 och
1655 965 171 32 Kammar-

218 1022 99 32 rådet
340 1021 36 31 A.
402 1020 36 33 G.
465 1020 187 33 Lindhielm
675 1021 10 31 i
709 1019 181 41 anledning
915 1018 36 33 af
972 1018 95 33 detta
1094 1017 124 41 nådiga
1241 1016 76 33 bref
1339 1016 61 33 den
1432 1019 38 30 30
1495 1027 126 22 samma
1643 1016 123 33 månad
1780 1016 47 33 af-

225 1073 90 42 gifna
349 1072 175 32 utlåtande
560 1075 46 36 är,
642 1072 103 40 enligt
783 1082 40 21 en
847 1071 9 31 i
879 1070 288 33 Kammararkivet
1191 1069 161 40 befintlig,
1378 1068 104 33 ehuru
1507 1068 28 41 ej
1561 1068 194 40 vidimerad,
1780 1068 47 32 af-

222 1124 95 33 skrift
340 1123 35 33 af
395 1123 148 42 följande
567 1123 165 33 innehåll:

375 1175 319 41 «Stoormechtigste
729 1174 177 41 Konungh,
940 1173 247 40 Allernådigste
1223 1172 116 32 Herre.
1387 1171 114 32 Såsom
1537 1171 56 32 E:s
1627 1171 119 41 Kongl.
1770 1171 59 32 M:t

221 1229 133 39 igenom
380 1227 76 31 dess
482 1226 186 33 ankombne
693 1226 78 33 bref
791 1225 36 33 af
848 1226 64 32 den
936 1225 151 32 sistlidne
1113 1227 17 29 6
1156 1223 147 33 October
1326 1223 135 41 nådigst
1479 1222 142 32 befaller
1635 1225 48 30 att
1698 1222 131 33 Helena

222 1279 120 32 kiörka
365 1278 97 41 wijdh
487 1278 128 39 Lundh,
640 1281 109 38 sampt
771 1277 278 40 underliggiande
1071 1276 76 40 jord
1174 1275 63 33 och
1260 1275 153 32 hemman
1439 1285 70 21 som
1529 1274 193 32 tillförende
1736 1275 93 31 warit

222 1330 276 32 Landzdomaren
522 1330 10 30 i
556 1329 109 32 Skåne
692 1329 171 40 anslagne,
889 1328 63 32 och
977 1328 82 31 sahl.
1084 1327 168 41 Biskopen
1276 1326 161 41 Magister
1459 1326 112 31 Knuth
1597 1326 107 39 Hahn,
1744 1326 85 31 efter

223 1382 56 32 E:s
320 1381 118 40 Kongl.
475 1381 75 31 M:ts
575 1380 76 32 bref
672 1381 66 31 dat.
762 1380 59 31 A:o
849 1382 76 30 1681
953 1378 61 32 och
1042 1381 79 29 1682
1147 1389 71 21 som
1243 1380 47 29 ett
1312 1377 359 41 personalbeneficium
1695 1377 61 32 har
1781 1379 47 30 åt-

224 1433 107 39 niutit,
367 1443 42 21 nu
434 1432 103 32 sedan
562 1432 66 31 han
652 1442 86 22 wore
763 1431 98 32 medh
887 1430 111 32 döden
1023 1430 175 40 afgången,
1224 1429 103 32 skulle
1353 1428 151 40 återigen
1527 1428 10 31 i
1561 1428 90 32 föllie
1677 1428 35 32 af
1732 1428 96 32 Rikz-

226 1484 232 41 dagsbeslutet
483 1483 63 32 och
571 1483 143 41 stadgan
739 1486 106 29 straxt
867 1482 169 40 indragas,
1062 1481 63 32 och
1150 1481 213 40 Lagmannen
1389 1480 61 31 här
1473 1479 105 32 under
1601 1482 43 38 på
1666 1480 80 31 löhn
1771 1491 58 21 an-

225 1536 95 38 slåss,
345 1535 143 32 hwarom
511 1535 55 31 E:s
590 1534 119 40 Kongl.
733 1534 59 32 M:t
814 1533 130 33 likwähl
968 1533 85 31 först
1074 1534 81 30 wårt
1177 1532 262 40 underdånigste
1453 1531 227 32 betänkiande
1695 1531 136 40 nådigst

223 1587 200 40 requirerar,
449 1586 98 32 alltså
571 1586 131 32 berätte
727 1585 106 32 Eders
857 1584 119 41 Kongl.
1000 1585 58 31 M:t
1081 1583 62 42 Wij
1171 1583 103 41 därpå
1299 1583 242 39 underdånigst
1565 1582 62 32 Oss
1653 1593 51 21 om
1730 1582 98 32 desse

222 1638 215 40 lägenheters
462 1637 194 32 revocation
681 1636 150 33 allareda
854 1636 107 32 hafwa
986 1636 96 31 ordre
1107 1635 75 32 låtit
1205 1634 93 40 afgå;
1323 1634 109 31 kunne
1459 1633 61 32 ock
1544 1633 73 32 icke
1643 1637 103 29 annat
1763 1633 66 32 för-

225 1691 60 38 stå,
310 1692 41 29 än
377 1692 49 29 att
451 1689 57 32 det
532 1688 104 33 skulle
660 1699 99 28 wara,
785 1699 52 21 om
860 1687 73 33 icke
958 1687 52 32 för
1035 1687 119 38 denne,
1180 1686 86 32 doch
1291 1686 51 31 för
1367 1685 285 32 efterkommande
1667 1686 163 40 Lagman-

224 1752 64 21 nen
311 1741 140 40 lägligit,
478 1751 51 21 om
554 1740 122 31 honom
700 1740 131 31 Helena
854 1739 125 38 kiörka,
1004 1738 100 32 medh
1129 1739 37 31 så
1188 1739 121 39 många
1336 1740 115 28 räntor
1475 1748 70 20 som
1569 1737 49 31 till
1642 1737 83 31 hans
1750 1737 79 31 löhn

224 1792 112 33 kunna
359 1792 113 38 förslå,
497 1791 108 32 blefve
631 1791 172 41 anslagne,
828 1791 84 31 efter
937 1790 57 32 det
1016 1790 108 40 ligger
1146 1792 121 29 nästan
1292 1789 73 31 mitt
1388 1788 10 31 i
1421 1788 125 38 landet,
1576 1788 82 32 dher
1676 1788 77 32 hvar
1773 1788 57 32 och

226 1855 39 21 en
302 1854 68 22 som
406 1843 124 32 honom
564 1843 61 32 har
660 1846 49 29 att
747 1843 116 41 tillyta,
897 1842 122 31 honom
1044 1841 270 41 bequämbligast
1336 1840 89 32 finna
1448 1840 128 40 kunne;
1601 1840 62 41 Wij
1689 1851 54 21 ser
1767 1840 63 32 och

224 1896 86 31 intet
333 1897 49 30 att
405 1895 55 31 E:s
485 1895 119 40 Kongl.
629 1894 58 32 M:t
711 1896 103 38 något
839 1894 193 40 därigenom
1056 1893 107 41 afgår;
1187 1892 173 32 warandes
1384 1891 51 32 för
1457 1891 56 32 E:s
1537 1891 119 41 Kongl.
1679 1892 60 32 M:t
1751 1891 80 42 lijka

224 1946 134 41 mycket
393 1957 52 20 om
476 1946 66 31 han
566 1946 125 31 löhnen
714 1946 9 30 i
740 1945 188 41 penningar
952 1945 82 31 eller
1060 1944 202 40 godzräntor
1286 1943 160 41 åtnjuter;
1472 1942 63 32 och
1560 1943 156 32 dherföre
1741 1943 89 31 hem-

226 1998 97 31 ställe
358 1997 107 32 under
497 1997 108 32 Eders
639 1996 120 41 Kongl.
794 1997 75 31 M:ts
904 1996 154 40 nådigste
1093 1994 230 42 gottfinnande
1348 1994 253 41 underdånigst,
1625 1996 43 39 på
1691 1994 140 32 hvilket-

226 2049 82 31 dera
342 2052 67 28 sätt
433 2059 70 21 som
529 2048 100 32 dessa
652 2051 116 29 räntor
791 2047 149 32 härefter
964 2048 140 40 nyttiass
1129 2047 105 38 skola,
1258 2046 112 31 hvilka
1395 2045 86 32 doch
1504 2045 74 32 icke
1604 2046 66 31 alla
1694 2046 134 32 dhertill

224 2099 181 40 behöfwes,
441 2099 158 32 eftersom
633 2099 169 41 Biskopen
840 2098 63 32 dhe
938 2098 124 32 honom
1086 2098 154 31 förundte
1264 2097 197 31 hemmanen
1486 2097 74 31 med
1586 2097 57 31 full
1670 2096 160 33 insockne

224 2151 164 40 rättighet
423 2154 109 37 sampt
566 2149 263 43 Cronotijonden
866 2150 143 31 åthnutit
1032 2149 133 40 hafwer,
1191 2150 37 31 så
1252 2151 49 30 att
1326 2148 63 32 dhe
1414 2148 118 32 inalles
1558 2148 85 32 efter
1665 2148 168 32 Jordebo-

225 2203 65 32 ken
326 2202 100 42 stijga
448 2202 51 31 till
526 2204 79 29 1530
628 2202 59 31 D:r
712 2201 220 42 Silfwermynt
956 2201 160 41 åhrligen,
1143 2200 62 32 och
1229 2200 66 32 fast
1319 2199 63 32 dhe
1407 2200 74 31 icke
1507 2199 84 33 efter
1613 2199 219 41 Egendomen
