1906 2850
601 158 232 29 Statsutskottets
857 156 148 28 utlåtande
1028 155 48 28 Nr
1099 155 48 28 37.
1614 149 16 31 7

128 236 204 42 budgetåret
368 235 178 39 1935/1936
580 235 54 30 må
667 233 54 31 till
755 232 219 31 surnumerär
999 229 111 32 fänrik
1133 226 282 44 (underlöjtnant)
1438 225 57 33 vid
1518 227 116 30 armén

127 289 82 40 utgå
240 286 146 32 särskild
409 286 146 31 kontant
578 283 191 41 ersättning
791 282 53 31 för
866 281 66 42 dag
954 280 78 32 med
1055 279 127 42 belopp
1206 277 241 32 motsvarande
1471 287 162 21 samman-

127 338 101 42 lagda
261 337 118 32 värdet
411 347 40 20 av
484 334 217 42 värnpliktig,
736 332 168 32 likaledes
937 331 53 31 för
1019 331 75 40 dag,
1118 327 259 34 tillkommande
1400 328 172 31 förmåner
1593 337 40 20 av

129 387 282 44 penningbidrag,
434 386 140 42 portion
598 384 64 33 och
685 383 192 41 ersättning
899 382 52 32 för
973 380 223 43 begagnande
1219 391 40 20 av
1283 389 86 31 egna
1391 373 185 51 persedlar.

180 491 19 31 I
232 492 57 30 två
321 488 220 43 likalydande
574 487 180 38 motioner,
789 485 127 38 väckta,
952 484 66 32 den
1042 494 64 21 ena
1127 483 94 31 inom
1244 482 109 31 första
1375 481 196 31 kammaren
1594 490 40 20 av

131 543 79 31 herr
242 542 32 32 J.
299 541 40 32 B.
363 540 181 33 Johansson
566 550 39 21 m.
623 540 38 40 fl.
685 537 52 42 (nr
759 536 30 42 5)
813 536 64 32 och
900 536 67 31 den
1000 534 106 32 andra
1128 534 94 33 inom
1246 532 107 32 andra
1374 531 197 32 kammaren
1595 540 39 21 av

130 594 79 30 herr
241 592 167 32 Lindman
431 602 39 21 m.
487 592 40 40 fl.
550 589 51 42 (nr
625 588 59 42 17),
718 588 72 38 har,
825 586 104 33 bland
962 587 113 36 annat,
1103 583 207 39 hemställts,
1333 584 51 30 att
1406 582 154 41 anslaget
1583 581 52 32 till

133 643 162 42 avlöning
328 643 53 31 till
414 640 162 43 personal
608 640 59 31 vid
694 639 117 33 staber
834 637 64 32 och
922 635 252 43 truppförband
1198 646 42 20 m.
1264 634 32 31 fl.
1321 635 106 30 måtte
1451 632 83 32 ökas
1556 632 79 31 med

129 695 115 38 83,676
266 694 135 31 kronor.

183 745 127 32 Vidare
344 744 61 31 har
438 743 51 32 uti
523 744 56 30 två
611 740 220 42 likalydande
865 739 179 37 motioner,
1079 737 128 37 väckta,
1235 736 67 31 den
1325 746 65 20 ena
1411 734 94 32 inom
1528 734 108 31 första

132 796 195 31 kammaren
351 806 40 20 av
413 794 80 31 herr
515 793 43 32 K.
587 792 37 33 G.
657 792 165 32 Westman
842 801 40 21 m.
899 790 39 41 fl.
962 788 52 42 (nr
1032 787 52 42 65)
1107 787 64 32 och
1195 786 66 32 den
1285 785 106 32 andra
1413 785 94 31 inom
1530 783 106 32 andra

132 846 195 32 kammaren
351 856 40 20 av
413 845 80 31 herr
519 837 188 39 Österström
729 853 40 20 m.
786 843 39 39 fl.
849 840 51 42 (nr
922 839 83 41 202),
1028 838 105 32 bland
1156 839 114 36 annat,
1293 836 207 37 hemställts,
1524 836 50 30 att
1596 845 40 20 av

131 897 156 41 anslaget
320 896 52 32 till
398 895 162 41 avlöning
583 894 51 32 till
658 892 162 43 personal
842 891 57 32 vid
923 890 115 32 staber
1061 888 64 33 och
1147 886 254 43 truppförband
1424 897 44 21 m.
1492 885 32 32 fl.
1549 887 89 30 samt

131 959 40 20 av
193 946 237 42 vederbörliga
460 943 323 42 underhållsanslag
809 944 105 30 måtte
929 940 173 33 bestridas
1116 938 233 33 kostnaderna
1365 937 53 32 för
1432 936 13 32 i
1460 935 176 33 motionen

130 998 146 42 angiven
300 997 161 42 personal
483 995 59 33 vid
565 994 171 33 Gotlands
759 992 213 33 artillerikår.

187 1049 177 41 Därjämte
397 1048 62 31 har
492 1046 51 32 uti
577 1057 42 21 en
642 1046 94 31 inom
761 1044 106 32 andra
889 1043 196 31 kammaren
1109 1052 39 20 av
1172 1040 80 32 herr
1275 1039 40 32 B.
1340 1039 177 40 Holmgren
1538 1036 99 32 väckt

134 1100 132 31 motion
300 1099 58 41 (II:
374 1098 70 40 191)
478 1097 204 37 hemställts,
717 1097 51 30 att
805 1094 182 41 riksdagen
1011 1093 104 30 måtte
1138 1091 138 41 vidtaga
1299 1089 106 32 sådan
1429 1087 146 42 ändring
1597 1098 40 20 av

134 1150 127 40 Kungl.
285 1149 116 42 Maj:ts
424 1148 128 41 förslag
574 1146 177 43 angående
774 1144 151 42 tillfällig
946 1141 288 41 löneförbättring
1257 1142 34 30 åt
1312 1140 94 32 vissa
1420 1138 149 33 militära
1583 1137 54 32 be-

133 1200 302 42 fattningshavare,
470 1200 51 30 att
551 1198 216 42 flygvapnets
791 1194 161 43 personal
974 1196 45 40 på
1042 1195 77 36 stat,
1142 1192 13 32 i
1176 1193 96 40 fråga
1294 1202 56 21 om
1373 1189 202 42 åtnjutande
1598 1199 40 21 av

132 1250 341 41 löneförbättringen,
508 1250 105 30 måtte
645 1247 192 42 jämställas
871 1245 79 32 med
982 1243 205 43 personalen
1221 1244 45 40 på
1298 1241 93 32 aktiv
1424 1242 69 30 stat
1515 1239 57 32 vid
1595 1238 43 32 de

132 1303 118 41 övriga
272 1302 326 40 försvarsgrenarna.

187 1352 220 33 Beträffande
441 1351 43 32 de
518 1350 83 38 skäl,
637 1360 73 21 som
745 1348 131 32 anförts
910 1346 55 32 till
988 1345 79 33 stöd
1089 1345 52 31 för
1164 1343 273 32 motionärernas
1460 1340 179 33 framställ-

139 1405 130 41 ningar,
292 1404 51 31 får
365 1402 171 32 utskottet
557 1400 143 32 hänvisa
723 1399 54 32 till
801 1398 216 32 motionerna
1038 1396 70 36 I:5,
1131 1395 27 32 I:
1172 1394 42 33 65
1237 1396 90 30 samt
1348 1393 47 32 IT:
1411 1394 69 31 191.

185 1503 388 44 Departementschefen
597 1502 61 32 har
681 1501 53 32 till
750 1512 43 20 en
812 1500 121 41 början
951 1497 158 43 upptagit
1124 1508 42 21 en
1182 1497 103 41 fråga,
1303 1506 73 21 som
1393 1495 63 31 har
1471 1493 169 32 avseende

133 1559 44 40 på
199 1556 94 32 vissa
314 1567 41 20 av
376 1553 317 43 personalstaterna
712 1551 111 32 under
837 1550 260 32 lantförsvarets
1114 1547 63 32 och
1194 1547 240 41 sjöförsvarets
1451 1544 190 41 avlönings-

135 1607 129 41 anslag.

187 1657 122 41 Enligt
340 1655 197 43 grunderna
569 1654 52 31 för
653 1651 233 43 kungörelsen
917 1650 66 31 den
1017 1650 40 31 22
1079 1648 75 42 juni
1179 1648 82 31 1928
1283 1647 52 41 (nr
1358 1645 72 43 215)
1453 1645 79 32 med
1554 1645 87 32 avlö-

136 1706 365 44 ningsbestämmelser
533 1705 52 31 för
617 1704 93 31 vissa
744 1702 100 32 civila
877 1701 65 32 och
975 1699 229 33 civilmilitära
1236 1696 260 33 icke-ordinarie
1523 1696 119 31 befatt-

138 1758 226 42 ningshavare
387 1756 58 32 vid
467 1753 319 35 försvarsväsendet
808 1752 197 32 ankommer
1028 1750 58 32 det
1109 1751 43 40 på
1175 1748 127 42 Kungl.
1319 1748 99 41 Maj:t
1440 1749 51 30 att
1505 1746 137 32 besluta

137 1808 176 43 angående
325 1808 114 31 vilken
451 1806 171 42 personal,
636 1815 73 22 som
722 1804 65 32 bör
803 1803 160 32 omfattas
976 1813 40 19 av
1028 1800 149 33 nämnda
1189 1793 451 51 avlöningsbestämmelser.

135 1860 19 31 I
177 1860 62 31 sitt
261 1858 67 32 den
351 1858 20 32 5
394 1856 181 33 december
599 1856 81 32 1934
703 1854 144 42 avgivna
869 1851 215 34 betänkande
1108 1850 78 32 med
1208 1849 129 41 förslag
1359 1848 54 32 till
1436 1848 207 41 tjänstepen-

137 1909 306 41 sionsreglemente
476 1908 53 31 för
558 1905 337 41 befattningshavare
917 1902 58 31 vid
997 1900 317 33 försvarsväsendet
1335 1899 154 41 (Statens
1513 1893 128 50 offentl.

136 1960 134 32 utredn.
308 1957 154 42 1934:49)
488 1957 87 31 hava
600 1957 81 30 1934
704 1957 55 29 års
782 1950 512 44 militärpensionssakkunniga
1316 1968 39 3 —
1379 1948 111 32 under
1511 1947 133 32 hänvis-

137 2011 84 40 ning
255 2010 52 30 till
341 2011 49 29 att
424 2007 108 41 enligt
555 2006 190 32 direktiven
769 2005 53 31 för
844 2004 42 31 de
910 2002 231 41 sakkunnigas
1164 2000 217 33 verksamhet
1405 1998 106 32 borde
1535 1997 110 32 under

136 2060 60 32 det
229 2059 162 32 blivande
424 2058 148 31 militära
605 2053 523 45 tjänstepensionsreglementet
1157 2051 166 32 inordnas
1346 2052 84 29 även
1455 2049 67 31 den
1545 2048 99 31 civila

137 2112 65 31 och
235 2110 229 32 civilmilitära
496 2106 259 34 icke-ordinarie
788 2102 416 45 tjänstemannapersonal
1237 2101 58 32 vid
1317 2098 327 38 försvarsväsendet,

138 2173 73 21 som
247 2161 79 31 med
348 2161 133 40 hänsyn
505 2159 53 31 till
581 2156 357 42 anställningsformer
960 2155 64 31 och
1047 2151 420 43 avlöningsförhållanden
1491 2149 154 41 skäligen

139 2212 114 32 kunde
277 2222 101 20 anses
400 2210 85 31 böra
512 2208 129 32 erhålla
663 2207 237 41 pensionsrätt
923 2205 107 41 enligt
1054 2204 41 31 de
1118 2202 159 43 grunder,
1302 2201 90 31 vilka
1414 2201 124 31 funnes
1561 2199 85 32 böra

138 2263 91 41 gälla
261 2262 53 31 för
344 2260 171 32 ordinarie
538 2259 208 40 tjänstemän
772 2275 36 4 —
833 2255 162 38 förordat,
1020 2256 49 30 att
1092 2253 237 42 pensionsrätt
1352 2251 107 41 enligt
1482 2250 58 31 det
1562 2250 84 31 före-

140 2313 120 40 slagna
292 2312 224 40 reglementet
543 2310 105 29 måtte
671 2307 146 32 beredas
841 2308 94 29 extra
958 2304 170 32 ordinarie
1152 2303 208 41 tjänstemän
1383 2301 78 31 med
1484 2300 162 40 avlöning

138 2363 108 41 enligt
268 2360 222 33 förenämnda
512 2358 205 42 kungörelse
741 2358 66 30 den
831 2357 40 30 22
892 2355 76 42 juni
992 2356 80 30 1928
1095 2353 51 42 (nr
1169 2353 80 41 215).
1295 2351 214 41 Visserligen
1531 2349 114 32 kunde

140 2431 38 5 —
202 2414 88 30 hava
323 2412 42 30 de
399 2409 214 41 sakkunniga
645 2408 126 31 uttalat
793 2425 40 4 —
857 2418 40 20 en
933 2405 64 32 och
1031 2416 112 20 annan
1177 2404 11 31 i
1216 2402 231 42 kungörelsen
1470 2402 175 40 upptagen

140 2467 95 28 extra
268 2461 173 33 ordinarie
474 2459 191 40 befattning
699 2457 78 32 med
801 2456 168 32 avseende
993 2457 19 30 å
1033 2454 218 42 göromålens
1274 2455 52 29 art
1349 2451 169 32 måhända
1540 2450 107 41 enligt
