1906 2850
608 157 231 29 Statsutskottets
862 157 148 28 utlåtande
1033 158 48 28 Nr
1104 158 47 29 37.
1599 154 38 33 19

134 232 248 42 beställningar
404 232 12 32 i
438 232 208 42 lönegraden
669 232 55 32 Uo
742 232 27 38 2,
793 231 75 32 dels
892 232 62 31 ock
971 243 41 20 en
1029 231 478 43 tyghantverkarbeställning
1521 232 12 32 i
1548 232 90 32 löne-

134 283 127 41 graden
286 283 27 32 C
328 284 28 31 3.
402 283 423 41 Avlöningskostnaderna
857 282 53 33 för
946 282 103 32 dessa
1081 293 67 31 nya
1170 282 249 42 beställningar
1441 283 86 31 hava
1549 283 12 31 i
1584 294 55 21 en-

135 333 108 42 lighet
265 333 79 32 med
366 333 259 42 flygstyrelsens
651 333 128 42 förslag
804 333 183 32 beräknats
1014 333 53 32 till
1090 333 112 38 17,649
1221 333 128 32 kronor
1360 333 53 32 för
1429 334 208 38 officerarna,

137 385 113 36 18,390
282 384 127 32 kronor
441 384 53 32 för
526 384 312 32 underofficerarna
870 384 65 31 och
968 384 94 38 3,600
1098 383 127 32 kronor
1251 384 53 31 för
1330 384 307 41 tyghantverkaren

136 435 83 32 eller
241 435 147 41 tillhopa
411 435 53 32 till
486 435 114 38 39,639
622 435 135 32 kronor.
788 434 180 42 Härjämte
991 434 62 32 har
1074 435 198 41 ytterligare
1296 445 42 22 en
1362 446 40 20 av
1424 434 43 33 de
1490 435 11 31 i
1524 437 113 30 staten

136 486 170 42 uppförda
329 485 423 42 majorsbeställningarna
773 487 133 30 ansetts
928 485 85 32 böra
1036 485 164 42 uppföras
1224 487 114 30 såsom
1362 485 210 42 beställning
1586 486 53 32 för

137 537 285 41 överstelöjtnant
444 537 82 31 eller
548 537 117 41 major.
693 536 78 32 Den
793 536 104 32 härav
919 536 201 32 föranledda
1141 536 342 43 kostnadsökningen
1506 538 133 41 uppgår

135 588 54 31 till
210 588 63 32 450
295 587 135 32 kronor.

188 638 69 32 För
278 638 196 32 beredande
490 650 40 20 av
545 638 216 41 vederbörlig
772 638 397 42 befordringsmöjlighet
1183 638 62 31 har
1261 638 378 42 departementschefen

136 689 115 32 vidare
283 689 187 42 föreslagit,
501 691 50 30 att
574 689 66 31 den
663 689 110 32 under
794 689 162 32 rubriken
978 688 387 43 intendenturpersonal
1387 691 176 40 upptagna
1584 689 55 32 be-

137 740 208 41 ställningen
368 740 79 31 med
469 739 162 42 avlöning
652 740 12 31 i
686 739 210 42 lönegraden
920 739 29 32 O
965 740 20 30 5
1009 739 82 32 eller
1114 739 63 32 O4
1200 739 140 42 utbytes
1357 742 72 29 mot
1444 751 42 20 en
1502 739 136 32 beställ-

136 790 83 42 ning
251 790 80 32 med
364 791 160 42 avlöning
546 790 12 32 i
580 790 209 42 lönegraden
813 790 29 32 O
859 791 19 30 6
906 790 83 31 eller
1016 789 20 32 O
1048 785 35 52 5,
1106 790 106 32 vilket
1234 790 154 32 kommer
1410 792 50 30 att
1486 790 154 32 medföra

137 852 42 21 en
211 841 299 42 kostnadsökning
543 852 40 20 av
614 842 92 37 1,710
728 840 135 32 kronor.
908 841 19 31 I
948 840 222 32 förevarande
1194 842 68 30 stat
1284 841 63 31 har
1369 841 162 41 slutligen
1555 852 82 31 upp-

136 892 104 41 tagits
274 903 43 21 en
350 903 47 31 ny
429 891 210 43 beställning
672 892 53 31 för
758 903 43 21 en
823 891 227 42 flygingenjör
1072 902 40 21 av
1135 892 19 31 3
1176 891 128 42 graden
1328 891 78 32 med
1428 891 174 43 placering
1624 892 12 32 i

135 943 210 41 lönegraden
369 942 26 32 C
414 943 47 31 10.
507 943 77 32 Den
616 943 104 31 härav
752 942 202 32 föranledda
986 942 344 42 kostnadsökningen
1363 942 62 32 har
1453 942 183 33 beräknats

137 996 115 40 uppgå
274 993 54 32 till
352 994 94 38 7,620
466 993 137 32 kronor.

188 1044 76 33 Vad
296 1045 214 41 flygvapnets
544 1044 294 42 manskapsstater
871 1045 104 40 angår
997 1044 62 31 har
1080 1044 53 31 för
1155 1043 121 32 dessas
1298 1043 264 43 uppbringande
1585 1045 53 32 till

135 1095 64 32 full
231 1095 228 42 uppsättning
492 1095 204 41 föreslagits,
731 1097 50 29 att
815 1096 19 30 å
860 1094 174 32 desamma
1057 1094 164 42 uppföras
1247 1096 37 30 17
1308 1106 68 30 nya
1397 1096 241 41 manskapsbe-

138 1146 210 41 ställningar.

188 1197 19 31 I
239 1196 406 42 arvodesförteckningen
678 1197 62 31 har
761 1196 196 42 föreslagits
980 1196 215 42 uppförande
1218 1207 41 20 av
1281 1198 57 30 två
1359 1208 67 30 nya
1448 1197 149 32 arvoden
1619 1199 20 30 å

135 1247 158 32 vartdera
327 1248 93 37 1,200
448 1247 128 32 kronor
597 1247 53 32 för
672 1258 41 21 en
738 1247 117 32 officer
877 1247 64 31 och
965 1258 41 20 en
1029 1247 166 41 ingenjör,
1219 1247 91 31 vilka
1333 1249 58 30 äro
1414 1247 150 32 avsedda
1586 1248 53 32 för

136 1298 229 42 tjänstgöring
397 1298 58 32 vid
488 1310 42 20 en
553 1297 186 43 upprättad
761 1297 321 42 försöksavdelning
1104 1297 53 32 för
1178 1297 197 42 flygvapnet
1397 1300 19 29 å
1438 1298 199 33 Malmslätt.

188 1349 277 42 Anslagsposten
503 1349 52 31 till
588 1349 214 42 flygvapnets
839 1348 287 42 reservpersonal,
1163 1348 115 32 vilken
1314 1349 54 31 för
1403 1348 234 33 innevarande

135 1400 169 41 budgetår
325 1399 180 42 upptagits
528 1399 79 32 med
629 1400 114 38 31,318
766 1399 136 39 kronor,
925 1399 62 31 har
1009 1399 53 31 för
1083 1399 204 42 budgetåret
1311 1399 179 40 1935/1936
1506 1402 133 30 ansetts

135 1450 84 32 böra
241 1450 166 41 uppföras
430 1450 78 31 med
531 1450 59 31 det
611 1450 138 41 belopp,
774 1460 74 21 som
871 1450 53 31 för
945 1449 194 32 ändamålet
1162 1449 184 32 beräknats
1362 1450 107 41 enligt
1487 1450 81 32 1925
1583 1452 55 30 års

135 1500 277 38 försvarsbeslut,
437 1501 83 31 eller
542 1500 116 38 50,000
679 1500 136 31 kronor.

187 1551 277 41 Anslagsposten
487 1551 54 31 till
564 1552 165 30 semester
752 1552 35 30 åt
808 1550 59 32 vid
888 1550 196 42 flygvapnet
1106 1550 171 32 anställda
1299 1550 155 32 arbetare
1477 1551 61 31 har
1553 1551 86 32 före-

136 1601 119 42 slagits
279 1601 89 32 ökad
390 1602 74 30 från
487 1613 47 19 nu
557 1601 169 41 utgående
750 1601 115 38 20,000
887 1601 127 31 kronor
1040 1601 53 31 till
1115 1601 115 37 25,000
1252 1600 137 32 kronor.

187 1652 19 31 I
239 1652 112 41 övrigt
383 1652 86 31 hava
502 1652 11 31 i
546 1663 47 20 nu
626 1651 157 42 gällande
818 1653 107 30 stater
947 1651 123 32 endast
1091 1651 91 32 vissa
1206 1651 135 32 mindre
1362 1651 216 42 jämkningar
1600 1664 40 20 av

135 1703 127 41 Kungl.
279 1703 99 41 Maj:t
399 1702 174 42 vidtagits,
597 1704 161 30 ävensom
783 1702 128 31 sådana
933 1702 192 42 ändringar,
1149 1713 73 21 som
1246 1702 159 42 betingas
1428 1713 40 21 av
1491 1703 149 42 omlägg-

136 1753 127 42 ningen
286 1764 41 21 av
349 1753 206 32 riksstatens
578 1753 247 41 uppställning.

187 1804 19 32 I
238 1804 187 41 anledning
458 1815 41 20 av
530 1803 67 32 vad
630 1814 73 21 som
738 1803 146 32 sålunda
909 1803 196 42 föreslagits
1138 1803 62 32 har
1223 1803 338 42 avlöningsanslaget
1583 1804 58 32 för

135 1855 203 41 budgetåret
366 1854 179 40 1935/1936
568 1854 183 32 beräknats
774 1854 133 31 behöva
929 1854 12 31 i
963 1854 186 32 riksstaten
1172 1856 171 39 upptagas
1366 1854 78 32 med
1469 1855 171 38 1,447,641

137 1906 133 31 kronor.
315 1905 90 31 Från
439 1905 149 31 nämnda
620 1905 128 41 belopp
781 1905 87 31 hava
902 1904 190 32 emellertid
1125 1906 132 30 ansetts
1280 1905 117 31 kunna
1419 1907 84 39 avgå
1525 1905 116 36 24,000

135 1956 135 38 kronor,
284 1955 240 32 motsvarande
539 1954 174 32 beräknad
729 1955 192 41 ersättning
936 1955 53 31 för
1004 1954 301 42 tjänstebostäder.
1329 1955 312 41 Anslagssumman

136 2007 109 31 skulle
279 2006 213 41 följaktligen
526 2007 122 40 utgöra
682 2006 163 38 1,423,641
880 2005 127 31 kronor
1040 2005 126 38 eller,
1157 2001 22 50 i
1198 2005 168 32 avrundat
1389 2006 55 37 tal,
1471 2006 171 39 1,424,000

136 2058 137 31 kronor.

187 2159 76 32 Vad
295 2160 88 31 först
415 2159 162 31 beträffar
610 2159 41 31 de
684 2159 206 31 motionsvis
922 2158 120 42 gjorda
1067 2158 199 42 yrkandena
1288 2170 56 20 om
1367 2159 120 41 utbyte
1511 2170 40 20 av
1574 2159 66 32 den

135 2210 196 32 nuvarande
355 2209 567 40 sekreterare-kamreraretjänsten
946 2211 19 29 å
987 2209 213 41 flygvapnets
1225 2211 68 29 stat
1308 2211 73 29 mot
1396 2220 41 20 en
1454 2209 188 41 krigsråds-

135 2260 203 41 befattning,
361 2261 111 30 finner
494 2260 169 31 utskottet
677 2278 41 3 —
733 2259 57 31 vid
814 2259 58 31 det
894 2259 231 31 förhållandet
1147 2261 51 29 att
1220 2259 128 41 Kungl.
1366 2259 98 41 Maj:t
1480 2259 28 41 ej
1527 2260 115 30 funnit

136 2311 52 40 sig
221 2311 84 31 böra
337 2310 54 31 för
412 2309 183 41 riksdagen
618 2310 185 40 framlägga
825 2309 128 40 förslag
976 2308 175 41 angående
1175 2311 49 28 ett
1247 2308 110 41 dylikt
1380 2308 121 42 utbyte
1523 2327 41 4 —
1587 2310 52 39 sig

135 2361 74 31 icke
242 2360 186 41 lämpligen
461 2359 84 32 böra
574 2359 206 41 ifrågasätta,
805 2361 50 29 att
876 2361 112 39 någon
1012 2358 118 42 åtgärd
1152 2359 74 31 från
1249 2359 203 41 riksdagens
1476 2359 76 31 sida
1574 2359 68 31 vid-

137 2414 94 39 tages
255 2411 11 31 i
290 2409 186 42 anledning
498 2421 40 20 av
562 2409 42 32 de
626 2409 233 41 föreliggande
882 2408 224 32 motionerna.

1697 2165 132 25 Utskottet.
