1896 2800
524 144 116 31 Andra
663 143 239 37 lagutskottets
926 143 176 31 utlåtande
1126 152 42 21 nr
1194 143 49 29 41.
1595 136 37 29 13

458 264 64 31 Vid
546 264 94 30 detta
664 264 147 30 ärendes
837 264 211 38 behandling
1072 263 45 30 ha
1141 263 156 30 närvarit

172 325 78 30 från
292 324 164 30 första
495 323 223 30 kammaren:
750 323 121 30 herrar
900 323 165 33 Norman,
1096 322 183 33 Forslund,
1312 322 90 34 Sten,
1433 321 198 40 Hallagård,

126 367 191 34 Wistrand,
337 367 73 29 Nils
428 366 191 34 Elowsson,
639 366 176 38 Bengtson
833 366 64 29 och
916 365 177 33 Weiland;

172 427 79 29 från
304 426 117 30 andra
451 426 222 29 kammaren:
695 425 122 29 herrar
834 424 192 30 Jacobsson
1046 423 11 30 i
1078 423 142 40 Igelsbo,
1240 423 139 30 Nilsson
1399 423 10 28 i
1429 423 203 39 Göteborg”,

128 468 148 39 Hagård,
299 468 125 29 fröken
446 467 118 39 Höjer,
587 467 122 29 herrar
731 467 162 30 Carlsson
915 466 11 29 i
949 466 169 34 Bakeröd,
1141 466 200 29 Andersson
1365 465 10 29 i
1399 465 232 32 Alfredshem,

125 510 154 30 Jansson
297 511 10 29 i
327 510 193 31 Hällefors"
543 512 65 29 och
629 509 108 30 Odhe.

177 597 10 9 "
210 596 33 32 Ej
273 596 181 24 närvarande
481 595 49 24 vid
557 595 180 24 utlåtandets
767 594 154 32 justering.

732 846 303 35 Reservation

129 933 44 21 av
200 924 121 29 herrar
349 922 199 39 Hallagård,
578 922 176 38 Bengtson
783 922 65 29 och
877 920 163 31 Carlsson
1070 920 10 30 i
1109 921 168 33 Bakeröd,
1307 920 94 30 vilka
1430 921 124 32 ansett,
1586 920 49 29 att

130 973 187 29 utskottets
342 972 179 29 utlåtande
546 972 78 29 bort
646 980 84 21 vara
754 980 43 21 av
820 971 158 39 följande
1002 970 145 39 lydelse:

174 1032 12 29 I
207 1032 59 29 sitt
285 1050 44 3 —
347 1049 44 3 —
408 1049 45 3 —
477 1031 88 32 (lika
586 1031 78 29 med
684 1030 188 34 utskottet)
897 1047 44 4 —
958 1047 45 4 —
1021 1047 45 3 —
1085 1029 51 30 till
1158 1028 239 40 omprövning.

175 1083 87 30 Över
278 1083 42 29 de
335 1100 44 3 —
393 1099 44 3 —
453 1099 45 4 —
519 1081 89 34 (lika
625 1081 79 30 med
721 1080 188 34 utskottet)
930 1098 44 3 —
990 1098 44 3 —
1049 1098 45 3 —
1110 1089 41 21 av
1167 1080 321 29 bestämmelserna.

175 1125 92 29 Även
291 1134 56 20 om
371 1124 56 29 det
451 1125 38 28 är
513 1124 137 29 förenat
674 1124 79 29 med
777 1123 213 39 svårigheter
1014 1124 51 28 att
1088 1122 44 40 på
1156 1122 170 39 grundval
1350 1131 42 20 av
1416 1122 57 29 det
1497 1121 138 38 förelig-

129 1175 111 38 gande
264 1174 197 30 materialet
483 1174 95 29 bilda
603 1173 51 40 sig
678 1183 43 20 en
747 1173 102 30 säker
874 1173 228 39 uppfattning
1127 1181 57 21 om
1208 1171 175 31 huruvida
1408 1181 43 21 en
1476 1172 159 39 ompröv-

132 1226 81 37 ning
231 1235 42 21 av
291 1225 305 31 bestämmelserna
617 1234 57 20 om
692 1224 261 37 bostadstillägg
972 1223 65 30 och
1058 1222 520 38 bostadskostnadsgruppering
1600 1222 37 29 är

133 1277 171 37 påkallad,
322 1276 115 29 finner
455 1275 90 30 dock
562 1276 175 33 utskottet,
756 1277 48 27 att
823 1275 116 30 starka
958 1275 75 29 skäl
1051 1274 69 30 tala
1139 1274 55 29 för
1212 1275 48 28 att
1279 1273 38 30 så
1334 1274 37 29 är
1389 1273 107 30 fallet.
1514 1273 124 29 Uskot-

130 1328 49 29 tet
196 1327 59 29 vill
273 1327 64 29 här
355 1326 123 29 endast
496 1326 116 29 erinra
631 1335 57 20 om
705 1325 93 30 vissa
815 1325 231 39 synpunkter,
1066 1334 75 20 som
1159 1324 351 29 remissinstanserna
1529 1323 107 30 fram-

133 1378 109 29 hållit.
267 1377 153 30 Sålunda
443 1376 157 40 påpekar
623 1376 349 40 pensionsstyrelsen,
997 1377 51 28 att
1073 1383 123 31 genom
1220 1376 41 28 de
1285 1374 174 30 särskilda
1481 1373 156 30 bostads-

133 1429 163 38 tilläggen
317 1428 67 29 den
408 1427 11 28 i
441 1428 100 37 lagen
565 1427 149 38 angivna
737 1425 574 40 bostadskostnadsgrupperingen
1334 1426 37 29 är
1396 1424 209 30 modifierad
1628 1423 10 29 i

134 1479 67 39 hög
221 1480 84 38 grad
325 1478 65 30 och
410 1479 51 28 att
481 1478 41 28 de
544 1477 174 30 särskilda
738 1476 309 39 bostadstilläggen
1068 1477 10 28 i
1100 1476 92 39 regel
1213 1477 60 29 äro
1295 1475 166 30 förenade
1482 1475 79 29 med
1582 1484 56 20 av-

131 1529 227 39 dragsregler,
379 1537 74 20 som
475 1528 102 38 högst
596 1529 159 28 avsevärt
777 1528 128 39 skärpa
926 1527 259 38 verkningarna
1204 1536 43 21 av
1265 1527 41 29 de
1328 1525 10 29 i
1358 1526 101 39 lagen
1478 1524 160 31 förefint-

135 1580 67 39 liga
231 1579 318 39 avdragsreglerna.
579 1578 321 39 Bostadsstyrelsen
931 1577 215 35 framhåller,
1176 1578 51 28 att
1254 1577 68 29 den
1350 1578 95 28 stora
1475 1575 162 33 skillnad,

134 1640 74 21 som
227 1631 102 29 råder
346 1629 130 30 mellan
494 1628 194 40 landsbygd
706 1629 66 30 och
790 1629 77 29 stad
885 1628 11 29 i
914 1628 100 39 fråga
1032 1637 57 20 om
1108 1627 323 33 bostadsstandard,
1451 1626 116 40 börjat
1586 1627 53 28 ut-

132 1681 140 39 jämnas
295 1682 91 28 samt
406 1681 51 29 att
478 1680 57 29 det
557 1689 80 20 vore
660 1679 206 40 uppenbart,
888 1680 51 28 att
962 1678 351 40 folkpensionärerna
1334 1678 44 39 på
1400 1677 238 39 landsbygden

134 1732 56 29 vid
213 1731 203 30 nuvarande
439 1730 221 39 utformning
683 1739 43 22 av
751 1729 511 40 folkpensioneringssystemet
1285 1728 76 29 icke
1386 1728 119 30 kunde
1529 1728 111 29 förut-

134 1783 109 28 sättas
266 1781 93 30 bliva
381 1780 176 39 delaktiga
579 1780 11 29 i
612 1781 67 29 den
702 1780 177 40 pågående
903 1779 374 39 standardhöjningen.
1301 1779 53 29 En
1376 1778 98 40 dylik
1497 1778 143 29 konser-

135 1833 118 38 vering
271 1841 44 21 av
332 1841 43 20 en
394 1831 118 30 alltför
534 1831 54 39 låg
606 1831 314 29 bostadsstandard
940 1830 55 30 för
1016 1839 43 20 en
1077 1830 195 39 betydande
1290 1829 55 30 del
1365 1838 43 21 av
1427 1828 213 40 folkpensio-

135 1884 149 28 närerna
307 1882 96 29 stode
425 1881 275 40 uppenbarligen
723 1881 76 29 icke
821 1880 10 29 i
853 1880 347 30 överensstämmelse
1221 1880 79 29 med
1322 1880 67 28 den
1410 1879 230 39 bostadspoli-

136 1933 91 30 tiska
256 1932 284 38 målsättningen.
571 1931 126 30 Vidare
727 1931 205 29 framhåller
963 1930 154 30 Svenska
1147 1929 305 30 stadsförbundets
1484 1928 155 40 styrelse,

136 1985 51 28 att
210 1984 67 29 den
302 1992 42 20 av
369 1982 41 30 de
435 1982 223 38 sakkunniga
682 1981 213 30 verkställda
922 1980 233 39 utredningen
1181 1979 247 39 obestridligen
1452 1979 11 29 i
1491 1979 62 30 allt
1578 1979 62 29 fall

136 2034 82 38 givit
235 2033 56 31 vid
308 2033 150 33 handen,
475 2034 51 28 att
543 2033 40 29 de
600 2032 202 30 nuvarande
820 2032 157 38 reglerna
993 2031 55 29 för
1067 2030 573 39 bostadskostnadsgrupperingen

136 2084 142 30 särskilt
298 2084 220 38 missgynnat
540 2083 176 38 åtskilliga
737 2092 43 20 av
799 2083 41 29 de
860 2082 220 33 kommuner,
1102 2090 74 20 som
1198 2090 47 20 nu
1266 2082 60 28 äro
1347 2080 182 40 placerade
1552 2080 10 29 i
1584 2080 57 29 bo-

136 2134 382 39 stadskostnadsgrupp
544 2134 13 29 I
582 2134 64 29 och
669 2135 51 27 att
742 2142 43 20 en
810 2132 163 39 försiktig
996 2131 242 40 uppflyttning
1261 2141 42 21 av
1328 2131 210 29 kommuner
1561 2130 79 30 från

137 2193 110 31 grupp
252 2179 19 49 I
295 2185 53 29 till
366 2192 111 31 grupp
496 2184 29 29 II
544 2185 118 37 syntes
681 2183 157 38 befogad.

181 2235 176 30 Utskottet
380 2235 116 28 finner
518 2234 158 33 sålunda,
699 2235 50 28 att
773 2233 187 38 riksdagen
982 2233 63 28 hos
1068 2232 125 38 Kungl.
1218 2231 105 39 Maj:t
1345 2231 61 30 bör
1429 2232 82 37 göra
1535 2231 106 29 fram-

138 2285 165 38 ställning
332 2294 56 21 om
419 2284 193 38 skyndsam
640 2283 189 38 utredning
855 2283 163 38 syftande
1046 2282 52 29 till
1128 2283 51 28 att
1209 2281 163 30 avskaffa
1402 2281 240 29 bostadskost-

138 2334 345 40 nadsgrupperingen
509 2334 94 29 inom
629 2332 378 40 folkpensioneringen.
1032 2331 175 30 Önskvärt
1232 2331 88 29 hade
1344 2331 89 30 varit
1458 2332 50 29 att
1532 2331 109 30 sådan

138 2386 148 38 ändring
303 2385 10 29 i
335 2385 98 38 lagen
452 2385 137 28 kunnat
608 2383 222 38 genomföras
851 2383 56 29 vid
926 2382 211 29 innevarade
1157 2382 56 29 års
1235 2381 151 38 riksdag,
1407 2383 50 27 att
1477 2381 79 29 från
1578 2381 63 29 och

139 2437 76 29 med
237 2437 101 28 nästa
359 2435 169 38 budgetår
549 2435 110 37 lägsta
680 2433 429 39 bostadskostnadsgrupp
1131 2432 117 29 kunde
1269 2432 196 39 uppflyttas
1488 2431 51 29 till
1565 2432 76 28 näst
