2200 2610
641 158 339 32 Jordbruksutskottete
1012 156 167 31 utlåtande
1213 155 52 32 Nr
1286 157 50 29 21.
1756 151 39 31 3”

238 245 30 30 3.
313 243 17 32 I
363 243 97 41 fråga
483 253 52 20 om
559 242 192 40 ersättning
772 240 57 32 till
852 240 131 32 vikarie
1005 240 13 31 i
1041 239 39 31 de
1104 240 12 30 i
1146 240 5 29 1
1181 237 56 33 och
1262 240 19 30 2
1306 248 96 21 mom.
1426 237 147 31 nämnda
1596 235 62 32 fall
1683 240 156 26 ävensom

198 286 54 31 till
285 285 73 37 den,
393 295 69 21 som
496 283 192 32 förordnats
722 285 52 29 att
807 281 183 43 uppehålla
1025 280 91 42 ledig
1148 280 117 42 tjänst,
1297 290 114 21 varom
1444 290 46 20 nu
1523 283 89 36 sägs,
1641 278 200 30 bestämmer

197 327 130 42 Kungl.
351 326 105 43 Maj:t.

990 384 16 29 7
1032 384 28 38 8.

242 443 142 33 Avlider
415 442 216 42 tjänsteman,
665 452 69 21 som
770 451 96 21 avses
890 441 11 30 i
926 439 96 33 detta
1046 438 140 43 kapitel,
1210 437 91 33 skall
1324 437 58 33 till
1405 437 83 32 hans
1512 436 126 32 dödsbo
1661 436 106 31 såsom
1792 435 48 31 be-

198 484 278 41 yravningshjälp
499 484 169 31 utbetalas
692 487 51 27 ett
766 482 120 42 belopp
910 492 43 20 av
977 483 60 30 500
1060 481 129 31 kronor.

200 640 24 29 3
256 637 87 39 kap.
388 635 198 33 Ordinarie
619 634 246 40 tjänstemän,
900 640 85 24 som
1017 632 183 31 tillsättas
1233 638 141 30 genom
1407 629 179 32 fullmakt
1623 629 93 31 eller
1751 628 91 31 kon-

916 682 221 33 stitutorial.

991 766 72 39 88.

244 830 28 30 1.
316 827 69 32 För
415 827 204 40 befattning,
643 836 69 21 som
734 824 143 43 jämlikt
901 826 16 29 1
942 825 19 38 8
984 825 18 30 2
1027 834 94 20 mom.
1147 822 162 31 tillsättes
1332 831 121 31 genom
1477 819 162 32 fullmakt
1661 818 81 32 eller
1764 817 79 32 kon-

201 869 200 37 stitutorial,
437 869 101 41 utgår
572 868 53 32 lön
647 867 109 32 enligt
779 867 62 30 den
867 866 107 30 under
996 867 18 29 9
1039 868 18 36 8
1080 864 133 31 införda
1237 863 164 39 löneplan,
1425 862 115 31 vilken
1563 862 53 30 för
1638 859 94 43 varje
1754 859 88 31 löne-

201 911 86 42 grad
324 913 171 41 upptager
528 920 39 21 en
602 909 85 32 eller
742 919 58 21 fera
824 907 197 32 löneklasser
1044 906 73 32 med
1140 905 178 38 särskilda,
1342 905 52 31 för
1417 904 91 31 olika
1531 902 212 40 ortsgrupper
1765 901 79 31 fast-

202 952 127 32 ställda
351 952 206 42 lönebelopp.
1461 977 3 4 .

243 995 18 32 I
283 995 63 32 den
370 994 57 32 vid
453 993 92 32 detta
568 993 201 41 reglemente
793 991 120 42 fogade
936 989 327 41 tjänsteförteckning
1288 987 150 42 angives,
1461 986 59 32 till
1541 985 119 32 vilken
1683 983 160 42 lönegrad

202 1036 94 33 varje
319 1035 148 34 särskild
492 1035 195 41 befattning
710 1039 38 27 är
770 1036 52 28 att
846 1033 149 31 hänföra.

245 1048 251 71 Fördelningen
519 1088 42 21 av
584 1077 39 32 de
647 1082 100 31 orter,
772 1076 62 30 där
856 1075 270 42 tjänstemännen
1151 1077 56 27 äro
1231 1070 237 39 stationerade,
1485 1071 20 30 å
1520 1069 40 32 de
1576 1069 53 31 uti
1644 1068 201 42 löneplanen

201 1124 176 40 upptagna
409 1121 55 40 sju
497 1124 222 37 ortsgrupper
752 1115 191 34 fastställes
978 1127 42 20 av
1054 1115 125 42 Kungl.
1213 1113 99 43 Maj:t
1334 1114 44 42 på
1400 1112 171 43 grundval
1594 1122 43 21 av
1660 1110 185 41 utredning

202 1165 142 30 rörande
367 1162 40 32 de
430 1163 51 30 för
503 1165 135 28 orterna
661 1159 160 43 gällande
844 1159 172 32 allmänna
1039 1155 378 34 levnadskostnaderna.

244 1205 73 33 Där
349 1204 83 32 flera
465 1203 208 32 löneklasser
706 1207 56 26 äro
790 1202 12 30 i
825 1200 198 41 löneplanen
1047 1202 173 39 upptagna
1241 1199 52 30 för
1316 1197 63 32 den
1402 1195 171 43 lönegrad,
1598 1195 109 41 enligt
1729 1193 115 32 vilken

202 1247 226 42 tjänstemans
460 1246 57 31 lön
551 1244 91 33 skall
676 1244 93 42 utgå,
798 1241 188 33 fastställes
1008 1241 211 32 löneklassen
1241 1239 14 32 i
1278 1239 155 42 enlighet
1455 1238 73 32 med
1551 1236 260 34 föreskrifterna
1833 1235 13 31 i

204 1290 124 31 10—13
350 1290 51 38 88.

244 1330 97 32 Inom
374 1329 170 32 löneklass
577 1329 200 31 bestämmes
810 1325 236 44 lönebeloppet
1079 1325 86 31 efter
1188 1324 63 31 den
1274 1326 191 39 ortsgrupp,
1488 1321 57 32 till
1567 1321 116 32 vilken
1706 1319 140 43 tjänste-

203 1383 164 22 mannens
390 1371 298 40 stationeringsort
710 1369 103 32 blivit
835 1368 152 31 hänförd.
1798 1384 2 2 E

246 1416 29 30 2.
319 1414 164 32 Förutom
506 1412 57 32 lön
585 1412 117 32 kunna
725 1411 84 41 utgå
831 1409 258 39 kallortstillägg
1114 1407 109 41 enligt
1246 1406 202 41 stadgandet
1470 1406 12 30 i
1506 1407 38 29 14
1567 1407 19 38 &
1610 1406 88 29 samt
1714 1403 39 31 de
1775 1404 71 30 sär-

202 1456 112 33 skilda
336 1455 171 40 förmåner
530 1455 57 31 och
611 1454 238 39 ersättningar,
872 1462 71 22 som
966 1449 214 34 omförmälas
1203 1449 13 32 i
1239 1449 125 32 25—30
1386 1450 49 38 8$.

995 1545 18 30 9
1038 1546 29 37 8.

930 1599 189 33 Löneplan.

294 1662 171 32 Avdelning
487 1662 34 26 A.
564 1661 61 26 För
647 1659 135 33 manliga
804 1658 185 35 tjänstemän
1011 1657 12 26 i
1046 1656 97 27 chefs-
1167 1655 77 27 eller
1267 1655 123 26 därmed
1410 1653 162 35 jämförlig
1594 1649 166 35 ställning.

203 1737 9 98 |
751 1775 82 24 Löne-
848 1779 3 24 |
1137 1763 425 29 Ortsgrupbpp
1846 1761 3 14 I

378 1797 203 40 Lönegrad.
734 1811 47 39 la
1846 1803 3 4 :

738 1838 3 9 |
783 1832 50 17 klass.
1273 1839 3 8 I

205 1839 5 66 |
843 1839 92 46 |A
990 1847 1 8 |]
1048 1839 172 56 B|O
1273 1846 92 49 |D,
1476 1845 30 24 EE
1561 1847 2 46 |
1618 1843 30 24 F
1702 1825 5 62 |
1762 1841 29 25 6

739 1885 2 12 I
840 1881 6 24 ll
990 1909 2 3 ]
1420 1890 2 21 5
1705 1888 3 22 a
1848 1890 3 23 :

205 1910 5 35 |
740 1953 2 4 |
843 1916 8 51 i
901 1926 39 24 kr.
1045 1926 38 22 kr.
1189 1919 37 37 kr.
1330 1917 39 37 kr.
1474 1921 38 24 kr.
1617 1920 39 23 kr.
1706 1932 2 14 |
1761 1918 38 24 kr.

1133 1971 2 11 |
1166 1972 90 31 12,060
1267 1948 17 67 |
1309 1971 113 32 12,300
1417 1948 14 67 |
1452 1969 113 31 12.540
1560 1948 18 67 |
1596 1952 113 48 12,780
1702 1948 18 67 |
1739 1956 113 52 13020
1840 1948 14 67 |

230 1980 45 25 1:a
294 1978 167 27 lönegraden
481 1998 4 5 .
514 1998 4 4 .
547 1997 4 5 .
581 1998 4 4 .
616 1973 37 44 sv.
682 1996 38 5 vc
796 1976 12 24 1
1133 1994 2 12 |

231 2056 44 27 2a
294 2053 170 33 lönegraden
478 2074 5 5 .
513 2074 4 4 .
546 2074 4 4 .
580 2073 38 5 ..
647 2073 72 4 sn.
733 2062 9 22 |
793 2032 59 53 2-1
880 2051 90 30 13200
984 2028 16 61 |
1023 2049 113 33 18500;
1167 2012 84 74 13,800
1275 2016 4 64 |
1309 2030 114 48 14,100
1423 2026 15 59 —
1453 2046 112 33 14.400
1552 2026 15 59 :
1596 2007 86 75 14.700
1706 2011 3 65 |
1739 2033 113 45 15,000
1834 2023 20 59 |

1134 2099 2 10 I
1420 2102 2 8 I
1563 2110 1 10 |
1850 2084 3 30 I

231 2132 39 25 3:e
288 2130 171 34 lönegraden
479 2150 5 5 .
513 2150 4 4 .
547 2150 4 4 .
581 2150 4 4 .
615 2113 49 55 ss.
682 2149 38 4 m
794 2128 16 25 3
1024 2125 90 32 15,540
1134 2126 2 31 |
1167 2124 89 31 15,840
1276 2106 3 51 |
1309 2122 92 30 16.140
1421 2142 2 13 |
1453 2121 90 31 16,440
1563 2121 2 32 |
1596 2120 90 31 16;740
1705 2088 5 64 |
1738 2118 91 31 17,040

734 2180 3 14 :
1564 2166 2 4 |

232 2208 42 27 4:e
292 2206 169 35 löncgraden
480 2226 5 5 .
514 2226 4 4 .
547 2226 72 5 ss.
649 2225 71 5 vv
735 2204 75 33 4
837 2186 22 55 1
882 2202 92 32 16200
1026 2165 90 75 16,500
1135 2169 3 65 |
1168 2165 88 73 16.800
1278 2169 2 63 |
1311 2199 91 33 17,100
1427 2181 15 55 —
1455 2197 112 33 17,400
1554 2181 15 55 !
1598 2160 89 74 17.700
1707 2164 5 64 |
1740 2194 90 32 18,000
