2204 2634
430 204 39 31 14
576 206 118 32 Andra
717 207 215 34 Kammarens
956 210 179 43 Tillfälliga
1167 212 138 33 Utskotts
1328 214 84 41 (N:o
1434 217 32 39 4)
1493 215 170 33 Utlåtande
1685 217 61 32 N:o
1769 220 54 30 12.

510 287 31 35 1.
596 286 208 38 Befordran
833 289 89 37 sker

510 354 34 50 a)
573 355 62 36 vid
664 356 309 48 arméinfanteriet
1000 361 60 35 och
1090 361 327 38 armékavalleriet:

509 410 46 45 på
573 407 125 50 grund
719 408 42 37 af
776 409 164 37 särskild
960 411 228 38 utmärkelse
1208 435 50 5 —
1277 415 21 35 5
1319 420 159 44 procent
1497 416 43 37 af
1555 414 195 54 befintliga
1768 415 204 51 vakanser;

509 461 48 50 på
594 460 127 47 grund
755 461 41 36 af
818 461 250 49 tjensteålder
1096 485 49 5 —
1175 466 48 35 50
1251 471 159 44 procent
1438 468 42 36 af
1503 470 238 37 återstående
1769 468 203 51 vakanser;

509 513 48 48 på
584 511 129 50 grund
742 513 41 36 af
805 513 63 37 val
896 536 50 4 —
975 516 237 38 återstående
1232 517 204 48 vakanser;
1459 521 47 36 20
1525 528 159 42 procent
1704 523 41 36 af
1760 522 46 38 de
1830 520 143 41 vakan-

379 573 73 35 ser,
496 574 80 24 som
618 563 180 38 tillsättas
839 578 140 37 genom
1006 567 73 48 val,
1108 572 65 33 äro
1201 569 239 38 förbehållna
1469 572 205 50 officerare,
1703 587 80 24 som
1812 589 159 36 genom-

378 615 85 46 gått
492 613 335 49 militärakademi;

509 665 36 49 b)
574 668 63 34 vid
661 669 336 49 gardestrupperna
1026 671 238 39 uteslutande
1292 676 48 46 på
1368 675 125 48 grund
1522 674 41 39 af
1585 677 264 49 tjensteålder;

507 717 31 50 ce)
580 720 64 34 vid
681 720 289 38 arméartilleriet
998 725 60 34 och
1086 725 464 50 arméängeniörtrupperna
1579 729 97 38 efter
1703 728 267 52 tjensteålder;

377 768 41 41 "/«
448 769 41 37 af
521 769 242 39 vakanserna
791 772 227 38 förbehållas
1048 775 206 49 officerare,
1284 790 82 24 som
1396 784 227 45 genomgått
1652 782 317 40 militärakademi

375 820 93 37 eller
496 821 369 52 artilleriskjutskola
894 825 58 36 för
980 825 203 39 officerare.

503 873 74 37 För
604 874 202 39 befordran
837 876 78 50 (vid
944 878 323 39 arméinfanteriet
1295 881 70 37 och
1395 883 336 52 armékavalleriet)
1761 886 205 38 erfordras:

503 925 34 49 a)
566 930 55 32 att
645 926 84 38 icke
756 941 92 23 vara
877 929 105 37 äldre
1010 934 48 32 än
1088 932 49 36 50
1166 934 56 44 år;

503 976 37 50 b)
570 983 55 31 att
654 979 115 37 hafva
795 980 100 37 varit
924 981 12 36 i
965 981 104 37 aktiv
1096 983 120 49 tjenst
1245 985 114 36 minst
1390 987 49 36 12
1467 990 54 43 år;

503 1028 31 48 e)
564 1034 54 32 att
661 1030 114 38 hafva
816 1032 123 48 tjenat
979 1033 12 36 i
1032 1034 314 51 kaptensgraden
1374 1038 65 36 vid
1467 1037 205 40 befordran
1699 1044 49 46 på
1775 1043 127 51 grund
1931 1043 41 37 af

371 1078 250 49 tjensteålder
649 1082 116 37 minst
791 1086 18 33 7
840 1087 42 33 år
910 1084 69 37 och
1007 1085 63 37 vid
1098 1086 203 39 befordran
1328 1092 49 46 på
1406 1090 121 49 grund
1548 1092 44 36 af
1606 1092 160 51 särskild
1785 1093 181 50 förtjenst

371 1131 94 39 elter
492 1133 60 36 val
582 1133 118 38 minst
728 1136 21 35 3
779 1136 71 36 och
878 1136 120 50 högst
1023 1139 22 35 8
1074 1140 57 44 år;

499 1183 36 50 d)
565 1190 56 32 att
649 1186 115 37 hafva
792 1187 76 37 fört
896 1188 184 51 kompani
1108 1189 219 52 (sqvadron)
1357 1192 116 38 minst
1500 1196 21 34 2
1552 1197 59 44 år;

500 1234 34 49 e)
561 1236 225 51 lämplighet
814 1239 12 36 i
853 1239 150 49 fysiskt,
1033 1242 199 37 moraliskt
1260 1243 70 37 och
1358 1245 361 49 tjenste-afseende;
1749 1254 98 32 samt

498 1287 29 47 f)
562 1289 284 39 vederbörande
875 1291 276 39 befälhafvares
1179 1294 237 51 tillstyrkan;
1447 1297 183 39 särskildt
1656 1299 60 38 vid
1740 1298 223 41 kavalleriet

369 1337 195 40 dessutom

497 1391 40 51 g)
564 1393 293 49 genomgående
884 1395 42 37 af
950 1396 485 41 officerskavalleriskolan.
1911 1454 3 3 |

496 1445 37 38 2.
590 1443 184 39 BVärskildt
813 1447 190 48 praktiskt
1043 1448 92 38 eller
1172 1451 201 37 teoretiskt
1401 1454 292 49 kompetensprof
1713 1456 122 38 finnes
1864 1455 94 40 icke.

494 1496 35 36 J.
585 1496 294 39 Vederbörande
921 1499 274 39 befälhafvares
1234 1503 174 38 omdöme
1441 1503 233 40 beträffande
1703 1506 96 50 dem,
1828 1508 132 52 hvilka

365 1546 173 51 uppfylla
579 1548 271 39 ofvanstående
895 1551 215 50 fordringar
1151 1553 70 37 och
1255 1555 159 38 sålunda
1441 1556 129 38 kunna
1596 1557 277 51 ifrågakomma
1901 1562 60 37 till

365 1597 216 51 befordran,
610 1600 145 39 lemnas
784 1601 64 37 vid
877 1603 325 39 arméinfanteriet
1230 1607 69 36 och
1328 1608 328 39 armékavalleriet
1684 1614 21 34 4
1733 1612 44 36 de
1802 1618 155 33 attesta-

363 1650 391 52 tionsförteckningar
768 1653 35 48 "))
847 1667 80 25 som
958 1655 142 50 årligen
1128 1657 182 38 insändas
1340 1660 42 36 af
1405 1660 131 50 hvarje
1563 1664 311 46 regementschef
1897 1661 59 54 för

364 1707 57 31 att
449 1703 90 36 med
560 1704 233 50 påteckning
819 1706 43 36 af
886 1705 163 52 brigad-,
1079 1708 254 51 fördelnings-
1363 1712 71 37 och
1462 1712 157 38 kårchef
1642 1721 132 31 senast
1799 1716 78 38 den.
1901 1717 52 42 ",,

358 1753 156 49 januari
555 1755 194 38 inkomma
780 1757 59 37 till
871 1758 283 39 hufvudstaben
1169 1761 35 49 ”),
1233 1762 156 38 hvarest
1416 1764 46 37 de
1490 1764 155 51 slutliga
1672 1767 196 50 förslagen
1896 1769 59 50 till

362 1805 205 39 befordran
595 1814 205 44 uppgöras.
857 1810 54 36 På
940 1810 109 38 dessa
1076 1812 111 38 listor
1214 1814 87 37 sker
1330 1816 72 36 ock
1431 1816 232 52 anteckning
1690 1821 197 48 angående
1908 1822 46 37 de

362 1857 181 49 kaptener
584 1858 286 53 (ryttmästare),
907 1875 81 24 som
1017 1876 108 24 anses
1154 1864 91 39 böra
1273 1867 195 38 befordras
1495 1871 49 47 på
1572 1871 125 48 grund
1726 1872 41 36 af
1790 1873 164 37 särskild

362 1910 231 38 utmärkelse
636 1912 92 37 eller
767 1913 71 37 val.
895 1913 123 51 Ingen
1058 1917 179 48 uppföres
1279 1921 21 34 &
1341 1919 146 50 slutligt
1525 1921 155 51 förslag,
1713 1937 80 23 som
1822 1924 83 38 icke
1933 1928 22 35 å&

362 1963 538 51 attestationsförteckningen
928 1970 124 34 såsom
1081 1968 159 38 allmänt
1267 1971 147 37 vitsord
1443 1972 149 38 erhållit
1620 1975 115 37 minst
1762 1975 119 38 »bra».

491 2014 73 37 Vid
592 2016 47 36 de
666 2021 168 45 trupper,
864 2031 82 23 som
974 2019 82 37 icke
1084 2020 153 38 tillhöra
1265 2023 324 39 arméinfanteriet
1617 2027 71 36 och
1717 2029 233 37 armékaval-

359 2064 111 39 leriet
510 2065 163 51 (gardet,
716 2070 305 49 generalstaben,
1064 2072 196 39 artilleriet
1300 2088 32 23 o.
1377 2089 28 23 s.
1439 2076 62 49 v.),
1534 2083 199 44 upprättas
1760 2079 83 38 icke
1872 2086 77 32 sär-

360 2117 124 37 skilda
512 2121 537 51 attestationsförteckningar,
1074 2129 93 33 utan
1187 2132 194 44 uppgöras
1395 2127 439 54 befordringsförslagen
1853 2133 98 38 blott

359 2170 94 36 med
474 2169 157 52 ledning
658 2173 43 36 af
722 2173 296 39 namnrullorna.

491 2265 23 39 !)
537 2267 65 29 Den
624 2268 11 28 i
657 2269 132 29 Eimand!
803 2271 140 29 använda.
958 2272 249 38 öfversättningen
1229 2275 35 28 af
1282 2275 54 30 den
1358 2277 94 36 ryska
1473 2278 219 38 benätnningen:

490 2316 23 40 ”)
536 2319 235 32 Hufvudstaben:
786 2323 96 29 bildar
904 2333 40 20 en
963 2325 147 38 afdelning
1133 2326 33 29 af
1186 2326 265 38 krigsministeriet
