1912 2780
276 142 18 29 2
577 146 121 39 Tredje
721 147 245 39 lagutskottets
989 150 178 30 utlåtande
1189 160 43 20 nr
1253 152 42 29 23
1317 152 39 29 år
1379 153 83 29 1960

279 222 67 30 den
371 224 18 29 5
414 223 78 39 juni
522 224 82 31 1953
631 234 74 31 ang.
734 227 195 39 skyldighet
958 228 54 30 för
1038 229 383 40 inskrivningsdomare
1448 234 50 28 att
1525 232 117 30 lämna
1668 234 93 29 vissa

279 275 272 31 underrättelser
567 287 46 20 m.
631 287 76 22 m.>.

321 328 68 30 För
407 329 41 30 de
467 329 228 42 fullständiga
715 333 121 29 skälen
857 334 48 29 till
926 335 77 29 stöd
1024 334 54 30 för
1099 336 323 39 motionsyrkandet
1441 338 166 29 hänvisar
1628 339 132 29 utskot-

279 383 47 28 tet
347 382 51 29 till
420 383 229 30 motionerna.

322 433 87 31 Över
432 436 219 30 motionerna
674 438 63 29 har
761 439 8 28 i
797 438 63 30 den
886 440 149 39 ordning
1060 441 40 29 46
1127 441 14 37 $
1168 441 356 41 riksdagsordningen
1551 444 209 30 föreskriver

278 486 178 32 utlåtande
476 488 192 32 inhämtats
690 490 79 30 från
792 491 247 41 länsstyrelsen
1067 494 3 28 i
1094 494 196 31 Malmöhus
1311 495 69 31 län.
1403 496 48 30 På
1471 496 152 40 begäran
1645 507 42 21 av
1706 499 54 28 ut-

277 539 129 32 skottet
429 541 63 31 har
516 543 162 37 yttrande
702 543 174 40 därjämte
900 545 146 39 avgivits
1072 555 40 21 av
1138 546 204 41 föreningen
1368 549 154 39 Sveriges
1547 550 212 30 häradshöv-

276 592 133 41 dingar,
442 594 156 40 Sveriges
632 595 430 43 häradsskrivarförening
1096 600 61 29 och
1193 601 217 40 Föreningen
1445 603 156 39 Sveriges
1634 604 125 30 krono-

277 646 208 31 kamrerare,

320 699 66 30 Till
409 709 41 21 en
472 700 127 40 början
624 702 85 30 skall
735 703 65 30 här
824 703 102 40 något
950 704 140 31 beröras
1125 705 299 40 betydelsen
1460 717 52 21 ur
1548 709 210 31 inskriv-

275 752 361 42 ningsrättslig
670 757 250 38 synpunkt
957 767 42 20 av
1024 758 94 30 vilka
1144 759 177 40 uppgifter
1347 769 73 22 som
1446 762 9 29 i
1483 761 275 40 lagfartsärende

275 804 136 32 lämnas
430 815 56 21 om
506 806 242 32 förvärvarens
768 818 136 31 person.

319 858 57 31 Ett
397 859 186 40 väsentligt
606 861 88 39 syfte
717 862 80 30 med
818 862 406 41 inskrivningsväsendet
1246 866 39 30 är
1308 869 50 29 att
1381 867 245 32 åstadkomma
1647 865 111 48 publi-

274 910 83 32 citet
377 912 148 30 rörande
547 913 57 30 det
625 913 219 32 förhållande
866 925 73 21 som
960 916 110 40 ligger
1090 918 52 30 till
1163 919 114 38 grund
1299 919 55 30 för
1374 919 276 41 inskrivningen.
1672 922 86 29 Här-

274 973 43 20 av
336 964 103 41 följer
457 966 199 40 naturligen
675 969 48 28 ett
742 968 88 29 krav
848 969 43 39 på
910 972 50 27 att
979 970 42 30 de
1040 970 221 39 publicerade
1281 973 225 38 uppgifterna
1524 974 63 29 bör
1606 974 85 40 fylla
1709 977 48 28 ett

274 1017 87 32 visst
376 1017 88 31 mått
479 1028 43 21 av
539 1018 266 42 fullständighet
822 1022 64 29 och
902 1022 174 31 exakthet.

319 1070 13 30 I
357 1070 277 40 lagfartsärende
661 1073 88 29 skall
776 1075 125 38 prövas
928 1075 95 30 såväl
1051 1076 65 30 den
1143 1077 161 31 formella
1330 1078 291 32 beskaffenheten
1648 1089 41 22 av
1716 1081 42 29 de

272 1123 220 40 handlingar,
514 1125 85 30 varå
618 1126 266 40 inskrivningen
906 1128 89 30 skall
1017 1129 164 39 grundas,
1204 1140 75 20 som
1301 1132 11 29 i
1333 1132 70 30 viss
1426 1132 82 30 mån
1530 1132 136 41 fångets
1686 1133 71 39 lag-

272 1175 109 41 lighet
399 1177 12 30 i
429 1177 122 40 övrigt.
571 1179 13 29 I
605 1179 65 29 den
689 1178 162 32 formella
870 1182 215 39 prövningen
1105 1182 99 40 ingår
1223 1193 43 20 en
1286 1185 217 40 granskning
1523 1195 42 21 av
1584 1186 173 31 huruvida

273 1230 11 29 i
301 1230 143 30 ärendet
460 1230 185 41 föreligger
662 1241 41 21 en
719 1233 12 29 i
748 1233 79 40 laga
845 1233 89 31 form
952 1236 190 39 upprättad
1160 1236 303 42 fångeshandling.
1481 1238 112 41 Något
1610 1240 86 30 krav
1712 1240 46 39 på

272 1282 232 41 handlingens
525 1284 155 31 innehåll
699 1285 222 32 beträffande
943 1287 243 32 förvärvarens
1206 1298 128 31 person
1355 1291 193 40 uppställes
1568 1292 86 31 icke.
1675 1293 83 30 För-

272 1335 169 31 värvaren
462 1337 113 31 måste
596 1338 192 31 emellertid
807 1339 150 32 bestämt
979 1342 143 39 angivas
1143 1343 11 29 i
1175 1342 214 42 handlingen
1417 1344 52 34 (se
1491 1345 139 31 Undén:
1653 1346 104 30 Kom-

272 1391 139 30 mentar
427 1390 53 30 till
497 1390 411 42 lagfartsförordningen,
931 1394 94 35 1959,
1046 1395 62 30 sid.
1128 1395 72 35 22).
1221 1397 13 29 I
1255 1396 99 40 fråga
1373 1406 57 22 om
1447 1398 71 40 köp
1537 1399 124 30 kräves
1679 1399 77 31 icke

273 1451 73 26 ens,
366 1444 50 29 att
435 1442 337 42 fångeshandlingen
792 1446 256 31 underskrivits
1067 1458 43 20 av
1127 1449 154 40 köparen
1308 1450 65 39 (jfr
1392 1451 82 30 NJA
1496 1451 177 32 1925:206
1693 1452 64 30 och

271 1495 90 31 JO:s
379 1495 170 32 Ämb.ber.
572 1497 82 30 1934
673 1498 62 30 sid.
758 1498 72 35 10).
850 1499 227 32 Beträffande
1096 1500 341 43 förutsättningarna
1457 1503 55 31 för
1531 1504 136 41 fångets
1685 1505 72 40 lag-

272 1548 108 40 lighet
399 1549 11 30 i
431 1550 113 39 övrigt
564 1550 127 40 åligger
712 1551 57 30 det
789 1551 384 41 inskrivningsdomare
1194 1557 51 28 att
1266 1556 107 39 pröva
1394 1556 44 31 bl.
1461 1567 29 20 a.
1512 1557 95 31 vissa
1627 1558 130 30 förhål-

272 1601 129 31 landen
414 1602 12 30 i
439 1603 170 30 avseende
624 1603 20 30 å
656 1604 130 40 köpare
801 1614 42 20 av
857 1605 176 40 fastighet.
1048 1606 45 30 är
1108 1607 110 31 denne
1233 1608 114 39 fysisk
1361 1618 126 31 person
1504 1611 89 30 skall
1609 1611 148 31 sålunda

271 1654 209 40 exempelvis
502 1655 232 36 konstateras,
758 1657 174 31 huruvida
954 1659 127 30 hinder
1103 1659 55 31 för
1179 1660 124 40 köpets
1326 1661 158 41 giltighet
1508 1663 183 41 föreligger
1714 1673 43 21 av

272 1707 110 31 sådan
403 1708 189 41 anledning
614 1719 73 20 som
709 1712 51 29 att
782 1710 224 32 förvärvaren
1029 1713 39 29 är
1090 1713 166 31 utländsk
1278 1715 226 40 medborgare
1526 1717 66 30 och
1614 1717 142 30 särskilt

271 1760 160 31 tillstånd
448 1762 52 29 till
520 1761 174 32 förvärvet
712 1763 78 30 icke
808 1764 191 30 meddelats
1019 1765 83 30 eller
1121 1768 49 28 att
1188 1766 72 30 han
1280 1769 38 29 är
1338 1769 165 40 omyndig
1522 1770 66 30 och
1605 1770 76 30 icke
1699 1770 57 30 be-

270 1813 145 40 hörigen
438 1813 191 32 företrätts.
652 1815 121 40 Någon
797 1817 186 40 utredning
1008 1819 147 29 rörande
1179 1819 150 40 köpares
1353 1820 297 43 medborgarskap
1673 1823 83 30 eller

270 1867 385 40 myndighetstillstånd
674 1869 125 31 kräves
821 1870 191 31 emellertid
1033 1871 77 30 icke
1129 1873 11 28 i
1161 1872 287 39 lagfartsärende,
1470 1874 118 32 därest
1608 1876 76 31 icke
1703 1877 52 28 in-

271 1919 153 32 nehållet
443 1920 12 30 i
476 1920 144 40 ingivna
641 1921 210 40 handlingar
872 1924 92 38 giver
988 1923 151 32 särskild
1160 1924 190 43 anledning
1371 1926 129 32 härtill.
1523 1928 66 31 Det
1609 1928 64 31 har
1696 1938 60 22 an-

271 1975 86 28 setts
380 1972 181 42 olämpligt
584 1976 50 29 att
656 1974 122 40 ålägga
801 1984 104 22 envar
926 1976 305 40 lagfartssökande
1255 1981 51 29 att
1329 1982 156 36 prestera
1508 1980 109 32 sådan
1640 1983 115 30 utred-

270 2026 95 40 ning.
387 2026 13 30 I
421 2026 95 31 detta
537 2028 256 40 sammanhang
813 2029 70 29 kan
904 2029 173 40 återgivas
1097 2033 48 29 ett
1165 2031 182 32 uttalande
1368 2042 42 22 av
1430 2033 292 42 lagberedningen
1743 2036 11 29 i

271 2079 79 30 dess
369 2079 39 30 år
428 2079 84 31 1918
532 2080 146 40 avgivna
697 2080 132 41 förslag
848 2082 51 30 till
919 2082 279 40 giftermålsbalk
1217 2095 46 20 m.
1284 2095 44 21 m.
1350 2086 201 32 Uttalandet
1571 2097 98 21 avser
1687 2089 68 30 vad

271 2141 77 21 som
363 2132 12 30 i
390 2132 277 41 lagfartsärende
684 2133 63 31 bör
763 2134 125 31 krävas
906 2135 11 30 i
935 2135 100 40 fråga
1052 2145 55 22 om
1126 2138 187 40 utredning
1331 2139 146 31 rörande
1496 2140 146 40 säljares
1661 2142 94 30 civil-

271 2185 114 31 stånd.

317 2247 115 40 Enligt
453 2249 19 30 6
494 2248 81 39 kap.
598 2248 19 30 4
641 2249 15 37 $
680 2249 324 39 giftermålsbalken
1028 2251 88 30 skall
1139 2252 102 30 make
1263 2253 31 40 ej
1319 2253 64 40 äga
1405 2257 138 37 avyttra
1566 2256 68 31 fast
1657 2265 98 32 egen-

272 2291 92 35 dom,
386 2292 74 30 vari
483 2293 113 30 andra
618 2294 126 30 maken
768 2294 65 30 har
857 2295 168 39 giftorätt,
1051 2298 84 29 utan
1160 2299 49 28 att
1234 2297 115 31 denna
1373 2299 200 40 skriftligen
1596 2301 79 31 med
1697 2301 59 31 två

270 2335 136 32 vittnen
427 2337 199 39 samtycker
646 2337 128 31 därtill.
796 2338 46 30 är
863 2340 125 30 maken
1010 2340 165 41 omyndig
1196 2340 84 31 eller
1300 2342 265 37 bortovarande,
1589 2344 87 32 skall
1698 2345 58 31 det

271 2380 190 31 ankomma
481 2381 46 40 på
548 2381 224 41 förmyndare
793 2383 83 30 eller
896 2384 65 39 god
981 2394 84 20 man
1086 2387 50 28 att
1156 2385 77 39 giva
1255 2387 189 39 samtycke.
1466 2388 68 31 Om
1556 2388 66 31 den
1641 2389 114 34 make,

271 2433 77 22 som
364 2425 60 30 vill
441 2427 139 39 avyttra
597 2426 175 40 fastighet,
791 2427 90 40 själv
898 2430 38 28 är
953 2428 226 40 förmyndare
1196 2429 85 31 eller
1298 2431 66 39 god
1381 2440 83 22 man
1482 2432 57 31 för
1556 2433 110 31 andra
1682 2442 74 22 ma-

271 2469 80 35 ken,
369 2469 177 31 erfordras
565 2471 31 39 ej
617 2470 142 32 särskilt
778 2473 188 39 samtycke.
984 2491 45 4 —
1046 2491 44 3 —
1105 2491 44 4 —
1165 2474 69 30 För
1251 2476 51 29 att
1320 2475 121 32 kravet
1460 2476 21 31 å
1499 2477 179 39 samtycke
1696 2478 60 30 må
