2228 2638
764 225 253 34 Statsutskottets
1048 226 170 33 Utlåtande
1241 226 62 33 N:o
1326 230 39 29 11
1803 229 15 29 1

990 754 78 40 N:o
1097 754 41 39 1.

842 911 80 30 Ank.
947 912 46 30 till
1016 912 104 31 Riksd.
1144 912 96 31 kansli
1264 912 55 30 den
1346 915 38 28 19
1409 922 76 20 mars
1512 914 90 34 1901,
1626 911 41 31 kl.
1692 913 21 29 4
1736 922 23 20 e.
1784 922 37 19 m.

478 1055 202 45 Utlåtande,
722 1058 183 44 angående
939 1058 224 46 regleringen
1205 1059 49 44 af
1286 1059 196 46 utgifterna
1517 1060 113 35 under
1655 1059 208 36 riksstatens

671 1127 163 35 tionde
861 1127 228 45 hufvudtitel,
1120 1128 251 44 innefattande
1399 1129 172 45 anslagen
1599 1128 54 35 till
1673 1129 189 44 pensions-

671 1195 63 35 och
761 1196 411 46 indragningsstaterna.

1471 1299 74 49 (1:a
1573 1299 44 37 U.
1647 1298 60 50 A.)

873 1435 392 41 Pensionsstaten.

402 1545 72 48 1:0)
516 1546 141 50 Kongl.
696 1548 107 50 Maj:t
825 1549 69 37 har
921 1550 13 36 i
962 1550 74 37 den
1063 1549 59 37 till
1149 1549 222 50 Riksdagen
1398 1549 75 37 den
1505 1551 46 34 14
1574 1549 151 49 januari
1753 1549 104 38 inne-

270 1596 166 37 varande
465 1600 42 34 år
535 1598 137 37 aflåtna
700 1601 234 49 proposition
963 1602 199 49 angående
1191 1602 251 36 statsverkets
1462 1601 172 37 tillstånd
1654 1602 71 36 och
1745 1601 118 37 behof

270 1647 121 37 under
416 1648 129 39 tionde
574 1651 259 38 hufvudtiteln
860 1653 12 37 i
900 1654 173 48 punkten
1104 1655 18 34 1
1153 1653 199 49 föreslagit
1380 1652 231 49 Riksdagen,
1641 1658 53 31 att
1714 1654 60 35 för
1793 1654 64 37 be-

269 1699 165 37 redande
464 1701 40 36 af
528 1701 134 50 bidrag
688 1703 57 36 till
774 1705 330 48 sjuksköterskors
1132 1704 274 49 pensionering
1433 1708 116 34 måtte
1577 1705 83 36 från
1679 1705 69 36 och
1773 1706 86 37 med

271 1753 42 33 år
344 1753 96 34 1902
470 1755 20 34 å
517 1753 224 39 riksstatens
768 1757 128 36 tionde
924 1756 227 37 hufvudtitel
1178 1756 153 37 anvisas
1351 1762 54 31 ett
1424 1757 115 48 årligt
1557 1756 302 49 förslagsanslag

271 1802 41 36 af
337 1804 111 47 8,000
477 1804 150 48 kronor,
658 1811 55 32 att
741 1809 191 36 användas
960 1808 121 37 under
1107 1807 168 50 följande
1303 1808 132 45 vilkor,
1465 1808 211 49 nemligen:

395 1860 55 32 att
486 1857 234 51 statsbidrag
747 1859 135 38 endast
909 1860 212 37 tillkomme
1149 1859 199 38 teoretiskt
1375 1860 71 36 och
1474 1860 189 50 praktiskt
1690 1859 170 38 utbildad

270 1906 301 51 sjuksköterska,
614 1923 80 24 som
736 1925 90 24 vore
869 1912 176 49 delegare
1087 1912 12 36 i
1126 1914 128 46 någon
1281 1912 60 36 för
1367 1911 290 50 ifrågavarande
1685 1912 175 38 ändamål

270 1957 166 38 inrättad
478 1960 337 51 pensionsanstalt,
852 1964 56 36 för
934 1964 158 37 hvilken
1119 1963 139 49 Kongl.
1280 1963 108 49 Maj:t
1416 1963 167 38 faststält
1609 1963 249 49 reglemente;

399 2015 56 32 att
496 2012 235 51 statsbidrag
771 2018 117 34 måtte
930 2016 61 36 för
1031 2015 133 49 hvarje
1200 2015 209 47 sköterska,
1439 2016 111 36 äfven
1579 2028 59 24 om
1667 2015 75 36 hon
1772 2029 87 24 vore

271 2061 175 49 delegare
475 2063 12 35 i
517 2077 103 23 mera
648 2070 47 31 än
724 2080 47 24 en
800 2067 106 48 dylik
934 2067 152 47 anstalt,
1115 2069 92 46 utgå
1228 2066 84 36 med
1338 2066 115 49 högst
1474 2069 48 33 30
1543 2067 139 36 kronor
1702 2067 157 49 årligen,

270 2113 96 37 dock
397 2113 84 37 icke
515 2116 86 36 med
630 2116 150 51 belopp,
810 2118 287 48 öfverstigande
1125 2117 98 36 hvad
1253 2130 77 23 som
1359 2117 60 37 för
1446 2122 89 32 näst
1561 2118 233 48 föregående
1822 2122 39 33 år

270 2165 42 35 af
336 2165 92 37 eller
455 2167 60 36 för
543 2166 222 40 sköterskan
795 2169 126 38 blifvit
947 2170 12 35 i
986 2168 322 50 pensionsanstalt
1335 2168 132 46 insatt;

397 2223 54 31 att
481 2218 189 49 styrelsen
690 2220 60 37 för
765 2221 115 37 sådan
896 2220 326 50 pensionsanstalt
1242 2219 134 48 skulle,
1393 2220 46 36 då
1455 2221 220 36 densamma
1691 2220 169 38 önskade

270 2268 150 39 komma
461 2270 10 36 i
517 2271 222 48 åtnjutande
782 2274 42 36 af
848 2272 237 49 statsbidrag
1111 2272 59 36 för
1198 2272 46 36 de
1274 2272 12 36 i
1315 2271 188 38 anstalten
1533 2271 194 50 delaktiga
1756 2272 103 49 sjuk-

362 2330 58 32 Di
452 2331 50 31 till
526 2330 111 33 Riksd.
664 2329 88 34 Prot.
778 2334 89 30 1901.
912 2335 20 29 4
957 2331 98 33 Saml.
1080 2333 17 29 1
1117 2331 85 47 Afd.
1227 2333 34 30 11
1284 2330 91 40 Häöft.
1421 2331 80 41 (N:o
1528 2332 60 42 11).
1801 2333 12 29 1

1893 1555 66 30 Ang.
1978 1554 89 31 bidrag

1906 1590 40 23 till
1960 1590 101 30 pensio-

1910 1625 92 29 nering
2024 1625 31 29 af

1881 1659 203 31 sjuksköterskor.

1948 1694 69 46 [1.]
