1826 2762
253 108 38 29 10
541 108 122 39 Tredje
687 108 244 39 lagutskottets
956 110 177 30 utlåtande
1157 120 41 20 nr
1224 112 40 29 14
1287 111 39 30 år
1351 112 83 29 1964

430 185 185 34 (Gällande
640 186 146 39 lydelse)

251 247 221 39 myndighets
504 248 115 30 beslut
651 257 55 21 om
739 249 180 40 byggande
951 250 11 29 i

248 293 118 28 vatten
383 292 80 30 eller
480 293 211 38 anläggande
707 304 42 20 av
767 294 194 30 vattentäkt

249 335 82 29 eiler
368 337 290 39 vattenreglering
694 338 82 29 eller
813 339 148 30 rörande

248 379 227 41 hushållning
494 381 80 30 med
593 382 82 29 eller
694 382 268 40 tillgodogöran-

249 423 41 29 de
307 433 41 20 av
363 426 117 28 vatten
497 425 129 30 hänför
643 426 59 39 sig,
720 427 143 30 straffes
880 428 79 29 med

248 467 183 39 dagsböter
455 469 82 30 eller
563 470 152 39 fängelse
739 472 11 28 i
775 471 103 39 högst
902 481 57 21 sex

248 511 177 32 månader.

1176 189 226 40 (Föreslagen
1428 191 146 39 lydelse)

1019 252 220 39 myndighets
1281 252 114 30 beslut
1425 262 56 21 om
1512 253 179 39 byggande
1720 253 11 30 i

1018 297 117 28 vatten
1168 296 83 30 eller
1283 297 214 39 anläggande
1530 307 41 20 av
1603 297 129 40 grund-

1020 340 193 30 vattentäkt
1235 341 82 29 eller
1337 342 291 39 vattenreglering
1649 342 82 30 eller

1019 385 147 29 rörande
1193 385 229 40 hushållning
1447 386 80 30 med
1556 386 82 30 eller
1664 386 67 30 till-

1019 429 242 39 godogörande
1293 439 42 20 av
1364 431 117 29 vatten
1510 430 128 30 hänför
1669 431 61 38 sig,

1019 473 141 30 straffes
1184 474 81 29 med
1288 474 183 39 dagsböter
1494 475 82 29 eller
1600 475 131 39 fängel-

1019 526 34 20 se
1076 517 10 29 i
1111 517 101 39 högst
1235 527 60 21 sex
1316 518 177 30 månader.

1061 560 72 30 Har
1154 562 214 39 Konungens
1392 562 340 40 befallningshavan-

1015 606 41 29 de
1079 606 184 39 förordnat
1286 608 51 29 att
1361 608 230 30 överträdelse
1615 617 42 21 av
1679 609 52 39 fö-

1017 649 144 40 reskrift
1181 660 75 20 som
1277 651 193 30 meddelats
1490 652 82 29 med
1590 652 79 29 stöd
1689 660 42 21 av

1017 694 20 29 2
1062 694 78 40 kap.
1165 696 41 29 64
1229 695 21 36 $
1273 694 92 31 skall
1387 695 182 39 föranleda
1593 704 136 28 ansvar,

1017 738 119 30 dömes
1154 739 66 29 den
1237 748 76 21 som
1333 739 198 30 överträder
1548 740 183 40 föreskrif-

1020 783 55 29 ten
1102 782 51 31 till
1178 783 106 37 böter,
1309 783 103 40 högst
1437 784 191 31 trehundra
1653 785 79 29 kro-

1017 835 75 29 nor,
1114 828 91 37 eller,
1227 837 56 20 om
1305 828 190 39 förseelsen
1516 830 112 29 avsett
1647 829 84 39 ålig-

1017 871 111 38 gande
1145 881 43 21 av
1205 873 112 30 större
1336 873 74 29 vikt
1428 873 82 30 eller
1528 873 201 39 därigenom

1017 915 217 38 förorsakats
1252 917 168 30 avsevärd
1435 917 111 31 skada
1563 918 82 30 eller
1661 918 70 29 olä-

1016 959 136 40 genhet,
1174 960 51 30 till
1245 960 194 40 dagsböter.

290 1077 122 31 Denna
431 1078 55 41 lag
510 1080 116 30 träder
646 1082 11 29 i
678 1080 95 31 kraft
794 1082 67 30 den
885 1084 13 29 1
921 1083 67 39 juli
1011 1083 94 31 1964.

290 1121 71 31 Har
383 1122 98 41 fråga
504 1132 58 22 om
584 1125 169 30 villkoren
776 1126 56 30 för
855 1127 188 31 avledande
1067 1138 42 20 av
1130 1128 226 31 kloakvatten
1380 1129 73 31 före
1477 1130 250 30 ikraftträdan-

244 1165 58 30 det
324 1166 97 31 blivit
445 1178 41 20 av
508 1169 270 31 vattendomstol
803 1170 82 31 eller
909 1172 168 38 synemän
1101 1172 162 40 slutligen
1286 1174 142 39 prövad,
1451 1174 90 30 skall
1564 1175 58 30 vid
1648 1175 80 30 full-

245 1210 91 39 följd
358 1221 42 21 av
419 1212 96 30 talan
538 1213 83 30 eller
642 1214 57 30 vid
719 1215 281 41 underställning
1022 1217 95 30 äldre
1139 1217 55 40 lag
1216 1218 65 39 äga
1302 1218 233 41 tillämpning.

289 1255 99 31 Ändå
404 1258 50 29 att
471 1257 191 31 avledande
679 1259 180 40 påbörjats
877 1260 74 30 före
967 1260 306 37 ikraftträdandet,
1293 1263 89 29 skall
1401 1263 19 30 8
1437 1263 80 40 kap.
1535 1264 42 30 23
1597 1264 15 38 $
1630 1264 13 30 i
1660 1274 68 30 nya

243 1298 156 39 lydelsen
424 1300 100 39 gälla,
551 1301 90 31 dock
666 1302 147 32 allenast
839 1303 116 31 därest
981 1304 124 40 frågan
1130 1314 57 21 om
1212 1305 162 40 åtgärder
1400 1307 52 30 till
1476 1308 251 31 motverkande

244 1351 43 21 av
307 1344 323 42 vattenförorening
651 1346 75 32 icke
748 1347 100 31 blivit
870 1348 130 38 prövad
1021 1350 13 29 i
1057 1350 230 40 ansöknings-
1309 1351 83 30 eller
1415 1352 313 40 underställnings-

244 1387 71 30 mål
332 1389 73 30 före
420 1389 296 32 ikraftträdandet
733 1393 65 29 och
815 1393 30 39 ej
864 1393 108 30 heller
988 1394 152 30 därefter
1155 1395 80 30 med
1252 1395 222 41 tillämpning
1491 1406 42 21 av
1549 1397 95 30 äldre
1660 1398 66 39 lag.

288 1432 40 40 Ej
357 1434 57 29 må
438 1434 45 38 på
509 1435 113 38 grund
648 1444 42 21 av
714 1437 65 29 vad
806 1437 11 29 i
844 1437 19 30 8
889 1437 80 40 kap.
996 1438 40 30 28
1065 1438 15 37 $
1109 1439 110 30 andra
1244 1440 135 39 stycket
1406 1441 140 39 stadgas
1572 1441 154 40 bidrags-

243 1475 197 41 skyldighet
461 1477 140 41 åläggas
624 1480 53 29 för
698 1480 92 30 ökad
811 1480 161 39 kostnad,
995 1491 75 21 som
1092 1483 222 39 uppkommit
1335 1484 74 30 före
1430 1485 297 32 ikraftträdandet

242 1520 84 31 eller
344 1522 118 31 inträtt
482 1522 151 31 därefter
652 1525 10 29 i
682 1524 186 40 anledning
886 1536 42 20 av
947 1527 113 30 beslut
1079 1537 74 21 som
1172 1529 188 31 meddelats
1381 1530 74 29 före
1474 1530 252 31 ikraftträdan-

242 1565 68 30 det.

900 1690 175 34 Motioner

288 1778 11 28 I
316 1779 168 29 samband
499 1781 80 29 med
594 1782 261 38 propositionen
871 1784 63 28 har
950 1784 168 30 utskottet
1134 1785 188 30 behandlat
1337 1786 156 40 följande
1509 1788 10 28 i
1537 1788 187 39 anledning

241 1839 42 20 av
306 1832 204 30 densamma
533 1834 123 29 väckta
679 1835 182 37 motioner,
886 1837 175 39 nämligen

286 1884 73 29 dels
377 1885 9 29 i
405 1885 110 30 första
532 1886 205 31 kammaren
754 1897 42 20 nr
814 1889 60 30 661
896 1899 41 20 av
954 1890 80 29 herr
1050 1891 174 30 Jonasson
1243 1901 45 21 m.
1307 1893 37 39 fl.
1363 1895 90 28 samt
1471 1894 10 28 i
1500 1894 111 29 andra
1627 1895 97 29 kam-

238 1946 122 22 maren
376 1948 40 20 nr
432 1939 61 31 807
511 1949 42 20 av
569 1941 120 29 herrar
704 1942 149 30 Persson
870 1944 10 28 i
896 1944 119 29 Heden
1031 1945 64 29 och
1109 1944 176 39 Elmwall;
1302 1947 65 29 och

283 1992 73 30 dels
378 1992 10 29 i
411 1992 110 31 första
543 1994 205 30 kammaren
770 2005 43 19 nr
834 1996 63 30 662
919 2006 42 20 av
981 1997 122 30 herrar
1124 1999 173 36 Hansson,
1319 1999 85 37 Nils,
1426 2001 65 29 och
1512 2002 211 36 Pettersson,

240 2044 154 37 Gunnar,
414 2047 90 27 samt
523 2046 9 28 i
553 2047 109 29 andra
680 2047 206 31 kammaren
904 2058 41 20 nr
965 2049 63 31 806
1047 2060 42 19 av
1106 2050 79 30 herr
1203 2051 148 30 Hamrin
1370 2053 10 28 i
1400 2053 142 29 Kalmar
1560 2063 46 20 m.
1624 2055 38 38 fl

286 2097 12 28 I
315 2098 219 30 motionerna
552 2099 28 29 I:
597 2100 59 29 661
676 2101 64 29 och
756 2101 45 29 II:
818 2101 73 35 807,
910 2111 74 20 som
1002 2103 38 29 är
1057 2104 233 39 likalydande,
1308 2105 200 30 hemställes

287 2151 44 31 »I.
351 2154 49 27 att
417 2153 188 39 riksdagen
625 2154 55 29 vid
701 2155 53 28 sin
773 2155 212 40 behandling
1005 2167 42 19 av
1067 2159 215 38 proposition
1304 2168 40 20 nr
1366 2158 40 31 42
1426 2160 108 30 måtte

285 2204 38 27 A.
348 2204 134 30 besluta
504 2206 27 29 1.
551 2208 36 32 a)
611 2208 48 27 att
679 2207 276 38 skyddsområde
975 2210 167 29 avseende
1162 2211 310 38 grundvattentäkt
1493 2213 57 29 må
1570 2214 153 29 faststäl-

238 2256 52 28 las
312 2266 41 20 av
372 2258 270 30 vattendomstol
662 2260 43 38 på
724 2260 262 41 framställning
1005 2272 41 20 av
1066 2262 233 40 länsstyrelse,
1320 2264 90 29 dock
1429 2267 51 28 att
1498 2266 223 40 länsstyrelse

239 2316 57 21 om
315 2310 37 29 så
368 2311 124 38 prövas
511 2311 213 40 nödvändigt
741 2313 58 29 må
817 2314 158 30 meddela
992 2315 260 30 interimistiskt
1270 2317 113 30 beslut
1401 2327 55 20 om
1475 2319 247 39 skyddsområ-

239 2362 43 29 de
298 2362 55 29 för
371 2363 101 39 högst
488 2366 49 28 ett
554 2364 38 30 år
610 2365 10 29 i
638 2365 124 30 sänder
780 2367 66 29 och
864 2368 232 39 sammanlagt
1112 2368 101 40 högst
1231 2371 51 28 tre
1300 2370 48 34 år,

283 2415 38 33 b)
348 2416 50 29 att
421 2417 178 38 sakägare,
624 2427 74 21 som
721 2419 53 29 till
796 2420 90 39 följd
910 2430 40 19 av
973 2421 182 30 föreskrift
1178 2431 56 20 om
1259 2423 275 39 skyddsområde
1558 2425 162 30 åsamkas
