1866 2782
274 176 18 28 4
588 169 404 39 Bevillningsutskottets
1014 165 217 31 betänkande
1252 174 41 19 nr
1308 165 40 29 21
1389 163 38 30 år
1448 162 83 30 1959

931 262 182 34 Utskottet

324 361 11 29 I
352 358 168 31 samband
536 358 79 28 med
634 356 80 30 1956
731 356 56 29 års
804 354 129 30 reform
949 353 44 39 på
1009 351 362 39 taxeringsväsendets
1388 348 142 30 område
1547 346 228 39 tillskapades

278 410 171 30 särskilda
464 406 350 40 taxeringsnämnder
830 404 53 29 för
898 404 158 37 taxering
1072 412 41 20 av
1128 401 250 29 rörelseidkare
1393 409 45 19 m.
1454 399 37 28 fl.
1507 396 269 32 svårkontrolle-

278 459 80 30 rade
383 458 261 36 skattskyldiga.
670 456 107 29 Dessa
803 454 166 30 nämnder
994 452 148 31 erhåller
1168 451 131 29 biträde
1325 459 41 20 av
1394 449 68 29 fast
1491 447 171 31 anställda
1688 449 90 27 taxe-

277 507 312 41 ringsassistenter.
609 506 76 30 Med
703 506 138 38 hänsyn
861 504 51 29 till
931 503 41 29 de
992 501 174 31 särskilda
1186 499 266 31 förhållandena
1472 500 10 28 i
1503 497 201 31 Stockholm
1723 496 56 29 be-

278 560 84 29 slöts
385 558 190 30 emellertid
597 559 47 28 att
664 554 376 38 taxeringsassistenter
1062 552 71 29 tills
1155 552 117 29 vidare
1294 551 69 29 inte
1387 550 110 29 skulle
1520 548 165 30 anställas
1708 547 71 29 där.

278 610 73 28 Den
370 609 10 29 i
399 607 246 30 huvudstaden
664 605 155 30 rådande
838 603 194 39 ordningen
1053 604 49 28 att
1120 600 338 38 befattningshavare
1477 599 58 30 vid
1556 598 223 30 överståthål-

278 658 204 30 larämbetet
505 657 184 30 förordnas
712 658 48 27 att
783 655 115 29 såsom
920 656 46 27 ett
989 653 179 37 åliggande
1191 652 10 28 i
1224 651 151 37 tjänsten
1397 659 83 20 vara
1503 648 241 31 kronoombud
1769 647 11 29 i

279 708 149 31 särskild
449 705 311 41 taxeringsnämnd
783 704 125 38 ansågs
928 703 86 29 böra
1034 701 192 30 bibehållas
1248 700 71 29 tills
1339 699 129 29 vidare.
1490 698 114 30 Sedan
1625 697 150 30 särskild

279 758 185 39 utredning
485 758 11 28 i
519 758 117 28 ämnet
656 755 212 32 verkställts,
889 752 242 40 utmynnande
1152 752 10 28 i
1182 753 47 27 ett
1250 750 167 38 enhälligt
1439 749 131 39 förslag
1591 750 50 27 att
1661 757 82 20 man
1765 748 11 28 i

280 809 199 30 Stockholm
501 808 112 29 skulle
633 806 124 39 övergå
778 805 51 29 till
849 805 66 28 den
935 803 55 30 för
1008 803 119 29 landet
1146 802 9 29 i
1175 801 111 39 övrigt
1304 800 180 30 beslutade
1504 798 272 40 organisations-

280 860 146 32 formen,
445 859 63 28 har
528 857 122 40 frågan
671 866 46 19 nu
737 856 105 39 tagits
860 863 70 31 upp
949 854 51 29 till
1020 852 212 39 behandling
1250 852 11 28 i
1279 852 66 29 den
1364 849 237 40 föreliggande
1621 849 156 39 proposi-

279 910 117 29 tionen
418 918 41 19 nr
480 909 51 29 47.
554 907 129 30 Därvid
705 906 162 30 förordar
888 902 386 42 departementschefen
1296 921 43 3 —
1359 902 11 28 i
1391 901 110 29 likhet
1522 900 80 29 med
1625 899 150 29 flertalet

280 969 42 20 av
342 960 40 28 de
403 958 252 40 myndigheter,
679 966 74 21 som
774 958 108 37 yttrat
906 956 50 38 sig
978 956 81 28 över
1080 953 251 39 utredningens
1354 952 130 38 förslag
1504 969 44 3 —
1569 952 60 32 att,
1650 949 11 30 i
1682 950 95 29 över-

278 1009 264 30 ensstämmelse
569 1008 79 30 med
674 1008 66 29 vad
769 1016 75 20 som
873 1006 206 29 förutsattes
1107 1004 55 29 vid
1192 1004 81 30 1956
1302 1003 56 29 års
1385 1000 320 40 taxeringsreform,
1733 1008 43 20 en

280 1059 404 39 assisteniorganisation
703 1057 133 30 införes
857 1058 86 28 även
961 1056 11 29 i
993 1055 212 31 Stockholm.
1224 1053 118 30 Under
1359 1053 41 29 de
1420 1053 177 28 närmaste
1616 1050 58 29 två
1693 1050 83 29 åren

281 1111 87 29 skall
392 1110 106 39 enligt
523 1109 165 39 förslaget
714 1108 168 29 anställas
909 1108 37 29 15
971 1104 394 40 taxeringsassistenter.
1391 1104 65 28 Det
1481 1102 142 38 slutliga
1647 1100 130 30 antalet

280 1160 202 30 assistenter
503 1160 205 29 förutsättes
730 1159 99 30 skola
849 1158 129 30 fixeras
1000 1157 90 30 först
1112 1156 106 30 sedan
1239 1165 43 21 en
1304 1154 147 39 förnyad
1473 1152 188 39 utredning
1681 1151 100 30 verk-

281 1211 112 29 ställts
420 1210 149 30 rörande
597 1209 309 40 personalbehovet
932 1207 58 29 vid
1018 1204 439 32 överståthållarämbetets
1485 1201 293 40 taxeringsavdel-

280 1261 83 39 ning
380 1261 64 29 och
461 1261 68 29 den
546 1260 167 39 lämpliga
730 1257 399 41 organisationsformen
1147 1256 53 29 för
1218 1256 124 29 denna.

325 1312 173 29 Utskottet
518 1311 193 39 tillstyrker
730 1309 166 39 förslaget
916 1311 49 27 att
987 1308 131 29 arbetet
1138 1306 79 30 med
1235 1305 216 40 granskning
1470 1313 45 20 m.
1535 1313 45 19 m.
1601 1312 41 20 av
1661 1302 40 29 de
1721 1302 56 28 de-

280 1361 223 33 klarationer,
528 1370 75 20 som
628 1361 88 29 skall
741 1360 215 38 handläggas
981 1368 42 20 av
1048 1357 150 31 särskild
1222 1354 321 40 taxeringsnämnd,
1569 1353 89 30 efter
1682 1352 95 29 hand

280 1414 134 29 övertas
431 1422 42 20 av
489 1413 393 38 taxeringsassistenter.
899 1412 71 28 Mot
987 1411 66 29 vad
1070 1407 385 42 departementschefen
1474 1406 158 29 förordat
1649 1403 129 31 beträf-

281 1464 103 29 fande
406 1463 231 29 tillsättandet
657 1472 42 20 av
718 1462 384 38 taxeringsassistenter
1123 1460 64 29 och
1208 1460 100 28 deras
1330 1455 449 42 tjänstgöringsförhållan-

280 1514 66 29 den
363 1513 62 29 har
443 1513 170 30 utskottet
628 1513 71 29 inte
716 1512 119 29 funnit
852 1511 188 39 anledning
1057 1511 51 29 till
1127 1510 150 29 erinran.

325 1563 174 30 Utskottet
519 1563 117 29 finner
655 1564 86 28 även
759 1562 159 39 lämpligt
938 1563 50 28 att
1006 1562 11 28 i
1036 1560 152 39 enlighet
1207 1560 79 29 med
1304 1560 65 29 vad
1390 1555 387 42 departementschefen

281 1613 156 30 förordat
458 1622 42 21 en
524 1613 185 39 utredning
732 1613 155 39 vidtages
909 1622 42 20 av
972 1610 420 31 överståthållarämbetet
1415 1608 149 30 rörande
1587 1607 192 38 taxerings-

281 1664 248 39 avdelningens
556 1663 166 29 framtida
747 1662 237 39 organisation
1010 1662 64 29 och
1101 1663 49 27 att
1175 1661 121 29 därvid
1322 1660 149 39 expertis
1497 1658 79 30 från
1602 1657 177 40 organisa-

280 1714 271 29 tionsnämnden
570 1714 136 29 anlitas.

325 1764 114 38 Enligt
457 1763 406 40 departementschefens
881 1763 141 38 mening
1039 1762 62 29 bör
1119 1762 65 29 den
1202 1761 131 39 ökning
1352 1770 40 20 av
1411 1760 130 29 antalet
1560 1758 219 30 kvalificera-

280 1814 41 30 de
347 1814 344 38 befattningshavare
717 1814 56 28 vid
801 1812 419 39 taxeringsavdelningen,
1248 1820 74 21 som
1348 1811 65 29 blir
1440 1810 136 39 följden
1602 1818 57 21 om
1686 1811 92 27 taxe-

280 1864 302 39 ringsassistenter
601 1864 174 34 anställes,
794 1863 111 29 hållas
923 1863 95 29 inom
1037 1872 42 20 en
1099 1862 36 30 så
1154 1863 85 29 snäv
1256 1871 75 20 ram
1350 1870 74 21 som
1442 1860 139 39 möjligt
1599 1860 11 29 i
1627 1859 150 30 avbidan

281 1914 44 39 på
343 1916 47 28 ett
409 1914 134 39 slutligt
563 1914 335 38 ställningstagande
917 1913 51 29 till
988 1913 249 38 avdelningens
1257 1911 247 40 organisation.
1525 1911 50 29 De
1594 1911 79 29 med
1694 1909 85 30 assi-

281 1964 395 40 stentorganisationens
703 1964 185 29 införande
914 1963 158 39 följande
1098 1962 298 39 indragningarna
1423 1971 40 20 av
1492 1961 110 29 andra
1628 1960 149 39 tjänster

281 2024 101 20 anser
405 2014 387 39 departementschefen
815 2013 119 30 därför
956 2013 85 30 böra
1063 2013 165 39 påbörjas
1252 2013 37 29 så
1312 2015 96 27 snart
1432 2021 74 20 som
1529 2011 148 39 möjligt.
1700 2010 78 29 Med

280 2064 137 39 hänsyn
435 2065 119 28 härtill
573 2064 61 29 bör
650 2064 57 29 vid
726 2064 205 39 uppkomna
948 2064 174 29 vakanser
1141 2071 88 31 noga
1247 2063 197 39 övervägas,
1464 2071 55 21 om
1541 2062 156 39 tjänsten
1716 2061 62 29 bör

280 2115 257 39 upprätthållas
554 2115 10 28 i
581 2114 272 39 fortsättningen
870 2114 63 29 och
950 2114 151 39 tjänster
1119 2122 73 21 som
1209 2114 70 29 kan
1296 2113 258 39 ifrågakomma
1571 2112 51 29 till
1640 2112 138 38 indrag-

280 2164 82 39 ning
382 2164 60 29 bör
460 2164 11 29 i
491 2166 77 27 vart
588 2164 60 29 fall
668 2164 75 29 icke
764 2163 229 30 återbesättas
1012 2163 80 30 med
1113 2163 174 30 ordinarie
1307 2163 222 29 innehavare.

325 2215 11 28 I
360 2214 188 39 anledning
572 2223 41 20 av
634 2214 65 29 vad
721 2213 388 39 departementschefen
1130 2213 10 28 i
1164 2222 82 29 nyss
1269 2213 148 39 angivna
1439 2212 199 29 hänseende
1661 2212 116 29 anfört

280 2266 204 30 framhålles
510 2266 9 29 i
546 2266 179 29 motionen
751 2266 45 28 II:
813 2264 63 30 483
903 2267 49 28 att
978 2265 67 29 den
1071 2264 152 30 ovisshet
1249 2274 56 20 om
1333 2264 363 29 framtidsutsikterna
1724 2263 54 30 för

282 2316 425 39 taxeringsavdelningens
727 2316 172 38 personal,
920 2325 74 20 som
1013 2315 112 30 måste
1145 2315 87 39 följa
1251 2324 41 20 av
1311 2315 94 29 detta
1424 2315 182 29 uttalande
1624 2315 11 29 i
1655 2323 124 30 propo-

281 2367 159 33 sitionen,
466 2366 109 29 redan
599 2366 94 29 inom
718 2366 139 39 mycket
882 2366 79 29 kort
984 2365 51 30 tid
1060 2365 71 29 kan
1155 2365 142 30 komma
1321 2367 49 28 att
1394 2365 146 29 inverka
1565 2365 144 39 menligt
1734 2364 44 40 på

280 2416 311 39 taxeringsarbetet
608 2416 10 29 i
636 2416 211 29 Stockholm.
865 2416 48 29 De
931 2415 214 39 svårigheter
1163 2424 74 21 som
1255 2415 103 40 följer
1376 2425 41 20 av
1433 2425 42 20 en
1492 2415 216 39 provisorisk
1725 2424 54 20 or-

279 2465 196 40 ganisation
496 2465 63 30 bör
580 2465 153 40 givetvis,
755 2465 116 30 såsom
894 2465 214 29 framhållits
1122 2465 10 28 i
1146 2465 271 39 propositionen,
1438 2465 77 30 icke
1535 2465 132 30 tillåtas
1688 2465 94 29 med-

280 2517 76 30 föra
370 2527 42 20 en
426 2517 173 37 sänkning
613 2526 41 20 av
668 2516 422 37 taxeringsavdelningens
1106 2516 215 29 effektivitet.
1337 2516 113 30 Större
1466 2517 98 29 delen
1581 2526 42 20 av
1638 2516 141 36 tjänste-
