1920 2828
536 131 313 37 Båänkoutskottets
867 137 237 33 utlåtande
1068 127 36 52 nr
1120 142 47 29 42
1178 143 40 29 år
1235 144 84 29 1967
1655 149 18 31 I

1075 228 3 3 så
1113 220 3 9 1

863 439 52 37 Nr
941 438 134 38 42000

406 539 184 32 Utlåtande
613 542 81 29 över
715 543 172 30 motioner
909 545 12 29 i
942 545 188 41 anledning
1152 557 42 20 av
1209 544 133 45 Kungl.
1364 550 125 40 Maj:ts
1512 529 157 68 proposi-

628 595 70 30 tion
717 597 178 39 angående
914 598 270 43 komplettering
1201 611 42 20 av
1261 602 333 43 riksstatsförslaget
1611 606 57 39 för

627 648 202 41 budgetåret
844 651 160 46 1967/68,
1020 662 105 21 m.m.

227 752 13 29 I
263 753 54 30 två
338 754 51 29 till
409 754 288 33 bankoutskottet
719 758 189 31 hänvisade
929 760 223 40 likalydande
1173 764 181 34 motioner,
1376 774 41 20 nr
1438 766 63 30 860
1522 767 11 29 i
1554 767 110 31 första

180 805 207 32 kammaren
411 817 42 20 av
475 809 80 30 herr
581 810 144 32 Werner
749 812 64 30 och
837 822 41 20 nr
904 814 82 30 1065
1012 815 10 30 i
1047 816 109 30 andra
1180 817 205 31 kammaren
1410 829 43 21 av
1476 820 80 30 herr
1580 821 85 30 Her-

180 868 167 22 mansson
371 871 45 20 m.
440 862 49 40 fl.,
513 863 64 30 har
601 864 196 32 hemställts
822 869 49 28 att
895 867 187 41 riksdagen
1107 871 10 29 i
1141 870 165 31 skrivelse
1332 873 51 30 till
1408 873 124 41 Kungl.
1558 876 105 40 Maj:t

181 914 94 32 skall.
294 924 74 21 som
391 916 54 29 sin
467 918 142 39 mening
631 926 38 32 ge
692 920 52 29 till
763 920 121 31 känna
905 923 66 29 vad
995 915 74 37 som
1092 924 135 31 anförts
1255 926 6 29 i
1285 927 219 32 motionerna
1527 938 57 21 om
1608 929 55 31 be-

181 968 102 30 hovet
305 979 43 20 av
370 979 41 20 en
433 971 199 40 ytterligare
654 973 277 42 räntesänkning
952 977 11 29 i
987 966 93 50 syfte
1100 979 49 28 att
1171 978 172 42 bekämpa
1366 980 208 32 inflationen
1598 984 65 31 och

179 1022 182 31 stimulera
377 1024 258 39 produktionen
653 1027 65 29 och
736 1028 320 41 sysselsättningen.

223 1076 228 31 Beträffande
477 1079 251 40 motiveringen
755 1081 56 30 för
836 1082 114 31 denna
976 1084 211 32 hemställan
1214 1086 164 32 hänvisas
1406 1088 51 31 till
1485 1090 177 30 motionen

179 1128 46 30 II:
244 1129 92 30 1065.

222 1182 175 32 Utskottet
421 1185 64 30 har
509 1186 145 40 tidigare
678 1189 10 28 i
713 1188 37 31 år
775 1190 9 28 i
810 1189 58 30 sitt
894 1191 178 30 utlåtande
1097 1202 41 20 nr
1163 1193 19 30 8
1208 1194 132 31 lämnat
1366 1196 92 30 vissa
1484 1194 175 49 uppgifter

177 1244 56 21 om
259 1237 233 32 riksbankens
519 1240 173 35 diskonto,
720 1251 55 20 om
803 1244 186 30 utskottets
1017 1246 359 41 ställningstaganden
1404 1251 50 29 till
1481 1251 178 31 diskonto-

177 1289 188 41 höjningar
385 1293 110 30 under
516 1302 120 22 senare
657 1295 37 29 år
714 1296 64 29 och
798 1306 56 20 om
876 1297 144 40 tidigare
1040 1299 211 42 behandling
1272 1312 42 20 av
1334 1303 123 40 frågan
1478 1314 57 20 om
1556 1306 103 30 sänk-

175 1343 84 40 ning
274 1354 43 20 av
331 1345 232 32 riksbankens
581 1348 173 31 diskonto.
771 1350 66 30 Till
855 1351 93 30 detta
965 1352 179 32 utlåtande
1162 1354 54 31 får
1234 1356 169 31 utskottet
1420 1358 64 30 här
1501 1359 156 31 hänvisa.

173 1397 188 32 Diskontot
387 1400 65 30 har
480 1401 106 30 sedan
614 1403 154 30 nämnda
795 1405 178 30 utlåtande
1002 1414 125 32 avgavs
1157 1409 121 30 sänkts
1307 1411 10 29 i
1346 1420 41 20 en
1417 1413 109 29 andra
1555 1416 102 38 etapp

174 1451 65 30 och
256 1453 101 38 utgör
375 1453 54 30 för
447 1455 218 31 närvarande
682 1456 17 30 5
718 1459 152 37 procent.

824 1623 181 35 Utskottet

216 1721 171 32 Motioner
411 1723 161 40 syftande
597 1725 51 29 till
673 1735 40 20 en
739 1727 174 40 sänkning
937 1739 41 19 av
1001 1729 232 32 riksbankens
1259 1733 163 30 diskonto
1446 1735 63 30 har
1532 1736 121 31 väckts

171 1774 145 39 tidigare
341 1776 111 29 under
476 1777 234 31 innevarande
735 1779 55 30 års
815 1781 142 40 riksdag
981 1783 64 29 och
1069 1783 205 32 behandlats
1300 1796 42 20 av
1365 1787 287 34 bankoutskottet

175 1826 78 34 (utl.
275 1837 42 22 nr
339 1829 51 34 8).
412 1830 177 31 Utskottet
611 1833 152 30 uttalade
787 1834 52 34 då,
862 1834 127 30 liksom
1012 1837 105 29 också
1140 1838 144 39 tidigare
1307 1840 38 29 år
1367 1841 11 29 i
1401 1842 188 40 anledning
1611 1853 41 20 av

168 1881 173 31 motioner
365 1884 79 29 med
470 1893 134 21 samma
630 1886 99 39 syfte,
755 1888 49 29 att
830 1888 56 30 det
911 1888 61 31 bör
998 1890 189 31 ankomma
1212 1892 44 39 på
1282 1893 220 41 fullmäktige
1527 1897 11 29 i
1563 1897 89 30 riks-

167 1933 139 31 banken
329 1938 53 28 att
408 1937 111 39 själva
544 1938 146 31 bedöma
717 1940 209 40 tidpunkten
953 1942 54 31 för
1034 1944 64 29 och
1125 1944 213 32 innebörden
1366 1957 41 20 av
1433 1949 41 29 de
1501 1949 113 31 beslut
1641 1951 11 29 i

168 1988 260 40 räntepolitiskt
452 1992 169 30 avseende
646 2002 74 20 som
745 1995 79 29 med
848 1995 137 40 hänsyn
1010 1997 52 30 till
1087 1998 469 44 konjunkturutvecklingen
1581 2004 69 30 kan

166 2041 75 30 visa
265 2042 50 39 sig
340 2053 82 21 vara
447 2045 222 31 motiverade.
696 2047 175 31 Utskottet
897 2049 157 31 erinrade
1080 2052 10 29 i
1117 2052 94 30 detta
1237 2056 254 39 sammanhang
1517 2066 56 21 om
1600 2060 50 28 att

167 2095 67 29 den
256 2097 136 30 relativt
413 2098 90 39 höga
525 2099 181 31 räntenivå
728 2110 74 20 som
825 2103 262 39 upprätthållits
1111 2106 110 30 under
1245 2116 120 22 senare
1388 2109 37 29 år
1448 2110 71 31 inte
1541 2112 38 29 är
1602 2114 48 28 ett

167 2150 140 39 uttryck
323 2150 53 31 för
393 2153 47 28 ett
456 2152 211 40 principiellt
685 2155 333 41 ställningstagande
1036 2158 52 30 till
1106 2159 138 30 förmån
1263 2161 54 30 för
1335 2171 41 21 en
1394 2159 256 50 högräntepoli-

165 2201 53 31 tik
237 2203 85 30 utan
342 2203 177 33 föranleds
539 2215 43 21 av
600 2207 41 30 de
660 2207 88 31 krav
767 2217 76 22 som
861 2210 58 30 det
938 2211 400 34 samhällsekonomiska
1357 2215 90 41 läget
1468 2218 118 30 ställer
1605 2220 45 39 på

163 2257 336 40 penningpolitiken.

208 2311 64 30 Det
290 2311 95 31 finns
404 2313 216 32 fortfarande
639 2316 105 39 enligt
764 2317 186 31 utskottets
969 2320 140 39 mening
1128 2321 102 39 ingen
1249 2324 188 40 anledning
1455 2328 50 28 att
1524 2327 124 40 frångå

162 2373 48 20 nu
241 2365 158 39 gällande
429 2367 149 40 ordning
607 2368 55 31 för
691 2370 270 32 handhavandet
992 2383 42 20 av
1064 2374 344 41 diskontopolitiken.
1439 2380 120 31 Beslut
1590 2391 56 20 om

163 2416 248 42 förändringar
430 2430 42 20 av
490 2420 180 33 diskontot
688 2423 64 30 bör
770 2423 108 32 fattas
897 2435 43 21 av
959 2425 221 43 fullmäktige
1200 2429 12 30 i
1229 2429 216 33 riksbanken
1465 2433 87 30 efter
1573 2436 74 38 eget

161 2471 228 32 bedömande.
409 2474 130 30 Genom
559 2475 53 30 sin
632 2477 217 40 granskning
868 2489 42 19 av
928 2480 232 32 riksbankens
1182 2485 143 38 styrelse
1347 2486 64 29 och
1432 2487 213 42 förvaltning

194 2545 17 25 1
248 2544 113 32 Bihang
376 2544 47 26 till
435 2545 170 32 riksdagens
618 2548 149 30 protokoll
780 2549 76 25 1967.
870 2550 15 25 8
899 2552 84 24 saml.
995 2552 42 25 Nr
1048 2555 32 22 42
