1884 2822
267 185 40 31 28

396 266 121 36 (Kungl.
543 266 103 36 Maj:ts
663 266 210 37 proposition.)

269 324 110 37 tagnes
401 322 231 31 kvarhållande
655 324 38 29 är
717 323 148 31 beroende
882 324 47 38 på
944 334 58 20 me-

268 371 294 40 dicinalstyrelsens
579 372 170 40 prövning,
773 372 54 31 hos
849 373 153 39 styrelsen

266 421 86 42 gjort
384 422 103 31 sådan
521 422 190 32 hemställan
745 422 64 32 och
835 423 108 40 finnes
971 422 28 41 ej

267 473 153 32 förhöret
454 473 207 42 obehövligt,
685 485 78 20 vare
785 473 216 42 sjukvårdslå-

268 525 99 31 karen
389 525 75 31 eller
485 525 153 40 styrelsen
661 525 123 41 pliktig
807 526 49 30 att
878 525 125 41 begära

270 574 130 32 sådant.

699 188 103 29 Andra
825 188 194 37 lagutskottets
1041 189 147 29 utlåtande
1210 189 46 29 Ny
1280 190 47 27 35.

1239 267 169 33 (Utskottets
1424 267 143 36 förslag.)

1039 323 80 30 hörs
1136 322 191 41 begärande
1345 323 51 30 och
1419 318 108 50 finner
1543 323 29 39 ej
1590 323 100 31 denne
1706 322 62 31 för-

1037 373 100 30 höret
1160 372 206 40 obehövligt,
1390 383 77 20 vare
1491 372 62 31 han
1577 372 123 40 pliktig
1720 374 49 29 att

1038 423 123 41 begära
1195 423 135 38 sådant;
1355 422 75 32 dock
1452 422 105 41 åligge
1580 422 89 41 dylik
1691 423 78 40 skyl-

1038 474 108 42 dighet
1169 474 28 42 ej
1220 474 272 41 överinspektören
1503 473 59 41 för
1577 473 193 42 sinnessjuk-

1039 529 127 32 vården.

320 624 134 31 Förhör
476 626 54 28 må
553 623 11 31 i
587 624 87 31 intet
697 624 59 31 fall
779 624 141 41 begäras
944 623 106 41 enligt
1073 621 94 31 detta
1188 619 159 35 moment,
1365 616 60 31 där
1446 616 199 40 erforderlig
1661 615 109 32 utred-

267 674 83 41 ning
372 676 82 29 utan
478 674 182 41 olägenhet
683 674 65 31 kan
771 674 121 31 vinnas
916 676 82 29 utan

321 725 28 31 2.
395 724 133 32 Förbör
548 724 86 32 skall
650 724 143 42 begäras
810 724 192 41 skriftligen

269 775 63 32 hos
366 777 112 30 rätten
512 775 11 31 i
558 775 76 32 stad
669 775 82 32 eller
774 775 162 32 domaren
959 776 44 40 på

269 826 126 31 landet.
440 826 19 30 I
488 826 297 41 framställningen
809 837 54 20 om
887 826 117 31 förhör

269 876 84 31 böra
376 875 42 31 de
442 876 294 40 omständigheter
751 876 149 40 angivas,
914 876 90 30 vilka

269 926 153 31 förhöret
456 926 86 31 skall
576 937 88 20 avse.
710 926 83 31 Däri
821 925 86 32 skall
931 925 70 38 ock,

270 988 54 20 om
342 976 58 32 det
415 976 65 31 kan
498 976 68 38 ske,
580 976 211 32 beträffande
804 987 111 27 envar,
930 987 73 20 som

270 1027 106 41 enligt
409 1027 64 30 vad
506 1027 112 31 nedan
653 1029 78 39 sägs
765 1027 87 31 skall
885 1026 119 31 under-

269 1079 107 29 rättas
400 1088 54 20 om
471 1077 161 38 förhöret,
649 1077 132 31 lämnas
797 1076 136 42 uppgift
949 1088 54 19 om

270 1138 102 21 namn
397 1127 64 31 och
484 1127 209 42 postadress.
725 1119 179 49 Åberopas
921 1138 83 20 sam-

271 1178 107 42 tycke,
404 1189 72 21 som
500 1178 11 31 i
535 1178 40 32 38
598 1178 21 42 3
642 1178 105 32 andra
767 1178 133 42 stycket
916 1179 86 40 sägs,

272 1230 85 32 skall
393 1229 163 42 skriftligt
589 1230 96 31 bevis
720 1230 116 31 därom
870 1229 134 41 bifogas

271 1281 227 39 ansökningen.

1020 672 126 32 förhör.

1091 723 27 30 2.
1165 719 133 32 Förhör
1314 717 86 32 skall
1416 717 143 41 begäras
1577 716 193 41 skriftligen

1039 774 64 31 hos
1137 773 111 30 rätten
1281 769 12 31 i
1328 768 76 32 stad
1437 768 82 31 eller
1542 767 163 32 domaren
1729 768 43 40 på

1039 823 125 32 landet.
1209 821 19 30 I
1260 819 294 40 framställningen
1579 829 54 20 om
1656 817 117 31 förhör

1039 874 84 31 böra
1146 872 42 31 de
1208 869 294 40 omständigheter
1518 868 148 41 angivas,
1683 867 90 30 vilka

1039 923 153 32 förhöret
1226 920 86 32 skall
1346 930 87 21 avse.
1479 918 84 31 Däri
1591 918 86 31 skall
1700 917 71 38 ock,

1041 986 53 20 om
1113 973 58 31 det
1186 972 65 31 kan
1266 971 68 37 ske,
1347 969 213 32 beträffande
1573 979 111 27 envar,
1699 979 73 20 som

1040 1024 106 41 enligt
1178 1022 65 31 vad
1276 1021 112 31 nedan
1422 1022 78 39 sägs
1535 1019 86 31 skall
1654 1018 120 31 under-

1040 1076 106 30 rättas
1170 1084 55 20 om
1241 1072 161 36 förhöret,
1418 1071 132 30 lämnas
1566 1069 137 41 uppgift
1719 1079 54 20 om

1041 1136 102 20 namn
1167 1124 63 31 och
1254 1121 209 43 postadress.
1495 1111 179 49 Åberopas
1691 1129 83 21 sam-

1041 1175 108 42 tycke,
1174 1185 73 21 som
1270 1173 12 31 i
1305 1173 40 31 38
1368 1171 21 43 &
1412 1172 105 31 andra
1534 1170 132 42 stycket
1683 1171 88 39 sägs,

1042 1227 86 32 skall
1162 1224 164 42 skriftligt
1357 1223 97 32 bevis
1489 1222 117 32 därom
1639 1220 135 42 bifogas

1034 1276 298 42 framställningen.

324 1331 133 31 Förhör
485 1330 87 31 skall
606 1332 62 39 äga
700 1341 75 20 rum
804 1332 37 29 så
865 1331 94 30 snart
983 1329 59 31 ske
1065 1328 84 37 kan;
1173 1326 88 31 dock
1283 1327 54 29 må
1360 1325 52 31 för
1435 1323 193 31 ändamålet
1650 1320 125 33 urtima

272 1380 73 42 ting
369 1381 29 40 ej
423 1382 156 29 utsättas.

625 1380 126 31 Rätten
775 1380 83 31 eller
881 1380 161 31 domaren
1066 1378 67 31 låte
1157 1377 52 31 till
1233 1376 152 31 förhöret
1401 1374 88 31 kalla
1505 1374 67 30 den
1589 1373 82 31 eller
1687 1373 86 37 dem,

271 1431 109 31 vilkas
403 1430 152 32 hörande
578 1431 151 40 begärts;
754 1430 148 32 avsände
926 1430 62 31 ock
1011 1427 251 33 underrättelse
1286 1437 55 20 om
1365 1425 94 31 tiden
1483 1424 51 31 för
1555 1423 152 31 förhöret
1722 1422 53 31 till

273 1481 76 39 den,
384 1492 73 21 som
491 1481 90 42 gjort
614 1481 294 41 framställningen
933 1480 126 31 därom.
1106 1478 114 32 Sådan
1244 1475 250 32 underrättelse
1517 1473 102 32 varde
1640 1473 134 41 jämväl,

273 1532 61 31 där
357 1532 58 31 det
437 1531 65 31 kan
527 1532 69 35 ske,
620 1531 129 32 avsänd
774 1531 51 31 till
842 1531 75 36 den,
936 1541 73 20 som
1026 1530 89 41 gjort
1130 1527 214 36 hemställan,
1362 1537 115 19 varom
1494 1525 12 31 i
1531 1526 7 29 I
1553 1535 100 20 mom.
1671 1524 106 31 andra

274 1582 133 42 stycket
422 1582 169 38 förmäles,
616 1584 37 29 så
677 1581 62 32 ock
754 1581 12 31 i
782 1581 67 38 fall,
867 1581 43 31 då
926 1581 66 31 den
1015 1580 139 40 intagne
1178 1578 29 41 ej
1232 1579 44 40 på
1292 1588 84 30 egen
1392 1575 192 41 ansökning
1599 1574 142 41 intagits
1757 1575 19 29 å

275 1632 310 41 sinnessjukhuset,
610 1632 52 31 till
686 1632 75 38 den,
776 1643 74 20 som
878 1631 89 41 gjort
991 1629 246 41 ansökningen.
1283 1627 66 31 "Till
1373 1627 75 37 den,
1474 1637 73 20 som
1561 1625 140 41 intagits
1724 1625 53 31 för

275 1683 227 38 observation,
528 1682 94 39 skall,
647 1682 88 32 ändå
758 1684 49 30 att
830 1682 67 31 han
921 1681 29 42 ej
975 1681 89 42 gjort
1086 1679 214 38 hemställan,
1325 1689 73 20 som
1422 1688 84 31 nyss
1530 1678 102 40 sagts,
1658 1675 118 32 under-

274 1734 140 32 rättelse
438 1745 54 20 om
515 1733 155 32 förhöret
692 1732 177 33 avsändas.

326 1785 70 31 Vill
420 1784 66 31 den
509 1784 139 41 intagne
670 1784 139 31 inställa
832 1783 52 41 sig
905 1783 58 31 vid
986 1784 121 36 rätten,
1132 1781 178 32 ankomme
1333 1782 45 39 på
1401 1780 75 35 den,
1501 1789 73 21 som
1599 1779 64 31 hos
1686 1778 92 31 dom-

276 1835 111 32 stolen
411 1835 119 41 begärt
552 1834 161 38 förhöret,
739 1836 49 29 att
811 1834 117 31 därom
952 1833 144 31 besluta.
1142 1825 100 38 Ändå
1265 1833 50 29 att
1338 1831 65 30 den
1427 1831 139 39 intagne
1590 1831 35 29 är
1648 1829 11 31 i
1676 1829 101 31 stånd

275 1887 49 30 att
347 1887 160 29 övervara
529 1885 161 37 förhöret,
715 1885 54 30 må
793 1884 105 31 sådan
921 1883 190 31 inställelse
1135 1882 28 41 ej
1189 1881 194 41 tillstädjas,
1402 1891 53 20 om
1473 1880 126 41 menlig
1615 1880 162 31 inverkan

275 1938 44 39 på
353 1935 65 32 den
452 1936 158 40 intagnes
643 1934 257 32 hälsotillstånd
935 1934 102 30 därav
1071 1935 36 28 är
1140 1934 50 29 att
1223 1932 124 31 befara.
1393 1931 161 31 Beslutes
1577 1930 199 37 inställelse,

275 1986 109 41 åligge
408 1985 58 32 det
489 1984 318 43 sjukvårdsläkaren
831 1986 49 29 att
904 1984 103 40 draga
1029 1984 135 39 försorg
1187 1982 126 31 därom.

328 2037 28 30 3.
401 2036 71 31 Där
501 2037 112 29 rätten
636 2036 109 30 finner
769 2034 57 32 det
848 2034 165 41 lämpligt,
1039 2035 53 29 må
1115 2035 111 29 rätten
1249 2032 170 37 förordna,
1445 2033 49 29 att
1517 2031 152 31 förhöret
1693 2030 86 32 skall

276 2087 108 31 hållas
408 2086 93 32 inom
526 2086 144 40 stängda
692 2085 127 31 dörrar.

328 2138 28 30 4.
393 2136 113 32 Sedan
519 2137 116 31 förhör
647 2136 126 38 hållits,
787 2136 67 31 låte
867 2136 111 30 rätten
992 2135 82 31 eller
1086 2135 172 35 domaren,
1272 2133 88 31 ändå
1373 2134 49 30 att
1434 2132 153 31 förhöret
1599 2132 27 41 ej
1642 2132 137 41 begärts

276 2199 39 20 av
339 2187 328 41 sjukvårdsläkaren,
681 2186 155 31 tillställa
858 2186 127 31 honom
1010 2185 171 42 protokoll
1198 2186 79 30 över
1293 2184 161 37 förhöret,
1469 2183 64 31 och
1549 2194 77 20 vare
1642 2182 137 32 läkaren

276 2238 123 41 pliktig
421 2239 50 30 att
493 2238 11 30 i
528 2238 41 30 de
602 2237 68 38 fall,
706 2237 61 31 där
789 2237 66 31 den
878 2237 139 40 intagne
1041 2236 232 31 underrättats
1298 2246 54 20 om
1375 2234 161 38 förhöret,
1560 2234 69 30 låta
1652 2233 126 31 honom

278 2291 75 39 taga
377 2289 55 31 del
455 2299 41 21 av
519 2287 217 42 protokollet.

981 2348 42 29 40
1044 2346 28 41 8.

330 2398 186 41 Angående
550 2397 191 41 ersättning
774 2397 52 31 till
861 2397 75 38 den,
962 2408 73 20 som
1060 2396 107 41 enligt
1190 2396 94 31 detta
1306 2395 129 41 kapitel
1458 2394 160 31 inkallats
1641 2394 55 31 till
1718 2394 62 31 för-

279 2449 71 37 hör,
374 2449 87 41 gälle
483 2449 66 30 vad
572 2448 173 41 angående
769 2448 191 40 ersättning
983 2459 40 19 av
1046 2447 171 31 allmänna
1239 2446 112 31 medel
1375 2445 52 31 till
1443 2445 132 31 vittnen
1591 2445 11 30 i
1618 2444 163 32 brottmål

279 2500 110 31 finnes
413 2499 149 42 stadgat;
587 2499 87 31 dock
698 2498 85 32 skall
807 2498 234 41 ersättningen
1065 2497 97 31 alltid
1187 2499 122 29 stanna
1333 2498 18 29 å
1375 2496 214 32 statsverket.
