1880 2792
359 163 218 29 Sammansatt
600 165 93 27 stats-
717 164 58 28 och
797 163 100 28 andra
921 163 192 36 lagutskotts
1136 162 167 28 utlåtande
1325 171 39 19 nr
1384 163 27 27 1.
1600 159 37 30 11

189 235 52 31 De
258 235 106 32 totala
380 235 226 31 kostnaderna
623 235 54 30 för
694 245 41 20 en
751 233 210 42 provisorisk
977 233 215 43 förlängning
1207 233 76 30 med
1299 233 40 30 60
1355 232 104 41 dagar
1474 243 39 20 av
1529 232 108 31 första

136 287 273 41 tjänstgöringen
437 287 53 31 för
517 287 53 31 till
597 285 403 43 gruppchefsutbildning
1026 287 141 39 uttagna
1193 284 231 42 värnpliktiga
1449 295 40 20 av
1515 284 123 31 ålders-

135 339 93 32 klass
248 340 79 30 1948
350 340 123 40 (grupp
489 338 34 31 K
541 350 39 20 av
597 338 208 32 åldersklass
826 338 92 41 1949)
942 338 44 31 ha
1004 348 39 20 av
1060 337 210 37 kommittén,
1289 337 77 31 med
1383 336 256 42 utgångspunkt

135 392 76 30 från
235 394 51 29 att
309 391 459 41 utbildningskontingenten
793 392 71 29 året
889 389 164 32 1949—50
1076 389 151 32 kommer
1250 391 50 30 att
1323 391 114 39 uppgå
1459 389 54 32 till
1537 389 102 41 högst

134 444 19 30 6
167 444 62 31 000
249 455 85 26 man,
356 443 182 31 beräknats
560 443 108 42 enligt
687 442 163 42 följande:

137 520 191 32 Underhåll
347 520 61 32 och
427 520 157 41 avlöning
602 531 41 20 m.
663 531 41 20 m.
725 519 107 32 under
850 520 39 31 60
909 519 105 41 dagar
1030 530 39 20 av
1086 519 105 41 högst
1208 519 18 30 6
1239 518 60 31 000

187 583 78 20 MÖT
301 598 60 5 5330
387 598 129 5 nr
613 598 28 5 CSN
673 597 192 5 ENKOM
897 597 39 5 ENS
948 597 29 5 Kö
1005 596 69 5 Wasa
1101 596 71 5 oss
1218 596 80 5 RE
1325 570 126 30 kronor
1472 570 19 30 3
1504 569 60 31 906
1577 569 61 31 000

134 624 153 31 Premier
341 648 956 7 omoseerseeresresrererrrrrrerererrerererrererrrr
984 620 39 51 rer
1025 620 36 51 err
1067 620 39 51 rer
1111 620 20 51 er
1140 620 17 51 er
1169 620 58 51 renen
1236 620 64 51 rena
1379 636 14 14 »
1474 622 90 31 1500
1577 621 61 31 000

136 677 172 41 Avlöning
329 678 54 30 till
409 677 79 33 civil
512 677 433 42 handräckningspersonal
973 701 326 6 .sssmmssesesseserersena
1381 688 13 14 »
1476 675 89 30 1260
1579 674 61 31 000

1164 734 139 32 Summa
1325 734 127 31 kronor
1474 734 18 31 6
1505 733 60 31 666
1578 733 62 31 000

191 804 231 31 Kommitténs
447 803 128 42 förslag
598 803 10 30 i
633 803 111 32 denna
768 802 54 31 del
846 804 36 29 är
905 801 73 32 icke
1002 801 174 41 enhälligt.
1213 800 18 31 I
1255 800 139 32 särskilt
1417 800 154 41 yttrande
1596 799 44 32 ha

136 856 232 32 ledamöterna
389 856 187 32 Lindholm
597 855 63 32 och
682 856 142 31 Nilsson
846 854 164 31 förklarat
1032 854 52 41 sig
1105 864 91 27 anse,
1220 856 51 28 att
1291 852 184 42 anledning
1497 852 53 31 för
1570 854 70 29 när-

138 908 147 31 varande
303 907 30 42 ej
352 907 150 41 förelåge
520 910 50 29 att
586 917 123 31 genom
726 907 59 32 det
800 906 196 41 föreslagna
1011 905 206 42 provisoriet
1234 905 171 41 föregripa
1421 904 218 31 kommitténs

138 960 143 42 slutliga
317 960 327 41 ställningstagande
684 960 11 30 i
733 961 120 30 ämnet.
892 959 273 31 Reservanterna
1189 957 45 31 ha
1259 959 113 29 ansett
1397 967 42 20 en
1465 956 176 42 uppenbar

139 1013 143 42 svaghet
298 1013 11 31 i
326 1012 168 42 förslaget
509 1012 91 41 ligga
616 1011 83 40 däri,
719 1014 50 30 att
787 1011 65 31 den
869 1010 177 41 förlängda
1062 1009 274 42 tjänstgöringen
1354 1009 55 30 för
1424 1007 215 43 gruppchefs-

138 1065 157 31 eleverna
314 1064 109 32 skulle
444 1066 134 39 uttagas
599 1064 89 31 först
707 1063 87 31 efter
814 1063 56 31 det
891 1062 117 42 övriga
1027 1061 226 42 värnpliktiga
1272 1061 159 41 fullgjort
1450 1060 54 32 sin
1523 1060 117 42 tjänst-

138 1116 131 42 göring,
294 1127 101 21 varav
420 1116 45 33 bl.
493 1127 27 20 a.
546 1116 98 31 bleve
670 1115 132 42 följden
828 1117 50 29 att
903 1115 65 31 den
993 1114 174 42 praktiska
1190 1112 352 41 befälsutbildningen
1567 1111 73 32 icke

138 1169 114 31 kunde
279 1168 197 32 samordnas
503 1168 77 31 med
605 1168 67 31 den
697 1167 186 32 teoretiska
910 1167 62 31 och
1000 1166 195 41 därigenom
1222 1165 29 41 ej
1279 1165 93 40 finge
1398 1164 127 32 avsedd
1549 1164 92 40 bety-

139 1221 104 31 delse.
278 1221 126 31 Vidare
429 1223 117 39 syntes
569 1220 114 31 risken
707 1223 50 29 att
779 1219 48 31 bli
851 1221 140 39 uttagen
1012 1218 53 32 till
1086 1217 311 41 befälsutbildning
1418 1216 113 32 kunna
1553 1215 87 32 med-

137 1273 85 40 föra,
258 1276 50 29 att
344 1272 258 41 »maskningen»
641 1272 92 41 finge
770 1271 86 31 ökad
891 1270 187 42 spridning.
1115 1270 69 34 Det
1218 1280 78 20 vore
1331 1269 115 31 vidare
1482 1268 161 32 önskvärt

140 1328 51 29 att
210 1325 202 33 kommittén
433 1325 93 41 finge
546 1327 36 29 ta
602 1324 55 32 del
679 1335 40 20 av
740 1324 58 31 det
818 1322 325 42 utredningsarbete,
1166 1332 73 21 som
1259 1321 145 42 påginge
1425 1321 92 31 inom
1538 1320 104 31 andra

140 1378 129 31 avsnitt
285 1388 39 20 av
342 1376 441 42 försvarsorganisationen,
802 1375 92 32 vilka
910 1374 88 32 hade
1017 1373 163 32 samband
1198 1373 76 31 med
1292 1372 222 33 förevarande
1531 1373 110 40 spörs-

140 1430 76 30 mål.
246 1430 53 30 En
316 1429 196 41 ytterligare
531 1428 181 41 anledning
728 1427 55 32 till
801 1429 273 29 reservanternas
1092 1425 212 41 ståndpunkt
1320 1425 10 31 i
1349 1425 118 41 frågan
1485 1424 156 41 utgjorde

138 1481 42 31 de
204 1480 221 32 ekonomiska
446 1481 140 40 hänsyn,
610 1490 74 21 som
707 1479 12 30 i
740 1478 193 32 nuvarande
956 1478 73 41 läge
1053 1480 106 29 måste
1183 1480 105 38 tagas.

137 1583 301 41 Remissyttranden.

198 1640 328 41 Överbefälhavaren
549 1639 61 31 har
633 1639 137 36 erinrat,
794 1641 49 29 att
865 1638 67 30 han
956 1636 102 31 redan
1082 1636 11 31 i
1117 1636 61 31 sitt
1200 1635 157 42 yttrande
1381 1636 82 30 över
1486 1634 79 31 1945
1589 1636 53 29 års

142 1692 349 32 försvarskommittés
520 1691 213 32 betänkande
765 1689 196 38 framhållit,
992 1691 50 29 att
1071 1688 53 31 för
1154 1688 41 31 de
1225 1687 238 41 värnpliktiga,
1493 1697 73 21 som
1596 1689 47 28 ut-

140 1748 98 37 toges
261 1744 53 31 till
336 1740 414 45 gruppchefsutbildning,
776 1753 39 20 en
838 1744 108 29 första
968 1740 228 42 tjänstgöring
1218 1751 53 19 om
1293 1739 104 31 minst
1422 1740 36 29 11
1483 1738 160 32 månader

140 1796 110 32 under
274 1796 66 31 alla
365 1795 237 32 förhållanden
627 1806 79 19 vore
732 1793 202 42 nödvändig.
974 1793 63 31 Om
1063 1792 116 42 dylika
1203 1791 228 42 värnpliktiga
1455 1802 40 20 av
1520 1790 123 31 ålders-

138 1848 140 31 klassen
296 1848 79 31 1948
394 1848 11 30 i
424 1847 109 32 likhet
550 1847 75 30 med
644 1846 65 31 vad
729 1857 71 20 som
820 1846 90 30 skett
927 1844 214 32 beträffande
1160 1843 237 32 motsvarande
1416 1842 228 41 värnpliktiga

141 1910 41 20 av
207 1899 252 31 åldersklassen
486 1896 77 33 1947
589 1898 116 31 ålades
731 1909 42 19 en
797 1897 109 31 första
929 1896 230 41 tjänstgöring
1184 1906 54 20 om
1263 1895 146 31 allenast
1431 1894 19 30 9
1475 1893 167 36 månader,

141 1951 112 31 skulle
282 1951 106 40 enligt
416 1948 343 33 överbefälhavarens
790 1948 134 42 mening
952 1947 301 42 krigsförbandens
1282 1946 201 31 hållfasthet
1511 1945 133 31 komma

141 2004 49 29 att
211 2002 109 41 nedgå
340 2002 11 30 i
371 2002 79 31 vida
470 2001 103 41 högre
595 2001 83 41 grad
699 2003 42 28 än
763 2012 71 19 som
856 1999 216 32 föranleddes
1094 2010 41 20 av
1156 1998 66 31 den
1242 1998 54 31 till
1326 1998 9 30 9
1356 1997 160 31 månader
1536 1996 108 42 provi-

142 2054 128 32 soriskt
288 2054 182 31 avkortade
492 2053 342 41 tjänstgöringstiden
855 2053 53 30 för
927 2052 41 30 de
989 2051 243 41 värnpliktigas
1251 2049 183 32 huvuddel.
1467 2050 49 30 På
1534 2048 110 42 grund

141 2107 103 30 därav
266 2106 184 40 tillstyrkte
473 2105 321 31 överbefälhavaren
817 2103 408 42 värnpliktskommitténs
1249 2102 128 40 förslag
1398 2112 53 20 om
1474 2112 41 20 en
1536 2100 108 42 provi-

142 2158 113 31 sorisk
277 2158 215 40 förlängning
513 2169 40 19 av
576 2158 109 30 första
706 2156 229 41 tjänstgöring
956 2156 53 30 för
1032 2155 75 31 dem
1128 2165 75 20 som
1226 2153 107 31 under
1355 2152 290 40 utbildningsåret

143 2210 165 30 1949—50
336 2210 132 30 komme
499 2212 49 28 att
576 2211 134 38 uttagas
741 2208 52 30 till
822 2207 234 41 gruppchefer.
1098 2205 330 32 Överbefälhavaren
1459 2203 185 41 tillstyrkte

142 2261 124 39 jämväl
291 2261 163 39 förslaget
478 2263 49 29 att
549 2259 362 41 gruppchefseleverna
936 2259 9 30 i
970 2259 124 29 största
1117 2257 141 40 möjliga
1280 2255 234 40 utsträckning
1535 2255 109 30 skulle

141 2313 129 30 befrias
301 2313 73 30 från
405 2311 432 40 handräckningsgöromål.
880 2308 330 31 Överbefälhavaren
1240 2307 78 31 ville
1350 2306 224 41 understryka
1603 2305 41 31 de

145 2364 189 38 föreslagna
370 2363 218 39 åtgärdernas
626 2361 232 42 provisoriska
894 2360 164 32 karaktär.
1095 2360 135 30 Brister
1267 2359 9 30 i
1314 2357 331 42 gruppchefsutbild-

143 2417 125 39 ningen
290 2416 131 30 komme
444 2415 169 39 nämligen
637 2414 146 40 alltjämt
806 2415 49 30 att
876 2412 145 31 kvarstå.

199 2469 129 39 Chefen
349 2469 53 39 för
424 2470 111 29 armén
558 2467 61 30 har
641 2465 194 38 framhållit,
859 2467 49 29 att
929 2464 92 31 såväl
1043 2475 38 19 av
1104 2461 410 42 värnpliktskommitténs
1537 2460 108 32 utred-
