1910 2764
452 161 366 34 Bevillningsutskottets
842 159 202 28 betänkande
1066 166 40 19 nr
1127 158 37 28 20
1186 158 37 27 år
1245 157 77 28 1962
1621 158 12 28 1

815 421 64 41 Nr
911 421 55 41 20

346 537 405 39 Bevillningsutskottets
772 535 221 30 betänkande
1016 535 10 29 i
1046 533 188 39 anledning
1255 541 42 21 av
1320 531 122 30 väckta
1465 529 171 31 motioner

546 590 177 40 angående
744 589 162 39 åtgärder
927 588 56 30 vid
1004 587 266 38 beskattningen
1291 586 11 29 i
1321 585 92 40 syfte
1433 585 51 28 att
1503 582 131 41 främja

545 644 190 40 sparandet
759 652 104 20 m.m.

204 754 66 29 Till
292 752 382 39 bevillningsutskottet
697 751 63 28 har
783 750 182 30 hänvisats
989 748 156 40 följande
1169 748 97 29 inom
1289 746 188 39 riksdagen
1500 744 135 33 väckta,

150 817 40 20 av
208 808 170 29 utskottet
395 806 53 30 till
464 805 213 39 behandling
694 805 10 28 i
723 806 47 28 ett
789 803 256 39 sammanhang
1062 803 178 38 upptagna
1258 800 183 33 motioner,
1460 797 176 40 nämligen

207 890 34 38 I)
271 888 41 29 de
343 886 225 40 likalydande
600 885 220 29 motionerna
853 883 85 30 1:23
972 892 42 20 av
1044 882 80 28 herr
1156 881 174 30 Mattsson
1363 880 66 29 och
1461 879 45 29 II:
1522 877 41 31 39
1597 885 41 21 av

154 942 79 29 herr
251 941 203 29 Antonsson
474 949 44 20 m.
531 938 50 41 fl.,
601 939 74 29 vari
694 937 208 34 hemställts,
925 938 72 28 »att
1016 936 187 39 riksdagen
1222 936 10 29 i
1254 933 168 31 skrivelse
1441 932 53 31 till
1514 931 126 39 Kungl.

155 995 103 39 Maj:t
277 994 107 30 måtte
402 993 141 31 anhålla
560 1002 58 20 om
635 992 187 38 utredning
841 991 64 29 och
924 990 131 38 förslag
1074 989 50 30 till
1144 988 187 39 riksdagen
1351 986 149 30 rörande
1520 985 121 30 stimu-

156 1049 75 29 lans
253 1058 41 20 av
314 1048 58 30 det
392 1047 198 40 personliga
612 1045 187 40 sparandet
818 1045 12 28 i
850 1045 67 28 vad
938 1052 99 21 avser

212 1103 34 32 1)
276 1101 212 40 premiering
507 1109 40 21 av
568 1100 57 30 det
643 1098 198 41 personliga
861 1097 237 40 nysparandet
1117 1105 41 20 av
1178 1095 82 30 reell
1279 1094 178 33 karaktär,

210 1156 35 33 2)
275 1154 212 41 premiering
507 1163 41 21 av
569 1153 171 40 sparande
760 1152 20 30 å
801 1151 143 30 särskilt
963 1150 190 40 sparkonto
1173 1152 11 28 i
1204 1148 95 30 bank
1320 1147 82 30 eller
1423 1155 117 21 annan
1560 1154 82 31 pen-

154 1209 318 40 ninginrättning>;

210 1291 50 38 II)
291 1290 41 29 de
352 1288 223 40 likalydande
595 1288 218 29 motionerna
833 1286 29 29 I:
881 1285 62 29 154
963 1294 41 20 av
1023 1285 80 28 herr
1122 1282 173 40 Källqvist
1316 1281 96 40 m.fl.
1433 1281 65 29 och
1518 1280 45 29 II:
1582 1278 61 30 198

157 1353 41 20 av
231 1344 79 29 herr
344 1343 153 29 Jönsson
531 1342 11 29 i
575 1339 312 41 Ingemarsgården
920 1338 108 39 m.fl,
1051 1337 74 30 vari
1149 1336 208 33 hemställts,
1383 1336 49 28 att
1456 1333 186 38 riksdagen

160 1397 104 30 måtte

213 1453 35 31 a)
279 1451 112 29 uttala
412 1450 54 29 sin
487 1448 204 38 anslutning
711 1447 51 29 till
784 1447 57 29 det
867 1446 6 29 i
894 1445 219 29 motionerna
1134 1443 149 39 angivna
1307 1443 165 38 systemet
1493 1440 55 30 för
1569 1448 76 31 pre-

159 1505 146 38 miering
331 1513 41 20 av
397 1503 58 29 det
479 1501 159 31 enskilda
665 1500 197 40 sparandet,
888 1498 242 30 innefattande
1155 1497 88 29 bl.a.

214 1560 48 27 att
284 1556 251 31 skattelättnad
557 1555 136 30 lämnas
715 1554 54 29 för
791 1552 209 40 sparbelopp
1023 1560 74 21 som
1118 1550 147 30 insättes
1286 1549 46 39 på
1354 1547 172 31 särskilda
1550 1555 95 31 spar-

159 1612 132 29 konton
308 1611 10 29 i
333 1610 96 30 bank
446 1609 81 30 eller
544 1608 145 30 därmed
704 1606 180 40 jämförlig
902 1604 287 41 sparinrättning,

215 1667 49 27 att
286 1663 257 41 premieringen
565 1662 90 30 skall
676 1660 82 40 utgå
779 1660 79 30 med
883 1659 39 29 10
944 1660 144 38 procent
1108 1667 41 20 av
1172 1657 156 39 nyinsatt
1351 1655 207 40 sparbelopp
1582 1653 63 30 och

158 1719 6 28 i
184 1717 246 31 motsvarande
448 1716 82 30 mån
548 1715 140 30 minska
707 1723 185 30 spararens
911 1712 140 39 statliga
1068 1710 263 34 inkomstskatt,

216 1774 49 27 att
284 1771 257 40 premieringen
563 1769 90 30 skall
673 1767 82 40 utgå
774 1767 55 30 för
849 1767 102 38 högst
974 1765 93 30 1000
1088 1765 130 29 kronor
1238 1773 61 30 per
1320 1763 38 30 år
1380 1762 64 30 och
1465 1762 118 33 konto,

215 1827 50 28 att
286 1825 98 39 varje
409 1824 51 29 till
485 1822 117 39 statlig
626 1821 253 30 inkomstskatt
904 1818 234 39 skattskyldig
1163 1817 127 30 svensk
1316 1815 226 39 medborgare
1566 1815 81 29 över

162 1880 37 29 16
221 1879 37 29 år
280 1878 89 30 skall
401 1877 46 29 ha
479 1878 69 28 rätt
581 1878 50 27 att
653 1876 115 38 öppna
791 1873 125 30 sådant
938 1871 336 40 premiesparkonto,
1298 1869 89 30 dock
1410 1870 50 28 att
1482 1868 58 30 två
1563 1868 82 29 äkta

161 1933 122 29 makar
304 1932 90 30 skall
415 1931 45 28 ha
481 1931 69 28 rätt
571 1931 50 27 att
642 1930 115 37 öppna
778 1929 48 27 ett
850 1926 191 39 sparkonto
1062 1933 70 25 var,
1155 1925 86 29 även
1264 1932 57 21 om
1343 1923 67 29 den
1432 1931 65 21 ena
1519 1921 126 30 maken

162 1986 128 29 saknar
315 1992 86 32 egen
426 1984 165 32 inkomst,

217 2041 48 27 att
291 2037 326 40 premiesparkonto
643 2037 84 28 även
755 2034 88 29 skall
872 2033 34 30 få
931 2034 134 37 öppnas
1091 2031 54 30 för
1170 2038 88 31 egna
1282 2030 88 29 barn
1396 2028 111 30 under
1535 2028 38 29 16
1598 2027 49 34 år,

216 2094 49 28 att
288 2090 212 41 premiering
524 2090 54 29 för
605 2087 276 41 sparinsättning
907 2086 88 29 skall
1021 2085 120 29 kunna
1167 2084 60 29 ske
1252 2091 126 31 genom
1402 2081 245 30 motsvarande

164 2146 131 29 lättnad
316 2145 10 29 i
347 2143 225 33 källskatten,
594 2151 57 20 om
672 2139 339 31 överenskommelse
1033 2137 126 31 träffas
1182 2139 49 27 att
1252 2136 260 38 arbetsgivaren
1534 2134 114 29 ombe-

162 2199 110 38 sörjer
297 2197 238 37 insättningen
563 2195 54 29 för
643 2195 66 28 den
734 2193 190 29 anställdes
950 2191 159 38 räkning,

218 2254 49 27 att
302 2250 161 30 definitiv
498 2247 211 41 premiering
745 2246 87 29 skall
870 2245 189 29 förutsätta
1083 2245 49 27 att
1158 2242 207 39 sparbelopp
1391 2241 84 30 stått
1500 2241 81 29 inne
1605 2240 43 39 på

164 2306 105 28 konto
288 2304 108 29 minst
415 2303 71 28 fem
503 2302 48 33 år,

219 2360 49 27 alt
291 2359 98 36 uttag
414 2356 88 29 skall
527 2355 120 28 kunna
672 2353 70 33 ske,
768 2361 56 19 om
849 2359 166 31 spararen
1041 2352 37 27 så
1103 2349 140 33 önskar,
1269 2357 80 21 men
1374 2349 50 28 att
1448 2347 44 39 på
1516 2347 134 38 uttaget

164 2412 122 38 belopp
308 2409 193 40 belöpande
524 2405 214 41 sparpremie
760 2413 123 31 genom
906 2403 158 30 bankens
1088 2402 135 38 försorg
1247 2401 43 29 då
1314 2400 136 38 återgår
1472 2399 52 31 till
1549 2400 101 29 stats-

164 2465 129 33 verket,
313 2463 74 29 ifall
409 2462 160 39 beloppet
589 2461 71 29 inte
682 2458 81 31 stått
786 2460 118 37 sparat
927 2456 106 30 minst
1055 2456 69 29 fem
1145 2456 48 29 år.

165 2529 119 24 1—3319
298 2531 31 20 682
360 2518 10 49 —
377 2529 121 34 Bihang
521 2528 45 27 till
588 2527 174 33 riksdagens
788 2524 146 36 protokoll
960 2524 85 26 1962.
1074 2524 16 25 7
1113 2522 87 27 saml.
1228 2522 47 26 Nr
1300 2522 37 25 20
