1906 2762
460 194 367 35 Bevillningsutskottets
851 193 201 28 betänkande
1073 201 41 18 nr
1135 193 37 27 20
1193 192 38 28 år
1253 192 77 28 1962

1625 194 18 30 [AL

793 292 34 33 ec)
855 291 145 39 Förslag

868 372 53 30 till

157 454 54 38 lag
235 462 55 20 om
316 453 148 39 ändring
490 456 10 29 i
526 452 424 39 kommunalskattelagen
975 452 67 30 den
1069 452 42 29 28
1136 451 196 39 september
1359 451 83 29 1928
1472 451 60 34 (nr
1558 450 81 34 370)

211 561 211 39 Härigenom
440 561 197 33 förordnas,
657 562 49 27 att
725 560 40 30 39
784 565 15 34 8
828 560 8 29 3
855 569 104 20 mom.
978 558 427 39 kommunalskattelagen
1424 558 67 30 den
1510 557 42 30 28
1571 566 73 31 sep-

160 615 130 29 tember
308 614 84 30 1928
413 614 59 33 (nr
489 614 80 32 370)
592 614 88 29 skall
698 613 132 30 erhålla
846 613 157 39 följande
1019 613 154 30 ändrade
1191 612 140 39 lydelse,
1350 613 50 28 att
1417 611 52 30 till
1488 610 156 40 följande

157 668 203 39 paragrafer
378 669 11 28 i
411 677 135 20 samma
565 668 55 39 lag
641 668 96 29 skola
757 667 98 39 fogas
875 676 68 30 nya
964 668 155 27 moment
1139 675 42 20 av
1201 666 114 29 nedan
1336 665 147 38 angiven
1504 665 139 39 lydelse,

158 722 177 39 nämligen
351 722 52 29 till
421 722 40 29 22
481 726 15 35 &
515 723 48 28 ett
583 723 154 27 moment
754 721 184 29 betecknat
957 719 29 35 4,
1007 719 51 30 till
1077 719 40 30 25
1138 724 15 35 &
1171 721 48 28 ett
1237 721 156 27 moment
1410 718 186 30 betecknat
1614 717 29 34 4,

157 776 52 30 till
226 775 40 30 29
284 780 15 35 &
316 777 48 28 ett
380 777 156 27 moment
551 775 185 29 betecknat
752 775 18 29 5
789 776 90 28 samt
896 774 51 29 till
964 773 41 30 46
1023 778 16 35 &
1057 774 48 29 ett
1121 774 156 28 moment
1293 772 186 30 betecknat
1496 772 29 34 5,
1544 773 100 29 även-

159 839 74 20 som
254 831 51 27 att
323 829 53 29 till
395 829 274 39 anvisningarna
689 828 52 29 till
762 828 40 29 22
824 832 15 35 &
862 836 135 21 samma
1019 827 54 39 lag
1095 826 88 30 skall
1205 826 99 39 fogas
1326 835 42 20 en
1389 835 45 30 ny
1455 826 115 39 punkt
1589 825 55 30 be-

157 883 150 30 tecknad
325 882 29 34 9,
373 892 41 20 av
430 883 66 29 den
515 882 129 39 lydelse
663 891 74 20 som
754 882 114 29 nedan
887 882 88 38 sägs.

857 990 40 30 22
924 994 16 36 8

214 1053 16 28 4
257 1061 105 20 mom.
388 1052 125 39 Fysisk
532 1061 138 30 person,
690 1062 75 19 som
782 1052 76 30 haft
876 1052 115 30 intäkt
1008 1061 122 20 varom
1148 1052 11 29 i
1178 1052 39 29 21
1240 1056 15 36 8
1276 1052 176 34 förmäles,
1473 1053 90 38 äger,
1584 1052 62 29 där

158 1106 280 29 bruttointäkten
457 1105 190 40 överstiger
668 1106 263 39 sammanlagda
950 1105 162 40 beloppet
1132 1115 41 20 av
1192 1106 41 29 de
1253 1106 10 29 i
1286 1106 14 29 1
1323 1105 82 30 eller
1437 1105 6 30 3
1465 1114 105 21 mom.
1591 1114 55 21 av-

160 1160 106 29 sedda
284 1160 247 33 kostnaderna,
551 1160 122 29 utöver
691 1160 128 38 avdrag
838 1159 55 30 för
912 1159 102 29 dessa
1032 1159 190 30 kostnader
1242 1159 139 40 åtnjuta
1401 1160 97 29 extra
1518 1159 129 38 avdrag

159 1214 79 29 med
263 1213 63 29 400
351 1213 140 29 kronor.
517 1213 73 29 Har
615 1213 65 29 den
707 1212 252 40 skattskyldige
984 1213 112 29 under
1121 1212 320 40 beskattningsåret
1465 1213 91 29 varit
1582 1213 63 39 gift

160 1267 64 30 och
242 1268 69 29 levt
327 1267 236 29 tillsammans
582 1267 77 29 med
678 1267 110 29 andra
807 1267 137 33 maken,
963 1266 58 30 må
1039 1276 48 19 nu
1106 1268 112 28 avsett
1237 1266 128 40 avdrag
1384 1266 55 30 för
1458 1266 80 30 dem
1555 1265 90 31 båda

160 1323 216 36 gemensamt
397 1320 158 39 åtnjutas
578 1320 78 29 med
678 1320 62 29 800
762 1321 139 28 kronor.
925 1320 12 28 I
959 1320 88 29 intet
1069 1320 62 29 fall
1153 1319 57 30 må
1232 1320 89 29 dock
1343 1319 235 40 skattskyldig
1598 1320 49 29 åt-

160 1374 102 39 njuta
279 1376 97 27 extra
395 1374 129 39 avdrag
543 1374 78 29 med
640 1374 105 39 högre
763 1373 125 40 belopp
908 1375 44 28 än
972 1382 76 21 som
1068 1382 119 20 svarar
1208 1375 72 27 mot
1301 1373 197 30 skillnaden
1518 1373 126 30 mellan

160 1427 281 30 bruttointäkten
457 1428 66 28 och
539 1436 165 20 summan
720 1436 42 20 av
779 1427 40 29 de
836 1428 10 28 i
866 1428 13 27 I
899 1427 83 29 eller
1011 1427 6 29 3
1035 1435 104 20 mom.
1157 1426 152 29 avsedda
1326 1426 238 30 kostnaderna
1582 1427 63 29 och

161 1481 30 38 ej
214 1481 109 29 heller
344 1481 79 29 med
443 1480 107 40 högre
570 1480 125 39 belopp
717 1481 45 29 än
784 1489 75 20 som
881 1481 196 28 motsvarar
1099 1479 19 29 4
1139 1481 145 38 procent
1306 1489 42 20 av
1369 1479 66 30 den
1458 1479 190 39 skattskyl-

160 1535 95 39 diges
277 1535 10 28 i
308 1534 208 39 jordbruket
537 1534 171 39 nedlagda
730 1533 263 39 skattepliktiga
1015 1533 253 39 förmögenhet.
1291 1533 107 29 Extra
1421 1533 128 40 avdrag
1573 1542 75 21 som

161 1588 63 30 här
249 1589 78 38 sägs
352 1587 57 30 må
431 1588 129 33 vidare,
586 1587 234 29 tillsammans
846 1587 78 29 med
949 1586 290 30 förekommande
1265 1588 97 28 extra
1387 1587 129 39 avdrag
1541 1586 107 40 enligt

161 1642 40 29 25
220 1646 16 35 8
254 1641 19 29 4
292 1650 104 20 mom.
416 1641 64 29 och
498 1640 40 30 29
558 1645 15 35 &
593 1641 17 29 5
630 1650 114 25 mom.,
764 1641 122 29 endast
905 1640 158 39 åtnjutas
1082 1642 11 29 i
1112 1640 66 29 den
1196 1639 83 30 mån
1298 1639 128 40 avdrag
1445 1640 107 39 enligt
1571 1640 40 30 39
1632 1645 15 35 85

161 1696 18 28 3
197 1704 105 20 mom.
318 1695 76 29 icke
411 1695 137 29 kunnat
564 1694 246 39 tillgodogöras
828 1703 41 20 av
887 1694 66 29 den
972 1693 264 40 skattskyldige.

859 1801 40 29 25
926 1806 15 34 8

216 1864 16 28 4
260 1872 104 20 mom.
391 1863 125 39 Fysisk
534 1872 137 30 person,
691 1872 75 20 som
784 1863 77 29 haft
878 1863 115 29 intäkt
1013 1871 121 20 varom
1152 1863 10 28 i
1183 1862 41 29 24
1244 1867 15 35 &
1279 1863 176 34 förmäles,
1476 1864 90 38 äger,
1586 1863 62 29 där

159 1917 281 29 bruttointäkten
459 1916 190 40 överstiger
670 1916 263 39 sammanlagda
952 1916 162 39 beloppet
1134 1925 42 20 av
1195 1916 41 29 de
1256 1916 11 28 i
1288 1917 14 27 1
1325 1916 83 29 eller
1439 1916 7 29 3
1467 1925 105 20 mom.
1594 1925 55 20 av-

161 1971 106 29 sedda
286 1970 248 34 kostnaderna,
552 1971 121 29 utöver
692 1970 128 39 avdrag
840 1970 54 29 för
913 1969 101 30 dessa
1034 1969 190 29 kostnader
1244 1969 138 39 åtnjuta
1404 1971 97 28 extra
1521 1969 128 39 avdrag

162 2025 77 29 med
264 2023 63 30 400
353 2024 140 29 kronor.
519 2023 72 29 Har
617 2023 66 29 den
709 2023 252 39 skattskyldige
988 2023 111 29 under
1124 2023 320 39 beskattningsåret
1468 2022 90 30 varit
1585 2023 64 39 gift

162 2078 63 29 och
246 2078 66 28 levt
331 2077 234 29 tillsammans
585 2077 78 29 med
681 2077 109 29 andra
810 2077 136 32 maken,
967 2076 56 29 må
1043 2085 46 20 nu
1111 2078 110 27 avsett
1239 2076 129 39 avdrag
1387 2076 55 30 för
1462 2076 79 30 dem
1560 2076 88 30 båda

162 2132 217 37 gemensamt
400 2130 158 38 åtnjutas
580 2130 77 29 med
679 2129 62 29 800
763 2130 139 28 kronor.
924 2129 75 29 Vad
1023 2129 107 39 angår
1151 2128 260 40 inskränkning
1430 2129 11 29 i
1462 2130 115 29 rätten
1600 2131 49 27 att

162 2184 140 38 åtnjuta
325 2185 96 28 extra
445 2184 129 37 avdrag
598 2192 73 20 som
696 2183 64 29 här
785 2185 92 36 sagts
902 2182 98 29 skola
1024 2182 312 29 bestämmelserna
1359 2185 10 28 i
1394 2182 40 29 22
1460 2187 15 34 8
1501 2182 18 28 4
1546 2191 102 20 mom.

163 2237 63 29 och
244 2237 11 28 i
273 2237 113 38 punkt
405 2236 18 28 9
443 2246 41 19 av
503 2236 272 37 anvisningarna
795 2236 50 28 till
866 2236 40 28 22
927 2239 16 34 &
964 2236 63 37 äga
1047 2235 245 29 motsvarande
1311 2235 233 39 tillämpning.

862 2341 40 29 29
929 2345 15 35 8

218 2405 19 29 3
264 2413 104 20 mom.
387 2404 124 39 Fysisk
533 2412 135 31 person,
688 2413 73 19 som
784 2402 74 30 haft
879 2402 113 30 intäkt
1011 2411 121 20 varom
1151 2403 11 28 i
1181 2403 41 28 28
1244 2407 15 34 &
1280 2402 175 35 förmäles,
1477 2403 90 38 äger,
1587 2403 62 29 där

162 2457 279 30 bruttointäkten
475 2456 189 39 överstiger
697 2456 260 38 sammanlagda
992 2455 160 40 beloppet
1174 2465 40 20 av
1237 2456 41 29 de
1301 2456 9 29 i
1343 2456 2 28 I
1374 2465 104 20 mom.
1501 2456 147 30 avsedda

166 2511 245 33 kostnaderna,
434 2511 121 29 utöver
578 2510 128 38 avdrag
729 2510 53 29 för
804 2510 99 28 dessa
927 2509 190 30 koslnader
1140 2508 139 40 åtnjuta
1302 2510 96 29 extra
1422 2509 129 40 avdrag
1574 2509 76 30 med
