1898 2750
279 162 39 29 18
583 161 367 34 Bevillningsutskottets
974 162 200 26 betänkande
1196 170 40 18 nr
1257 162 37 26 20
1317 162 35 26 år
1374 162 75 27 1962

282 239 513 36 förmögenhetsförhållanden.
816 241 64 29 Om
903 250 81 20 man
1008 242 133 28 införde
1163 244 45 26 ett
1232 244 126 34 system
1383 242 52 28 för
1457 242 301 37 sparpremiering,

280 292 60 29 där
359 292 198 30 kontrollen
576 293 197 36 grundades
794 294 42 36 på
856 294 118 36 dylika
997 295 376 36 sammanställningar,
1396 295 69 29 kan
1487 295 56 29 det
1564 297 101 27 antas
1686 295 72 29 dels

281 347 50 27 att
349 346 130 28 antalet
498 346 61 29 fall
580 346 111 29 skulle
712 347 140 29 komma
871 349 50 27 atl
942 348 88 35 stiga
1049 348 185 36 väsentligt
1253 348 64 29 och
1338 348 72 29 dels
1431 350 49 27 att
1500 348 168 36 betydligt
1688 357 73 20 mer

281 398 121 29 exakta
426 398 232 37 beräkningar
681 399 230 30 erfordrades.
937 401 74 28 Den
1036 401 150 36 stegring
1210 410 43 20 av
1276 401 484 37 taxeringsmyndigheternas

279 451 233 35 arbetsbörda,
534 460 73 20 som
627 452 203 36 härigenom
849 453 70 28 kan
938 453 123 29 väntas
1082 454 224 35 uppkomma,
1328 454 111 29 skulle
1459 454 175 36 knappast
1654 455 106 28 mins-

280 504 42 29 ka
354 513 56 20 om
442 506 249 38 upprättandet
725 515 40 19 av
798 506 226 38 preliminära
1058 507 368 39 sammanställningar
1460 507 95 29 lades
1588 507 45 39 på
1664 508 97 38 varje

281 557 231 37 skattskyldig
540 566 72 21 som
640 558 155 29 önskade
822 559 140 29 komma
991 559 9 28 i
1028 559 208 36 åtnjutande
1263 568 42 21 av
1333 561 222 35 sparpremie.
1585 561 173 29 Eftersom

282 610 370 37 sammanställningen
680 611 54 29 för
760 613 50 27 atl
836 611 120 30 kunna
983 612 97 35 tjäna
1109 614 59 27 sitt
1194 612 163 30 ändamål
1384 613 110 29 måste
1520 614 47 28 bli
1598 614 161 36 tämligen

281 663 245 36 komplicerad,
549 663 68 29 kan
639 664 58 29 det
717 664 139 29 befaras
878 666 50 27 att
950 667 49 27 ett
1022 667 85 27 stort
1129 666 94 28 antal
1249 666 252 36 skattskyldiga
1527 667 111 29 skulle
1662 667 99 29 miss-

283 715 106 30 förstå
407 715 79 30 dess
504 716 164 30 innehåll.
687 717 94 29 även
798 726 56 20 om
872 718 57 28 det
949 717 111 30 skulle
1079 727 81 20 vara
1182 718 179 30 teoretiskt
1379 719 138 36 möjligt
1535 722 50 26 att
1605 720 78 29 med
1702 729 58 20 an-

281 768 127 30 litande
424 778 41 19 av
481 769 65 29 den
561 778 42 20 av
617 770 259 29 motionärerna
893 771 196 36 föreslagna
1106 771 162 29 metoden
1284 771 172 30 fastställa
1474 774 50 27 att
1541 774 220 35 nysparande

281 822 55 36 ägt
351 830 87 26 rum,
457 822 117 29 ställer
589 822 50 37 sig
655 823 170 29 utskottet
842 823 133 29 således
990 824 138 36 mycket
1145 824 172 37 skeptiskt
1334 825 51 29 till
1402 825 267 36 möjligheterna
1687 828 48 27 att
1751 827 8 28 i

282 874 183 36 praktiken
482 875 158 29 använda
658 876 162 28 metoden
836 876 79 29 med
932 878 111 27 avsett
1060 877 155 29 resultat.

333 936 176 30 Utskottet
536 937 94 29 delar
659 937 42 29 de
730 946 42 20 av
801 938 331 36 sparutredningens
1161 939 178 36 majoritet
1369 940 219 30 framställda
1618 941 142 29 invänd-

281 990 167 35 ningarna
468 991 72 27 mot
560 990 332 36 sparstimulerande
912 991 162 36 åtgärder
1092 1000 41 20 av
1154 992 65 29 den
1240 994 54 27 art
1314 993 258 30 motionärerna
1593 994 167 29 förordal.

282 1042 112 36 Enligt
411 1042 187 29 utskottets
614 1043 142 36 mening
772 1043 62 29 bör
850 1043 56 30 det
924 1044 158 29 enskilda
1101 1045 186 36 sparandet
1306 1046 6 28 i
1334 1045 108 30 första
1460 1046 93 29 hand
1572 1050 188 34 uppmunt-

281 1103 54 21 ras
355 1098 44 33 på
420 1097 107 27 annat
549 1095 76 29 sätt.
649 1096 12 28 I
683 1096 92 29 detta
800 1097 253 36 sammanhang
1074 1097 62 29 bör
1157 1098 148 29 nämnas
1326 1101 49 27 att
1398 1108 43 20 en
1462 1099 167 37 kampanj
1652 1118 45 3 —
1718 1101 41 36 på

280 1147 167 37 grundval
468 1157 42 20 av
531 1148 332 37 sparutredningens
884 1149 132 37 förslag
1034 1167 46 4 -—
1101 1151 6 28 i
1130 1150 153 37 dagarna
1306 1153 142 28 startats
1471 1153 53 28 för
1546 1155 47 27 ett
1615 1153 147 30 allmänt

281 1201 239 36 lönsparande.
548 1201 207 29 Förebilden
782 1202 62 29 har
872 1202 121 29 därvid
1022 1204 88 28 varit
1141 1204 214 36 ungdomens
1383 1205 242 37 lönsparande,
1654 1207 108 29 vilket

282 1253 114 37 pågått
414 1254 11 29 i
444 1254 87 29 flera
549 1255 39 28 år
605 1254 66 29 och
690 1254 77 29 haft
785 1255 194 36 betydande
1001 1256 191 37 framgång.
1212 1257 53 29 En
1285 1259 95 28 extra
1399 1258 286 38 vinstutlottning
1705 1269 56 20 av-

280 1315 53 20 ses
354 1306 96 30 skola
473 1307 63 35 äga
557 1316 77 20 rum
656 1307 106 29 bland
785 1308 41 28 de
847 1308 178 29 allmänna
1047 1309 229 36 lönspararna
1299 1311 110 29 under
1430 1311 39 29 år
1493 1312 82 29 1962
1599 1312 82 30 eller
1703 1313 55 29 vid

279 1368 116 20 annan
411 1359 143 37 lämplig
570 1359 177 37 tidpunkt.
766 1361 11 27 I
796 1361 88 36 syfte
901 1363 51 27 att
971 1362 128 36 främja
1117 1364 48 27 ett
1182 1372 74 20 mer
1273 1363 203 38 långsiktigt
1492 1365 269 37 banksparande

277 1422 97 20 avses
389 1413 119 29 vidare
526 1422 41 20 en
585 1413 148 39 höjning
753 1414 96 29 skola
869 1415 59 28 ske
948 1424 41 19 av
1007 1415 304 39 inlåningsräntan
1331 1417 9 29 i
1358 1417 134 30 banker
1510 1418 64 29 och
1594 1419 166 39 sparban-

281 1466 58 29 ker
361 1466 54 29 för
435 1466 111 29 medel
570 1474 73 21 som
665 1466 123 29 bindes
810 1467 54 28 för
885 1467 119 36 längre
1026 1468 60 30 tid.

335 1530 173 30 Utskottet
529 1530 59 30 vill
612 1531 87 29 även
723 1531 113 30 erinra
860 1540 57 20 om
940 1535 49 26 att
1014 1532 91 29 vissa
1129 1533 161 36 åtgärder
1314 1534 139 36 nyligen
1476 1534 164 37 vidtagits
1666 1535 92 29 inom

280 1583 415 37 beskattningsområdets
716 1593 74 20 ram
811 1585 8 28 i
841 1585 90 36 syfte
950 1587 50 27 att
1021 1585 129 36 främja
1172 1586 196 36 sparandet.
1390 1586 150 30 Sålunda
1562 1587 124 37 höjdes
1707 1595 53 29 ge-

280 1645 78 20 nom
374 1636 114 29 beslut
503 1645 42 21 av
563 1637 77 29 1961
660 1637 58 29 års
733 1637 204 37 vårriksdag
955 1638 306 37 maximibeloppet
1278 1639 54 29 för
1349 1640 56 29 det
1422 1649 25 20 s.
1462 1641 32 28 k.
1514 1641 244 36 sparavdraget

277 1689 143 31 fr.o.m,
441 1689 83 30 1962
543 1690 56 29 års
618 1691 159 38 taxering
795 1690 52 30 till
866 1690 63 30 400
949 1691 130 29 kronor
1096 1692 54 30 för
1170 1692 109 39 ogifta
1298 1693 64 29 och
1382 1693 62 29 800
1464 1694 130 29 kronor
1614 1694 55 30 för
1689 1704 71 19 ma-

281 1742 59 29 kar
370 1745 223 34 gemensamt.
625 1743 185 37 Samtidigt
839 1744 129 29 beslöts
999 1744 165 30 likaledes
1196 1746 77 28 med
1304 1746 156 36 giltighet
1491 1747 41 29 fr.
1547 1756 30 20 o.
1591 1756 45 21 m.
1667 1748 92 29 årets

281 1796 153 36 taxering
452 1795 146 37 höjning
615 1805 42 20 av
675 1796 57 29 det
751 1806 25 19 s.
791 1796 31 29 k.
843 1796 383 38 försäkringsavdraget
1246 1799 51 28 till
1317 1800 243 29 motsvarande
1579 1801 135 36 belopp.

330 1860 116 36 Enligt
470 1860 187 30 utskottets
681 1861 141 36 mening
845 1861 62 28 bör
932 1861 70 29 inte
1026 1861 57 29 vid
1109 1861 100 29 sidan
1233 1871 42 20 av
1300 1871 46 20 nu
1371 1862 148 36 angivna
1545 1863 214 36 sparformer

280 1913 130 29 införas
429 1922 43 20 en
491 1913 113 29 direkt
622 1914 211 36 premiering
854 1913 224 37 skattevägen
1097 1923 42 20 av
1160 1914 196 37 sparandet,
1378 1915 177 29 utformad
1576 1916 10 28 i
1608 1915 149 37 enlighet

279 1966 75 29 med
375 1966 42 29 de
438 1966 229 29 förenämnda
688 1966 368 37 motionsyrkandena.
1078 1967 176 29 Utskottet
1275 1968 181 36 avstyrker
1478 1968 132 29 således
1632 1968 127 37 yrkan-

278 2019 86 29 dena
389 2027 57 21 om
473 2018 183 37 utredning
682 2019 147 30 rörande
855 2020 210 36 premiering
1090 2029 42 20 av
1158 2021 235 36 nysparandet
1419 2022 64 28 och
1509 2021 148 30 rörande
1685 2022 73 29 s.k.

278 2072 223 37 sparkonton.

335 2156 7 26 I
368 2155 217 29 motionerna
609 2155 26 28 1:
654 2155 61 29 336
739 2155 65 29 och
828 2155 42 29 II:
889 2155 62 29 412
976 2155 63 28 har
1062 2155 85 29 även
1172 2155 207 29 framställts
1403 2155 90 29 vissa
1520 2155 160 36 speciella
1704 2164 54 27 yr-

278 2207 138 29 kanden
430 2208 9 28 i
457 2208 90 36 syfte
562 2210 50 26 alt
626 2208 173 36 premiera
816 2208 197 36 sparandet.
1031 2208 152 29 Sålunda
1200 2207 146 30 föreslås
1363 2210 114 27 såsom
1494 2217 42 20 en
1552 2207 203 38 påbyggnad

277 2269 41 20 av
339 2260 236 36 nyssnämnda
600 2260 211 37 sparavdrag
834 2260 222 29 skattefrihet
1079 2261 10 28 i
1111 2261 71 28 viss
1207 2260 241 37 utsträckning
1472 2261 54 28 för
1548 2261 209 36 avkastning

276 2318 20 24 a
321 2313 112 29 aktier
458 2313 65 30 och
549 2313 334 36 föreningsandelar.
911 2313 127 29 Vidare
1066 2313 158 29 förordas
1251 2314 71 28 viss
1349 2313 222 30 skattefrihet
1599 2314 54 29 för
1682 2322 74 28 spa-

277 2366 105 29 rande
398 2366 11 28 i
426 2365 90 30 form
533 2375 42 20 av
593 2366 375 36 >»överamorteringar»
988 2366 221 29 beträffande
1227 2366 166 37 egnahem
1412 2366 82 29 eller
1511 2367 246 29 bostadsrätts-

277 2419 167 36 lägenhet.

330 2475 52 29 Nu
399 2475 146 29 berörda
565 2475 131 36 förslag
713 2474 64 29 har
796 2474 145 36 tidigare
958 2474 57 29 vid
1036 2474 86 28 flera
1141 2473 163 30 tillfällen
1322 2473 90 29 varit
1430 2473 146 30 föremål
1595 2473 56 29 för
1669 2473 87 29 riks-
