1866 2786
259 156 19 29 4
575 157 123 30 Första
719 158 244 39 lagutskottets
984 159 177 32 utlåtande
1183 168 41 21 nr
1243 159 41 30 37
1304 161 39 29 år
1365 161 84 29 1955

261 239 107 39 ligger
387 239 97 30 inom
504 240 412 36 verksamhetsområdet,
939 242 90 29 skall
1051 243 110 29 under
1182 243 94 30 vissa
1296 244 152 40 angivna
1469 245 295 40 förutsättningar

260 290 159 30 anslutas
441 290 54 30 till
516 291 270 39 anläggningen;
810 293 123 38 vägras
955 293 213 39 anslutning,
1192 294 56 30 må
1270 295 250 39 länsstyrelsen
1542 303 39 31 ge
1602 295 162 40 åläggan-

260 340 43 30 de
324 341 120 29 därom
471 340 36 34 (6
530 341 49 36 8).
602 342 242 35 Föreskrifter,
867 351 76 21 som
963 343 276 31 huvudmannen
1260 345 178 29 meddelar
1459 345 178 39 angående
1659 347 104 28 sättet

262 390 55 30 för
332 391 183 30 brukande
534 400 42 21 av
593 392 265 40 anläggningen,
877 393 91 30 skall
986 393 11 29 i
1016 394 90 39 regel
1124 394 234 30 underställas
1377 396 268 39 länsstyrelsens
1663 397 100 38 pröv-

261 440 84 40 ning
375 441 57 33 (12
461 441 50 37 $).
539 442 76 29 Med
640 443 170 30 avseende
835 443 20 29 å
880 443 300 31 icke-kommunal
1206 445 211 39 anläggning
1443 453 58 32 ges
1528 447 47 28 ett
1602 447 161 38 stadgan-

262 491 51 34 de,
338 491 106 40 enligt
467 492 108 29 vilket
600 493 249 39 länsstyrelsen
872 494 11 28 i
908 494 63 29 fall
995 504 43 19 av
1061 495 120 38 grövre
1206 495 246 30 försummelse
1477 496 83 29 eller
1585 496 178 30 missbruk

263 541 79 30 från
370 542 294 31 huvudmannens
694 543 76 30 sida
798 545 80 38 äger
907 544 168 30 förordna
1104 545 196 39 syssloman
1329 547 51 28 att
1408 546 187 29 handhava
1624 547 139 39 anlägg-

262 591 127 40 ningen
413 593 66 28 och
504 593 144 30 därmed
673 593 165 31 förenade
864 595 289 39 angelägenheter
1184 595 57 34 (18
1269 595 49 37 $).
1345 596 67 30 Om
1438 596 175 30 särskilda
1638 597 125 29 under-

262 642 189 40 sökningar
473 643 177 32 erfordras
673 644 56 30 för
751 644 220 40 fullgörande
994 654 42 21 av
1059 645 137 40 uppgift
1220 655 75 20 som
1318 646 207 30 ankommer
1548 646 43 40 på
1615 647 147 39 länssty-

262 693 122 35 relsen,
405 693 58 30 må
481 693 59 30 vid
559 694 111 30 behov
690 695 127 31 anlitas
838 695 218 40 sakkunnigt
1075 696 134 31 biträde
1231 696 127 30 därtill.
1381 697 120 29 Denne
1523 698 80 38 äger
1623 697 140 39 åtnjuta

261 743 194 40 ersättning
475 746 51 27 att
546 744 119 40 gäldas
687 754 43 20 av
750 745 274 40 anläggningens
1046 746 215 35 huvudman,
1283 747 217 29 kommunen
1522 747 82 29 eler
1626 747 137 30 enskild

262 793 167 40 sakägare
449 794 79 30 med
547 795 135 39 belopp,
703 804 76 21 som
798 796 250 39 länsstyrelsen
1067 796 211 30 bestämmer
1303 797 57 33 (20
1383 796 49 37 8).
1453 798 14 28 I
1487 797 93 30 vissa
1600 797 63 30 fall
1683 799 80 38 äger

262 843 248 40 länsstyrelsen
534 845 121 39 stadga
676 845 71 30 vite
774 846 55 34 (21
856 846 50 37 8).
930 846 88 31 Över
1041 847 267 39 länsstyrelsens
1330 847 115 30 beslut
1468 847 58 30 må
1548 848 96 29 talan
1667 848 95 29 föras

260 893 64 30 hos
342 895 196 39 Konungen
556 903 125 32 genom
698 896 123 30 besvär
844 896 58 34 (22
924 897 50 37 8).

306 945 197 40 Riksdagen
524 946 64 30 har
607 947 79 30 med
706 947 70 30 viss
797 948 158 40 ändring,
978 958 75 20 som
1073 949 11 29 i
1105 950 228 31 förevarande
1356 953 256 39 sammanhang
1633 954 129 29 saknar

261 995 156 36 intresse,
437 996 128 31 bifallit
584 997 57 29 det
659 997 11 29 i
689 998 262 39 propositionen
971 999 195 40 framlagda
1186 1000 166 40 förslaget
1373 1001 52 34 (se
1447 1002 206 40 riksdagens
1674 1004 88 29 skri-

261 1045 91 30 velse
372 1055 41 20 nr
433 1046 96 34 262).

304 1096 265 39 Föredragande
591 1097 383 41 departementschefen
996 1100 64 29 har
1082 1100 126 35 anfört,
1232 1102 49 28 att
1304 1102 62 29 där
1387 1102 11 29 i
1421 1103 152 39 enlighet
1595 1104 77 29 med
1695 1104 66 29 den

261 1145 315 39 nytillkommande
596 1147 264 40 lagstiftningen
880 1148 123 30 besvär
1023 1149 89 30 skall
1132 1150 142 30 anföras
1294 1150 64 30 hos
1378 1151 125 40 Kungl.
1524 1152 116 39 Maj:t,
1660 1154 100 39 pröv-

259 1196 129 39 ningen
408 1197 111 30 därav
542 1197 61 30 bör
627 1199 189 30 ankomma
838 1200 46 39 på
906 1200 304 40 regeringsrätten.
1246 1202 49 30 På
1319 1205 113 36 grund
1456 1203 109 30 härav
1589 1204 63 29 har
1673 1204 88 30 före-

261 1246 130 39 slagits,
419 1248 51 28 att
495 1247 244 30 bestämmelse
765 1249 121 29 därom
912 1249 133 31 införes
1071 1251 11 29 i
1109 1250 18 30 2
1156 1250 16 37 8
1201 1250 76 35 8:0)
1308 1252 369 40 regeringsrättslagen
1704 1254 55 29 för

260 1298 51 29 att
331 1298 101 30 träda
450 1298 11 29 i
481 1298 96 30 kraft
599 1299 178 39 samtidigt
796 1301 78 29 med
896 1300 67 30 den
979 1310 68 30 nya
1069 1301 100 40 lagen
1190 1312 56 20 om
1268 1303 179 31 allmänna
1467 1305 132 29 vatten-
1620 1305 64 30 och
1705 1315 56 20 av-

261 1347 354 41 loppsanläggningar
635 1349 82 30 eller
736 1350 68 30 den
826 1350 13 29 1
861 1350 67 40 juli
952 1351 93 30 1955.

303 1422 29 30 3.
359 1422 132 30 Genom
515 1423 218 40 proposition
758 1434 42 20 nr
826 1425 40 30 88
892 1426 65 29 har
984 1426 55 30 för
1064 1426 235 32 innevarande
1325 1428 57 30 års
1408 1429 143 40 riksdag
1577 1429 183 41 framlagts

258 1472 131 40 förslag
409 1473 53 30 till
481 1474 55 39 lag
555 1474 178 39 angående
753 1475 148 40 ändring
920 1476 12 29 i
952 1477 100 39 lagen
1070 1477 67 30 den
1158 1477 40 30 18
1218 1478 88 40 april
1329 1479 82 30 1952
1432 1488 58 21 om
1510 1480 250 40 allmännings-

258 1522 126 40 skogar
404 1523 11 29 i
436 1524 175 31 Norrland
632 1525 66 29 och
719 1525 162 31 Dalarna.
904 1527 119 39 Enligt
1044 1528 223 40 lagförslaget
1289 1529 90 30 skall
1401 1529 58 30 det
1479 1530 50 30 bli
1551 1530 137 40 möjligt
1710 1533 50 28 att

258 1573 11 29 i
285 1573 94 30 vissa
395 1574 63 30 fall
475 1574 37 30 få
530 1575 52 29 till
599 1575 103 30 stånd
719 1576 182 40 avlösning
918 1587 44 20 av
978 1577 177 40 delägares
1173 1579 102 30 andel
1292 1579 12 30 i
1321 1580 335 41 allmänningsskog.
1675 1582 85 39 Lag-

258 1623 166 40 förslaget
444 1625 158 30 ansluter
621 1625 11 30 i
654 1626 62 30 allt
737 1628 98 28 utom
855 1627 11 29 i
887 1627 101 40 fråga
1009 1637 58 21 om
1088 1630 104 29 sättet
1214 1629 54 30 för
1288 1630 266 31 bestämmande
1575 1641 43 20 av
1638 1633 122 29 ersätt-

258 1674 128 39 ningen
405 1675 55 30 för
481 1676 102 30 andel
604 1685 75 21 som
699 1677 90 30 skall
808 1678 136 30 avlösas
966 1678 52 31 till
1038 1680 66 29 vad
1124 1689 76 20 som
1220 1681 108 29 redan
1348 1682 108 38 gäller
1475 1681 12 29 i
1508 1682 97 39 fråga
1626 1691 58 21 om
1704 1692 56 20 av-

255 1723 137 42 lösning
422 1735 43 22 av
494 1727 101 30 andel
625 1727 11 30 i
665 1727 349 43 häradsallmänning
1044 1730 106 40 enligt
1178 1731 100 40 lagen
1307 1732 67 29 den
1408 1731 39 31 18
1478 1733 88 40 april
1599 1733 82 30 1952
1702 1742 55 21 om

255 1773 388 44 häradsallmänningar
669 1777 36 35 (8
729 1777 49 38 $).
800 1778 118 31 Beslut
939 1789 57 20 om
1016 1780 182 40 avlösning
1219 1790 41 22 av
1278 1782 103 30 andel
1403 1782 11 29 i
1434 1783 323 40 allmänningsskog

257 1825 90 30 skall
365 1826 178 30 meddelas
563 1836 43 20 av
625 1827 258 40 länsstyrelsen.
904 1829 125 30 Denna
1048 1830 204 40 myndighet
1272 1832 90 30 skall
1382 1832 106 30 också
1508 1833 175 30 fastställa
1702 1833 56 30 be-

257 1875 115 40 loppet
392 1885 43 20 av
453 1877 69 29 den
541 1877 195 41 ersättning
756 1888 75 20 som
852 1879 89 30 skall
962 1880 83 39 utgå
1064 1881 88 29 efter
1172 1890 43 20 en
1236 1882 365 40 skälighetsprövning
1622 1883 55 30 för
1696 1883 61 30 vil-

255 1925 68 30 ken
347 1927 200 38 grunderna
569 1928 140 39 angives
732 1928 11 30 i
766 1929 233 40 lagförslaget.
1023 1931 71 30 Mot
1117 1931 41 30 de
1180 1931 114 31 beslut
1318 1941 75 21 som
1417 1933 224 39 länsstyrelse
1664 1935 94 29 med-

256 1976 93 30 delat
375 1977 107 39 enligt
510 1978 99 39 lagen
637 1988 58 20 om
722 1980 365 40 allmänningsskogar
1114 1982 71 29 kan
1212 1983 97 29 talan
1336 1983 175 39 fullföljas
1539 1983 63 30 hos
1629 1984 127 40 Kungl.

255 2026 105 39 Maj:t
384 2035 125 31 genom
532 2028 123 31 besvär
685 2029 57 34 (46
770 2029 15 37 $
813 2031 18 29 2
856 2030 139 35 mom.).
1021 2032 13 29 I
1058 2032 264 39 propositionen
1348 2034 139 33 uttalas,
1513 2035 51 28 att
1588 2034 168 30 besvären

255 2077 97 30 torde
374 2077 84 30 böra
481 2079 125 38 prövas
631 2088 42 21 av
696 2080 303 40 regeringsrätten.
1025 2082 125 30 Vidare
1174 2083 175 30 förklaras
1372 2083 12 30 i
1407 2083 273 40 propositionen,
1705 2086 51 28 att

255 2127 119 31 starka
398 2128 77 30 skäl
499 2129 89 29 talar
611 2129 55 30 för
690 2131 51 29 att
765 2131 86 30 även
874 2131 124 31 besvär
1022 2133 80 29 över
1126 2133 114 30 beslut
1263 2142 58 21 om
1345 2133 183 41 avlösning
1552 2144 43 20 av
1619 2135 102 29 andel
1745 2135 10 28 i

254 2178 359 41 häradsallmänning,
635 2180 95 30 vilka
752 2190 47 21 nu
821 2182 126 39 prövas
970 2192 43 20 av
1034 2183 125 39 Kungl.
1182 2184 106 39 Maj:t
1311 2184 10 29 i
1345 2183 198 36 statsrådet,
1567 2185 89 30 skall
1678 2186 78 39 prö-

253 2237 60 21 vas
336 2238 42 20 av
398 2229 304 40 regeringsrätten,
724 2232 172 39 varjämte
919 2233 167 39 tillägges,
1109 2236 50 27 att
1181 2234 102 29 dessa
1304 2234 78 30 skäl
1403 2234 87 30 ökar
1511 2235 12 29 i
1545 2235 130 39 styrka,
1698 2244 58 21 om

253 2279 58 29 det
338 2279 10 29 i
376 2280 263 39 propositionen
668 2282 196 40 framlagda
892 2283 224 40 lagförslaget
1144 2284 230 39 genomföres.

299 2331 198 39 Riksdagen
523 2332 64 29 har
615 2334 78 29 med
719 2333 99 30 bifall
844 2334 52 29 till
923 2335 263 40 propositionen
1210 2335 134 39 antagit
1371 2336 58 29 det
1455 2335 76 30 däri
1559 2335 194 41 framlagda

254 2380 223 40 lagförslaget
504 2382 52 33 (se
579 2382 208 40 riksdagens
803 2384 166 31 skrivelse
991 2394 42 20 nr
1057 2384 93 35 164).

296 2431 265 40 Föredragande
577 2433 382 40 departementschefen
976 2435 64 29 har
1054 2435 189 39 föreslagit,
1259 2437 50 29 att
1325 2436 114 30 såsom
1456 2435 135 31 anförts
1611 2436 5 29 i
1631 2438 122 28 nämn-
