1916 2782
292 181 17 29 2
629 181 285 30 Statsutskottets
935 182 180 30 utlåtande
1136 191 42 20 nr
1196 184 26 28 B
1244 183 40 29 47
1307 183 39 29 år
1368 184 84 29 1958

340 265 12 29 I
372 265 263 39 propositionen
655 274 40 20 nr
713 266 26 29 B
762 267 13 28 1
803 265 130 40 (bilaga
954 266 33 33 1)
1011 266 65 29 har
1095 266 386 39 departementschefen
1500 267 225 30 återkommit
1743 268 53 30 till

296 315 124 37 frågan
440 323 57 21 om
517 315 147 29 berörda
685 316 249 38 avsättningar.
955 316 188 30 Desamma
1163 317 64 29 har
1247 316 122 30 därvid
1395 317 43 33 (s.
1460 317 57 34 20)
1544 320 142 32 ansetts,
1707 318 11 28 i
1738 328 59 19 en-

297 365 105 38 lighet
420 365 80 29 med
518 366 433 39 riksräkenskapsverkets
969 369 138 27 senaste
1125 367 244 39 beräkningar,
1387 367 84 30 böra
1488 370 172 37 upptagas
1677 368 53 29 till
1748 370 49 28 ett

294 415 222 39 nettobelopp
539 425 41 20 av
601 415 203 30 oförändrat
826 416 62 29 200
909 417 89 28 mkr.

338 499 11 28 I
369 498 98 39 fråga
485 508 57 20 om
561 499 317 39 ianspråktagande
896 510 41 20 av
954 500 104 35 vissa,
1078 501 51 28 till
1147 500 484 40 budgetutjämningsfonden
1650 501 54 29 för
1724 511 74 29 spe-

291 547 99 30 ciella
413 549 164 29 ändamål
602 549 144 39 tidigare
769 552 135 27 avsatta
927 550 111 29 medel
1063 550 54 29 för
1140 551 221 41 avbetalning
1384 551 19 29 å
1427 552 240 29 statsskulden
1693 552 103 30 anför

292 599 386 38 departementschefen
706 600 42 33 (s.
770 600 40 29 60
831 609 29 20 o.
883 600 57 36 61)
966 601 252 39 inledningsvis
1239 601 168 39 följande.

337 656 12 28 I
373 657 233 29 riksstaterna
630 657 53 30 för
706 658 214 38 budgetåren
946 658 159 36 1955/56,
1133 659 147 35 1956/57
1306 659 65 30 och
1397 659 149 36 1957/58
1573 660 64 29 har
1661 660 54 30 för
1740 669 56 22 av-

294 698 154 39 sättning
476 699 53 29 till
558 699 482 39 budgetutjämningsfonden
1069 703 210 27 reserverats
1307 702 92 28 vissa
1428 702 112 29 medel
1570 711 75 20 som
1674 702 30 39 ej
1736 712 60 20 an-

295 741 83 28 setts
402 740 85 30 böra
511 740 204 40 disponeras
740 741 54 30 för
818 741 147 39 löpande
991 742 244 39 statsutgifter.
1261 742 208 40 Avsättning
1494 752 42 20 av
1558 744 94 29 vissa
1677 744 120 30 tillfäl-

292 781 79 39 liga,
396 782 384 39 konjunkturpolitiskt
806 783 181 39 betingade
1015 784 195 29 inkomster
1235 784 64 30 har
1325 785 54 29 för
1405 785 214 39 budgetåren
1647 785 148 36 1955/56

293 824 64 28 och
381 823 149 36 1956/57
555 824 109 39 gjorts
686 825 78 29 med
788 825 232 39 sammanlagt
1043 826 63 29 350
1130 826 164 39 miljoner
1315 827 140 34 kronor,
1479 827 65 29 och
1566 827 55 30 för
1646 827 151 36 1957/58

293 865 88 30 skall
403 866 202 38 ytterligare
631 865 59 30 100
713 866 164 39 miljoner
900 867 130 29 kronor
1053 869 164 29 avsättas.
1240 868 75 29 Den
1339 868 54 30 för
1415 868 206 40 budgetåret
1646 869 149 36 1955/56

292 907 179 29 beslutade
498 908 244 39 avsättningen
768 909 219 29 motsvarade
1013 910 67 28 vad
1108 917 74 22 som
1208 910 111 29 under
1347 909 205 40 budgetåret
1577 910 219 31 beräknades

292 948 126 39 inflyta
440 948 53 30 till
518 949 218 30 statskassan
759 950 52 30 till
834 950 89 39 följd
946 959 42 21 av
1010 951 68 29 den
1100 960 42 20 av
1167 951 81 29 1955
1271 952 56 29 års
1352 952 143 39 riksdag
1516 952 181 30 beslutade
1719 953 77 39 höj-

291 990 128 38 ningen
444 1000 43 20 av
513 991 233 29 skattesatsen
771 992 55 29 för
852 992 207 39 aktiebolag,
1084 993 229 29 ekonomiska
1338 993 203 40 föreningar
1567 1003 45 20 m.
1639 994 37 32 fl.
1703 997 91 27 samt

290 1040 41 20 av
365 1032 487 39 investeringsavgiftsmedel.
885 1033 298 40 Avsättningarna
1215 1036 112 29 under
1362 1035 147 36 1956/57
1544 1036 65 29 och
1644 1036 151 36 1957/58

291 1075 195 28 motsvarar
509 1075 122 29 enbart
652 1074 198 31 beräknade
873 1076 195 29 inkomster
1089 1086 42 20 av
1152 1077 392 37 investeringsavgiften.
1566 1078 230 30 Förfarandet

291 1116 232 29 motiverades
552 1117 78 29 med
658 1118 50 28 att
734 1117 242 30 inkomsterna
1003 1126 62 21 var
1092 1118 183 39 betingade
1302 1128 43 21 av
1373 1119 422 40 stabiliseringspolitiska

289 1157 162 38 åtgärder
475 1158 66 29 och
567 1158 71 29 tills
660 1158 118 30 vidare
803 1159 105 29 borde
934 1160 218 31 steriliseras.
1179 1161 217 39 Riksdagens
1421 1161 114 30 beslut
1560 1162 157 34 innebar,
1743 1164 50 27 att

290 1199 169 39 beloppen
483 1200 114 29 skulle
621 1201 234 29 särredovisas
879 1201 43 39 på
945 1201 485 40 budgetutjämningsfonden
1456 1205 91 28 samt
1571 1205 50 28 att
1644 1206 152 28 motsva-

290 1241 107 29 rande
417 1241 126 40 belopp
567 1242 110 29 skulle
699 1251 42 20 av
762 1243 251 30 statskontoret
1034 1244 179 30 överföras
1235 1245 51 29 till
1308 1247 49 28 ett
1379 1245 143 30 särskilt
1543 1246 108 29 konto
1673 1246 10 29 i
1706 1246 89 30 riks-

288 1282 149 29 banken.
460 1283 66 29 Det
548 1283 215 34 förutsattes,
784 1286 50 27 att
855 1285 19 29 å
895 1286 56 28 det
973 1286 174 29 särskilda
1167 1286 124 29 kontot
1313 1287 230 39 uppsamlade
1565 1288 111 29 medel
1699 1288 94 30 skul-

289 1324 41 33 le,
351 1325 78 29 med
452 1324 196 30 beaktande
669 1334 41 21 av
732 1326 290 30 statsfinansiella
1043 1327 65 29 och
1129 1328 463 40 kreditmarknadsmässiga
1614 1330 181 39 synpunk-

290 1367 61 35 ter,
378 1366 181 30 användas
586 1367 52 28 till
663 1368 50 28 att
740 1368 192 39 nedbringa
958 1369 357 38 riksgäldskontorets
1343 1370 153 35 skulder,
1523 1371 11 29 i
1560 1371 111 30 första
1698 1371 95 30 hand

289 1407 180 30 kontorets
494 1408 104 30 skuld
621 1408 52 29 till
696 1409 225 36 riksbanken,
946 1410 65 29 och
1034 1412 50 28 att
1108 1412 56 28 det
1189 1411 111 30 skulle
1324 1412 191 30 ankomma
1537 1413 46 39 på
1605 1414 188 39 riksdagen

289 1451 50 27 att
363 1458 132 26 senare,
521 1450 87 29 efter
631 1450 130 39 förslag
784 1460 43 20 av
849 1452 125 39 Kungl.
998 1452 117 39 Maj:t,
1142 1453 158 30 meddela
1324 1455 161 29 närmare
1509 1455 114 30 beslut
1647 1464 57 21 om
1727 1456 66 29 tid-

288 1491 159 39 punkten
465 1492 56 29 för
539 1492 154 29 medlens
712 1493 218 39 disposition.

331 1556 160 30 Rörande
510 1558 165 29 tekniken
694 1559 57 29 vid
769 1561 48 27 ett
835 1559 319 40 ianspråktagande
1172 1570 40 20 av
1229 1561 65 30 här
1311 1562 267 39 ifrågavarande
1597 1564 112 29 medel
1727 1564 64 29 har

287 1615 41 19 av
352 1606 418 41 riksräkenskapsverket
793 1609 212 30 framhållits
1029 1612 51 27 att
1103 1611 56 29 det
1183 1620 101 30 synes
1309 1613 89 38 ligga
1421 1614 158 29 närmast
1602 1614 52 29 till
1677 1614 114 29 hands

288 1658 49 27 att
356 1658 48 28 ett
425 1657 126 30 sådant
571 1658 318 40 ianspråktagande
910 1660 79 29 sker
1009 1661 81 29 över
1111 1661 200 35 riksstaten,
1331 1662 108 30 vilket
1460 1664 87 29 även
1567 1666 117 37 syntes
1706 1664 54 30 slå
1780 1665 9 28 i

287 1707 349 30 överensstämmelse
654 1710 78 28 med
750 1710 65 29 vad
834 1719 74 20 som
926 1710 186 30 förutsatts
1130 1712 57 30 vid
1207 1712 265 40 utformningen
1490 1723 42 21 av
1550 1714 66 29 den
1635 1714 41 30 fr.
1696 1724 29 21 o.
1745 1724 45 20 m.

286 1756 204 40 budgetåret
515 1757 150 36 1938/39
687 1759 201 40 tillämpade
912 1761 154 30 ändrade
1089 1762 285 40 uppställningen
1399 1773 42 20 av
1464 1764 200 30 riksstaten.
1687 1765 104 29 Detta

287 1807 111 29 skulle
420 1807 170 30 innebära
612 1811 49 27 att
683 1809 54 29 för
758 1809 146 30 berörda
927 1811 111 29 medel
1062 1811 112 29 skulle
1197 1812 54 30 för
1272 1813 327 39 ifrågakommande
1621 1815 170 40 budgetår

286 1856 36 30 få
347 1857 194 30 fastställas
567 1867 42 20 en
633 1859 301 40 investeringsstat
960 1861 54 29 för
1039 1861 317 39 riksgäldsfonden,
1383 1864 118 30 vilken
1526 1865 264 39 tillgodofördes

285 1906 101 29 dessa
407 1908 112 29 medel
541 1908 64 29 och
626 1908 19 30 å
664 1909 117 29 vilken
803 1910 189 39 uppfördes
1015 1913 49 27 ett
1087 1912 355 41 investeringsanslag
1462 1915 45 39 på
1529 1916 184 29 enahanda
1734 1916 57 30 be-

286 1956 80 40 lopp
391 1957 51 29 till
467 1958 262 39 nedbringande
754 1969 42 20 av
821 1961 357 38 riksgäldskontorets
1204 1963 103 29 skuld
1333 1964 51 29 till
1410 1964 226 32 riksbanken.
1662 1966 127 30 Vidare

284 2006 108 30 måste
407 2024 42 4 —
464 2007 56 30 för
536 2010 48 27 att
600 2009 55 29 det
670 2009 246 31 eftersträvade
932 2011 103 30 målet
1052 2012 88 29 skall
1156 2013 99 30 ernås
1270 2031 42 3 —
1326 2014 44 36 på
1385 2014 303 39 kapitalbudgeten
1705 2025 84 29 upp-

285 2056 94 30 föras
402 2058 48 28 ett
475 2058 355 41 investeringsanslag
854 2060 53 30 för
930 2061 495 42 budgetutjämningsfonden,
1449 2074 76 20 som
1548 2066 139 30 anvisas
1710 2066 79 31 med

285 2108 48 28 ett
350 2109 71 27 mot
439 2108 41 29 de
498 2110 136 28 avsatta
651 2110 155 30 medlens
825 2120 137 20 summa
979 2113 171 29 svarande
1166 2113 135 40 belopp,
1319 2114 82 30 eller
1417 2115 106 31 också
1541 2115 55 31 får
1612 2116 57 31 vid
1688 2118 101 29 sidan

285 2166 42 19 av
357 2157 307 41 statsregleringen
693 2160 225 35 föreskrivas,
948 2163 49 28 att
1027 2162 308 40 riksgäldsfonden
1368 2165 88 29 skall
1488 2166 205 30 nedskrivas
1723 2168 66 29 och

283 2207 485 41 budgetutjämningsfonden
789 2211 209 39 uppskrivas
1018 2213 80 29 med
1119 2214 152 29 nämnda
1292 2214 125 41 belopp
1438 2223 125 31 genom
1585 2217 203 39 minskning

284 2265 41 19 av
352 2257 10 28 i
388 2259 172 29 avseende
586 2259 19 29 å
631 2260 140 29 lämnad
798 2261 348 41 kassaförstärkning
1172 2273 42 21 av
1239 2264 340 40 riksgäldskontoret
1604 2267 184 30 redovisad

283 2306 145 30 fordran
448 2308 196 40 respektive
665 2318 42 21 av
727 2310 251 31 statskontoret
999 2312 182 31 redovisad
1204 2314 113 32 skuld.
1339 2315 64 30 Det
1425 2325 121 22 senare
1567 2317 221 31 alternativet

285 2358 116 37 syntes
419 2366 84 21 vara
519 2360 51 28 att
587 2359 192 40 föredraga.

328 2407 58 29 Ett
415 2407 140 40 möjligt
584 2409 185 30 alternativ
796 2420 81 20 vore
907 2412 85 29 även
1023 2414 49 27 ett
1101 2413 202 31 förfarande
1335 2416 201 39 varigenom
1567 2419 48 28 ett
1644 2420 72 28 mot
1745 2419 42 30 de

283 2456 52 29 till
365 2457 485 41 budgetutjämningsfonden
881 2464 134 27 avsatta
1046 2463 137 29 medlen
1214 2466 170 29 svarande
1414 2466 124 41 belopp
1569 2468 218 30 föreskreves
