1878 2806
302 168 20 31 2
465 166 117 33 Andra
601 168 197 30 kammarens
816 167 144 31 andra
983 165 166 39 tillfälliga
1166 166 140 30 utskotts
1325 164 166 32 utlåtande
1511 176 42 19 nr
1571 168 47 28 17.

304 258 98 31 aktas.
435 258 152 31 Däremot
608 267 94 28 synes
723 257 127 38 frågan,
873 267 49 20 om
943 255 150 39 tillsynen
1115 256 58 30 allt
1194 256 167 37 framgent
1381 255 81 31 skall
1481 255 87 31 åvila
1586 264 40 21 en
1647 254 137 31 särskild

304 311 122 32 nämnd
443 311 75 31 eller
534 312 113 29 utövas
663 311 10 30 i
691 320 110 21 annan
818 310 147 38 ordning,
984 310 78 31 böra
1079 313 163 34 upptagas
1257 309 52 30 till
1327 308 226 38 övervägande.

388 364 439 31 Livsmedelskommissionen
850 373 93 21 anser
966 367 49 27 att
1038 373 40 20 ur
1099 363 40 31 de
1162 362 203 38 synpunkter
1387 362 243 30 kommissionen
1653 361 61 30 har
1736 365 51 27 att

305 417 164 31 företräda
487 418 161 37 knappast
666 417 99 38 något
783 417 69 31 står
869 419 50 28 att
936 416 99 31 vinna
1054 426 113 28 genom
1184 416 72 31 ökat
1274 415 127 38 statligt
1418 414 185 39 inflytande
1620 415 11 30 i
1648 414 136 38 bolaget.

389 471 237 37 Länsstyrelsen
650 471 10 30 i
686 470 158 31 Gotlands
866 470 54 30 län
942 470 61 30 har
1024 469 64 31 den
1111 469 134 37 åsikten,
1271 474 47 28 att
1339 469 203 38 granskning
1564 469 11 30 i
1598 467 188 31 nuvarande

305 524 87 31 form
416 525 38 30 är
479 524 162 38 tillfyllest
667 524 53 30 för
744 523 55 31 det
825 522 135 32 avsedda
986 522 181 31 ändamålet
1191 523 59 30 och
1275 525 50 28 att
1349 521 210 31 överförande
1585 522 11 30 i
1619 521 67 31 helt
1711 521 77 31 eller

306 577 99 31 delvis
426 577 111 38 statlig
557 576 81 32 drift
659 577 27 38 ej
709 575 103 32 skulle
831 587 40 27 ge
889 576 99 37 något
1008 576 11 29 i
1040 575 142 31 tekniskt
1203 575 58 32 och
1279 574 199 33 ekonomiskt
1497 574 187 33 hänseende,

389 630 241 38 Länsstyrelsen
649 630 11 30 i
678 629 241 31 Kristianstads
936 629 56 30 län
1012 637 100 34 anser,
1133 632 47 29 att
1197 628 69 32 skäl
1284 628 68 32 icke
1373 628 158 37 föreligga
1548 628 53 30 för
1619 631 48 28 att
1684 630 104 29 staten

304 683 104 32 skulle
426 683 66 31 helt
509 685 151 37 övertaga
677 682 240 32 verksamheten
936 682 58 30 och
1014 692 93 21 anser
1124 682 48 38 sig
1190 681 67 32 icke
1275 681 112 31 kunna
1405 680 132 32 bedöma
1553 680 162 31 huruvida
1733 680 56 31 det

304 737 133 38 statliga
452 735 198 39 inflytandet
666 736 175 38 lämpligen
856 735 57 31 bör
930 735 81 31 ökas.

391 789 238 38 Länsstyrelsen
649 789 10 30 i
678 789 183 30 Malmöhus
877 788 54 31 län
949 788 106 38 anför,
1075 791 48 27 att
1139 788 81 30 även
1237 788 40 31 de
1295 786 174 32 kostnader
1494 797 67 20 som
1578 786 87 31 skola
1681 786 108 31 täckas

307 842 74 31 med
408 842 52 33 det
487 842 83 31 låsta
594 841 303 38 kostnadsbeloppet
924 841 86 34 varit
1036 840 137 31 föremål
1199 841 53 30 för
1277 849 168 29 noggrann
1471 840 170 38 prövning.
1679 839 110 38 Några

308 895 141 32 bärande
465 895 251 38 anmärkningar
731 898 67 27 mot
813 894 126 38 bolaget
953 894 43 30 ha
1011 894 69 31 icke
1095 893 227 38 framkommit,
1339 893 113 31 varför
1466 892 174 39 utredning
1653 892 136 31 bestämt

308 949 172 38 avstyrkes.

393 1001 279 32 Sockernämnden
694 1001 200 37 framhåller,
917 1004 48 29 att
984 1000 162 31 nämnden
1167 1001 76 37 äger
1263 1001 66 30 rätt
1349 999 51 31 till
1421 999 41 31 all
1484 998 192 39 erforderlig
1695 999 94 37 insyn

308 1054 201 32 beträffande
530 1054 264 31 sockerrörelsens
815 1052 198 32 bedrivande
1034 1053 58 30 och
1113 1052 153 31 ekonomi.
1287 1053 64 30 Det
1370 1052 179 38 väsentliga
1567 1052 65 30 kan
1652 1050 74 32 med
1746 1061 45 21 nu

309 1107 147 39 gällande
477 1106 236 32 bestämmelser
734 1106 191 39 tillgodoses,
948 1105 161 38 nämligen
1131 1110 48 28 att
1201 1105 246 31 folkhushållets
1468 1104 156 31 intressen
1646 1103 144 39 tillgodo-

307 1170 60 29 ses,
389 1161 34 30 så
442 1163 48 28 att
511 1160 122 31 sockret
653 1160 57 30 och
729 1159 253 38 biprodukterna
999 1159 111 30 kunna
1129 1158 199 31 framställas
1344 1158 61 30 och
1423 1157 98 38 säljas
1538 1157 49 31 till
1605 1157 54 31 för
1675 1157 116 31 konsu-

308 1217 165 28 menterna
492 1216 257 35 gynnsammaste
767 1212 69 38 pris
854 1212 58 31 och
929 1212 125 30 villkor.
1074 1210 272 32 Hittillsvarande
1362 1215 117 34 system
1497 1211 101 30 måste
1614 1209 178 32 emellertid

309 1277 77 20 vara
413 1276 39 21 en
479 1267 162 38 temporär
666 1264 193 39 anordning,
887 1265 110 30 varför
1024 1263 174 39 anledning
1223 1264 66 30 kan
1316 1263 158 39 föreligga
1499 1268 49 27 att
1574 1263 218 38 övervägande

309 1320 82 37 sker,
418 1329 50 21 om
493 1319 55 31 det
573 1317 188 32 nuvarande
785 1321 152 35 systemet
961 1317 45 38 på
1031 1317 327 37 sockerregleringens
1384 1316 130 31 område
1539 1316 173 39 lämpligen
1736 1316 57 31 bör

310 1372 174 31 bibehållas
502 1372 76 31 eller
598 1371 124 38 jämkas
740 1371 77 30 eller
834 1380 53 21 om
905 1374 106 27 staten
1030 1370 11 30 i
1062 1369 102 31 andra
1183 1370 123 30 former
1324 1369 170 31 framdeles
1512 1368 59 31 bör
1588 1369 123 39 reglera
1728 1369 64 38 pri-

309 1435 97 22 serna
423 1426 41 37 på
481 1424 200 32 sockerbetor
697 1424 59 30 och
775 1424 114 31 socker.
910 1424 52 29 En
981 1423 100 31 sådan
1098 1422 176 39 utredning
1293 1422 177 38 tillstyrkes
1488 1422 120 33 därför.

395 1476 416 39 Arbetsgivareföreningen
839 1474 144 32 ansluter
1009 1476 48 37 sig
1083 1475 51 31 till
1161 1474 334 32 industriförbundets
1520 1475 164 38 yttrande,
1712 1475 80 31 Däri

312 1531 136 38 anföres,
468 1534 47 27 att
534 1530 180 31 kontrollen
733 1529 101 31 redan
851 1539 46 20 nu
914 1530 38 29 är
970 1529 35 30 så
1024 1527 192 39 ingripande
1234 1528 58 30 och
1312 1527 207 38 omfattande,
1538 1531 50 29 att
1605 1528 189 38 motsvarig-

312 1585 53 30 het
386 1585 41 37 på
448 1583 105 31 andra
574 1582 151 32 områden
746 1582 68 31 icke
835 1581 115 31 finnes.
973 1581 130 31 Jämväl
1122 1581 140 30 kontroll
1284 1590 40 21 av
1343 1580 65 31 den
1427 1580 83 31 låsta
1528 1581 266 38 kostnadsposten

312 1637 58 31 bör
389 1646 78 21 vara
485 1636 113 38 möjlig
617 1636 87 30 inom
724 1644 112 22 ramen
857 1635 50 30 för
927 1634 53 33 det
999 1644 46 20 nu
1065 1633 186 38 tillämpade
1270 1633 191 35 samarbetet
1479 1633 115 31 mellan
1613 1637 104 28 staten
1737 1634 56 31 och

310 1689 137 39 bolaget.

398 1750 315 32 Grossistförbundet
731 1749 199 38 framhåller,
950 1753 47 28 att
1015 1748 233 39 sockerbolaget
1266 1758 90 22 anses
1373 1759 40 21 ur
1429 1748 181 32 ekonomisk
1627 1746 169 39 synpunkt

314 1805 42 31 ha
379 1804 115 31 drivits
518 1804 41 37 på
584 1807 45 27 ett
651 1803 124 38 mycket
799 1802 207 38 föredömligt
1031 1803 74 30 sätt.
1131 1802 71 30 Den
1224 1801 131 38 statliga
1378 1802 133 37 insynen
1535 1802 39 29 är
1597 1800 99 31 redan
1718 1804 75 34 stor,

314 1857 60 31 och
399 1861 46 29 ett
471 1856 110 39 längre
607 1856 119 38 gående
751 1855 129 38 statligt
904 1854 186 38 inflytande
1113 1853 103 32 skulle
1241 1854 70 31 icke
1335 1854 44 38 på
1402 1854 97 38 något
1524 1854 64 32 sätt
1612 1863 106 29 gagna
1742 1853 53 31 det

311 1910 171 31 allmänna.

398 1971 60 30 KF
486 1971 135 38 redogör
646 1971 52 30 för
723 1970 308 31 sockerindustriens
1056 1969 183 38 utveckling
1265 1969 58 30 och
1348 1968 151 38 gällande
1522 1967 273 31 kontrollbestäm-

315 2024 114 31 melser
445 2024 59 30 och
522 2033 101 28 anser,
642 2027 47 27 att
707 2023 54 31 det
779 2024 38 29 är
832 2023 89 30 svårt
939 2026 48 27 att
1004 2022 100 30 tänka
1119 2022 51 38 sig
1188 2022 38 30 de
1243 2021 168 38 praktiska
1428 2021 128 42 former,
1574 2021 11 30 i
1601 2020 87 32 vilka
1702 2023 93 28 stats-

314 2076 198 39 inflytandet
535 2078 72 29 över
628 2075 292 32 sockerindustrien
941 2074 103 32 skulle
1065 2075 108 31 kunna
1195 2074 190 39 ytterligare
1406 2074 82 31 ökas.
1523 2074 60 32 Ett
1603 2074 106 31 direkt
1732 2074 63 30 för-

313 2130 193 39 statligande
524 2129 100 32 skulle
642 2129 67 31 icke
724 2129 115 30 kunna
855 2128 146 31 medföra
1017 2128 104 37 några
1136 2137 70 21 som
1222 2127 83 32 helst
1322 2126 199 32 omedelbara
1536 2126 168 39 praktiska
1720 2126 75 30 kon-

315 2184 166 31 sekvenser
497 2183 55 31 för
566 2183 107 38 någon
690 2192 40 20 av
748 2181 38 32 de
803 2192 40 20 av
860 2181 176 31 kontrollen
1053 2180 136 32 berörda
1204 2184 164 34 parterna.

398 2243 55 31 LO
477 2244 61 30 har
559 2244 159 32 inhämtat
740 2243 152 38 yttrande
915 2243 76 30 från
1013 2253 92 28 grov-
1128 2243 57 30 och
1208 2241 435 32 fabriksarbetarförbundet
1665 2241 57 31 och
1743 2251 53 21 an-

313 2297 105 31 sluter
437 2297 51 38 sig
509 2297 50 31 till
582 2296 71 31 däri
675 2296 89 38 gjort
785 2296 176 37 uttalande,
984 2299 50 29 att
1054 2296 81 30 krav
1156 2296 43 38 på
1219 2295 310 32 sockerindustriens
1550 2293 246 40 förstatligande

316 2350 67 32 icke
403 2350 101 31 skulle
526 2350 117 41 ställas,
665 2349 100 31 innan
787 2349 119 38 frågan
926 2359 74 21 vore
1020 2348 177 39 ordentligt
1216 2348 130 34 utredd.
1367 2346 90 34 Även
1476 2358 51 21 om
1548 2348 55 31 LO
1624 2357 95 21 anser
1750 2350 48 28 att

314 2403 65 32 den
401 2404 11 29 i
432 2403 196 31 motionerna
648 2402 142 39 begärda
810 2402 218 38 utredningen
1049 2401 64 31 kan
1135 2401 150 31 förefalla
1306 2401 128 31 mindre
1455 2401 181 39 angelägen,
1658 2401 64 31 kan
1744 2401 53 31 det

316 2457 18 30 å
355 2456 103 31 andra
477 2456 91 31 sidan
588 2455 72 31 med
680 2456 53 37 fog
754 2457 93 36 göras
868 2454 157 38 gällande,
1046 2458 47 28 att
1113 2454 215 38 utredningen
1347 2454 61 32 lätt
1425 2454 64 31 kan
1509 2454 197 38 verkställas,
1726 2464 71 21 var-

316 2510 54 31 för
389 2509 62 31 den
470 2509 181 38 tillstyrkes.
