1912 2828
719 156 275 31 Statsutskottets
1020 156 174 32 utlåtande
1218 157 50 31 Nr
1292 159 70 30 156.

600 239 270 37 företagsamhet
898 240 86 31 efter
1016 241 170 37 prövning
1215 251 44 21 av
1286 241 340 37 omständigheterna
1652 242 10 30 i
1694 241 97 37 varje

598 289 235 38 föreliggande
855 290 62 31 fall
938 291 137 31 biträda
1096 292 132 30 ackord
1250 292 10 30 i
1284 292 82 30 eller
1386 295 97 27 utom
1505 293 180 36 gäldenärs
1709 293 82 30 eller

600 340 203 32 löftesmans
832 342 155 30 konkurs
1013 342 165 31 ävensom
1205 342 99 37 eljest
1330 343 57 30 vid
1412 343 182 37 gäldenärs
1618 343 82 31 eller
1727 343 64 31 löf-

599 395 150 28 tesmans
773 391 167 32 obestånd
960 393 72 31 helt
1053 393 82 30 eller
1156 393 109 31 delvis
1286 393 166 37 eftergiva
1474 392 217 38 långivarens
1712 394 79 36 rätt,

600 443 79 30 med
698 442 207 37 befogenhet
924 442 56 32 för
1004 443 122 37 Kungl.
1147 443 103 37 Maj:t
1271 447 50 27 att
1341 444 181 37 uppdraga
1545 443 35 32 åt
1601 444 191 31 underord-

600 493 69 30 nad
691 493 204 37 myndighet
916 496 49 28 att
986 494 134 31 besluta
1144 494 10 30 i
1176 493 111 32 sådan
1309 494 111 37 fråga;

643 543 33 40 d)
705 543 98 32 avslå
826 544 11 30 i
861 544 218 32 motionerna
1103 545 27 30 I:
1148 545 61 31 195
1236 545 66 31 och
1326 545 46 31 II:
1386 546 64 30 403
1474 545 164 37 framlagt
1661 545 131 37 förslag

601 603 56 21 om
685 594 205 36 disposition
917 605 43 21 av
986 595 194 37 inflytande
1206 596 250 36 amorteringar
1483 595 22 32 å
1533 596 56 31 för
1615 595 176 38 gråbergs-

599 644 163 37 brytning
784 645 8 31 i
816 645 252 32 Kiirunavaara
1091 647 202 30 utlämnade
1314 646 70 37 lån;

645 736 80 40 II:o)
759 740 50 28 att
837 737 156 37 följande
1019 739 180 36 motioner,
1229 739 174 37 nämligen

643 881 41 20 nr

641 932 42 21 nr

645 982 41 21 nr

642 1033 42 22 nr

644 1084 41 20 nr

644 1134 41 20 nr

645 1185 41 20 nr

644 1318 41 21 nr

645 1369 40 20 nr

642 1420 41 21 nr

644 1470 40 21 nr

643 1521 41 20 nr

642 1572 42 21 nr

711 873 61 29 128

710 924 62 29 129

713 974 62 30 130

711 1025 60 30 181

709 1075 64 30 436

709 1125 63 30 437

710 1176 65 30 438

710 1310 64 30 200

709 1360 62 30 321

707 1412 62 29 411

708 1462 65 30 836

708 1513 63 29 837

708 1564 64 30 839

958 814 96 30 inom
1078 814 110 31 första
1212 815 218 31 kammaren:

797 881 43 21 av
863 872 80 30 herr
967 873 40 30 K.
1030 873 25 30 I.
1081 873 151 31 Sköldén
1256 883 46 21 m.
1325 873 49 37 fl.,

796 933 43 21 av
863 924 78 30 herr
966 924 37 30 F.
1027 923 148 32 Hamrin
1197 934 45 21 m.
1267 924 48 37 fl.,

800 983 43 21 av
866 974 120 30 herrar
1011 974 36 30 F.
1078 974 113 31 Ström
1221 976 66 29 och
1318 974 40 31 O.
1388 974 170 37 Carlsson,

799 1034 42 21 av
864 1025 80 31 herr
964 1024 36 32 G.
1022 1025 112 38 Bagge
1152 1035 45 22 m.
1217 1025 37 31 fl.
1280 1022 125 41 (punkt
1424 1022 48 41 3),

798 1084 44 21 av
864 1075 80 30 herr
969 1075 39 31 K.
1031 1075 26 31 I.
1078 1075 151 32 Sköldén
1248 1085 47 21 m.
1315 1076 49 37 fl.,

799 1135 43 21 av
864 1126 80 30 herr
969 1126 30 31 J.
1023 1126 45 31 M.
1091 1126 206 31 Bäckström
1323 1136 46 21 m.
1391 1126 38 31 fl.
1464 1127 66 31 och

800 1186 43 21 av
865 1177 81 30 herr
971 1176 34 31 C.
1035 1177 25 30 I.
1088 1177 170 37 Asplund;
1288 1180 89 28 samt

958 1252 95 30 inom
1080 1253 111 30 andra
1216 1253 219 30 kammaren:

799 1319 43 21 av
865 1310 80 30 herr
969 1309 40 31 O.
1032 1309 130 38 Osberg
1182 1320 46 21 m.
1249 1310 49 36 fl.,

799 1369 43 21 av
865 1360 80 30 herr
969 1360 37 31 G.
1028 1360 198 31 Andersson
1247 1361 11 30 i
1284 1361 129 37 Rasjön
1434 1371 46 21 m.
1503 1361 49 37 fl.,

797 1421 43 20 av
863 1412 79 30 herr
962 1411 45 31 M.
1032 1412 176 37 Skoglund
1229 1422 46 21 m.
1298 1412 34 31 fl.
1362 1409 124 40 (punkt
1509 1410 47 40 3),

798 1471 43 21 av
864 1462 79 30 herr
968 1461 40 31 O.
1029 1462 39 31 E.
1091 1462 177 38 Sandberg
1290 1473 46 20 m.
1358 1463 48 37 fl.,

797 1522 43 20 av
863 1513 80 30 herr
968 1513 29 30 J.
1022 1513 53 30 W.
1099 1512 217 32 Mårtensson
1341 1523 45 21 m.
1411 1514 37 30 fl.
1485 1515 64 30 och

798 1573 42 21 av
864 1564 79 30 herr
963 1564 38 30 E.
1022 1564 162 32 Ericsson
1203 1564 12 31 i
1236 1565 142 38 Sörsjön
1397 1575 45 21 m.
1463 1565 36 31 fl.

642 1630 67 37 må,
729 1630 13 31 i
764 1631 67 31 den
851 1630 82 31 mån
954 1631 42 31 de
1014 1631 76 32 icke
1109 1632 120 31 kunna
1251 1641 99 22 anses
1372 1633 188 31 besvarade
1580 1641 125 29 genom
1727 1632 66 31 vad

600 1681 165 30 utskottet
787 1680 125 37 anfört,
934 1681 76 31 icke
1031 1681 182 32 föranleda
1237 1681 114 38 någon
1374 1682 202 37 riksdagens
1597 1682 132 38 åtgärd.

336 1764 201 32 Stockholm
555 1765 65 31 den
636 1766 20 29 9
672 1765 77 38 juni
766 1766 94 31 1936.

791 1848 49 32 På
859 1850 266 30 statsutskottets
1144 1851 144 36 vägnar:

815 1934 174 31 ANDERS
1007 1934 252 33 ANDERSON.

324 2164 52 25 Vid
399 2164 182 26 förestående
602 2166 119 25 ärendes
743 2166 232 33 slutbehandling
997 2167 79 25 inom
1099 2168 137 25 utskottet
1258 2168 75 25 hava
1356 2168 136 26 närvarit:

323 2214 65 26 från
416 2215 137 25 första
581 2216 177 25 kammaren:
787 2217 98 25 herrar
913 2218 165 25 Johansson
1105 2218 9 24 i
1142 2218 215 31 Fredrikslund,
1383 2219 116 26 Nilsson
1527 2219 8 25 i
1562 2220 116 29 Malmö,
1705 2220 85 32 Berg-

289 2257 80 31 qvist,
388 2257 138 33 Asplund,
545 2258 103 31 Borell,
670 2259 169 30 Gustafsson
860 2259 8 25 i
889 2259 149 31 Benestad,
1057 2260 172 32 Bergström,
1249 2260 154 33 Nylander,
1424 2261 115 26 Nilsson
1561 2262 8 25 i
1591 2261 198 31 Fredriksfält,

287 2298 178 33 Bäckström,
483 2299 175 33 Magnusson
678 2301 54 24 och
750 2300 158 32 Bäcklund,
928 2304 74 23 samt

322 2357 65 26 från
416 2358 127 25 andra
573 2358 177 26 kammaren:
774 2360 99 24 herrar
893 2360 148 25 Anderson
1062 2361 9 24 i
1091 2360 134 32 Råstock,
1248 2362 133 31 Jansson,
1403 2362 177 31 Strindlund,
1605 2363 154 25 Törnkvist
1781 2362 9 25 i

288 2400 184 30 Karlskrona,
493 2401 162 25 Andersson
678 2402 8 24 i
709 2401 90 30 Höör,
821 2402 121 25 Persson
965 2402 9 24 i
997 2402 86 30 Falla,
1104 2403 144 25 Svensson
1270 2403 9 25 i
1299 2403 133 31 Grönvik,
1456 2405 134 31 Olofsson
1612 2405 9 25 i
1640 2404 149 33 Digernäs,

287 2442 139 31 Isacsson,
445 2443 141 30 Aronson,
606 2442 101 26 Olsson
727 2444 8 24 i
757 2443 123 33 Staxäng
901 2445 53 24 och
975 2444 122 26 Persson
1117 2445 8 25 i
1144 2445 162 25 Tidaholm.
