1910 2856
452 137 421 38 Bevillningsutskottets
898 139 225 32 betänkande
1150 141 52 31 Nr
1227 141 52 31 47.
1527 142 40 31 11

823 296 66 30 8:0.

673 405 372 42 Tobaksskatten.

145 508 132 31 Genom
297 518 44 21 en
361 508 69 32 den
449 509 18 31 3
486 508 146 37 januari
653 510 78 31 1931
752 511 227 36 dagtecknad
998 512 229 37 proposition,
1249 523 43 21 nr
1314 514 48 36 17,
1384 513 66 32 har
1471 514 135 37 Kungl.

104 559 111 37 Maj:t
234 560 188 37 föreslagit
441 561 195 37 riksdagen
655 572 45 21 en
718 562 151 38 höjning
889 574 47 21 av
957 564 68 32 den
1045 565 242 36 procentuella
1307 566 257 32 värdeskatten
1585 567 21 30 å

107 611 43 32 de
175 612 97 31 olika
297 612 126 38 slagen
449 623 47 22 av
522 614 238 32 tobaksvaror
785 616 81 31 med
889 617 18 30 2
934 618 157 35 procent,
1119 617 88 31 dock
1234 618 81 31 med
1339 618 187 38 undantag
1554 619 56 31 för

104 673 95 21 snus.
248 664 128 32 Denna
402 665 223 37 proposition
655 666 65 31 har
748 676 161 27 numera,
938 669 47 35 på
1013 668 217 32 hemställan
1257 680 47 21 av
1333 669 275 38 bevillningsut-

105 715 134 32 skottet
264 716 13 30 i
300 716 79 31 dess
404 716 225 32 betänkande
654 727 44 21 nr
724 718 49 36 12,
799 729 47 21 av
870 719 196 38 riksdagen
1090 720 164 32 bifallits.
1300 720 84 33 Som
1410 722 201 32 emellertid

105 768 488 37 statsverkspropositionens
618 769 202 38 beräkning
845 781 47 21 av
917 771 274 32 tobaksskatten
1216 773 211 31 verkställts
1452 773 80 32 med
1555 775 54 30 ut-

106 819 230 37 gångspunkt
359 819 84 32 från
465 820 117 31 denna
603 821 272 37 skattehöjning
896 822 66 31 och
983 822 45 31 då
1049 823 176 32 utskottet
1245 823 79 33 icke
1346 824 123 32 funnit
1490 825 118 32 anled-

103 870 89 37 ning
217 871 58 31 till
299 871 148 32 erinran
469 873 75 30 mot
568 872 257 38 beräkningen,
852 873 57 31 får
935 874 175 32 utskottet
1135 875 200 37 hemställa,

545 950 53 30 att
645 949 275 33 tobaksskatten
966 952 113 31 måtte
1114 951 56 32 för
1197 952 213 38 budgetåret
1435 953 173 36 1931/1932

505 1000 176 32 beräknas
714 1001 58 31 till
809 1025 430 10 .........s..ssssseeessrr
1266 1004 131 32 kronor
1420 1005 188 37 67,000,000.

816 1207 66 32 9:0.

478 1317 755 51 Brännvinstillverkningsskatten.

142 1420 193 38 Utskottet,
355 1432 76 21 som
448 1422 129 32 saknat
598 1422 195 37 anledning
814 1423 132 37 frångå
965 1424 67 31 den
1052 1435 45 21 av
1115 1424 134 37 Kungl.
1270 1425 111 37 Maj:t
1401 1425 205 38 föreslagna

102 1473 255 37 beräkningen,
380 1473 58 33 får
460 1473 200 38 hemställa,

542 1553 54 29 att
617 1552 605 37 brännvinstillverkningsskatten
1244 1554 112 31 måtte
1380 1554 56 31 för
1459 1554 147 37 budget-

503 1603 77 31 året
605 1601 171 36 1931/19382
802 1603 194 31 beräknats
1022 1603 59 32 till
1129 1627 107 8 ......
1263 1605 132 31 kronor
1417 1606 189 36 18,500,000.

803 1862 86 32 10:0.

482 1971 733 50 Rusdrycksförsäljningsmedlen.

137 2075 76 32 Mot
237 2075 68 32 den
328 2086 46 21 av
398 2075 135 37 Kungl.
558 2075 109 37 Maj:t
693 2075 206 37 föreslagna
923 2076 245 37 beräkningen
1192 2087 46 21 av
1260 2077 341 37 rusdrycksförsälj-

98 2126 249 37 ningsmedlen
377 2127 66 31 har
474 2127 174 32 utskottet
677 2126 34 37 ej
742 2127 123 32 funnit
895 2127 196 37 anledning
1121 2128 58 31 till
1209 2128 157 32 erinran.
1419 2128 183 33 Utskottet

97 2178 206 32 hemställer
330 2178 135 37 därför,

540 2257 54 30 att
630 2256 576 37 rusdrycksförsäljningsmedlen
1233 2258 112 31 måtte
1372 2258 55 31 för
1455 2258 147 37 budget-

499 2308 77 30 året
600 2306 172 36 1931/1932
798 2307 177 31 beräknas
999 2307 167 32 sålunda:

534 2357 576 37 Rusdrycksförsäljningsmedel:

578 2408 362 39 Partihandelsbolag
1004 2432 228 9 <............
1260 2410 130 32 kronor
1432 2411 159 36 9,000,000

575 2459 380 39 Detaljhandelsbolag
1008 2483 227 9 ............
1314 2473 14 17 »
1412 2462 188 37 24,000,000.
