1884 2786
273 146 19 30 8
637 144 455 30 Konstitutionsutskottets
1117 142 184 30 memorial
1326 151 43 20 nr
1384 141 51 30 23.

320 230 37 33 6)
391 230 51 29 alt
471 228 258 31 skoldistriktet
758 227 81 31 eller
866 226 355 41 primärkommunen
1248 225 77 30 icke
1352 225 136 40 utgiver
1517 223 197 41 ersättning
1742 223 52 29 till

278 273 127 33 lärare,
426 282 74 21 som
518 273 124 29 utövar
662 271 120 39 tillsyn
798 271 57 29 vid
874 270 214 33 skolmåltid,
1106 269 11 29 i
1134 269 112 30 andra
1263 268 63 30 fall
1344 269 45 29 än
1407 268 45 30 då
1468 268 71 29 han
1557 268 125 29 utövar
1700 276 94 20 mera

276 313 221 30 omfattande
516 312 98 40 dylik
634 311 121 40 tillsyn
773 313 44 28 än
835 311 155 30 flertalet
1009 311 112 29 lärare
1141 310 57 29 vid
1219 309 125 31 skolan
1365 309 65 30 och
1451 308 131 30 antalet
1601 307 194 40 lärjungar,

276 357 81 28 över
381 355 96 30 vilka
500 354 71 30 han
597 355 125 29 utövar
747 353 130 40 tillsyn,
902 352 136 41 uppgår
1062 352 53 30 till
1140 352 11 29 i
1178 351 215 40 genomsnitt
1418 351 109 29 minst
1556 350 62 30 100
1643 359 61 31 per
1730 350 66 39 dag

277 400 93 28 samt
391 399 52 28 att
465 397 242 38 ersättningen
727 396 134 34 härvid,
882 396 123 29 utöver
1026 395 186 30 förmånen
1233 404 43 20 av
1298 394 46 30 fri
1365 393 135 34 måltid,
1524 393 102 39 utgår
1648 401 61 31 per
1730 392 66 39 dag

275 441 80 28 med
378 439 103 39 högst
502 439 58 29 två
580 439 143 34 kronor,
747 446 56 21 om
826 436 133 30 antalet
982 436 192 39 lärjungar,
1197 437 82 28 över
1302 435 95 30 vilka
1421 435 70 29 han
1516 435 125 28 utövar
1664 433 131 38 tillsyn,

275 482 11 28 i
311 480 215 40 genomsnitt
548 482 31 39 ej
606 479 190 39 överstiger
821 479 74 33 200,
919 479 66 29 och
1007 478 11 29 i
1041 480 109 28 annat
1173 477 63 30 fall
1261 479 80 29 med
1365 477 103 38 högst
1490 478 52 28 tre
1564 477 142 29 kronor.

321 539 69 29 Till
414 538 143 41 ledning
578 538 58 30 vid
659 537 263 41 handläggning
945 545 42 21 av
1009 536 119 39 frågor
1152 545 57 21 om
1232 535 166 39 tillsynen
1424 534 57 31 vid
1506 533 290 31 skolmåltiderna

277 589 100 30 skola
399 589 99 39 tjäna
518 588 58 31 vid
598 588 235 39 kungörelsen
853 587 126 39 fogade
1000 586 237 39 anvisningar.

322 656 278 31 Bestämmelsen
620 656 123 30 trädde
762 656 11 29 i
791 655 96 31 kraft
907 656 68 29 den
998 657 14 28 1
1033 654 66 41 juli
1121 655 95 30 1951.

323 749 82 30 Som
433 749 157 39 framgår
618 758 43 20 av
687 747 236 31 ovanstående
952 747 218 39 redogörelse
1199 747 190 29 förutsatte
1421 746 83 30 1946
1533 745 57 30 års
1617 744 144 41 riksdag
1786 744 11 29 i

279 799 173 31 samband
478 800 78 30 med
584 798 61 30 sitt
671 798 338 40 ställningstagande
1034 797 53 29 till
1113 797 68 30 den
1207 797 180 29 allmänna
1415 795 301 40 löneregleringen
1742 795 56 29 för

276 849 350 39 befattningshavare
647 848 10 30 i
679 850 132 28 statens
830 848 124 40 tjänst,
974 848 51 30 att
1044 846 346 41 socialpedagogiska
1410 846 172 39 åtgärder,
1605 855 75 22 som
1700 846 98 29 kom-

277 908 55 21 me
354 901 52 28 att
429 899 91 30 åvila
543 899 211 40 exempelvis
776 898 259 41 lärarpersonal
1056 898 10 29 i
1091 897 171 31 samband
1286 898 80 29 med
1391 896 306 41 barnbespisning,
1721 895 77 31 icke

278 949 115 30 skulle
417 950 141 30 förenas
582 950 82 29 med
689 948 151 31 särskild
866 949 219 39 gottgörelse.
1111 948 77 30 Med
1213 948 139 39 hänsyn
1378 947 119 31 härtill
1522 947 106 30 borde
1652 947 68 29 den
1745 954 54 32 ge-

279 1009 83 20 nom
388 1000 128 39 Kungl.
542 1000 126 39 Maj:ts
695 999 113 30 beslut
834 999 68 30 den
928 1000 41 30 22
995 999 79 39 juni
1102 999 82 30 1951
1213 998 12 29 i
1251 998 238 40 kungörelsen
1518 997 181 31 1946:553
1726 996 73 31 vid-

278 1051 106 38 tagna
405 1049 206 40 ändringen,
633 1058 76 21 som
729 1058 57 32 ger
805 1049 223 30 skoldistrikt
1048 1049 65 30 och
1133 1048 309 41 primärkommun
1463 1048 69 29 rätt
1553 1048 50 30 att
1623 1047 11 29 i
1653 1047 72 30 viss
1746 1048 54 28 ut-

278 1101 209 39 sträckning
513 1101 120 39 utgiva
661 1100 197 40 ersättning
885 1100 54 30 till
972 1100 112 30 lärare
1111 1100 57 30 för
1196 1109 42 20 av
1266 1100 131 29 honom
1426 1099 131 30 utövad
1586 1098 123 40 tillsyn
1738 1098 58 30 vid

278 1150 216 35 skolmåltid,
516 1151 46 30 ha
583 1150 230 30 underställts
838 1151 82 30 1951
945 1150 57 30 års
1025 1149 143 39 riksdag
1190 1150 55 30 för
1267 1149 184 41 prövning.

322 1200 50 30 På
395 1202 113 37 grund
532 1201 111 29 härav
667 1200 46 30 ha
735 1200 33 29 vi
790 1200 103 40 yrkat
919 1199 165 31 anmälan
1110 1200 107 38 enligt
1245 1199 16 37 $
1290 1201 61 29 107
1378 1198 321 40 regeringsformen
1725 1199 73 29 mot

279 1250 201 30 dåvarande
512 1251 191 30 statsrådet
736 1251 65 29 och
834 1251 127 29 chefen
997 1250 54 30 för
1085 1250 506 40 ecklesiastikdepartementet
1625 1250 171 38 Nygren.»

320 1327 39 34 b)
390 1337 44 21 av
450 1328 81 30 herr
548 1328 126 39 Bergh,
694 1337 75 20 som
789 1327 148 31 anslutit
955 1328 52 39 sig
1024 1327 54 30 till
1096 1327 58 30 det
1172 1327 113 30 under
1305 1328 37 34 a)
1366 1327 226 30 framställda
1610 1326 185 40 yrkandet,

279 1379 114 30 under
414 1378 213 41 hänvisning
649 1379 54 30 till
726 1381 50 28 att
798 1379 68 30 den
888 1379 269 39 ifrågavarande
1180 1378 196 39 ändringen
1399 1379 10 29 i
1433 1377 236 39 kungörelsen
1695 1376 100 30 1946:

277 1429 75 35 553,
378 1430 119 30 därest
521 1430 67 30 den
614 1430 207 29 förutsätter
847 1429 199 40 skyldighet
1071 1429 55 30 för
1152 1429 148 30 berörda
1326 1428 260 40 lärarpersonal
1613 1429 51 29 att
1690 1428 106 29 utöva

279 1479 122 41 tillsyn
419 1480 59 30 vid
499 1480 214 34 skolmåltid,
733 1480 78 30 bort
831 1480 177 39 anknytas
1029 1479 52 31 till
1101 1479 277 40 kungörelserna
1402 1478 100 30 1948:
1520 1478 63 30 208
1604 1478 65 30 och
1694 1477 99 30 1938:

285 1530 64 31 754
369 1531 77 36 och,
467 1531 117 30 därest
606 1531 110 30 sådan
738 1530 198 39 skyldighet
956 1530 76 30 icke
1053 1530 198 34 förutsatts,
1273 1530 82 29 över
1375 1529 122 30 huvud
1519 1529 30 39 ej
1575 1529 78 30 bort
1675 1528 127 30 företa-

280 1589 71 32 gas,
378 1582 148 29 emedan
551 1581 12 29 i
591 1581 127 30 sådant
745 1581 61 30 fall
834 1581 341 39 ersättningsfrågan
1204 1581 38 29 är
1269 1582 49 27 ett
1345 1580 294 29 mellanhavande
1667 1579 130 29 mellan

280 1632 269 30 skoldistrikten
573 1632 66 30 och
663 1631 146 30 berörda
833 1631 125 31 lärare.

999 1731 76 29 HI.”

850 1806 181 31 (Protokoll
1050 1807 76 26 över
1144 1805 282 28 handelsärenden
1447 1805 61 27 den
1530 1804 36 28 16
1586 1811 86 20 mars
1693 1803 99 31 1951.)

324 1890 43 21 av
395 1881 122 30 herrar
543 1880 144 37 Herlitz,
716 1882 130 29 Gustav
872 1880 96 30 Emil
993 1880 213 36 Andersson,
1234 1879 129 40 Fritiof
1388 1879 183 37 Karlsson,
1599 1878 201 39 Lundgren,

280 1937 66 23 von
371 1930 155 38 Friesen,
550 1931 117 39 Nolin,
694 1930 125 31 Olsson
844 1931 11 29 i
878 1932 99 30 Mora
999 1931 65 30 och
1088 1930 201 36 Nordkvist,
1315 1939 75 21 som
1415 1930 119 29 anfört
1559 1929 174 39 följande:

325 1997 96 29 >Den
445 1999 41 29 28
506 1998 79 39 juni
611 1998 85 30 1940
719 1998 187 29 utfärdade
930 1997 126 39 Kungl.
1081 1997 106 39 Maj:t
1209 1997 222 38 kungörelse,
1454 2006 42 21 nr
1521 1996 74 33 650,
1620 1995 180 40 angående

279 2047 175 40 reglering
479 2057 43 21 av
547 2048 294 40 importpriserna
867 2048 20 30 å
914 2048 137 30 stenkol
1080 2050 65 28 och
1171 2048 89 29 koks
1288 2056 46 21 m.
1361 2058 46 19 m.
1435 2048 50 29 De
1513 2046 287 40 grundläggande

280 2098 314 30 bestämmelserna
619 2098 11 29 i
655 2099 236 39 kungörelsen
915 2100 61 29 äro
1000 2108 42 20 av
1066 2098 159 40 följande
1251 2097 142 40 lydelse.

325 2149 13 29 1
365 2148 28 37 8.
431 2149 99 30 Inom
554 2151 135 28 statens
710 2148 376 31 bränslekommission
1107 2149 91 30 skall
1219 2148 150 30 inrättas
1391 2158 43 20 en
1455 2148 153 32 särskild
1630 2147 168 39 clearing-

278 2200 106 31 kassa
406 2200 56 30 för
482 2199 174 40 reglering
676 2200 45 39 på
743 2200 68 30 sätt
832 2199 11 29 i
863 2199 117 30 denna
1001 2199 209 39 kungörelse
1233 2199 141 39 stadgas
1397 2208 42 21 av
1460 2198 294 40 importpriserna
1778 2197 20 30 å

280 2250 150 34 stenkol,
450 2250 89 29 koks
561 2250 66 30 och
647 2250 241 30 kolbriketter.

327 2369 10 9 ”
361 2369 190 24 Närvarande
569 2369 49 24 vid
635 2368 217 30 behandlingen
871 2376 36 16 av
924 2368 195 24 förevarande
1136 2367 122 25 ärende:

325 2401 67 25 från
424 2402 140 24 första
594 2402 187 24 kammaren:
802 2402 104 24 herrar
926 2401 130 25 Gottfrid
1078 2401 149 27 Karlsson,
1249 2400 69 24 Karl
1341 2401 111 30 August
1473 2400 162 27 Johanson,
1657 2399 144 29 Elmgren,

279 2435 111 25 Gustav
412 2436 77 23 Emil
512 2436 176 28 Andersson,
710 2435 119 28 Herlitz,
852 2435 109 24 Fritiof
983 2435 148 28 Karlsson,
1153 2434 153 31 Lundgren
1330 2435 53 23 och
1407 2434 161 30 Sandberg;
1593 2435 76 22 samt

324 2470 69 25 från
435 2470 129 24 andra
607 2469 186 25 kammaren:
826 2469 104 25 herrar
961 2469 114 28 Hallén,
1108 2476 56 17 von
1198 2469 127 27 Friesen,
1359 2468 105 28 Norén,
1497 2468 175 31 Spångberg,
1704 2466 97 29 Nolin,

279 2503 129 25 Jonsson
425 2504 10 24 i
452 2504 121 28 Haverö,
591 2504 106 25 Olsson
716 2505 9 23 i
742 2504 88 28 Mora,
847 2503 168 29 Nordkvist,
1032 2504 135 24 Hansson
1185 2503 10 24 i
1212 2503 124 30 Skediga
1353 2502 53 24 och
1425 2502 172 24 Adamsson.
