1890 2794
464 149 458 30 Konstilutionsutskottets
947 149 186 30 memorial
1157 158 43 21 nr
1215 149 52 30 23.
1611 148 18 29 7

104 234 85 39 ning
206 234 107 30 borde
332 234 31 39 ej
385 234 100 30 alltid
504 243 104 21 anses
627 234 187 30 förmånen
832 243 44 20 av
893 233 47 30 fri
959 234 123 29 måltid
1102 234 56 29 för
1177 233 150 33 läraren,
1348 233 84 29 enär
1451 232 80 30 dess
1551 233 77 29 vär-

104 285 43 29 de
172 285 112 30 måste
309 293 104 21 anses
442 284 278 30 förhållandevis
745 285 111 38 ringa,
884 284 145 29 särskilt
1055 293 75 21 som
1157 284 69 29 den
1251 292 81 21 vore
1360 284 51 29 att
1438 292 84 21 anse
1551 291 76 21 som

103 335 246 40 skattepliktig
379 335 127 30 intäkt.
540 335 120 30 Skulle
691 335 116 39 någon
840 334 115 30 lärare
987 334 58 30 vid
1077 334 269 30 bestämmande
1378 343 44 20 av
1452 333 174 30 vakthåll-

101 386 131 39 ningen
249 386 154 31 tilldelas
423 395 42 20 en
482 385 261 40 jämförelsevis
762 385 223 30 omfattande
1004 384 355 40 tillsynsskyldighet,
1379 384 107 30 borde
1505 384 11 29 i
1535 383 92 30 före-

102 436 215 30 kommande
345 436 64 30 fall
435 436 229 36 kommunen,
691 437 80 29 med
795 436 141 39 hänsyn
960 436 54 29 till
1038 436 121 29 vikten
1184 445 44 20 av
1251 436 49 28 ett
1330 434 296 39 ändamålsenligt

103 487 277 39 genomförande
411 497 43 20 av
484 486 528 36 skolmålstidsverksamheten,
1044 488 65 37 äga
1139 486 112 30 träffa
1282 484 344 31 överenskommelse

101 537 80 30 med
203 537 262 30 vederbörande
488 538 113 29 lärare
622 546 58 21 om
702 537 210 39 gottgörelse
934 537 55 31 för
1010 536 287 39 övervakningen
1317 536 81 29 med
1420 535 129 39 skäligt
1570 535 56 29 be-

102 588 92 39 lopp.
216 586 265 41 Överstyrelsen
502 588 206 38 ifrågasatte
729 587 78 30 icke
829 587 215 39 statsbidrag
1068 587 54 29 till
1143 587 99 39 dylik
1264 586 207 39 ersättning.

150 638 200 30 Skrivelsen
374 638 219 39 utmynnade
617 638 11 29 i
653 648 43 20 en
721 638 225 34 hemställan,
974 639 51 28 att
1049 638 127 38 Kungl.
1202 637 108 39 Maj:t
1335 637 109 29 måtte
1468 636 160 30 förklara

103 689 126 29 hinder
255 689 78 29 icke
361 690 96 28 möta
485 689 56 30 för
569 688 337 40 skolöverstyrelsen
935 690 51 28 att
1014 688 144 29 utfärda
1187 687 230 39 anvisningar
1445 686 181 40 angående

102 740 181 29 ordnande
304 749 44 20 av
367 739 168 39 tillsynen
554 739 58 30 vid
632 738 499 31 skolmåltidsverksamheten
1151 748 43 20 av
1216 738 58 30 det
1293 737 263 39 huvudsakliga
1574 737 52 29 in-

102 790 127 34 nehåll,
249 799 77 21 som
346 789 151 40 angivits
517 790 11 29 i
548 792 49 28 ett
617 790 195 30 skrivelsen
831 789 136 39 bifogat
988 788 143 40 förslag.

147 841 13 29 I
181 840 312 30 remissutlåtande
514 840 68 29 den
607 841 39 29 18
668 839 80 40 juni
773 840 85 30 1949
879 841 82 29 över
985 838 355 40 skolöverstyrelsens
1364 837 263 38 framställning

101 891 132 30 vidhöll
254 890 255 30 statskontoret
530 890 55 30 sin
606 890 147 40 tidigare
774 889 157 32 uttalade
952 889 239 41 uppfattning.
1213 888 119 40 Enligt
1353 888 273 30 statskontorets

102 941 143 41 mening
272 941 121 30 kunde
421 941 153 31 särskild
602 940 197 41 ersättning
825 959 46 3 —
899 941 121 30 utöver
1047 940 47 29 fri
1122 939 125 31 måltid
1273 958 45 3 —
1345 939 54 30 till
1428 939 114 30 lärare
1571 938 55 30 för

103 991 246 39 vakthållning
378 991 112 30 under
518 991 250 40 lärjungarnas
797 990 259 31 måltidsraster
1086 990 76 30 icke
1190 999 104 22 anses
1323 989 206 34 motiverad,
1561 989 65 30 och

102 1041 233 30 kommunala
358 1042 152 29 tillskott
533 1042 56 30 för
614 1042 96 30 detta
735 1041 167 30 ändamål
926 1041 113 30 måste
1065 1041 54 29 stå
1144 1040 11 30 i
1181 1041 117 30 direkt
1323 1040 89 30 strid
1437 1041 74 28 mot
1536 1040 91 29 före-

102 1093 154 30 nämnda
291 1092 349 39 riksdagsuttalande
672 1092 65 30 och
769 1092 203 39 grunderna
1003 1091 11 29 i
1046 1091 160 40 gällande
1240 1090 387 39 statsbidragsbestäm-

102 1143 136 30 melser.

150 1193 13 29 I
186 1202 43 21 en
251 1193 54 31 till
330 1193 125 30 chefen
479 1193 56 30 för
561 1192 496 38 ecklesiastikdepartementet
1081 1193 113 34 ställd,
1220 1193 67 29 den
1313 1192 35 30 11
1376 1192 146 31 oktober
1548 1191 79 31 1950

102 1244 216 37 dagtecknad
337 1244 236 37 promemoria
593 1243 177 38 angående
792 1243 167 37 tillsynen
979 1243 60 30 vid
1060 1243 287 30 skolmåltiderna
1371 1243 65 29 har
1457 1242 170 38 styrelsen

103 1294 55 30 för
185 1294 156 39 Sveriges
366 1294 410 30 folkskollärarförbund
800 1294 44 30 bl.
872 1303 30 21 a.
927 1294 133 29 erinrat
1085 1303 57 20 om
1170 1294 61 34 att,
1259 1294 109 29 sedan
1393 1293 234 39 skolöversty-

102 1344 114 30 relsen
244 1344 53 29 till
326 1344 280 41 departementet
633 1344 128 40 avgivit
791 1344 61 30 sitt
880 1344 251 30 ovannämnda
1157 1344 144 39 förslag,
1330 1343 91 30 hade
1449 1343 178 39 överlägg-

102 1394 126 40 ningar
257 1396 58 38 ägt
343 1403 80 21 rum
451 1395 130 29 mellan
610 1395 279 39 departementet
918 1395 66 29 och
1012 1395 284 39 representanter
1325 1394 55 30 för
1409 1394 216 30 lärarkåren.

102 1445 68 30 För
191 1446 51 29 att
265 1445 44 29 bl.
334 1454 29 20 a.
386 1445 107 30 vinna
516 1445 51 30 tid
591 1445 56 30 för
670 1454 42 20 en
733 1445 145 29 fortsatt
901 1445 215 39 behandling
1138 1445 65 30 och
1226 1454 43 20 en
1293 1444 172 39 slutgiltig
1487 1443 140 40 lösning

104 1505 43 20 av
174 1495 126 40 frågan
327 1495 91 30 hade
446 1495 82 31 från
556 1496 447 39 lärarrepresentanternas
1034 1496 77 30 sida
1138 1496 154 30 utlovats
1322 1497 52 29 att
1402 1504 56 21 om
1487 1495 140 39 möjligt

102 1545 87 30 söka
213 1545 157 31 undvika
389 1544 202 31 konflikter
615 1545 11 29 i
650 1545 172 31 samband
845 1546 81 30 med
952 1546 131 31 lärares
1107 1545 248 41 vakthållning
1379 1545 57 30 vid
1461 1544 166 30 skolmål-

103 1595 135 30 tiderna
258 1595 140 30 läsåren
422 1595 184 31 1948—50.
626 1596 103 30 Detta
749 1596 91 29 hade
862 1595 108 31 också
990 1596 138 29 kunnat
1148 1595 191 41 uppfyllas.
1362 1596 117 31 Under
1499 1596 127 29 hösten

105 1646 83 29 1950
213 1646 91 30 hade
330 1645 195 30 emellertid
552 1646 94 30 vissa
673 1646 203 30 svårartade
903 1646 370 32 konfliktsituationer
1298 1645 171 42 uppstått.
1497 1645 129 31 Vidare

102 1696 90 29 hade
221 1696 10 28 i
259 1698 49 28 ett
337 1697 97 29 antal
462 1697 63 29 fall
554 1697 229 35 deklarerats,
813 1697 51 30 att
894 1707 84 20 man
1006 1697 77 30 icke
1112 1697 120 39 längre
1261 1697 130 39 ansåge
1422 1697 52 40 sig
1502 1697 125 29 kunna

104 1746 187 30 medverka
319 1746 58 30 vid
406 1746 290 39 vakthållningen
724 1747 112 30 under
864 1747 157 30 rådande
1050 1747 259 31 förhållanden.
1340 1748 82 29 Man
1448 1747 90 30 hade
1568 1756 58 20 en-

102 1798 79 29 dast
201 1796 71 30 tills
293 1796 120 30 vidare
434 1797 73 38 gått
528 1798 80 29 med
630 1797 45 41 på
696 1797 93 32 vissa
810 1806 257 33 arrangemang
1087 1798 56 30 för
1165 1800 51 28 att
1239 1807 39 31 ge
1301 1798 185 40 möjlighet
1508 1798 53 30 till
1583 1807 43 20 en

102 1846 209 40 uppgörelse
341 1847 86 29 utan
456 1846 209 31 irriterande
693 1849 168 28 moment.
891 1848 360 39 Skolöverstyrelsens
1280 1849 134 38 förslag
1441 1849 11 28 i
1481 1849 145 29 ärendet

103 1896 89 29 hade
221 1896 53 29 till
301 1905 43 20 en
372 1896 127 39 början
529 1898 127 39 skapat
684 1906 42 21 en
753 1897 129 40 positiv
910 1898 208 40 inställning
1146 1898 53 30 till
1227 1898 398 39 övervakningsfrågan,

103 1946 9 28 i
138 1946 57 29 det
220 1955 84 20 man
331 1947 180 30 förväntat
537 1948 51 29 att
614 1947 167 39 förslaget
806 1951 140 28 snarast
972 1948 114 30 skulle
1111 1949 103 29 träda
1238 1948 11 29 i
1274 1949 108 29 kraft.
1408 1949 218 39 Dröjsmålet

103 1997 78 28 med
214 1997 293 38 genomförandet
540 2007 42 21 av
617 1997 275 40 anvisningarna
927 1999 90 29 hade
1049 1999 195 29 emellertid
1279 1998 162 30 inverkat
1475 1999 151 30 ofördel-

102 2046 121 39 aktigt.

148 2146 130 30 Genom
304 2147 114 29 beslut
445 2148 67 29 den
539 2149 40 29 22
605 2148 79 39 juni
712 2149 80 30 1951
821 2149 64 30 har
912 2149 127 38 Kungl.
1067 2149 116 39 Maj:t,
1211 2150 45 40 på
1283 2150 251 40 föredragning
1560 2150 65 29 och

101 2195 213 29 hemstållan
338 2206 42 20 av
403 2197 200 29 dåvarande
627 2197 189 30 statsrådet
840 2198 65 29 och
929 2199 125 30 chefen
1076 2200 55 29 för
1155 2199 471 39 ecklesiastikdepartemen-

103 2247 48 27 tet
171 2246 149 38 Nygren,
341 2247 44 29 bl.
408 2257 30 19 a.
460 2247 195 36 förordnat,
677 2250 50 28 att
758 2249 9 29 2
793 2249 15 35 $
830 2249 238 38 kungörelsen
1088 2250 68 29 den
1178 2250 41 29 28
1239 2250 80 38 juni
1343 2249 84 31 1946
1457 2250 59 33 (nr
1537 2250 82 34 553)

102 2296 179 37 angående
308 2296 215 39 statsbidrag
547 2296 52 29 till
624 2297 228 30 anordnande
878 2308 42 20 av
946 2298 243 30 skolmåltider
1216 2299 89 30 skall
1331 2299 132 30 erhålla
1490 2300 135 29 ändrad

103 2346 129 39 lydelse
255 2346 45 40 på
324 2347 68 29 sätt
419 2347 114 29 nedan
558 2348 151 38 angives.

147 2404 120 29 Såsom
296 2404 127 30 villkor
450 2405 53 29 för
529 2406 214 40 statsbidrag
769 2407 89 28 skall
886 2407 105 38 gälla:

148 2448 122 31 1)—35)
