1904 2796
544 128 100 27 Ändra
662 128 202 34 lagulskotteis
884 128 150 27 utlatande
1053 137 35 18 nr
1107 129 46 25 52.
1559 126 38 30 13

104 208 144 38 pension
270 208 11 30 i
303 208 92 30 form
415 218 44 20 av
482 208 246 39 änkepension.
763 208 270 30 Bestämmelsen
1055 218 56 20 om
1135 211 49 27 att
1208 209 119 29 änkan
1347 207 59 30 vid
1427 215 170 22 mannens

104 260 163 32 frånfälle
290 262 88 29 skall
398 262 46 30 ha
468 261 78 39 fyllt
568 262 41 29 55
634 260 38 31 år
695 261 54 30 för
774 264 49 27 att
844 260 37 31 få
903 261 235 38 änkepension
1159 261 93 30 leder
1274 261 50 29 till
1347 260 152 35 resultat,
1523 268 75 21 som

106 324 40 21 ur
168 315 319 39 rättvisesynpunkt
510 324 103 29 synas
636 315 170 30 stötande.
845 315 54 30 En
921 315 102 35 änka,
1047 324 77 21 vars
1148 323 83 21 man
1255 314 120 30 avlidit
1398 313 106 31 sedan
1527 313 71 29 hon

106 368 77 39 fyllt
202 370 41 29 55
265 368 48 37 år,
334 368 55 30 får
410 372 118 35 genast
549 368 245 39 änkepension,
814 368 111 30 under
946 368 55 30 det
1024 370 48 28 att
1091 377 42 21 en
1154 377 118 20 annan
1293 368 102 34 änka,
1417 376 78 21 vars
1516 374 82 22 man

105 422 120 30 avlidit
248 425 93 27 strax
362 422 107 30 innan
490 422 73 30 hon
584 421 78 39 fyllt
683 422 40 30 55
746 421 47 37 år,
819 421 110 39 aldrig
951 421 55 30 får
1027 421 245 39 änkepension.
1307 420 74 30 Den
1403 419 98 39 fråga
1524 428 75 21 som

106 476 64 30 här
187 477 132 29 berörts
337 477 37 29 är
390 475 191 30 emellertid
596 474 80 31 svår
695 478 49 27 att
760 476 83 29 lösa.
874 475 164 35 Kvinnor,
1057 484 74 21 som
1147 474 99 30 blivit
1263 474 111 30 änkor
1390 473 57 30 vid
1465 473 134 30 relativt

106 529 68 39 hög
193 528 104 37 ålder,
317 530 46 29 ha
380 532 129 27 ansetts
529 529 118 39 intaga
668 538 42 21 en
728 528 262 30 framträdande
1009 528 90 39 plats
1116 528 108 30 bland
1243 528 41 30 de
1303 526 201 40 kategorier,
1526 535 74 21 som

106 583 135 30 behöva
262 583 199 30 samhällets
482 582 107 39 hjälp.
624 582 239 39 Anledningen
884 581 116 30 härtill
1020 582 47 35 är,
1090 580 114 31 såsom
1224 578 375 33 socialvårdskommit-

108 637 57 29 tén
183 635 202 36 framhållit,
405 639 50 27 att
472 637 158 29 änkorna
647 635 73 30 ofta
739 643 124 31 genom
881 636 226 37 äktenskapet
1124 634 149 30 kommit
1290 637 48 27 att
1354 633 55 30 stå
1426 633 57 30 vid
1502 633 98 30 sidan

109 699 41 20 av
174 689 239 30 förvärvslivet
436 689 64 30 och
523 689 118 30 därför
662 689 46 30 ha
730 688 138 32 särskilt
888 687 94 31 svårt
1003 691 49 27 att
1072 687 57 31 vid
1149 688 108 38 högre
1279 686 95 30 ålder
1394 685 131 31 erhålla
1549 685 53 30 sin

108 743 169 39 bärgning
301 751 124 30 genom
447 743 125 29 arbete.
608 741 225 31 Beträffande
855 741 158 36 kvinnor,
1036 750 76 21 som
1135 741 94 29 bliva
1253 741 110 29 änkor
1386 739 56 31 vid
1467 739 135 30 relativt

109 805 92 30 unga
231 795 40 31 år
299 796 65 30 och
394 796 75 30 icke
497 796 46 30 ha
571 796 97 35 barn,
697 796 60 29 äro
786 794 268 31 förhållandena
1081 794 229 30 annorlunda.
1352 793 50 30 De
1430 792 98 30 torde
1555 792 46 29 ha

109 850 146 39 ungefär
276 850 72 30 lika
372 852 93 28 stora
485 849 219 39 möjligheter
726 859 74 20 som
823 848 109 30 andra
955 846 262 32 ensamstående
1239 846 150 31 kvinnor
1408 849 85 27 utan
1514 846 88 29 barn

110 906 49 27 att
178 903 150 39 försörja
349 903 50 39 sig
421 911 123 30 genom
565 905 73 36 eget
658 902 125 30 arbete.
816 897 128 40 Änkor,
965 910 75 21 som
1058 901 47 30 ha
1123 901 99 35 barn,
1242 899 144 31 befinna
1405 899 52 38 sig
1478 899 11 29 i
1510 898 92 30 detta

109 957 197 30 hänseende
327 957 10 29 i
359 959 46 28 ett
423 957 114 29 sämre
557 956 85 38 läge.

154 1011 65 29 Det
247 1010 97 30 torde
370 1009 76 31 icke
472 1019 84 20 vara
581 1008 134 39 möjligt
742 1012 49 27 att
815 1008 111 30 ändra
951 1007 306 31 bestämmelserna
1283 1016 58 20 om
1367 1004 236 40 änkepension

110 1063 49 36 så,
179 1067 51 27 att
252 1063 238 39 änkepension
511 1063 159 29 kommer
690 1064 50 28 att
760 1061 84 39 utgå
865 1061 53 30 till
940 1061 94 38 varje
1057 1061 101 35 änka,
1183 1069 75 21 som
1280 1058 79 39 fyllt
1381 1059 40 30 55
1444 1057 49 37 år,
1517 1059 86 29 även

112 1127 56 20 om
196 1117 71 30 hon
293 1116 98 30 blivit
417 1117 92 29 änka
535 1115 59 30 vid
618 1123 94 31 unga
738 1114 48 31 år.
826 1115 54 29 En
905 1113 40 31 så
972 1113 229 30 konstruerad
1230 1111 235 40 änkepension
1494 1111 109 30 skulle

112 1170 166 30 innebära
294 1179 44 21 en
355 1169 165 31 orättvisa
539 1172 72 27 mot
628 1168 111 30 andra
755 1166 266 32 ensamstående
1039 1166 158 31 kvinnor.
1229 1164 160 40 Anspråk
1406 1163 80 32 från
1505 1164 98 30 deras

112 1224 74 30 sida
215 1222 45 41 på
288 1223 246 30 motsvarande
561 1221 178 31 förmåner
765 1221 113 31 skulle
908 1221 110 30 under
1046 1219 132 31 sådana
1206 1218 295 39 omständigheter
1529 1216 76 31 icke

114 1277 118 30 kunna
249 1286 102 21 anses
368 1275 243 39 oberättigade.

156 1330 67 31 Vill
245 1339 83 21 man
350 1329 76 31 icke
446 1329 115 30 införa
584 1339 43 20 en
646 1328 133 30 allmän
799 1346 45 3 —
863 1327 48 32 låt
932 1336 83 21 vara
1035 1325 264 40 behovsprövad
1318 1343 46 3 —
1384 1324 221 39 folkpension

112 1383 56 31 för
187 1384 68 30 alla
276 1382 261 31 ensamstående
557 1382 150 30 kvinnor
723 1391 79 20 som
821 1381 79 38 fyllt
919 1380 41 31 55
981 1379 48 37 år,
1052 1379 37 31 så
1108 1378 111 31 måste
1240 1389 43 20 en
1302 1376 240 39 utsträckning
1563 1385 42 20 av

113 1438 111 29 rätten
246 1436 52 31 till
321 1435 235 40 änkepension
578 1434 46 40 på
647 1434 105 39 något
773 1435 67 29 sätt
862 1434 197 38 begränsas.
1094 1433 75 29 Hur
1194 1432 114 30 denna
1332 1429 274 40 gränsdragning

113 1491 46 29 än
177 1491 78 29 sker
273 1489 97 31 torde
388 1489 55 30 det
461 1488 98 31 alltid
575 1488 116 30 finnas
710 1495 158 31 grupper,
889 1496 74 21 som
982 1495 81 21 anse
1082 1485 49 39 sig
1150 1484 257 39 missgynnade.
1437 1482 168 31 Motionä-

113 1553 100 20 rerna
237 1541 188 32 framhålla
449 1541 138 31 särskilt
611 1541 43 30 de
675 1540 213 39 svårigheter
911 1549 77 21 som
1012 1539 93 30 möta
1130 1548 42 21 en
1196 1538 92 30 änka
1313 1537 79 30 med
1414 1536 89 30 barn
1526 1543 81 22 men

112 1605 82 22 avse
213 1596 77 30 icke
309 1599 49 27 att
378 1596 169 38 begränsa
566 1604 43 21 en
629 1594 239 38 utsträckning
889 1602 43 21 av
953 1592 279 39 änkepensionen
1251 1591 52 30 till
1322 1590 100 30 dessa
1442 1589 72 30 fall.
1549 1588 57 30 Ut-

114 1650 126 30 skottet
261 1649 60 30 vill
340 1649 11 30 i
372 1649 92 30 detta
482 1647 257 39 sammanhang
758 1647 115 30 erinra
894 1656 58 20 om
972 1648 50 28 att
1043 1644 258 39 svårigheterna
1320 1643 56 30 för
1397 1643 110 29 änkor
1528 1640 80 31 med

114 1704 88 29 barn
219 1703 10 30 i
249 1703 70 30 viss
335 1701 240 39 utsträckning
591 1701 159 30 beaktats
766 1700 12 30 i
793 1701 70 29 den
881 1699 197 39 föreslagna
1094 1699 101 38 lagen
1213 1707 58 20 om
1289 1696 122 39 bidrag
1428 1696 52 30 till
1498 1695 110 30 änkor

113 1757 66 30 och
201 1756 184 39 änklingar
407 1755 78 30 med
505 1755 98 30 barn.

158 1809 118 39 Enligt
299 1809 182 30 utskottets
507 1807 140 39 mening
673 1808 39 29 är
735 1806 190 30 emellertid
950 1815 42 21 en
1018 1806 146 37 översyn
1188 1813 44 21 av
1256 1802 351 40 folkpensionerings-

114 1862 118 39 lagens
255 1862 260 30 bestämmelser
536 1870 57 20 om
615 1859 236 40 änkepension
873 1858 173 39 påkallad.
1080 1858 123 29 Denna
1226 1858 147 36 översyn
1396 1856 97 30 torde
1515 1855 92 30 med-

116 1915 86 36 föra,
220 1918 50 27 att
287 1916 112 29 rätten
416 1914 51 30 till
485 1913 234 39 änkepension
738 1912 130 38 vidgas.
900 1911 64 30 Det
982 1912 38 29 är
1035 1920 43 20 av
1096 1919 89 21 ovan
1205 1909 148 30 anförda
1369 1909 77 29 skäl
1464 1918 42 20 av
1525 1908 82 34 vikt,

116 1973 48 26 att
182 1968 249 38 utvidgningen
450 1976 42 21 av
511 1967 111 29 rätten
641 1966 51 29 till
712 1963 238 40 änkepension
967 1963 167 39 företages
1153 1963 80 29 med
1251 1972 45 20 en
1312 1962 70 29 viss
1400 1961 206 30 varsamhet.

116 2022 67 30 Om
210 2021 135 39 möjligt
370 2021 63 30 bör
459 2019 318 40 gränsdragningen
804 2017 128 31 mellan
959 2016 131 31 sådana
1115 2016 110 30 änkor
1252 2025 76 20 som
1353 2014 99 30 skola
1479 2013 37 31 få
1541 2014 67 29 rätt

117 2075 50 30 till
186 2073 235 40 änkepension
441 2074 65 29 och
523 2072 133 31 sådana
677 2072 111 30 änkor
804 2081 78 20 som
900 2070 75 30 icke
993 2066 118 33 kunna
1129 2068 37 31 få
1187 2067 110 32 sådan
1315 2069 67 29 rätt
1401 2069 100 37 göras
1520 2067 88 38 mju-

118 2129 80 29 kare
218 2129 44 29 än
284 2137 74 20 som
379 2128 87 29 skett
488 2126 9 30 i
521 2126 83 29 1946
623 2124 57 31 års
698 2125 55 38 lag
774 2134 57 20 om
851 2122 326 40 folkpensionering.

161 2180 48 31 På
232 2181 112 38 grund
366 2190 41 20 av
430 2180 67 29 vad
519 2178 148 31 sålunda
692 2177 132 30 anförts
847 2176 54 31 får
922 2177 165 29 utskottet
1108 2173 194 36 hemställa,

472 2288 49 26 att
543 2283 185 38 riksdagen
752 2282 9 29 i
787 2282 188 37 anledning
996 2291 43 19 av
1063 2280 228 30 förevarande
1316 2280 130 29 motion
1470 2279 107 30 måtte
1600 2279 10 29 i

429 2337 163 30 skrivelse
611 2336 49 29 till
681 2335 123 38 Kungl.
825 2334 101 38 Maj:t
945 2329 149 39 anhålla,
1114 2336 49 27 att
1182 2333 123 38 Kungl.
1326 2332 99 38 Maj:t
1444 2332 79 30 ville
1541 2331 68 30 låta

429 2389 185 31 verkställa
636 2398 41 20 en
700 2389 148 37 översyn
870 2397 43 20 av
934 2386 305 30 bestämmelserna
1262 2395 57 20 om
1343 2385 235 38 änkepension
1600 2385 9 28 i

429 2443 100 38 lagen
553 2442 65 30 den
642 2442 41 29 29
707 2440 73 39 juni
809 2441 83 29 1946
915 2450 57 19 om
996 2437 317 40 folkpensionering
1336 2441 89 26 samt
1449 2438 54 30 för
1526 2437 83 30 riks-
