2204 2626
689 208 235 41 Lagutskottets
954 210 171 34 Ullåtande
1149 212 65 32 N:o
1241 215 49 30 34.
1750 221 39 30 15

301 290 53 37 De
387 291 270 51 lagändringar,
693 296 83 35 herr
799 296 186 50 Lindgren
1014 298 13 34 i
1054 298 53 36 sin
1134 300 138 36 motion
1293 299 204 50 ifrågasatt,
1522 305 45 47 gå
1594 306 195 49 väsentligt

194 344 124 48 längre
347 346 66 35 och
442 346 116 37 delvis
587 348 11 34 i
616 361 120 23 annan
766 350 163 50 riktning
958 356 44 31 än
1032 352 43 36 de
1107 354 37 35 af
1159 353 82 36 herr
1256 353 198 50 Segerdahl
1469 354 214 53 föreslagna,
1703 360 12 34 i
1735 360 55 35 det

192 396 250 40 förstnämnde
476 401 181 37 motionär
690 403 75 36 dels
797 402 199 51 föreslagit,
1028 411 53 31 att
1109 407 91 36 eden
1229 409 119 35 skulle
1377 410 12 35 i
1418 409 70 37 den
1522 413 265 49 utsträckning,

192 450 127 38 sådant
361 452 131 38 funnes
524 456 147 48 möjligt
712 457 66 35 och
821 459 180 49 lämpligt,
1041 461 147 49 utbytas
1221 467 78 32 mot
1337 476 45 22 en
1416 463 46 49 på
1497 470 55 31 tro
1581 466 67 36 och
1678 467 110 37 heder

191 504 164 50 afgifven
384 506 218 38 förbindelse
637 511 88 36 eHer
753 510 212 51 förklaring,
995 513 74 36 dels
1098 516 168 48 upptagit
1289 517 115 36 denna
1432 517 103 49 fråga
1563 520 12 34 i
1604 520 82 36 hela
1709 521 79 36 dess

192 559 85 36 vidd
320 561 83 35 med
437 560 166 38 afseende
636 563 21 35 å
690 565 73 35 alla
799 565 44 36 de
871 564 78 46 fall,
984 566 44 37 då
1056 566 153 38 särskild
1239 569 184 38 utfästelse
1453 572 88 36 eller
1570 573 217 38 bekräftelse

190 613 12 34 i
226 614 94 35 form
350 613 41 37 af
417 615 42 36 ed
488 629 52 23 nu
568 617 120 37 finnes
716 618 10 35 i
753 619 60 48 lag
841 618 248 39 föreskrifven.

298 667 75 36 Till
402 670 79 35 stöd
509 671 56 35 för
593 671 152 36 berörda
773 671 138 52 förslag
940 674 66 36 har
1035 677 225 36 motionären
1290 679 134 36 erinrat
1452 693 72 32 om,
1545 686 54 31 att
1618 694 168 37 personer

190 719 129 47 finnas,
348 722 126 37 hvilka
504 723 45 49 på
577 726 120 47 grund
727 725 38 36 af
790 728 54 34 sin
873 728 168 49 religiösa
1069 729 242 51 öfvertygelse
1341 733 122 35 känna
1483 735 54 48 sig
1551 733 233 40 förhindrade

189 780 53 30 att
270 774 146 51 aflägga
445 777 55 45 ed,
529 778 130 37 medan
688 779 76 37 åter
792 782 109 35 andra
930 783 11 34 i
965 784 160 48 religiöst
1153 784 203 38 hänseende
1385 787 90 49 hysa
1494 788 132 36 sådana
1641 789 143 47 åsikter,

189 831 54 33 att
272 829 89 52 eden
390 830 59 36 för
477 831 83 36 dem
590 833 79 35 icke
698 834 152 36 innebär
877 834 113 50 något
1018 838 169 36 särskildt
1215 838 256 51 förpliktande.

294 882 127 38 Äfven
450 886 179 36 utskottet
657 900 102 24 anser
787 888 111 37 ofvan
928 890 147 49 angifna
1104 890 105 51 fråga
1237 906 87 23 vara
1344 896 60 34 väl
1433 894 149 50 förtjänt
1601 896 183 38 attöfver-

187 936 135 37 lämnas
364 938 59 35 till
463 939 137 49 Kungl.
644 941 121 49 Maj:ts
802 944 183 49 pröfning.
1044 943 260 53 Oförnekligen
1345 948 119 49 ligger
1501 950 61 36 det
1590 951 111 48 något
1728 951 56 37 för

187 991 242 36 rättskänslan
472 994 149 48 mycket
660 994 148 38 sårande
852 997 87 44 däri,
981 1003 66 40 att,
1090 1000 60 35 till
1178 999 90 50 följd
1306 1000 41 37 af
1373 1003 70 35 den
1472 1002 150 38 fordran
1654 1007 42 46 på
1724 1006 56 46 ed,

185 1044 106 48 lagen
325 1045 11 35 i
372 1046 95 36 vissa
508 1046 66 37 fall
618 1050 212 48 uppställer,
868 1063 177 37 personer,
1090 1053 125 36 hvilka
1257 1054 42 36 af
1337 1058 446 50 samvetsbetänkligheter

186 1105 111 42 vägra
339 1103 54 33 att
432 1099 45 50 gå
505 1102 101 45 eden,
637 1101 114 37 blifva
779 1104 153 36 föremål
960 1105 57 37 för
1044 1108 168 48 rättsliga
1240 1107 165 51 åtgärder
1432 1111 12 34 i
1472 1113 95 47 syfte
1595 1116 55 33 att
1677 1115 106 34 fram-

184 1152 129 49 tvinga
332 1165 45 24 en
402 1154 99 48 edlig
519 1154 216 52 förklaring,
754 1159 66 34 och
841 1158 21 36 å
880 1159 116 36 andra
1015 1161 100 35 sidan
1136 1161 73 36 står
1228 1162 62 37 det
1309 1164 31 48 ej
1363 1165 60 35 väl
1438 1165 242 38 tillsammans
1699 1169 84 35 med

184 1217 45 24 en
257 1206 110 48 högre
401 1207 237 51 uppfattning
666 1224 60 22 om
754 1212 108 35 edens
890 1213 81 36 vikt
998 1214 67 35 och
1094 1215 176 37 innebörd
1300 1223 55 30 att
1383 1217 75 36 låta
1486 1219 44 35 ed
1558 1219 160 50 afläggas
1746 1221 40 36 af

184 1272 178 35 personer,
391 1261 125 37 hvilka
544 1266 60 32 äro
633 1262 223 39 främmande
885 1264 56 37 för
969 1267 61 35 det
1052 1268 167 49 religiösa
1238 1277 172 39 moment,
1430 1284 77 24 som
1527 1273 101 48 ingår
1647 1275 12 34 i
1679 1275 101 36 eden.

291 1313 188 38 Utskottet
519 1318 112 47 vågar
674 1318 66 35 ock
780 1323 144 45 antaga,
968 1325 54 31 att
1056 1322 106 36 edens
1197 1323 185 49 betydelse
1411 1324 57 37 för
1497 1327 67 35 den
1594 1328 187 36 allmänna

183 1368 307 37 rättssäkerheten
519 1370 80 36 icke
628 1371 65 35 bör
722 1372 135 36 skattas
881 1375 37 34 så
947 1374 99 49 högt,
1077 1380 55 31 att
1160 1377 236 48 möjligheten
1425 1380 39 34 af
1492 1392 44 23 en
1565 1379 215 52 förändring

183 1420 10 35 i
237 1420 70 36 den
349 1422 177 49 riktning,
568 1425 225 36 motionären
823 1425 167 50 angifvit,
1018 1427 39 37 af
1083 1430 109 35 sådan
1220 1431 199 50 anledning
1448 1434 114 35 skulle
1591 1448 85 23 vara
1704 1440 74 32 ute-

183 1474 130 37 sluten.
370 1476 174 37 Tvärtom
573 1479 101 35 torde
703 1492 84 23 man
818 1481 126 35 kunna
973 1482 89 48 hysa
1091 1483 68 36 den
1189 1483 259 52 förhoppning,
1482 1493 54 30 att
1564 1489 12 34 i
1604 1489 62 36 det
1694 1490 85 36 vida

182 1526 269 52 öfvervägande
494 1533 136 35 antalet
671 1532 67 36 fall
779 1535 312 49 sanningsplikten
1134 1538 114 37 skulle
1282 1544 90 44 göra
1401 1541 55 48 sig
1481 1542 75 35 lika
1585 1543 98 36 klart
1711 1544 66 36 och

183 1581 155 51 kraftigt
379 1585 182 47 gällande,
606 1599 59 24 om
706 1587 90 36 eden
839 1592 148 33 ersattes
1027 1591 83 35 med
1153 1604 43 23 en
1230 1591 212 52 förklaring,
1471 1608 78 23 som
1577 1595 200 51 afgåfves
1757 1587 25 63 i

183 1647 119 24 annan
345 1638 182 49 högtidlig
560 1640 67 35 och
671 1640 183 37 bindande
883 1641 102 37 form.
1041 1644 82 36 Med
1152 1646 140 49 hänsyn
1321 1648 58 35 till
1405 1654 279 32 samvetsömma
1708 1651 68 36 och

181 1690 242 37 rättänkande
463 1705 170 34 personer
674 1694 93 35 lärer
809 1708 43 22 en
897 1695 109 36 sådan
1035 1696 211 51 förändring
1273 1700 79 36 icke
1382 1702 86 34 böra
1497 1701 141 50 ingifva
1663 1704 114 48 några

180 1742 180 49 farhågor.
416 1744 72 36 För
516 1746 83 35 dem
628 1745 86 46 åter,
743 1747 125 36 hvilka
896 1750 80 34 icke
1001 1751 214 49 tillräckligt
1244 1753 98 36 ledas
1369 1753 39 36 af
1431 1755 124 49 dylika
1571 1756 204 38 bevekelse-

182 1797 173 47 grunder,
385 1798 101 36 torde
520 1799 68 36 den
619 1801 177 36 starkaste
825 1801 218 49 driffjädern
1073 1808 54 33 att
1155 1807 74 34 tala
1257 1808 153 48 sanning
1439 1821 87 23 vara
1555 1812 52 33 att
1635 1809 101 38 finna
1764 1813 11 34 i

180 1850 148 36 fruktan
367 1852 56 35 för
456 1852 44 35 de
543 1852 299 50 straffpåföljder,
887 1856 126 36 hvilka
1047 1870 50 23 nu
1130 1865 61 29 äro
1221 1859 170 38 förenade
1421 1862 85 36 med
1535 1864 129 36 mened
1694 1865 77 46 och,

180 1917 60 22 om
270 1905 89 35 eden
390 1904 209 47 försvunne,
629 1908 119 36 skulle
776 1922 89 23 vara
893 1909 210 38 förbundna
1133 1913 80 36 med
1244 1914 102 36 brott
1375 1918 79 33 mot
1466 1916 69 36 den
1556 1918 215 50 förklaring,

179 1969 77 23 som
300 1959 126 35 trädde
469 1960 10 34 i
513 1960 108 36 edens
649 1963 116 35 ställe.
824 1963 147 36 Liksom
1000 1965 62 35 det
1090 1979 48 22 nu
1166 1970 39 32 är
1233 1966 240 49 föreskrifvet,
1503 1974 54 32 att
1585 1971 80 45 den,
1695 1985 77 23 som

179 2009 118 49 aflagt
338 2013 88 35 eller
468 2014 94 34 skall
604 2014 150 50 aflägga
796 2016 55 44 cd,
893 2018 93 34 skall
1015 2019 133 36 erinras
1177 2033 57 22 om
1261 2022 78 35 dess
1367 2023 81 34 vikt
1476 2023 67 35 och
1573 2025 197 46 betydelse,

179 2064 115 35 borde
337 2066 59 34 det
437 2065 119 49 åligga
599 2067 170 36 domaren
804 2074 64 38 att,
898 2069 45 35 då
972 2070 103 48 dylik
1106 2071 206 50 förklaring
1341 2074 167 48 afgifvits
1536 2078 88 34 eller
1653 2078 117 36 skulle

178 2116 165 49 afgifvas,
382 2119 30 47 ej
456 2119 141 36 mindre
641 2120 195 36 framhålla
870 2121 264 51 förklaringens
1163 2126 184 48 betydelse
1375 2129 10 33 i
1411 2130 96 34 såväl
1532 2129 132 50 sedligt
1692 2144 77 22 som

177 2170 162 48 religiöst
376 2171 168 37 afseende
584 2180 44 28 än
671 2173 104 37 äfven
818 2176 118 35 erinra
977 2190 59 22 om
1065 2178 60 35 det
1152 2178 115 46 straff,
1301 2193 78 23 som
1409 2194 85 23 vore
1518 2183 169 49 stadgadt
1715 2183 56 37 för

176 2222 176 38 afvikelse
379 2223 83 37 från
491 2227 321 48 sanningsplikten.

284 2277 225 49 Principiellt
537 2280 170 49 riktigast
734 2294 103 35 synes
866 2282 61 36 det
955 2282 124 37 därför
1107 2297 98 32 vara,
1236 2299 60 22 om
1325 2287 91 35 eden
1447 2289 120 35 kunde
1597 2289 76 36 helt
1703 2291 65 35 och

178 2330 113 37 hållet
332 2331 177 37 afskaffas
552 2339 92 30 samt
681 2340 151 30 ersättas
875 2336 78 36 med
988 2351 42 22 en
1062 2337 202 51 förklaring
1294 2339 40 36 af
1360 2340 110 38 ofvan
1500 2342 173 49 angifven
1703 2350 65 31 art.
