1868 2764
274 142 19 31 8
548 145 403 37 Bevillningsutskottets
972 148 219 30 betänkande
1211 157 40 21 nr
1273 150 41 29 36
1335 150 39 28 år
1397 151 82 28 1964

276 233 19 29 5
311 234 142 36 procent
469 243 42 20 av
525 233 153 38 bolagets
694 235 8 29 i
721 236 134 37 Sverige
872 236 51 30 till
941 237 201 30 kommunal
1161 237 251 30 inkomstskatt
1428 238 328 39 beskattningsbara

277 287 164 29 inkomst.

320 340 176 31 Utskottet
516 341 55 30 vill
592 343 77 29 med
691 343 186 38 anledning
897 344 107 29 härav
1025 344 187 30 framhålla
1234 344 165 37 följande.

319 394 116 30 Under
452 394 220 32 förarbetena
689 396 52 30 till
759 405 46 21 nu
822 397 159 37 gällande
998 397 109 38 regler
1124 406 56 21 om
1199 397 197 38 fördelning
1412 407 42 20 av
1472 398 286 31 rörelseinkomst

277 447 127 30 mellan
429 448 93 30 olika
548 448 208 31 kommuner
782 450 138 37 gjordes
946 450 43 31 bl.
1017 460 29 20 a.
1073 451 159 37 gällande
1258 452 50 30 att
1334 451 279 30 dittillsvarande
1640 452 117 37 praxis

281 500 83 38 tagit
390 501 120 30 alltför
534 502 96 37 ringa
656 503 136 36 hänsyn
818 504 49 29 till
893 504 41 29 de
957 504 222 37 olägenheter
1201 513 74 20 som
1302 504 297 30 rörelsedrivande
1622 504 135 38 företag

278 553 199 31 förorsakat
496 555 178 35 kommun,
693 557 63 29 där
773 557 70 30 viss
862 565 80 30 gren
964 567 41 20 av
1025 558 150 29 rörelsen
1198 559 147 29 utövats.
1366 558 149 30 Särskilt
1533 558 114 37 gällde
1665 558 93 30 detta

279 609 8 27 i
315 607 99 38 fråga
440 617 54 21 om
524 608 132 39 företag
685 610 75 30 med
790 610 357 31 fabriksverksamhet
1174 611 93 30 inom
1296 620 40 20 en
1367 611 168 29 kommun
1564 612 91 28 samt
1682 611 75 30 med

279 660 124 30 kontor
422 661 64 30 och
507 661 254 40 affärsledning
781 664 92 29 inom
894 673 40 21 en
957 673 113 21 annan
1093 665 178 29 kommun.
1293 665 215 29 Kommuner
1528 664 77 30 med
1626 664 134 30 huvud-

280 714 125 30 kontor
429 715 88 30 hade
540 734 42 3 —
608 715 184 31 framhölls
818 717 55 29 det
898 735 43 3 -—
965 717 165 30 tilldelats
1157 726 41 21 en
1224 717 99 30 andel
1350 727 42 20 av
1419 717 341 34 rörelseinkomsten,

278 776 73 21 som
370 767 72 31 inte
459 768 76 30 stod
553 769 10 29 i
582 769 115 38 rimlig
715 770 199 37 proportion
935 771 51 29 till
1005 771 41 29 de
1063 770 257 37 jämförelsevis
1341 771 95 36 ringa
1455 770 223 37 olägenheter
1696 770 63 30 och

279 820 189 32 kostnader
493 831 73 21 som
592 823 101 29 dessa
718 823 209 30 kommuner
953 824 216 30 åsamkades.

323 874 345 39 Fördelningsregeln
694 877 9 28 i
730 877 39 29 58
802 876 7 33 8
836 877 424 37 kommunalskattelagen
1284 878 38 28 är
1348 877 126 30 avsedd
1502 878 49 28 att
1577 876 183 31 förhindra

278 926 42 31 bl.
342 937 28 20 a.
392 928 185 30 orättvisor
599 938 42 20 av
661 929 114 30 denna
797 931 52 28 art
869 930 62 30 och
954 930 146 30 innebär
1122 930 132 30 således
1277 931 48 29 att
1348 930 54 30 vid
1424 930 242 37 fördelningen
1689 930 70 30 sär-

279 981 87 30 skild
392 981 134 37 hänsyn
552 982 87 30 skall
666 984 95 36 tagas
785 983 48 30 till
860 983 129 30 sådana
1012 983 297 37 omständigheter
1333 992 73 20 som
1432 984 49 29 att
1505 992 39 21 en
1571 983 70 29 viss
1663 983 97 30 verk-

280 1034 135 30 samhet
435 1035 112 37 dragit
566 1036 98 36 nytta
685 1045 41 20 av
746 1036 223 30 kommunala
988 1036 236 38 anordningar
1243 1036 82 30 eller
1345 1037 51 29 att
1416 1036 214 30 kommunen
1650 1035 113 31 åsam-

281 1087 77 30 kats
379 1088 174 30 särskilda
574 1088 190 31 kostnader
785 1089 55 30 för
860 1089 277 30 verksamheten.
1161 1090 51 29 En
1234 1089 136 38 garanti
1394 1089 54 30 för
1471 1090 49 29 att
1542 1089 115 30 denna
1680 1099 26 20 s.
1729 1089 32 29 k.

280 1140 284 38 intresseprincip
590 1142 254 37 upprätthålles
870 1143 63 29 har
959 1152 80 20 man
1066 1143 90 30 velat
1182 1142 107 37 skapa
1316 1150 123 30 genom
1467 1143 50 29 att
1542 1142 9 30 i
1580 1141 97 39 fråga
1704 1151 54 20 om

284 1194 125 30 rörelse
432 1195 10 29 i
464 1195 190 29 allmänhet
676 1195 172 30 fastställa
869 1205 40 20 en
932 1196 241 36 normalgräns
1195 1195 53 30 för
1268 1196 415 29 huvudkontorsandelen
1704 1204 56 21 om

279 1247 68 30 fem
365 1249 153 35 procent.

322 1300 50 30 Av
390 1300 241 38 ordalydelsen
651 1301 9 30 i
681 1302 40 30 58
753 1301 3 33 8
778 1302 420 37 kommunalskattelagen
1221 1301 153 38 framgår
1395 1302 50 29 att
1467 1301 217 38 lagstiftaren
1705 1310 59 21 an-

284 1355 65 29 sett
375 1354 150 30 särskild
551 1354 137 37 hänsyn
714 1354 83 30 böra
822 1354 54 30 vid
904 1355 347 30 rörelseinkomstens
1277 1354 197 37 fördelning
1499 1356 96 35 tagas
1620 1354 51 30 till
1697 1354 63 30 den

281 1408 228 30 ekonomiska
532 1409 199 37 betydelsen
758 1408 53 30 för
834 1410 48 28 ett
906 1408 134 38 företag
1064 1418 41 20 av
1128 1409 64 29 den
1218 1409 94 29 inom
1337 1417 41 20 en
1405 1408 167 29 kommun
1598 1407 166 30 bedrivna

281 1462 276 30 verksamheten.
581 1462 117 37 Enligt
721 1462 236 37 huvudregeln
981 1462 88 30 skall
1094 1462 173 37 nämligen
1292 1461 115 30 såsom
1433 1460 330 38 fördelningsgrund

283 1515 211 37 principiellt
519 1516 178 29 användas
723 1516 64 29 den
815 1525 97 20 norm
938 1525 73 20 som
1038 1515 76 30 bäst
1141 1516 194 29 motsvarar
1362 1515 64 29 vad
1454 1523 73 20 som
1557 1513 205 37 »åtnjutits»

281 1568 94 30 inom
402 1569 223 34 kommunen,
651 1569 31 29 d.
709 1578 29 20 v.
765 1579 24 19 s.
815 1569 63 29 den
907 1568 382 38 företagsekonomiska
1316 1568 147 29 vinsten.
1492 1567 271 30 Bestämmelsen

282 1631 98 20 avser
404 1621 199 38 visserligen
628 1622 64 29 den
718 1622 52 30 del
795 1632 40 19 av
858 1622 198 30 inkomsten
1081 1631 72 20 som
1180 1621 148 30 återstår
1352 1621 104 30 sedan
1483 1620 282 30 huvudkontors-

282 1675 145 30 andelen
449 1675 199 31 avräknats.
670 1676 50 29 Av
741 1676 62 29 den
827 1675 313 38 omständigheten,
1161 1676 50 29 att
1231 1673 428 36 huvudkontorsandelen,
1684 1674 82 29 >där

282 1728 343 38 omständigheterna
649 1729 118 29 därtill
792 1728 212 34 föranleda»,
1029 1729 68 29 kan
1122 1728 102 37 höjas
1249 1729 120 29 utöver
1394 1727 69 30 fem
1489 1728 153 36 procent,
1668 1727 96 30 torde

283 1790 80 21 man
385 1782 190 29 emellertid
599 1782 119 29 kunna
742 1782 104 37 draga
869 1782 63 29 den
957 1782 200 34 slutsatsen,
1180 1782 50 29 att
1253 1780 237 38 lagstiftarens
1514 1780 140 37 mening
1676 1779 90 30 varit

284 1836 48 28 att
355 1844 83 21 man
460 1835 105 29 också
588 1835 55 30 vid
666 1835 433 30 huvudkontorsandelens
1124 1834 262 30 bestämmande
1411 1833 88 29 skall
1525 1835 78 35 taga
1628 1833 135 37 hänsyn

284 1888 49 30 till
355 1888 66 30 den
443 1888 227 30 ekonomiska
692 1888 198 37 betydelsen
914 1897 41 21 av
975 1888 64 29 den
1061 1888 56 29 vid
1140 1888 48 29 ett
1210 1887 248 30 huvudkontor
1480 1886 166 30 bedrivna
1668 1885 97 31 verk-

283 1941 191 30 samheten.
500 1942 12 29 I
536 1941 117 37 praxis
677 1942 64 29 har
765 1941 413 30 huvudkontorsandelen
1204 1940 73 30 ofta
1302 1939 188 30 beräknats
1516 1939 50 29 till
1593 1948 41 21 en
1660 1939 105 37 högre

283 1996 217 35 procentsats
518 1995 42 29 än
579 1994 80 30 fem.

326 2048 258 29 Motionärerna
603 2057 103 28 synes
726 2056 99 21 mena
844 2049 49 28 att
911 2047 291 30 huvudkontoren
1223 2046 129 30 varken
1371 2045 222 31 ekonomiskt
1612 2045 83 30 eller
1713 2054 52 21 or-

285 2100 250 38 ganisatoriskt
560 2109 147 21 numera
731 2101 62 29 har
818 2110 39 20 en
883 2100 173 37 betydelse
1081 2109 73 21 som
1182 2100 185 29 motiverar
1391 2100 49 29 att
1464 2100 99 29 dessa
1588 2099 177 29 tillerkän-

283 2163 60 21 nes
368 2163 43 21 en
437 2155 110 29 större
572 2154 213 37 procentuell
814 2154 99 29 andel
941 2163 41 20 av
1008 2153 326 31 rörelseinkomsten
1363 2153 42 29 än
1435 2152 69 30 fem
1532 2153 143 36 procent
1701 2151 64 30 och

286 2207 115 30 stöder
426 2208 113 29 denna
566 2207 226 37 uppfattning
818 2207 42 37 på
887 2208 50 28 att
962 2207 65 29 den
1055 2206 130 30 snabba
1213 2206 162 30 tekniska
1401 2205 243 38 utvecklingen
1672 2205 94 30 inom

283 2260 93 30 elika
403 2260 165 30 områden
598 2260 217 37 möjliggjort
843 2269 39 21 en
914 2259 307 37 decentralisering
1249 2259 51 29 till
1330 2259 247 36 produktions-
1605 2257 65 31 och
1699 2257 67 30 till-

286 2313 446 38 verkningskommunerna
754 2323 40 20 av
816 2313 124 37 många
963 2312 174 38 uppgifter
1158 2321 74 20 som
1254 2312 143 37 tidigare
1419 2312 150 29 normalt
1589 2311 62 29 föll
1671 2310 95 29 inom

285 2367 300 30 huvudkontorets
606 2366 327 30 verksamhetssfär.

328 2420 177 30 Utskottet
531 2420 94 29 delar
652 2419 269 37 uppfattningen
949 2420 50 28 att
1025 2418 221 30 beträffande
1274 2417 174 38 åtskilliga
1477 2417 114 36 förtag
1618 2416 64 30 den
1712 2416 54 30 vid

284 2473 284 31 huvudkontoret
587 2472 168 32 bedrivna
775 2471 264 32 verksamheten
1060 2472 111 30 under
1192 2480 120 21 senare
1332 2471 48 29 tid
1404 2470 129 38 avtagit
1552 2470 10 29 i
1580 2469 187 38 betydelse.
