<?xml version="1.0" encoding="UTF-8"?>
<alto xmlns="http://www.loc.gov/standards/alto/ns-v3#" xmlns:xlink="http://www.w3.org/1999/xlink" xmlns:xsi="http://www.w3.org/2001/XMLSchema-instance" xsi:schemaLocation="http://www.loc.gov/standards/alto/ns-v3# http://www.loc.gov/alto/v3/alto-3-0.xsd">
	<Description>
		<MeasurementUnit>pixel</MeasurementUnit>
		<sourceImageInformation>
			<fileName>/tmp/tess_gkjp42va_input.PNG</fileName>
		</sourceImageInformation>
		<OCRProcessing ID="OCR_0">
			<ocrProcessingStep>
				<processingSoftware>
					<softwareName>tesseract 5.3.0</softwareName>
				</processingSoftware>
			</ocrProcessingStep>
		</OCRProcessing>
	</Description>
	<Layout>
		<Page WIDTH="2328" HEIGHT="2745" PHYSICAL_IMG_NR="0" ID="page_0">
			<PrintSpace HPOS="0" VPOS="0" WIDTH="2328" HEIGHT="2745">
				<ComposedBlock ID="cblock_0" HPOS="574" VPOS="128" WIDTH="1064" HEIGHT="52">
					<TextBlock ID="block_0" HPOS="574" VPOS="128" WIDTH="1064" HEIGHT="52">
						<TextLine ID="line_0" HPOS="574" VPOS="128" WIDTH="1064" HEIGHT="52">
							<String ID="string_0" HPOS="574" VPOS="128" WIDTH="17" HEIGHT="31" WC="0.96" CONTENT="6"/><SP WIDTH="408" VPOS="128" HPOS="591"/>
							<String ID="string_1" HPOS="999" VPOS="133" WIDTH="89" HEIGHT="45" WC="0.79" CONTENT="Lag-"/><SP WIDTH="10" VPOS="133" HPOS="1088"/>
							<String ID="string_2" HPOS="1098" VPOS="129" WIDTH="176" HEIGHT="55" WC="0.94" CONTENT="Utskottets"/><SP WIDTH="17" VPOS="129" HPOS="1274"/>
							<String ID="string_3" HPOS="1291" VPOS="137" WIDTH="172" HEIGHT="43" WC="0.96" CONTENT="Utlåtande,"/><SP WIDTH="30" VPOS="137" HPOS="1463"/>
							<String ID="string_4" HPOS="1493" VPOS="138" WIDTH="63" HEIGHT="34" WC="0.95" CONTENT="N:o"/><SP WIDTH="28" VPOS="138" HPOS="1556"/>
							<String ID="string_5" HPOS="1584" VPOS="141" WIDTH="54" HEIGHT="33" WC="0.94" CONTENT="20."/>
						</TextLine>
					</TextBlock>
				</ComposedBlock>
				<ComposedBlock ID="cblock_1" HPOS="1215" VPOS="389" WIDTH="196" HEIGHT="62">
					<TextBlock ID="block_1" HPOS="1215" VPOS="389" WIDTH="196" HEIGHT="62">
						<TextLine ID="line_1" HPOS="1215" VPOS="389" WIDTH="196" HEIGHT="62">
							<String ID="string_6" HPOS="1215" VPOS="389" WIDTH="89" HEIGHT="58" WC="0.95" CONTENT="N:o"/><SP WIDTH="28" VPOS="389" HPOS="1304"/>
							<String ID="string_7" HPOS="1332" VPOS="392" WIDTH="79" HEIGHT="59" WC="0.91" CONTENT="20."/>
						</TextLine>
					</TextBlock>
				</ComposedBlock>
				<ComposedBlock ID="cblock_2" HPOS="1058" VPOS="598" WIDTH="955" HEIGHT="45">
					<TextBlock ID="block_2" HPOS="1058" VPOS="598" WIDTH="955" HEIGHT="45">
						<TextLine ID="line_2" HPOS="1058" VPOS="598" WIDTH="955" HEIGHT="45">
							<String ID="string_8" HPOS="1058" VPOS="598" WIDTH="79" HEIGHT="30" WC="0.89" CONTENT="Ank."/><SP WIDTH="24" VPOS="598" HPOS="1137"/>
							<String ID="string_9" HPOS="1161" VPOS="598" WIDTH="46" HEIGHT="30" WC="0.93" CONTENT="till"/><SP WIDTH="22" VPOS="598" HPOS="1207"/>
							<String ID="string_10" HPOS="1229" VPOS="599" WIDTH="102" HEIGHT="32" WC="0.43" CONTENT="Riksd."/><SP WIDTH="20" VPOS="599" HPOS="1331"/>
							<String ID="string_11" HPOS="1351" VPOS="600" WIDTH="105" HEIGHT="31" WC="0.92" CONTENT="Kansli"/><SP WIDTH="24" VPOS="600" HPOS="1456"/>
							<String ID="string_12" HPOS="1480" VPOS="603" WIDTH="25" HEIGHT="30" WC="0.92" CONTENT="d."/><SP WIDTH="27" VPOS="603" HPOS="1505"/>
							<String ID="string_13" HPOS="1532" VPOS="603" WIDTH="16" HEIGHT="29" WC="0.93" CONTENT="7"/><SP WIDTH="23" VPOS="603" HPOS="1548"/>
							<String ID="string_14" HPOS="1571" VPOS="603" WIDTH="85" HEIGHT="31" WC="0.89" CONTENT="Febr."/><SP WIDTH="26" VPOS="603" HPOS="1656"/>
							<String ID="string_15" HPOS="1682" VPOS="605" WIDTH="90" HEIGHT="38" WC="0.96" CONTENT="1867,"/><SP WIDTH="24" VPOS="605" HPOS="1772"/>
							<String ID="string_16" HPOS="1796" VPOS="606" WIDTH="42" HEIGHT="30" WC="0.96" CONTENT="kl."/><SP WIDTH="27" VPOS="606" HPOS="1838"/>
							<String ID="string_17" HPOS="1865" VPOS="609" WIDTH="37" HEIGHT="28" WC="0.93" CONTENT="12"/><SP WIDTH="23" VPOS="609" HPOS="1902"/>
							<String ID="string_18" HPOS="1925" VPOS="609" WIDTH="88" HEIGHT="31" WC="0.92" CONTENT="midd."/>
						</TextLine>
					</TextBlock>
				</ComposedBlock>
				<ComposedBlock ID="cblock_3" HPOS="720" VPOS="739" WIDTH="1385" HEIGHT="158">
					<TextBlock ID="block_3" HPOS="720" VPOS="739" WIDTH="1385" HEIGHT="158">
						<TextLine ID="line_3" HPOS="720" VPOS="739" WIDTH="1381" HEIGHT="66">
							<String ID="string_19" HPOS="720" VPOS="739" WIDTH="197" HEIGHT="50" WC="0.64" CONTENT="Utlåtande,"/><SP WIDTH="41" VPOS="739" HPOS="917"/>
							<String ID="string_20" HPOS="958" VPOS="742" WIDTH="17" HEIGHT="36" WC="0.95" CONTENT="i"/><SP WIDTH="37" VPOS="742" HPOS="975"/>
							<String ID="string_21" HPOS="1012" VPOS="743" WIDTH="191" HEIGHT="51" WC="0.94" CONTENT="anledning"/><SP WIDTH="39" VPOS="743" HPOS="1203"/>
							<String ID="string_22" HPOS="1242" VPOS="748" WIDTH="47" HEIGHT="48" WC="0.94" CONTENT="af"/><SP WIDTH="33" VPOS="748" HPOS="1289"/>
							<String ID="string_23" HPOS="1322" VPOS="747" WIDTH="128" HEIGHT="38" WC="0.95" CONTENT="Andra"/><SP WIDTH="34" VPOS="747" HPOS="1450"/>
							<String ID="string_24" HPOS="1484" VPOS="748" WIDTH="238" HEIGHT="40" WC="0.95" CONTENT="Kammarens"/><SP WIDTH="27" VPOS="748" HPOS="1722"/>
							<String ID="string_25" HPOS="1749" VPOS="752" WIDTH="123" HEIGHT="37" WC="0.95" CONTENT="remiss"/><SP WIDTH="28" VPOS="752" HPOS="1872"/>
							<String ID="string_26" HPOS="1900" VPOS="757" WIDTH="46" HEIGHT="48" WC="0.95" CONTENT="af"/><SP WIDTH="22" VPOS="757" HPOS="1946"/>
							<String ID="string_27" HPOS="1968" VPOS="755" WIDTH="133" HEIGHT="37" WC="0.95" CONTENT="motion"/>
						</TextLine>
						<TextLine ID="line_4" HPOS="908" VPOS="795" WIDTH="1197" HEIGHT="60">
							<String ID="string_28" HPOS="908" VPOS="795" WIDTH="184" HEIGHT="48" WC="0.51" CONTENT="angående"/><SP WIDTH="39" VPOS="795" HPOS="1092"/>
							<String ID="string_29" HPOS="1131" VPOS="797" WIDTH="155" HEIGHT="49" WC="0.94" CONTENT="ändring"/><SP WIDTH="39" VPOS="797" HPOS="1286"/>
							<String ID="string_30" HPOS="1325" VPOS="798" WIDTH="17" HEIGHT="36" WC="0.91" CONTENT="i"/><SP WIDTH="36" VPOS="798" HPOS="1342"/>
							<String ID="string_31" HPOS="1378" VPOS="799" WIDTH="127" HEIGHT="49" WC="0.95" CONTENT="Kongl."/><SP WIDTH="41" VPOS="799" HPOS="1505"/>
							<String ID="string_32" HPOS="1546" VPOS="800" WIDTH="270" HEIGHT="53" WC="0.96" CONTENT="Förordningen"/><SP WIDTH="40" VPOS="800" HPOS="1816"/>
							<String ID="string_33" HPOS="1856" VPOS="818" WIDTH="55" HEIGHT="23" WC="0.74" CONTENT="om"/><SP WIDTH="37" VPOS="818" HPOS="1911"/>
							<String ID="string_34" HPOS="1948" VPOS="807" WIDTH="157" HEIGHT="48" WC="0.80" CONTENT="prestval"/>
						</TextLine>
						<TextLine ID="line_5" HPOS="908" VPOS="846" WIDTH="389" HEIGHT="51">
							<String ID="string_35" HPOS="908" VPOS="846" WIDTH="67" HEIGHT="37" WC="0.96" CONTENT="den"/><SP WIDTH="33" VPOS="846" HPOS="975"/>
							<String ID="string_36" HPOS="1008" VPOS="851" WIDTH="16" HEIGHT="32" WC="0.93" CONTENT="1"/><SP WIDTH="28" VPOS="851" HPOS="1024"/>
							<String ID="string_37" HPOS="1052" VPOS="848" WIDTH="110" HEIGHT="49" WC="0.94" CONTENT="April"/><SP WIDTH="29" VPOS="848" HPOS="1162"/>
							<String ID="string_38" HPOS="1191" VPOS="851" WIDTH="106" HEIGHT="36" WC="0.94" CONTENT="1843."/>
						</TextLine>
					</TextBlock>
				</ComposedBlock>
				<ComposedBlock ID="cblock_4" HPOS="501" VPOS="962" WIDTH="1599" HEIGHT="1041">
					<TextBlock ID="block_4" HPOS="510" VPOS="962" WIDTH="1590" HEIGHT="202">
						<TextLine ID="line_6" HPOS="644" VPOS="962" WIDTH="1456" HEIGHT="55">
							<String ID="string_39" HPOS="644" VPOS="962" WIDTH="114" HEIGHT="33" WC="0.94" CONTENT="Andra"/><SP WIDTH="39" VPOS="962" HPOS="758"/>
							<String ID="string_40" HPOS="797" VPOS="962" WIDTH="197" HEIGHT="36" WC="0.94" CONTENT="Kammaren"/><SP WIDTH="44" VPOS="962" HPOS="994"/>
							<String ID="string_41" HPOS="1038" VPOS="965" WIDTH="57" HEIGHT="33" WC="0.96" CONTENT="har"/><SP WIDTH="35" VPOS="965" HPOS="1095"/>
							<String ID="string_42" HPOS="1130" VPOS="967" WIDTH="135" HEIGHT="33" WC="0.96" CONTENT="medelst"/><SP WIDTH="34" VPOS="967" HPOS="1265"/>
							<String ID="string_43" HPOS="1299" VPOS="970" WIDTH="114" HEIGHT="33" WC="0.93" CONTENT="remiss"/><SP WIDTH="28" VPOS="970" HPOS="1413"/>
							<String ID="string_44" HPOS="1441" VPOS="971" WIDTH="160" HEIGHT="34" WC="0.92" CONTENT="infordrat"/><SP WIDTH="26" VPOS="971" HPOS="1601"/>
							<String ID="string_45" HPOS="1627" VPOS="973" WIDTH="277" HEIGHT="44" WC="0.92" CONTENT="Lag-Utskottets"/><SP WIDTH="29" VPOS="973" HPOS="1904"/>
							<String ID="string_46" HPOS="1933" VPOS="978" WIDTH="167" HEIGHT="35" WC="0.96" CONTENT="utlåtande"/>
						</TextLine>
						<TextLine ID="line_7" HPOS="513" VPOS="1014" WIDTH="1587" HEIGHT="57">
							<String ID="string_47" HPOS="513" VPOS="1014" WIDTH="88" HEIGHT="32" WC="0.96" CONTENT="öfver"/><SP WIDTH="28" VPOS="1014" HPOS="601"/>
							<String ID="string_48" HPOS="629" VPOS="1027" WIDTH="38" HEIGHT="20" WC="0.96" CONTENT="en"/><SP WIDTH="29" VPOS="1027" HPOS="667"/>
							<String ID="string_49" HPOS="696" VPOS="1017" WIDTH="33" HEIGHT="31" WC="0.96" CONTENT="af"/><SP WIDTH="25" VPOS="1017" HPOS="729"/>
							<String ID="string_50" HPOS="754" VPOS="1016" WIDTH="86" HEIGHT="32" WC="0.93" CONTENT="Herr"/><SP WIDTH="33" VPOS="1016" HPOS="840"/>
							<String ID="string_51" HPOS="873" VPOS="1016" WIDTH="34" HEIGHT="33" WC="0.84" CONTENT="O."/><SP WIDTH="35" VPOS="1016" HPOS="907"/>
							<String ID="string_52" HPOS="942" VPOS="1016" WIDTH="36" HEIGHT="34" WC="0.88" CONTENT="G."/><SP WIDTH="31" VPOS="1016" HPOS="978"/>
							<String ID="string_53" HPOS="1009" VPOS="1018" WIDTH="188" HEIGHT="44" WC="0.90" CONTENT="Hedengren"/><SP WIDTH="29" VPOS="1018" HPOS="1197"/>
							<String ID="string_54" HPOS="1226" VPOS="1022" WIDTH="97" HEIGHT="32" WC="0.96" CONTENT="väckt"/><SP WIDTH="28" VPOS="1022" HPOS="1323"/>
							<String ID="string_55" HPOS="1351" VPOS="1023" WIDTH="134" HEIGHT="39" WC="0.96" CONTENT="motion,"/><SP WIDTH="39" VPOS="1023" HPOS="1485"/>
							<String ID="string_56" HPOS="1524" VPOS="1032" WIDTH="46" HEIGHT="25" WC="0.96" CONTENT="att"/><SP WIDTH="27" VPOS="1032" HPOS="1570"/>
							<String ID="string_57" HPOS="1597" VPOS="1026" WIDTH="189" HEIGHT="45" WC="0.96" CONTENT="Riksdagen"/><SP WIDTH="29" VPOS="1026" HPOS="1786"/>
							<String ID="string_58" HPOS="1815" VPOS="1032" WIDTH="106" HEIGHT="37" WC="0.96" CONTENT="måtte,"/><SP WIDTH="28" VPOS="1032" HPOS="1921"/>
							<String ID="string_59" HPOS="1949" VPOS="1031" WIDTH="74" HEIGHT="32" WC="0.93" CONTENT="med"/><SP WIDTH="28" VPOS="1031" HPOS="2023"/>
							<String ID="string_60" HPOS="2051" VPOS="1033" WIDTH="49" HEIGHT="31" WC="0.92" CONTENT="af-"/>
						</TextLine>
						<TextLine ID="line_8" HPOS="511" VPOS="1067" WIDTH="1585" HEIGHT="64">
							<String ID="string_61" HPOS="511" VPOS="1067" WIDTH="118" HEIGHT="31" WC="0.96" CONTENT="seende"/><SP WIDTH="41" VPOS="1067" HPOS="629"/>
							<String ID="string_62" HPOS="670" VPOS="1070" WIDTH="41" HEIGHT="41" WC="0.95" CONTENT="på"/><SP WIDTH="41" VPOS="1070" HPOS="711"/>
							<String ID="string_63" HPOS="752" VPOS="1074" WIDTH="95" HEIGHT="26" WC="0.95" CONTENT="sättet"/><SP WIDTH="27" VPOS="1074" HPOS="847"/>
							<String ID="string_64" HPOS="874" VPOS="1070" WIDTH="50" HEIGHT="31" WC="0.93" CONTENT="för"/><SP WIDTH="27" VPOS="1070" HPOS="924"/>
							<String ID="string_65" HPOS="951" VPOS="1071" WIDTH="188" HEIGHT="44" WC="0.91" CONTENT="presterliga"/><SP WIDTH="28" VPOS="1071" HPOS="1139"/>
							<String ID="string_66" HPOS="1167" VPOS="1072" WIDTH="163" HEIGHT="34" WC="0.90" CONTENT="embetens"/><SP WIDTH="37" VPOS="1072" HPOS="1330"/>
							<String ID="string_67" HPOS="1367" VPOS="1076" WIDTH="199" HEIGHT="34" WC="0.95" CONTENT="tillsättande"/><SP WIDTH="27" VPOS="1076" HPOS="1566"/>
							<String ID="string_68" HPOS="1593" VPOS="1079" WIDTH="87" HEIGHT="32" WC="0.96" CONTENT="inom"/><SP WIDTH="29" VPOS="1079" HPOS="1680"/>
							<String ID="string_69" HPOS="1709" VPOS="1080" WIDTH="124" HEIGHT="33" WC="0.96" CONTENT="sådana"/><SP WIDTH="27" VPOS="1080" HPOS="1833"/>
							<String ID="string_70" HPOS="1860" VPOS="1078" WIDTH="236" HEIGHT="53" WC="0.96" CONTENT="församlingar,"/>
						</TextLine>
						<TextLine ID="line_9" HPOS="510" VPOS="1119" WIDTH="806" HEIGHT="45">
							<String ID="string_71" HPOS="510" VPOS="1130" WIDTH="69" HEIGHT="21" WC="0.96" CONTENT="som"/><SP WIDTH="28" VPOS="1130" HPOS="579"/>
							<String ID="string_72" HPOS="607" VPOS="1119" WIDTH="71" HEIGHT="33" WC="0.96" CONTENT="icke"/><SP WIDTH="28" VPOS="1119" HPOS="678"/>
							<String ID="string_73" HPOS="706" VPOS="1126" WIDTH="56" HEIGHT="27" WC="0.93" CONTENT="äro"/><SP WIDTH="29" VPOS="1126" HPOS="762"/>
							<String ID="string_74" HPOS="791" VPOS="1122" WIDTH="119" HEIGHT="42" WC="0.92" CONTENT="regala,"/><SP WIDTH="29" VPOS="1122" HPOS="910"/>
							<String ID="string_75" HPOS="939" VPOS="1123" WIDTH="50" HEIGHT="31" WC="0.96" CONTENT="för"/><SP WIDTH="27" VPOS="1123" HPOS="989"/>
							<String ID="string_76" HPOS="1016" VPOS="1123" WIDTH="48" HEIGHT="32" WC="0.96" CONTENT="sin"/><SP WIDTH="30" VPOS="1123" HPOS="1064"/>
							<String ID="string_77" HPOS="1094" VPOS="1124" WIDTH="51" HEIGHT="32" WC="0.96" CONTENT="del"/><SP WIDTH="29" VPOS="1124" HPOS="1145"/>
							<String ID="string_78" HPOS="1174" VPOS="1124" WIDTH="142" HEIGHT="35" WC="0.96" CONTENT="besluta:"/>
						</TextLine>
					</TextBlock>
					<TextBlock ID="block_5" HPOS="510" VPOS="1168" WIDTH="1587" HEIGHT="104">
						<TextLine ID="line_10" HPOS="642" VPOS="1168" WIDTH="1455" HEIGHT="63">
							<String ID="string_79" HPOS="642" VPOS="1168" WIDTH="89" HEIGHT="50" WC="0.42" CONTENT="&quot;1:o0)"/><SP WIDTH="39" VPOS="1168" HPOS="731"/>
							<String ID="string_80" HPOS="770" VPOS="1173" WIDTH="60" HEIGHT="32" WC="0.81" CONTENT="Att"/><SP WIDTH="28" VPOS="1173" HPOS="830"/>
							<String ID="string_81" HPOS="858" VPOS="1175" WIDTH="149" HEIGHT="42" WC="0.93" CONTENT="samtliga"/><SP WIDTH="28" VPOS="1175" HPOS="1007"/>
							<String ID="string_82" HPOS="1035" VPOS="1178" WIDTH="18" HEIGHT="29" WC="0.92" CONTENT="å"/><SP WIDTH="28" VPOS="1178" HPOS="1053"/>
							<String ID="string_83" HPOS="1081" VPOS="1176" WIDTH="243" HEIGHT="43" WC="0.92" CONTENT="kyrkostämma"/><SP WIDTH="35" VPOS="1176" HPOS="1324"/>
							<String ID="string_84" HPOS="1359" VPOS="1182" WIDTH="195" HEIGHT="42" WC="0.91" CONTENT="röstegande"/><SP WIDTH="29" VPOS="1182" HPOS="1554"/>
							<String ID="string_85" HPOS="1583" VPOS="1183" WIDTH="209" HEIGHT="34" WC="0.96" CONTENT="medlemmar"/><SP WIDTH="27" VPOS="1183" HPOS="1792"/>
							<String ID="string_86" HPOS="1819" VPOS="1186" WIDTH="34" HEIGHT="31" WC="0.95" CONTENT="af"/><SP WIDTH="26" VPOS="1186" HPOS="1853"/>
							<String ID="string_87" HPOS="1879" VPOS="1194" WIDTH="45" HEIGHT="24" WC="0.96" CONTENT="ett"/><SP WIDTH="28" VPOS="1194" HPOS="1924"/>
							<String ID="string_88" HPOS="1952" VPOS="1195" WIDTH="145" HEIGHT="36" WC="0.96" CONTENT="pastorat"/>
						</TextLine>
						<TextLine ID="line_11" HPOS="510" VPOS="1225" WIDTH="762" HEIGHT="47">
							<String ID="string_89" HPOS="510" VPOS="1226" WIDTH="52" HEIGHT="29" WC="0.93" CONTENT="må"/><SP WIDTH="26" VPOS="1226" HPOS="562"/>
							<String ID="string_90" HPOS="588" VPOS="1236" WIDTH="60" HEIGHT="31" WC="0.92" CONTENT="ega"/><SP WIDTH="27" VPOS="1236" HPOS="648"/>
							<String ID="string_91" HPOS="675" VPOS="1225" WIDTH="152" HEIGHT="43" WC="0.96" CONTENT="rättighet"/><SP WIDTH="27" VPOS="1225" HPOS="827"/>
							<String ID="string_92" HPOS="854" VPOS="1233" WIDTH="45" HEIGHT="25" WC="0.96" CONTENT="att"/><SP WIDTH="30" VPOS="1233" HPOS="899"/>
							<String ID="string_93" HPOS="929" VPOS="1227" WIDTH="129" HEIGHT="43" WC="0.96" CONTENT="deltaga"/><SP WIDTH="27" VPOS="1227" HPOS="1058"/>
							<String ID="string_94" HPOS="1085" VPOS="1228" WIDTH="10" HEIGHT="32" WC="0.90" CONTENT="i"/><SP WIDTH="28" VPOS="1228" HPOS="1095"/>
							<String ID="string_95" HPOS="1123" VPOS="1231" WIDTH="149" HEIGHT="41" WC="0.90" CONTENT="prestval."/>
						</TextLine>
					</TextBlock>
					<TextBlock ID="block_6" HPOS="508" VPOS="1274" WIDTH="1588" HEIGHT="86">
						<TextLine ID="line_12" HPOS="640" VPOS="1274" WIDTH="1456" HEIGHT="58">
							<String ID="string_96" HPOS="640" VPOS="1274" WIDTH="66" HEIGHT="44" WC="0.83" CONTENT="2:0)"/><SP WIDTH="41" VPOS="1274" HPOS="706"/>
							<String ID="string_97" HPOS="747" VPOS="1277" WIDTH="61" HEIGHT="31" WC="0.96" CONTENT="Att"/><SP WIDTH="37" VPOS="1277" HPOS="808"/>
							<String ID="string_98" HPOS="845" VPOS="1278" WIDTH="54" HEIGHT="32" WC="0.96" CONTENT="vid"/><SP WIDTH="37" VPOS="1278" HPOS="899"/>
							<String ID="string_99" HPOS="936" VPOS="1279" WIDTH="122" HEIGHT="31" WC="0.96" CONTENT="sådana"/><SP WIDTH="29" VPOS="1279" HPOS="1058"/>
							<String ID="string_100" HPOS="1087" VPOS="1281" WIDTH="48" HEIGHT="31" WC="0.96" CONTENT="val"/><SP WIDTH="31" VPOS="1281" HPOS="1135"/>
							<String ID="string_101" HPOS="1166" VPOS="1281" WIDTH="63" HEIGHT="32" WC="0.96" CONTENT="alla"/><SP WIDTH="27" VPOS="1281" HPOS="1229"/>
							<String ID="string_102" HPOS="1256" VPOS="1288" WIDTH="102" HEIGHT="27" WC="0.96" CONTENT="röster"/><SP WIDTH="27" VPOS="1288" HPOS="1358"/>
							<String ID="string_103" HPOS="1385" VPOS="1284" WIDTH="92" HEIGHT="32" WC="0.96" CONTENT="skola"/><SP WIDTH="27" VPOS="1284" HPOS="1477"/>
							<String ID="string_104" HPOS="1504" VPOS="1285" WIDTH="116" HEIGHT="32" WC="0.96" CONTENT="räknas"/><SP WIDTH="29" VPOS="1285" HPOS="1620"/>
							<String ID="string_105" HPOS="1649" VPOS="1286" WIDTH="66" HEIGHT="32" WC="0.96" CONTENT="lika"/><SP WIDTH="28" VPOS="1286" HPOS="1715"/>
							<String ID="string_106" HPOS="1743" VPOS="1294" WIDTH="83" HEIGHT="25" WC="0.96" CONTENT="samt"/><SP WIDTH="28" VPOS="1294" HPOS="1826"/>
							<String ID="string_107" HPOS="1854" VPOS="1289" WIDTH="138" HEIGHT="43" WC="0.89" CONTENT="afgifvas"/><SP WIDTH="29" VPOS="1289" HPOS="1992"/>
							<String ID="string_108" HPOS="2021" VPOS="1291" WIDTH="75" HEIGHT="33" WC="0.96" CONTENT="med"/>
						</TextLine>
						<TextLine ID="line_13" HPOS="508" VPOS="1327" WIDTH="253" HEIGHT="33">
							<String ID="string_109" HPOS="508" VPOS="1327" WIDTH="108" HEIGHT="32" WC="0.96" CONTENT="slutna"/><SP WIDTH="28" VPOS="1327" HPOS="616"/>
							<String ID="string_110" HPOS="644" VPOS="1329" WIDTH="117" HEIGHT="31" WC="0.95" CONTENT="sedlar."/>
						</TextLine>
					</TextBlock>
					<TextBlock ID="block_7" HPOS="504" VPOS="1376" WIDTH="1589" HEIGHT="372">
						<TextLine ID="line_14" HPOS="639" VPOS="1376" WIDTH="1454" HEIGHT="61">
							<String ID="string_111" HPOS="639" VPOS="1376" WIDTH="69" HEIGHT="49" WC="0.89" CONTENT="3:0)"/><SP WIDTH="34" VPOS="1376" HPOS="708"/>
							<String ID="string_112" HPOS="742" VPOS="1380" WIDTH="71" HEIGHT="40" WC="0.44" CONTENT="Att,"/><SP WIDTH="29" VPOS="1380" HPOS="813"/>
							<String ID="string_113" HPOS="842" VPOS="1382" WIDTH="97" HEIGHT="32" WC="0.96" CONTENT="sedan"/><SP WIDTH="32" VPOS="1382" HPOS="939"/>
							<String ID="string_114" HPOS="971" VPOS="1383" WIDTH="53" HEIGHT="31" WC="0.93" CONTENT="vid"/><SP WIDTH="29" VPOS="1383" HPOS="1024"/>
							<String ID="string_115" HPOS="1053" VPOS="1384" WIDTH="193" HEIGHT="33" WC="0.92" CONTENT="inträffande"/><SP WIDTH="30" VPOS="1384" HPOS="1246"/>
							<String ID="string_116" HPOS="1276" VPOS="1385" WIDTH="143" HEIGHT="44" WC="0.96" CONTENT="ledighet"/><SP WIDTH="26" VPOS="1385" HPOS="1419"/>
							<String ID="string_117" HPOS="1445" VPOS="1387" WIDTH="120" HEIGHT="43" WC="0.96" CONTENT="förslag"/><SP WIDTH="28" VPOS="1387" HPOS="1565"/>
							<String ID="string_118" HPOS="1593" VPOS="1387" WIDTH="107" HEIGHT="33" WC="0.96" CONTENT="blifvit"/><SP WIDTH="27" VPOS="1387" HPOS="1700"/>
							<String ID="string_119" HPOS="1727" VPOS="1390" WIDTH="32" HEIGHT="31" WC="0.93" CONTENT="af"/><SP WIDTH="27" VPOS="1390" HPOS="1759"/>
							<String ID="string_120" HPOS="1786" VPOS="1390" WIDTH="245" HEIGHT="36" WC="0.91" CONTENT="Konsistorium"/><SP WIDTH="21" VPOS="1390" HPOS="2031"/>
							<String ID="string_121" HPOS="2052" VPOS="1397" WIDTH="41" HEIGHT="40" WC="0.96" CONTENT="på"/>
						</TextLine>
						<TextLine ID="line_15" HPOS="508" VPOS="1431" WIDTH="1583" HEIGHT="57">
							<String ID="string_122" HPOS="508" VPOS="1431" WIDTH="89" HEIGHT="42" WC="0.92" CONTENT="öfligt"/><SP WIDTH="26" VPOS="1431" HPOS="597"/>
							<String ID="string_123" HPOS="623" VPOS="1439" WIDTH="64" HEIGHT="25" WC="0.93" CONTENT="sätt"/><SP WIDTH="28" VPOS="1439" HPOS="687"/>
							<String ID="string_124" HPOS="715" VPOS="1435" WIDTH="197" HEIGHT="41" WC="0.92" CONTENT="upprättadt,"/><SP WIDTH="30" VPOS="1435" HPOS="912"/>
							<String ID="string_125" HPOS="942" VPOS="1435" WIDTH="53" HEIGHT="31" WC="0.96" CONTENT="det"/><SP WIDTH="29" VPOS="1435" HPOS="995"/>
							<String ID="string_126" HPOS="1024" VPOS="1438" WIDTH="96" HEIGHT="30" WC="0.96" CONTENT="måtte"/><SP WIDTH="28" VPOS="1438" HPOS="1120"/>
							<String ID="string_127" HPOS="1148" VPOS="1439" WIDTH="49" HEIGHT="29" WC="0.92" CONTENT="stå"/><SP WIDTH="28" VPOS="1439" HPOS="1197"/>
							<String ID="string_128" HPOS="1225" VPOS="1438" WIDTH="268" HEIGHT="43" WC="0.92" CONTENT="församlingarne"/><SP WIDTH="28" VPOS="1438" HPOS="1493"/>
							<String ID="string_129" HPOS="1521" VPOS="1440" WIDTH="69" HEIGHT="31" WC="0.96" CONTENT="fritt"/><SP WIDTH="27" VPOS="1440" HPOS="1590"/>
							<String ID="string_130" HPOS="1617" VPOS="1447" WIDTH="45" HEIGHT="24" WC="0.96" CONTENT="att"/><SP WIDTH="20" VPOS="1447" HPOS="1662"/>
							<String ID="string_131" HPOS="1682" VPOS="1443" WIDTH="41" HEIGHT="41" WC="0.96" CONTENT="på"/><SP WIDTH="27" VPOS="1443" HPOS="1723"/>
							<String ID="string_132" HPOS="1750" VPOS="1443" WIDTH="199" HEIGHT="43" WC="0.92" CONTENT="frågodagen"/><SP WIDTH="23" VPOS="1443" HPOS="1949"/>
							<String ID="string_133" HPOS="1972" VPOS="1444" WIDTH="119" HEIGHT="44" WC="0.96" CONTENT="begära"/>
						</TextLine>
						<TextLine ID="line_16" HPOS="507" VPOS="1484" WIDTH="1586" HEIGHT="51">
							<String ID="string_134" HPOS="507" VPOS="1495" WIDTH="38" HEIGHT="20" WC="0.96" CONTENT="en"/><SP WIDTH="29" VPOS="1495" HPOS="545"/>
							<String ID="string_135" HPOS="574" VPOS="1484" WIDTH="78" HEIGHT="32" WC="0.96" CONTENT="eller"/><SP WIDTH="27" VPOS="1484" HPOS="652"/>
							<String ID="string_136" HPOS="679" VPOS="1485" WIDTH="78" HEIGHT="32" WC="0.96" CONTENT="flera"/><SP WIDTH="27" VPOS="1485" HPOS="757"/>
							<String ID="string_137" HPOS="784" VPOS="1491" WIDTH="90" HEIGHT="26" WC="0.92" CONTENT="extra"/><SP WIDTH="27" VPOS="1491" HPOS="874"/>
							<String ID="string_138" HPOS="901" VPOS="1487" WIDTH="295" HEIGHT="43" WC="0.91" CONTENT="profpredikanter,"/><SP WIDTH="29" VPOS="1487" HPOS="1196"/>
							<String ID="string_139" HPOS="1225" VPOS="1492" WIDTH="34" HEIGHT="29" WC="0.96" CONTENT="så"/><SP WIDTH="27" VPOS="1492" HPOS="1259"/>
							<String ID="string_140" HPOS="1286" VPOS="1490" WIDTH="75" HEIGHT="31" WC="0.96" CONTENT="vida"/><SP WIDTH="28" VPOS="1490" HPOS="1361"/>
							<String ID="string_141" HPOS="1389" VPOS="1491" WIDTH="97" HEIGHT="31" WC="0.96" CONTENT="minst"/><SP WIDTH="28" VPOS="1491" HPOS="1486"/>
							<String ID="string_142" HPOS="1514" VPOS="1503" WIDTH="39" HEIGHT="20" WC="0.95" CONTENT="en"/><SP WIDTH="29" VPOS="1503" HPOS="1553"/>
							<String ID="string_143" HPOS="1582" VPOS="1493" WIDTH="153" HEIGHT="42" WC="0.95" CONTENT="tredjedel"/><SP WIDTH="28" VPOS="1493" HPOS="1735"/>
							<String ID="string_144" HPOS="1763" VPOS="1495" WIDTH="33" HEIGHT="31" WC="0.96" CONTENT="af"/><SP WIDTH="28" VPOS="1495" HPOS="1796"/>
							<String ID="string_145" HPOS="1824" VPOS="1495" WIDTH="39" HEIGHT="32" WC="0.96" CONTENT="de"/><SP WIDTH="29" VPOS="1495" HPOS="1863"/>
							<String ID="string_146" HPOS="1892" VPOS="1499" WIDTH="201" HEIGHT="32" WC="0.96" CONTENT="närvarande"/>
						</TextLine>
						<TextLine ID="line_17" HPOS="506" VPOS="1535" WIDTH="1585" HEIGHT="52">
							<String ID="string_147" HPOS="506" VPOS="1535" WIDTH="268" HEIGHT="45" WC="0.95" CONTENT="röstberättigade"/><SP WIDTH="34" VPOS="1535" HPOS="774"/>
							<String ID="string_148" HPOS="808" VPOS="1538" WIDTH="101" HEIGHT="43" WC="0.95" CONTENT="enligt"/><SP WIDTH="34" VPOS="1538" HPOS="909"/>
							<String ID="string_149" HPOS="943" VPOS="1540" WIDTH="99" HEIGHT="31" WC="0.96" CONTENT="första"/><SP WIDTH="34" VPOS="1540" HPOS="1042"/>
							<String ID="string_150" HPOS="1076" VPOS="1540" WIDTH="144" HEIGHT="43" WC="0.96" CONTENT="punkten"/><SP WIDTH="30" VPOS="1540" HPOS="1220"/>
							<String ID="string_151" HPOS="1250" VPOS="1542" WIDTH="129" HEIGHT="32" WC="0.96" CONTENT="förenar"/><SP WIDTH="27" VPOS="1542" HPOS="1379"/>
							<String ID="string_152" HPOS="1406" VPOS="1543" WIDTH="49" HEIGHT="43" WC="0.96" CONTENT="sig"/><SP WIDTH="27" VPOS="1543" HPOS="1455"/>
							<String ID="string_153" HPOS="1482" VPOS="1555" WIDTH="51" HEIGHT="20" WC="0.96" CONTENT="om"/><SP WIDTH="29" VPOS="1555" HPOS="1533"/>
							<String ID="string_154" HPOS="1562" VPOS="1546" WIDTH="107" HEIGHT="41" WC="0.96" CONTENT="någon"/><SP WIDTH="31" VPOS="1546" HPOS="1669"/>
							<String ID="string_155" HPOS="1700" VPOS="1546" WIDTH="63" HEIGHT="31" WC="0.96" CONTENT="viss"/><SP WIDTH="29" VPOS="1546" HPOS="1763"/>
							<String ID="string_156" HPOS="1792" VPOS="1547" WIDTH="47" HEIGHT="31" WC="0.93" CONTENT="till"/><SP WIDTH="28" VPOS="1547" HPOS="1839"/>
							<String ID="string_157" HPOS="1867" VPOS="1548" WIDTH="139" HEIGHT="33" WC="0.92" CONTENT="embetet"/><SP WIDTH="28" VPOS="1548" HPOS="2006"/>
							<String ID="string_158" HPOS="2034" VPOS="1562" WIDTH="57" HEIGHT="20" WC="0.91" CONTENT="en-"/>
						</TextLine>
						<TextLine ID="line_18" HPOS="505" VPOS="1587" WIDTH="1586" HEIGHT="52">
							<String ID="string_159" HPOS="505" VPOS="1587" WIDTH="60" HEIGHT="43" WC="0.95" CONTENT="ligt"/><SP WIDTH="41" VPOS="1587" HPOS="565"/>
							<String ID="string_160" HPOS="606" VPOS="1589" WIDTH="151" HEIGHT="42" WC="0.86" CONTENT="gällande"/><SP WIDTH="28" VPOS="1589" HPOS="757"/>
							<String ID="string_161" HPOS="785" VPOS="1589" WIDTH="53" HEIGHT="44" WC="0.93" CONTENT="lag"/><SP WIDTH="29" VPOS="1589" HPOS="838"/>
							<String ID="string_162" HPOS="867" VPOS="1591" WIDTH="207" HEIGHT="42" WC="0.92" CONTENT="qvalificerad"/><SP WIDTH="43" VPOS="1591" HPOS="1074"/>
							<String ID="string_163" HPOS="1117" VPOS="1598" WIDTH="173" HEIGHT="37" WC="0.92" CONTENT="prestman,"/><SP WIDTH="42" VPOS="1598" HPOS="1290"/>
							<String ID="string_164" HPOS="1332" VPOS="1600" WIDTH="75" HEIGHT="26" WC="0.94" CONTENT="utan"/><SP WIDTH="44" VPOS="1600" HPOS="1407"/>
							<String ID="string_165" HPOS="1451" VPOS="1596" WIDTH="150" HEIGHT="31" WC="0.94" CONTENT="afseende"/><SP WIDTH="36" VPOS="1596" HPOS="1601"/>
							<String ID="string_166" HPOS="1637" VPOS="1599" WIDTH="41" HEIGHT="40" WC="0.96" CONTENT="på"/><SP WIDTH="29" VPOS="1599" HPOS="1678"/>
							<String ID="string_167" HPOS="1707" VPOS="1598" WIDTH="47" HEIGHT="31" WC="0.96" CONTENT="till"/><SP WIDTH="27" VPOS="1598" HPOS="1754"/>
							<String ID="string_168" HPOS="1781" VPOS="1598" WIDTH="122" HEIGHT="33" WC="0.96" CONTENT="hvilket"/><SP WIDTH="27" VPOS="1598" HPOS="1903"/>
							<String ID="string_169" HPOS="1930" VPOS="1601" WIDTH="70" HEIGHT="31" WC="0.96" CONTENT="stift"/><SP WIDTH="28" VPOS="1601" HPOS="2000"/>
							<String ID="string_170" HPOS="2028" VPOS="1601" WIDTH="63" HEIGHT="33" WC="0.96" CONTENT="han"/>
						</TextLine>
						<TextLine ID="line_19" HPOS="504" VPOS="1639" WIDTH="1585" HEIGHT="53">
							<String ID="string_171" HPOS="504" VPOS="1639" WIDTH="102" HEIGHT="40" WC="0.91" CONTENT="hörer,"/><SP WIDTH="43" VPOS="1639" HPOS="606"/>
							<String ID="string_172" HPOS="649" VPOS="1641" WIDTH="130" HEIGHT="32" WC="0.94" CONTENT="hvilken"/><SP WIDTH="41" VPOS="1641" HPOS="779"/>
							<String ID="string_173" HPOS="820" VPOS="1641" WIDTH="76" HEIGHT="32" WC="0.94" CONTENT="eller"/><SP WIDTH="28" VPOS="1641" HPOS="896"/>
							<String ID="string_174" HPOS="924" VPOS="1642" WIDTH="108" HEIGHT="32" WC="0.96" CONTENT="hvilka"/><SP WIDTH="42" VPOS="1642" HPOS="1032"/>
							<String ID="string_175" HPOS="1074" VPOS="1646" WIDTH="51" HEIGHT="29" WC="0.93" CONTENT="må"/><SP WIDTH="36" VPOS="1646" HPOS="1125"/>
							<String ID="string_176" HPOS="1161" VPOS="1656" WIDTH="59" HEIGHT="31" WC="0.91" CONTENT="ega"/><SP WIDTH="26" VPOS="1656" HPOS="1220"/>
							<String ID="string_177" HPOS="1246" VPOS="1646" WIDTH="27" HEIGHT="41" WC="0.93" CONTENT="ej"/><SP WIDTH="30" VPOS="1646" HPOS="1273"/>
							<String ID="string_178" HPOS="1303" VPOS="1646" WIDTH="134" HEIGHT="32" WC="0.92" CONTENT="allenast"/><SP WIDTH="29" VPOS="1646" HPOS="1437"/>
							<String ID="string_179" HPOS="1466" VPOS="1654" WIDTH="44" HEIGHT="24" WC="0.96" CONTENT="att"/><SP WIDTH="28" VPOS="1654" HPOS="1510"/>
							<String ID="string_180" HPOS="1538" VPOS="1648" WIDTH="135" HEIGHT="42" WC="0.96" CONTENT="predika"/><SP WIDTH="27" VPOS="1648" HPOS="1673"/>
							<String ID="string_181" HPOS="1700" VPOS="1651" WIDTH="74" HEIGHT="41" WC="0.96" CONTENT="prof"/><SP WIDTH="26" VPOS="1651" HPOS="1774"/>
							<String ID="string_182" HPOS="1800" VPOS="1651" WIDTH="80" HEIGHT="31" WC="0.96" CONTENT="efter"/><SP WIDTH="28" VPOS="1651" HPOS="1880"/>
							<String ID="string_183" HPOS="1908" VPOS="1652" WIDTH="83" HEIGHT="40" WC="0.96" CONTENT="dem,"/><SP WIDTH="28" VPOS="1652" HPOS="1991"/>
							<String ID="string_184" HPOS="2019" VPOS="1665" WIDTH="70" HEIGHT="21" WC="0.96" CONTENT="som"/>
						</TextLine>
						<TextLine ID="line_20" HPOS="504" VPOS="1693" WIDTH="1582" HEIGHT="55">
							<String ID="string_185" HPOS="504" VPOS="1703" WIDTH="59" HEIGHT="32" WC="0.92" CONTENT="ega"/><SP WIDTH="27" VPOS="1703" HPOS="563"/>
							<String ID="string_186" HPOS="590" VPOS="1693" WIDTH="223" HEIGHT="43" WC="0.90" CONTENT="förslagsrum,"/><SP WIDTH="30" VPOS="1693" HPOS="813"/>
							<String ID="string_187" HPOS="843" VPOS="1700" WIDTH="75" HEIGHT="26" WC="0.96" CONTENT="utan"/><SP WIDTH="28" VPOS="1700" HPOS="918"/>
							<String ID="string_188" HPOS="946" VPOS="1696" WIDTH="94" HEIGHT="31" WC="0.96" CONTENT="äfven"/><SP WIDTH="29" VPOS="1696" HPOS="1040"/>
							<String ID="string_189" HPOS="1069" VPOS="1701" WIDTH="46" HEIGHT="27" WC="0.96" CONTENT="att"/><SP WIDTH="26" VPOS="1701" HPOS="1115"/>
							<String ID="string_190" HPOS="1141" VPOS="1705" WIDTH="200" HEIGHT="34" WC="0.96" CONTENT="gemensamt"/><SP WIDTH="28" VPOS="1705" HPOS="1341"/>
							<String ID="string_191" HPOS="1369" VPOS="1699" WIDTH="73" HEIGHT="31" WC="0.96" CONTENT="med"/><SP WIDTH="29" VPOS="1699" HPOS="1442"/>
							<String ID="string_192" HPOS="1471" VPOS="1699" WIDTH="92" HEIGHT="32" WC="0.96" CONTENT="dessa"/><SP WIDTH="16" VPOS="1699" HPOS="1563"/>
							<String ID="string_193" HPOS="1579" VPOS="1699" WIDTH="131" HEIGHT="34" WC="0.96" CONTENT="komma"/><SP WIDTH="18" VPOS="1699" HPOS="1710"/>
							<String ID="string_194" HPOS="1728" VPOS="1702" WIDTH="104" HEIGHT="32" WC="0.96" CONTENT="under"/><SP WIDTH="19" VPOS="1702" HPOS="1832"/>
							<String ID="string_195" HPOS="1851" VPOS="1705" WIDTH="235" HEIGHT="43" WC="0.85" CONTENT="omröstning.&quot;"/>
						</TextLine>
					</TextBlock>
					<TextBlock ID="block_8" HPOS="501" VPOS="1744" WIDTH="1586" HEIGHT="206">
						<TextLine ID="line_21" HPOS="635" VPOS="1744" WIDTH="1451" HEIGHT="52">
							<String ID="string_196" HPOS="635" VPOS="1744" WIDTH="78" HEIGHT="33" WC="0.96" CONTENT="Men"/><SP WIDTH="29" VPOS="1744" HPOS="713"/>
							<String ID="string_197" HPOS="742" VPOS="1752" WIDTH="77" HEIGHT="25" WC="0.96" CONTENT="enär"/><SP WIDTH="28" VPOS="1752" HPOS="819"/>
							<String ID="string_198" HPOS="847" VPOS="1746" WIDTH="62" HEIGHT="32" WC="0.96" CONTENT="den"/><SP WIDTH="29" VPOS="1746" HPOS="909"/>
							<String ID="string_199" HPOS="938" VPOS="1748" WIDTH="137" HEIGHT="31" WC="0.96" CONTENT="sålunda"/><SP WIDTH="28" VPOS="1748" HPOS="1075"/>
							<String ID="string_200" HPOS="1103" VPOS="1748" WIDTH="114" HEIGHT="32" WC="0.96" CONTENT="väckta"/><SP WIDTH="29" VPOS="1748" HPOS="1217"/>
							<String ID="string_201" HPOS="1246" VPOS="1750" WIDTH="111" HEIGHT="42" WC="0.96" CONTENT="frågan"/><SP WIDTH="29" VPOS="1750" HPOS="1357"/>
							<String ID="string_202" HPOS="1386" VPOS="1750" WIDTH="72" HEIGHT="32" WC="0.96" CONTENT="icke"/><SP WIDTH="28" VPOS="1750" HPOS="1458"/>
							<String ID="string_203" HPOS="1486" VPOS="1757" WIDTH="35" HEIGHT="25" WC="0.96" CONTENT="är"/><SP WIDTH="28" VPOS="1757" HPOS="1521"/>
							<String ID="string_204" HPOS="1549" VPOS="1758" WIDTH="45" HEIGHT="25" WC="0.96" CONTENT="att"/><SP WIDTH="19" VPOS="1758" HPOS="1594"/>
							<String ID="string_205" HPOS="1613" VPOS="1752" WIDTH="135" HEIGHT="33" WC="0.96" CONTENT="hänföra"/><SP WIDTH="19" VPOS="1752" HPOS="1748"/>
							<String ID="string_206" HPOS="1767" VPOS="1755" WIDTH="47" HEIGHT="31" WC="0.96" CONTENT="till"/><SP WIDTH="27" VPOS="1755" HPOS="1814"/>
							<String ID="string_207" HPOS="1841" VPOS="1755" WIDTH="121" HEIGHT="33" WC="0.93" CONTENT="allmän"/><SP WIDTH="22" VPOS="1755" HPOS="1962"/>
							<String ID="string_208" HPOS="1984" VPOS="1757" WIDTH="102" HEIGHT="39" WC="0.92" CONTENT="civil-,"/>
						</TextLine>
						<TextLine ID="line_22" HPOS="506" VPOS="1795" WIDTH="1581" HEIGHT="60">
							<String ID="string_209" HPOS="506" VPOS="1795" WIDTH="168" HEIGHT="33" WC="0.91" CONTENT="kriminal-"/><SP WIDTH="30" VPOS="1795" HPOS="674"/>
							<String ID="string_210" HPOS="704" VPOS="1797" WIDTH="79" HEIGHT="32" WC="0.96" CONTENT="eller"/><SP WIDTH="26" VPOS="1797" HPOS="783"/>
							<String ID="string_211" HPOS="809" VPOS="1797" WIDTH="161" HEIGHT="44" WC="0.96" CONTENT="kyrkolag"/><SP WIDTH="28" VPOS="1797" HPOS="970"/>
							<String ID="string_212" HPOS="998" VPOS="1799" WIDTH="59" HEIGHT="33" WC="0.96" CONTENT="och"/><SP WIDTH="29" VPOS="1799" HPOS="1057"/>
							<String ID="string_213" HPOS="1086" VPOS="1799" WIDTH="93" HEIGHT="32" WC="0.94" CONTENT="alltså"/><SP WIDTH="27" VPOS="1799" HPOS="1179"/>
							<String ID="string_214" HPOS="1206" VPOS="1800" WIDTH="71" HEIGHT="33" WC="0.96" CONTENT="icke"/><SP WIDTH="29" VPOS="1800" HPOS="1277"/>
							<String ID="string_215" HPOS="1306" VPOS="1802" WIDTH="91" HEIGHT="31" WC="0.96" CONTENT="faller"/><SP WIDTH="27" VPOS="1802" HPOS="1397"/>
							<String ID="string_216" HPOS="1424" VPOS="1803" WIDTH="87" HEIGHT="31" WC="0.95" CONTENT="inom"/><SP WIDTH="29" VPOS="1803" HPOS="1511"/>
							<String ID="string_217" HPOS="1540" VPOS="1805" WIDTH="165" HEIGHT="43" WC="0.96" CONTENT="omfånget"/><SP WIDTH="29" VPOS="1805" HPOS="1705"/>
							<String ID="string_218" HPOS="1734" VPOS="1806" WIDTH="50" HEIGHT="32" WC="0.96" CONTENT="för"/><SP WIDTH="26" VPOS="1806" HPOS="1784"/>
							<String ID="string_219" HPOS="1810" VPOS="1803" WIDTH="277" HEIGHT="52" WC="0.90" CONTENT="Lag-Utskottets"/>
						</TextLine>
						<TextLine ID="line_23" HPOS="501" VPOS="1847" WIDTH="1586" HEIGHT="55">
							<String ID="string_220" HPOS="501" VPOS="1847" WIDTH="11" HEIGHT="32" WC="0.96" CONTENT="i"/><SP WIDTH="30" VPOS="1847" HPOS="512"/>
							<String ID="string_221" HPOS="542" VPOS="1849" WIDTH="44" HEIGHT="31" WC="0.91" CONTENT="53"/><SP WIDTH="31" VPOS="1849" HPOS="586"/>
							<String ID="string_222" HPOS="617" VPOS="1848" WIDTH="16" HEIGHT="42" WC="0.87" CONTENT="$"/><SP WIDTH="35" VPOS="1848" HPOS="633"/>
							<String ID="string_223" HPOS="668" VPOS="1849" WIDTH="327" HEIGHT="44" WC="0.92" CONTENT="Regerings-formen"/><SP WIDTH="43" VPOS="1849" HPOS="995"/>
							<String ID="string_224" HPOS="1038" VPOS="1852" WIDTH="60" HEIGHT="32" WC="0.96" CONTENT="och"/><SP WIDTH="36" VPOS="1852" HPOS="1098"/>
							<String ID="string_225" HPOS="1134" VPOS="1853" WIDTH="45" HEIGHT="31" WC="0.96" CONTENT="42"/><SP WIDTH="29" VPOS="1853" HPOS="1179"/>
							<String ID="string_226" HPOS="1208" VPOS="1852" WIDTH="17" HEIGHT="42" WC="0.64" CONTENT="8"/><SP WIDTH="27" VPOS="1852" HPOS="1225"/>
							<String ID="string_227" HPOS="1252" VPOS="1853" WIDTH="366" HEIGHT="46" WC="0.91" CONTENT="Rikedags-ordningen"/><SP WIDTH="45" VPOS="1853" HPOS="1618"/>
							<String ID="string_228" HPOS="1663" VPOS="1858" WIDTH="170" HEIGHT="33" WC="0.91" CONTENT="utstakade"/><SP WIDTH="41" VPOS="1858" HPOS="1833"/>
							<String ID="string_229" HPOS="1874" VPOS="1860" WIDTH="213" HEIGHT="42" WC="0.96" CONTENT="verksamhet,"/>
						</TextLine>
						<TextLine ID="line_24" HPOS="506" VPOS="1900" WIDTH="1350" HEIGHT="50">
							<String ID="string_230" HPOS="506" VPOS="1900" WIDTH="173" HEIGHT="33" WC="0.91" CONTENT="föranlåtes"/><SP WIDTH="43" VPOS="1900" HPOS="679"/>
							<String ID="string_231" HPOS="722" VPOS="1901" WIDTH="167" HEIGHT="33" WC="0.95" CONTENT="Utskottet"/><SP WIDTH="40" VPOS="1901" HPOS="889"/>
							<String ID="string_232" HPOS="929" VPOS="1903" WIDTH="47" HEIGHT="32" WC="0.95" CONTENT="till"/><SP WIDTH="37" VPOS="1903" HPOS="976"/>
							<String ID="string_233" HPOS="1013" VPOS="1903" WIDTH="197" HEIGHT="34" WC="0.93" CONTENT="Kammaren"/><SP WIDTH="41" VPOS="1903" HPOS="1210"/>
							<String ID="string_234" HPOS="1251" VPOS="1906" WIDTH="175" HEIGHT="32" WC="0.91" CONTENT="återlemna"/><SP WIDTH="40" VPOS="1906" HPOS="1426"/>
							<String ID="string_235" HPOS="1466" VPOS="1908" WIDTH="215" HEIGHT="33" WC="0.91" CONTENT="omförmälda"/><SP WIDTH="36" VPOS="1908" HPOS="1681"/>
							<String ID="string_236" HPOS="1717" VPOS="1911" WIDTH="139" HEIGHT="39" WC="0.96" CONTENT="motion;"/>
						</TextLine>
					</TextBlock>
					<TextBlock ID="block_9" HPOS="647" VPOS="1953" WIDTH="909" HEIGHT="50">
						<TextLine ID="line_25" HPOS="647" VPOS="1953" WIDTH="909" HEIGHT="50">
							<String ID="string_237" HPOS="647" VPOS="1953" WIDTH="123" HEIGHT="33" WC="0.96" CONTENT="hvilket"/><SP WIDTH="28" VPOS="1953" HPOS="770"/>
							<String ID="string_238" HPOS="798" VPOS="1955" WIDTH="49" HEIGHT="31" WC="0.96" CONTENT="för"/><SP WIDTH="28" VPOS="1955" HPOS="847"/>
							<String ID="string_239" HPOS="875" VPOS="1955" WIDTH="187" HEIGHT="45" WC="0.93" CONTENT="Riksdagen"/><SP WIDTH="29" VPOS="1955" HPOS="1062"/>
							<String ID="string_240" HPOS="1091" VPOS="1956" WIDTH="165" HEIGHT="33" WC="0.91" CONTENT="vördsamt"/><SP WIDTH="28" VPOS="1956" HPOS="1256"/>
							<String ID="string_241" HPOS="1284" VPOS="1958" WIDTH="272" HEIGHT="45" WC="0.91" CONTENT="tillkännagifves."/>
						</TextLine>
					</TextBlock>
				</ComposedBlock>
				<ComposedBlock ID="cblock_5" HPOS="631" VPOS="2021" WIDTH="866" HEIGHT="168">
					<TextBlock ID="block_10" HPOS="631" VPOS="2021" WIDTH="866" HEIGHT="168">
						<TextLine ID="line_26" HPOS="631" VPOS="2021" WIDTH="656" HEIGHT="37">
							<String ID="string_242" HPOS="631" VPOS="2021" WIDTH="191" HEIGHT="34" WC="0.96" CONTENT="Stockholm"/><SP WIDTH="29" VPOS="2021" HPOS="822"/>
							<String ID="string_243" HPOS="851" VPOS="2023" WIDTH="61" HEIGHT="33" WC="0.96" CONTENT="den"/><SP WIDTH="31" VPOS="2023" HPOS="912"/>
							<String ID="string_244" HPOS="943" VPOS="2025" WIDTH="18" HEIGHT="31" WC="0.95" CONTENT="5"/><SP WIDTH="30" VPOS="2025" HPOS="961"/>
							<String ID="string_245" HPOS="991" VPOS="2024" WIDTH="157" HEIGHT="34" WC="0.96" CONTENT="Februari"/><SP WIDTH="32" VPOS="2024" HPOS="1148"/>
							<String ID="string_246" HPOS="1180" VPOS="2026" WIDTH="107" HEIGHT="32" WC="0.96" CONTENT="1867."/>
						</TextLine>
						<TextLine ID="line_27" HPOS="1126" VPOS="2089" WIDTH="346" HEIGHT="47">
							<String ID="string_247" HPOS="1126" VPOS="2089" WIDTH="116" HEIGHT="38" WC="0.96" CONTENT="ERIC"/><SP WIDTH="27" VPOS="2089" HPOS="1242"/>
							<String ID="string_248" HPOS="1269" VPOS="2090" WIDTH="203" HEIGHT="46" WC="0.92" CONTENT="SPARRE,"/>
						</TextLine>
						<TextLine ID="line_28" HPOS="1090" VPOS="2154" WIDTH="407" HEIGHT="35">
							<String ID="string_249" HPOS="1090" VPOS="2154" WIDTH="182" HEIGHT="34" WC="0.95" CONTENT="Utskottets"/><SP WIDTH="20" VPOS="2154" HPOS="1272"/>
							<String ID="string_250" HPOS="1292" VPOS="2156" WIDTH="205" HEIGHT="33" WC="0.95" CONTENT="ordförande."/>
						</TextLine>
					</TextBlock>
				</ComposedBlock>
			</PrintSpace>
		</Page>
	</Layout>
</alto>
