2249 2806
492 225 18 29 2
956 224 260 40 Lao-Utskottets
1245 225 166 30 Utlåtande
1437 225 59 30 N:o
1519 226 49 30 31.

578 305 269 49 Kyrkostämma
876 318 80 35 eger
985 306 134 36 besluta
1147 306 223 49 upptagande
1411 306 37 36 af
1486 306 290 48 amorteringslån
1810 306 53 36 för
1891 308 160 48 nybygg-

449 360 68 35 nad
558 359 39 35 af
633 358 111 49 dylikt
783 359 66 35 hus
890 359 83 36 eller
1005 359 52 35 för
1086 359 181 36 betalande
1302 359 38 36 af
1363 359 52 36 för
1443 359 214 48 uppförande
1687 360 38 35 af
1749 359 109 35 sådan
1887 361 164 47 byggnad

449 411 122 36 iråkad
601 411 111 47 skuld,
743 413 77 34 med
849 412 113 35 vilkor
991 416 50 31 att
1069 412 189 35 detsamma
1286 412 94 35 inom
1406 414 47 33 40
1483 413 38 34 år
1550 412 141 35 betalas.

577 464 52 36 De
670 463 113 49 årliga
815 464 160 45 tillskott,
1004 464 120 36 hvilka
1153 464 147 36 sålunda
1329 465 37 35 af
1390 464 262 48 kyrkostämma
1680 464 163 48 beslutas,
1873 468 177 34 uttaxeras

448 518 86 35 etter
562 517 363 48 fyrktalsberäkning
906 513 21 56 ;

577 569 92 36 Herr
696 566 247 38 Gummesson:
984 567 71 37 dels
1083 569 109 47 enligt
1219 570 174 36 motionen
1420 569 66 36 N:o
1517 572 61 34 95:
1613 574 70 31 "att
1713 569 204 48 Riksdagen
1947 571 106 35 måtte

451 623 50 35 för
530 623 52 35 sin
612 622 55 35 del
696 622 131 36 besluta
858 622 64 35 den
954 621 202 47 förändring
1183 622 11 35 i
1221 634 48 23 nu
1297 622 162 46 gällande
1490 623 214 44 stadganden
1734 623 182 46 angående
1945 636 107 32 grun-

450 676 65 34 den
544 675 51 35 för
624 674 244 48 skyldigheten
898 678 49 31 att
974 674 139 47 deltaga
1141 674 10 35 i
1179 674 186 48 byggande
1393 675 39 35 af
1456 688 24 23 s.
1510 676 31 34 k.
1573 675 177 35 allmänna
1778 675 75 46 bus,
1874 679 50 31 att
1939 676 114 36 denna

449 727 209 49 skyldighet,
701 739 73 23 som
814 740 48 22 nu
903 728 205 34 bestämmes
1149 726 85 36 efter
1274 728 216 35 hemmanets
1534 728 140 46 mantal,
1710 727 203 36 hädanefter
1946 728 107 36 måtte

450 781 138 35 komma
616 784 48 31 att
691 784 143 43 utgöras
862 779 85 36 efter
975 779 205 48 fyrktalet";

578 830 72 37 dels
678 833 65 34 ock
771 832 109 46 enligt
907 832 176 34 motionen
1110 832 66 34 N:o
1207 834 61 33 96:
1304 836 69 31 "att
1401 832 204 45 Riksdagen
1635 833 79 33 ville
1742 833 52 34 för
1822 833 50 33 sin
1911 832 54 33 del
1993 833 58 32 be-

449 884 99 44 sluta,
591 887 50 31 att
682 883 267 46 församlingens
990 882 201 48 skyldighet
1231 889 50 30 att
1322 884 113 48 bygga
1479 883 63 36 och
1584 883 209 36 underhålla
1821 884 89 35 vissa
1939 884 65 35 hus
2033 884 20 35 å

450 935 388 49 kyrkoherdeboställen
868 940 105 31 måtte
1001 935 157 48 upphöra
1186 936 64 35 och
1279 937 94 35 detta
1401 936 186 47 åliggande
1616 936 215 48 öfverflyttas
1859 937 45 46 på
1923 937 127 46 kyrko-

448 988 143 48 herden,
621 993 89 30 samt
749 988 111 36 denne
896 988 144 45 således,
1069 989 10 33 i
1108 988 111 35 likhet
1247 989 76 34 med
1352 988 91 35 hvad
1474 989 53 34 för
1555 989 109 34 andra
1692 989 207 45 tjenstemän
1928 990 20 33 å
1976 989 75 34 lan-

449 1040 56 36 det
534 1045 38 30 är
600 1039 228 48 föreskrifvet,
871 1040 81 48 sjelf
976 1040 143 35 bekosta
1148 1041 20 34 å
1199 1040 160 36 bostället
1385 1040 174 47 behöfliga
1589 1041 219 47 byggnaders
1839 1041 214 47 uppförande

449 1093 63 35 och
540 1092 222 47 underhåll";

576 1162 94 35 Herr
711 1161 33 36 J.
787 1161 39 36 P.
869 1160 163 37 Nilsson:
1079 1166 79 42 "att,
1201 1162 77 36 med
1320 1163 241 36 bibehållande
1595 1164 38 35 af
1657 1162 130 47 IKongl.
1818 1163 232 37 resolutionen

449 1215 65 35 den
562 1217 42 34 13
648 1215 191 35 December
887 1217 104 44 1672,
1020 1227 71 23 som
1121 1214 217 40 bestämmer,
1369 1220 50 30 att
1450 1215 128 48 kyrkor
1608 1217 6 33 i
1647 1216 115 35 Skåne
1791 1216 96 35 skola
1919 1216 134 45 byggas

450 1267 63 36 och
555 1267 224 35 underhållas
818 1267 78 35 med
925 1266 264 47 kronotionden,
1219 1271 88 32 samt
1333 1268 75 35 med
1439 1268 65 35 den
1535 1272 67 31 rätt
1630 1268 216 47 oförkränkt,
1876 1280 71 23 som
1978 1267 75 35 blif-

451 1320 49 34 vit
528 1331 122 34 genom
680 1319 173 36 särskilda
881 1319 246 46 författningar
1156 1319 63 35 och
1250 1320 199 46 privilegier
1477 1320 184 35 tillerkäud
1688 1320 77 46 jord
1796 1321 37 34 af
1857 1320 70 35 viss
1951 1324 104 30 natur

449 1372 8 33 i
488 1371 162 35 afseende
679 1372 18 34 å
727 1370 159 36 befrielse
915 1371 76 34 från
1021 1370 206 47 deltagande
1255 1372 10 33 i
1294 1372 130 47 kyrkas
1453 1372 196 46 byggande,
1680 1371 201 48 Riksdagen
1915 1371 52 35 må
2003 1370 51 36 för

451 1423 50 35 sin
530 1423 54 35 del
613 1422 150 36 besluta:

583 1478 48 32 1:0
660 1479 50 31 att
738 1476 11 34 i
777 1475 104 45 öfrigt
909 1475 199 47 skyldighet
1136 1481 49 28 att
1213 1475 144 45 bidraga
1385 1475 52 35 till
1474 1476 184 47 byggande
1687 1476 64 35 och
1782 1476 272 35 underhållande

450 1527 38 34 af
512 1527 16 34 å
559 1527 118 35 landet
704 1527 144 46 belägen
879 1527 113 47 kyrka
1020 1527 75 34 med
1125 1527 91 34 hvad
1246 1527 115 35 dertill
1389 1528 113 42 hörer,
1532 1528 110 35 såsom
1673 1528 226 47 klockstapel,
1925 1528 128 47 kyrko-

450 1591 86 34 mur,
579 1579 244 36 socknestufva
864 1579 64 35 och
967 1579 213 46 fattigstufva
1211 1579 100 38 skalll
1342 1580 75 34 med
1449 1580 178 46 undantag
1655 1580 51 35 för
1733 1580 41 34 de
1803 1580 116 35 dertill
1947 1580 105 35 erfor-

450 1631 132 47 derliga
624 1631 229 47 dagsverken,
894 1631 122 35 hvilka
1057 1631 80 35 böra
1169 1635 140 43 utgöras
1338 1632 6 31 1
1375 1631 111 36 likhet
1514 1633 77 34 med
1620 1631 90 36 hvad
1741 1632 123 35 hittills
1893 1632 158 44 stadgadt

449 1684 99 46 varit,
577 1684 115 45 åligga
723 1696 41 22 en
794 1684 97 45 hvar,
921 1696 72 22 som
1023 1683 109 47 enligt
1162 1685 42 33 57
1237 1683 54 46 $i
1323 1684 128 46 Kongl.
1483 1684 247 47 förordningen
1760 1697 53 21 om
1836 1683 217 36 kommunait-

449 1735 145 47 styrelse
635 1735 44 47 på
707 1735 117 35 landet
851 1735 64 35 den
949 1736 36 33 21
1023 1734 96 36 Mars
1154 1736 91 35 1862
1276 1739 38 31 är
1341 1735 125 48 pligtig
1494 1740 51 30 att
1573 1736 52 35 till
1655 1736 230 35 kommunens
1913 1748 140 34 gemen-

449 1799 130 23 samma
609 1787 142 47 utgifter
778 1788 116 34 lemna
922 1787 140 44 bidrag;
1092 1787 60 34 och

580 1840 52 34 2:0
661 1844 50 30 att
738 1839 100 36 dessa
867 1839 123 46 bidrag
1018 1839 98 35 skola
1157 1844 143 39 utgöras
1332 1840 77 35 med
1443 1840 132 47 belopp,
1605 1853 72 22 som
1707 1842 208 34 bestämmas
1943 1840 112 44 enligt

451 1892 40 34 de
534 1892 9 33 i
586 1893 47 34 58
663 1891 18 47 $
709 1891 38 36 af
775 1892 152 35 nämnda
957 1890 130 45 Kongl.
1118 1891 204 44 törordning
1350 1892 52 35 för
1430 1892 404 48 kommunalutskylders
1862 1893 191 46 utgörande

450 1944 164 46 stadgade
643 1944 198 46 grunder";

578 2012 91 35 Herr
697 2011 214 50 Hörnfeldt:
946 2020 70 27 "att
1044 2012 201 45 Riksdagen
1276 2013 107 35 måtte
1411 2012 144 40 besluia,
1585 2013 58 36 det
1671 2014 173 46 allmogen
1873 2014 10 33 i
1916 2013 41 35 de
1986 2013 67 36 för-

451 2064 202 47 samlingar,
696 2064 61 35 der
799 2064 219 47 regleringen
1061 2064 38 35 af
1135 2065 274 47 presterskapets
1450 2065 96 35 löner
1587 2065 186 47 försiggått
1818 2065 63 35 och
1931 2066 124 34 vunnit

450 2116 127 47 Kongl.
619 2116 118 46 Muj:ts
777 2117 130 46 nådiga
948 2116 230 46 fastställelse,
1211 2116 105 36 måtte
1349 2117 52 35 för
1428 2117 66 35 den
1523 2117 46 35 tid
1599 2117 218 47 regleringen
1846 2117 109 47 gäller
1996 2119 56 33 be-

448 2170 85 37 frias
574 2168 77 35 från
694 2168 245 48 skyldigheten
982 2172 49 30 att
1071 2169 117 46 bygga
1222 2169 61 34 och
1314 2168 206 35 underhålla
1549 2169 114 35 sädes-
1692 2169 83 35 eller
1804 2182 24 22 s.
1859 2170 31 33 k.
1920 2169 132 36 tionde-

450 2221 92 47 jada;
572 2220 64 35 och

578 2289 91 35 Herr
709 2288 136 46 Leter:
893 2293 70 31 "att
1004 2289 203 46 Riksdagen
1251 2290 105 35 måtte
1384 2290 51 34 för
1464 2290 51 35 sin
1547 2290 54 34 del
1630 2290 146 40 besluta,
1805 2290 74 34 dels
1907 2296 49 28 att
1984 2290 67 35 för-

449 2340 253 47 samlingarnes
743 2340 202 48 skyldighet
985 2349 50 27 att
1076 2341 115 46 bygga
1233 2342 62 35 och
1340 2342 207 35 underhålla
1575 2355 25 22 s.
1629 2343 32 34 k.
1692 2342 194 35 tiondelada
1918 2342 134 47 upphör

449 2393 8 33 i
500 2393 64 34 och
607 2394 75 33 med
726 2394 189 33 detsamma
957 2393 142 35 tionden
1140 2392 77 35 icke
1250 2394 118 35 vidare
1403 2394 101 46 utgår
1532 2394 8 35 1
1570 2394 80 46 strå,
1679 2394 65 35 och
1774 2394 73 35 dels
1876 2401 60 40 att,
1964 2399 83 30 utan
