1884 2798
528 159 294 35 Statsutskottets
845 157 185 36 utlåtande
1053 169 44 22 nr
1119 159 34 33 8.
1542 159 44 30 87

142 243 91 41 82:o0)
262 243 129 33 Lunds
407 241 238 34 universitet:
662 239 316 44 Engångsanslag
992 240 59 33 till
1065 240 102 32 vissa
1181 238 285 42 vetenskapliga
1480 237 107 34 insti-

93 296 178 33 tutioner.
302 295 133 42 Kungl.
455 294 112 42 Maj:t
587 294 65 33 har
675 293 130 43 (punkt
827 297 55 35 86,
903 305 26 21 s.
952 293 149 41 90—96)
1126 291 178 42 föreslagit
1325 290 183 42 riksdagen
1530 294 57 29 att

94 348 54 34 till
168 348 270 43 ifrågavarande
456 347 165 34 ändamål
641 347 55 33 för
714 346 212 42 budgetåret
946 344 157 43 1949/50
1124 344 121 34 anvisa
1266 349 50 29 ett
1339 343 247 35 reservations-

96 402 122 42 anslag
235 414 45 21 av
299 404 65 31 120
379 405 65 29 000
462 401 140 33 kronor.

142 500 118 33 Större
288 499 229 34 akademiska
544 497 225 35 konsistoriet
796 497 66 33 och
889 496 163 34 kanslern
1079 495 91 34 hade
1197 495 180 34 hemställt
1405 506 57 22 om
1489 494 98 34 anvi-

97 553 108 34 sande
225 566 44 20 av
287 552 157 42 följande
462 551 285 43 engångsbelopp
763 550 55 34 för
836 550 94 34 olika
948 549 177 34 ändamål:

1087 626 188 37 Konsistoriet,
1437 629 142 29 Kanslern,

1136 675 97 25 kronor
1464 673 98 25 kronor

121 734 31 30 1.
187 729 243 44 Histologiska
446 728 249 35 institutionen
719 755 348 8 ..............--
1123 730 43 30 52
1180 729 65 31 300
1454 728 42 31 52
1510 728 68 31 300

120 788 31 30 2.
187 783 312 42 Farmakologiska
524 782 249 34 institutionen
809 809 256 6 ............
1121 784 44 30 30
1179 784 66 30 000
1453 782 41 30 16
1510 782 67 30 000

120 841 31 30 3.
187 837 227 42 Patologiska
438 836 248 34 institutionen
718 863 348 6 ................
1123 837 41 30 13
1179 837 66 30 000
1454 836 40 30 13
1510 836 67 30 000

119 894 33 30 4.
188 890 222 33 Pediatriska
435 889 157 34 kliniken
627 916 439 7 ...ssssssoserer
968 885 76 50 esse
1052 885 17 50 a
1100 890 64 30 1253
1180 890 65 30 000
1452 889 42 31 75
1510 889 67 31 000

121 947 31 30 5.
188 943 169 33 Kliniken
380 942 54 34 för
455 942 189 42 lungsjuka
675 969 393 7 .....ssssssss..-e-
1147 944 18 30 5
1181 944 66 30 530
1532 959 46 5 —

120 1000 32 30 6.
188 995 333 34 Kliniskt-kemiska
546 994 230 34 laboratoriet
810 1022 256 6 ............
1122 997 44 30 30
1180 997 65 30 000
1453 996 43 30 20
1510 996 67 30 000

121 1053 32 30 7.
189 1048 256 34 Institutionen
462 1048 54 34 för
531 1047 185 44 psykologi
732 1047 67 34 och
816 1047 196 43 pedagogik
1037 1075 29 6 ..
1122 1050 123 30 30000
1454 1049 40 30 15
1510 1049 68 30 000

121 1106 32 30 8.
189 1102 236 42 Sociologiska
444 1101 249 34 institutionen
720 1128 348 7 ................
1126 1103 42 30 10
1181 1103 66 30 500
1532 1119 47 5 —

122 1159 31 30 9.
190 1155 268 34 Astronomiska
483 1154 249 34 institutionen
766 1182 302 6 ..............
1124 1157 43 30 79
1182 1156 66 30 000
1532 1173 47 4 —

100 1212 54 30 10.
190 1208 171 34 Kemiska
390 1208 248 34 institutionen
674 1235 393 6 ..........s.s.....o.
1124 1210 42 30 29
1181 1210 66 30 000
1454 1209 42 30 29
1512 1209 66 30 000

101 1265 53 30 11.
189 1261 262 42 Limnologiska
480 1261 249 34 institutionen
765 1288 303 6 ..............
1125 1263 41 30 13
1182 1263 65 30 000
1477 1263 19 30 5
1511 1262 68 31 500

101 1318 54 30 12.
191 1314 206 43 Zoologiska
416 1314 266 34 institutionens
702 1313 115 43 fysiol.
838 1313 82 34 avd.
948 1341 120 6 ......
1124 1316 43 31 50
1182 1316 65 30 000
1454 1315 43 31 20
1512 1316 67 30 000

100 1372 54 29 13.
190 1367 241 43 Fysiologiska
448 1367 248 33 institutionen
722 1394 348 7 ................
1126 1369 43 31 50
1184 1369 65 30 000
1534 1386 46 4 -—

101 1424 53 30 14.
193 1420 143 34 Central
363 1420 186 42 skrivbyrå
583 1448 97 5 «ss
698 1447 96 6 sås
817 1447 46 6 ss
881 1447 27 6 ös
948 1416 51 51 örnö
1027 1447 41 5 sf
1126 1422 41 29 12
1182 1422 65 30 000
1456 1422 41 29 12
1512 1422 67 30 000

776 1481 147 33 Summa
946 1481 130 33 kronor
1101 1484 66 31 529
1181 1484 66 30 330
1432 1484 65 31 257
1512 1484 79 30 800.

147 1580 403 43 Departementschefen
567 1580 64 34 har
649 1580 53 34 för
720 1580 53 34 sin
792 1580 55 33 del
867 1579 117 35 anfört
1003 1579 168 43 följande.

147 1644 137 42 Frågan
308 1656 59 21 om
391 1643 192 33 anvisande
607 1655 45 21 av
675 1642 112 34 medel
812 1642 55 33 för
889 1642 205 33 inrättande
1117 1655 45 20 av
1185 1654 42 21 en
1250 1642 133 33 central
1407 1642 186 42 skrivbyrå

102 1688 60 33 vid
182 1688 119 33 Lunds
323 1687 208 34 universitet
552 1690 39 31 är
609 1687 60 42 jag
688 1687 75 33 icke
783 1686 131 34 beredd
934 1691 55 29 att
1009 1699 48 20 nu
1078 1691 159 37 upptaga
1256 1686 53 33 till
1329 1686 184 42 prövning;
1532 1687 62 42 jag

101 1732 102 34 torde
221 1732 36 34 få
274 1732 137 33 tillfälle
429 1736 53 29 att
501 1732 221 33 återkomma
741 1731 118 33 därtill
884 1731 4 33 i
907 1735 109 29 annat
1035 1730 267 42 sammanhang.
1320 1731 192 33 Kanslerns
1531 1743 61 21 an-

102 1776 274 42 slagsäskanden
395 1776 10 33 i
422 1776 115 41 övrigt
555 1776 120 41 uppgå
692 1775 52 33 till
763 1788 42 21 en
825 1787 138 21 summa
982 1788 45 20 av
1045 1778 66 30 245
1126 1778 65 30 800
1209 1775 141 38 kronor,
1368 1775 109 33 vilket
1495 1775 10 32 i
1524 1775 69 33 för-

101 1821 164 33 hållande
289 1820 53 33 till
368 1820 70 33 vad
462 1820 59 33 det
547 1823 111 30 större
682 1819 229 34 akademiska
935 1819 227 34 konsistoriet
1186 1819 123 41 begärt
1332 1840 46 3 —
1400 1819 10 32 i
1435 1824 82 28 runt
1542 1819 51 33 tal

103 1869 66 29 517
184 1869 65 29 000
277 1865 130 32 kronor
433 1884 45 4 —
505 1864 148 33 innebär
679 1876 44 21 en
750 1863 203 49 betydande
982 1862 246 42 nedskärning.
1258 1863 88 33 Med
1374 1863 137 41 hänsyn
1539 1863 53 32 till

102 1909 157 33 rådande
281 1908 227 34 ekonomiska
531 1907 244 34 förhållanden
798 1907 72 33 kan
893 1907 60 41 jag
975 1906 194 34 emellertid
1192 1889 75 66 icke
1291 1906 140 33 förorda
1453 1919 60 20 ens
1538 1911 55 28 att

103 1958 53 28 ett
173 1953 127 41 belopp
318 1965 46 20 av
382 1952 66 33 den
466 1952 130 33 storlek
614 1964 75 20 som
706 1951 165 33 kanslern
889 1951 122 41 begärt
1029 1951 111 32 skulle
1158 1950 139 33 anvisas
1314 1950 55 33 för
1385 1953 102 30 nästa
1505 1950 88 33 bud-

103 1998 109 40 getår.
242 1997 68 41 Jag
328 1996 206 33 inskränker
553 1995 72 42 mig
643 1995 52 33 till
715 2000 56 28 att
789 1977 163 57 förorda,
961 1999 56 29 att
1036 1995 47 41 på
1102 1994 190 33 riksstaten
1311 1994 54 33 för
1384 1994 210 41 budgetåret

104 2040 156 42 1949/50
283 2041 140 32 anvisas
446 2045 52 28 ett
520 2039 122 42 anslag
663 2052 45 20 av
733 2043 63 29 120
812 2043 66 29 000
900 2038 129 33 kronor
1051 2038 54 33 för
1126 2038 268 42 ifrågavarande
1417 2038 176 33 ändamål.

103 2086 74 32 Det
196 2085 100 33 torde
316 2084 35 34 få
371 2085 189 32 ankomma
580 2085 46 41 på
644 2084 131 41 Kungl.
795 2083 112 41 Maj:t
926 2087 55 29 att
1000 2082 198 39 framdeles,
1217 2082 89 33 efter
1324 2082 129 41 förslag
1471 2095 45 20 av
1536 2095 57 20 ve-

102 2129 218 34 derbörande
342 2127 484 42 universitetsmyndigheter,
848 2127 133 33 fördela
1003 2127 176 41 beloppet.
1200 2126 67 41 Jag
1287 2126 208 33 förutsätter
1515 2126 79 33 där-

104 2173 61 33 vid
191 2173 161 40 givetvis,
379 2177 55 29 att
458 2172 42 33 de
526 2172 165 33 ändamål
717 2172 10 32 i
754 2171 111 33 första
891 2171 94 33 hand
1011 2170 213 42 tillgodoses,
1249 2183 75 20 som
1350 2171 59 32 må
1434 2169 160 33 befinnas

103 2217 229 41 angelägnast
352 2229 78 20 men
452 2221 54 28 att
524 2216 139 41 hänsyn
684 2219 88 29 även
793 2220 98 36 tages
911 2215 52 32 till
983 2214 309 41 nödvändigheten
1315 2227 44 19 av
1379 2218 55 28 att
1453 2214 9 32 i
1482 2226 111 20 nuva-

104 2261 108 33 rande
233 2261 85 48 läge
328 2260 189 32 inskränka
538 2260 175 40 importen
733 2259 52 32 till
806 2259 60 32 det
886 2258 130 33 minsta
1036 2258 154 41 möjliga.

149 2305 67 40 Jag
233 2304 85 33 vill
313 2296 18 53 i
339 2304 99 32 detta
455 2303 281 40 sammanhang
740 2305 78 30 även
838 2302 196 39 framhålla,
1053 2306 55 28 att
1127 2301 116 33 därest
1261 2300 202 42 ytterligare
1481 2300 112 33 medel

103 2348 144 33 komma
271 2352 55 28 att
351 2347 101 33 äskas
477 2346 185 33 framdeles
686 2346 53 33 för
762 2345 205 50 utrustning
990 2357 49 41 av
1060 2344 215 42 pediatriska
1299 2344 166 39 kliniken,
1489 2344 105 33 fram-

104 2391 209 52 ställningen
333 2391 64 32 bör
414 2390 141 41 åtföljas
574 2403 45 20 av
637 2390 142 41 uppgift
795 2402 58 20 om
873 2389 7 32 i
900 2389 68 33 vad
987 2389 82 32 mån
1089 2388 66 33 den
1174 2388 155 33 avsedda
1347 2387 245 42 utrustningen

105 2439 38 29 är
163 2435 131 34 avsedd
315 2440 56 28 att
391 2434 182 34 användas
593 2434 126 33 enbart
739 2433 53 33 för
813 2432 252 41 undervisning
1084 2432 65 33 och
1169 2431 191 42 forskning.
