1888 2796
285 153 41 30 64
734 153 290 36 Statsutskottets
1037 155 184 36 utlåtande
1234 169 41 21 nr
1288 160 34 32 8.

336 231 114 41 173:0)
480 231 140 43 Bidrag
637 233 59 33 till
713 233 220 35 fackskolan
950 235 59 34 för
1025 236 125 42 huslig
1166 237 168 34 ekonomi
1351 239 13 32 i
1382 239 179 41 Uppsala.
1589 240 18 32 I
1624 240 152 42 enlighet

289 283 79 33 med
389 283 133 43 Kungl.
543 284 127 43 Maj:ts
693 285 128 43 förslag
844 287 133 42 (punkt
999 291 75 38 187,
1095 301 27 21 s.
1145 292 65 31 206
1233 290 65 33 och
1320 291 95 41 207),
1437 291 109 34 vilket
1567 292 147 34 innebär
1733 306 42 21 en

289 336 284 43 anslagshöjning
591 338 82 34 med
697 342 40 29 14
752 343 64 30 700
836 340 141 40 kronor,
997 341 202 34 hemställer
1218 343 190 41 utskottet,

653 397 55 28 att
735 392 186 43 riksdagen
947 395 57 33 må
1031 394 51 33 till
1110 395 131 42 Bidrag
1269 396 52 34 till
1347 397 208 41 fackskolan
1579 399 56 41 för
1663 399 111 42 huslig

605 445 164 34 ekonomi
789 447 11 32 i
826 447 155 41 Uppsala
1003 448 53 33 för
1078 448 210 42 budgetåret
1314 450 156 42 1949/50
1495 452 122 34 anvisa
1639 457 53 29 ett
1715 465 58 21 an-

604 499 75 41 slag
699 511 45 21 av
765 502 62 31 140
844 503 65 31 000
928 500 139 35 kronor.

334 612 113 42 174:0)
476 613 213 34 Understöd
707 615 57 33 till
780 615 368 43 utbildningskurser
1165 618 61 33 för
1243 619 211 33 lärarinnor
1472 620 12 33 i
1501 620 272 43 hushållsgöro-

285 663 84 34 mål.
394 665 18 32 I
427 665 152 42 enlighet
593 667 82 33 med
690 667 131 43 Kungl.
835 668 129 42 Maj:ts
980 668 128 43 förslag
1125 670 132 42 (punkt
1273 674 75 37 188,
1363 684 27 21 s.
1405 675 66 31 207
1486 672 66 34 och
1567 673 95 42 208),
1676 674 94 33 inne-

286 716 154 35 bärande
467 730 43 21 en
535 718 92 34 ökad
655 720 320 44 medelsanvisning
999 722 52 33 till
1078 722 268 43 ifrågavarande
1374 725 165 33 ändamål
1566 726 80 33 med
1673 730 20 30 8
1708 730 62 30 100

284 769 139 41 kronor,
440 770 201 35 hemställer
656 773 190 40 utskottet,

649 830 55 29 att
723 825 185 43 riksdagen
927 829 58 32 må
1002 829 114 33 såsom
1139 829 200 35 Understöd
1358 830 54 34 till
1431 831 341 42 utbildningskurser

601 879 57 41 för
674 880 193 33 lärarinnor
882 881 12 33 i
909 881 313 42 hushållsgöromål
1238 882 54 34 för
1309 884 210 41 budgetåret
1539 885 154 43 1949/50
1712 899 58 21 an-

603 932 75 34 visa
708 937 52 29 ett
786 934 121 42 anslag
934 947 45 21 av
1009 938 40 30 18
1064 938 64 31 900
1154 936 141 34 kronor.

331 1035 114 43 173:o)
475 1036 161 36 Särskilt
665 1039 219 43 lönetillägg
913 1040 39 34 åt
980 1042 121 34 lärare
1129 1043 64 33 vid
1224 1043 348 35 statsunderstödda
1601 1045 169 33 enskilda

283 1087 273 36 läroanstalter.
589 1091 18 32 I
630 1091 154 42 enlighet
806 1093 80 33 med
909 1094 131 42 Kungl.
1063 1094 129 43 Maj:ts
1216 1095 129 43 förslag
1370 1096 132 42 (punkt
1527 1100 75 37 189,
1625 1110 27 22 s.
1676 1098 94 41 208),

283 1140 107 34 vilket
412 1141 146 35 innebär
578 1156 44 21 en
643 1145 287 43 anslagshöjning
951 1147 80 33 med
1052 1151 43 30 67
1109 1151 66 30 000
1197 1148 139 41 kronor,
1357 1148 203 35 hemställer
1580 1150 189 39 utskottet,

647 1204 55 28 att
730 1199 183 42 riksdagen
941 1201 58 32 må
1024 1201 52 33 till
1103 1200 149 35 Särskilt
1280 1201 199 43 lönetillägg
1509 1203 37 34 åt
1572 1203 111 34 lärare
1709 1204 61 33 vid

600 1253 335 34 statsunderstödda
978 1253 157 34 enskilda
1177 1255 247 33 läroanstalter
1464 1256 53 33 för
1559 1256 209 42 budgetåret

603 1305 155 42 1949/530
777 1306 122 34 anvisa
915 1311 55 29 ett
987 1307 268 43 förslagsanslag
1273 1321 44 21 av
1336 1312 66 30 475
1416 1312 67 30 000
1500 1309 139 34 kronor.

329 1411 113 41 176:0)
471 1411 388 35 Läroboksnämnden.
889 1413 18 33 I
925 1413 152 42 enlighet
1094 1414 81 34 med
1194 1414 131 42 Kungl.
1343 1414 129 43 Maj:ts
1490 1415 128 43 förslag
1639 1416 129 42 (punkt

283 1466 75 37 190,
373 1476 26 20 s.
417 1464 95 41 208),
528 1464 109 34 vilket
652 1465 146 33 innebär
812 1465 195 35 anvisande
1020 1479 45 21 av
1080 1479 136 21 samma
1231 1467 268 43 anslagsbelopp
1514 1480 75 21 som
1603 1468 55 34 för
1672 1469 95 33 inne-

280 1516 155 33 varande
455 1516 183 42 budgetår,
657 1517 201 34 hemställer
876 1518 190 41 utskottet,

643 1575 56 29 att
725 1571 184 42 riksdagen
933 1573 59 32 må
1017 1572 51 32 till
1091 1572 362 35 Läroboksnämnden
1477 1573 54 34 för
1556 1575 209 41 budgetåret

599 1624 155 41 1949/50
773 1624 123 34 anvisa
914 1630 52 28 ett
982 1625 268 42 förslagsanslag
1266 1639 45 20 av
1328 1630 40 29 31
1386 1630 65 30 000
1468 1627 140 34 kronor.

324 1728 113 42 177:0)
469 1729 338 35 Centralnämnden
829 1731 61 33 för
913 1731 414 43 skolungdomsutbytet
1348 1734 84 32 med
1454 1733 180 35 utlandet.
1668 1735 18 32 I
1708 1747 57 21 en-

278 1781 107 42 lighet
404 1782 82 33 med
505 1782 131 42 Kungl.
657 1783 127 42 Maj:ts
806 1783 131 43 förslag
959 1784 129 42 (punkt
1111 1788 76 38 191,
1207 1797 27 22 s.
1255 1786 94 41 209),
1370 1786 111 34 vilket
1501 1786 147 34 innebär
1667 1787 97 34 anvi-

277 1834 107 33 sande
407 1847 47 21 av
476 1847 134 22 samma
633 1836 268 43 anslagsbelopp
924 1849 77 21 som
1022 1837 53 33 för
1097 1837 238 35 innevarande
1358 1838 184 43 budgetår,
1564 1839 201 34 hemställer

277 1887 189 40 utskottet,

641 1946 55 29 att
717 1942 186 42 riksdagen
924 1944 57 32 må
1004 1943 50 33 till
1078 1943 325 34 Centralnämnden
1423 1945 56 40 för
1498 1945 265 41 skolungdoms-

593 1994 148 42 utbytet
765 1996 82 32 med
872 1995 164 34 utlandet
1060 1995 54 34 för
1139 1996 210 42 budgetåret
1379 1997 154 42 1949/50
1560 1998 123 34 anvisa
1710 2003 52 29 ett

594 2047 268 43 förslagsanslag
882 2061 45 21 av
949 2052 40 30 15
1004 2053 64 29 000
1087 2049 141 34 kronor.

323 2152 113 42 178:0)
466 2153 407 42 Intagningsnämnder
899 2155 66 33 vid
990 2155 99 33 vissa
1115 2155 188 34 allmänna
1329 2157 173 33 läroverk
1527 2168 47 22 m.
1601 2157 43 34 fl.
1669 2159 92 32 läro-

275 2206 193 33 anstalter.
497 2206 17 32 I
532 2206 153 42 enlighet
703 2206 81 34 med
800 2207 133 42 Kungl.
951 2207 127 42 Maj:ts
1097 2207 131 43 förslag
1248 2209 130 41 (punkt
1398 2212 75 37 192,
1491 2222 26 21 s.
1537 2210 94 41 209),
1650 2210 110 34 vilket

274 2257 145 34 innebär
438 2258 191 34 anvisande
649 2272 46 20 av
714 2272 133 21 samma
867 2260 268 42 anslagsbelopp
1154 2273 77 21 som
1248 2260 54 34 för
1320 2261 237 34 innevarande
1577 2262 183 43 budgetår,

274 2310 201 34 hemställer
493 2311 189 41 utskottet,

638 2369 55 29 att
718 2364 184 43 riksdagen
928 2366 58 33 må
1012 2365 51 33 till
1087 2365 383 42 Intagningsnämnder
1494 2367 61 34 vid
1581 2367 94 35 vissa
1700 2368 60 33 all-

591 2420 132 31 männa
742 2418 161 34 läroverk
919 2431 47 20 m.
982 2418 37 41 fl.
1039 2419 246 33 läroanstalter
1301 2419 54 33 för
1373 2420 209 42 budgetåret
1604 2420 154 42 1949/50

591 2471 124 33 anvisa
735 2476 53 29 ett
805 2471 268 42 förslagsanslag
1093 2484 44 21 av
1158 2476 19 29 2
1194 2476 63 30 000
1277 2473 141 33 kronor.
