2214 2630
718 151 343 32 Jordbruksutskottets
1085 152 164 32 utlåtande
1273 153 52 31 Nr
1349 154 50 29 14.
1791 154 19 30 3

256 239 79 23 mer
376 232 46 30 än
466 229 163 46 500,000
672 229 147 36 kronor.
876 229 264 49 Utredningen
1168 231 11 35 i
1207 230 158 36 ärendet
1406 243 68 36 ger
1515 230 62 36 vid
1619 231 153 36 handen
1801 238 53 30 att

255 277 120 36 medel
418 279 57 35 för
516 279 289 48 ifrågavarande
846 281 174 36 ändamål
1061 283 58 34 för
1162 285 39 32 år
1245 283 97 35 1918
1380 282 169 36 kommer
1582 288 54 30 att
1664 283 188 36 erfordras

255 328 56 36 till
352 330 197 36 enahanda
578 331 148 49 belopp,
760 345 80 23 som
869 333 99 35 visat
992 333 62 48 sig
1082 332 199 49 behövligt
1310 333 57 36 för
1395 336 40 33 år
1465 335 108 34 1917.
1629 334 138 48 Någon
1795 335 57 35 in-

254 380 198 49 vändning
479 382 107 36 torde
615 383 157 36 sålunda
799 383 81 37 icke
909 384 128 36 kunna
1056 389 114 44 göras
1191 391 79 30 mot
1289 384 189 37 storleken
1497 400 46 22 av
1563 385 63 36 det
1645 399 48 22 av
1714 386 137 49 Kungl.

255 432 107 48 Maj:t
405 433 57 35 för
503 435 264 35 ovannämnda
796 434 95 36 båda
926 438 41 32 år
995 436 57 35 för
1080 436 214 36 ändamålet
1322 437 122 47 ifråga
1471 436 168 49 begärda
1668 438 184 47 anslaget,

256 486 41 33 så
342 484 151 49 mycket
539 485 145 36 mindre
730 499 79 22 som
856 499 45 22 av
946 487 139 47 Kungl.
1129 487 105 48 Maj:t
1275 488 116 35 under
1431 490 40 33 år
1515 490 97 33 1916
1655 488 199 36 utfärdade

255 548 88 35 nya,
372 535 12 35 i
412 536 101 35 vissa
555 537 211 35 avseenden
808 537 206 48 lindrigare
1057 538 280 36 bestämmelser
1379 539 193 48 angående
1607 539 135 46 bidrag
1771 540 83 35 från

255 586 264 36 ovannämnda
547 587 133 49 anslag
708 588 121 48 enligt
847 588 72 36 vad
940 588 416 49 departementschefen
1377 590 203 36 frambållit
1600 590 107 36 torde
1726 590 128 36 kunna

254 644 162 41 antagas
443 638 180 47 medföra,
653 645 54 30 att
735 639 63 36 det
827 640 188 36 allmänna
1043 640 417 49 avdikningsanslaget,
1490 654 79 23 som
1599 641 136 36 hittills
1760 641 95 37 blott

255 688 58 36 till
341 702 46 23 en
416 689 146 37 mindre
590 689 58 37 del
677 695 172 42 använts,
881 691 70 36 blir
978 693 12 34 i
1019 691 97 36 ökad
1146 694 86 34 mån
1262 698 104 42 taget
1393 693 11 35 i
1434 693 174 49 anspråk.

383 741 193 37 Utskottet
604 741 216 37 hemställer
848 743 254 48 följaktligen,

784 834 56 30 att
879 829 209 49 riksdagen
1116 832 61 33 må
1206 830 58 36 för
1292 830 235 37 anställande
1556 843 46 23 av
1630 830 223 50 ytterligare

653 880 370 47 ingenjörsbiträden
1054 881 70 36 hos
1153 881 387 49 lantbruksstyrelsen
1567 884 49 46 på
1644 889 107 30 extra
1778 888 76 31 stat

655 931 59 35 för
754 936 41 31 är
839 933 96 34 1918
979 933 130 35 anvisa
1147 938 52 30 ett
1227 933 312 49 förslagsanslag,
1570 934 117 48 högst
1717 935 136 46 15,000

655 982 148 48 kronor,
832 987 180 32 ävensom
1040 984 191 48 medgiva,
1263 989 55 31 att
1344 984 141 49 Kungl.
1514 985 108 48 Maj:t
1650 988 62 33 må
1739 985 115 37 härav

653 1034 120 37 under
813 1037 40 33 år
890 1036 94 35 1917
1015 1035 75 36 låta
1118 1049 47 22 av
1192 1035 244 49 tillgängliga
1464 1036 120 37 medel
1614 1037 240 36 förskottsvis

653 1086 211 36 utanordna
891 1087 99 35 intill
1020 1088 112 46 5,000
1160 1087 150 37 kronor.

383 1256 74 49 4:0)
492 1257 129 37 Under
649 1258 123 49 punkt
798 1261 23 34 4
850 1259 68 36 har
945 1259 142 48 Kungl.
1119 1259 106 49 Maj:t
1253 1259 197 50 föreslagit
1477 1261 204 48 riksdagen
1710 1267 56 31 att
1795 1262 57 36 för
1872 1278 79 24 Ezra
1973 1279 107 23 biräden

253 1313 107 32 extra
401 1308 169 37 biträden
612 1310 69 36 hos
723 1310 386 50 lantbruksstyrelsen
1151 1325 47 22 m.
1230 1325 49 22 m.
1310 1314 20 33 å
1358 1318 104 30 extra
1490 1318 76 30 stat
1594 1313 59 36 för
1682 1316 40 33 år
1754 1315 96 35 1918
1873 1313 51 58 108
1925 1313 146 59 vantörukar

253 1361 132 36 anvisa
426 1366 53 31 ett
520 1361 312 49 förslagsanslag,
873 1362 117 48 högst
1028 1364 137 43 13,675
1194 1362 150 48 kronor,
1373 1368 176 32 ävensom
1579 1365 190 47 medgiva,
1800 1371 54 30 att
1893 1356 31 68 I
2020 1365 16 58 4
2070 1365 10 67 )

254 1412 140 48 Kungl.
437 1412 107 49 Maj:t
577 1417 61 32 må
664 1413 120 36 under
812 1417 41 33 år
883 1416 95 34 1917
1009 1414 76 36 låta
1114 1414 242 37 förskottsvis
1385 1429 45 22 av
1457 1415 246 50 tillgängliga
1731 1417 123 36 medel
1926 1407 93 75 14]
2031 1408 37 22 ”

254 1465 117 35 härav
398 1464 213 36 utanordna
641 1467 111 45 1,575
781 1465 146 37 kronor.
1990 1465 6 5 |

382 1515 263 50 Utredningen
684 1517 13 35 i
734 1517 154 37 ärendet
929 1517 204 37 återfinnes
1175 1520 21 34 å
1224 1518 67 37 sid.
1325 1520 148 35 10—14
1501 1520 12 35 i
1542 1520 311 49 statsrådsproto-

253 1568 128 36 kollet.

382 1620 15 35 I
428 1619 405 50 lantbruksstyrelsens
861 1626 76 31 stat
964 1622 121 36 finnes
1113 1627 197 43 upptagen
1338 1635 46 23 en
1415 1624 240 48 anslagspost
1675 1627 21 33 å
1717 1625 136 46 19,000

253 1671 142 36 kronor
438 1672 57 36 till
540 1672 117 36 andra
702 1677 106 32 extra
852 1673 171 37 biträden
1068 1679 49 30 än
1162 1674 372 48 ingenjörsbiträden
1575 1680 180 32 ävensom
1796 1676 59 36 till

254 1723 396 49 vikariatsersättning
690 1724 70 36 och
802 1737 195 36 expenser.
1053 1725 103 36 Enär
1188 1725 102 36 detta
1318 1727 133 47 anslag
1477 1726 160 37 befanns
1666 1728 189 36 otillräck-

251 1775 84 49 ligt,
377 1775 136 49 gjorde
539 1775 386 49 lantbruksstyrelsen
953 1777 11 36 i
994 1777 183 36 skrivelse
1206 1777 73 36 den
1308 1779 48 34 20
1386 1778 197 37 december
1613 1781 97 34 1915
1740 1779 114 36 fram-

255 1827 184 48 ställning
479 1839 58 24 om
579 1827 213 37 beredande
828 1842 47 22 av
914 1828 121 37 ökade
1063 1829 119 36 medel
1214 1829 59 36 för
1300 1829 46 36 de
1375 1830 87 36 med
1491 1831 173 47 anslaget
1692 1831 162 36 avsedda

252 1878 184 37 ändamål.
483 1878 53 37 På
563 1879 438 48 departementschefens
1030 1881 227 36 hemställan
1281 1881 167 49 föreslog
1467 1882 139 48 Kungl.
1627 1882 108 50 Maj:t
1757 1884 95 35 1916

253 1933 60 33 års
337 1931 157 48 riksdag
512 1936 55 31 att
585 1930 58 37 för
662 1940 105 28 extra
788 1931 171 37 biträden
977 1932 70 37 hos
1067 1932 387 50 lantbruksstyrelsen
1473 1947 48 23 m.
1543 1948 48 22 m.
1614 1937 20 33 å
1654 1940 106 31 extra
1779 1940 75 31 stat

252 1982 59 37 för
351 1985 39 33 år
429 1984 95 35 1917
560 1982 131 37 anvisa
719 1988 54 32 ett
800 1984 134 48 anslag
962 1998 47 22 av
1040 1986 137 40 17,500
1204 1985 142 36 kronor
1373 1990 179 32 ävensom
1581 1986 188 48 medgiva,
1799 1992 56 31 att

252 2034 116 36 härav
394 2034 104 48 finge
525 2035 119 36 under
672 2037 40 34 år
742 2037 96 34 1916
868 2036 242 37 förskottsvis
1138 2037 233 36 utanordnas
1401 2039 110 45 7,500
1541 2038 148 36 kronor.
1742 2038 112 37 Detta

252 2086 144 48 förslag
424 2086 126 37 bifölls
579 2100 46 23 av
651 2087 216 48 riksdagen.

381 2137 73 37 Det
495 2139 158 36 sålunda
695 2139 177 36 anvisade
914 2140 173 48 anslaget
1129 2140 67 36 har
1242 2141 98 35 varit
1385 2146 122 31 avsett
1553 2146 55 31 att
1653 2141 201 49 tillgodose

254 2189 166 49 följande
450 2190 158 48 utgifter
635 2191 59 36 för
722 2193 39 34 år
788 2191 149 36 räknat:
