2212 2626
173 239 159 31 Trädgårds-

184 274 73 24 skola
274 275 44 23 vid

179 309 147 24 lantbrulks-

172 344 165 24 akademiens

151 378 198 31 experimenial-

224 414 59 30 fält.

186 466 135 29 (ordinarie

203 500 103 31 anslag.)

225 535 66 50 18]

418 144 18 30 8
837 141 343 32 Jordbruksutskottets
1203 139 164 32 utlåtande
1391 140 50 32 Nr
1466 140 51 31 14.

505 220 73 49 8:0)
616 221 129 37 Under
773 220 121 50 punkt
923 222 22 34 8
974 219 68 36 har
1069 218 142 48 Kungl.
1241 217 108 48 Maj:t
1377 217 195 49 föreslagit
1598 216 206 48 riksdagen
1833 222 54 31 att
1914 216 59 36 för

375 272 212 38 beredande
628 287 47 22 av
716 272 233 47 statsbidrag
989 270 86 36 med
1114 271 138 46 12,000
1280 269 139 36 kronor
1446 270 57 35 till
1531 268 442 38 lantbruksakademiens

375 323 308 48 trädgårdsskola
712 327 21 33 å
762 322 394 50 Experimentalfältet
1196 321 90 48 höja
1327 320 61 36 det
1428 321 119 36 under
1587 320 188 38 ordinarie
1804 321 170 48 anslags-

376 376 108 36 titeln
514 374 501 50 »undervisningsanstalter
1042 374 58 35 för
1123 372 186 50 jordbruk
1337 372 68 36 och
1433 372 423 46 lantmannanäringar»
1878 385 95 35 upp-

375 433 119 43 tagna
523 428 134 47 anslag
684 428 57 36 till
765 425 524 50 trädgårdsundervisningen
1310 424 81 35 från
1411 425 138 45 36,800
1571 425 138 36 kronor
1728 422 85 37 med
1838 424 135 45 12,000

376 479 140 36 kronor
543 480 53 35 till
627 480 139 43 48,800
795 479 147 35 kronor.

505 531 18 35 I
552 531 71 35 den
652 531 60 36 del
741 544 46 22 av
815 531 71 35 den
915 532 21 33 å
964 528 185 37 ordinarie
1173 532 77 32 stat
1267 527 120 36 under
1405 527 124 36 denna
1547 527 212 36 buvudtitel
1777 530 198 45 upptagna

378 583 262 48 anslagstiteln
660 581 496 48 »undervisningsanstalter
1174 580 61 35 för
1251 578 184 49 jordbruk
1455 578 71 36 och
1541 578 432 48 lantmannanäringar»,

379 648 79 23 som
501 639 41 31 är
574 648 46 22 av
648 634 163 36 bestämt
839 633 151 47 anslags
1019 637 121 39 natur,
1170 631 112 48 ingår
1311 635 53 31 ett
1392 630 136 48 anslag
1555 630 55 35 till
1639 629 335 49 trädgårdsunder-

377 687 204 48 visningen
610 688 20 33 å
659 687 140 44 36,800
827 685 151 36 kronor.
1034 684 58 35 Av
1121 683 103 36 detta
1252 683 134 46 anslag
1413 686 64 31 äro
1506 682 113 45 4,800
1647 681 141 36 kronor
1812 680 164 37 avsedda

378 739 58 35 till
476 738 85 49 fyra
590 737 292 49 resestipendier
911 736 57 36 för
995 734 389 49 trädgårdsskötselns
1413 732 238 47 studerande,
1680 733 123 35 under
1830 733 63 35 det
1921 737 55 31 att

379 790 213 36 återstoden
618 792 113 46 utgår
760 791 123 34 såsom
912 787 232 47 statsbidrag
1171 786 58 36 till
1257 790 58 31 tre
1339 784 340 49 trädgårdsskolor,
1701 784 115 36 därav
1839 785 136 45 12,000

380 843 140 35 kronor
549 842 54 35 till
630 841 158 36 vardera
816 853 45 22 av
881 839 134 50 skolan
1034 838 63 36 vid
1118 838 144 48 Alnarp
1282 837 68 36 och
1370 851 46 22 en
1437 836 107 37 skola
1563 837 12 34 i
1595 836 191 36 mellersta
1806 834 169 49 Sverige,

379 907 51 22 nu
472 893 147 48 förlagd
647 893 57 35 till
734 892 183 36 Adelsnäs
946 891 12 35 i
987 889 293 43 Östergötlands
1307 890 74 45 län,
1410 893 97 31 samt
1536 889 111 45 8,000
1676 887 140 36 kronor
1843 886 57 36 till
1929 900 47 22 en

381 944 106 37 skola
515 945 12 35 i
555 957 112 23 norra
697 943 167 49 Sverige,
893 956 50 22 nu
972 941 149 49 förlagd
1149 941 57 36 till
1234 940 236 36 Härnösand.

509 996 132 36 Denna
683 995 261 49 organisation
986 993 269 49 genomfördes
1296 995 48 46 på
1384 991 142 48 Kungl.
1569 991 129 48 Maj:ts
1740 990 145 47 förslag
1913 989 63 36 vid

385 1050 94 35 1909
522 1050 59 34 års
621 1047 156 47 riksdag
811 1047 68 35 och
909 1046 68 35 har
1005 1045 162 36 därefter
1194 1045 32 46 ej
1257 1044 204 47 undergått
1490 1056 123 22 annan
1641 1042 175 47 ändring,
1845 1047 48 30 än
1921 1046 56 31 att

381 1099 272 49 statsbidraget
693 1099 58 35 till
792 1098 130 35 skolan
950 1098 12 35 i
990 1097 188 36 mellersta
1221 1095 159 48 Sverige
1407 1095 111 36 blivit
1545 1095 82 47 höjt
1654 1094 85 35 från
1768 1106 208 35 ursprung-

381 1152 104 48 ligen
517 1152 134 47 10,000
679 1151 141 35 kronor
848 1150 54 35 till
931 1150 66 35 sitt
1024 1148 217 36 nuvarande
1269 1148 148 48 belopp,
1450 1147 136 46 12,000
1615 1146 149 35 kronor.

512 1201 402 49 Lantbruksstyrelsen
957 1200 155 37 anförde
1138 1200 12 35 i
1178 1199 193 36 utlåtande
1412 1198 74 36 den
1522 1199 44 34 16
1596 1197 158 36 oktober
1785 1198 108 45 1908,
1924 1201 55 31 att

383 1256 74 35 fem
491 1255 127 36 skolor
646 1255 60 35 för
734 1254 74 35 den
835 1254 105 47 lägre
969 1251 522 49 trädgårdsundervisningen
1520 1255 130 43 syntes
1678 1249 202 48 behövliga
1907 1248 71 36 och

383 1308 115 36 borde
539 1306 194 48 förläggas
761 1305 13 35 i
802 1305 100 35 olika
939 1304 103 36 delar
1071 1317 46 22 av
1144 1303 139 44 landet,
1312 1303 191 47 nämligen
1532 1314 45 23 en
1604 1301 65 35 vid
1698 1301 154 47 Alnarp,
1882 1305 56 30 tre
1965 1300 13 34 i

384 1359 188 36 mellersta
612 1357 168 48 Sverige,
821 1369 116 23 varav
979 1368 46 23 en
1059 1356 12 35 i
1105 1354 403 45 Stockholmstrakten,
1551 1353 71 36 och
1663 1365 46 23 en
1737 1352 12 35 i
1777 1351 200 36 Norrland.

384 1411 56 35 Då
469 1409 204 38 emellertid
698 1409 110 48 fråga
827 1410 167 47 uppstått
1013 1420 61 23 om
1094 1406 252 49 upprättande
1366 1405 121 48 enligt
1506 1418 142 22 samma
1667 1403 311 48 huvudgrunder,

385 1475 80 24 som
494 1462 187 48 styrelsen
709 1463 142 45 ansåge
882 1460 88 35 böra
999 1459 187 47 tillämpas
1213 1458 65 35 vid
1306 1457 132 48 övriga
1466 1456 138 46 skolor,
1635 1469 46 23 av
1701 1468 48 23 en
1768 1454 211 49 trädgårds-

385 1514 106 36 skola
511 1513 63 36 vid
589 1511 441 38 lantbruksakademiens
1045 1509 351 50 experimentalfält,
1414 1509 91 35 fann
1520 1508 61 48 sig
1594 1506 386 48 lantbruksstyrelsen

386 1566 57 36 för
471 1566 64 35 det
561 1564 214 36 dåvarande
802 1563 91 37 böra
921 1563 138 35 föreslå
1087 1561 268 49 upprättandet
1383 1574 46 22 av
1457 1560 159 35 allenast
1643 1559 85 49 fyra
1756 1559 137 35 skolor.

515 1615 441 37 Lantbruksakademien
998 1613 155 37 anförde
1180 1613 13 35 i
1221 1613 181 36 skrivelse
1444 1612 72 36 den
1561 1613 43 34 16
1634 1610 204 37 november
1869 1611 110 45 1903,

388 1675 55 30 att
485 1668 231 46 akademien,
759 1680 81 22 som
882 1665 147 37 erhållit
1057 1665 213 36 kännedom
1300 1677 59 23 om
1388 1662 405 49 lantbruksstyrelsens
1822 1661 157 48 förslag,

387 1721 83 35 låtit
489 1720 227 46 undersöka,
737 1718 186 36 buruvida
936 1717 177 49 jordmån
1132 1717 70 35 och
1223 1716 133 47 övriga
1375 1715 260 36 förhållanden
1652 1716 20 33 å
1688 1713 293 49 Experimental-

388 1773 105 35 fältet
534 1784 88 24 vore
662 1770 183 50 lämpliga
886 1770 58 35 för
986 1768 251 49 förläggande
1279 1767 54 36 dit
1369 1781 46 22 av
1443 1780 46 23 en
1518 1766 58 35 för
1602 1766 198 35 mellersta:
1821 1764 160 48 Sverige

389 1823 137 37 avsedd
565 1828 120 31 större
713 1821 319 48 trädgårdsskola.
1088 1821 57 35 Då
1173 1820 125 35 denna
1324 1819 283 47 undersökning
1634 1818 143 35 lämnat
1803 1816 179 35 tillfreds-

388 1875 182 37 ställande
611 1874 170 43 resultat,
823 1872 221 37 hemställde
1085 1871 220 37 akademien
1333 1884 60 23 om
1423 1870 133 48 anslag
1582 1869 58 36 till
1668 1882 47 22 en
1743 1867 106 49 dylik
1876 1867 106 36 skola

388 1929 12 34 i
428 1927 168 48 enlighet
638 1926 84 36 med
764 1925 45 36 de
837 1938 46 23 av
910 1923 384 49 lantbruksstyrelsen
1322 1923 215 46 föreslagna
1564 1919 307 49 huvudgrunder,
1900 1932 81 23 som

390 1984 128 43 syntes
559 1977 222 37 akademien
809 1977 12 35 i
849 1976 199 36 huvudsak
1084 1975 60 36 väl
1173 1974 185 48 avvägda.
1414 1973 129 37 Såsom
1573 1972 197 48 årsanslag
1798 1970 185 49 begärdes

393 2032 135 46 10,000
571 2030 138 36 kronor
737 2029 12 35 i
777 2028 118 36 likhet
935 2027 85 37 med
1061 2026 72 37 vad
1176 2039 81 23 som
1300 2026 215 47 föreslagits
1558 2025 57 35 för
1656 2023 133 48 övriga
1817 2022 166 36 skolor
1961 2018 24 64 i

390 2082 190 36 mellersta
609 2080 170 48 Sverige.
823 2079 367 49 Byggnadsarbeten
1220 2078 70 36 och
1309 2075 496 48 inventarieanskaffningar
1823 2073 161 36 krävdes

390 2135 58 34 för
488 2147 46 23 en
575 2132 163 37 kostnad
780 2145 46 22 av
869 2131 163 47 144,000
1073 2131 149 45 kronor,
1264 2142 116 23 varav
1408 2127 206 38 emellertid
1644 2126 221 36 akademien
1892 2137 91 24 vore

389 2185 108 48 villig
538 2190 55 31 att
629 2184 97 49 själv
754 2183 184 48 tillskjuta
968 2183 137 46 50,000
1134 2182 150 45 kronor,
1314 2184 39 33 så
1382 2186 52 30 att
1463 2181 137 46 94,000
1628 2178 139 37 kronor
1794 2177 190 37 behövdes

390 2252 47 22 av
466 2236 228 37 statsmedel.
