1898 2792
202 169 121 29 Andra
348 168 227 30 kammarens
601 168 180 30 allmänna
808 168 369 36 beredningsutskotts
1204 168 182 29 utlåtande
1412 177 42 20 nr
1480 167 51 30 17.
1605 167 19 30 3

119 258 151 31 skänkte
297 257 75 31 ofta
398 257 134 31 sådana
559 257 214 36 kunskaper,
802 266 75 20 som
906 257 119 30 kunde
1051 257 45 30 ha
1123 256 116 31 direkt
1265 256 177 37 betydelse
1471 256 56 29 för
1553 255 66 29 den

119 311 253 37 värnpliktiges
393 311 103 30 civila
514 310 96 37 yrke.
632 310 183 37 Synnerlig
835 310 76 30 vikt
930 310 108 31 borde
1059 309 112 31 fästas
1192 309 133 35 därvid,
1347 312 52 28 att
1419 310 52 30 till
1492 308 127 30 befäls-

119 365 200 36 utbildning
344 365 119 36 uttogs
490 365 10 29 i
526 366 90 29 stort
640 366 68 29 sett
734 364 106 30 eliten
866 373 43 21 av
934 364 129 30 svensk
1089 363 132 38 manlig
1248 363 166 37 ungdom.
1440 362 178 30 Utskottet

120 418 87 30 fann
224 418 58 30 det
297 417 122 30 därför
434 417 89 31 både
539 418 131 37 rimligt
686 418 66 29 och
769 417 131 38 riktigt,
919 419 51 29 att
985 426 83 21 man
1085 417 106 30 såvitt
1207 417 141 37 möjligt
1364 418 99 29 sökte
1479 417 141 30 neutra-

119 471 105 30 lisera
248 471 83 30 eller
353 471 130 30 mildra
506 471 177 37 följderna
708 480 41 21 av
773 471 67 30 den
865 471 182 38 försening
1071 472 10 29 i
1106 471 99 37 fråga
1229 480 56 21 om
1311 470 201 38 utbildning
1536 469 83 31 eller

118 524 172 37 tjänstårs
312 524 220 38 intjänande,
554 534 74 21 som
651 533 124 29 genom
798 524 363 38 befälsutbildningen
1183 524 177 31 drabbade
1381 523 238 37 värnpliktiga

117 577 11 28 i
151 577 223 31 förhållande
396 578 53 30 till
470 578 90 35 dem,
582 587 78 21 som
683 578 76 31 icke
781 577 157 32 behövde
960 578 219 31 underkasta
1200 579 51 37 sig
1274 577 112 31 sådan
1408 577 210 36 utbildning.

117 629 190 36 Utskottet,
331 639 75 22 som
431 631 155 31 därefter
608 631 208 37 redogjorde
840 631 55 31 för
918 631 194 31 innehållet
1136 633 9 29 i
1168 631 162 37 gällande
1353 630 266 30 bestämmelser

117 693 57 20 om
196 685 298 37 tillgodoräkning
514 694 42 21 av
575 685 155 30 militära
750 685 153 35 meriter,
925 685 185 30 däribland
1134 684 84 30 1944
1238 685 57 30 års
1317 684 220 37 kungörelse,
1559 692 59 21 an-

118 738 109 35 förde,
256 740 51 29 att
334 739 117 29 denna
476 739 156 30 innehöll
660 739 73 30 dels
759 738 95 31 vissa
881 738 182 31 allmänna
1090 738 120 37 regler,
1239 738 378 33 rekommendationer,

112 798 57 20 om
187 791 51 28 att
253 790 361 37 befälsutbildningen
628 791 107 30 borde
751 791 145 30 beaktas
911 792 58 29 vid
986 792 216 37 anställning
1218 801 45 21 m.
1279 801 57 26 m.,
1354 792 73 30 dels
1443 793 66 29 ock
1523 793 95 29 vissa

118 844 233 36 föreskrifter,
369 855 78 20 som
467 846 384 37 statsmyndigheterna
869 846 115 30 skulle
1003 847 158 36 iakttaga
1180 847 10 29 i
1209 847 249 37 anställnings-
1478 848 66 29 och
1562 845 56 30 be-

117 900 346 37 fordringsärenden,
486 900 120 30 därvid
629 900 173 30 utskottet
822 900 225 35 underströk,
1070 902 51 28 att
1142 907 124 30 genom
1289 902 42 28 de
1352 900 150 31 sålunda
1523 900 94 29 med-

116 954 122 30 delade
266 953 272 31 föreskrifterna
565 955 130 28 avsetts
724 955 51 29 att
800 953 129 31 bereda
956 954 186 37 möjlighet
1170 953 54 30 för
1253 954 41 30 de
1321 952 296 31 befälsutbildade

117 1009 51 28 att
188 1007 133 30 erhålla
341 1007 271 37 kompensation
633 1007 55 30 för
709 1008 66 29 den
796 1007 182 38 försening
998 1007 226 30 beträffande
1243 1007 201 35 befordran,
1466 1016 75 21 som
1563 1006 53 29 be-

116 1060 317 37 fälsutbildningen
451 1060 211 30 förorsakat.
680 1061 65 30 Det
763 1070 42 21 av
823 1061 268 30 riksförbundet
1108 1061 163 36 påtalade
1289 1060 327 31 missförhållandet

116 1115 51 28 att
189 1114 95 29 olika
305 1114 370 37 beräkningsgrunder
697 1114 223 36 tillämpades
943 1115 11 29 i
977 1114 101 37 fråga
1098 1124 57 20 om
1179 1115 66 29 den
1267 1114 155 31 militära
1446 1114 170 37 tjänstgö-

115 1167 142 37 ringens
274 1167 213 30 meritvärde
504 1168 56 30 vid
580 1168 322 37 fackhögskolorna
918 1169 91 30 hade
1026 1169 91 29 varit
1136 1168 147 30 föremål
1303 1169 55 29 för
1376 1167 240 38 övervägande

116 1232 42 20 av
177 1223 374 36 utredningsmännen,
573 1231 75 21 som
669 1222 138 34 uttalat,
829 1224 51 28 att
901 1223 41 29 de
962 1222 77 29 icke
1060 1221 121 31 funnit
1200 1222 216 38 nödvändigt
1437 1224 51 28 att
1509 1222 106 29 fram-

115 1277 100 36 lägga
238 1276 105 37 något
367 1276 132 37 förslag
523 1277 10 28 i
556 1277 119 29 ämnet
698 1278 86 27 utan
809 1278 51 29 att
883 1277 58 29 det
964 1277 99 29 torde
1088 1276 35 30 få
1147 1276 191 30 ankomma
1362 1276 45 36 på
1430 1276 185 29 skolornas

115 1330 142 36 ledning
278 1332 51 27 att
349 1330 128 29 beakta
498 1331 115 29 denna
634 1330 73 30 sak,
730 1329 187 38 Enhetliga
936 1329 371 38 beräkningsgrunder
1328 1331 11 29 i
1361 1330 100 37 fråga
1482 1339 55 21 om
1559 1329 56 29 be-

115 1383 336 37 fälsutbildningens
470 1384 212 29 meritvärde
699 1384 107 30 borde
826 1384 144 30 komma
988 1384 53 30 till
1061 1384 226 37 användning
1306 1384 58 30 vid
1384 1383 230 31 studerandes

115 1436 137 30 inträde
276 1437 10 28 i
311 1437 248 29 läroanstalter
583 1438 65 28 och
672 1437 57 30 vid
754 1437 101 30 deras
880 1437 156 31 tillträde
1060 1438 52 29 till
1138 1437 94 30 olika
1257 1436 357 37 utbildningskurser,

115 1498 80 20 men
216 1490 57 28 det
292 1490 115 36 gällde
427 1490 121 30 därvid
569 1491 10 28 i
600 1489 113 30 första
732 1490 95 30 hand
848 1490 77 31 icke
946 1491 38 29 så
1004 1491 142 36 mycket
1167 1493 50 27 att
1236 1491 108 30 vinna
1365 1491 147 30 rättvisa
1531 1490 83 29 mel-

115 1543 58 29 lan
196 1543 156 29 sökande
374 1543 53 29 till
452 1543 95 30 olika
569 1544 91 37 slags
685 1543 119 30 skolor
827 1544 84 29 eller
933 1544 126 30 kurser
1083 1546 86 28 utan
1192 1545 131 29 mellan
1347 1544 87 31 flera
1459 1543 155 30 sökande

114 1596 52 29 till
194 1605 135 20 samma
357 1596 101 30 skola
484 1597 82 30 eller
593 1606 137 21 samma
756 1598 92 36 slags
876 1598 120 29 skolor
1023 1598 196 36 respektive
1246 1598 137 29 kurser.
1410 1599 67 29 Det
1502 1596 112 30 måste

114 1650 178 29 dessutom
315 1650 120 34 tillses,
456 1651 50 29 att
525 1650 361 38 befälsutbildningen
905 1652 77 30 icke
1002 1651 184 31 tillmättes
1207 1653 112 29 större
1339 1652 210 29 meritvärde
1570 1651 43 28 än

114 1713 76 20 som
209 1705 10 28 i
236 1705 98 36 varje
353 1705 145 29 särskilt
516 1705 60 30 fall
597 1705 118 30 kunde
731 1714 85 21 vara
834 1705 198 29 motiverat.
1050 1705 180 31 Utskottet
1249 1705 109 38 ansåg
1377 1707 10 28 i
1407 1706 110 30 likhet
1535 1704 78 29 med

114 1757 267 31 riksförbundet
404 1758 180 35 önskvärt,
608 1761 50 27 att
682 1759 186 30 rättvisare
891 1767 141 21 normer
1055 1759 45 36 på
1123 1759 160 30 området
1306 1759 118 29 kunde
1448 1758 165 29 utvinnas

113 1820 81 20 men
217 1811 216 36 ifrågasatte,
457 1811 176 31 huruvida
655 1813 57 29 det
735 1812 118 31 kunde
875 1822 85 20 vara
984 1812 160 37 lämpligt
1167 1814 50 29 att
1241 1813 94 30 detta
1360 1813 173 35 spörsmål
1556 1820 56 21 om

113 1864 276 36 genomförande
420 1874 42 20 av
490 1865 156 30 ändrade
673 1865 381 38 beräkningsgrunder,
1085 1866 152 30 avsedda
1267 1868 52 29 alt
1348 1866 178 36 tillämpas
1556 1865 55 28 vid

113 1917 231 29 studerandes
370 1917 154 30 tillträde
549 1918 52 29 till
626 1920 49 28 ett
700 1920 89 28 stort
813 1920 96 28 antal
935 1919 249 29 läroanstalter
1208 1920 65 28 och
1297 1919 57 30 vid
1381 1919 154 31 tillträde
1560 1918 51 30 till

115 1969 398 37 undervisningskurser
536 1971 94 29 inom
656 1971 115 30 skilda
794 1971 179 35 områden,
998 1972 196 36 reglerades
1218 1980 125 28 genom
1368 1971 245 37 författnings-

113 2021 276 31 bestämmelser.
408 2023 130 30 Genom
558 2025 40 29 de
617 2026 106 28 redan
744 2024 218 38 förefintliga
980 2025 314 31 bestämmelserna
1312 2036 57 19 om
1389 2025 224 37 tillgodoräk-

113 2075 84 37 ning
224 2085 42 19 av
292 2076 49 29 tid
370 2076 56 29 för
451 2076 314 39 befälsutbildning
793 2080 119 35 syntes
940 2080 41 28 de
1008 2079 87 29 krav
1123 2079 79 29 från
1230 2080 41 30 de
1298 2078 314 30 befälsutbildades

113 2131 86 34 sida,
220 2140 73 20 som
314 2131 147 36 tidigare
481 2132 114 29 ställts
615 2131 43 36 på
678 2131 287 34 statsmakterna,
986 2132 10 29 i
1016 2132 61 30 allt
1096 2132 187 36 väsentligt
1303 2133 45 29 ha
1370 2132 242 36 tillgodosctts.

112 2183 179 30 Utskottet
318 2184 109 37 ansåg
454 2184 51 37 sig
532 2185 86 28 även
647 2185 121 29 kunna
796 2185 78 29 dela
901 2184 279 31 lönenämndens
1209 2184 238 36 uppfattning,
1477 2187 51 28 att
1555 2184 57 29 det

113 2236 173 37 svårligen
310 2237 48 29 lät
381 2238 51 35 sig
454 2238 83 35 göra
559 2239 50 28 att
632 2237 34 29 få
691 2237 90 30 fram
805 2247 97 20 mera
924 2237 221 36 preciserade
1167 2238 265 30 bestämmelser
1455 2240 44 28 än
1523 2239 89 30 dem,

113 2298 74 19 som
213 2289 115 29 fanns.
351 2289 178 30 Ulskottet
554 2289 83 30 fann
662 2290 57 29 det
742 2289 121 30 därför
886 2290 80 36 föga
990 2290 189 35 sannolikt,
1205 2293 49 28 att
1276 2298 124 28 genom
1426 2301 41 20 en
1491 2301 46 28 ny
1560 2292 52 27 ut-

113 2342 146 35 redning
284 2342 114 29 skulle
424 2342 120 29 kunna
570 2343 165 29 utvinnas
761 2342 106 37 något
891 2344 122 28 utöver
1038 2345 65 28 vad
1131 2352 74 21 som
1233 2345 107 28 redan
1368 2344 244 29 framkommit

114 2395 6 28 i
144 2395 57 28 det
222 2394 38 29 år
285 2394 81 29 1943
389 2395 195 36 framlagda
606 2395 238 32 betänkandet
865 2397 65 28 och
952 2405 74 21 som
1050 2397 89 35 lagts
1161 2398 51 28 till
1234 2399 113 34 grund
1371 2398 56 29 för
1449 2397 83 30 1944
1554 2400 57 26 års

113 2447 218 35 kungörelse.
358 2447 178 30 Utskottet
562 2448 207 31 hemställde
796 2448 130 36 därför,
954 2451 51 29 att
1031 2449 179 31 motionen
1237 2451 75 30 icke
1340 2450 108 31 måtte
1475 2451 50 30 till
1553 2450 59 29 nä-

111 2508 65 28 gon
200 2501 109 29 andra
332 2501 223 29 kammarens
576 2501 121 36 åtgärd
721 2502 193 29 föranleda.
