1904 2802
568 168 272 29 Bankoutskottets
865 169 156 28 utlåtande
1045 170 44 28 Nr
1113 171 46 27 39.
1590 171 19 29 3

117 246 117 33 kunna
259 250 96 37 tagas
379 247 11 30 i
411 248 224 31 betraktande
658 248 57 31 vid
739 249 230 31 bedömandet
993 259 42 21 av
1059 259 42 21 en
1126 250 257 39 pensionsfråga
1408 261 41 21 av
1473 251 130 40 förelig-

115 292 111 37 gande
244 294 62 28 art.

160 336 13 30 I
194 337 91 30 detta
306 336 251 40 sammanhang
575 337 125 31 tillåter
720 337 49 39 sig
787 338 361 39 vattenfallsstyrelsen
1167 339 112 31 erinra
1299 350 55 20 om
1375 343 47 28 att
1443 342 162 37 styrelsen

117 379 8 30 i
146 380 176 32 utlåtande
341 380 51 32 till
413 381 122 39 Kungl.
557 382 99 38 Maj:t
676 383 65 29 den
765 384 38 28 12
825 392 90 21 mars
940 384 81 29 1925
1044 385 79 28 över
1143 384 464 32 kommunikationsverkens

114 424 276 32 lönekommittés
410 425 218 31 betänkande
647 426 178 38 angående
846 426 237 39 pensionering
1102 437 42 20 av
1165 427 75 31 icke
1260 428 169 30 ordinarie
1449 430 156 37 personal

114 468 56 32 vid
198 469 446 31 kommunikationsverken
670 472 122 29 uttalat
816 471 50 38 sig
892 471 54 30 för
970 471 193 38 beviljande
1187 481 41 21 av
1255 473 182 30 reducerad
1463 473 142 38 pension

114 512 35 32 åt
169 513 75 31 icke
264 513 263 39 stadigvarande
546 515 154 30 arbetare
719 515 56 31 vid
797 518 127 28 statens
944 516 277 30 vattenfallsverk
1241 516 84 30 efter
1345 526 41 22 en
1407 516 101 39 något
1529 518 74 30 kor-

117 559 70 29 tare
204 558 174 39 tjänstetid
396 560 44 29 än
458 560 40 29 25
517 558 47 31 år.

163 603 226 31 Alldenstund
407 604 135 31 Nilsson
560 604 87 30 varit
663 605 147 30 anställd
829 605 55 30 vid
902 605 90 30 olika
1011 608 125 28 statens
1152 605 254 39 arbetsföretag,
1425 616 98 28 synes
1541 607 64 29 den

120 647 153 38 pension,
290 657 74 21 som
381 648 162 38 möjligen
560 649 67 29 kan
644 649 140 30 komma
800 652 48 27 att
864 649 144 31 tilldelas
1026 650 139 34 honom,
1183 650 29 37 ej
1230 650 82 30 böra
1330 650 76 38 utgå
1423 660 40 20 av
1481 655 124 26 statens

114 691 297 31 vattenfallsverks
427 693 110 29 medel
554 695 82 28 utan
655 703 42 20 av
713 694 56 29 det
787 694 109 29 under
912 693 200 31 riksstatens
1127 694 80 30 elfte
1224 694 189 30 huvudtitel
1431 697 172 36 upptagna

114 733 172 32 ordinarie
303 735 299 40 förslagsanslaget
617 736 51 30 till
686 736 240 39 pensionering
943 746 41 21 av
1002 737 135 30 förmän
1154 738 64 30 och
1236 738 153 30 arbetare
1405 739 55 29 vid
1479 742 126 27 statens

117 778 359 40 järnvägsbyggnader
496 784 87 27 samt
604 784 125 27 statens
750 781 298 30 vattenfallsverks
1066 782 387 38 byggnadsavdelning.»

160 830 115 31 Under
298 831 208 40 hänvisning
530 831 51 31 till
607 832 380 40 vattenfallsstyrelsens
1012 834 158 38 yttrande
1196 833 64 31 har
1286 834 240 31 statskontoret
1552 834 53 31 för

115 891 81 31 egen
217 885 54 30 del
291 884 116 31 anfört
428 885 274 39 huvudsakligen
723 885 165 39 följande:

163 938 64 31 Det
246 942 114 34 syntes
380 939 251 35 statskontoret,
652 949 73 20 som
745 949 56 20 om
804 934 21 48 i
851 940 90 30 detta
962 940 59 30 fall
1042 939 127 31 sådana
1190 940 289 38 omständigheter
1498 941 108 30 skulle

115 981 117 32 kunna
252 991 99 22 anses
370 981 173 40 föreligga,
565 992 73 21 som
659 982 161 39 billigtvis
840 984 106 30 borde
966 983 176 31 föranleda
1164 984 48 30 till
1232 984 192 39 beviljande
1443 995 40 20 av
1504 985 102 39 något

118 1027 99 38 årligt
236 1028 195 30 understöd.
462 1028 56 30 Att
535 1027 145 31 tillmäta
699 1029 159 37 beloppet
877 1028 84 31 efter
979 1029 42 30 de
1039 1029 158 37 grunder,
1217 1039 72 20 som
1310 1029 142 31 kommit
1473 1030 48 29 till
1541 1030 63 29 till-

113 1070 177 40 lämpning
310 1071 10 30 i
339 1072 227 37 kungörelsen
587 1072 65 30 den
672 1072 20 30 8
712 1073 184 29 november
919 1073 82 30 1918
1021 1072 176 39 angående
1217 1073 238 39 pensionering
1474 1084 41 20 av
1537 1074 65 30 för-

113 1116 80 29 män
212 1116 64 30 och
295 1116 155 30 arbetare
466 1115 57 32 vid
542 1118 125 29 statens
683 1116 359 39 järnvägsbyggnader
1061 1120 87 27 samt
1167 1120 125 28 statens
1310 1118 295 31 vattenfallsverks

117 1160 371 39 byggnadsavdelning,
507 1164 113 34 syntes
637 1161 88 30 dock
743 1161 241 30 statskontoret
1003 1161 9 30 i
1029 1162 90 29 detta
1137 1161 60 30 fall
1215 1162 167 37 knappast
1400 1172 80 19 vara
1498 1163 105 36 lämp-

112 1203 69 39 ligt.
224 1204 14 30 I
257 1204 110 30 stället
386 1204 116 31 kunde
519 1204 226 39 ifrågasättas,
765 1205 170 30 huruvida
954 1205 74 31 icke
1046 1205 63 30 här
1126 1205 183 39 lämpligen
1329 1206 113 30 kunde
1462 1206 141 38 beviljas

112 1251 45 28 ett
181 1249 186 30 understöd
393 1249 49 30 till
467 1249 143 38 ungefär
634 1250 55 30 det
713 1250 124 38 belopp
863 1259 41 21 av
931 1251 62 28 500
1020 1250 135 35 kronor,
1183 1260 71 20 som
1279 1250 324 39 järnvägsstyrelsen

112 1293 85 39 ägde
216 1296 48 28 att
282 1294 10 30 i
312 1293 91 31 form
422 1304 42 20 av
483 1293 233 39 gratifikation
735 1294 87 30 efter
839 1294 145 30 särskild
1004 1294 193 38 ansökning
1214 1295 126 30 tilldela
1361 1295 242 30 förutvarande

112 1339 154 29 arbetare
293 1337 56 31 vid
375 1338 307 38 banavdelningen.
733 1338 64 31 Vid
824 1338 97 31 bifall
948 1338 114 31 härtill
1091 1341 113 36 syntes
1232 1340 370 38 understödsbeloppet,

112 1383 76 29 med
213 1381 220 40 iakttagande
457 1391 42 21 av
523 1382 218 39 avrundning
763 1383 50 30 till
837 1384 77 29 med
938 1384 69 30 tolv
1029 1383 110 38 jämnt
1163 1384 130 29 delbart
1316 1384 143 34 krontal,
1485 1384 117 30 kunna

111 1426 209 31 hestämmas
340 1426 51 31 till
414 1427 63 29 504
502 1427 128 30 kronor
651 1428 78 29 med
753 1426 176 31 föreskrift
951 1426 120 37 tillika,
1095 1429 48 28 att
1166 1427 19 30 å
1209 1428 90 29 detta
1323 1428 182 30 understöd
1529 1427 74 31 icke

111 1470 92 40 finge
226 1470 150 40 åtnjutas
400 1470 249 40 dyrtidstillägg
672 1472 80 30 eller
776 1481 115 21 annan
913 1471 281 39 tilläggsförmån.
1242 1472 223 30 Understödet
1490 1475 113 35 syntes

111 1514 184 40 lämpligen
317 1516 119 30 kunna
456 1515 137 31 anvisas
613 1519 48 28 att
682 1515 81 40 utgå
784 1515 19 31 å
824 1516 174 30 allmänna
1020 1516 342 38 indragningsstaten.
1406 1517 55 30 Ett
1483 1517 120 30 sådant

114 1560 185 31 understöd
328 1561 216 31 motsvarade
572 1561 144 38 ungefär
743 1571 42 20 en
813 1561 200 39 nyreglerad
1040 1560 143 39 pension
1211 1560 20 30 å
1258 1561 62 30 384
1348 1562 126 30 kronor
1498 1562 106 38 jämte

112 1603 248 40 dyrtidstillägg
382 1605 84 30 därå
485 1604 104 39 enligt
611 1614 46 21 nu
680 1606 158 37 gällande
858 1606 158 37 grunder.

161 1666 50 30 Av
232 1666 227 39 utredningen
480 1666 161 38 framgår,
661 1669 49 29 att
731 1667 156 30 Nilssons
907 1667 172 38 uppgivna
1099 1667 275 38 anställningstid
1396 1667 8 30 i
1427 1667 177 30 statsarbe-

116 1723 66 31 ten,
199 1720 227 38 sammanlagt
441 1719 159 38 omkring
616 1715 81 42 22'/,
714 1719 47 36 år,
778 1720 119 30 endast
912 1720 49 30 till
978 1729 40 20 en
1034 1720 53 30 del
1103 1719 97 30 blivit
1216 1720 252 38 vederbörligen
1485 1720 118 37 styrkt.

112 1770 48 31 På
181 1773 111 36 grund
314 1770 107 32 härav
444 1772 64 30 har
529 1772 163 30 utskottet
714 1772 79 38 hyst
816 1771 113 40 någon
952 1772 135 36 tvekan,
1109 1771 170 31 huruvida
1303 1771 140 39 pension
1466 1773 106 30 borde
1592 1772 11 30 i

112 1824 91 31 detta
226 1823 61 32 fall
309 1824 153 40 beviljas.
508 1825 78 31 Med
609 1825 136 39 hänsyn
766 1825 51 30 till
840 1826 66 30 vad
928 1825 343 39 vattenfallstyrelsen
1295 1825 9 30 i
1329 1826 137 30 ärendet
1489 1825 115 31 anfört

113 1877 63 31 har
201 1879 164 30 utskottet
390 1878 115 36 likväl,
533 1879 44 30 då
603 1879 180 30 sannolika
810 1879 74 31 skäl
909 1880 69 30 tala
1001 1879 54 30 för
1080 1878 206 40 riktigheten
1312 1889 40 20 av
1378 1880 41 30 de
1444 1880 159 30 lämnade

114 1931 218 39 uppgifterna
365 1932 217 31 beträffande
613 1932 331 40 anställningstiden,
977 1932 75 31 icke
1083 1934 89 30 velat
1205 1934 159 29 motsätta
1398 1933 47 38 sig
1478 1936 48 27 att
1558 1935 45 28 ett

113 1985 134 31 mindre
263 1985 100 39 årligt
380 1987 186 30 understöd
584 1987 141 30 beredes
743 1987 137 30 Nilsson
897 1987 109 30 under
1022 1987 88 30 hans
1127 1986 212 31 återstående
1357 1986 121 31 livstid.
1504 1987 98 30 Detta

113 2039 186 31 understöd
320 2040 96 30 torde
433 2040 84 30 böra
536 2040 208 30 bestämmas
764 2040 50 30 till
834 2042 46 28 ett
900 2041 189 38 nyreglerat
1108 2040 125 38 belopp
1253 2050 42 20 av
1315 2041 62 29 384
1398 2040 135 35 kronor,
1555 2043 47 27 att

113 2093 43 37 på
188 2094 65 30 sätt
285 2094 241 30 statskontoret
556 2093 178 39 ifrågasatt
763 2093 153 40 åtnjutas
946 2093 78 31 från
1055 2094 174 30 allmänna
1261 2093 340 40 indragningsstaten.

113 2145 227 32 Understödet
359 2156 101 30 synes
476 2147 83 30 böra
579 2147 80 39 utgå
677 2147 77 30 från
775 2148 65 30 och
858 2148 78 30 med
956 2146 168 39 ingången
1143 2157 41 20 av
1203 2147 39 30 år
1263 2148 91 29 1926.

160 2203 226 45 Åberopande
410 2210 56 30 det
490 2209 145 31 anförda
661 2209 54 31 får
739 2209 164 31 utskottet
928 2210 190 35 hemställa,

476 2282 48 28 att
550 2279 191 40 riksdagen,
769 2280 11 31 i
807 2280 184 39 anledning
1017 2290 40 20 av
1084 2280 225 31 förevarande
1335 2280 128 31 motion
1491 2281 43 29 II:
1550 2282 51 34 64,

436 2333 57 30 må
514 2334 165 38 medgiva,
701 2338 48 26 att
773 2334 90 30 förre
885 2335 179 29 arbetaren
1085 2334 103 30 Arvid
1213 2334 134 30 Nilsson
1371 2334 8 30 i
1403 2334 121 38 Porjus
1546 2333 56 30 må

443 2386 77 31 från
536 2388 64 30 och
616 2388 77 30 med
709 2388 66 29 den
793 2389 14 28 1
824 2388 135 39 januari
978 2388 80 30 1926
1075 2388 108 30 under
1199 2388 51 30 sin
1265 2387 210 31 återstående
1491 2387 112 31 livstid

442 2440 20 31 å
476 2441 176 30 allmänna
668 2441 333 39 indragningsstaten
1017 2442 155 38 uppbära
1189 2445 45 27 ett
1250 2441 97 39 årligt
1363 2442 183 30 understöd
1562 2451 40 21 av

442 2494 64 30 384
526 2495 137 30 kronor.

1628 826 174 25 Statskonto-

1691 864 48 22 ret.

1641 1671 146 25 Utskottet.
