2262 2644
734 190 243 33 Statsutskottets
1004 189 165 34 Utlåtande
1191 189 63 32 N:o
1276 191 50 30 41.
1805 186 21 34 3

224 277 130 38 hvilka
382 276 48 37 då
451 275 57 38 till
536 276 170 43 betalning
723 275 176 45 förfallna
922 274 286 45 annuitetsbelopp
1235 275 21 34 å
1283 271 47 37 de
1350 271 85 37 från
1454 270 375 49 riksgäldskontoret

224 329 58 37 till
320 327 131 38 kanal-
492 326 71 38 och
597 324 494 51 jernvägsanläggningars
1132 322 204 38 utförande
1379 327 100 32 samt
1511 321 58 37 till
1598 320 230 50 byggnader

225 379 152 50 utgifna
404 378 61 37 lån
493 380 73 36 icke
591 377 64 36 vid
682 376 169 38 nämnda
877 376 55 36 tid
960 375 145 36 kunnat
1134 374 44 36 af
1194 372 289 39 vederbörande
1503 372 149 50 gäldas.
1694 370 136 49 Enligt

225 431 102 36 hvad
355 429 188 37 utskottet
569 428 200 44 inhemtat,
798 427 69 37 har
894 426 98 37 efter
1018 424 256 38 berättelsens
1303 423 226 50 afgifvande
1557 423 84 37 icke
1661 422 169 37 inträffat

226 484 125 47 någon
382 479 226 49 förändring
633 478 13 37 i
673 478 163 37 berörda
865 477 233 37 hänseende.

359 531 75 37 Till
457 529 223 51 jemförelse
709 529 139 37 mellan
867 527 292 38 förhållandena
1178 526 123 37 under
1320 530 155 32 senaste
1496 528 40 33 år
1553 523 65 37 vill
1638 523 191 38 utskottet

226 584 70 37 här
335 581 188 47 meddela,
565 586 55 32 att
666 579 394 50 riksgäldskontorets
1099 577 158 37 fordran
1295 577 59 36 för
1394 575 193 48 förfallna,
1630 588 88 24 men
1745 574 85 37 icke

226 633 222 38 verkstälda
486 631 286 49 inbetalningar
808 634 21 34 å
870 629 152 50 utgifna
1061 628 64 37 lån
1160 628 60 37 för
1248 627 175 37 enskilda
1446 626 223 49 jernvägar,
1698 625 132 37 kanal-

227 685 71 37 och
338 682 389 51 slussanläggningar
767 695 48 24 m.
855 695 48 23 m.
946 679 214 50 uppgingo,
1185 678 241 38 oberäknadt
1453 677 75 37 den
1555 690 160 24 numera
1743 676 87 37 med

225 735 230 38 intecknade
493 737 23 34 4
560 746 26 30 &
622 732 254 50 obligationer
903 730 298 50 kapitaliserade
1228 729 200 50 upplupna
1455 733 149 42 räntan,
1631 728 199 47 1,707,800

226 788 155 44 kronor,
420 789 21 34 å
478 785 160 49 inköpta
664 783 306 51 Bergslagernas
994 779 433 52 jernvägsaktiebolags
1457 781 20 35 5
1513 791 26 30 «&
1576 778 255 50 obligationer

228 838 43 37 af
295 841 40 34 år
364 839 109 45 1874,
500 836 59 37 till
585 834 170 51 följande
781 834 154 49 belopp,
963 832 212 48 nemligen:

427 887 65 37 vid
518 886 136 49 början
682 886 42 37 af
748 889 41 34 år
817 886 97 35 1890
956 912 297 8 mmm
1282 882 55 36 kr.
1409 881 207 46 755,500.s2

457 950 17 22 »
583 949 17 22 »
696 947 16 23 »
758 947 17 23 »
821 937 94 35 1891
960 964 298 8 mosnsnnsnrsnsen
1306 943 17 22 »
1370 929 22 55 —
1410 933 207 46 925,259.44

457 1001 17 22 »
581 999 18 22 »
696 999 17 22 »
759 998 17 23 »
822 988 95 35 1898
960 1015 298 7 oense
1306 994 17 23 »
1374 983 243 46 1,141,074.e0

457 1051 18 23 »
581 1050 19 22 »
696 1049 17 23 »
760 1049 18 23 »
822 1039 95 35 18983
960 1065 298 8 oonnesnssnseseernn
1306 1045 17 23 »
1375 1034 243 47 1,389,751.24

457 1103 18 22 »
583 1101 18 22 »
696 1100 18 23 »
761 1100 17 22 »
823 1090 97 36 1894
962 1116 296 8 oonosneesessneserersn
1306 1096 18 23 »
1373 1085 245 46 1,749,591.e0

457 1153 18 23 »
583 1152 17 23 »
696 1151 18 23 »
759 1151 18 23 »
822 1141 96 35 1898
960 1168 299 8 oonsnnsnrsrsersenensr
1308 1147 17 23 »
1374 1136 255 46 1,955,930.4.

998 1259 70 35 3:0.

362 1364 189 45 Angående
590 1363 209 45 utbetalning
836 1361 45 44 af
911 1359 189 45 ersättning
1131 1358 65 44 för
1232 1361 98 33 extra
1369 1356 110 36 arbete
1515 1356 93 35 inom
1647 1355 186 45 riksgälds-

228 1417 159 35 kontoret.

364 1489 34 45 Å
426 1497 69 37 sid.
526 1499 46 35 66
601 1496 12 37 i
641 1493 425 40 revisionsberättelsen
1093 1492 117 37 hafva
1236 1490 242 38 revisorerna
1505 1488 231 48 omförmält,
1765 1493 67 42 att,

230 1548 120 50 enligt
379 1548 101 37 hvad
509 1548 42 36 af
574 1547 311 49 räkenskaperna
913 1545 221 44 inhemtats,
1154 1542 124 37 under
1291 1545 40 34 år
1348 1543 96 35 1893
1459 1540 57 37 till
1529 1553 41 24 en
1584 1541 43 44 af
1635 1541 199 45 Riksgälds-

229 1603 166 34 kontorets
421 1601 177 35 ordinarie
624 1601 200 42 tjenstemän
849 1598 154 35 utbetalts
1024 1596 154 35 särskild
1202 1594 188 44 ersättning
1406 1593 65 43 för
1497 1592 183 44 utförande
1706 1591 45 44 af
1762 1592 71 35 s.k.

230 1656 98 32 extra
339 1651 116 36 arbete.
483 1650 88 37 Med
589 1648 182 38 afseende
789 1651 21 33 å
828 1646 194 49 åtskilliga
1044 1645 12 36 i
1070 1644 105 37 såväl
1189 1642 394 50 riksgäldskontorets
1595 1641 239 49 reglemente

229 1715 84 23 som
339 1700 180 50 gällande
545 1699 271 49 aflöningsstat
839 1698 161 48 intagna
1028 1694 291 39 bestämmelser
1335 1692 237 38 beträffande
1585 1692 250 48 tjenstemän-

230 1765 96 24 nens
366 1749 508 51 tjenstgöringsskyldighet
906 1747 99 37 hade
1040 1746 65 36 det
1132 1750 109 45 synts
1270 1743 239 38 revisorerna
1536 1743 131 36 kunna
1693 1742 142 49 ifråga-

232 1807 131 41 sättas,
393 1801 187 37 huruvida
608 1801 84 37 icke
721 1801 106 36 detta
847 1799 131 37 arbete
998 1796 177 49 skäligen
1189 1796 87 36 bort
1291 1795 129 36 kunna
1434 1793 159 49 åläggas
1606 1793 74 36 den
1693 1792 142 49 ifråga-

230 1852 168 38 varande
427 1852 92 37 eller
546 1855 129 46 någon
703 1863 125 24 annan
858 1849 42 37 af
924 1849 198 36 kontorets
1150 1846 83 37 icke
1263 1849 41 33 så
1330 1845 40 36 få
1395 1844 243 49 tjenstemän,
1667 1848 93 31 utan
1780 1848 55 32 att

232 1903 163 39 särskild
432 1902 217 49 ersättning
690 1901 130 37 derför
847 1899 134 38 behöft
1003 1901 106 46 utgå,
1138 1897 71 37 och
1237 1896 89 37 ville
1353 1895 239 38 revisorerna
1620 1893 214 38 emellertid

232 1953 214 47 hemställa,
475 1967 60 23 om
565 1953 46 49 ej,
636 1952 48 37 då
711 1952 103 37 inom
842 1951 179 36 kontoret
1048 1948 224 37 förekomne
1296 1946 185 49 göromål,
1509 1945 131 37 hvilka
1667 1944 65 37 det
1750 1944 84 37 icke

233 2009 164 45 ansåges
444 2004 130 36 kunna
612 2003 131 48 åligga
780 2002 46 36 de
868 2000 190 38 ordinarie
1096 1999 309 48 tjenstemännen
1445 2001 54 32 att
1539 2000 93 32 utan
1671 1994 164 37 särskild

233 2055 215 49 ersättning
475 2053 219 47 verkställa,
723 2053 196 36 desamma
946 2050 120 37 borde
1093 2050 130 35 kunna
1252 2048 191 37 anförtros
1462 2050 37 33 åt
1518 2051 107 32 extra
1645 2045 189 37 ordinarie

234 2107 241 48 tjenstemän.

367 2158 17 36 I
424 2155 164 49 afgifvet
625 2153 179 50 yttrande
832 2172 49 4 —
909 2164 77 24 rev.
1020 2151 79 36 ber.
1134 2149 68 36 sid.
1233 2150 71 35 306
1332 2167 50 5 —
1409 2146 115 37 hafva
1551 2145 245 49 fullmägtige
1824 2144 10 36 i

235 2207 384 49 riksgäldskontoret,
649 2204 86 36 med
765 2202 208 47 anledning
1001 2201 41 36 af
1068 2200 125 36 denna
1220 2197 296 48 framställning,
1544 2196 57 37 till
1621 2209 47 24 en
1688 2195 146 48 början,

235 2257 59 37 för
331 2263 55 31 ett
418 2257 135 50 rigtigt
585 2254 240 39 bedömande
868 2254 42 36 af
939 2252 73 37 den
1046 2251 86 37 utaf
1160 2250 241 37 revisorerna
1429 2246 253 39 omförmälda
1710 2249 126 47 åtgär-
