1910 2844
287 177 119 31 Första
432 178 203 30 kammarens
658 177 124 32 andra
807 176 168 42 tillfälliga
998 178 135 31 utskotts
1157 178 166 32 utlåtande
1348 179 53 31 Nr
1424 179 55 31 23.
1621 180 13 30 1

815 685 62 39 Nr
901 685 63 40 23.

682 810 115 26 Ankom
813 811 43 25 till
873 811 173 33 riksdagens
1063 811 98 27 kansli
1178 811 55 26 den
1250 812 32 25 12
1298 812 57 32 maj
1374 812 68 26 1932
1459 812 38 26 kl.
1516 813 32 25 11
1566 812 18 25 f.
1603 820 35 18 m.

241 919 133 33 Första
404 918 228 34 kammarens
662 919 158 33 andra
849 919 183 43 tillfälliga
1063 920 156 33 utskotts
1249 920 194 42 utlåtande,
1473 930 43 22 nr
1546 921 52 41 23,
1629 922 13 29 i

455 971 195 43 anledning
675 984 43 23 av
741 973 104 33 väckt
870 976 146 40 motion,
1042 974 32 32 I:
1091 975 51 40 61,
1168 973 185 42 angående
1378 972 258 42 arbetsförhål-

456 1026 153 33 landena
629 1028 98 31 inom
745 1026 55 33 det
819 1026 146 41 husliga
985 1026 144 34 arbetet.

188 1178 15 29 I
225 1187 40 20 en
287 1179 87 28 inom
394 1178 106 29 första
522 1178 189 28 kammaren
734 1177 93 30 väckt
850 1177 60 29 och
932 1178 48 28 till
1003 1177 73 29 dess
1099 1177 105 29 andra
1225 1177 167 37 tillfälliga
1415 1177 123 30 utskott
1560 1178 80 28 hän-

148 1232 92 29 visad
266 1232 130 33 motion,
425 1241 40 19 nr
490 1230 46 34 61,
564 1231 61 28 har
652 1230 76 29 herr
755 1229 118 31 Möller
900 1240 39 19 m.
966 1230 34 37 fl.
1030 1230 172 34 hemställt,
1231 1232 45 27 att
1302 1230 177 37 riksdagen
1505 1230 97 30 måtte
1630 1232 9 27 i

148 1284 160 30 skrivelse
333 1284 48 29 till
407 1284 121 37 Kungl.
556 1283 99 37 Maj:t
679 1284 181 34 hemställa,
888 1286 44 27 att
959 1283 121 37 Kungl.
1110 1283 98 37 Maj:t
1235 1284 95 29 måtte
1356 1286 132 27 snarast
1513 1284 127 37 möjligt

147 1338 197 30 föranstalta
367 1348 39 19 en
430 1338 174 36 utredning
630 1337 166 37 angående
821 1337 363 30 arbetsförhållandena
1208 1339 87 27 inom
1319 1337 50 30 det
1393 1337 132 37 husliga
1549 1337 90 30 arbe-

148 1394 50 32 tet,
218 1392 158 29 avseende
397 1391 120 29 antalet
536 1391 194 36 sysselsatta
750 1392 87 28 inom
857 1391 85 29 detta
961 1390 117 34 arbete,
1099 1391 96 29 deras
1215 1391 90 29 ålder
1326 1391 60 29 och
1406 1391 232 36 anställnings-

148 1445 53 34 tid,
226 1444 215 30 arbetstidens
464 1444 97 37 längd
584 1453 56 27 per
663 1444 109 33 vecka,
797 1446 72 27 sön-
893 1444 59 29 och
975 1443 279 38 helgdagsarbete,
1279 1443 90 30 fritid
1394 1444 59 28 och
1476 1446 162 31 semester,

147 1498 147 30 bogetads-
318 1493 60 34 och
401 1497 306 30 löneförhållanden
730 1507 39 18 m.
793 1506 39 19 m.
856 1499 83 27 samt
961 1497 48 28 till
1033 1497 178 36 riksdagen
1235 1497 163 29 inkomma
1421 1497 70 29 med
1514 1497 38 29 de
1575 1497 64 29 för-

147 1552 82 36 slag,
252 1551 108 29 vartill
383 1550 253 38 ifrågavarande
657 1550 174 37 utredning
852 1551 67 28 kan
941 1549 179 30 föranleda.

188 1604 212 30 Beträffande
423 1605 233 35 motiveringen
679 1603 54 29 får
753 1603 154 29 utskottet
930 1603 139 29 hänvisa
1093 1603 48 29 till
1164 1605 172 27 motionen.

188 1711 128 30 Samma
335 1712 96 36 fråga
451 1711 218 29 behandlades
690 1720 40 20 av
750 1710 75 30 1931
846 1711 55 29 års
921 1711 135 36 riksdag
1075 1712 10 27 i
1106 1711 176 36 anledning
1303 1719 40 20 av
1362 1710 40 29 då
1422 1710 114 29 väckta
1558 1710 80 28 lika-

147 1765 141 37 lydande
321 1766 158 28 motioner
514 1766 8 26 i
557 1764 83 29 båda
674 1764 177 29 kamrarna
881 1763 116 37 (1:199
1032 1764 60 28 och
1127 1762 148 37 1I1I:333).
1320 1762 14 29 I
1359 1763 95 29 dessa
1476 1762 162 30 hemställ-

149 1819 55 28 des
229 1818 173 37 nämligen,
429 1820 44 27 att
498 1817 176 37 riksdagen
699 1817 96 29 måtte
820 1819 9 27 i
855 1817 159 30 skrivelse
1040 1817 49 29 till
1115 1816 121 37 Kungl.
1264 1816 99 37 Maj:t
1387 1816 180 34 hemställa,
1594 1817 45 28 att

147 1871 122 37 Kungl.
297 1871 99 37 Maj:t
419 1871 96 29 måtte
537 1873 133 27 snarast
692 1871 126 36 möjligt
842 1870 197 30 föranstalta
1063 1880 39 19 en
1125 1870 175 36 utredning
1326 1869 167 37 angående
1518 1870 121 28 arbets-

148 1925 253 29 förhållandena
420 1926 87 27 inom
526 1924 49 28 det
595 1924 132 36 husliga
748 1923 128 34 arbetet,
896 1923 158 29 avseende
1073 1923 122 29 antalet
1212 1923 203 36 sysselsatta,
1435 1923 95 28 deras
1549 1922 90 29 ålder

148 1978 60 29 och
230 1977 195 37 utbildning,
447 1977 215 29 arbetstidens
685 1977 98 36 längd
806 1986 56 27 per
885 1977 109 34 vecka,
1016 1976 122 29 fritids-
1162 1975 60 30 och
1244 1975 394 34 semesterförhållanden,

147 2031 147 29 bostads-
316 2031 59 29 och
398 2030 306 29 löneförhållanden
727 2039 38 19 m.
789 2039 48 24 m.,
860 2031 83 27 samt
964 2030 49 28 till
1036 2029 177 37 riksdagen
1237 2029 163 29 inkomma
1422 2028 70 29 med
1514 2028 38 30 de
1574 2028 64 29 för-

147 2084 81 35 slag,
255 2084 107 29 vartill
386 2083 253 37 ifrågavarande
663 2083 175 36 utredning
862 2082 109 29 kunde
993 2082 181 29 föranleda.

190 2137 12 28 I
229 2138 55 28 sitt
309 2140 76 26 över
410 2138 161 27 motionen
598 2136 102 29 I:199
726 2137 138 35 avgivna
891 2135 165 30 utlåtande
1082 2135 137 29 anförde
1245 2135 162 33 utskottet,
1434 2135 37 28 så
1497 2136 56 27 vitt
1579 2135 60 28 här

149 2193 36 26 är
207 2190 104 37 fråga,
333 2190 154 36 följande.

188 2244 72 28 Den
280 2243 182 36 utredning,
481 2252 68 19 som
568 2243 61 28 här
647 2252 39 19 av
706 2243 240 28 motionärerna
966 2242 218 36 ifrågasättes,
1204 2242 108 29 skulle
1331 2241 186 36 säkerligen
1536 2242 100 27 kräva

148 2296 157 37 betydligt
325 2296 108 29 arbete
455 2296 59 29 och
534 2296 84 28 ändå
639 2296 161 35 knappast
820 2295 86 29 bliva
927 2295 196 35 tillförlitlig.
1166 2294 61 29 Det
1248 2303 77 20 vore
1344 2294 161 36 knappast
1525 2294 52 28 för
1597 2295 41 27 ett

149 2350 112 35 riktigt
286 2349 197 29 bedömande
509 2358 39 19 av
573 2348 250 29 förhållandena
849 2348 190 35 tillräckligt
1063 2349 45 27 att
1132 2348 40 35 på
1197 2349 43 27 ett
1265 2347 58 28 och
1350 2348 100 27 annat
1475 2347 165 35 stickprov

149 2402 129 36 grunda
303 2404 42 27 ett
372 2401 133 29 allmänt
532 2401 152 33 omdöme,
712 2400 40 29 bl.
781 2410 26 20 a.
836 2410 39 19 av
901 2400 59 29 den
988 2400 150 33 orsaken,
1168 2402 45 26 att
1240 2399 251 30 förhållandena
1517 2402 57 26 äro
1602 2399 37 28 så

149 2455 89 29 olika
265 2455 19 28 å
310 2464 61 19 ena
396 2454 94 29 sidan
520 2456 7 26 i
554 2454 153 29 städerna
734 2454 59 28 och
821 2454 129 28 därmed
976 2453 190 35 jämförliga
1194 2452 179 29 samhällen
1403 2452 59 29 och
1489 2452 19 29 å
1536 2452 103 29 andra

149 2508 95 29 sidan
266 2508 19 29 å
308 2507 231 37 landsbygden.
586 2507 72 28 Men
682 2509 79 27 även
785 2507 95 28 dessa
903 2507 51 28 två
977 2506 150 29 områden
1152 2506 101 29 förete
1279 2507 84 27 inom
1386 2507 51 33 sig
1460 2505 176 34 väsentliga

188 2579 113 32 Bihang
320 2579 42 26 till
381 2578 172 33 riksdagens
575 2578 142 32 protokoll
742 2579 70 25 1932.
847 2580 27 24 12
894 2578 78 25 saml.
1002 2580 15 23 2
1038 2578 60 25 avd.
1133 2578 27 25 14
1181 2577 68 32 häft.
1280 2577 57 29 (Nr
1355 2578 58 25 23.)

1694 1182 148 27 Motionen.

1684 1711 107 25 Motion
1811 1719 36 18 av

1658 1754 111 18 samma
1794 1747 78 26 inne-

1694 1782 71 25 börd
1787 1783 48 25 vid

1695 1818 67 25 1931
1788 1818 46 25 års

1703 1854 123 33 riksdag.
