2208 2630
410 179 19 36 3
852 184 390 36 Konstitutionsutskottets
1268 191 164 30 Utlåtande
1454 191 58 31 N:o
1536 193 27 30 6.

409 264 234 35 Kammarens
680 264 131 36 talman
849 266 13 33 i
890 276 41 25 en
959 266 120 36 därtill
1107 267 126 43 afsedd
1260 272 165 32 rösturna
1448 280 41 24 en
1509 271 150 41 ja-sedel
1686 270 58 35 och
1772 281 42 25 en
1841 272 168 42 nej-sedel,

410 317 87 35 båda
539 318 70 34 lika
651 322 90 31 samt
771 319 88 35 hvar
883 319 65 43 för
989 320 52 43 sig
1069 321 117 35 slutna
1214 321 59 35 och
1301 321 211 45 hoprullade,
1543 323 59 35 och
1631 323 138 44 afgöres
1797 325 47 34 då
1872 329 137 31 omröst-

408 371 145 44 ningens
580 372 132 44 utgång
736 383 122 33 genom
887 373 65 35 den
980 373 100 44 sedel,
1110 385 72 24 som
1206 385 41 25 en
1276 375 51 43 af
1345 375 129 36 Andra
1497 376 236 36 Kammarens
1761 377 186 37 ledamöter
1959 380 52 43 på

409 425 173 35 anmodan
610 424 47 44 af
679 426 199 35 talmannen
905 438 45 23 ur
976 430 189 33 rösturnan
1194 432 178 42 upptager.

1152 553 23 46 8
1206 555 59 33 75.

565 638 77 36 Vid
684 638 71 36 alla
796 639 72 45 val,
912 641 114 35 hvilka
1068 641 102 36 alltid
1209 641 96 37 skola
1333 643 58 35 ske
1418 644 76 34 med
1519 644 118 35 slutna
1665 645 126 43 sedlar,
1821 644 187 47 iakttages

410 712 46 4 —
489 713 46 4 —-—
568 714 47 3 —
648 692 191 37 erfordras.

566 798 190 49 Därjämte
797 800 68 35 har
906 800 229 37 motionären
1177 802 166 44 anhållit,
1380 805 64 41 att,
1478 802 56 36 för
1562 803 71 35 den
1663 803 178 36 händelse
1871 804 73 35 den
1973 804 40 36 af

408 852 134 35 honom
572 852 210 48 föreslagna
810 853 290 49 formuleringen
1130 855 40 35 af
1184 855 157 36 berörda
1361 856 213 47 paragrafer
1592 856 13 35 i
1624 856 384 48 riksdagsordningen

408 904 31 49 ej
471 905 119 36 skulle
633 918 107 24 anses
781 907 86 36 fullt
910 908 154 47 lämplig
1092 909 90 35 eller
1209 912 133 44 utgöra
1370 912 54 33 ett
1450 909 133 47 riktigt
1610 910 151 48 uttryck
1789 910 57 35 för
1873 911 94 35 hans
1995 911 13 35 i

407 959 187 35 motionen
636 959 229 37 framställda
907 961 161 48 mening,
1112 962 182 36 utskottet
1330 963 88 36 ville
1455 962 151 48 vidtaga
1635 964 46 35 de
1709 963 259 48 förändringar
1995 964 13 35 i

406 1012 302 48 formuleringen,
738 1014 152 35 hvartill
914 1014 280 37 förhållandena
1222 1016 128 36 kunde
1378 1016 201 36 föranleda.

563 1119 20 35 I
615 1119 255 47 föreliggande
908 1119 150 46 motion,
1102 1121 154 36 hvilken
1298 1121 97 36 afser
1423 1124 54 33 att
1504 1121 250 48 åvägabringa
1783 1123 140 36 sådana
1948 1129 59 30 än-

407 1172 150 47 dringar
584 1172 13 35 i
624 1172 392 48 riksdagsordningen,
1046 1174 238 47 hvarigenom
1320 1175 63 35 det
1410 1187 52 23 nu
1488 1175 64 36 vid
1581 1176 205 35 ärendenas
1807 1176 200 47 afgörande

405 1226 13 35 i
447 1226 235 47 Riksdagens
710 1226 149 36 kamrar
887 1226 221 36 föreskrifna
1136 1228 304 46 voteringssättet
1467 1229 83 34 med
1580 1229 123 35 slutna
1732 1229 123 36 sedlar
1887 1230 120 36 skulle

405 1279 149 48 utbytas
597 1283 77 32 mot
702 1284 119 43 öppen
851 1280 229 48 omröstning
1109 1282 157 35 medelst
1293 1293 270 36 namnupprop,
1595 1282 141 35 erinrar
1764 1282 241 46 motionären,

407 1336 54 32 att
499 1333 74 35 han
616 1333 62 37 vid
711 1336 96 32 1901
841 1336 59 33 års
928 1333 152 48 riksdag
1107 1334 100 36 inom
1236 1334 132 48 Andra
1396 1335 227 36 Kammaren
1652 1336 111 36 väckt
1792 1348 47 24 en
1867 1337 141 36 motion

406 1386 40 35 af
483 1387 195 35 enahanda
710 1386 167 36 innehåll
906 1399 75 24 som
1012 1388 72 35 den
1111 1400 53 23 nu
1190 1388 255 44 förevarande,
1476 1392 53 32 att
1558 1390 123 34 denna
1711 1389 138 36 motion
1878 1390 129 36 visser-

404 1440 101 46 ligen
542 1439 134 46 blifvit,
720 1440 133 36 liksom
896 1440 63 36 vid
992 1440 88 36 flere
1114 1441 223 47 föregående
1366 1442 173 35 tillfällen
1566 1442 13 35 i
1608 1455 139 23 samma
1776 1443 96 48 syfte
1901 1443 105 36 fram-

405 1494 132 35 ställda
566 1493 149 47 förslag,
746 1493 40 36 af
810 1493 452 37 konstitutionsutskottet
1290 1495 162 47 afstyrkt
1470 1496 69 34 och
1559 1496 40 35 af
1614 1496 197 35 kamrarne
1827 1497 178 46 afslagen,

405 1559 84 23 men
531 1550 53 32 att
625 1547 13 35 i
681 1546 129 36 Andra
840 1548 225 35 Kammaren
1094 1548 163 47 afgifvits
1289 1551 48 33 98
1366 1551 118 33 röster
1510 1548 57 36 för
1594 1549 189 36 motionen
1811 1553 77 33 mot
1919 1553 85 42 110,

405 1613 77 23 som
523 1600 98 36 varit
661 1600 56 36 för
757 1600 201 37 utskottets
996 1601 220 36 hemställan
1250 1614 57 23 om
1344 1601 127 48 afslag.
1528 1602 89 36 Med
1645 1602 281 46 framhållande,
1954 1607 53 33 att

404 1666 47 23 en
491 1653 108 48 ringa
642 1653 184 48 majoritet
855 1654 157 36 sålunda
1041 1655 63 36 vid
1132 1655 160 36 nämnda
1322 1655 153 47 riksdag
1503 1655 145 37 vållade
1677 1656 195 47 förslagets
1900 1657 66 35 fall
1993 1657 14 35 i

404 1707 130 35 Andra
575 1708 237 44 Kammaren,
857 1707 106 36 anför
991 1708 228 36 motionären
1247 1709 139 45 vidare,
1412 1709 113 36 bland
1554 1713 125 41 annat,
1711 1713 53 33 att
1793 1710 63 35 det
1884 1715 122 42 öppna

404 1760 373 47 omröstningssättet,
818 1760 147 37 hvilket
1005 1761 122 37 blifvit
1169 1766 152 43 antaget
1361 1762 13 35 i
1413 1766 133 32 nästan
1589 1763 72 35 alla
1689 1762 317 38 konstitutionellt

404 1815 125 47 styrda
557 1814 141 45 länder,
728 1815 149 35 hvilade
907 1817 45 45 på
982 1827 46 24 en
1056 1816 195 36 teoretiskt
1277 1816 118 46 riktig
1423 1816 143 47 princip
1587 1820 95 32 samt
1701 1818 94 46 ägde
1816 1817 189 46 åtskilliga

403 1867 209 36 företräden
653 1868 150 35 framför
845 1869 73 35 den
958 1868 122 37 slutna
1124 1869 289 47 omröstningen.
1469 1870 75 35 Det
1585 1882 129 24 senare
1743 1870 261 48 omröstnings-

404 1924 111 33 sättet
557 1924 80 33 åter
674 1921 188 37 medförde
891 1922 193 47 praktiska
1113 1923 240 47 olägenheter
1380 1923 78 35 dels
1485 1923 56 36 för
1567 1923 328 47 riksdagsarbetet,
1926 1924 79 36 dels

402 1975 56 35 för
499 1975 72 35 den
614 1975 168 36 enskilde
825 1975 337 48 riksdagsmannen
1204 1977 68 36 och
1307 1977 80 35 dels
1416 1976 54 36 för
1497 1977 236 36 valmännen.
1789 1977 114 36 Detta
1933 1990 71 24 om-

401 2028 265 47 röstningssätt
705 2028 182 36 innebure
928 2029 190 48 nämligen
1153 2042 47 23 en
1228 2029 225 48 omständlig
1477 2031 68 36 och
1574 2030 220 36 tidsödande
1823 2032 183 46 procedur

403 2082 69 35 och
500 2081 188 36 medförde
716 2082 56 36 till
801 2082 92 48 följd
924 2083 106 35 däraf
1061 2083 56 36 för
1144 2083 318 47 riksdagsarbetet
1490 2096 46 24 en
1566 2083 31 49 ej
1628 2084 108 47 ringa
1766 2084 198 46 olägenhet
1991 2084 14 35 i

398 2134 211 49 jämförelse
652 2136 84 34 med
775 2136 73 35 den
892 2141 121 42 öppna
1042 2137 290 47 omröstningen,
1363 2149 77 23 som
1469 2137 205 47 fungerade
1704 2138 83 34 med
1817 2137 187 37 önskvärd

402 2187 192 36 snabbhet.
651 2189 85 35 Den
778 2194 122 42 öppna
943 2190 278 47 omröstningen
1255 2190 150 48 erbjöde
1434 2191 187 35 dessutom
1652 2191 72 35 den
1753 2189 169 37 enklaste
1950 2194 54 32 ut-

402 2247 119 41 vägen
564 2245 55 31 att
659 2243 117 35 uttala
819 2244 72 34 den
936 2243 162 46 mening,
1136 2256 83 23 man
1252 2244 120 47 hyste,
1403 2245 67 34 och
1500 2244 121 35 skulle
1651 2243 212 48 därigenom
1895 2243 108 37 äfven
