2202 2660
747 175 237 40 Laquiskottets
1006 175 168 33 utlåtande
1197 176 53 31 Nr
1274 178 28 29 8.
1804 177 21 31 5

228 268 155 44 tillråda,
415 271 53 32 att
496 279 82 25 man
607 271 46 44 på
681 268 294 48 lagstiftningens
1005 273 68 42 väg
1101 270 64 45 går
1193 269 89 35 fram
1314 271 74 33 mot
1416 281 44 23 en
1483 269 241 47 konkurrens,
1742 283 82 24 vars

229 322 266 46 huvudsakliga
525 336 116 34 vapen
670 328 38 30 är
737 323 59 35 det
826 322 55 36 för
909 322 275 36 konkurrensen
1213 323 147 48 typiska
1381 324 83 35 eller
1484 324 300 49 underbjudande
1812 326 12 36 i

228 376 75 47 pris
333 379 20 33 å
381 378 69 34 den
482 377 209 47 prestation,
723 389 73 23 som
818 377 176 48 erbjudes.
1051 377 58 35 En
1129 377 102 46 dylik
1250 377 227 36 konkurrens
1497 379 101 35 torde
1618 379 206 48 skärgårds-

228 431 260 46 befolkningen
508 432 183 45 nämligen
711 431 13 35 i
744 434 89 32 stort
853 435 70 31 sett
943 432 46 34 ha
1009 444 93 34 gagn
1121 435 97 32 utav.
1276 432 172 35 Däremot
1469 445 105 22 anser
1592 434 178 35 utskottet
1790 435 31 47 ej

228 485 182 43 uteslutet,
442 490 53 32 att
522 486 55 36 till
606 485 118 48 skydd
752 488 74 33 mot
854 485 285 35 maktmissbruk
1167 498 43 22 av
1230 486 69 35 den
1320 485 12 35 i
1352 485 274 37 konkurrensen
1646 489 177 45 segrande

229 539 85 35 eller
342 540 80 43 den,
454 553 71 23 som
558 543 46 44 på
632 543 111 31 annat
772 542 72 32 sätt
873 539 152 35 kommit
1054 542 52 33 att
1125 540 124 46 intaga
1269 552 44 22 en
1333 541 283 45 monopoliserad
1637 542 182 47 ställning,

228 596 118 32 staten
377 594 118 36 skulle
523 595 136 46 nödgas
689 606 128 34 genom
848 596 109 44 något
986 594 39 35 af
1051 595 76 33 sina
1158 606 122 34 organ,
1311 598 24 31 t.
1369 606 55 23 ex.
1455 595 225 47 Konungens
1699 596 123 36 befall-

227 647 285 47 ningshavande,
544 649 178 34 fastställa
750 647 255 36 nmaximitaxor
1034 648 65 35 och
1127 648 164 35 turlistor
1320 648 55 35 för
1402 649 168 35 trafiken.
1628 650 86 35 Med
1743 652 79 34 stöd

227 714 45 22 av
302 702 328 47 ordningsstadgan
659 703 55 34 för
742 702 115 34 rikets
887 703 119 34 städer
1034 703 65 33 har
1127 702 432 36 överstäåthållarämbetet
1582 703 12 35 i
1615 704 205 36 Stockholm

226 755 164 36 utfärdat
417 757 219 46 reglemente
665 756 55 35 för
749 756 328 46 ångslupstrafiken
1106 756 13 35 1
1148 756 203 35 Stockholm
1374 757 66 35 och
1460 757 80 35 dess
1570 758 252 48 omgivningar

227 813 93 32 samt
359 811 181 35 meddelar
578 810 113 47 enligt
719 810 99 35 detta
845 810 163 35 tillstånd
1038 811 80 34 med
1147 810 248 35 fastställande
1424 824 43 21 av
1495 813 105 33 taxor
1629 813 66 34 och
1725 814 97 34 antal

230 866 96 32 turer
361 867 37 32 åt
435 865 91 43 dem,
567 876 73 23 som
679 864 101 35 driva
813 864 111 35 sådan
952 864 118 35 trafik.
1128 864 57 35 En
1213 867 46 44 på
1286 864 294 48 lagstiftningens
1609 871 70 42 väg
1707 868 114 34 åstad-

228 917 168 35 kommen
426 918 220 47 utvidgning
675 930 43 23 av
748 919 117 34 denna
894 918 203 45 anordning
1126 923 52 30 att
1207 918 151 35 omfatta
1378 924 90 30 även
1498 923 113 31 större
1634 920 100 36 båtar
1753 922 68 34 och

228 974 52 32 ett
308 972 263 36 vidsträcktare
600 972 144 35 område
772 972 94 35 inom
899 972 221 47 skärgården
1150 984 104 23 anser
1281 973 179 35 utskottet
1490 972 31 49 ej
1553 974 188 45 otänkbar,
1764 988 53 22 om

228 1025 274 37 förhållandena
522 1026 117 36 skulle
659 1026 170 36 utveckla
849 1025 56 47 sig
924 1027 150 44 därhän,
1097 1029 52 32 att
1170 1026 78 35 fara
1267 1027 180 46 uppstode
1467 1027 55 35 för
1542 1031 52 32 att
1614 1028 206 47 skärgårds-

228 1079 262 48 befolkningen
519 1081 117 35 skulle
665 1081 97 35 bliva
789 1080 226 46 uppskörtad
1044 1081 65 34 och
1134 1080 60 35 illa
1214 1080 238 47 tillgodosedd
1471 1081 13 35 i
1503 1082 316 37 trafikhänseende

228 1133 81 35 från
338 1135 327 46 ångbåtsbolagens
694 1135 87 34 sida.

334 1189 57 34 Då
420 1189 210 43 emellertid,
661 1191 38 32 så
727 1188 70 35 vitt
823 1188 179 35 utskottet
1030 1188 65 35 har
1124 1188 54 44 sig
1206 1189 146 44 bekant,
1384 1189 31 48 ej
1447 1189 231 36 förekommit
1706 1191 113 35 makt-

227 1242 182 35 missbruk
444 1243 13 34 i
490 1244 71 34 den
588 1242 264 46 utsträckning,
885 1246 52 31 att
966 1241 126 47 giltiga
1121 1242 78 35 skäl
1227 1243 125 34 kunna
1372 1255 102 23 anses
1495 1243 174 48 föreligga
1688 1248 53 32 att
1768 1245 51 35 in-

227 1296 160 35 skränka
430 1297 70 34 den
542 1296 121 44 frihet,
695 1309 73 22 som
798 1299 45 43 på
872 1296 77 48 sjön
979 1295 128 36 hittills
1136 1296 94 36 varit
1258 1297 168 43 rådande,
1457 1298 67 34 och
1552 1298 115 35 under
1694 1298 125 36 vilken

227 1353 85 33 våra
354 1350 411 48 sjökommunikationer
806 1350 13 34 1
862 1353 89 33 stort
993 1353 70 32 sett
1100 1355 193 42 gynnsamt
1321 1351 186 36 utvecklat
1536 1351 65 47 sig,
1633 1364 106 23 anser
1766 1356 53 32 ut-

227 1404 136 35 skottet
392 1404 29 48 ej
455 1405 80 34 skäl
564 1404 175 46 föreligga
766 1404 57 35 till
851 1403 216 48 vidtagande
1097 1416 43 22 av
1170 1405 165 45 åtgärder
1357 1405 13 34 i
1389 1417 50 22 nu
1459 1406 136 46 antydd
1614 1405 199 48 riktning.»

334 1458 18 34 I
394 1458 115 35 likhet
552 1459 81 34 med
674 1458 183 46 tillfälliga
897 1458 179 35 utskottet
1118 1470 104 23 anser
1263 1459 238 46 lagutskottet
1543 1460 43 35 de
1624 1473 44 23 av
1697 1460 121 36 motio-

227 1517 112 29 nären
382 1512 182 35 skildrade
598 1512 273 35 förhållandena
898 1511 13 35 i
938 1511 96 36 vissa
1062 1512 231 35 hänseenden
1321 1512 173 36 innebära
1522 1514 294 47 oegentligheter,

226 1565 119 36 vilkas
388 1566 291 35 förekommande
720 1565 253 47 otvivelaktigt
1014 1578 84 23 vore
1141 1566 183 35 önskvärt.
1381 1567 187 35 Utskottet
1610 1568 73 35 kan
1725 1569 94 35 dock

226 1618 82 35 icke
350 1620 110 43 finna,
506 1623 52 31 att
587 1620 180 34 desamma
796 1625 59 29 äro
884 1632 43 22 av
956 1620 70 34 den
1054 1619 261 45 beskaffenhet,
1346 1623 54 32 att
1428 1621 61 35 det
1517 1621 69 35 kan
1618 1633 104 24 anses
1750 1622 69 35 till-

227 1672 134 47 rådligt
407 1676 53 32 att
502 1673 87 35 söka
631 1675 46 44 på
719 1673 295 47 lagstiftningens
1056 1679 69 41 väg
1162 1672 154 48 ingripa.
1374 1674 68 35 För
1471 1675 43 35 de
1543 1674 275 48 ifrågavarande

227 1726 415 42 kommunikationerna,
688 1727 57 35 för
786 1727 116 34 vilkas
945 1726 281 49 möjliggörande
1267 1727 81 36 icke
1390 1731 113 32 såsom
1538 1729 100 36 fallet
1667 1736 39 28 är
1738 1731 81 34 med

227 1781 112 34 andra
382 1781 77 46 slag
492 1793 44 23 av
564 1781 225 35 trafikmedel
818 1781 129 35 krävas
977 1781 176 35 särskilda
1184 1782 165 46 åtgärder
1377 1782 55 35 för
1461 1783 85 34 ban-
1576 1784 84 35 eller
1687 1790 130 41 vägan-

226 1834 180 47 liggning
434 1847 45 22 m.
511 1848 60 31 m.,
602 1838 88 32 utan
719 1836 64 34 där
811 1838 140 32 vattnet
979 1835 12 35 i
1019 1835 124 48 regeln
1172 1835 149 36 bereder
1349 1848 44 23 en
1423 1842 79 41 väg,
1534 1849 71 24 som
1637 1850 44 23 av
1720 1839 99 35 ålder

228 1891 135 32 ansetts
392 1889 66 34 och
487 1889 223 35 fortfarande
739 1901 103 23 anses
872 1892 54 32 stå
956 1893 118 42 öppen
1103 1889 56 34 för
1188 1890 78 42 alla,
1298 1891 65 34 har
1392 1891 112 46 enligt
1533 1892 196 36 utskottets
1750 1892 67 36 för-

228 1943 176 34 menande
448 1943 69 34 den
560 1942 69 35 fria
671 1942 238 45 konkurrens,
954 1954 72 24 som
1062 1942 171 36 hitintills
1262 1944 93 35 varit
1384 1945 167 44 rådande,
1582 1945 13 35 i
1624 1946 195 35 allmänhet

227 1996 93 35 visat
349 1995 55 48 sig
433 1996 234 47 synnerligen
695 1997 178 46 gagnelig.
932 1997 67 35 Att
1028 1997 121 35 därför
1176 1996 13 35 1
1218 1997 100 47 fråga
1346 2011 55 22 om
1432 1999 104 35 dessa
1570 1999 248 36 kommunika-

227 2050 117 35 tioner
372 2072 49 3 —
453 2050 56 35 för
529 2053 38 32 så
597 2051 69 35 vitt
695 2051 222 35 motionären
946 2052 80 34 med
1056 2050 56 35 sin
1141 2064 91 22 ovan
1248 2052 147 47 intagna
1424 2053 135 35 motion
1574 2057 116 32 avsett
1709 2057 110 44 något

228 2104 120 46 dylikt
379 2125 46 3 —
457 2104 12 34 i
496 2104 60 47 lag
584 2105 124 46 stadga
738 2108 51 32 ett
817 2104 440 36 koncessionsförfarande
1286 2119 43 22 av
1359 2118 67 23 ena
1454 2107 86 34 eller
1560 2108 113 34 andra
1692 2108 124 47 slaget,

228 2157 63 35 bör
320 2157 114 47 enligt
462 2158 197 35 utskottets
689 2158 146 47 mening
862 2158 80 36 icke
970 2159 240 46 ifrågasättas.

335 2211 121 35 Såsom
486 2211 183 47 tillfälliga
697 2213 178 35 utskottet
904 2212 130 44 anfört,
1055 2213 102 34 torde
1177 2213 59 34 det
1256 2213 210 48 visserligen
1486 2214 82 36 icke
1588 2228 84 22 vara
1693 2217 125 34 otänk-

227 2265 91 44 bart,
350 2268 62 41 att,
443 2265 152 36 likasom
624 2268 107 33 taxor
759 2266 196 36 fastställas
984 2266 12 35 1
1026 2267 102 46 fråga
1156 2279 54 22 om
1237 2266 344 48 järnvägstrafiken,
1612 2270 207 35 automobil-

227 2318 155 36 trafiken
423 2331 45 22 m.
514 2319 34 35 fl.
580 2319 473 48 kommunikationsgrenar,
1084 2323 119 32 staten
1222 2333 128 34 genom
1379 2324 108 45 något
1516 2335 43 23 av
1588 2323 78 35 sina
1695 2336 121 35 organ,

272 2379 134 42 Pihang
430 2380 48 32 till
503 2380 202 41 Riksdagens
722 2382 158 39 protokoll
903 2384 96 29 1913.
1036 2384 20 28 9
1079 2381 90 32 saml.
1218 2383 19 29 8
1250 2381 78 39 häft.
1356 2384 66 37 (Nr
1434 2385 44 36 8).
1754 2386 19 30 2
