1830 2790
1590 150 18 29 [10

497 159 124 29 Första
646 157 244 40 lagutskottets
914 155 179 30 utlåtande
1117 163 43 21 nr
1183 153 28 30 7.

285 245 183 36 (Gällande
495 242 159 42 lydelse.)
1037 237 227 39 (Föreslagen
1283 235 157 41 lydelse.)

875 333 78 36 rätt,
983 331 111 30 under
1123 329 115 32 vilken
1266 329 68 30 den
1361 327 57 31 del
1443 336 42 21 av
1514 326 94 30 länet

874 384 73 36 hör,
971 383 63 30 där
1056 383 67 29 den
1147 379 255 40 skattskyldige
1427 387 59 20 var
1509 386 99 20 man-

877 433 218 38 talsskriven,
1114 432 65 30 när
1196 428 341 41 skattskyldigheten
1558 428 50 29 in-

878 485 129 36 trädde,
1029 483 92 36 eller,
1142 491 56 21 om
1219 481 71 30 han
1312 480 44 30 då
1377 480 34 39 ej
1433 488 59 21 var
1511 487 99 21 man-

878 533 208 31 talsskriven
1113 532 94 30 inom
1234 530 102 37 riket,
1363 530 63 30 där
1450 529 72 29 han
1550 536 61 22 var

877 585 113 29 bosatt
1012 584 83 29 eller
1117 580 268 41 stadigvarande
1408 579 168 37 vistades;
1600 578 11 29 i

879 636 98 41 fråga
1009 644 57 21 om
1095 632 157 41 juridisk
1282 640 129 32 person
1443 639 79 21 vare
1552 629 58 40 för

878 686 201 29 hovrättens
1107 682 203 39 behörighet
1337 679 274 35 bestämmande,

878 745 59 21 var
954 735 171 40 styrelsen
1144 733 82 31 eller
1242 731 261 42 förvaltningen
1520 729 91 31 hade

878 787 60 31 sitt
972 787 85 36 säte,
1093 786 66 29 när
1193 781 342 41 skattskyldigheten
1561 780 52 30 in-

879 837 130 31 trädde.
1035 836 130 30 Besvär
1191 834 59 31 må
1276 833 152 34 anföras,
1455 832 156 30 förutom

879 898 41 21 av
954 887 138 31 enskild
1127 887 88 40 part,
1240 894 43 22 av
1306 882 306 33 advokatfiskalen

255 974 2 3 |
878 939 57 30 vid
950 939 196 29 hovrätten.

155 996 195 29 Innefattar
371 994 113 30 beslut
503 1011 45 4 —
567 1010 45 5 —
631 1010 44 5 —
694 991 199 30 tillkomma
912 990 196 30 hovrätten.

155 1046 52 31 Då
229 1046 123 31 besvär
373 1060 320 6 ——————
715 1043 81 29 över
818 1041 178 31 besvären,

155 1096 88 31 Över
265 1096 116 30 beslut
426 1112 71 4 ——
511 1111 210 5 ——-——
741 1092 104 31 vitets
867 1089 225 32 utdömande.

923 1218 122 29 Denna
1079 1214 207 42 förordning
1321 1213 115 30 träder
1469 1212 12 30 i
1515 1211 96 40 kraft

881 1268 66 30 den
967 1268 15 29 1
1001 1266 69 41 juli
1090 1266 94 30 1954.

158 1427 13 29 I
195 1435 41 20 en
260 1435 43 20 av
327 1425 23 30 f.
375 1424 31 30 d.
431 1421 343 42 expeditionschefen
798 1420 33 30 C.
857 1419 35 30 G.
916 1420 118 29 Bruno
1057 1418 117 30 såsom
1200 1416 142 30 särskilt
1366 1414 172 30 tillkallad
1562 1415 53 28 ut-

112 1476 252 39 redningsman
391 1474 66 30 den
485 1473 41 30 30
554 1472 194 40 september
779 1470 84 30 1952
891 1469 143 40 avgiven
1062 1466 235 42 promemoria
1326 1465 176 40 angående
1531 1464 85 30 änd-

112 1527 64 29 rad
197 1523 362 39 domkretsindelning
580 1523 55 30 för
655 1522 92 30 vissa
767 1521 178 30 hovrätter
973 1517 242 35 (stencilerad)
1242 1517 65 31 har
1328 1515 197 40 föreslagits
1549 1515 67 29 den

113 1576 232 40 jämkningen
368 1584 42 21 av
432 1572 340 32 domkretsområdet
794 1572 55 29 för
873 1571 184 30 hovrätten
1079 1569 56 30 för
1157 1568 112 30 Nedre
1292 1566 173 30 Norrland
1489 1566 51 29 att
1563 1564 54 30 till

114 1627 114 30 denna
246 1626 140 30 hovrätt
405 1625 89 30 skall
512 1624 81 30 från
612 1623 84 30 Svea
714 1622 140 30 hovrätt
872 1620 205 40 överflyttas
1096 1619 70 31 viss
1185 1619 55 29 del
1261 1627 42 21 av
1320 1617 207 38 Gävleborgs
1548 1616 68 33 län,

115 1677 176 39 nämligen
311 1674 239 40 Hälsingland,
571 1673 127 31 medan
719 1672 199 31 återstoden
939 1681 41 20 av
1000 1671 103 33 länet,
1125 1670 32 30 d.
1176 1679 31 22 v.
1230 1678 25 21 s.
1277 1667 234 34 Gästrikland,
1532 1666 86 30 fort-

115 1728 146 29 farande
283 1726 90 31 skall
395 1726 86 29 höra
502 1724 53 30 till
580 1724 85 30 Svea
687 1723 149 30 hovrätt.
860 1723 13 29 I
894 1721 92 31 vissa
1009 1721 63 29 fall
1095 1719 173 40 fullföljes
1290 1719 97 29 talan
1409 1719 72 29 mot
1503 1717 115 30 beslut

115 1787 43 21 av
179 1776 224 40 länsstyrelse
423 1776 53 29 till
497 1775 150 30 hovrätt.
668 1774 66 30 För
756 1774 51 29 att
827 1782 42 20 en
889 1771 216 41 uppdelning
1126 1780 42 20 av
1188 1771 49 29 ett
1258 1770 58 29 län
1336 1769 45 40 på
1402 1768 114 30 skilda
1536 1767 82 30 hov-

116 1829 107 29 rätter
249 1827 91 30 skall
364 1827 121 29 kunna
511 1824 221 41 genomföras
758 1823 176 30 erfordras
960 1822 93 30 vissa
1079 1819 432 40 författningsändringar.
1537 1818 83 30 För-

117 1878 73 39 slag
211 1877 53 30 till
288 1877 131 29 sådana
441 1876 64 29 har
528 1875 183 38 framlagts
733 1883 43 20 av
798 1872 362 39 utredningsmannen
1182 1870 11 29 i
1216 1869 269 40 promemorian.

161 1962 51 30 Av
231 1960 260 41 promemorian
512 1958 165 39 framgår,
699 1959 50 28 att
770 1957 158 39 fullföljd
949 1956 80 29 från
1051 1955 225 39 länsstyrelse
1298 1954 53 29 till
1372 1954 138 29 hovrätt
1532 1953 89 29 före-

117 2014 159 29 kommer
278 2000 23 50 i
326 2013 51 28 tre
397 2011 93 29 olika
510 2011 92 29 arter
622 2019 42 20 av
684 2008 162 34 ärenden,
867 2006 176 40 nämligen
1066 2004 293 39 utsökningsmål,
1382 2004 69 29 mål
1472 2002 150 31 rörande

118 2062 243 40 tvångsarbete
383 2061 64 29 och
469 2059 285 40 gåvoskattemål.

164 2112 116 39 Enligt
343 2112 14 35 18
397 2110 459 38 utsökningslagen
896 2109 37 28 är
955 2106 250 39 länsstyrelsen
1227 2105 249 30 överexekutor
1498 2104 54 29 för
1575 2104 48 28 lä-

119 2164 76 28 nets
218 2162 195 39 landsbygd
436 2161 64 29 och
524 2162 86 28 även
636 2160 54 29 för
713 2160 112 28 länets
849 2158 115 29 städer
987 2159 86 27 utan
1097 2156 193 38 magistrat,
1316 2165 56 19 om
1396 2155 74 29 icke
1495 2154 127 38 Kungl.

120 2213 105 38 Maj:t
240 2212 183 30 förordnat
439 2220 118 20 annan
573 2212 51 27 att
638 2218 82 22 vara
733 2208 250 31 överexekutor
996 2207 10 29 i
1020 2207 133 29 staden.
1168 2205 257 31 Överexekutor
1438 2205 63 28 har
1516 2204 106 38 enligt

121 2263 62 30 200
205 2263 15 35 8
242 2264 51 27 att
312 2263 107 38 pröva
440 2260 158 38 fullföljd
618 2260 95 28 talan
734 2260 72 28 mot
826 2257 322 38 utmätningsmans
1169 2256 204 29 förfarande
1394 2255 9 28 i
1425 2255 69 29 mål
1516 2254 108 37 enligt

121 2312 323 38 utsökningslagen.
461 2312 13 28 I
491 2309 205 37 anslutning
711 2309 119 29 härtill
847 2308 57 29 må
920 2308 64 28 ock
1001 2308 159 31 nämnas,
1179 2307 50 28 att
1247 2305 107 38 enligt
1373 2305 37 29 13
1430 2304 14 36 $
1463 2304 161 29 införsel-

122 2365 99 37 lagen
235 2362 66 30 vad
317 2362 10 28 i
342 2360 311 38 utsökningslagen
669 2360 38 28 är
721 2359 138 37 stadgat
873 2367 56 19 om
946 2357 127 38 klagan
1089 2356 10 28 i
1116 2357 97 36 fråga
1230 2365 56 19 om
1303 2355 321 37 utmätningsmans

122 2412 204 31 förfarande
356 2411 88 29 skall
473 2410 10 29 i
513 2409 206 40 tillämpliga
749 2409 95 28 delar
875 2407 88 39 gälla
992 2406 222 30 beträffande
1243 2405 156 29 införsel.
1430 2405 195 29 Härutöver

122 2464 213 37 handlägger
352 2461 249 30 överexekutor
618 2460 91 29 vissa
727 2459 151 29 ärenden
897 2458 112 29 såsom
1031 2458 109 28 första
1162 2456 146 33 instans,
1328 2457 20 28 t.
1367 2465 49 19 ex.
1434 2455 117 38 frågor
1570 2464 55 19 om
