2215 2698
426 170 39 32 10
820 166 360 43 Bevillningsutskottets
1203 165 207 33 Betänkande
1434 165 51 32 Nr
1508 166 30 31 2.

380 250 280 51 upplysningar
692 248 12 37 1
745 248 102 37 vissa
888 247 212 48 afseenden,
1135 246 80 37 dels
1250 246 70 36 ock
1348 258 139 37 genom
1517 258 46 24 en
1591 245 41 37 af
1657 245 46 37 de
1732 245 243 49 sakkunnige

380 302 201 39 verkställt
613 315 46 24 en
688 301 157 38 särskild
873 300 204 50 utredning
1097 303 20 33 å
1137 299 45 37 de
1201 299 89 50 pris,
1311 298 253 50 maltdrycker
1584 297 120 38 skulle
1723 298 168 49 betinga,
1913 311 62 24 om

382 358 45 36 de
461 355 182 39 bereddes
679 355 39 37 af
746 353 257 49 maltextrakt,
1032 353 134 37 sådant
1194 352 104 37 detta
1325 351 183 38 försåldes
1539 351 83 37 från
1651 351 200 51 apoteken,
1876 351 99 49 jäm-

382 410 103 37 fördt
516 408 86 37 med
634 408 127 50 prisen
796 410 20 34 å
844 420 144 23 samma
1016 405 160 51 drycker
1203 405 62 36 vid
1295 404 131 49 vanlig
1449 403 212 50 beredning
1689 407 20 34 å
1736 403 237 50 bryggerier.

381 463 136 36 Denna
550 460 233 38 sistnämnda
815 459 217 48 utredning,
1066 471 80 24 som
1175 459 70 49 jag
1278 457 141 36 tillåter
1452 457 80 49 mig
1560 461 55 32 att
1644 456 208 50 ordagrant
1880 460 96 34 åter-

382 515 118 50 gifva,
530 519 42 32 är
599 514 41 36 af
665 512 167 50 följande
860 512 161 49 lydelse:

511 570 41 34 »1
574 566 96 38 burk
688 564 246 38 maltextrakt
953 564 237 38 innnehåller
1208 563 12 37 i
1240 562 175 38 medeltal
1436 563 72 36 380
1529 574 57 37 gr.
1608 562 158 48 extrakt,
1787 562 188 37 beräknas

381 621 306 38 torrsubstansen
729 632 92 23 vara
861 617 104 38 cirka
1003 619 46 35 78
1087 621 158 46 procent
1277 615 207 38 innehåller
1518 615 144 37 således
1693 617 18 34 1
1742 614 97 37 burk
1867 615 108 37 malt-

383 674 150 37 extrakt
561 674 108 46 296,4
702 685 56 35 gr.
789 670 257 38 torrsubstans
1075 668 266 52 (maltsocker).

515 729 17 33 1
575 725 98 36 burk
714 723 245 37 maltextrakt
1000 723 128 36 kostar
1168 722 64 36 vid
1272 722 117 48 inköp
1431 721 12 35 i
1483 720 100 49 parti
1613 721 46 34 70
1689 725 64 31 öre
1781 733 69 35 per
1878 720 98 36 burk

382 778 86 37 incl.
498 777 97 37 burk
623 776 94 37 kork
745 775 68 37 och
843 775 146 50 kapsyl.
1031 774 17 37 I
1076 775 56 36 lös
1159 773 83 37 vikt
1269 777 114 46 utgör
1410 771 118 52 priset
1549 772 45 36 57
1617 776 62 33 öre
1698 784 68 37 per
1787 771 99 37 burk
1905 771 71 37 och

382 831 69 37 har
479 831 103 36 detta
611 830 91 36 sista
730 829 78 48 pris
836 828 100 48 lagts
964 827 56 36 till
1048 827 126 49 grund
1202 827 57 36 för
1286 825 273 49 beräkningen.

512 882 73 38 Vid
614 881 215 49 förjäsning
858 881 40 35 af
921 885 85 31 vört
1034 879 96 37 skall
1158 879 122 36 denna
1307 878 64 36 vid
1400 877 216 49 förjäsning
1634 876 58 37 till
1710 877 146 49 lageröl
1875 876 101 37 hålla

386 938 45 35 14
473 939 157 46 procent
671 933 225 37 maltsocker
938 954 45 5 —
1026 931 64 38 vid
1123 930 283 50 framställning
1439 929 40 37 af
1508 929 179 49 pilsneröl
1717 929 70 37 och
1815 929 159 49 pilsner-

383 988 130 37 dricka
539 1001 97 36 resp.
669 989 46 34 12
743 990 156 46 procent
927 984 71 37 och
1027 985 20 35 9
1077 991 156 42 procent
1262 982 236 37 maltsocker.

512 1040 54 37 Af
593 1043 18 33 1
642 1039 97 37 burk
767 1037 244 37 maltextrakt
1039 1036 162 38 erhålles
1229 1035 63 37 vid
1320 1035 214 50 förjäsning
1562 1034 60 37 till

386 1115 31 33 1.
434 1111 144 48 lageröl
593 1111 62 47 (14
666 1111 29 39 4
705 1106 241 50 maltsocker)
961 1110 80 45 2,11
1054 1118 14 26 7
1083 1106 85 37 liter
1185 1107 6 35 i
1202 1105 134 50 utbyte
1347 1118 81 24 som
1439 1105 110 36 alltså
1559 1104 129 37 kostar
1697 1106 84 45 26,9
1796 1109 32 31 ö.
1840 1118 68 36 per
1918 1104 56 36 lit.

384 1166 33 34 2.
440 1162 173 51 pilsneröl
638 1157 98 60 (122
802 1173 18 23 >»
930 1159 136 49 )2,470
1123 1171 17 24 »
1245 1171 18 23 »
1377 1170 17 23 »
1481 1169 17 24 oo»
1607 1170 18 23 »
1694 1159 186 45 23,080.»
1926 1168 18 24 »

384 1218 33 34 3.
434 1213 384 52 pilsnerdricka(9
758 1209 24 60 74
796 1209 27 60 »
932 1212 136 47 )3,291
1126 1224 17 22 »
1249 1223 18 23 »
1381 1222 17 24 »
1481 1222 18 22 oo»
1608 1222 18 22 »
1700 1211 81 45 17,3
1829 1221 54 23 »»
1925 1221 18 23 »

515 1286 71 35 100
629 1284 65 48 kg.
738 1282 92 37 malt
870 1282 129 36 kostar
1030 1281 12 36 i
1071 1280 174 37 medeltal
1274 1280 47 36 25
1351 1279 140 37 kronor
1519 1278 70 37 och
1617 1278 185 37 beräknas
1830 1277 106 49 gifva
1964 1277 12 37 i

382 1338 132 49 utbyte

386 1411 31 33 1.
447 1408 465 49 laägeröl.sssseeseseee
868 1402 46 59 >
944 1405 73 35 600
1045 1404 86 36 liter
1160 1415 80 24 som
1269 1402 108 36 alltså
1405 1401 129 37 kostar
1561 1403 111 45 4,166
1705 1405 63 32 öre
1795 1413 68 36 per
1891 1399 86 37 liter

384 1463 33 34 2.
447 1460 180 50 pilsneröl
652 1491 16 4 ns
688 1489 225 6 meecescoccsccc
946 1458 71 35 615
1075 1468 18 23 >»
1192 1468 17 22 »
1312 1467 18 23 »
1451 1466 18 24 »
1562 1455 84 44 4,06
1725 1465 18 23 >»
1817 1464 18 24 »
1915 1464 17 24 >»

385 1515 32 34 3.
448 1511 274 50 pilsnerdricka
757 1542 155 5 ......ee
944 1511 73 35 822
1075 1521 17 23 »
1192 1520 18 23 oo»
1313 1519 17 24 »
1448 1518 18 24 »
1561 1508 83 45 304
1723 1517 18 24 »»
1813 1517 17 24 PP

486 1582 74 36 För
588 1586 55 31 att
671 1580 209 36 framställa
909 1592 143 23 samma
1079 1577 228 37 kvantiteter
1334 1577 155 48 lageröl,
1518 1574 182 50 pilsneröl
1728 1575 69 35 och
1817 1574 159 49 pilsner-

385 1634 128 37 dricka
541 1633 188 37 erfordras
758 1631 180 49 omkring
967 1632 46 35 64
1037 1630 64 49 kg.
1132 1628 245 38 maltextrakt
1406 1627 146 37 således
1572 1627 152 49 omring
1745 1628 70 35 221
1837 1625 141 38 burkar

383 1686 232 49 betingande
644 1699 46 23 en
718 1684 161 37 kostnad
909 1684 40 36 af
976 1684 71 35 125
1076 1683 141 35 kronor
1246 1683 46 34 97
1323 1686 72 32 öre.

513 1739 17 35 I
564 1738 306 48 beräkningarna
902 1741 63 31 äro
1000 1735 31 49 ej
1061 1740 199 43 upptagna
1289 1732 302 47 arbetskostnad,
1621 1732 197 35 maltskatt
1847 1745 48 21 m.
1925 1744 50 22 m.

384 1796 91 31 utan
504 1790 134 37 endast
666 1789 137 50 själfva
831 1787 314 37 materialvärdet.

512 1842 54 36 På
593 1842 126 49 grund
748 1841 40 36 af
813 1841 62 36 det
903 1839 156 37 anförda
1087 1838 129 37 ställer
1246 1837 61 49 sig
1335 1837 146 37 således

388 1915 30 33 1.
436 1911 144 50 lageröl
596 1911 118 36 omkr.
734 1912 58 46 6,4
809 1913 147 46 gånger
972 1908 134 50 dyrare
1122 1908 46 36 då
1178 1908 63 36 det
1252 1907 193 36 tillverkas
1458 1906 41 36 af
1506 1905 324 37 maltextraktist.
1844 1905 25 36 f.
1885 1904 91 37 malt

386 1967 33 34 2.
436 1964 180 49 pilsneröl
643 1976 17 24 »
734 1964 56 46 5,6
874 1975 17 23 >»
1025 1974 18 23 »
1138 1973 18 23 oo»
1319 1972 18 23 »
1603 1971 18 23 »
1853 1970 17 23 »

387 2019 33 34 3.
433 2016 189 50 pilsn.-dr.
654 2028 6 24 >
702 2012 15 58 =
734 2016 56 47 ö,7
876 2027 18 23 oo»
1028 2026 18 24 »
1139 2025 17 24 oo»
1320 2025 18 22 »
1599 2023 17 24 »
1852 2022 18 23 »
1959 2022 18 24 oo»

514 2085 73 37 Vid
615 2085 240 48 redogörelse
874 2083 59 37 för
952 2082 328 51 upplysningarna
1299 2082 84 36 från
1402 2081 45 36 de
1468 2080 149 49 apotek,
1637 2080 129 36 hvilka
1784 2078 194 38 befattade

386 2139 60 48 sig
466 2138 83 37 med
570 2137 228 37 fabrikation
818 2136 40 36 af
874 2135 251 45 maltextrakt,
1146 2134 198 37 framhålla
1363 2134 45 36 de
1429 2133 253 48 sakkunnige,
1703 2137 55 31 att
1786 2135 8 33 å
1810 2131 165 37 nämnda

386 2191 137 49 apotek
563 2189 243 37 tillverkades
848 2189 89 48 inga
975 2188 115 35 andra
1117 2187 269 48 maltpreparat
1414 2190 47 31 än
1490 2184 255 47 maltextrakt,
1774 2188 86 32 rent
1888 2183 87 36 eller

385 2243 136 37 tillsatt
549 2242 84 37 med
661 2241 321 37 medikamentösa
1010 2245 145 31 ämnen.
1198 2239 84 36 Den
1301 2238 146 48 årligen
1468 2237 203 37 afverkade
1690 2235 287 48 maltmängden

385 2300 130 45 syntes
549 2293 279 49 sammanlagdt
856 2292 101 37 hålla
985 2291 59 50 sig
1072 2291 138 37 mellan
1238 2292 138 46 45,000
1406 2289 71 38 och
1506 2290 138 47 50,000
1673 2288 201 49 kilogram,
1905 2287 70 37 och
