1864 2798
446 154 285 31 Statsutskottets
759 153 178 30 utlåtande
963 161 42 20 nr
1032 151 39 30 76
1096 151 39 30 år
1162 151 82 29 1955
1577 146 17 31 7

93 240 66 29 och
181 239 201 40 godkändes
407 249 41 19 av
470 238 198 39 riksdagen,
691 237 123 39 anslag
836 236 55 30 för
916 236 58 29 lån
996 236 53 29 till
1073 233 247 41 nybyggnader
1345 232 90 30 skall
1456 231 140 31 anvisas

93 291 134 38 jämväl
252 290 54 30 för
332 289 205 39 budgetåret
565 288 160 36 1955/56.
754 289 12 29 I
792 286 349 31 överensstämmelse
1168 285 79 29 med
1273 284 128 40 planen
1427 283 169 39 upptages

95 341 157 39 anslaget
272 341 78 29 med
374 341 14 28 1
407 340 60 29 170
482 339 65 30 000
565 340 142 28 kronor.

141 392 155 30 Svenska
320 390 342 39 diakonsällskapets
689 389 145 40 styrelse
860 388 64 29 har
950 387 148 30 anhållit
1124 395 57 20 om
1206 387 50 29 ett
1279 384 182 34 räntefritt
1485 392 113 21 amor-

96 442 193 39 teringslån
315 442 20 29 å
362 441 61 30 178
438 440 61 31 000
524 441 131 29 kronor
680 440 56 30 för
760 438 221 41 uppförande
1008 447 40 21 av
1074 437 57 30 två
1157 434 440 41 förläggningsbyggnader

95 493 59 30 vid
182 492 156 30 erkända
365 491 368 30 alkoholistanstalten
760 489 151 31 Östfora.

142 544 176 39 Styrelsen
346 542 55 31 för
431 542 173 29 stiftelsen
633 541 267 30 Äsbrohemmet
928 540 64 29 har
1020 538 180 30 hemställt
1229 546 58 21 om
1315 538 48 28 ett
1391 537 115 29 ränte-
1533 535 65 30 och

97 593 312 40 amorteringsfritt
429 593 59 29 lån
508 592 20 30 å
547 593 39 29 95
602 592 63 30 000
685 592 130 29 kronor
835 590 55 30 för
909 589 221 41 uppförande
1151 598 42 20 av
1211 590 49 28 ett
1278 586 321 42 personalbostads-

96 645 68 29 hus
189 644 58 30 vid
273 644 156 30 erkända
453 642 368 30 alkoholistanstalten
845 640 277 30 Åsbrohemmet.
1148 639 183 39 Därjämte
1357 636 146 32 föreslås
1528 636 71 31 viss

97 694 319 39 medelsanvisning
438 694 54 29 för
512 692 206 40 budgetåret
740 691 148 36 1956/57
912 691 55 30 för
989 690 228 30 anordnande
1240 699 43 20 av
1302 688 200 40 ytterligare
1525 695 75 32 per-

98 745 274 30 sonalbostäder.

141 794 395 41 Departementschefen
557 794 172 33 förordar,
751 794 51 29 att
824 793 112 29 medel
959 792 55 30 för
1035 792 68 29 den
1124 791 112 39 tredje
1259 790 65 30 och
1346 790 85 30 sista
1452 790 150 38 etappen

98 846 56 30 för
176 846 274 39 genomförande
472 854 42 21 av
535 845 129 39 planen
686 844 55 29 för
764 844 42 29 de
826 842 235 39 icke-statliga
1083 840 425 31 alkoholistanstalternas
1530 848 72 20 ma-

98 897 135 29 teriella
250 896 235 40 upprustning
501 895 139 30 anvisas
658 895 55 29 för
730 893 206 40 budgetåret
954 893 160 35 1955/56.
1132 892 119 39 Enligt
1268 891 129 40 planen
1414 890 112 30 skulle
1543 889 59 30 lån

98 947 53 30 till
176 947 158 39 följande
357 946 219 30 återstående
598 944 375 41 nybyggnadsarbeten
995 943 268 40 ifrågakomma.

143 998 66 29 Vid
234 998 146 29 vardera
402 997 184 40 Björstorp
608 996 66 29 och
700 994 325 31 Västkusthemmet
1047 994 168 39 uppföres
1238 991 364 40 ekonomibyggnader

99 1049 56 29 för
173 1058 44 20 en
237 1048 150 29 kostnad
406 1057 42 20 av
469 1047 61 29 160
545 1047 62 30 000
626 1047 141 28 kronor.
787 1045 220 39 Lillegården
1028 1044 149 30 erhåller
1196 1053 43 20 en
1258 1052 46 30 ny
1322 1041 281 31 föreståndarbo-

100 1099 77 29 stad
198 1098 55 30 för
273 1099 40 29 95
328 1098 63 30 000
412 1098 140 29 kronor.
572 1097 94 30 Även
686 1096 58 30 vid
763 1096 196 39 Hägerstad
979 1095 127 39 bygges
1128 1095 78 39 nytt
1226 1093 211 30 bostadshus
1459 1092 35 30 åt
1514 1092 90 30 före-

101 1149 200 33 ståndaren,
330 1148 245 39 inrymmande
604 1147 134 39 jämväl
767 1147 138 28 kontor.
945 1145 204 30 Kostnaden
1177 1144 174 30 beräknas
1380 1143 52 29 till
1465 1143 60 30 115
1540 1142 64 30 000

102 1200 140 29 kronor.
271 1199 260 39 Ribbingebäck
560 1198 112 30 förses
704 1197 78 29 med
812 1198 48 28 ett
889 1198 79 38 nytt
996 1194 387 41 personalbostadshus,
1413 1193 75 31 vari
1518 1194 88 29 även

100 1250 178 29 anordnas
307 1250 359 38 kontorsutrymmen,
698 1248 132 29 lokaler
860 1247 56 29 för
947 1247 238 39 patienternas
1216 1244 389 40 fritidssysselsättning

101 1310 44 20 m.
169 1310 46 20 m.
239 1301 165 29 ävensom
426 1298 264 31 värmecentral.
715 1298 128 30 Härför
866 1298 175 29 beräknas
1067 1306 44 20 en
1136 1296 239 30 totalkostnad
1399 1304 42 21 av
1466 1294 61 30 170
1542 1294 63 30 000

101 1352 141 29 kronor.
262 1351 65 29 Vid
350 1350 290 31 Vårnäshemmet
660 1350 161 36 anlägges
840 1357 47 28 ny
905 1348 116 29 brunn
1039 1347 65 30 och
1126 1346 132 30 utföres
1276 1346 93 30 vissa
1389 1345 108 30 andra
1516 1347 89 35 yttre

104 1402 143 30 arbeten
265 1401 55 30 för
338 1401 234 38 sammanlagt
593 1400 40 30 18
648 1400 63 30 000
731 1399 141 35 kronor,
890 1398 175 40 varjämte
1085 1407 46 31 ny
1150 1397 237 30 rättarbostad
1404 1396 128 39 bygges
1551 1395 56 30 för

102 1452 41 30 60
158 1452 63 30 000
245 1452 140 29 kronor.
410 1451 120 29 Kurön
555 1451 159 29 utrustas
739 1450 79 29 med
844 1448 254 30 fritidslokaler
1121 1448 12 29 i
1157 1457 42 20 en
1223 1446 303 39 barackbyggnad,
1551 1445 56 30 för

101 1511 80 21 vars
204 1501 235 40 uppsättande
461 1500 174 30 beräknas
659 1500 42 30 30
716 1500 62 30 000
801 1500 142 28 kronor.
970 1498 168 40 Slutligen
1162 1498 169 39 uppföres
1354 1497 57 30 vid
1436 1504 106 22 envar
1565 1504 42 21 av

100 1552 268 30 Åsbrohemmet
389 1551 65 29 och
477 1551 194 39 Älvgården
694 1559 68 31 nya
784 1549 443 39 förläggningsbyggnader
1249 1548 79 29 med
1353 1547 39 30 18
1413 1546 195 40 vårdsplat-

103 1612 65 20 ser.
189 1603 68 29 För
276 1601 283 30 Åsbrohemmets
579 1601 55 30 del
654 1600 174 30 beräknas
849 1600 198 29 kostnaden
1067 1599 53 31 till
1141 1598 58 30 180
1212 1598 59 30 000
1291 1599 141 33 kronor,
1454 1596 55 31 för
1530 1595 77 31 Älv-

103 1653 150 39 gårdens
276 1652 55 30 del
355 1652 54 29 till
434 1652 61 30 182
510 1652 62 30 000
598 1652 131 29 kronor
754 1650 174 30 inklusive
952 1650 182 39 ledningar
1158 1658 45 21 m.
1230 1658 45 21 m.

146 1703 118 30 Totalt
284 1703 112 30 skulle
415 1702 239 30 kostnaderna
672 1702 55 30 för
746 1702 41 29 de
806 1700 220 31 återstående
1045 1699 394 40 nybyggnadsarbetena
1459 1698 149 31 sålunda

103 1753 118 40 uppgå
242 1754 52 29 till
317 1753 94 30 1170
426 1752 62 31 000
511 1753 141 29 kronor.
672 1752 66 29 Det
758 1751 157 34 föreslås,
937 1753 51 27 att
1008 1751 96 29 detta
1123 1750 126 40 belopp
1270 1750 139 31 anvisas
1431 1749 55 31 för
1506 1750 102 29 nästa

103 1804 181 39 budgetår.

147 1855 76 29 Vad
243 1854 154 30 härefter
419 1853 108 39 angår
548 1854 42 29 de
611 1862 43 21 av
677 1853 155 29 Svenska
855 1851 326 39 diakonsällskapet
1202 1850 65 30 och
1290 1850 173 30 stiftelsen
1484 1849 125 31 Åsbro-

103 1905 155 30 hemmet
280 1904 123 40 gjorda
425 1903 352 39 framställningarna
799 1911 56 21 om
879 1902 58 29 lån
960 1901 60 30 vill
1042 1900 387 41 departementschefen
1451 1900 72 30 helt
1547 1900 62 30 all-

105 1957 98 28 mänt
228 1955 120 33 uttala,
374 1955 51 29 att
450 1954 71 29 han
543 1953 117 30 finner
686 1953 58 29 det
768 1952 136 30 mindre
919 1951 346 42 tillfredsställande,
1289 1952 51 28 att
1365 1951 68 29 den
1456 1960 42 21 av
1524 1951 84 30 1953

105 2006 57 29 års
189 2006 143 38 riksdag
356 2005 11 29 i
394 2004 137 40 princip
559 2003 186 39 godkända
770 2002 388 40 upprustningsplanen
1184 2001 129 32 ändras
1339 2001 82 30 eller
1447 2001 161 39 utvidgas

104 2056 45 39 på
171 2055 126 30 sådant
319 2057 79 32 sätt,
423 2055 50 29 att
495 2054 67 30 den
583 2053 200 30 fastställda
806 2053 294 29 kostnadsramen
1123 2052 229 30 överskrides.
1376 2052 74 29 Den
1473 2060 42 22 av
1537 2051 73 30 dia-

103 2106 261 36 konsällskapet
386 2105 195 36 föreslagna
603 2103 192 38 ändringen
817 2103 116 29 finner
956 2102 377 37 departementschefen
1356 2101 188 30 emellertid
1568 2110 43 21 ur

105 2156 88 30 flera
219 2156 219 39 synpunkter
460 2154 270 30 beaktansvärd.
755 2153 81 30 Dels
863 2162 103 30 synes
992 2152 177 39 nämligen
1192 2152 167 39 förslaget
1383 2152 159 30 medföra
1566 2161 44 21 en

105 2205 171 39 väsentlig
305 2204 211 40 förbättring
546 2214 42 21 av
618 2203 513 40 förläggningsförhållandena
1160 2202 58 30 vid
1249 2201 319 31 Östforaanstalten
1599 2202 10 29 i

105 2255 204 39 jämförelse
336 2255 78 29 med
441 2255 67 29 den
534 2254 200 30 fastställda
760 2254 139 39 planen,
925 2253 74 29 dels
1026 2252 192 30 innefattar
1247 2252 166 39 förslaget
1439 2261 42 20 en
1509 2252 101 29 utök-

107 2306 84 38 ning
215 2315 42 20 av
279 2305 132 29 antalet
433 2304 217 39 vårdplatser
675 2303 58 30 vid
757 2303 175 29 anstalten
957 2302 79 30 med
1063 2302 49 34 13,
1138 2302 104 39 något
1266 2311 76 20 som
1367 2302 78 29 med
1470 2301 141 40 hänsyn

106 2356 52 29 till
178 2355 155 30 rådande
353 2354 181 40 knapphet
552 2354 45 39 på
615 2353 219 40 vårdplatser
853 2352 57 30 vid
933 2352 409 30 alkoholistanstalterna
1362 2352 111 29 måste
1491 2351 119 31 hälsas

107 2406 76 29 med
208 2405 310 30 tillfredsställelse.
545 2402 395 41 Departementschefen
966 2411 102 21 anser
1094 2402 51 39 sig
1169 2402 121 30 därför
1313 2401 84 31 böra
1422 2401 188 40 tillstyrka,

107 2457 51 28 att
183 2455 324 39 diakonsällskapet
531 2454 147 39 beviljas
705 2454 57 29 det
786 2453 152 39 begärda
966 2452 329 39 amorteringslånet
1320 2452 20 30 å
1367 2452 61 30 178
1442 2452 63 31 000
1531 2452 79 30 kro-
