2216 2642
657 205 260 34 Statsutskottets
950 203 175 34 Utlåtande
1152 203 66 32 N:o
1248 204 52 30 84.
1677 197 44 32 15

885 880 87 40 N:o
1000 879 77 40 84.

760 1038 76 28 Ank.
861 1037 49 28 till
933 1036 102 28 Riksd.
1059 1034 97 29 kansli
1182 1035 55 27 den
1264 1036 14 25 1
1304 1033 57 36 maj
1388 1033 91 33 1899,
1503 1031 40 28 kl.
1567 1031 19 27 4
1610 1040 24 19 e.
1658 1040 38 18 m.

394 1187 204 45 Utlåtande,
640 1187 15 35 i
694 1185 194 48 anledning
930 1184 47 48 af
1013 1182 129 49 Kongl.
1185 1181 127 48 Maj:ts
1343 1179 227 48 proposition
1598 1177 184 48 angående

588 1246 212 48 disposition
827 1245 48 48 af
897 1242 313 48 kronolägenheten
1238 1239 217 37 Halmstads
1481 1237 182 49 slottsjord
1691 1242 92 30 samt

588 1320 40 23 en
657 1307 96 35 inom
780 1304 207 48 Riksdagen
1013 1303 15 35 i
1054 1314 138 24 samma
1221 1305 102 31 ämne
1351 1299 102 36 väckt
1479 1298 141 36 motion.

1546 1365 41 49 (I.
1618 1364 60 48 A.)

292 1481 18 36 I
338 1494 44 23 en
426 1479 57 37 till
523 1478 221 48 Riksdagen
780 1475 151 46 aflåten,
972 1473 57 37 till
1070 1471 300 38 statsutskottets
1411 1468 276 38 förberedande
1719 1468 64 36 be-

189 1533 186 48 handling
401 1530 219 39 remitterad
648 1528 234 51 proposition
911 1525 76 50 (n:o
1016 1524 62 49 29)
1109 1525 41 36 af
1175 1524 72 37 den
1276 1526 45 34 27
1345 1522 150 50 januari
1525 1519 257 39 innevarande

193 1589 40 34 år
261 1584 205 47 meddelas,
495 1583 180 36 hurusom
703 1580 58 37 till
789 1578 218 38 Halmstads
1037 1577 93 37 slott
1155 1576 117 37 redan
1299 1574 121 37 under
1447 1573 103 37 äldre
1577 1573 99 36 tider
1704 1572 77 37 viss

186 1637 90 50 jord
317 1637 241 48 disponerats
600 1637 128 34 såsom
767 1630 196 49 ladugård.
1020 1629 132 37 Denna
1176 1627 90 50 jord
1293 1626 98 37 hade
1421 1625 119 49 enligt
1567 1623 217 38 verkstälda

192 1687 411 46 skiftesförrättningar
643 1684 127 37 blifvit
810 1682 150 48 förlagd
987 1681 12 37 i
1027 1687 55 30 tre
1120 1679 153 47 skiften,
1302 1677 193 49 nemligen
1522 1676 261 49 inegoskiftet,

192 1741 64 36 det
284 1754 28 22 s.
342 1740 35 36 k.
409 1738 177 37 utskiftet
615 1736 92 37 eller
733 1734 232 49 lägenheten
992 1732 198 49 Tyludden
1220 1734 98 33 samt
1346 1730 64 36 det
1433 1742 28 23 s.
1483 1729 34 35 k.
1538 1727 245 47 framskiftet,

192 1792 152 48 beläget
371 1791 13 36 i
412 1788 277 48 sammanhang
717 1786 86 37 med
830 1784 262 50 inegojorden,
1121 1781 212 48 hvarjemte
1362 1779 249 50 slottsjorden
1639 1778 144 48 tillagts

192 1844 111 37 andel
330 1843 12 36 i
370 1842 103 37 vissa
510 1839 309 49 samfälligheter.
874 1837 101 36 Från
1002 1836 64 36 det
1095 1834 166 46 område,
1291 1846 80 24 som
1400 1831 212 38 tillskiftats
1642 1831 140 45 slottet,

193 1896 198 37 äfvensom
418 1894 86 36 från
530 1892 138 50 planen
697 1894 169 33 närmast
893 1888 135 49 sjelfva
1056 1885 345 50 slottsbyggnaden
1422 1884 95 36 hade
1537 1882 120 37 under
1677 1885 107 33 årens

192 1947 89 49 lopp
322 1947 90 36 flere
447 1944 266 48 afsöndringar
741 1942 112 37 skett.
911 1939 163 38 Sålunda
1102 1938 97 37 hade
1229 1936 140 48 Kongl.
1400 1935 107 49 Maj:t
1535 1934 81 38 dels
1646 1947 138 36 genom

193 1999 89 36 bref
305 1998 74 37 den
407 2000 24 34 4
455 1995 149 51 januari
635 1996 97 36 1855
762 1992 213 49 medgifvit,
1005 1995 54 32 att
1086 1990 58 36 till
1173 1990 97 49 plats
1298 1989 60 36 för
1385 1986 183 38 Hallands
1594 1986 82 36 läns
1697 1985 87 37 cell-

194 2050 171 49 fängelse
406 2049 102 48 finge
543 2047 58 37 för
619 2046 107 37 alltid
753 2044 175 50 upplåtas
958 2056 45 23 en
1030 2042 12 36 i
1070 2041 272 48 inegoskiftets
1369 2039 201 36 nordöstra
1598 2037 97 37 hörn
1722 2037 63 36 be-

194 2102 113 47 lägen
349 2099 195 51 jordrymd
586 2111 61 22 om
690 2099 37 39 '/;
756 2095 196 46 tunnland,
995 2093 79 36 dels
1104 2105 138 35 genom
1271 2091 86 36 bref
1383 2091 73 36 den
1487 2092 45 33 24
1561 2088 97 49 april
1688 2090 97 34 1863

194 2153 128 37 tillåtit
363 2151 106 49 dylik
508 2148 211 50 upplåtelse
761 2148 84 35 från
882 2143 341 49 slottsträdgården
1253 2142 40 37 af
1320 2144 20 34 2
1370 2140 222 50 qvadratref
1619 2141 46 34 78
1697 2152 87 35 qva-

196 2206 242 45 dratstänger
480 2204 77 44 23,5
586 2199 216 50 qvadratfot
843 2197 107 38 mark
984 2196 55 36 till
1068 2196 100 48 plats
1196 2194 58 37 för
1281 2198 85 45 nytt
1393 2191 282 45 läroverkshus,
1705 2190 80 36 dels

197 2258 69 36 ock
308 2255 119 48 enligt
467 2253 87 37 bref
587 2252 73 36 den
695 2253 47 34 23
772 2250 72 49 maj
878 2251 97 34 1873
1004 2246 157 50 beviljat
1188 2244 211 50 upplåtelse
1429 2247 37 33 åt
1494 2243 135 37 staden
1657 2241 128 37 Halm-

197 2309 84 36 stad
322 2307 41 37 af
400 2310 149 42 tomter,
578 2302 168 38 hörande
775 2301 55 37 till
859 2301 45 36 de
932 2300 109 36 forna
1069 2296 340 50 fästningsverken
1439 2294 176 49 omkring
1644 2293 141 47 slottet,
