<?xml version="1.0" encoding="UTF-8"?>
<alto xmlns="http://www.loc.gov/standards/alto/ns-v3#" xmlns:xlink="http://www.w3.org/1999/xlink" xmlns:xsi="http://www.w3.org/2001/XMLSchema-instance" xsi:schemaLocation="http://www.loc.gov/standards/alto/ns-v3# http://www.loc.gov/alto/v3/alto-3-0.xsd">
	<Description>
		<MeasurementUnit>pixel</MeasurementUnit>
		<sourceImageInformation>
			<fileName>/tmp/tess_t_nn1r_w_input.PNG</fileName>
		</sourceImageInformation>
		<OCRProcessing ID="OCR_0">
			<ocrProcessingStep>
				<processingSoftware>
					<softwareName>tesseract 5.3.0</softwareName>
				</processingSoftware>
			</ocrProcessingStep>
		</OCRProcessing>
	</Description>
	<Layout>
		<Page WIDTH="1870" HEIGHT="2794" PHYSICAL_IMG_NR="0" ID="page_0">
			<PrintSpace HPOS="0" VPOS="0" WIDTH="1870" HEIGHT="2794">
				<ComposedBlock ID="cblock_0" HPOS="489" VPOS="139" WIDTH="1118" HEIGHT="50">
					<TextBlock ID="block_0" HPOS="489" VPOS="139" WIDTH="1118" HEIGHT="50">
						<TextLine ID="line_0" HPOS="489" VPOS="139" WIDTH="1118" HEIGHT="50">
							<String ID="string_0" HPOS="489" VPOS="150" WIDTH="124" HEIGHT="39" WC="0.92" CONTENT="Tredje"/><SP WIDTH="24" VPOS="150" HPOS="613"/>
							<String ID="string_1" HPOS="637" VPOS="148" WIDTH="246" HEIGHT="40" WC="0.92" CONTENT="lagutskottets"/><SP WIDTH="25" VPOS="148" HPOS="883"/>
							<String ID="string_2" HPOS="908" VPOS="145" WIDTH="179" HEIGHT="31" WC="0.96" CONTENT="utlåtande"/><SP WIDTH="22" VPOS="145" HPOS="1087"/>
							<String ID="string_3" HPOS="1109" VPOS="153" WIDTH="44" HEIGHT="20" WC="0.96" CONTENT="nr"/><SP WIDTH="27" VPOS="153" HPOS="1153"/>
							<String ID="string_4" HPOS="1180" VPOS="143" WIDTH="50" HEIGHT="31" WC="0.96" CONTENT="23."/><SP WIDTH="338" VPOS="143" HPOS="1230"/>
							<String ID="string_5" HPOS="1568" VPOS="139" WIDTH="39" HEIGHT="30" WC="0.91" CONTENT="27"/>
						</TextLine>
					</TextBlock>
				</ComposedBlock>
				<ComposedBlock ID="cblock_1" HPOS="104" VPOS="225" WIDTH="1528" HEIGHT="2269">
					<TextBlock ID="block_1" HPOS="104" VPOS="225" WIDTH="1508" HEIGHT="552">
						<TextLine ID="line_1" HPOS="104" VPOS="225" WIDTH="1504" HEIGHT="54">
							<String ID="string_6" HPOS="104" VPOS="240" WIDTH="166" HEIGHT="39" WC="0.96" CONTENT="olämplig"/><SP WIDTH="24" VPOS="240" HPOS="270"/>
							<String ID="string_7" HPOS="294" VPOS="240" WIDTH="90" HEIGHT="28" WC="0.96" CONTENT="samt"/><SP WIDTH="23" VPOS="240" HPOS="384"/>
							<String ID="string_8" HPOS="407" VPOS="237" WIDTH="166" HEIGHT="33" WC="0.96" CONTENT="förordat,"/><SP WIDTH="24" VPOS="237" HPOS="573"/>
							<String ID="string_9" HPOS="597" VPOS="238" WIDTH="51" HEIGHT="27" WC="0.96" CONTENT="att"/><SP WIDTH="23" VPOS="238" HPOS="648"/>
							<String ID="string_10" HPOS="671" VPOS="235" WIDTH="56" HEIGHT="30" WC="0.96" CONTENT="vid"/><SP WIDTH="24" VPOS="235" HPOS="727"/>
							<String ID="string_11" HPOS="751" VPOS="244" WIDTH="41" HEIGHT="19" WC="0.96" CONTENT="en"/><SP WIDTH="23" VPOS="244" HPOS="792"/>
							<String ID="string_12" HPOS="815" VPOS="232" WIDTH="151" HEIGHT="32" WC="0.96" CONTENT="revision"/><SP WIDTH="24" VPOS="232" HPOS="966"/>
							<String ID="string_13" HPOS="990" VPOS="241" WIDTH="42" HEIGHT="20" WC="0.96" CONTENT="av"/><SP WIDTH="25" VPOS="241" HPOS="1032"/>
							<String ID="string_14" HPOS="1057" VPOS="228" WIDTH="366" HEIGHT="41" WC="0.91" CONTENT="lagbestämmelserna"/><SP WIDTH="24" VPOS="228" HPOS="1423"/>
							<String ID="string_15" HPOS="1447" VPOS="226" WIDTH="44" HEIGHT="39" WC="0.96" CONTENT="på"/><SP WIDTH="22" VPOS="226" HPOS="1491"/>
							<String ID="string_16" HPOS="1513" VPOS="225" WIDTH="95" HEIGHT="29" WC="0.96" CONTENT="detta"/>
						</TextLine>
						<TextLine ID="line_2" HPOS="105" VPOS="275" WIDTH="1504" HEIGHT="46">
							<String ID="string_17" HPOS="105" VPOS="290" WIDTH="143" HEIGHT="30" WC="0.96" CONTENT="område"/><SP WIDTH="26" VPOS="290" HPOS="248"/>
							<String ID="string_18" HPOS="274" VPOS="289" WIDTH="154" HEIGHT="30" WC="0.96" CONTENT="nämnda"/><SP WIDTH="26" VPOS="289" HPOS="428"/>
							<String ID="string_19" HPOS="454" VPOS="288" WIDTH="89" HEIGHT="29" WC="0.96" CONTENT="båda"/><SP WIDTH="27" VPOS="288" HPOS="543"/>
							<String ID="string_20" HPOS="570" VPOS="286" WIDTH="140" HEIGHT="29" WC="0.96" CONTENT="institut"/><SP WIDTH="27" VPOS="286" HPOS="710"/>
							<String ID="string_21" HPOS="737" VPOS="284" WIDTH="108" HEIGHT="30" WC="0.93" CONTENT="måtte"/><SP WIDTH="27" VPOS="284" HPOS="845"/>
							<String ID="string_22" HPOS="872" VPOS="283" WIDTH="154" HEIGHT="38" WC="0.92" CONTENT="lösgöras"/><SP WIDTH="27" VPOS="283" HPOS="1026"/>
							<String ID="string_23" HPOS="1053" VPOS="281" WIDTH="80" HEIGHT="30" WC="0.96" CONTENT="från"/><SP WIDTH="27" VPOS="281" HPOS="1133"/>
							<String ID="string_24" HPOS="1160" VPOS="279" WIDTH="183" HEIGHT="30" WC="0.96" CONTENT="varandra."/><SP WIDTH="27" VPOS="279" HPOS="1343"/>
							<String ID="string_25" HPOS="1370" VPOS="275" WIDTH="239" HEIGHT="38" WC="0.96" CONTENT="Utredningen"/>
						</TextLine>
						<TextLine ID="line_3" HPOS="105" VPOS="327" WIDTH="1504" HEIGHT="51">
							<String ID="string_26" HPOS="105" VPOS="342" WIDTH="64" HEIGHT="29" WC="0.96" CONTENT="har"/><SP WIDTH="21" VPOS="342" HPOS="169"/>
							<String ID="string_27" HPOS="190" VPOS="340" WIDTH="88" HEIGHT="30" WC="0.96" CONTENT="dock"/><SP WIDTH="23" VPOS="340" HPOS="278"/>
							<String ID="string_28" HPOS="301" VPOS="339" WIDTH="29" HEIGHT="39" WC="0.93" CONTENT="ej"/><SP WIDTH="25" VPOS="339" HPOS="330"/>
							<String ID="string_29" HPOS="355" VPOS="340" WIDTH="113" HEIGHT="29" WC="0.85" CONTENT="anselt"/><SP WIDTH="23" VPOS="340" HPOS="468"/>
							<String ID="string_30" HPOS="491" VPOS="338" WIDTH="50" HEIGHT="38" WC="0.96" CONTENT="sig"/><SP WIDTH="20" VPOS="338" HPOS="541"/>
							<String ID="string_31" HPOS="561" VPOS="337" WIDTH="85" HEIGHT="29" WC="0.97" CONTENT="böra"/><SP WIDTH="21" VPOS="337" HPOS="646"/>
							<String ID="string_32" HPOS="667" VPOS="345" WIDTH="47" HEIGHT="20" WC="0.96" CONTENT="nu"/><SP WIDTH="25" VPOS="345" HPOS="714"/>
							<String ID="string_33" HPOS="739" VPOS="334" WIDTH="129" HEIGHT="30" WC="0.96" CONTENT="föreslå"/><SP WIDTH="21" VPOS="334" HPOS="868"/>
							<String ID="string_34" HPOS="889" VPOS="332" WIDTH="201" HEIGHT="30" WC="0.96" CONTENT="införandet"/><SP WIDTH="22" VPOS="332" HPOS="1090"/>
							<String ID="string_35" HPOS="1112" VPOS="340" WIDTH="42" HEIGHT="20" WC="0.95" CONTENT="av"/><SP WIDTH="21" VPOS="340" HPOS="1154"/>
							<String ID="string_36" HPOS="1175" VPOS="340" WIDTH="42" HEIGHT="20" WC="0.95" CONTENT="en"/><SP WIDTH="23" VPOS="340" HPOS="1217"/>
							<String ID="string_37" HPOS="1240" VPOS="328" WIDTH="150" HEIGHT="31" WC="0.93" CONTENT="särskild"/><SP WIDTH="23" VPOS="328" HPOS="1390"/>
							<String ID="string_38" HPOS="1413" VPOS="327" WIDTH="196" HEIGHT="37" WC="0.91" CONTENT="värdesteg-"/>
						</TextLine>
						<TextLine ID="line_4" HPOS="107" VPOS="376" WIDTH="1504" HEIGHT="54">
							<String ID="string_39" HPOS="107" VPOS="389" WIDTH="367" HEIGHT="41" WC="0.91" CONTENT="ringsexpropriation,"/><SP WIDTH="30" VPOS="389" HPOS="474"/>
							<String ID="string_40" HPOS="504" VPOS="388" WIDTH="83" HEIGHT="30" WC="0.96" CONTENT="enär"/><SP WIDTH="30" VPOS="388" HPOS="587"/>
							<String ID="string_41" HPOS="617" VPOS="396" WIDTH="42" HEIGHT="20" WC="0.96" CONTENT="en"/><SP WIDTH="31" VPOS="396" HPOS="659"/>
							<String ID="string_42" HPOS="690" VPOS="385" WIDTH="96" HEIGHT="40" WC="0.93" CONTENT="dylik"/><SP WIDTH="31" VPOS="385" HPOS="786"/>
							<String ID="string_43" HPOS="817" VPOS="383" WIDTH="207" HEIGHT="40" WC="0.91" CONTENT="nybildning"/><SP WIDTH="28" VPOS="383" HPOS="1024"/>
							<String ID="string_44" HPOS="1052" VPOS="381" WIDTH="107" HEIGHT="39" WC="0.96" CONTENT="enligt"/><SP WIDTH="29" VPOS="381" HPOS="1159"/>
							<String ID="string_45" HPOS="1188" VPOS="379" WIDTH="250" HEIGHT="38" WC="0.96" CONTENT="utredningens"/><SP WIDTH="30" VPOS="379" HPOS="1438"/>
							<String ID="string_46" HPOS="1468" VPOS="376" WIDTH="143" HEIGHT="39" WC="0.96" CONTENT="mening"/>
						</TextLine>
						<TextLine ID="line_5" HPOS="106" VPOS="427" WIDTH="1503" HEIGHT="52">
							<String ID="string_47" HPOS="106" VPOS="441" WIDTH="163" HEIGHT="30" WC="0.96" CONTENT="tillhörde"/><SP WIDTH="17" VPOS="441" HPOS="269"/>
							<String ID="string_48" HPOS="286" VPOS="441" WIDTH="57" HEIGHT="29" WC="0.96" CONTENT="det"/><SP WIDTH="19" VPOS="441" HPOS="343"/>
							<String ID="string_49" HPOS="362" VPOS="442" WIDTH="93" HEIGHT="27" WC="0.96" CONTENT="stora"/><SP WIDTH="17" VPOS="442" HPOS="455"/>
							<String ID="string_50" HPOS="472" VPOS="438" WIDTH="193" HEIGHT="41" WC="0.96" CONTENT="problemet"/><SP WIDTH="16" VPOS="438" HPOS="665"/>
							<String ID="string_51" HPOS="681" VPOS="446" WIDTH="57" HEIGHT="20" WC="0.96" CONTENT="om"/><SP WIDTH="19" VPOS="446" HPOS="738"/>
							<String ID="string_52" HPOS="757" VPOS="435" WIDTH="211" HEIGHT="38" WC="0.96" CONTENT="indragning"/><SP WIDTH="18" VPOS="435" HPOS="968"/>
							<String ID="string_53" HPOS="986" VPOS="443" WIDTH="41" HEIGHT="20" WC="0.93" CONTENT="av"/><SP WIDTH="19" VPOS="443" HPOS="1027"/>
							<String ID="string_54" HPOS="1046" VPOS="432" WIDTH="172" HEIGHT="39" WC="0.92" CONTENT="oförtjänt"/><SP WIDTH="18" VPOS="432" HPOS="1218"/>
							<String ID="string_55" HPOS="1236" VPOS="427" WIDTH="373" HEIGHT="39" WC="0.88" CONTENT="markvärdestegring."/>
						</TextLine>
						<TextLine ID="line_6" HPOS="107" VPOS="479" WIDTH="1503" HEIGHT="50">
							<String ID="string_56" HPOS="107" VPOS="493" WIDTH="75" HEIGHT="29" WC="0.96" CONTENT="Den"/><SP WIDTH="25" VPOS="493" HPOS="182"/>
							<String ID="string_57" HPOS="207" VPOS="492" WIDTH="63" HEIGHT="29" WC="0.96" CONTENT="har"/><SP WIDTH="7" VPOS="492" HPOS="270"/>
							<String ID="string_58" HPOS="277" VPOS="475" WIDTH="22" HEIGHT="58" WC="0.96" CONTENT="i"/><SP WIDTH="28" VPOS="475" HPOS="299"/>
							<String ID="string_59" HPOS="327" VPOS="490" WIDTH="115" HEIGHT="30" WC="0.96" CONTENT="stället"/><SP WIDTH="23" VPOS="490" HPOS="442"/>
							<String ID="string_60" HPOS="465" VPOS="489" WIDTH="76" HEIGHT="40" WC="0.96" CONTENT="nöjt"/><SP WIDTH="24" VPOS="489" HPOS="541"/>
							<String ID="string_61" HPOS="565" VPOS="488" WIDTH="51" HEIGHT="39" WC="0.96" CONTENT="sig"/><SP WIDTH="27" VPOS="488" HPOS="616"/>
							<String ID="string_62" HPOS="643" VPOS="487" WIDTH="79" HEIGHT="30" WC="0.97" CONTENT="med"/><SP WIDTH="23" VPOS="487" HPOS="722"/>
							<String ID="string_63" HPOS="745" VPOS="488" WIDTH="50" HEIGHT="28" WC="0.96" CONTENT="att"/><SP WIDTH="23" VPOS="488" HPOS="795"/>
							<String ID="string_64" HPOS="818" VPOS="485" WIDTH="129" HEIGHT="30" WC="0.96" CONTENT="föreslå"/><SP WIDTH="24" VPOS="485" HPOS="947"/>
							<String ID="string_65" HPOS="971" VPOS="484" WIDTH="93" HEIGHT="30" WC="0.96" CONTENT="vissa"/><SP WIDTH="24" VPOS="484" HPOS="1064"/>
							<String ID="string_66" HPOS="1088" VPOS="483" WIDTH="110" HEIGHT="39" WC="0.96" CONTENT="regler"/><SP WIDTH="25" VPOS="483" HPOS="1198"/>
							<String ID="string_67" HPOS="1223" VPOS="490" WIDTH="56" HEIGHT="21" WC="0.96" CONTENT="om"/><SP WIDTH="23" VPOS="490" HPOS="1279"/>
							<String ID="string_68" HPOS="1302" VPOS="479" WIDTH="308" HEIGHT="39" WC="0.96" CONTENT="fastighetsägares"/>
						</TextLine>
						<TextLine ID="line_7" HPOS="108" VPOS="530" WIDTH="1504" HEIGHT="52">
							<String ID="string_69" HPOS="108" VPOS="542" WIDTH="198" HEIGHT="40" WC="0.96" CONTENT="skyldighet"/><SP WIDTH="18" VPOS="542" HPOS="306"/>
							<String ID="string_70" HPOS="324" VPOS="543" WIDTH="50" HEIGHT="28" WC="0.96" CONTENT="att"/><SP WIDTH="18" VPOS="543" HPOS="374"/>
							<String ID="string_71" HPOS="392" VPOS="541" WIDTH="118" HEIGHT="29" WC="0.96" CONTENT="lämna"/><SP WIDTH="16" VPOS="541" HPOS="510"/>
							<String ID="string_72" HPOS="526" VPOS="539" WIDTH="123" HEIGHT="38" WC="0.96" CONTENT="bidrag"/><SP WIDTH="17" VPOS="539" HPOS="649"/>
							<String ID="string_73" HPOS="666" VPOS="538" WIDTH="53" HEIGHT="29" WC="0.93" CONTENT="till"/><SP WIDTH="19" VPOS="538" HPOS="719"/>
							<String ID="string_74" HPOS="738" VPOS="532" WIDTH="492" HEIGHT="42" WC="0.88" CONTENT="stadsombyggnadskostnad"/><SP WIDTH="24" VPOS="532" HPOS="1230"/>
							<String ID="string_75" HPOS="1254" VPOS="532" WIDTH="42" HEIGHT="34" WC="0.91" CONTENT="(s."/><SP WIDTH="21" VPOS="532" HPOS="1296"/>
							<String ID="string_76" HPOS="1317" VPOS="531" WIDTH="33" HEIGHT="31" WC="0.59" CONTENT="k."/><SP WIDTH="20" VPOS="531" HPOS="1350"/>
							<String ID="string_77" HPOS="1370" VPOS="530" WIDTH="242" HEIGHT="30" WC="0.91" CONTENT="betterments-"/>
						</TextLine>
						<TextLine ID="line_8" HPOS="108" VPOS="581" WIDTH="1504" HEIGHT="50">
							<String ID="string_78" HPOS="108" VPOS="592" WIDTH="154" HEIGHT="39" WC="0.96" CONTENT="bidrag),"/><SP WIDTH="26" VPOS="592" HPOS="262"/>
							<String ID="string_79" HPOS="288" VPOS="591" WIDTH="94" HEIGHT="30" WC="0.96" CONTENT="vilka"/><SP WIDTH="24" VPOS="591" HPOS="382"/>
							<String ID="string_80" HPOS="406" VPOS="591" WIDTH="109" HEIGHT="38" WC="0.96" CONTENT="regler"/><SP WIDTH="24" VPOS="591" HPOS="515"/>
							<String ID="string_81" HPOS="539" VPOS="590" WIDTH="76" HEIGHT="39" WC="0.96" CONTENT="just"/><SP WIDTH="23" VPOS="590" HPOS="615"/>
							<String ID="string_82" HPOS="638" VPOS="589" WIDTH="127" HEIGHT="38" WC="0.96" CONTENT="bygger"/><SP WIDTH="23" VPOS="589" HPOS="765"/>
							<String ID="string_83" HPOS="788" VPOS="587" WIDTH="45" HEIGHT="40" WC="0.96" CONTENT="på"/><SP WIDTH="24" VPOS="587" HPOS="833"/>
							<String ID="string_84" HPOS="857" VPOS="585" WIDTH="273" HEIGHT="41" WC="0.91" CONTENT="uppfattningen"/><SP WIDTH="25" VPOS="585" HPOS="1130"/>
							<String ID="string_85" HPOS="1155" VPOS="584" WIDTH="50" HEIGHT="28" WC="0.95" CONTENT="att"/><SP WIDTH="24" VPOS="584" HPOS="1205"/>
							<String ID="string_86" HPOS="1229" VPOS="583" WIDTH="41" HEIGHT="29" WC="0.96" CONTENT="de"/><SP WIDTH="25" VPOS="583" HPOS="1270"/>
							<String ID="string_87" HPOS="1295" VPOS="581" WIDTH="216" HEIGHT="38" WC="0.95" CONTENT="markägare,"/><SP WIDTH="27" VPOS="581" HPOS="1511"/>
							<String ID="string_88" HPOS="1538" VPOS="588" WIDTH="74" HEIGHT="21" WC="0.96" CONTENT="som"/>
						</TextLine>
						<TextLine ID="line_9" HPOS="109" VPOS="630" WIDTH="1502" HEIGHT="52">
							<String ID="string_89" HPOS="109" VPOS="643" WIDTH="119" HEIGHT="39" WC="0.96" CONTENT="njuter"/><SP WIDTH="23" VPOS="643" HPOS="228"/>
							<String ID="string_90" HPOS="251" VPOS="642" WIDTH="112" HEIGHT="30" WC="0.96" CONTENT="fördel"/><SP WIDTH="23" VPOS="642" HPOS="363"/>
							<String ID="string_91" HPOS="386" VPOS="651" WIDTH="41" HEIGHT="20" WC="0.96" CONTENT="av"/><SP WIDTH="24" VPOS="651" HPOS="427"/>
							<String ID="string_92" HPOS="451" VPOS="650" WIDTH="41" HEIGHT="20" WC="0.96" CONTENT="en"/><SP WIDTH="27" VPOS="650" HPOS="492"/>
							<String ID="string_93" HPOS="519" VPOS="639" WIDTH="173" HEIGHT="40" WC="0.96" CONTENT="reglering"/><SP WIDTH="23" VPOS="639" HPOS="692"/>
							<String ID="string_94" HPOS="715" VPOS="646" WIDTH="123" HEIGHT="30" WC="0.96" CONTENT="genom"/><SP WIDTH="24" VPOS="646" HPOS="838"/>
							<String ID="string_95" HPOS="862" VPOS="638" WIDTH="50" HEIGHT="27" WC="0.96" CONTENT="att"/><SP WIDTH="23" VPOS="638" HPOS="912"/>
							<String ID="string_96" HPOS="935" VPOS="636" WIDTH="101" HEIGHT="29" WC="0.96" CONTENT="deras"/><SP WIDTH="25" VPOS="636" HPOS="1036"/>
							<String ID="string_97" HPOS="1061" VPOS="634" WIDTH="206" HEIGHT="38" WC="0.96" CONTENT="fastigheter"/><SP WIDTH="25" VPOS="634" HPOS="1267"/>
							<String ID="string_98" HPOS="1292" VPOS="632" WIDTH="157" HEIGHT="30" WC="0.96" CONTENT="avsevärt"/><SP WIDTH="24" VPOS="632" HPOS="1449"/>
							<String ID="string_99" HPOS="1473" VPOS="630" WIDTH="106" HEIGHT="38" WC="0.95" CONTENT="stiger"/><SP WIDTH="22" VPOS="630" HPOS="1579"/>
							<String ID="string_100" HPOS="1601" VPOS="630" WIDTH="10" HEIGHT="29" WC="0.96" CONTENT="i"/>
						</TextLine>
						<TextLine ID="line_10" HPOS="110" VPOS="680" WIDTH="1502" HEIGHT="48">
							<String ID="string_101" HPOS="110" VPOS="693" WIDTH="104" HEIGHT="30" WC="0.96" CONTENT="värde"/><SP WIDTH="25" VPOS="693" HPOS="214"/>
							<String ID="string_102" HPOS="239" VPOS="693" WIDTH="114" HEIGHT="29" WC="0.96" CONTENT="såsom"/><SP WIDTH="25" VPOS="693" HPOS="353"/>
							<String ID="string_103" HPOS="378" VPOS="702" WIDTH="41" HEIGHT="19" WC="0.96" CONTENT="en"/><SP WIDTH="25" VPOS="702" HPOS="419"/>
							<String ID="string_104" HPOS="444" VPOS="691" WIDTH="113" HEIGHT="29" WC="0.96" CONTENT="direkt"/><SP WIDTH="24" VPOS="691" HPOS="557"/>
							<String ID="string_105" HPOS="581" VPOS="689" WIDTH="89" HEIGHT="39" WC="0.96" CONTENT="följd"/><SP WIDTH="25" VPOS="689" HPOS="670"/>
							<String ID="string_106" HPOS="695" VPOS="698" WIDTH="41" HEIGHT="20" WC="0.96" CONTENT="av"/><SP WIDTH="25" VPOS="698" HPOS="736"/>
							<String ID="string_107" HPOS="761" VPOS="687" WIDTH="226" HEIGHT="39" WC="0.95" CONTENT="regleringen,"/><SP WIDTH="24" VPOS="687" HPOS="987"/>
							<String ID="string_108" HPOS="1011" VPOS="686" WIDTH="62" HEIGHT="28" WC="0.96" CONTENT="bör"/><SP WIDTH="25" VPOS="686" HPOS="1073"/>
							<String ID="string_109" HPOS="1098" VPOS="685" WIDTH="98" HEIGHT="28" WC="0.96" CONTENT="bidra"/><SP WIDTH="25" VPOS="685" HPOS="1196"/>
							<String ID="string_110" HPOS="1221" VPOS="683" WIDTH="52" HEIGHT="29" WC="0.96" CONTENT="till"/><SP WIDTH="25" VPOS="683" HPOS="1273"/>
							<String ID="string_111" HPOS="1298" VPOS="682" WIDTH="236" HEIGHT="29" WC="0.96" CONTENT="kostnaderna"/><SP WIDTH="25" VPOS="682" HPOS="1534"/>
							<String ID="string_112" HPOS="1559" VPOS="680" WIDTH="53" HEIGHT="29" WC="0.96" CONTENT="för"/>
						</TextLine>
						<TextLine ID="line_11" HPOS="110" VPOS="736" WIDTH="1017" HEIGHT="41">
							<String ID="string_113" HPOS="110" VPOS="744" WIDTH="204" HEIGHT="29" WC="0.95" CONTENT="densamma"/><SP WIDTH="20" VPOS="744" HPOS="314"/>
							<String ID="string_114" HPOS="334" VPOS="743" WIDTH="132" HEIGHT="28" WC="0.96" CONTENT="oavsett"/><SP WIDTH="19" VPOS="743" HPOS="466"/>
							<String ID="string_115" HPOS="485" VPOS="750" WIDTH="60" HEIGHT="21" WC="0.96" CONTENT="var"/><SP WIDTH="21" VPOS="750" HPOS="545"/>
							<String ID="string_116" HPOS="566" VPOS="740" WIDTH="101" HEIGHT="29" WC="0.96" CONTENT="deras"/><SP WIDTH="21" VPOS="740" HPOS="667"/>
							<String ID="string_117" HPOS="688" VPOS="738" WIDTH="204" HEIGHT="39" WC="0.96" CONTENT="fastigheter"/><SP WIDTH="22" VPOS="738" HPOS="892"/>
							<String ID="string_118" HPOS="914" VPOS="738" WIDTH="37" HEIGHT="28" WC="0.96" CONTENT="är"/><SP WIDTH="19" VPOS="738" HPOS="951"/>
							<String ID="string_119" HPOS="970" VPOS="736" WIDTH="157" HEIGHT="38" WC="0.96" CONTENT="belägna."/>
						</TextLine>
					</TextBlock>
					<TextBlock ID="block_2" HPOS="110" VPOS="782" WIDTH="1511" HEIGHT="755">
						<TextLine ID="line_12" HPOS="156" VPOS="782" WIDTH="1458" HEIGHT="50">
							<String ID="string_120" HPOS="156" VPOS="794" WIDTH="76" HEIGHT="29" WC="0.96" CONTENT="Med"/><SP WIDTH="24" VPOS="794" HPOS="232"/>
							<String ID="string_121" HPOS="256" VPOS="794" WIDTH="136" HEIGHT="38" WC="0.96" CONTENT="hänsyn"/><SP WIDTH="25" VPOS="794" HPOS="392"/>
							<String ID="string_122" HPOS="417" VPOS="792" WIDTH="50" HEIGHT="29" WC="0.95" CONTENT="till"/><SP WIDTH="26" VPOS="792" HPOS="467"/>
							<String ID="string_123" HPOS="493" VPOS="792" WIDTH="66" HEIGHT="28" WC="0.96" CONTENT="den"/><SP WIDTH="25" VPOS="792" HPOS="559"/>
							<String ID="string_124" HPOS="584" VPOS="790" WIDTH="109" HEIGHT="29" WC="0.96" CONTENT="kritik"/><SP WIDTH="25" VPOS="790" HPOS="693"/>
							<String ID="string_125" HPOS="718" VPOS="798" WIDTH="73" HEIGHT="20" WC="0.96" CONTENT="som"/><SP WIDTH="25" VPOS="798" HPOS="791"/>
							<String ID="string_126" HPOS="816" VPOS="788" WIDTH="112" HEIGHT="29" WC="0.93" CONTENT="under"/><SP WIDTH="24" VPOS="788" HPOS="928"/>
							<String ID="string_127" HPOS="952" VPOS="785" WIDTH="385" HEIGHT="37" WC="0.91" CONTENT="remissbehandlingen"/><SP WIDTH="26" VPOS="785" HPOS="1337"/>
							<String ID="string_128" HPOS="1363" VPOS="783" WIDTH="153" HEIGHT="29" WC="0.96" CONTENT="riktades"/><SP WIDTH="27" VPOS="783" HPOS="1516"/>
							<String ID="string_129" HPOS="1543" VPOS="782" WIDTH="71" HEIGHT="28" WC="0.96" CONTENT="mot"/>
						</TextLine>
						<TextLine ID="line_13" HPOS="110" VPOS="827" WIDTH="1505" HEIGHT="56">
							<String ID="string_130" HPOS="110" VPOS="841" WIDTH="599" HEIGHT="42" WC="0.90" CONTENT="zonexpropriationsutredningens"/><SP WIDTH="22" VPOS="841" HPOS="709"/>
							<String ID="string_131" HPOS="731" VPOS="840" WIDTH="131" HEIGHT="37" WC="0.96" CONTENT="förslag"/><SP WIDTH="22" VPOS="840" HPOS="862"/>
							<String ID="string_132" HPOS="884" VPOS="847" WIDTH="56" HEIGHT="20" WC="0.96" CONTENT="om"/><SP WIDTH="21" VPOS="847" HPOS="940"/>
							<String ID="string_133" HPOS="961" VPOS="837" WIDTH="186" HEIGHT="29" WC="0.96" CONTENT="införande"/><SP WIDTH="23" VPOS="837" HPOS="1147"/>
							<String ID="string_134" HPOS="1170" VPOS="846" WIDTH="42" HEIGHT="19" WC="0.90" CONTENT="av"/><SP WIDTH="23" VPOS="846" HPOS="1212"/>
							<String ID="string_135" HPOS="1235" VPOS="845" WIDTH="25" HEIGHT="19" WC="0.90" CONTENT="s."/><SP WIDTH="24" VPOS="845" HPOS="1260"/>
							<String ID="string_136" HPOS="1284" VPOS="835" WIDTH="32" HEIGHT="28" WC="0.92" CONTENT="k."/><SP WIDTH="21" VPOS="835" HPOS="1316"/>
							<String ID="string_137" HPOS="1337" VPOS="827" WIDTH="278" HEIGHT="49" WC="0.92" CONTENT="bettermentsbi-"/>
						</TextLine>
						<TextLine ID="line_14" HPOS="112" VPOS="882" WIDTH="1504" HEIGHT="51">
							<String ID="string_138" HPOS="112" VPOS="895" WIDTH="85" HEIGHT="38" WC="0.96" CONTENT="drag"/><SP WIDTH="19" VPOS="895" HPOS="197"/>
							<String ID="string_139" HPOS="216" VPOS="895" WIDTH="63" HEIGHT="28" WC="0.93" CONTENT="har"/><SP WIDTH="20" VPOS="895" HPOS="279"/>
							<String ID="string_140" HPOS="299" VPOS="891" WIDTH="385" HEIGHT="42" WC="0.89" CONTENT="departementschefen"/><SP WIDTH="21" VPOS="891" HPOS="684"/>
							<String ID="string_141" HPOS="705" VPOS="890" WIDTH="74" HEIGHT="30" WC="0.96" CONTENT="icke"/><SP WIDTH="25" VPOS="890" HPOS="779"/>
							<String ID="string_142" HPOS="804" VPOS="890" WIDTH="114" HEIGHT="29" WC="0.96" CONTENT="ansett"/><SP WIDTH="22" VPOS="890" HPOS="918"/>
							<String ID="string_143" HPOS="940" VPOS="888" WIDTH="51" HEIGHT="39" WC="0.96" CONTENT="sig"/><SP WIDTH="20" VPOS="888" HPOS="991"/>
							<String ID="string_144" HPOS="1011" VPOS="888" WIDTH="121" HEIGHT="29" WC="0.96" CONTENT="kunna"/><SP WIDTH="21" VPOS="888" HPOS="1132"/>
							<String ID="string_145" HPOS="1153" VPOS="885" WIDTH="185" HEIGHT="39" WC="0.96" CONTENT="tillstyrka,"/><SP WIDTH="22" VPOS="885" HPOS="1338"/>
							<String ID="string_146" HPOS="1360" VPOS="886" WIDTH="50" HEIGHT="28" WC="0.96" CONTENT="att"/><SP WIDTH="19" VPOS="886" HPOS="1410"/>
							<String ID="string_147" HPOS="1429" VPOS="884" WIDTH="95" HEIGHT="29" WC="0.93" CONTENT="detta"/><SP WIDTH="23" VPOS="884" HPOS="1524"/>
							<String ID="string_148" HPOS="1547" VPOS="882" WIDTH="69" HEIGHT="30" WC="0.93" CONTENT="för-"/>
						</TextLine>
						<TextLine ID="line_15" HPOS="113" VPOS="933" WIDTH="1503" HEIGHT="50">
							<String ID="string_149" HPOS="113" VPOS="946" WIDTH="73" HEIGHT="37" WC="0.96" CONTENT="slag"/><SP WIDTH="24" VPOS="946" HPOS="186"/>
							<String ID="string_150" HPOS="210" VPOS="945" WIDTH="54" HEIGHT="29" WC="0.96" CONTENT="för"/><SP WIDTH="23" VPOS="945" HPOS="264"/>
							<String ID="string_151" HPOS="287" VPOS="944" WIDTH="216" HEIGHT="29" WC="0.96" CONTENT="närvarande"/><SP WIDTH="27" VPOS="944" HPOS="503"/>
							<String ID="string_152" HPOS="530" VPOS="943" WIDTH="115" HEIGHT="38" WC="0.96" CONTENT="lägges"/><SP WIDTH="23" VPOS="943" HPOS="645"/>
							<String ID="string_153" HPOS="668" VPOS="942" WIDTH="52" HEIGHT="28" WC="0.95" CONTENT="till"/><SP WIDTH="26" VPOS="942" HPOS="720"/>
							<String ID="string_154" HPOS="746" VPOS="940" WIDTH="112" HEIGHT="38" WC="0.96" CONTENT="grund"/><SP WIDTH="25" VPOS="940" HPOS="858"/>
							<String ID="string_155" HPOS="883" VPOS="939" WIDTH="53" HEIGHT="29" WC="0.96" CONTENT="för"/><SP WIDTH="25" VPOS="939" HPOS="936"/>
							<String ID="string_156" HPOS="961" VPOS="938" WIDTH="231" HEIGHT="39" WC="0.96" CONTENT="lagstiftning."/><SP WIDTH="26" VPOS="938" HPOS="1192"/>
							<String ID="string_157" HPOS="1218" VPOS="936" WIDTH="116" HEIGHT="29" WC="0.96" CONTENT="Under"/><SP WIDTH="24" VPOS="936" HPOS="1334"/>
							<String ID="string_158" HPOS="1358" VPOS="933" WIDTH="258" HEIGHT="31" WC="0.90" CONTENT="framhållande"/>
						</TextLine>
						<TextLine ID="line_16" HPOS="112" VPOS="983" WIDTH="1505" HEIGHT="50">
							<String ID="string_159" HPOS="112" VPOS="1005" WIDTH="43" HEIGHT="20" WC="0.96" CONTENT="av"/><SP WIDTH="19" VPOS="1005" HPOS="155"/>
							<String ID="string_160" HPOS="174" VPOS="997" WIDTH="50" HEIGHT="28" WC="0.96" CONTENT="att"/><SP WIDTH="20" VPOS="997" HPOS="224"/>
							<String ID="string_161" HPOS="244" VPOS="1005" WIDTH="42" HEIGHT="19" WC="0.96" CONTENT="en"/><SP WIDTH="22" VPOS="1005" HPOS="286"/>
							<String ID="string_162" HPOS="308" VPOS="993" WIDTH="293" HEIGHT="40" WC="0.92" CONTENT="genomgripande"/><SP WIDTH="23" VPOS="993" HPOS="601"/>
							<String ID="string_163" HPOS="624" VPOS="990" WIDTH="318" HEIGHT="39" WC="0.92" CONTENT="stadsombyggnad"/><SP WIDTH="22" VPOS="990" HPOS="942"/>
							<String ID="string_164" HPOS="964" VPOS="989" WIDTH="70" HEIGHT="29" WC="0.96" CONTENT="kan"/><SP WIDTH="21" VPOS="989" HPOS="1034"/>
							<String ID="string_165" HPOS="1055" VPOS="987" WIDTH="159" HEIGHT="30" WC="0.96" CONTENT="medföra"/><SP WIDTH="20" VPOS="987" HPOS="1214"/>
							<String ID="string_166" HPOS="1234" VPOS="985" WIDTH="194" HEIGHT="40" WC="0.96" CONTENT="betydande"/><SP WIDTH="21" VPOS="985" HPOS="1428"/>
							<String ID="string_167" HPOS="1449" VPOS="983" WIDTH="168" HEIGHT="30" WC="0.90" CONTENT="värdeök-"/>
						</TextLine>
						<TextLine ID="line_17" HPOS="115" VPOS="1035" WIDTH="1503" HEIGHT="50">
							<String ID="string_168" HPOS="115" VPOS="1046" WIDTH="83" HEIGHT="39" WC="0.96" CONTENT="ning"/><SP WIDTH="27" VPOS="1046" HPOS="198"/>
							<String ID="string_169" HPOS="225" VPOS="1046" WIDTH="55" HEIGHT="29" WC="0.96" CONTENT="för"/><SP WIDTH="26" VPOS="1046" HPOS="280"/>
							<String ID="string_170" HPOS="306" VPOS="1045" WIDTH="203" HEIGHT="37" WC="0.96" CONTENT="fastigheter"/><SP WIDTH="25" VPOS="1045" HPOS="509"/>
							<String ID="string_171" HPOS="534" VPOS="1043" WIDTH="10" HEIGHT="28" WC="0.93" CONTENT="i"/><SP WIDTH="27" VPOS="1043" HPOS="544"/>
							<String ID="string_172" HPOS="571" VPOS="1040" WIDTH="361" HEIGHT="40" WC="0.89" CONTENT="saneringsområdets"/><SP WIDTH="26" VPOS="1040" HPOS="932"/>
							<String ID="string_173" HPOS="958" VPOS="1038" WIDTH="222" HEIGHT="30" WC="0.95" CONTENT="omedelbara"/><SP WIDTH="28" VPOS="1038" HPOS="1180"/>
							<String ID="string_174" HPOS="1208" VPOS="1037" WIDTH="133" HEIGHT="32" WC="0.96" CONTENT="närhet,"/><SP WIDTH="30" VPOS="1037" HPOS="1341"/>
							<String ID="string_175" HPOS="1371" VPOS="1036" WIDTH="63" HEIGHT="28" WC="0.93" CONTENT="har"/><SP WIDTH="27" VPOS="1036" HPOS="1434"/>
							<String ID="string_176" HPOS="1461" VPOS="1035" WIDTH="157" HEIGHT="38" WC="0.92" CONTENT="departe-"/>
						</TextLine>
						<TextLine ID="line_18" HPOS="115" VPOS="1085" WIDTH="1503" HEIGHT="40">
							<String ID="string_177" HPOS="115" VPOS="1095" WIDTH="241" HEIGHT="30" WC="0.91" CONTENT="mentschefen"/><SP WIDTH="23" VPOS="1095" HPOS="356"/>
							<String ID="string_178" HPOS="379" VPOS="1095" WIDTH="9" HEIGHT="28" WC="0.96" CONTENT="i"/><SP WIDTH="25" VPOS="1095" HPOS="388"/>
							<String ID="string_179" HPOS="413" VPOS="1094" WIDTH="114" HEIGHT="29" WC="0.96" CONTENT="stället"/><SP WIDTH="22" VPOS="1094" HPOS="527"/>
							<String ID="string_180" HPOS="549" VPOS="1092" WIDTH="128" HEIGHT="30" WC="0.96" CONTENT="hävdat"/><SP WIDTH="24" VPOS="1092" HPOS="677"/>
							<String ID="string_181" HPOS="701" VPOS="1093" WIDTH="48" HEIGHT="27" WC="0.96" CONTENT="att"/><SP WIDTH="24" VPOS="1093" HPOS="749"/>
							<String ID="string_182" HPOS="773" VPOS="1091" WIDTH="119" HEIGHT="29" WC="0.92" CONTENT="staden"/><SP WIDTH="21" VPOS="1091" HPOS="892"/>
							<String ID="string_183" HPOS="913" VPOS="1107" WIDTH="41" HEIGHT="3" WC="0.92" CONTENT="—"/><SP WIDTH="23" VPOS="1107" HPOS="954"/>
							<String ID="string_184" HPOS="977" VPOS="1089" WIDTH="116" HEIGHT="29" WC="0.96" CONTENT="såsom"/><SP WIDTH="22" VPOS="1089" HPOS="1093"/>
							<String ID="string_185" HPOS="1115" VPOS="1090" WIDTH="47" HEIGHT="27" WC="0.96" CONTENT="ett"/><SP WIDTH="23" VPOS="1090" HPOS="1162"/>
							<String ID="string_186" HPOS="1185" VPOS="1087" WIDTH="121" HEIGHT="36" WC="0.96" CONTENT="bidrag"/><SP WIDTH="22" VPOS="1087" HPOS="1306"/>
							<String ID="string_187" HPOS="1328" VPOS="1086" WIDTH="51" HEIGHT="29" WC="0.96" CONTENT="till"/><SP WIDTH="24" VPOS="1086" HPOS="1379"/>
							<String ID="string_188" HPOS="1403" VPOS="1085" WIDTH="39" HEIGHT="29" WC="0.93" CONTENT="de"/><SP WIDTH="25" VPOS="1085" HPOS="1442"/>
							<String ID="string_189" HPOS="1467" VPOS="1086" WIDTH="151" HEIGHT="28" WC="0.91" CONTENT="utomor-"/>
						</TextLine>
						<TextLine ID="line_19" HPOS="114" VPOS="1136" WIDTH="1505" HEIGHT="47">
							<String ID="string_190" HPOS="114" VPOS="1146" WIDTH="144" HEIGHT="37" WC="0.91" CONTENT="dentligt"/><SP WIDTH="22" VPOS="1146" HPOS="258"/>
							<String ID="string_191" HPOS="280" VPOS="1147" WIDTH="91" HEIGHT="27" WC="0.96" CONTENT="stora"/><SP WIDTH="23" VPOS="1147" HPOS="371"/>
							<String ID="string_192" HPOS="394" VPOS="1144" WIDTH="198" HEIGHT="33" WC="0.96" CONTENT="kostnader,"/><SP WIDTH="25" VPOS="1144" HPOS="592"/>
							<String ID="string_193" HPOS="617" VPOS="1152" WIDTH="74" HEIGHT="20" WC="0.96" CONTENT="som"/><SP WIDTH="24" VPOS="1152" HPOS="691"/>
							<String ID="string_194" HPOS="715" VPOS="1152" WIDTH="42" HEIGHT="19" WC="0.96" CONTENT="en"/><SP WIDTH="23" VPOS="1152" HPOS="757"/>
							<String ID="string_195" HPOS="780" VPOS="1140" WIDTH="98" HEIGHT="40" WC="0.93" CONTENT="dylik"/><SP WIDTH="21" VPOS="1140" HPOS="878"/>
							<String ID="string_196" HPOS="899" VPOS="1139" WIDTH="319" HEIGHT="39" WC="0.90" CONTENT="stadsombyggnad"/><SP WIDTH="22" VPOS="1139" HPOS="1218"/>
							<String ID="string_197" HPOS="1240" VPOS="1138" WIDTH="110" HEIGHT="29" WC="0.96" CONTENT="under"/><SP WIDTH="22" VPOS="1138" HPOS="1350"/>
							<String ID="string_198" HPOS="1372" VPOS="1137" WIDTH="66" HEIGHT="29" WC="0.93" CONTENT="alla"/><SP WIDTH="27" VPOS="1137" HPOS="1438"/>
							<String ID="string_199" HPOS="1465" VPOS="1136" WIDTH="154" HEIGHT="28" WC="0.92" CONTENT="omstän-"/>
						</TextLine>
						<TextLine ID="line_20" HPOS="116" VPOS="1186" WIDTH="1504" HEIGHT="49">
							<String ID="string_200" HPOS="116" VPOS="1197" WIDTH="156" HEIGHT="38" WC="0.96" CONTENT="digheter"/><SP WIDTH="19" VPOS="1197" HPOS="272"/>
							<String ID="string_201" HPOS="291" VPOS="1195" WIDTH="137" HEIGHT="31" WC="0.96" CONTENT="medför"/><SP WIDTH="20" VPOS="1195" HPOS="428"/>
							<String ID="string_202" HPOS="448" VPOS="1195" WIDTH="53" HEIGHT="29" WC="0.96" CONTENT="för"/><SP WIDTH="22" VPOS="1195" HPOS="501"/>
							<String ID="string_203" HPOS="523" VPOS="1194" WIDTH="110" HEIGHT="30" WC="0.93" CONTENT="staden"/><SP WIDTH="33" VPOS="1194" HPOS="633"/>
							<String ID="string_204" HPOS="666" VPOS="1211" WIDTH="44" HEIGHT="3" WC="0.92" CONTENT="—"/><SP WIDTH="20" VPOS="1211" HPOS="710"/>
							<String ID="string_205" HPOS="730" VPOS="1192" WIDTH="106" HEIGHT="30" WC="0.96" CONTENT="borde"/><SP WIDTH="22" VPOS="1192" HPOS="836"/>
							<String ID="string_206" HPOS="858" VPOS="1191" WIDTH="37" HEIGHT="30" WC="0.96" CONTENT="få"/><SP WIDTH="22" VPOS="1191" HPOS="895"/>
							<String ID="string_207" HPOS="917" VPOS="1190" WIDTH="138" HEIGHT="30" WC="0.96" CONTENT="tillfälle"/><SP WIDTH="22" VPOS="1190" HPOS="1055"/>
							<String ID="string_208" HPOS="1077" VPOS="1191" WIDTH="51" HEIGHT="28" WC="0.96" CONTENT="att"/><SP WIDTH="22" VPOS="1191" HPOS="1128"/>
							<String ID="string_209" HPOS="1150" VPOS="1197" WIDTH="124" HEIGHT="31" WC="0.96" CONTENT="genom"/><SP WIDTH="23" VPOS="1197" HPOS="1274"/>
							<String ID="string_210" HPOS="1297" VPOS="1186" WIDTH="260" HEIGHT="41" WC="0.96" CONTENT="expropriation"/><SP WIDTH="21" VPOS="1186" HPOS="1557"/>
							<String ID="string_211" HPOS="1578" VPOS="1194" WIDTH="42" HEIGHT="22" WC="0.96" CONTENT="av"/>
						</TextLine>
						<TextLine ID="line_21" HPOS="117" VPOS="1236" WIDTH="1503" HEIGHT="49">
							<String ID="string_212" HPOS="117" VPOS="1247" WIDTH="214" HEIGHT="38" WC="0.96" CONTENT="fastigheter,"/><SP WIDTH="26" VPOS="1247" HPOS="331"/>
							<String ID="string_213" HPOS="357" VPOS="1246" WIDTH="145" HEIGHT="38" WC="0.95" CONTENT="belägna"/><SP WIDTH="26" VPOS="1246" HPOS="502"/>
							<String ID="string_214" HPOS="528" VPOS="1246" WIDTH="10" HEIGHT="28" WC="0.93" CONTENT="i"/><SP WIDTH="27" VPOS="1246" HPOS="538"/>
							<String ID="string_215" HPOS="565" VPOS="1242" WIDTH="361" HEIGHT="40" WC="0.92" CONTENT="saneringsområdets"/><SP WIDTH="28" VPOS="1242" HPOS="926"/>
							<String ID="string_216" HPOS="954" VPOS="1241" WIDTH="222" HEIGHT="30" WC="0.95" CONTENT="omedelbara"/><SP WIDTH="26" VPOS="1241" HPOS="1176"/>
							<String ID="string_217" HPOS="1202" VPOS="1239" WIDTH="133" HEIGHT="33" WC="0.96" CONTENT="närhet,"/><SP WIDTH="26" VPOS="1239" HPOS="1335"/>
							<String ID="string_218" HPOS="1361" VPOS="1238" WIDTH="143" HEIGHT="29" WC="0.96" CONTENT="komma"/><SP WIDTH="26" VPOS="1238" HPOS="1504"/>
							<String ID="string_219" HPOS="1530" VPOS="1237" WIDTH="10" HEIGHT="28" WC="0.96" CONTENT="i"/><SP WIDTH="31" VPOS="1237" HPOS="1540"/>
							<String ID="string_220" HPOS="1571" VPOS="1236" WIDTH="49" HEIGHT="30" WC="0.91" CONTENT="åt-"/>
						</TextLine>
						<TextLine ID="line_22" HPOS="117" VPOS="1289" WIDTH="1503" HEIGHT="47">
							<String ID="string_221" HPOS="117" VPOS="1297" WIDTH="171" HEIGHT="39" WC="0.91" CONTENT="njutande"/><SP WIDTH="21" VPOS="1297" HPOS="288"/>
							<String ID="string_222" HPOS="309" VPOS="1306" WIDTH="41" HEIGHT="20" WC="0.96" CONTENT="av"/><SP WIDTH="21" VPOS="1306" HPOS="350"/>
							<String ID="string_223" HPOS="371" VPOS="1297" WIDTH="65" HEIGHT="28" WC="0.91" CONTENT="den"/><SP WIDTH="22" VPOS="1297" HPOS="436"/>
							<String ID="string_224" HPOS="458" VPOS="1294" WIDTH="260" HEIGHT="39" WC="0.91" CONTENT="värdestegring"/><SP WIDTH="24" VPOS="1294" HPOS="718"/>
							<String ID="string_225" HPOS="742" VPOS="1303" WIDTH="73" HEIGHT="19" WC="0.96" CONTENT="som"/><SP WIDTH="25" VPOS="1303" HPOS="815"/>
							<String ID="string_226" HPOS="840" VPOS="1295" WIDTH="38" HEIGHT="27" WC="0.96" CONTENT="är"/><SP WIDTH="23" VPOS="1295" HPOS="878"/>
							<String ID="string_227" HPOS="901" VPOS="1301" WIDTH="42" HEIGHT="20" WC="0.96" CONTENT="en"/><SP WIDTH="21" VPOS="1301" HPOS="943"/>
							<String ID="string_228" HPOS="964" VPOS="1291" WIDTH="115" HEIGHT="30" WC="0.96" CONTENT="direkt"/><SP WIDTH="22" VPOS="1291" HPOS="1079"/>
							<String ID="string_229" HPOS="1101" VPOS="1290" WIDTH="90" HEIGHT="39" WC="0.96" CONTENT="följd"/><SP WIDTH="23" VPOS="1290" HPOS="1191"/>
							<String ID="string_230" HPOS="1214" VPOS="1300" WIDTH="41" HEIGHT="19" WC="0.96" CONTENT="av"/><SP WIDTH="22" VPOS="1300" HPOS="1255"/>
							<String ID="string_231" HPOS="1277" VPOS="1289" WIDTH="234" HEIGHT="29" WC="0.96" CONTENT="kommunens"/><SP WIDTH="23" VPOS="1289" HPOS="1511"/>
							<String ID="string_232" HPOS="1534" VPOS="1294" WIDTH="86" HEIGHT="31" WC="0.96" CONTENT="egna"/>
						</TextLine>
						<TextLine ID="line_23" HPOS="117" VPOS="1338" WIDTH="1504" HEIGHT="48">
							<String ID="string_233" HPOS="117" VPOS="1348" WIDTH="170" HEIGHT="38" WC="0.93" CONTENT="åtgärder."/><SP WIDTH="19" VPOS="1348" HPOS="287"/>
							<String ID="string_234" HPOS="306" VPOS="1344" WIDTH="393" HEIGHT="42" WC="0.91" CONTENT="Departementschefen"/><SP WIDTH="18" VPOS="1344" HPOS="699"/>
							<String ID="string_235" HPOS="717" VPOS="1344" WIDTH="63" HEIGHT="29" WC="0.96" CONTENT="har"/><SP WIDTH="20" VPOS="1344" HPOS="780"/>
							<String ID="string_236" HPOS="800" VPOS="1343" WIDTH="120" HEIGHT="30" WC="0.96" CONTENT="därför"/><SP WIDTH="17" VPOS="1343" HPOS="920"/>
							<String ID="string_237" HPOS="937" VPOS="1342" WIDTH="168" HEIGHT="33" WC="0.96" CONTENT="förordat,"/><SP WIDTH="19" VPOS="1342" HPOS="1105"/>
							<String ID="string_238" HPOS="1124" VPOS="1343" WIDTH="50" HEIGHT="27" WC="0.96" CONTENT="att"/><SP WIDTH="18" VPOS="1343" HPOS="1174"/>
							<String ID="string_239" HPOS="1192" VPOS="1341" WIDTH="41" HEIGHT="29" WC="0.96" CONTENT="de"/><SP WIDTH="18" VPOS="1341" HPOS="1233"/>
							<String ID="string_240" HPOS="1251" VPOS="1339" WIDTH="201" HEIGHT="30" WC="0.93" CONTENT="nuvarande"/><SP WIDTH="19" VPOS="1339" HPOS="1452"/>
							<String ID="string_241" HPOS="1471" VPOS="1338" WIDTH="150" HEIGHT="29" WC="0.91" CONTENT="bestäm-"/>
						</TextLine>
						<TextLine ID="line_24" HPOS="117" VPOS="1387" WIDTH="1502" HEIGHT="45">
							<String ID="string_242" HPOS="117" VPOS="1397" WIDTH="172" HEIGHT="29" WC="0.91" CONTENT="melserna"/><SP WIDTH="33" VPOS="1397" HPOS="289"/>
							<String ID="string_243" HPOS="322" VPOS="1405" WIDTH="56" HEIGHT="19" WC="0.96" CONTENT="om"/><SP WIDTH="33" VPOS="1405" HPOS="378"/>
							<String ID="string_244" HPOS="411" VPOS="1395" WIDTH="206" HEIGHT="29" WC="0.93" CONTENT="ekonomisk"/><SP WIDTH="31" VPOS="1395" HPOS="617"/>
							<String ID="string_245" HPOS="648" VPOS="1392" WIDTH="326" HEIGHT="40" WC="0.91" CONTENT="zonexpropriation"/><SP WIDTH="35" VPOS="1392" HPOS="974"/>
							<String ID="string_246" HPOS="1009" VPOS="1391" WIDTH="115" HEIGHT="29" WC="0.96" CONTENT="såsom"/><SP WIDTH="33" VPOS="1391" HPOS="1124"/>
							<String ID="string_247" HPOS="1157" VPOS="1389" WIDTH="176" HEIGHT="40" WC="0.96" CONTENT="praktiskt"/><SP WIDTH="21" VPOS="1389" HPOS="1333"/>
							<String ID="string_248" HPOS="1354" VPOS="1387" WIDTH="265" HEIGHT="39" WC="0.95" CONTENT="verkningslösa"/>
						</TextLine>
						<TextLine ID="line_25" HPOS="119" VPOS="1438" WIDTH="1501" HEIGHT="47">
							<String ID="string_249" HPOS="119" VPOS="1449" WIDTH="214" HEIGHT="28" WC="0.91" CONTENT="utmönstras"/><SP WIDTH="22" VPOS="1449" HPOS="333"/>
							<String ID="string_250" HPOS="355" VPOS="1456" WIDTH="40" HEIGHT="20" WC="0.93" CONTENT="ur"/><SP WIDTH="21" VPOS="1456" HPOS="395"/>
							<String ID="string_251" HPOS="416" VPOS="1446" WIDTH="281" HEIGHT="39" WC="0.92" CONTENT="byggnadslagen"/><SP WIDTH="22" VPOS="1446" HPOS="697"/>
							<String ID="string_252" HPOS="719" VPOS="1446" WIDTH="89" HEIGHT="27" WC="0.94" CONTENT="samt"/><SP WIDTH="23" VPOS="1446" HPOS="808"/>
							<String ID="string_253" HPOS="831" VPOS="1445" WIDTH="49" HEIGHT="28" WC="0.94" CONTENT="att"/><SP WIDTH="21" VPOS="1445" HPOS="880"/>
							<String ID="string_254" HPOS="901" VPOS="1443" WIDTH="10" HEIGHT="28" WC="0.95" CONTENT="i"/><SP WIDTH="22" VPOS="1443" HPOS="911"/>
							<String ID="string_255" HPOS="933" VPOS="1442" WIDTH="145" HEIGHT="39" WC="0.93" CONTENT="gengäld"/><SP WIDTH="22" VPOS="1442" HPOS="1078"/>
							<String ID="string_256" HPOS="1100" VPOS="1438" WIDTH="520" HEIGHT="42" WC="0.91" CONTENT="zonexpropriationsinstitutet"/>
						</TextLine>
						<TextLine ID="line_26" HPOS="121" VPOS="1494" WIDTH="782" HEIGHT="43">
							<String ID="string_257" HPOS="121" VPOS="1499" WIDTH="158" HEIGHT="38" WC="0.95" CONTENT="utvidgas"/><SP WIDTH="22" VPOS="1499" HPOS="279"/>
							<String ID="string_258" HPOS="301" VPOS="1498" WIDTH="9" HEIGHT="28" WC="0.95" CONTENT="i"/><SP WIDTH="23" VPOS="1498" HPOS="310"/>
							<String ID="string_259" HPOS="333" VPOS="1497" WIDTH="151" HEIGHT="38" WC="0.96" CONTENT="enlighet"/><SP WIDTH="20" VPOS="1497" HPOS="484"/>
							<String ID="string_260" HPOS="504" VPOS="1497" WIDTH="79" HEIGHT="29" WC="0.96" CONTENT="med"/><SP WIDTH="20" VPOS="1497" HPOS="583"/>
							<String ID="string_261" HPOS="603" VPOS="1496" WIDTH="66" HEIGHT="29" WC="0.96" CONTENT="vad"/><SP WIDTH="20" VPOS="1496" HPOS="669"/>
							<String ID="string_262" HPOS="689" VPOS="1504" WIDTH="46" HEIGHT="19" WC="0.95" CONTENT="nu"/><SP WIDTH="21" VPOS="1504" HPOS="735"/>
							<String ID="string_263" HPOS="756" VPOS="1494" WIDTH="147" HEIGHT="30" WC="0.96" CONTENT="anförts."/>
						</TextLine>
					</TextBlock>
					<TextBlock ID="block_3" HPOS="120" VPOS="1539" WIDTH="1507" HEIGHT="500">
						<TextLine ID="line_27" HPOS="166" VPOS="1539" WIDTH="1457" HEIGHT="44">
							<String ID="string_264" HPOS="166" VPOS="1553" WIDTH="12" HEIGHT="29" WC="0.96" CONTENT="I"/><SP WIDTH="25" VPOS="1553" HPOS="178"/>
							<String ID="string_265" HPOS="203" VPOS="1552" WIDTH="219" HEIGHT="29" WC="0.96" CONTENT="motionerna"/><SP WIDTH="27" VPOS="1552" HPOS="422"/>
							<String ID="string_266" HPOS="449" VPOS="1550" WIDTH="28" HEIGHT="29" WC="0.0" CONTENT="I:"/><SP WIDTH="17" VPOS="1550" HPOS="477"/>
							<String ID="string_267" HPOS="494" VPOS="1549" WIDTH="63" HEIGHT="29" WC="0.0" CONTENT="476"/><SP WIDTH="26" VPOS="1549" HPOS="557"/>
							<String ID="string_268" HPOS="583" VPOS="1548" WIDTH="65" HEIGHT="29" WC="0.96" CONTENT="och"/><SP WIDTH="26" VPOS="1548" HPOS="648"/>
							<String ID="string_269" HPOS="674" VPOS="1547" WIDTH="44" HEIGHT="29" WC="0.25" CONTENT="II:"/><SP WIDTH="17" VPOS="1547" HPOS="718"/>
							<String ID="string_270" HPOS="735" VPOS="1547" WIDTH="62" HEIGHT="29" WC="0.25" CONTENT="600"/><SP WIDTH="28" VPOS="1547" HPOS="797"/>
							<String ID="string_271" HPOS="825" VPOS="1548" WIDTH="94" HEIGHT="35" WC="0.96" CONTENT="tages"/><SP WIDTH="29" VPOS="1548" HPOS="919"/>
							<String ID="string_272" HPOS="948" VPOS="1544" WIDTH="151" HEIGHT="29" WC="0.96" CONTENT="bestämt"/><SP WIDTH="26" VPOS="1544" HPOS="1099"/>
							<String ID="string_273" HPOS="1125" VPOS="1541" WIDTH="146" HEIGHT="30" WC="0.96" CONTENT="avstånd"/><SP WIDTH="27" VPOS="1541" HPOS="1271"/>
							<String ID="string_274" HPOS="1298" VPOS="1541" WIDTH="79" HEIGHT="28" WC="0.96" CONTENT="från"/><SP WIDTH="26" VPOS="1541" HPOS="1377"/>
							<String ID="string_275" HPOS="1403" VPOS="1539" WIDTH="141" HEIGHT="33" WC="0.96" CONTENT="tanken,"/><SP WIDTH="30" VPOS="1539" HPOS="1544"/>
							<String ID="string_276" HPOS="1574" VPOS="1539" WIDTH="49" HEIGHT="28" WC="0.89" CONTENT="att"/>
						</TextLine>
						<TextLine ID="line_28" HPOS="120" VPOS="1588" WIDTH="1504" HEIGHT="48">
							<String ID="string_277" HPOS="120" VPOS="1613" WIDTH="43" HEIGHT="19" WC="0.93" CONTENT="en"/><SP WIDTH="16" VPOS="1613" HPOS="163"/>
							<String ID="string_278" HPOS="179" VPOS="1603" WIDTH="170" HEIGHT="29" WC="0.95" CONTENT="kommun"/><SP WIDTH="18" VPOS="1603" HPOS="349"/>
							<String ID="string_279" HPOS="367" VPOS="1601" WIDTH="54" HEIGHT="29" WC="0.96" CONTENT="för"/><SP WIDTH="17" VPOS="1601" HPOS="421"/>
							<String ID="string_280" HPOS="438" VPOS="1602" WIDTH="49" HEIGHT="28" WC="0.96" CONTENT="att"/><SP WIDTH="16" VPOS="1602" HPOS="487"/>
							<String ID="string_281" HPOS="503" VPOS="1600" WIDTH="143" HEIGHT="28" WC="0.96" CONTENT="komma"/><SP WIDTH="17" VPOS="1600" HPOS="646"/>
							<String ID="string_282" HPOS="663" VPOS="1600" WIDTH="10" HEIGHT="28" WC="0.96" CONTENT="i"/><SP WIDTH="19" VPOS="1600" HPOS="673"/>
							<String ID="string_283" HPOS="692" VPOS="1596" WIDTH="208" HEIGHT="40" WC="0.96" CONTENT="åtnjutande"/><SP WIDTH="18" VPOS="1596" HPOS="900"/>
							<String ID="string_284" HPOS="918" VPOS="1604" WIDTH="41" HEIGHT="20" WC="0.92" CONTENT="av"/><SP WIDTH="17" VPOS="1604" HPOS="959"/>
							<String ID="string_285" HPOS="976" VPOS="1604" WIDTH="25" HEIGHT="20" WC="0.92" CONTENT="s."/><SP WIDTH="19" VPOS="1604" HPOS="1001"/>
							<String ID="string_286" HPOS="1020" VPOS="1594" WIDTH="32" HEIGHT="29" WC="0.92" CONTENT="k."/><SP WIDTH="18" VPOS="1594" HPOS="1052"/>
							<String ID="string_287" HPOS="1070" VPOS="1592" WIDTH="171" HEIGHT="39" WC="0.91" CONTENT="oförtjänt"/><SP WIDTH="19" VPOS="1592" HPOS="1241"/>
							<String ID="string_288" HPOS="1260" VPOS="1588" WIDTH="364" HEIGHT="39" WC="0.89" CONTENT="markvärdestegring"/>
						</TextLine>
						<TextLine ID="line_29" HPOS="120" VPOS="1639" WIDTH="1505" HEIGHT="52">
							<String ID="string_289" HPOS="120" VPOS="1653" WIDTH="114" HEIGHT="31" WC="0.96" CONTENT="skulle"/><SP WIDTH="23" VPOS="1653" HPOS="234"/>
							<String ID="string_290" HPOS="257" VPOS="1654" WIDTH="61" HEIGHT="37" WC="0.93" CONTENT="äga"/><SP WIDTH="25" VPOS="1654" HPOS="318"/>
							<String ID="string_291" HPOS="343" VPOS="1650" WIDTH="175" HEIGHT="39" WC="0.88" CONTENT="tvångsvis"/><SP WIDTH="23" VPOS="1650" HPOS="518"/>
							<String ID="string_292" HPOS="541" VPOS="1649" WIDTH="163" HEIGHT="30" WC="0.96" CONTENT="förvärva"/><SP WIDTH="26" VPOS="1649" HPOS="704"/>
							<String ID="string_293" HPOS="730" VPOS="1648" WIDTH="57" HEIGHT="28" WC="0.96" CONTENT="det"/><SP WIDTH="24" VPOS="1648" HPOS="787"/>
							<String ID="string_294" HPOS="811" VPOS="1645" WIDTH="147" HEIGHT="30" WC="0.96" CONTENT="föremål"/><SP WIDTH="24" VPOS="1645" HPOS="958"/>
							<String ID="string_295" HPOS="982" VPOS="1654" WIDTH="75" HEIGHT="20" WC="0.96" CONTENT="som"/><SP WIDTH="25" VPOS="1654" HPOS="1057"/>
							<String ID="string_296" HPOS="1082" VPOS="1642" WIDTH="174" HEIGHT="39" WC="0.92" CONTENT="undergår"/><SP WIDTH="22" VPOS="1642" HPOS="1256"/>
							<String ID="string_297" HPOS="1278" VPOS="1640" WIDTH="270" HEIGHT="38" WC="0.91" CONTENT="värdestegring."/><SP WIDTH="25" VPOS="1640" HPOS="1548"/>
							<String ID="string_298" HPOS="1573" VPOS="1639" WIDTH="52" HEIGHT="28" WC="0.96" CONTENT="En"/>
						</TextLine>
						<TextLine ID="line_30" HPOS="121" VPOS="1689" WIDTH="1504" HEIGHT="54">
							<String ID="string_299" HPOS="121" VPOS="1704" WIDTH="44" HEIGHT="39" WC="0.96" CONTENT="på"/><SP WIDTH="18" VPOS="1704" HPOS="165"/>
							<String ID="string_300" HPOS="183" VPOS="1704" WIDTH="94" HEIGHT="28" WC="0.96" CONTENT="detta"/><SP WIDTH="21" VPOS="1704" HPOS="277"/>
							<String ID="string_301" HPOS="298" VPOS="1703" WIDTH="69" HEIGHT="28" WC="0.96" CONTENT="sätt"/><SP WIDTH="17" VPOS="1703" HPOS="367"/>
							<String ID="string_302" HPOS="384" VPOS="1701" WIDTH="124" HEIGHT="38" WC="0.93" CONTENT="vidgad"/><SP WIDTH="19" VPOS="1701" HPOS="508"/>
							<String ID="string_303" HPOS="527" VPOS="1698" WIDTH="351" HEIGHT="41" WC="0.91" CONTENT="expropriationsrätt"/><SP WIDTH="19" VPOS="1698" HPOS="878"/>
							<String ID="string_304" HPOS="897" VPOS="1705" WIDTH="102" HEIGHT="30" WC="0.96" CONTENT="synes"/><SP WIDTH="20" VPOS="1705" HPOS="999"/>
							<String ID="string_305" HPOS="1019" VPOS="1694" WIDTH="261" HEIGHT="30" WC="0.96" CONTENT="motionärerna"/><SP WIDTH="19" VPOS="1694" HPOS="1280"/>
							<String ID="string_306" HPOS="1299" VPOS="1692" WIDTH="37" HEIGHT="30" WC="0.96" CONTENT="så"/><SP WIDTH="20" VPOS="1692" HPOS="1336"/>
							<String ID="string_307" HPOS="1356" VPOS="1691" WIDTH="137" HEIGHT="39" WC="0.93" CONTENT="mycket"/><SP WIDTH="19" VPOS="1691" HPOS="1493"/>
							<String ID="string_308" HPOS="1512" VPOS="1689" WIDTH="113" HEIGHT="30" WC="0.92" CONTENT="mind-"/>
						</TextLine>
						<TextLine ID="line_31" HPOS="122" VPOS="1740" WIDTH="1504" HEIGHT="49">
							<String ID="string_309" HPOS="122" VPOS="1763" WIDTH="35" HEIGHT="20" WC="0.96" CONTENT="re"/><SP WIDTH="23" VPOS="1763" HPOS="157"/>
							<String ID="string_310" HPOS="180" VPOS="1752" WIDTH="191" HEIGHT="30" WC="0.96" CONTENT="motiverad"/><SP WIDTH="22" VPOS="1752" HPOS="371"/>
							<String ID="string_311" HPOS="393" VPOS="1760" WIDTH="74" HEIGHT="20" WC="0.93" CONTENT="som"/><SP WIDTH="22" VPOS="1760" HPOS="467"/>
							<String ID="string_312" HPOS="489" VPOS="1747" WIDTH="386" HEIGHT="42" WC="0.91" CONTENT="departementschefen"/><SP WIDTH="24" VPOS="1747" HPOS="875"/>
							<String ID="string_313" HPOS="899" VPOS="1745" WIDTH="180" HEIGHT="38" WC="0.95" CONTENT="samtidigt"/><SP WIDTH="21" VPOS="1745" HPOS="1079"/>
							<String ID="string_314" HPOS="1100" VPOS="1745" WIDTH="10" HEIGHT="28" WC="0.95" CONTENT="i"/><SP WIDTH="22" VPOS="1745" HPOS="1110"/>
							<String ID="string_315" HPOS="1132" VPOS="1743" WIDTH="261" HEIGHT="40" WC="0.96" CONTENT="propositionen"/><SP WIDTH="22" VPOS="1743" HPOS="1393"/>
							<String ID="string_316" HPOS="1415" VPOS="1741" WIDTH="134" HEIGHT="29" WC="0.96" CONTENT="anmält"/><SP WIDTH="23" VPOS="1741" HPOS="1549"/>
							<String ID="string_317" HPOS="1572" VPOS="1740" WIDTH="54" HEIGHT="29" WC="0.95" CONTENT="sin"/>
						</TextLine>
						<TextLine ID="line_32" HPOS="123" VPOS="1791" WIDTH="1503" HEIGHT="44">
							<String ID="string_318" HPOS="123" VPOS="1804" WIDTH="115" HEIGHT="29" WC="0.95" CONTENT="avsikt"/><SP WIDTH="26" VPOS="1804" HPOS="238"/>
							<String ID="string_319" HPOS="264" VPOS="1805" WIDTH="49" HEIGHT="27" WC="0.95" CONTENT="att"/><SP WIDTH="27" VPOS="1805" HPOS="313"/>
							<String ID="string_320" HPOS="340" VPOS="1802" WIDTH="147" HEIGHT="29" WC="0.96" CONTENT="tillkalla"/><SP WIDTH="27" VPOS="1802" HPOS="487"/>
							<String ID="string_321" HPOS="514" VPOS="1799" WIDTH="174" HEIGHT="31" WC="0.96" CONTENT="särskilda"/><SP WIDTH="28" VPOS="1799" HPOS="688"/>
							<String ID="string_322" HPOS="716" VPOS="1797" WIDTH="222" HEIGHT="38" WC="0.96" CONTENT="sakkunniga"/><SP WIDTH="28" VPOS="1797" HPOS="938"/>
							<String ID="string_323" HPOS="966" VPOS="1796" WIDTH="54" HEIGHT="29" WC="0.96" CONTENT="för"/><SP WIDTH="29" VPOS="1796" HPOS="1020"/>
							<String ID="string_324" HPOS="1049" VPOS="1805" WIDTH="41" HEIGHT="19" WC="0.96" CONTENT="en"/><SP WIDTH="29" VPOS="1805" HPOS="1090"/>
							<String ID="string_325" HPOS="1119" VPOS="1794" WIDTH="149" HEIGHT="38" WC="0.96" CONTENT="förnyad"/><SP WIDTH="27" VPOS="1794" HPOS="1268"/>
							<String ID="string_326" HPOS="1295" VPOS="1791" WIDTH="263" HEIGHT="38" WC="0.96" CONTENT="undersökning"/><SP WIDTH="27" VPOS="1791" HPOS="1558"/>
							<String ID="string_327" HPOS="1585" VPOS="1799" WIDTH="41" HEIGHT="20" WC="0.96" CONTENT="av"/>
						</TextLine>
						<TextLine ID="line_33" HPOS="124" VPOS="1841" WIDTH="1502" HEIGHT="51">
							<String ID="string_328" HPOS="124" VPOS="1854" WIDTH="123" HEIGHT="38" WC="0.96" CONTENT="frågan"/><SP WIDTH="16" VPOS="1854" HPOS="247"/>
							<String ID="string_329" HPOS="263" VPOS="1862" WIDTH="54" HEIGHT="20" WC="0.96" CONTENT="om"/><SP WIDTH="18" VPOS="1862" HPOS="317"/>
							<String ID="string_330" HPOS="335" VPOS="1852" WIDTH="208" HEIGHT="37" WC="0.95" CONTENT="indragning"/><SP WIDTH="19" VPOS="1852" HPOS="543"/>
							<String ID="string_331" HPOS="562" VPOS="1860" WIDTH="41" HEIGHT="19" WC="0.92" CONTENT="av"/><SP WIDTH="17" VPOS="1860" HPOS="603"/>
							<String ID="string_332" HPOS="620" VPOS="1859" WIDTH="25" HEIGHT="20" WC="0.90" CONTENT="s."/><SP WIDTH="19" VPOS="1859" HPOS="645"/>
							<String ID="string_333" HPOS="664" VPOS="1850" WIDTH="32" HEIGHT="28" WC="0.91" CONTENT="k."/><SP WIDTH="18" VPOS="1850" HPOS="696"/>
							<String ID="string_334" HPOS="714" VPOS="1848" WIDTH="171" HEIGHT="38" WC="0.92" CONTENT="oförtjänt"/><SP WIDTH="16" VPOS="1848" HPOS="885"/>
							<String ID="string_335" HPOS="901" VPOS="1844" WIDTH="375" HEIGHT="38" WC="0.87" CONTENT="markvärdestegring."/><SP WIDTH="19" VPOS="1844" HPOS="1276"/>
							<String ID="string_336" HPOS="1295" VPOS="1843" WIDTH="90" HEIGHT="29" WC="0.96" CONTENT="även"/><SP WIDTH="22" VPOS="1843" HPOS="1385"/>
							<String ID="string_337" HPOS="1407" VPOS="1841" WIDTH="219" HEIGHT="29" WC="0.96" CONTENT="motionerna"/>
						</TextLine>
						<TextLine ID="line_34" HPOS="125" VPOS="1891" WIDTH="1502" HEIGHT="47">
							<String ID="string_338" HPOS="125" VPOS="1905" WIDTH="28" HEIGHT="28" WC="0.91" CONTENT="I:"/><SP WIDTH="17" VPOS="1905" HPOS="153"/>
							<String ID="string_339" HPOS="170" VPOS="1903" WIDTH="61" HEIGHT="29" WC="0.96" CONTENT="477"/><SP WIDTH="25" VPOS="1903" HPOS="231"/>
							<String ID="string_340" HPOS="256" VPOS="1903" WIDTH="63" HEIGHT="29" WC="0.96" CONTENT="och"/><SP WIDTH="24" VPOS="1903" HPOS="319"/>
							<String ID="string_341" HPOS="343" VPOS="1902" WIDTH="45" HEIGHT="28" WC="0.40" CONTENT="II:"/><SP WIDTH="18" VPOS="1902" HPOS="388"/>
							<String ID="string_342" HPOS="406" VPOS="1901" WIDTH="61" HEIGHT="29" WC="0.40" CONTENT="599"/><SP WIDTH="24" VPOS="1901" HPOS="467"/>
							<String ID="string_343" HPOS="491" VPOS="1900" WIDTH="137" HEIGHT="30" WC="0.95" CONTENT="avvisar"/><SP WIDTH="23" VPOS="1900" HPOS="628"/>
							<String ID="string_344" HPOS="651" VPOS="1898" WIDTH="262" HEIGHT="40" WC="0.95" CONTENT="propositionen"/><SP WIDTH="24" VPOS="1898" HPOS="913"/>
							<String ID="string_345" HPOS="937" VPOS="1897" WIDTH="10" HEIGHT="28" WC="0.96" CONTENT="i"/><SP WIDTH="25" VPOS="1897" HPOS="947"/>
							<String ID="string_346" HPOS="972" VPOS="1896" WIDTH="115" HEIGHT="29" WC="0.96" CONTENT="denna"/><SP WIDTH="24" VPOS="1896" HPOS="1087"/>
							<String ID="string_347" HPOS="1111" VPOS="1895" WIDTH="64" HEIGHT="33" WC="0.96" CONTENT="del,"/><SP WIDTH="24" VPOS="1895" HPOS="1175"/>
							<String ID="string_348" HPOS="1199" VPOS="1893" WIDTH="105" HEIGHT="30" WC="0.96" CONTENT="bland"/><SP WIDTH="24" VPOS="1893" HPOS="1304"/>
							<String ID="string_349" HPOS="1328" VPOS="1894" WIDTH="107" HEIGHT="28" WC="0.96" CONTENT="annat"/><SP WIDTH="24" VPOS="1894" HPOS="1435"/>
							<String ID="string_350" HPOS="1459" VPOS="1891" WIDTH="77" HEIGHT="29" WC="0.96" CONTENT="med"/><SP WIDTH="24" VPOS="1891" HPOS="1536"/>
							<String ID="string_351" HPOS="1560" VPOS="1891" WIDTH="67" HEIGHT="28" WC="0.96" CONTENT="den"/>
						</TextLine>
						<TextLine ID="line_35" HPOS="124" VPOS="1940" WIDTH="1502" HEIGHT="49">
							<String ID="string_352" HPOS="124" VPOS="1953" WIDTH="250" HEIGHT="36" WC="0.96" CONTENT="motiveringen"/><SP WIDTH="23" VPOS="1953" HPOS="374"/>
							<String ID="string_353" HPOS="397" VPOS="1951" WIDTH="48" HEIGHT="28" WC="0.96" CONTENT="att"/><SP WIDTH="22" VPOS="1951" HPOS="445"/>
							<String ID="string_354" HPOS="467" VPOS="1959" WIDTH="81" HEIGHT="19" WC="0.96" CONTENT="man"/><SP WIDTH="20" VPOS="1959" HPOS="548"/>
							<String ID="string_355" HPOS="568" VPOS="1950" WIDTH="10" HEIGHT="28" WC="0.96" CONTENT="i"/><SP WIDTH="22" VPOS="1950" HPOS="578"/>
							<String ID="string_356" HPOS="600" VPOS="1948" WIDTH="171" HEIGHT="29" WC="0.96" CONTENT="avvaktan"/><SP WIDTH="24" VPOS="1948" HPOS="771"/>
							<String ID="string_357" HPOS="795" VPOS="1947" WIDTH="42" HEIGHT="38" WC="0.96" CONTENT="på"/><SP WIDTH="22" VPOS="1947" HPOS="837"/>
							<String ID="string_358" HPOS="859" VPOS="1946" WIDTH="66" HEIGHT="28" WC="0.96" CONTENT="den"/><SP WIDTH="22" VPOS="1946" HPOS="925"/>
							<String ID="string_359" HPOS="947" VPOS="1945" WIDTH="9" HEIGHT="28" WC="0.96" CONTENT="i"/><SP WIDTH="22" VPOS="1945" HPOS="956"/>
							<String ID="string_360" HPOS="978" VPOS="1944" WIDTH="109" HEIGHT="29" WC="0.96" CONTENT="utsikt"/><SP WIDTH="24" VPOS="1944" HPOS="1087"/>
							<String ID="string_361" HPOS="1111" VPOS="1944" WIDTH="124" HEIGHT="29" WC="0.96" CONTENT="ställda"/><SP WIDTH="23" VPOS="1944" HPOS="1235"/>
							<String ID="string_362" HPOS="1258" VPOS="1941" WIDTH="229" HEIGHT="38" WC="0.96" CONTENT="utredningen"/><SP WIDTH="24" VPOS="1941" HPOS="1487"/>
							<String ID="string_363" HPOS="1511" VPOS="1940" WIDTH="29" HEIGHT="39" WC="0.96" CONTENT="ej"/><SP WIDTH="25" VPOS="1940" HPOS="1540"/>
							<String ID="string_364" HPOS="1565" VPOS="1940" WIDTH="61" HEIGHT="29" WC="0.96" CONTENT="bör"/>
						</TextLine>
						<TextLine ID="line_36" HPOS="125" VPOS="1995" WIDTH="1030" HEIGHT="44">
							<String ID="string_365" HPOS="125" VPOS="2013" WIDTH="46" HEIGHT="20" WC="0.95" CONTENT="nu"/><SP WIDTH="24" VPOS="2013" HPOS="171"/>
							<String ID="string_366" HPOS="195" VPOS="2003" WIDTH="113" HEIGHT="29" WC="0.93" CONTENT="införa"/><SP WIDTH="38" VPOS="2003" HPOS="308"/>
							<String ID="string_367" HPOS="346" VPOS="2000" WIDTH="245" HEIGHT="39" WC="0.76" CONTENT="värdestegring"/><SP WIDTH="22" VPOS="2000" HPOS="591"/>
							<String ID="string_368" HPOS="613" VPOS="2000" WIDTH="114" HEIGHT="29" WC="0.93" CONTENT="såsom"/><SP WIDTH="22" VPOS="2000" HPOS="727"/>
							<String ID="string_369" HPOS="749" VPOS="1995" WIDTH="406" HEIGHT="42" WC="0.91" CONTENT="expropriationsgrund."/>
						</TextLine>
					</TextBlock>
					<TextBlock ID="block_4" HPOS="124" VPOS="2041" WIDTH="1508" HEIGHT="453">
						<TextLine ID="line_37" HPOS="170" VPOS="2041" WIDTH="1460" HEIGHT="53">
							<String ID="string_370" HPOS="170" VPOS="2058" WIDTH="67" HEIGHT="29" WC="0.96" CONTENT="För"/><SP WIDTH="19" VPOS="2058" HPOS="237"/>
							<String ID="string_371" HPOS="256" VPOS="2064" WIDTH="82" HEIGHT="30" WC="0.95" CONTENT="egen"/><SP WIDTH="19" VPOS="2064" HPOS="338"/>
							<String ID="string_372" HPOS="357" VPOS="2056" WIDTH="54" HEIGHT="29" WC="0.96" CONTENT="del"/><SP WIDTH="19" VPOS="2056" HPOS="411"/>
							<String ID="string_373" HPOS="430" VPOS="2064" WIDTH="101" HEIGHT="20" WC="0.96" CONTENT="anser"/><SP WIDTH="20" VPOS="2064" HPOS="531"/>
							<String ID="string_374" HPOS="551" VPOS="2053" WIDTH="170" HEIGHT="29" WC="0.96" CONTENT="utskottet"/><SP WIDTH="20" VPOS="2053" HPOS="721"/>
							<String ID="string_375" HPOS="741" VPOS="2051" WIDTH="7" HEIGHT="28" WC="0.96" CONTENT="i"/><SP WIDTH="21" VPOS="2051" HPOS="748"/>
							<String ID="string_376" HPOS="769" VPOS="2050" WIDTH="109" HEIGHT="29" WC="0.95" CONTENT="likhet"/><SP WIDTH="18" VPOS="2050" HPOS="878"/>
							<String ID="string_377" HPOS="896" VPOS="2048" WIDTH="78" HEIGHT="29" WC="0.96" CONTENT="med"/><SP WIDTH="19" VPOS="2048" HPOS="974"/>
							<String ID="string_378" HPOS="993" VPOS="2044" WIDTH="384" HEIGHT="42" WC="0.91" CONTENT="departementschefen"/><SP WIDTH="22" VPOS="2044" HPOS="1377"/>
							<String ID="string_379" HPOS="1399" VPOS="2043" WIDTH="56" HEIGHT="29" WC="0.97" CONTENT="det"/><SP WIDTH="22" VPOS="2043" HPOS="1455"/>
							<String ID="string_380" HPOS="1477" VPOS="2051" WIDTH="40" HEIGHT="20" WC="0.92" CONTENT="ur"/><SP WIDTH="20" VPOS="2051" HPOS="1517"/>
							<String ID="string_381" HPOS="1537" VPOS="2041" WIDTH="93" HEIGHT="29" WC="0.92" CONTENT="skat-"/>
						</TextLine>
						<TextLine ID="line_38" HPOS="128" VPOS="2092" WIDTH="1502" HEIGHT="52">
							<String ID="string_382" HPOS="128" VPOS="2108" WIDTH="231" HEIGHT="29" WC="0.92" CONTENT="tebetalarnas"/><SP WIDTH="28" VPOS="2108" HPOS="359"/>
							<String ID="string_383" HPOS="387" VPOS="2105" WIDTH="178" HEIGHT="39" WC="0.95" CONTENT="synpunkt"/><SP WIDTH="24" VPOS="2105" HPOS="565"/>
							<String ID="string_384" HPOS="589" VPOS="2113" WIDTH="81" HEIGHT="19" WC="0.96" CONTENT="vara"/><SP WIDTH="25" VPOS="2113" HPOS="670"/>
							<String ID="string_385" HPOS="695" VPOS="2101" WIDTH="130" HEIGHT="37" WC="0.96" CONTENT="rimligt"/><SP WIDTH="23" VPOS="2101" HPOS="825"/>
							<String ID="string_386" HPOS="848" VPOS="2099" WIDTH="63" HEIGHT="29" WC="0.96" CONTENT="och"/><SP WIDTH="26" VPOS="2099" HPOS="911"/>
							<String ID="string_387" HPOS="937" VPOS="2098" WIDTH="147" HEIGHT="31" WC="0.96" CONTENT="rättvist,"/><SP WIDTH="26" VPOS="2098" HPOS="1084"/>
							<String ID="string_388" HPOS="1110" VPOS="2098" WIDTH="50" HEIGHT="27" WC="0.96" CONTENT="att"/><SP WIDTH="25" VPOS="2098" HPOS="1160"/>
							<String ID="string_389" HPOS="1185" VPOS="2105" WIDTH="41" HEIGHT="19" WC="0.95" CONTENT="en"/><SP WIDTH="26" VPOS="2105" HPOS="1226"/>
							<String ID="string_390" HPOS="1252" VPOS="2095" WIDTH="168" HEIGHT="28" WC="0.96" CONTENT="kommun"/><SP WIDTH="25" VPOS="2095" HPOS="1420"/>
							<String ID="string_391" HPOS="1445" VPOS="2101" WIDTH="74" HEIGHT="20" WC="0.95" CONTENT="som"/><SP WIDTH="25" VPOS="2101" HPOS="1519"/>
							<String ID="string_392" HPOS="1544" VPOS="2092" WIDTH="86" HEIGHT="28" WC="0.96" CONTENT="låter"/>
						</TextLine>
						<TextLine ID="line_39" HPOS="129" VPOS="2142" WIDTH="1501" HEIGHT="51">
							<String ID="string_393" HPOS="129" VPOS="2158" WIDTH="115" HEIGHT="29" WC="0.96" CONTENT="utföra"/><SP WIDTH="16" VPOS="2158" HPOS="244"/>
							<String ID="string_394" HPOS="260" VPOS="2167" WIDTH="41" HEIGHT="18" WC="0.96" CONTENT="en"/><SP WIDTH="18" VPOS="2167" HPOS="301"/>
							<String ID="string_395" HPOS="319" VPOS="2154" WIDTH="292" HEIGHT="39" WC="0.93" CONTENT="genomgripande"/><SP WIDTH="18" VPOS="2154" HPOS="611"/>
							<String ID="string_396" HPOS="629" VPOS="2149" WIDTH="316" HEIGHT="39" WC="0.91" CONTENT="stadsombyggnad"/><SP WIDTH="19" VPOS="2149" HPOS="945"/>
							<String ID="string_397" HPOS="964" VPOS="2148" WIDTH="53" HEIGHT="29" WC="0.96" CONTENT="får"/><SP WIDTH="19" VPOS="2148" HPOS="1017"/>
							<String ID="string_398" HPOS="1036" VPOS="2148" WIDTH="53" HEIGHT="28" WC="0.76" CONTENT="del"/><SP WIDTH="19" VPOS="2148" HPOS="1089"/>
							<String ID="string_399" HPOS="1108" VPOS="2147" WIDTH="8" HEIGHT="27" WC="0.76" CONTENT="i"/><SP WIDTH="19" VPOS="2147" HPOS="1116"/>
							<String ID="string_400" HPOS="1135" VPOS="2146" WIDTH="66" HEIGHT="28" WC="0.92" CONTENT="den"/><SP WIDTH="17" VPOS="2146" HPOS="1201"/>
							<String ID="string_401" HPOS="1218" VPOS="2143" WIDTH="259" HEIGHT="38" WC="0.91" CONTENT="värdestegring"/><SP WIDTH="18" VPOS="2143" HPOS="1477"/>
							<String ID="string_402" HPOS="1495" VPOS="2151" WIDTH="74" HEIGHT="19" WC="0.96" CONTENT="som"/><SP WIDTH="20" VPOS="2151" HPOS="1569"/>
							<String ID="string_403" HPOS="1589" VPOS="2142" WIDTH="41" HEIGHT="28" WC="0.95" CONTENT="de"/>
						</TextLine>
						<TextLine ID="line_40" HPOS="124" VPOS="2191" WIDTH="1505" HEIGHT="51">
							<String ID="string_404" HPOS="124" VPOS="2208" WIDTH="7" HEIGHT="28" WC="0.93" CONTENT="i"/><SP WIDTH="18" VPOS="2208" HPOS="131"/>
							<String ID="string_405" HPOS="149" VPOS="2204" WIDTH="357" HEIGHT="38" WC="0.90" CONTENT="saneringsområdets"/><SP WIDTH="17" VPOS="2204" HPOS="506"/>
							<String ID="string_406" HPOS="523" VPOS="2201" WIDTH="218" HEIGHT="28" WC="0.96" CONTENT="omedelbara"/><SP WIDTH="18" VPOS="2201" HPOS="741"/>
							<String ID="string_407" HPOS="759" VPOS="2199" WIDTH="122" HEIGHT="29" WC="0.95" CONTENT="närhet"/><SP WIDTH="16" VPOS="2199" HPOS="881"/>
							<String ID="string_408" HPOS="897" VPOS="2198" WIDTH="145" HEIGHT="36" WC="0.96" CONTENT="belägna"/><SP WIDTH="19" VPOS="2198" HPOS="1042"/>
							<String ID="string_409" HPOS="1061" VPOS="2195" WIDTH="248" HEIGHT="37" WC="0.93" CONTENT="fastigheterna"/><SP WIDTH="18" VPOS="2195" HPOS="1309"/>
							<String ID="string_410" HPOS="1327" VPOS="2192" WIDTH="171" HEIGHT="37" WC="0.92" CONTENT="undergår"/><SP WIDTH="17" VPOS="2192" HPOS="1498"/>
							<String ID="string_411" HPOS="1515" VPOS="2191" WIDTH="114" HEIGHT="28" WC="0.96" CONTENT="såsom"/>
						</TextLine>
						<TextLine ID="line_41" HPOS="127" VPOS="2241" WIDTH="1503" HEIGHT="50">
							<String ID="string_412" HPOS="127" VPOS="2266" WIDTH="41" HEIGHT="19" WC="0.96" CONTENT="en"/><SP WIDTH="22" VPOS="2266" HPOS="168"/>
							<String ID="string_413" HPOS="190" VPOS="2256" WIDTH="195" HEIGHT="28" WC="0.96" CONTENT="omedelbar"/><SP WIDTH="24" VPOS="2256" HPOS="385"/>
							<String ID="string_414" HPOS="409" VPOS="2254" WIDTH="84" HEIGHT="37" WC="0.96" CONTENT="följd"/><SP WIDTH="23" VPOS="2254" HPOS="493"/>
							<String ID="string_415" HPOS="516" VPOS="2263" WIDTH="41" HEIGHT="19" WC="0.93" CONTENT="av"/><SP WIDTH="21" VPOS="2263" HPOS="557"/>
							<String ID="string_416" HPOS="578" VPOS="2250" WIDTH="373" HEIGHT="37" WC="0.88" CONTENT="stadsombyggnaden."/><SP WIDTH="23" VPOS="2250" HPOS="951"/>
							<String ID="string_417" HPOS="974" VPOS="2248" WIDTH="47" HEIGHT="27" WC="0.96" CONTENT="De"/><SP WIDTH="22" VPOS="2248" HPOS="1021"/>
							<String ID="string_418" HPOS="1043" VPOS="2244" WIDTH="261" HEIGHT="30" WC="0.96" CONTENT="bestämmelser"/><SP WIDTH="21" VPOS="2244" HPOS="1304"/>
							<String ID="string_419" HPOS="1325" VPOS="2252" WIDTH="55" HEIGHT="19" WC="0.93" CONTENT="om"/><SP WIDTH="23" VPOS="2252" HPOS="1380"/>
							<String ID="string_420" HPOS="1403" VPOS="2252" WIDTH="24" HEIGHT="17" WC="0.88" CONTENT="s."/><SP WIDTH="24" VPOS="2252" HPOS="1427"/>
							<String ID="string_421" HPOS="1451" VPOS="2243" WIDTH="29" HEIGHT="27" WC="0.91" CONTENT="k."/><SP WIDTH="24" VPOS="2243" HPOS="1480"/>
							<String ID="string_422" HPOS="1504" VPOS="2241" WIDTH="126" HEIGHT="28" WC="0.90" CONTENT="ekono-"/>
						</TextLine>
						<TextLine ID="line_42" HPOS="128" VPOS="2291" WIDTH="1503" HEIGHT="53">
							<String ID="string_423" HPOS="128" VPOS="2308" WIDTH="91" HEIGHT="28" WC="0.92" CONTENT="misk"/><SP WIDTH="22" VPOS="2308" HPOS="219"/>
							<String ID="string_424" HPOS="241" VPOS="2304" WIDTH="323" HEIGHT="40" WC="0.91" CONTENT="zonexpropriation"/><SP WIDTH="23" VPOS="2304" HPOS="564"/>
							<String ID="string_425" HPOS="587" VPOS="2303" WIDTH="81" HEIGHT="28" WC="0.96" CONTENT="eller"/><SP WIDTH="21" VPOS="2303" HPOS="668"/>
							<String ID="string_426" HPOS="689" VPOS="2296" WIDTH="541" HEIGHT="40" WC="0.91" CONTENT="värdestegringsexpropriation"/><SP WIDTH="22" VPOS="2296" HPOS="1230"/>
							<String ID="string_427" HPOS="1252" VPOS="2303" WIDTH="73" HEIGHT="20" WC="0.96" CONTENT="som"/><SP WIDTH="23" VPOS="2303" HPOS="1325"/>
							<String ID="string_428" HPOS="1348" VPOS="2293" WIDTH="103" HEIGHT="29" WC="0.96" CONTENT="redan"/><SP WIDTH="28" VPOS="2293" HPOS="1451"/>
							<String ID="string_429" HPOS="1479" VPOS="2291" WIDTH="77" HEIGHT="28" WC="0.92" CONTENT="1931"/><SP WIDTH="28" VPOS="2291" HPOS="1556"/>
							<String ID="string_430" HPOS="1584" VPOS="2291" WIDTH="47" HEIGHT="27" WC="0.90" CONTENT="in-"/>
						</TextLine>
						<TextLine ID="line_43" HPOS="131" VPOS="2340" WIDTH="1500" HEIGHT="46">
							<String ID="string_431" HPOS="131" VPOS="2358" WIDTH="115" HEIGHT="28" WC="0.96" CONTENT="fördes"/><SP WIDTH="24" VPOS="2358" HPOS="246"/>
							<String ID="string_432" HPOS="270" VPOS="2357" WIDTH="7" HEIGHT="28" WC="0.96" CONTENT="i"/><SP WIDTH="24" VPOS="2357" HPOS="277"/>
							<String ID="string_433" HPOS="301" VPOS="2355" WIDTH="123" HEIGHT="30" WC="0.96" CONTENT="svensk"/><SP WIDTH="26" VPOS="2355" HPOS="424"/>
							<String ID="string_434" HPOS="450" VPOS="2355" WIDTH="66" HEIGHT="28" WC="0.96" CONTENT="rätt"/><SP WIDTH="24" VPOS="2355" HPOS="516"/>
							<String ID="string_435" HPOS="540" VPOS="2355" WIDTH="36" HEIGHT="26" WC="0.96" CONTENT="är"/><SP WIDTH="26" VPOS="2355" HPOS="576"/>
							<String ID="string_436" HPOS="602" VPOS="2352" WIDTH="101" HEIGHT="29" WC="0.95" CONTENT="alltså"/><SP WIDTH="24" VPOS="2352" HPOS="703"/>
							<String ID="string_437" HPOS="727" VPOS="2351" WIDTH="103" HEIGHT="35" WC="0.96" CONTENT="enligt"/><SP WIDTH="26" VPOS="2351" HPOS="830"/>
							<String ID="string_438" HPOS="856" VPOS="2349" WIDTH="188" HEIGHT="28" WC="0.95" CONTENT="utskottets"/><SP WIDTH="23" VPOS="2349" HPOS="1044"/>
							<String ID="string_439" HPOS="1067" VPOS="2346" WIDTH="140" HEIGHT="36" WC="0.95" CONTENT="mening"/><SP WIDTH="26" VPOS="2346" HPOS="1207"/>
							<String ID="string_440" HPOS="1233" VPOS="2345" WIDTH="6" HEIGHT="27" WC="0.96" CONTENT="i"/><SP WIDTH="25" VPOS="2345" HPOS="1239"/>
							<String ID="string_441" HPOS="1264" VPOS="2344" WIDTH="62" HEIGHT="27" WC="0.96" CONTENT="och"/><SP WIDTH="30" VPOS="2344" HPOS="1326"/>
							<String ID="string_442" HPOS="1356" VPOS="2344" WIDTH="51" HEIGHT="27" WC="0.96" CONTENT="för"/><SP WIDTH="24" VPOS="2344" HPOS="1407"/>
							<String ID="string_443" HPOS="1431" VPOS="2342" WIDTH="50" HEIGHT="37" WC="0.96" CONTENT="sig"/><SP WIDTH="24" VPOS="2342" HPOS="1481"/>
							<String ID="string_444" HPOS="1505" VPOS="2340" WIDTH="126" HEIGHT="37" WC="0.96" CONTENT="sakligt"/>
						</TextLine>
						<TextLine ID="line_44" HPOS="145" VPOS="2391" WIDTH="1487" HEIGHT="53">
							<String ID="string_445" HPOS="145" VPOS="2408" WIDTH="38" HEIGHT="28" WC="0.89" CONTENT="väl"/><SP WIDTH="30" VPOS="2408" HPOS="183"/>
							<String ID="string_446" HPOS="213" VPOS="2406" WIDTH="187" HEIGHT="38" WC="0.90" CONTENT="grundade."/><SP WIDTH="30" VPOS="2406" HPOS="400"/>
							<String ID="string_447" HPOS="430" VPOS="2404" WIDTH="89" HEIGHT="29" WC="0.88" CONTENT="Även"/><SP WIDTH="30" VPOS="2404" HPOS="519"/>
							<String ID="string_448" HPOS="549" VPOS="2413" WIDTH="54" HEIGHT="18" WC="0.94" CONTENT="om"/><SP WIDTH="34" VPOS="2413" HPOS="603"/>
							<String ID="string_449" HPOS="637" VPOS="2402" WIDTH="165" HEIGHT="28" WC="0.31" CONTENT="utskottet"/><SP WIDTH="33" VPOS="2402" HPOS="802"/>
							<String ID="string_450" HPOS="835" VPOS="2397" WIDTH="220" HEIGHT="40" WC="0.95" CONTENT="följaktligen"/><SP WIDTH="29" VPOS="2397" HPOS="1055"/>
							<String ID="string_451" HPOS="1084" VPOS="2397" WIDTH="61" HEIGHT="27" WC="0.95" CONTENT="har"/><SP WIDTH="30" VPOS="2397" HPOS="1145"/>
							<String ID="string_452" HPOS="1175" VPOS="2404" WIDTH="132" HEIGHT="20" WC="0.94" CONTENT="samma"/><SP WIDTH="30" VPOS="2404" HPOS="1307"/>
							<String ID="string_453" HPOS="1337" VPOS="2391" WIDTH="215" HEIGHT="41" WC="0.92" CONTENT="principiella"/><SP WIDTH="34" VPOS="2391" HPOS="1552"/>
							<String ID="string_454" HPOS="1586" VPOS="2391" WIDTH="46" HEIGHT="27" WC="0.88" CONTENT="in-"/>
						</TextLine>
						<TextLine ID="line_45" HPOS="131" VPOS="2440" WIDTH="1501" HEIGHT="54">
							<String ID="string_455" HPOS="131" VPOS="2457" WIDTH="164" HEIGHT="37" WC="0.96" CONTENT="ställning"/><SP WIDTH="25" VPOS="2457" HPOS="295"/>
							<String ID="string_456" HPOS="320" VPOS="2456" WIDTH="6" HEIGHT="27" WC="0.96" CONTENT="i"/><SP WIDTH="25" VPOS="2456" HPOS="326"/>
							<String ID="string_457" HPOS="351" VPOS="2456" WIDTH="110" HEIGHT="28" WC="0.95" CONTENT="denna"/><SP WIDTH="27" VPOS="2456" HPOS="461"/>
							<String ID="string_458" HPOS="488" VPOS="2454" WIDTH="95" HEIGHT="36" WC="0.95" CONTENT="fråga"/><SP WIDTH="25" VPOS="2454" HPOS="583"/>
							<String ID="string_459" HPOS="608" VPOS="2461" WIDTH="73" HEIGHT="19" WC="0.93" CONTENT="som"/><SP WIDTH="26" VPOS="2461" HPOS="681"/>
							<String ID="string_460" HPOS="707" VPOS="2447" WIDTH="395" HEIGHT="42" WC="0.81" CONTENT="departementschefen,"/><SP WIDTH="26" VPOS="2447" HPOS="1102"/>
							<String ID="string_461" HPOS="1128" VPOS="2446" WIDTH="62" HEIGHT="28" WC="0.96" CONTENT="har"/><SP WIDTH="25" VPOS="2446" HPOS="1190"/>
							<String ID="string_462" HPOS="1215" VPOS="2445" WIDTH="90" HEIGHT="28" WC="0.96" CONTENT="inom"/><SP WIDTH="31" VPOS="2445" HPOS="1305"/>
							<String ID="string_463" HPOS="1336" VPOS="2443" WIDTH="165" HEIGHT="29" WC="0.92" CONTENT="utskottet"/><SP WIDTH="28" VPOS="2443" HPOS="1501"/>
							<String ID="string_464" HPOS="1529" VPOS="2440" WIDTH="103" HEIGHT="29" WC="0.91" CONTENT="likväl"/>
						</TextLine>
					</TextBlock>
				</ComposedBlock>
			</PrintSpace>
		</Page>
	</Layout>
</alto>
