<?xml version="1.0" encoding="UTF-8"?>
<alto xmlns="http://www.loc.gov/standards/alto/ns-v3#" xmlns:xlink="http://www.w3.org/1999/xlink" xmlns:xsi="http://www.w3.org/2001/XMLSchema-instance" xsi:schemaLocation="http://www.loc.gov/standards/alto/ns-v3# http://www.loc.gov/alto/v3/alto-3-0.xsd">
	<Description>
		<MeasurementUnit>pixel</MeasurementUnit>
		<sourceImageInformation>
			<fileName>/tmp/tess_i7b_yrwg_input.PNG</fileName>
		</sourceImageInformation>
		<OCRProcessing ID="OCR_0">
			<ocrProcessingStep>
				<processingSoftware>
					<softwareName>tesseract 5.3.0</softwareName>
				</processingSoftware>
			</ocrProcessingStep>
		</OCRProcessing>
	</Description>
	<Layout>
		<Page WIDTH="2217" HEIGHT="2661" PHYSICAL_IMG_NR="0" ID="page_0">
			<PrintSpace HPOS="0" VPOS="0" WIDTH="2217" HEIGHT="2661">
				<ComposedBlock ID="cblock_0" HPOS="399" VPOS="178" WIDTH="1374" HEIGHT="46">
					<TextBlock ID="block_0" HPOS="399" VPOS="178" WIDTH="1374" HEIGHT="46">
						<TextLine ID="line_0" HPOS="399" VPOS="178" WIDTH="1374" HEIGHT="46">
							<String ID="string_0" HPOS="399" VPOS="187" WIDTH="18" HEIGHT="30" WC="0.96" CONTENT="4"/><SP WIDTH="199" VPOS="187" HPOS="417"/>
							<String ID="string_1" HPOS="616" VPOS="185" WIDTH="115" HEIGHT="33" WC="0.95" CONTENT="Andra"/><SP WIDTH="24" VPOS="185" HPOS="731"/>
							<String ID="string_2" HPOS="755" VPOS="184" WIDTH="202" HEIGHT="32" WC="0.78" CONTENT="kammarens"/><SP WIDTH="24" VPOS="184" HPOS="957"/>
							<String ID="string_3" HPOS="981" VPOS="182" WIDTH="131" HEIGHT="39" WC="0.93" CONTENT="tredje"/><SP WIDTH="25" VPOS="182" HPOS="1112"/>
							<String ID="string_4" HPOS="1137" VPOS="180" WIDTH="167" HEIGHT="44" WC="0.96" CONTENT="tillfälliga"/><SP WIDTH="23" VPOS="180" HPOS="1304"/>
							<String ID="string_5" HPOS="1327" VPOS="180" WIDTH="129" HEIGHT="33" WC="0.95" CONTENT="utskotts"/><SP WIDTH="24" VPOS="180" HPOS="1456"/>
							<String ID="string_6" HPOS="1480" VPOS="179" WIDTH="162" HEIGHT="32" WC="0.95" CONTENT="utlåtande"/><SP WIDTH="26" VPOS="179" HPOS="1642"/>
							<String ID="string_7" HPOS="1668" VPOS="178" WIDTH="50" HEIGHT="32" WC="0.91" CONTENT="Nr"/><SP WIDTH="27" VPOS="178" HPOS="1718"/>
							<String ID="string_8" HPOS="1745" VPOS="181" WIDTH="28" HEIGHT="29" WC="0.91" CONTENT="8."/>
						</TextLine>
					</TextBlock>
				</ComposedBlock>
				<ComposedBlock ID="cblock_1" HPOS="397" VPOS="270" WIDTH="1607" HEIGHT="1636">
					<TextBlock ID="block_1" HPOS="397" VPOS="270" WIDTH="1602" HEIGHT="323">
						<TextLine ID="line_1" HPOS="505" VPOS="270" WIDTH="1493" HEIGHT="54">
							<String ID="string_9" HPOS="505" VPOS="280" WIDTH="54" HEIGHT="36" WC="0.95" CONTENT="Af"/><SP WIDTH="26" VPOS="280" HPOS="559"/>
							<String ID="string_10" HPOS="585" VPOS="280" WIDTH="60" HEIGHT="35" WC="0.96" CONTENT="det"/><SP WIDTH="28" VPOS="280" HPOS="645"/>
							<String ID="string_11" HPOS="673" VPOS="277" WIDTH="150" HEIGHT="37" WC="0.96" CONTENT="anförda"/><SP WIDTH="29" VPOS="277" HPOS="823"/>
							<String ID="string_12" HPOS="852" VPOS="277" WIDTH="167" HEIGHT="47" WC="0.96" CONTENT="framgår,"/><SP WIDTH="32" VPOS="277" HPOS="1019"/>
							<String ID="string_13" HPOS="1051" VPOS="278" WIDTH="53" HEIGHT="33" WC="0.96" CONTENT="att"/><SP WIDTH="28" VPOS="278" HPOS="1104"/>
							<String ID="string_14" HPOS="1132" VPOS="275" WIDTH="43" HEIGHT="35" WC="0.95" CONTENT="de"/><SP WIDTH="26" VPOS="275" HPOS="1175"/>
							<String ID="string_15" HPOS="1201" VPOS="274" WIDTH="153" HEIGHT="36" WC="0.96" CONTENT="ledande"/><SP WIDTH="19" VPOS="274" HPOS="1354"/>
							<String ID="string_16" HPOS="1373" VPOS="273" WIDTH="96" HEIGHT="36" WC="0.96" CONTENT="inom"/><SP WIDTH="22" VPOS="273" HPOS="1469"/>
							<String ID="string_17" HPOS="1491" VPOS="286" WIDTH="45" HEIGHT="22" WC="0.95" CONTENT="en"/><SP WIDTH="20" VPOS="286" HPOS="1536"/>
							<String ID="string_18" HPOS="1556" VPOS="272" WIDTH="57" HEIGHT="35" WC="0.93" CONTENT="del"/><SP WIDTH="20" VPOS="272" HPOS="1613"/>
							<String ID="string_19" HPOS="1633" VPOS="271" WIDTH="259" HEIGHT="48" WC="0.92" CONTENT="ångbåtsbolag"/><SP WIDTH="24" VPOS="271" HPOS="1892"/>
							<String ID="string_20" HPOS="1916" VPOS="270" WIDTH="82" HEIGHT="36" WC="0.96" CONTENT="icke"/>
						</TextLine>
						<TextLine ID="line_2" HPOS="397" VPOS="326" WIDTH="1600" HEIGHT="56">
							<String ID="string_21" HPOS="397" VPOS="338" WIDTH="47" HEIGHT="35" WC="0.95" CONTENT="ha"/><SP WIDTH="28" VPOS="338" HPOS="444"/>
							<String ID="string_22" HPOS="472" VPOS="337" WIDTH="69" HEIGHT="35" WC="0.96" CONTENT="den"/><SP WIDTH="28" VPOS="337" HPOS="541"/>
							<String ID="string_23" HPOS="569" VPOS="332" WIDTH="293" HEIGHT="50" WC="0.95" CONTENT="uppfattningen,"/><SP WIDTH="33" VPOS="332" HPOS="862"/>
							<String ID="string_24" HPOS="895" VPOS="334" WIDTH="53" HEIGHT="33" WC="0.92" CONTENT="att"/><SP WIDTH="19" VPOS="334" HPOS="948"/>
							<String ID="string_25" HPOS="967" VPOS="330" WIDTH="308" HEIGHT="49" WC="0.91" CONTENT="ångbåtstrafiken"/><SP WIDTH="17" VPOS="330" HPOS="1275"/>
							<String ID="string_26" HPOS="1292" VPOS="335" WIDTH="38" HEIGHT="29" WC="0.96" CONTENT="är"/><SP WIDTH="19" VPOS="335" HPOS="1330"/>
							<String ID="string_27" HPOS="1349" VPOS="328" WIDTH="57" HEIGHT="37" WC="0.96" CONTENT="till"/><SP WIDTH="20" VPOS="328" HPOS="1406"/>
							<String ID="string_28" HPOS="1426" VPOS="328" WIDTH="55" HEIGHT="36" WC="0.96" CONTENT="för"/><SP WIDTH="20" VPOS="328" HPOS="1481"/>
							<String ID="string_29" HPOS="1501" VPOS="327" WIDTH="259" HEIGHT="36" WC="0.96" CONTENT="allmänhetens"/><SP WIDTH="16" VPOS="327" HPOS="1760"/>
							<String ID="string_30" HPOS="1776" VPOS="326" WIDTH="107" HEIGHT="45" WC="0.96" CONTENT="skull,"/><SP WIDTH="25" VPOS="326" HPOS="1883"/>
							<String ID="string_31" HPOS="1908" VPOS="329" WIDTH="89" HEIGHT="32" WC="0.96" CONTENT="utan"/>
						</TextLine>
						<TextLine ID="line_3" HPOS="397" VPOS="381" WIDTH="1602" HEIGHT="55">
							<String ID="string_32" HPOS="397" VPOS="394" WIDTH="166" HEIGHT="35" WC="0.95" CONTENT="tvärtom."/><SP WIDTH="57" VPOS="394" HPOS="563"/>
							<String ID="string_33" HPOS="620" VPOS="388" WIDTH="127" HEIGHT="48" WC="0.91" CONTENT="Enligt"/><SP WIDTH="42" VPOS="388" HPOS="747"/>
							<String ID="string_34" HPOS="789" VPOS="387" WIDTH="82" HEIGHT="36" WC="0.91" CONTENT="mitt"/><SP WIDTH="41" VPOS="387" HPOS="871"/>
							<String ID="string_35" HPOS="912" VPOS="386" WIDTH="233" HEIGHT="36" WC="0.91" CONTENT="förmenande"/><SP WIDTH="44" VPOS="386" HPOS="1145"/>
							<String ID="string_36" HPOS="1189" VPOS="391" WIDTH="39" HEIGHT="29" WC="0.96" CONTENT="är"/><SP WIDTH="41" VPOS="391" HPOS="1228"/>
							<String ID="string_37" HPOS="1269" VPOS="385" WIDTH="61" HEIGHT="35" WC="0.96" CONTENT="det"/><SP WIDTH="42" VPOS="385" HPOS="1330"/>
							<String ID="string_38" HPOS="1372" VPOS="383" WIDTH="120" HEIGHT="36" WC="0.96" CONTENT="därför"/><SP WIDTH="42" VPOS="383" HPOS="1492"/>
							<String ID="string_39" HPOS="1534" VPOS="381" WIDTH="234" HEIGHT="48" WC="0.80" CONTENT="nödvändigt,"/><SP WIDTH="39" VPOS="381" HPOS="1768"/>
							<String ID="string_40" HPOS="1807" VPOS="384" WIDTH="53" HEIGHT="33" WC="0.96" CONTENT="att"/><SP WIDTH="27" VPOS="384" HPOS="1860"/>
							<String ID="string_41" HPOS="1887" VPOS="383" WIDTH="112" HEIGHT="45" WC="0.96" CONTENT="något"/>
						</TextLine>
						<TextLine ID="line_4" HPOS="398" VPOS="436" WIDTH="1601" HEIGHT="59">
							<String ID="string_42" HPOS="398" VPOS="452" WIDTH="103" HEIGHT="43" WC="0.96" CONTENT="göres"/><SP WIDTH="42" VPOS="452" HPOS="501"/>
							<String ID="string_43" HPOS="543" VPOS="445" WIDTH="55" HEIGHT="36" WC="0.96" CONTENT="för"/><SP WIDTH="42" VPOS="445" HPOS="598"/>
							<String ID="string_44" HPOS="640" VPOS="447" WIDTH="53" HEIGHT="33" WC="0.96" CONTENT="att"/><SP WIDTH="41" VPOS="447" HPOS="693"/>
							<String ID="string_45" HPOS="734" VPOS="443" WIDTH="112" HEIGHT="36" WC="0.96" CONTENT="ordna"/><SP WIDTH="29" VPOS="443" HPOS="846"/>
							<String ID="string_46" HPOS="875" VPOS="441" WIDTH="271" HEIGHT="37" WC="0.96" CONTENT="förhållandena"/><SP WIDTH="28" VPOS="441" HPOS="1146"/>
							<String ID="string_47" HPOS="1174" VPOS="439" WIDTH="97" HEIGHT="37" WC="0.96" CONTENT="inom"/><SP WIDTH="29" VPOS="439" HPOS="1271"/>
							<String ID="string_48" HPOS="1300" VPOS="438" WIDTH="216" HEIGHT="37" WC="0.96" CONTENT="hithörande"/><SP WIDTH="29" VPOS="438" HPOS="1516"/>
							<String ID="string_49" HPOS="1545" VPOS="437" WIDTH="143" HEIGHT="36" WC="0.95" CONTENT="område"/><SP WIDTH="28" VPOS="437" HPOS="1688"/>
							<String ID="string_50" HPOS="1716" VPOS="439" WIDTH="46" HEIGHT="45" WC="0.96" CONTENT="på"/><SP WIDTH="28" VPOS="439" HPOS="1762"/>
							<String ID="string_51" HPOS="1790" VPOS="439" WIDTH="52" HEIGHT="33" WC="0.96" CONTENT="ett"/><SP WIDTH="29" VPOS="439" HPOS="1842"/>
							<String ID="string_52" HPOS="1871" VPOS="436" WIDTH="128" HEIGHT="35" WC="0.96" CONTENT="sådant"/>
						</TextLine>
						<TextLine ID="line_5" HPOS="399" VPOS="490" WIDTH="1598" HEIGHT="57">
							<String ID="string_53" HPOS="399" VPOS="505" WIDTH="80" HEIGHT="42" WC="0.95" CONTENT="sätt,"/><SP WIDTH="45" VPOS="505" HPOS="479"/>
							<String ID="string_54" HPOS="524" VPOS="503" WIDTH="54" HEIGHT="34" WC="0.96" CONTENT="att"/><SP WIDTH="41" VPOS="503" HPOS="578"/>
							<String ID="string_55" HPOS="619" VPOS="500" WIDTH="60" HEIGHT="35" WC="0.96" CONTENT="det"/><SP WIDTH="34" VPOS="500" HPOS="679"/>
							<String ID="string_56" HPOS="713" VPOS="498" WIDTH="198" HEIGHT="36" WC="0.96" CONTENT="allmännas"/><SP WIDTH="29" VPOS="498" HPOS="911"/>
							<String ID="string_57" HPOS="940" VPOS="496" WIDTH="179" HEIGHT="36" WC="0.96" CONTENT="intressen"/><SP WIDTH="30" VPOS="496" HPOS="1119"/>
							<String ID="string_58" HPOS="1149" VPOS="497" WIDTH="56" HEIGHT="34" WC="0.97" CONTENT="må"/><SP WIDTH="29" VPOS="497" HPOS="1205"/>
							<String ID="string_59" HPOS="1234" VPOS="494" WIDTH="125" HEIGHT="36" WC="0.96" CONTENT="kunna"/><SP WIDTH="29" VPOS="494" HPOS="1359"/>
							<String ID="string_60" HPOS="1388" VPOS="493" WIDTH="114" HEIGHT="37" WC="0.92" CONTENT="blifva"/><SP WIDTH="29" VPOS="493" HPOS="1502"/>
							<String ID="string_61" HPOS="1531" VPOS="491" WIDTH="275" HEIGHT="49" WC="0.90" CONTENT="vederbörligen"/><SP WIDTH="28" VPOS="491" HPOS="1806"/>
							<String ID="string_62" HPOS="1834" VPOS="490" WIDTH="163" HEIGHT="48" WC="0.92" CONTENT="tillgodo-"/>
						</TextLine>
						<TextLine ID="line_6" HPOS="398" VPOS="557" WIDTH="119" HEIGHT="36">
							<String ID="string_63" HPOS="398" VPOS="557" WIDTH="119" HEIGHT="36" WC="0.96" CONTENT="sedda."/>
						</TextLine>
					</TextBlock>
					<TextBlock ID="block_2" HPOS="397" VPOS="600" WIDTH="1603" HEIGHT="277">
						<TextLine ID="line_7" HPOS="504" VPOS="600" WIDTH="1490" HEIGHT="53">
							<String ID="string_64" HPOS="504" VPOS="611" WIDTH="59" HEIGHT="36" WC="0.93" CONTENT="En"/><SP WIDTH="36" VPOS="611" HPOS="563"/>
							<String ID="string_65" HPOS="599" VPOS="606" WIDTH="496" HEIGHT="45" WC="0.91" CONTENT="koncessionsbestämmelse,"/><SP WIDTH="31" VPOS="606" HPOS="1095"/>
							<String ID="string_66" HPOS="1126" VPOS="605" WIDTH="178" HEIGHT="48" WC="0.96" CONTENT="anpassad"/><SP WIDTH="29" VPOS="605" HPOS="1304"/>
							<String ID="string_67" HPOS="1333" VPOS="603" WIDTH="91" HEIGHT="36" WC="0.96" CONTENT="efter"/><SP WIDTH="29" VPOS="603" HPOS="1424"/>
							<String ID="string_68" HPOS="1453" VPOS="604" WIDTH="44" HEIGHT="35" WC="0.96" CONTENT="de"/><SP WIDTH="29" VPOS="604" HPOS="1497"/>
							<String ID="string_69" HPOS="1526" VPOS="601" WIDTH="178" HEIGHT="38" WC="0.96" CONTENT="särskilda"/><SP WIDTH="29" VPOS="601" HPOS="1704"/>
							<String ID="string_70" HPOS="1733" VPOS="600" WIDTH="261" HEIGHT="46" WC="0.95" CONTENT="förhållanden,"/>
						</TextLine>
						<TextLine ID="line_8" HPOS="398" VPOS="656" WIDTH="1598" HEIGHT="52">
							<String ID="string_71" HPOS="398" VPOS="679" WIDTH="75" HEIGHT="23" WC="0.93" CONTENT="som"/><SP WIDTH="43" VPOS="679" HPOS="473"/>
							<String ID="string_72" HPOS="516" VPOS="665" WIDTH="157" HEIGHT="35" WC="0.93" CONTENT="existera"/><SP WIDTH="42" VPOS="665" HPOS="673"/>
							<String ID="string_73" HPOS="715" VPOS="662" WIDTH="200" HEIGHT="46" WC="0.96" CONTENT="härvidlag,"/><SP WIDTH="45" VPOS="662" HPOS="915"/>
							<String ID="string_74" HPOS="960" VPOS="673" WIDTH="107" HEIGHT="35" WC="0.96" CONTENT="synes"/><SP WIDTH="38" VPOS="673" HPOS="1067"/>
							<String ID="string_75" HPOS="1105" VPOS="660" WIDTH="75" HEIGHT="47" WC="0.96" CONTENT="mig"/><SP WIDTH="28" VPOS="660" HPOS="1180"/>
							<String ID="string_76" HPOS="1208" VPOS="672" WIDTH="86" HEIGHT="23" WC="0.96" CONTENT="vara"/><SP WIDTH="28" VPOS="672" HPOS="1294"/>
							<String ID="string_77" HPOS="1322" VPOS="659" WIDTH="118" HEIGHT="46" WC="0.96" CONTENT="ägnad"/><SP WIDTH="29" VPOS="659" HPOS="1440"/>
							<String ID="string_78" HPOS="1469" VPOS="660" WIDTH="52" HEIGHT="34" WC="0.96" CONTENT="att"/><SP WIDTH="28" VPOS="660" HPOS="1521"/>
							<String ID="string_79" HPOS="1549" VPOS="656" WIDTH="130" HEIGHT="49" WC="0.96" CONTENT="främja"/><SP WIDTH="29" VPOS="656" HPOS="1679"/>
							<String ID="string_80" HPOS="1708" VPOS="657" WIDTH="61" HEIGHT="35" WC="0.96" CONTENT="det"/><SP WIDTH="29" VPOS="657" HPOS="1769"/>
							<String ID="string_81" HPOS="1798" VPOS="656" WIDTH="198" HEIGHT="35" WC="0.96" CONTENT="allmännas"/>
						</TextLine>
						<TextLine ID="line_9" HPOS="398" VPOS="710" WIDTH="1602" HEIGHT="46">
							<String ID="string_82" HPOS="398" VPOS="719" WIDTH="165" HEIGHT="37" WC="0.92" CONTENT="intresse."/><SP WIDTH="59" VPOS="719" HPOS="563"/>
							<String ID="string_83" HPOS="622" VPOS="715" WIDTH="182" HEIGHT="38" WC="0.91" CONTENT="Gifvetvis"/><SP WIDTH="42" VPOS="715" HPOS="804"/>
							<String ID="string_84" HPOS="846" VPOS="716" WIDTH="65" HEIGHT="35" WC="0.96" CONTENT="bör"/><SP WIDTH="40" VPOS="716" HPOS="911"/>
							<String ID="string_85" HPOS="951" VPOS="714" WIDTH="82" HEIGHT="36" WC="0.96" CONTENT="icke"/><SP WIDTH="29" VPOS="714" HPOS="1033"/>
							<String ID="string_86" HPOS="1062" VPOS="726" WIDTH="45" HEIGHT="23" WC="0.96" CONTENT="en"/><SP WIDTH="29" VPOS="726" HPOS="1107"/>
							<String ID="string_87" HPOS="1136" VPOS="713" WIDTH="111" HEIGHT="35" WC="0.96" CONTENT="sådan"/><SP WIDTH="28" VPOS="713" HPOS="1247"/>
							<String ID="string_88" HPOS="1275" VPOS="712" WIDTH="251" HEIGHT="35" WC="0.96" CONTENT="bestämmelse"/><SP WIDTH="29" VPOS="712" HPOS="1526"/>
							<String ID="string_89" HPOS="1555" VPOS="722" WIDTH="86" HEIGHT="25" WC="0.96" CONTENT="vara"/><SP WIDTH="29" VPOS="722" HPOS="1641"/>
							<String ID="string_90" HPOS="1670" VPOS="712" WIDTH="38" HEIGHT="33" WC="0.93" CONTENT="så"/><SP WIDTH="29" VPOS="712" HPOS="1708"/>
							<String ID="string_91" HPOS="1737" VPOS="710" WIDTH="178" HEIGHT="46" WC="0.92" CONTENT="afpassad,"/><SP WIDTH="32" VPOS="710" HPOS="1915"/>
							<String ID="string_92" HPOS="1947" VPOS="711" WIDTH="53" HEIGHT="32" WC="0.96" CONTENT="att"/>
						</TextLine>
						<TextLine ID="line_10" HPOS="399" VPOS="762" WIDTH="1600" HEIGHT="55">
							<String ID="string_93" HPOS="399" VPOS="776" WIDTH="71" HEIGHT="35" WC="0.96" CONTENT="den"/><SP WIDTH="41" VPOS="776" HPOS="470"/>
							<String ID="string_94" HPOS="511" VPOS="774" WIDTH="163" HEIGHT="35" WC="0.96" CONTENT="hämmar"/><SP WIDTH="41" VPOS="774" HPOS="674"/>
							<String ID="string_95" HPOS="715" VPOS="770" WIDTH="259" HEIGHT="47" WC="0.95" CONTENT="utvecklingen"/><SP WIDTH="43" VPOS="770" HPOS="974"/>
							<String ID="string_96" HPOS="1017" VPOS="769" WIDTH="39" HEIGHT="35" WC="0.93" CONTENT="af"/><SP WIDTH="39" VPOS="769" HPOS="1056"/>
							<String ID="string_97" HPOS="1095" VPOS="765" WIDTH="468" HEIGHT="52" WC="0.92" CONTENT="sjökommunikationerna,"/><SP WIDTH="31" VPOS="765" HPOS="1563"/>
							<String ID="string_98" HPOS="1594" VPOS="777" WIDTH="83" HEIGHT="23" WC="0.96" CONTENT="men"/><SP WIDTH="28" VPOS="777" HPOS="1677"/>
							<String ID="string_99" HPOS="1705" VPOS="764" WIDTH="59" HEIGHT="37" WC="0.96" CONTENT="väl"/><SP WIDTH="28" VPOS="764" HPOS="1764"/>
							<String ID="string_100" HPOS="1792" VPOS="762" WIDTH="207" HEIGHT="38" WC="0.96" CONTENT="förhindrar"/>
						</TextLine>
						<TextLine ID="line_11" HPOS="397" VPOS="818" WIDTH="1351" HEIGHT="59">
							<String ID="string_101" HPOS="397" VPOS="827" WIDTH="294" HEIGHT="50" WC="0.91" CONTENT="igångsättandet"/><SP WIDTH="28" VPOS="827" HPOS="691"/>
							<String ID="string_102" HPOS="719" VPOS="825" WIDTH="40" HEIGHT="35" WC="0.93" CONTENT="af"/><SP WIDTH="25" VPOS="825" HPOS="759"/>
							<String ID="string_103" HPOS="784" VPOS="823" WIDTH="476" HEIGHT="46" WC="0.91" CONTENT="kommunikationsföretag"/><SP WIDTH="29" VPOS="823" HPOS="1260"/>
							<String ID="string_104" HPOS="1289" VPOS="822" WIDTH="40" HEIGHT="34" WC="0.96" CONTENT="af"/><SP WIDTH="25" VPOS="822" HPOS="1329"/>
							<String ID="string_105" HPOS="1354" VPOS="823" WIDTH="82" HEIGHT="33" WC="0.93" CONTENT="rent"/><SP WIDTH="27" VPOS="823" HPOS="1436"/>
							<String ID="string_106" HPOS="1463" VPOS="820" WIDTH="134" HEIGHT="49" WC="0.90" CONTENT="illojala"/><SP WIDTH="28" VPOS="820" HPOS="1597"/>
							<String ID="string_107" HPOS="1625" VPOS="818" WIDTH="123" HEIGHT="37" WC="0.96" CONTENT="motiv."/>
						</TextLine>
					</TextBlock>
					<TextBlock ID="block_3" HPOS="398" VPOS="871" WIDTH="1605" HEIGHT="709">
						<TextLine ID="line_12" HPOS="505" VPOS="871" WIDTH="1496" HEIGHT="58">
							<String ID="string_108" HPOS="505" VPOS="883" WIDTH="69" HEIGHT="46" WC="0.96" CONTENT="Jag"/><SP WIDTH="42" VPOS="883" HPOS="574"/>
							<String ID="string_109" HPOS="616" VPOS="880" WIDTH="130" HEIGHT="37" WC="0.95" CONTENT="förstår"/><SP WIDTH="34" VPOS="880" HPOS="746"/>
							<String ID="string_110" HPOS="780" VPOS="879" WIDTH="57" HEIGHT="36" WC="0.96" CONTENT="till"/><SP WIDTH="32" VPOS="879" HPOS="837"/>
							<String ID="string_111" HPOS="869" VPOS="879" WIDTH="89" HEIGHT="35" WC="0.96" CONTENT="fullo"/><SP WIDTH="29" VPOS="879" HPOS="958"/>
							<String ID="string_112" HPOS="987" VPOS="877" WIDTH="128" HEIGHT="37" WC="0.96" CONTENT="hvilka"/><SP WIDTH="28" VPOS="877" HPOS="1115"/>
							<String ID="string_113" HPOS="1143" VPOS="875" WIDTH="234" HEIGHT="49" WC="0.96" CONTENT="svårigheter,"/><SP WIDTH="32" VPOS="875" HPOS="1377"/>
							<String ID="string_114" HPOS="1409" VPOS="887" WIDTH="75" HEIGHT="24" WC="0.96" CONTENT="som"/><SP WIDTH="30" VPOS="887" HPOS="1484"/>
							<String ID="string_115" HPOS="1514" VPOS="876" WIDTH="95" HEIGHT="34" WC="0.96" CONTENT="möta"/><SP WIDTH="28" VPOS="876" HPOS="1609"/>
							<String ID="string_116" HPOS="1637" VPOS="872" WIDTH="64" HEIGHT="38" WC="0.96" CONTENT="vid"/><SP WIDTH="28" VPOS="872" HPOS="1701"/>
							<String ID="string_117" HPOS="1729" VPOS="885" WIDTH="45" HEIGHT="23" WC="0.95" CONTENT="en"/><SP WIDTH="30" VPOS="885" HPOS="1774"/>
							<String ID="string_118" HPOS="1804" VPOS="871" WIDTH="197" HEIGHT="38" WC="0.95" CONTENT="eventuellt"/>
						</TextLine>
						<TextLine ID="line_13" HPOS="398" VPOS="926" WIDTH="1598" HEIGHT="55">
							<String ID="string_119" HPOS="398" VPOS="937" WIDTH="187" HEIGHT="37" WC="0.91" CONTENT="blifvande"/><SP WIDTH="41" VPOS="937" HPOS="585"/>
							<String ID="string_120" HPOS="626" VPOS="933" WIDTH="197" HEIGHT="48" WC="0.96" CONTENT="utredning"/><SP WIDTH="42" VPOS="933" HPOS="823"/>
							<String ID="string_121" HPOS="865" VPOS="934" WIDTH="40" HEIGHT="35" WC="0.96" CONTENT="af"/><SP WIDTH="39" VPOS="934" HPOS="905"/>
							<String ID="string_122" HPOS="944" VPOS="933" WIDTH="118" HEIGHT="35" WC="0.96" CONTENT="denna"/><SP WIDTH="42" VPOS="933" HPOS="1062"/>
							<String ID="string_123" HPOS="1104" VPOS="932" WIDTH="113" HEIGHT="47" WC="0.94" CONTENT="fråga."/><SP WIDTH="57" VPOS="932" HPOS="1217"/>
							<String ID="string_124" HPOS="1274" VPOS="931" WIDTH="88" HEIGHT="35" WC="0.96" CONTENT="Men"/><SP WIDTH="29" VPOS="931" HPOS="1362"/>
							<String ID="string_125" HPOS="1391" VPOS="930" WIDTH="81" HEIGHT="35" WC="0.96" CONTENT="med"/><SP WIDTH="29" VPOS="930" HPOS="1472"/>
							<String ID="string_126" HPOS="1501" VPOS="929" WIDTH="70" HEIGHT="36" WC="0.96" CONTENT="den"/><SP WIDTH="28" VPOS="929" HPOS="1571"/>
							<String ID="string_127" HPOS="1599" VPOS="927" WIDTH="143" HEIGHT="48" WC="0.95" CONTENT="hastiga"/><SP WIDTH="28" VPOS="927" HPOS="1742"/>
							<String ID="string_128" HPOS="1770" VPOS="926" WIDTH="226" HEIGHT="48" WC="0.95" CONTENT="utveckling,"/>
						</TextLine>
						<TextLine ID="line_14" HPOS="399" VPOS="981" WIDTH="1600" HEIGHT="58">
							<String ID="string_129" HPOS="399" VPOS="1005" WIDTH="75" HEIGHT="24" WC="0.95" CONTENT="som"/><SP WIDTH="43" VPOS="1005" HPOS="474"/>
							<String ID="string_130" HPOS="517" VPOS="991" WIDTH="137" HEIGHT="48" WC="0.94" CONTENT="fortgår"/><SP WIDTH="42" VPOS="991" HPOS="654"/>
							<String ID="string_131" HPOS="696" VPOS="991" WIDTH="45" HEIGHT="46" WC="0.96" CONTENT="på"/><SP WIDTH="43" VPOS="991" HPOS="741"/>
							<String ID="string_132" HPOS="784" VPOS="989" WIDTH="99" HEIGHT="35" WC="0.95" CONTENT="detta"/><SP WIDTH="41" VPOS="989" HPOS="883"/>
							<String ID="string_133" HPOS="924" VPOS="987" WIDTH="154" HEIGHT="45" WC="0.96" CONTENT="område,"/><SP WIDTH="46" VPOS="987" HPOS="1078"/>
							<String ID="string_134" HPOS="1124" VPOS="998" WIDTH="106" HEIGHT="36" WC="0.96" CONTENT="synes"/><SP WIDTH="43" VPOS="998" HPOS="1230"/>
							<String ID="string_135" HPOS="1273" VPOS="986" WIDTH="61" HEIGHT="34" WC="0.95" CONTENT="det"/><SP WIDTH="41" VPOS="986" HPOS="1334"/>
							<String ID="string_136" HPOS="1375" VPOS="983" WIDTH="74" HEIGHT="48" WC="0.95" CONTENT="mig"/><SP WIDTH="28" VPOS="983" HPOS="1449"/>
							<String ID="string_137" HPOS="1477" VPOS="995" WIDTH="86" HEIGHT="25" WC="0.96" CONTENT="vara"/><SP WIDTH="29" VPOS="995" HPOS="1563"/>
							<String ID="string_138" HPOS="1592" VPOS="985" WIDTH="52" HEIGHT="33" WC="0.93" CONTENT="ett"/><SP WIDTH="28" VPOS="985" HPOS="1644"/>
							<String ID="string_139" HPOS="1672" VPOS="981" WIDTH="245" HEIGHT="37" WC="0.92" CONTENT="statsintresse"/><SP WIDTH="29" VPOS="981" HPOS="1917"/>
							<String ID="string_140" HPOS="1946" VPOS="984" WIDTH="53" HEIGHT="33" WC="0.95" CONTENT="att"/>
						</TextLine>
						<TextLine ID="line_15" HPOS="398" VPOS="1036" WIDTH="1600" HEIGHT="56">
							<String ID="string_141" HPOS="398" VPOS="1047" WIDTH="107" HEIGHT="45" WC="0.95" CONTENT="tillse,"/><SP WIDTH="46" VPOS="1047" HPOS="505"/>
							<String ID="string_142" HPOS="551" VPOS="1047" WIDTH="61" HEIGHT="35" WC="0.95" CONTENT="det"/><SP WIDTH="41" VPOS="1047" HPOS="612"/>
							<String ID="string_143" HPOS="653" VPOS="1046" WIDTH="109" HEIGHT="46" WC="0.96" CONTENT="något"/><SP WIDTH="37" VPOS="1046" HPOS="762"/>
							<String ID="string_144" HPOS="799" VPOS="1048" WIDTH="103" HEIGHT="43" WC="0.96" CONTENT="göres"/><SP WIDTH="29" VPOS="1048" HPOS="902"/>
							<String ID="string_145" HPOS="931" VPOS="1042" WIDTH="56" HEIGHT="36" WC="0.96" CONTENT="för"/><SP WIDTH="28" VPOS="1042" HPOS="987"/>
							<String ID="string_146" HPOS="1015" VPOS="1044" WIDTH="52" HEIGHT="34" WC="0.96" CONTENT="att"/><SP WIDTH="27" VPOS="1044" HPOS="1067"/>
							<String ID="string_147" HPOS="1094" VPOS="1044" WIDTH="131" HEIGHT="45" WC="0.96" CONTENT="trygga"/><SP WIDTH="28" VPOS="1044" HPOS="1225"/>
							<String ID="string_148" HPOS="1253" VPOS="1041" WIDTH="70" HEIGHT="35" WC="0.93" CONTENT="den"/><SP WIDTH="29" VPOS="1041" HPOS="1323"/>
							<String ID="string_149" HPOS="1352" VPOS="1039" WIDTH="243" HEIGHT="37" WC="0.92" CONTENT="trafikerande"/><SP WIDTH="29" VPOS="1039" HPOS="1595"/>
							<String ID="string_150" HPOS="1624" VPOS="1036" WIDTH="262" HEIGHT="37" WC="0.95" CONTENT="allmänhetens"/><SP WIDTH="28" VPOS="1036" HPOS="1886"/>
							<String ID="string_151" HPOS="1914" VPOS="1038" WIDTH="84" HEIGHT="34" WC="0.96" CONTENT="rätt."/>
						</TextLine>
						<TextLine ID="line_16" HPOS="399" VPOS="1090" WIDTH="1601" HEIGHT="56">
							<String ID="string_152" HPOS="399" VPOS="1103" WIDTH="83" HEIGHT="35" WC="0.95" CONTENT="Den"/><SP WIDTH="28" VPOS="1103" HPOS="482"/>
							<String ID="string_153" HPOS="510" VPOS="1098" WIDTH="225" HEIGHT="48" WC="0.96" CONTENT="befolkning,"/><SP WIDTH="32" VPOS="1098" HPOS="735"/>
							<String ID="string_154" HPOS="767" VPOS="1110" WIDTH="75" HEIGHT="24" WC="0.96" CONTENT="som"/><SP WIDTH="29" VPOS="1110" HPOS="842"/>
							<String ID="string_155" HPOS="871" VPOS="1097" WIDTH="39" HEIGHT="36" WC="0.96" CONTENT="af"/><SP WIDTH="26" VPOS="1097" HPOS="910"/>
							<String ID="string_156" HPOS="936" VPOS="1097" WIDTH="97" HEIGHT="36" WC="0.96" CONTENT="olika"/><SP WIDTH="28" VPOS="1097" HPOS="1033"/>
							<String ID="string_157" HPOS="1061" VPOS="1095" WIDTH="239" HEIGHT="47" WC="0.96" CONTENT="anledningar"/><SP WIDTH="29" VPOS="1095" HPOS="1300"/>
							<String ID="string_158" HPOS="1329" VPOS="1096" WIDTH="112" HEIGHT="34" WC="0.96" CONTENT="måste"/><SP WIDTH="29" VPOS="1096" HPOS="1441"/>
							<String ID="string_159" HPOS="1470" VPOS="1093" WIDTH="88" HEIGHT="36" WC="0.96" CONTENT="söka"/><SP WIDTH="30" VPOS="1093" HPOS="1558"/>
							<String ID="string_160" HPOS="1588" VPOS="1091" WIDTH="64" HEIGHT="37" WC="0.95" CONTENT="sitt"/><SP WIDTH="26" VPOS="1091" HPOS="1652"/>
							<String ID="string_161" HPOS="1678" VPOS="1091" WIDTH="194" HEIGHT="48" WC="0.96" CONTENT="uppehälle"/><SP WIDTH="28" VPOS="1091" HPOS="1872"/>
							<String ID="string_162" HPOS="1900" VPOS="1093" WIDTH="62" HEIGHT="33" WC="0.96" CONTENT="ute"/><SP WIDTH="25" VPOS="1093" HPOS="1962"/>
							<String ID="string_163" HPOS="1987" VPOS="1090" WIDTH="13" HEIGHT="36" WC="0.96" CONTENT="i"/>
						</TextLine>
						<TextLine ID="line_17" HPOS="400" VPOS="1146" WIDTH="1600" HEIGHT="56">
							<String ID="string_164" HPOS="400" VPOS="1155" WIDTH="273" HEIGHT="47" WC="0.96" CONTENT="skärgårdarna,"/><SP WIDTH="32" VPOS="1155" HPOS="673"/>
							<String ID="string_165" HPOS="705" VPOS="1154" WIDTH="64" HEIGHT="35" WC="0.96" CONTENT="bör"/><SP WIDTH="28" VPOS="1154" HPOS="769"/>
							<String ID="string_166" HPOS="797" VPOS="1152" WIDTH="81" HEIGHT="36" WC="0.96" CONTENT="icke"/><SP WIDTH="28" VPOS="1152" HPOS="878"/>
							<String ID="string_167" HPOS="906" VPOS="1151" WIDTH="149" HEIGHT="36" WC="0.96" CONTENT="hindras"/><SP WIDTH="29" VPOS="1151" HPOS="1055"/>
							<String ID="string_168" HPOS="1084" VPOS="1150" WIDTH="13" HEIGHT="35" WC="0.93" CONTENT="i"/><SP WIDTH="28" VPOS="1150" HPOS="1097"/>
							<String ID="string_169" HPOS="1125" VPOS="1150" WIDTH="243" HEIGHT="47" WC="0.90" CONTENT="fullgörandet"/><SP WIDTH="28" VPOS="1150" HPOS="1368"/>
							<String ID="string_170" HPOS="1396" VPOS="1148" WIDTH="40" HEIGHT="36" WC="0.96" CONTENT="af"/><SP WIDTH="25" VPOS="1148" HPOS="1436"/>
							<String ID="string_171" HPOS="1461" VPOS="1148" WIDTH="65" HEIGHT="35" WC="0.93" CONTENT="sitt"/><SP WIDTH="18" VPOS="1148" HPOS="1526"/>
							<String ID="string_172" HPOS="1544" VPOS="1147" WIDTH="228" HEIGHT="36" WC="0.91" CONTENT="sträfsamma"/><SP WIDTH="19" VPOS="1147" HPOS="1772"/>
							<String ID="string_173" HPOS="1791" VPOS="1146" WIDTH="102" HEIGHT="47" WC="0.96" CONTENT="yrke,"/><SP WIDTH="17" VPOS="1146" HPOS="1893"/>
							<String ID="string_174" HPOS="1910" VPOS="1148" WIDTH="90" HEIGHT="33" WC="0.96" CONTENT="utan"/>
						</TextLine>
						<TextLine ID="line_18" HPOS="399" VPOS="1200" WIDTH="1603" HEIGHT="50">
							<String ID="string_175" HPOS="399" VPOS="1210" WIDTH="14" HEIGHT="36" WC="0.96" CONTENT="i"/><SP WIDTH="43" VPOS="1210" HPOS="413"/>
							<String ID="string_176" HPOS="456" VPOS="1209" WIDTH="119" HEIGHT="37" WC="0.96" CONTENT="stället"/><SP WIDTH="37" VPOS="1209" HPOS="575"/>
							<String ID="string_177" HPOS="612" VPOS="1207" WIDTH="135" HEIGHT="37" WC="0.95" CONTENT="erhålla"/><SP WIDTH="29" VPOS="1207" HPOS="747"/>
							<String ID="string_178" HPOS="776" VPOS="1207" WIDTH="47" HEIGHT="35" WC="0.96" CONTENT="all"/><SP WIDTH="29" VPOS="1207" HPOS="823"/>
							<String ID="string_179" HPOS="852" VPOS="1207" WIDTH="69" HEIGHT="35" WC="0.96" CONTENT="den"/><SP WIDTH="29" VPOS="1207" HPOS="921"/>
							<String ID="string_180" HPOS="950" VPOS="1205" WIDTH="149" HEIGHT="45" WC="0.95" CONTENT="lättnad,"/><SP WIDTH="32" VPOS="1205" HPOS="1099"/>
							<String ID="string_181" HPOS="1131" VPOS="1216" WIDTH="74" HEIGHT="24" WC="0.96" CONTENT="som"/><SP WIDTH="29" VPOS="1216" HPOS="1205"/>
							<String ID="string_182" HPOS="1234" VPOS="1201" WIDTH="195" HEIGHT="49" WC="0.96" CONTENT="rimligtvis"/><SP WIDTH="29" VPOS="1201" HPOS="1429"/>
							<String ID="string_183" HPOS="1458" VPOS="1202" WIDTH="73" HEIGHT="35" WC="0.96" CONTENT="kan"/><SP WIDTH="29" VPOS="1202" HPOS="1531"/>
							<String ID="string_184" HPOS="1560" VPOS="1200" WIDTH="276" HEIGHT="37" WC="0.86" CONTENT="åstadkommas."/><SP WIDTH="58" VPOS="1200" HPOS="1836"/>
							<String ID="string_185" HPOS="1894" VPOS="1200" WIDTH="108" HEIGHT="35" WC="0.80" CONTENT="Kom-"/>
						</TextLine>
						<TextLine ID="line_19" HPOS="402" VPOS="1255" WIDTH="1598" HEIGHT="54">
							<String ID="string_186" HPOS="402" VPOS="1262" WIDTH="396" HEIGHT="47" WC="0.90" CONTENT="munikationsfrågans"/><SP WIDTH="42" VPOS="1262" HPOS="798"/>
							<String ID="string_187" HPOS="840" VPOS="1260" WIDTH="189" HEIGHT="36" WC="0.95" CONTENT="rationella"/><SP WIDTH="41" VPOS="1260" HPOS="1029"/>
							<String ID="string_188" HPOS="1070" VPOS="1258" WIDTH="144" HEIGHT="47" WC="0.96" CONTENT="lösning"/><SP WIDTH="29" VPOS="1258" HPOS="1214"/>
							<String ID="string_189" HPOS="1243" VPOS="1263" WIDTH="38" HEIGHT="30" WC="0.96" CONTENT="är"/><SP WIDTH="29" VPOS="1263" HPOS="1281"/>
							<String ID="string_190" HPOS="1310" VPOS="1261" WIDTH="51" HEIGHT="32" WC="0.96" CONTENT="ett"/><SP WIDTH="29" VPOS="1261" HPOS="1361"/>
							<String ID="string_191" HPOS="1390" VPOS="1257" WIDTH="128" HEIGHT="35" WC="0.96" CONTENT="sådant"/><SP WIDTH="27" VPOS="1257" HPOS="1518"/>
							<String ID="string_192" HPOS="1545" VPOS="1256" WIDTH="128" HEIGHT="35" WC="0.95" CONTENT="medel."/><SP WIDTH="58" VPOS="1256" HPOS="1673"/>
							<String ID="string_193" HPOS="1731" VPOS="1255" WIDTH="87" HEIGHT="35" WC="0.95" CONTENT="Men"/><SP WIDTH="29" VPOS="1255" HPOS="1818"/>
							<String ID="string_194" HPOS="1847" VPOS="1255" WIDTH="61" HEIGHT="35" WC="0.93" CONTENT="det"/><SP WIDTH="28" VPOS="1255" HPOS="1908"/>
							<String ID="string_195" HPOS="1936" VPOS="1267" WIDTH="64" HEIGHT="22" WC="0.90" CONTENT="nu-"/>
						</TextLine>
						<TextLine ID="line_20" HPOS="400" VPOS="1309" WIDTH="1602" HEIGHT="56">
							<String ID="string_196" HPOS="400" VPOS="1318" WIDTH="158" HEIGHT="37" WC="0.96" CONTENT="varande"/><SP WIDTH="43" VPOS="1318" HPOS="558"/>
							<String ID="string_197" HPOS="601" VPOS="1319" WIDTH="172" HEIGHT="46" WC="0.96" CONTENT="systemet"/><SP WIDTH="42" VPOS="1319" HPOS="773"/>
							<String ID="string_198" HPOS="815" VPOS="1320" WIDTH="39" HEIGHT="30" WC="0.96" CONTENT="är"/><SP WIDTH="42" VPOS="1320" HPOS="854"/>
							<String ID="string_199" HPOS="896" VPOS="1314" WIDTH="75" HEIGHT="36" WC="0.96" CONTENT="ofta"/><SP WIDTH="42" VPOS="1314" HPOS="971"/>
							<String ID="string_200" HPOS="1013" VPOS="1314" WIDTH="127" HEIGHT="36" WC="0.93" CONTENT="endast"/><SP WIDTH="33" VPOS="1314" HPOS="1140"/>
							<String ID="string_201" HPOS="1173" VPOS="1312" WIDTH="134" HEIGHT="48" WC="0.92" CONTENT="ägnadt"/><SP WIDTH="28" VPOS="1312" HPOS="1307"/>
							<String ID="string_202" HPOS="1335" VPOS="1314" WIDTH="53" HEIGHT="33" WC="0.96" CONTENT="att"/><SP WIDTH="28" VPOS="1314" HPOS="1388"/>
							<String ID="string_203" HPOS="1416" VPOS="1310" WIDTH="130" HEIGHT="49" WC="0.96" CONTENT="främja"/><SP WIDTH="28" VPOS="1310" HPOS="1546"/>
							<String ID="string_204" HPOS="1574" VPOS="1312" WIDTH="52" HEIGHT="33" WC="0.96" CONTENT="ett"/><SP WIDTH="29" VPOS="1312" HPOS="1626"/>
							<String ID="string_205" HPOS="1655" VPOS="1309" WIDTH="87" HEIGHT="36" WC="0.96" CONTENT="eller"/><SP WIDTH="29" VPOS="1309" HPOS="1742"/>
							<String ID="string_206" HPOS="1771" VPOS="1312" WIDTH="112" HEIGHT="32" WC="0.96" CONTENT="annat"/><SP WIDTH="27" VPOS="1312" HPOS="1883"/>
							<String ID="string_207" HPOS="1910" VPOS="1311" WIDTH="92" HEIGHT="33" WC="0.96" CONTENT="stort"/>
						</TextLine>
						<TextLine ID="line_21" HPOS="400" VPOS="1362" WIDTH="1602" HEIGHT="58">
							<String ID="string_208" HPOS="400" VPOS="1373" WIDTH="125" HEIGHT="47" WC="0.96" CONTENT="bolags"/><SP WIDTH="28" VPOS="1373" HPOS="525"/>
							<String ID="string_209" HPOS="553" VPOS="1371" WIDTH="154" HEIGHT="36" WC="0.96" CONTENT="intresse"/><SP WIDTH="28" VPOS="1371" HPOS="707"/>
							<String ID="string_210" HPOS="735" VPOS="1373" WIDTH="46" HEIGHT="44" WC="0.96" CONTENT="på"/><SP WIDTH="28" VPOS="1373" HPOS="781"/>
							<String ID="string_211" HPOS="809" VPOS="1369" WIDTH="202" HEIGHT="36" WC="0.96" CONTENT="bekostnad"/><SP WIDTH="28" VPOS="1369" HPOS="1011"/>
							<String ID="string_212" HPOS="1039" VPOS="1368" WIDTH="40" HEIGHT="36" WC="0.96" CONTENT="af"/><SP WIDTH="25" VPOS="1368" HPOS="1079"/>
							<String ID="string_213" HPOS="1104" VPOS="1368" WIDTH="272" HEIGHT="35" WC="0.96" CONTENT="allmänhetens."/><SP WIDTH="59" VPOS="1368" HPOS="1376"/>
							<String ID="string_214" HPOS="1435" VPOS="1366" WIDTH="140" HEIGHT="34" WC="0.83" CONTENT="Endast"/><SP WIDTH="26" VPOS="1366" HPOS="1575"/>
							<String ID="string_215" HPOS="1601" VPOS="1366" WIDTH="52" HEIGHT="34" WC="0.96" CONTENT="ett"/><SP WIDTH="19" VPOS="1366" HPOS="1653"/>
							<String ID="string_216" HPOS="1672" VPOS="1364" WIDTH="92" HEIGHT="35" WC="0.96" CONTENT="enda"/><SP WIDTH="19" VPOS="1364" HPOS="1764"/>
							<String ID="string_217" HPOS="1783" VPOS="1363" WIDTH="107" HEIGHT="47" WC="0.96" CONTENT="bolag"/><SP WIDTH="14" VPOS="1363" HPOS="1890"/>
							<String ID="string_218" HPOS="1904" VPOS="1362" WIDTH="98" HEIGHT="37" WC="0.96" CONTENT="inom"/>
						</TextLine>
						<TextLine ID="line_22" HPOS="402" VPOS="1417" WIDTH="1601" HEIGHT="51">
							<String ID="string_219" HPOS="402" VPOS="1430" WIDTH="52" HEIGHT="33" WC="0.96" CONTENT="ett"/><SP WIDTH="40" VPOS="1430" HPOS="454"/>
							<String ID="string_220" HPOS="494" VPOS="1427" WIDTH="61" HEIGHT="35" WC="0.96" CONTENT="län"/><SP WIDTH="29" VPOS="1427" HPOS="555"/>
							<String ID="string_221" HPOS="584" VPOS="1426" WIDTH="73" HEIGHT="35" WC="0.96" CONTENT="kan"/><SP WIDTH="28" VPOS="1426" HPOS="657"/>
							<String ID="string_222" HPOS="685" VPOS="1424" WIDTH="136" HEIGHT="44" WC="0.96" CONTENT="ibland,"/><SP WIDTH="32" VPOS="1424" HPOS="821"/>
							<String ID="string_223" HPOS="853" VPOS="1424" WIDTH="81" HEIGHT="35" WC="0.96" CONTENT="med"/><SP WIDTH="29" VPOS="1424" HPOS="934"/>
							<String ID="string_224" HPOS="963" VPOS="1423" WIDTH="70" HEIGHT="35" WC="0.96" CONTENT="den"/><SP WIDTH="28" VPOS="1423" HPOS="1033"/>
							<String ID="string_225" HPOS="1061" VPOS="1421" WIDTH="122" HEIGHT="45" WC="0.96" CONTENT="frihet,"/><SP WIDTH="32" VPOS="1421" HPOS="1183"/>
							<String ID="string_226" HPOS="1215" VPOS="1433" WIDTH="74" HEIGHT="24" WC="0.96" CONTENT="som"/><SP WIDTH="29" VPOS="1433" HPOS="1289"/>
							<String ID="string_227" HPOS="1318" VPOS="1432" WIDTH="50" HEIGHT="23" WC="0.96" CONTENT="nu"/><SP WIDTH="28" VPOS="1432" HPOS="1368"/>
							<String ID="string_228" HPOS="1396" VPOS="1420" WIDTH="105" HEIGHT="35" WC="0.95" CONTENT="råder"/><SP WIDTH="28" VPOS="1420" HPOS="1501"/>
							<String ID="string_229" HPOS="1529" VPOS="1419" WIDTH="56" HEIGHT="35" WC="0.92" CONTENT="för"/><SP WIDTH="29" VPOS="1419" HPOS="1585"/>
							<String ID="string_230" HPOS="1614" VPOS="1417" WIDTH="270" HEIGHT="49" WC="0.90" CONTENT="ångbåtsbolag,"/><SP WIDTH="32" VPOS="1417" HPOS="1884"/>
							<String ID="string_231" HPOS="1916" VPOS="1429" WIDTH="87" HEIGHT="24" WC="0.96" CONTENT="vara"/>
						</TextLine>
						<TextLine ID="line_23" HPOS="401" VPOS="1472" WIDTH="1602" HEIGHT="56">
							<String ID="string_232" HPOS="401" VPOS="1479" WIDTH="216" HEIGHT="49" WC="0.95" CONTENT="tillräckligt"/><SP WIDTH="41" VPOS="1479" HPOS="617"/>
							<String ID="string_233" HPOS="658" VPOS="1482" WIDTH="54" HEIGHT="33" WC="0.96" CONTENT="att"/><SP WIDTH="40" VPOS="1482" HPOS="712"/>
							<String ID="string_234" HPOS="752" VPOS="1479" WIDTH="144" HEIGHT="35" WC="0.95" CONTENT="hämma"/><SP WIDTH="42" VPOS="1479" HPOS="896"/>
							<String ID="string_235" HPOS="938" VPOS="1477" WIDTH="69" HEIGHT="36" WC="0.95" CONTENT="alla"/><SP WIDTH="43" VPOS="1477" HPOS="1007"/>
							<String ID="string_236" HPOS="1050" VPOS="1477" WIDTH="43" HEIGHT="35" WC="0.93" CONTENT="de"/><SP WIDTH="35" VPOS="1477" HPOS="1093"/>
							<String ID="string_237" HPOS="1128" VPOS="1473" WIDTH="472" HEIGHT="50" WC="0.90" CONTENT="utvecklingsmöjligheter,"/><SP WIDTH="32" VPOS="1473" HPOS="1600"/>
							<String ID="string_238" HPOS="1632" VPOS="1485" WIDTH="73" HEIGHT="23" WC="0.96" CONTENT="som"/><SP WIDTH="32" VPOS="1485" HPOS="1705"/>
							<String ID="string_239" HPOS="1737" VPOS="1472" WIDTH="266" HEIGHT="47" WC="0.96" CONTENT="skärgårdarna"/>
						</TextLine>
						<TextLine ID="line_24" HPOS="402" VPOS="1533" WIDTH="819" HEIGHT="47">
							<String ID="string_240" HPOS="402" VPOS="1536" WIDTH="93" HEIGHT="36" WC="0.96" CONTENT="dock"/><SP WIDTH="29" VPOS="1536" HPOS="495"/>
							<String ID="string_241" HPOS="524" VPOS="1541" WIDTH="60" HEIGHT="29" WC="0.96" CONTENT="äro"/><SP WIDTH="30" VPOS="1541" HPOS="584"/>
							<String ID="string_242" HPOS="614" VPOS="1536" WIDTH="38" HEIGHT="34" WC="0.96" CONTENT="så"/><SP WIDTH="28" VPOS="1536" HPOS="652"/>
							<String ID="string_243" HPOS="680" VPOS="1533" WIDTH="82" HEIGHT="35" WC="0.96" CONTENT="rika"/><SP WIDTH="28" VPOS="1533" HPOS="762"/>
							<String ID="string_244" HPOS="790" VPOS="1535" WIDTH="56" HEIGHT="45" WC="0.95" CONTENT="på."/><SP WIDTH="366" VPOS="1535" HPOS="846"/>
							<String ID="string_245" HPOS="1212" VPOS="1536" WIDTH="9" HEIGHT="8" WC="0.0" CONTENT="”"/>
						</TextLine>
					</TextBlock>
					<TextBlock ID="block_4" HPOS="401" VPOS="1579" WIDTH="1603" HEIGHT="327">
						<TextLine ID="line_25" HPOS="508" VPOS="1579" WIDTH="1494" HEIGHT="57">
							<String ID="string_246" HPOS="508" VPOS="1590" WIDTH="51" HEIGHT="35" WC="0.96" CONTENT="På"/><SP WIDTH="42" VPOS="1590" HPOS="559"/>
							<String ID="string_247" HPOS="601" VPOS="1588" WIDTH="119" HEIGHT="48" WC="0.96" CONTENT="grund"/><SP WIDTH="28" VPOS="1588" HPOS="720"/>
							<String ID="string_248" HPOS="748" VPOS="1587" WIDTH="40" HEIGHT="36" WC="0.96" CONTENT="af"/><SP WIDTH="24" VPOS="1587" HPOS="788"/>
							<String ID="string_249" HPOS="812" VPOS="1587" WIDTH="97" HEIGHT="36" WC="0.96" CONTENT="hvad"/><SP WIDTH="29" VPOS="1587" HPOS="909"/>
							<String ID="string_250" HPOS="938" VPOS="1598" WIDTH="74" HEIGHT="24" WC="0.96" CONTENT="som"/><SP WIDTH="30" VPOS="1598" HPOS="1012"/>
							<String ID="string_251" HPOS="1042" VPOS="1584" WIDTH="148" HEIGHT="45" WC="0.96" CONTENT="anförts,"/><SP WIDTH="31" VPOS="1584" HPOS="1190"/>
							<String ID="string_252" HPOS="1221" VPOS="1583" WIDTH="208" HEIGHT="36" WC="0.96" CONTENT="hemställer"/><SP WIDTH="24" VPOS="1583" HPOS="1429"/>
							<String ID="string_253" HPOS="1453" VPOS="1582" WIDTH="64" HEIGHT="49" WC="0.93" CONTENT="jag"/><SP WIDTH="27" VPOS="1582" HPOS="1517"/>
							<String ID="string_254" HPOS="1544" VPOS="1581" WIDTH="194" HEIGHT="44" WC="0.91" CONTENT="vördsamt,"/><SP WIDTH="31" VPOS="1581" HPOS="1738"/>
							<String ID="string_255" HPOS="1769" VPOS="1582" WIDTH="53" HEIGHT="34" WC="0.93" CONTENT="att"/><SP WIDTH="28" VPOS="1582" HPOS="1822"/>
							<String ID="string_256" HPOS="1850" VPOS="1579" WIDTH="152" HEIGHT="37" WC="0.92" CONTENT="Riksda-"/>
						</TextLine>
						<TextLine ID="line_26" HPOS="402" VPOS="1635" WIDTH="1599" HEIGHT="57">
							<String ID="string_257" HPOS="402" VPOS="1657" WIDTH="71" HEIGHT="35" WC="0.96" CONTENT="gen"/><SP WIDTH="28" VPOS="1657" HPOS="473"/>
							<String ID="string_258" HPOS="501" VPOS="1645" WIDTH="111" HEIGHT="34" WC="0.96" CONTENT="måtte"/><SP WIDTH="27" VPOS="1645" HPOS="612"/>
							<String ID="string_259" HPOS="639" VPOS="1642" WIDTH="66" HEIGHT="36" WC="0.96" CONTENT="hos"/><SP WIDTH="28" VPOS="1642" HPOS="705"/>
							<String ID="string_260" HPOS="733" VPOS="1642" WIDTH="136" HEIGHT="47" WC="0.93" CONTENT="Kungl."/><SP WIDTH="32" VPOS="1642" HPOS="869"/>
							<String ID="string_261" HPOS="901" VPOS="1640" WIDTH="107" HEIGHT="49" WC="0.96" CONTENT="Maj:t"/><SP WIDTH="28" VPOS="1640" HPOS="1008"/>
							<String ID="string_262" HPOS="1036" VPOS="1639" WIDTH="154" HEIGHT="44" WC="0.96" CONTENT="anhålla,"/><SP WIDTH="31" VPOS="1639" HPOS="1190"/>
							<String ID="string_263" HPOS="1221" VPOS="1641" WIDTH="53" HEIGHT="33" WC="0.96" CONTENT="att"/><SP WIDTH="27" VPOS="1641" HPOS="1274"/>
							<String ID="string_264" HPOS="1301" VPOS="1637" WIDTH="137" HEIGHT="48" WC="0.95" CONTENT="Kungl."/><SP WIDTH="32" VPOS="1637" HPOS="1438"/>
							<String ID="string_265" HPOS="1470" VPOS="1636" WIDTH="106" HEIGHT="49" WC="0.96" CONTENT="Maj:t"/><SP WIDTH="27" VPOS="1636" HPOS="1576"/>
							<String ID="string_266" HPOS="1603" VPOS="1635" WIDTH="140" HEIGHT="37" WC="0.96" CONTENT="täcktes"/><SP WIDTH="29" VPOS="1635" HPOS="1743"/>
							<String ID="string_267" HPOS="1772" VPOS="1635" WIDTH="74" HEIGHT="36" WC="0.96" CONTENT="låta"/><SP WIDTH="27" VPOS="1635" HPOS="1846"/>
							<String ID="string_268" HPOS="1873" VPOS="1635" WIDTH="128" HEIGHT="35" WC="0.96" CONTENT="utreda"/>
						</TextLine>
						<TextLine ID="line_27" HPOS="401" VPOS="1689" WIDTH="1603" HEIGHT="49">
							<String ID="string_269" HPOS="401" VPOS="1698" WIDTH="14" HEIGHT="36" WC="0.96" CONTENT="i"/><SP WIDTH="27" VPOS="1698" HPOS="415"/>
							<String ID="string_270" HPOS="442" VPOS="1698" WIDTH="98" HEIGHT="37" WC="0.96" CONTENT="hvad"/><SP WIDTH="28" VPOS="1698" HPOS="540"/>
							<String ID="string_271" HPOS="568" VPOS="1699" WIDTH="83" HEIGHT="34" WC="0.95" CONTENT="mån"/><SP WIDTH="29" VPOS="1699" HPOS="651"/>
							<String ID="string_272" HPOS="680" VPOS="1697" WIDTH="61" HEIGHT="35" WC="0.95" CONTENT="det"/><SP WIDTH="28" VPOS="1697" HPOS="741"/>
							<String ID="string_273" HPOS="769" VPOS="1696" WIDTH="199" HEIGHT="35" WC="0.96" CONTENT="allmännas"/><SP WIDTH="28" VPOS="1696" HPOS="968"/>
							<String ID="string_274" HPOS="996" VPOS="1694" WIDTH="153" HEIGHT="36" WC="0.96" CONTENT="intresse"/><SP WIDTH="29" VPOS="1694" HPOS="1149"/>
							<String ID="string_275" HPOS="1178" VPOS="1695" WIDTH="57" HEIGHT="33" WC="0.96" CONTENT="må"/><SP WIDTH="28" VPOS="1695" HPOS="1235"/>
							<String ID="string_276" HPOS="1263" VPOS="1693" WIDTH="126" HEIGHT="35" WC="0.96" CONTENT="kunna"/><SP WIDTH="27" VPOS="1693" HPOS="1389"/>
							<String ID="string_277" HPOS="1416" VPOS="1691" WIDTH="218" HEIGHT="47" WC="0.92" CONTENT="tillgodoses,"/><SP WIDTH="32" VPOS="1691" HPOS="1634"/>
							<String ID="string_278" HPOS="1666" VPOS="1690" WIDTH="45" HEIGHT="35" WC="0.96" CONTENT="då"/><SP WIDTH="19" VPOS="1690" HPOS="1711"/>
							<String ID="string_279" HPOS="1730" VPOS="1689" WIDTH="102" HEIGHT="47" WC="0.96" CONTENT="fråga"/><SP WIDTH="19" VPOS="1689" HPOS="1832"/>
							<String ID="string_280" HPOS="1851" VPOS="1691" WIDTH="153" HEIGHT="45" WC="0.96" CONTENT="uppstår"/>
						</TextLine>
						<TextLine ID="line_28" HPOS="402" VPOS="1743" WIDTH="1602" HEIGHT="56">
							<String ID="string_281" HPOS="402" VPOS="1766" WIDTH="56" HEIGHT="23" WC="0.89" CONTENT="om"/><SP WIDTH="30" VPOS="1766" HPOS="458"/>
							<String ID="string_282" HPOS="488" VPOS="1751" WIDTH="250" HEIGHT="37" WC="0.89" CONTENT="anordnandet"/><SP WIDTH="28" VPOS="1751" HPOS="738"/>
							<String ID="string_283" HPOS="766" VPOS="1750" WIDTH="39" HEIGHT="36" WC="0.91" CONTENT="af"/><SP WIDTH="26" VPOS="1750" HPOS="805"/>
							<String ID="string_284" HPOS="831" VPOS="1746" WIDTH="641" HEIGHT="53" WC="0.91" CONTENT="sjökommunikationsförbindelser,"/><SP WIDTH="23" VPOS="1746" HPOS="1472"/>
							<String ID="string_285" HPOS="1495" VPOS="1744" WIDTH="174" HEIGHT="37" WC="0.96" CONTENT="särskildt"/><SP WIDTH="18" VPOS="1744" HPOS="1669"/>
							<String ID="string_286" HPOS="1687" VPOS="1744" WIDTH="135" HEIGHT="36" WC="0.96" CONTENT="sådana"/><SP WIDTH="14" VPOS="1744" HPOS="1822"/>
							<String ID="string_287" HPOS="1836" VPOS="1755" WIDTH="76" HEIGHT="24" WC="0.93" CONTENT="som"/><SP WIDTH="16" VPOS="1755" HPOS="1912"/>
							<String ID="string_288" HPOS="1928" VPOS="1743" WIDTH="76" HEIGHT="35" WC="0.91" CONTENT="afse"/>
						</TextLine>
						<TextLine ID="line_29" HPOS="402" VPOS="1797" WIDTH="1601" HEIGHT="58">
							<String ID="string_289" HPOS="402" VPOS="1806" WIDTH="242" HEIGHT="49" WC="0.96" CONTENT="persontrafik"/><SP WIDTH="42" VPOS="1806" HPOS="644"/>
							<String ID="string_290" HPOS="686" VPOS="1805" WIDTH="214" HEIGHT="44" WC="0.96" CONTENT="inomskärs,"/><SP WIDTH="32" VPOS="1805" HPOS="900"/>
							<String ID="string_291" HPOS="932" VPOS="1806" WIDTH="92" HEIGHT="34" WC="0.96" CONTENT="samt"/><SP WIDTH="29" VPOS="1806" HPOS="1024"/>
							<String ID="string_292" HPOS="1053" VPOS="1803" WIDTH="56" HEIGHT="36" WC="0.96" CONTENT="för"/><SP WIDTH="28" VPOS="1803" HPOS="1109"/>
							<String ID="string_293" HPOS="1137" VPOS="1802" WIDTH="211" HEIGHT="47" WC="0.96" CONTENT="Riksdagen"/><SP WIDTH="29" VPOS="1802" HPOS="1348"/>
							<String ID="string_294" HPOS="1377" VPOS="1801" WIDTH="199" HEIGHT="47" WC="0.96" CONTENT="framlägga"/><SP WIDTH="29" VPOS="1801" HPOS="1576"/>
							<String ID="string_295" HPOS="1605" VPOS="1800" WIDTH="43" HEIGHT="35" WC="0.95" CONTENT="de"/><SP WIDTH="29" VPOS="1800" HPOS="1648"/>
							<String ID="string_296" HPOS="1677" VPOS="1798" WIDTH="145" HEIGHT="48" WC="0.93" CONTENT="förslag,"/><SP WIDTH="31" VPOS="1798" HPOS="1822"/>
							<String ID="string_297" HPOS="1853" VPOS="1797" WIDTH="150" HEIGHT="37" WC="0.91" CONTENT="hvartill"/>
						</TextLine>
						<TextLine ID="line_30" HPOS="403" VPOS="1856" WIDTH="898" HEIGHT="50">
							<String ID="string_298" HPOS="403" VPOS="1874" WIDTH="45" HEIGHT="23" WC="0.96" CONTENT="en"/><SP WIDTH="29" VPOS="1874" HPOS="448"/>
							<String ID="string_299" HPOS="477" VPOS="1862" WIDTH="112" HEIGHT="35" WC="0.95" CONTENT="sådan"/><SP WIDTH="28" VPOS="1862" HPOS="589"/>
							<String ID="string_300" HPOS="617" VPOS="1859" WIDTH="198" HEIGHT="47" WC="0.96" CONTENT="utredning"/><SP WIDTH="28" VPOS="1859" HPOS="815"/>
							<String ID="string_301" HPOS="843" VPOS="1859" WIDTH="73" HEIGHT="35" WC="0.96" CONTENT="kan"/><SP WIDTH="29" VPOS="1859" HPOS="916"/>
							<String ID="string_302" HPOS="945" VPOS="1858" WIDTH="100" HEIGHT="48" WC="0.96" CONTENT="gifva"/><SP WIDTH="28" VPOS="1858" HPOS="1045"/>
							<String ID="string_303" HPOS="1073" VPOS="1856" WIDTH="228" HEIGHT="47" WC="0.95" CONTENT="anledning.»"/>
						</TextLine>
					</TextBlock>
				</ComposedBlock>
				<ComposedBlock ID="cblock_2" HPOS="402" VPOS="1958" WIDTH="1602" HEIGHT="386">
					<TextBlock ID="block_5" HPOS="510" VPOS="1958" WIDTH="935" HEIGHT="56">
						<TextLine ID="line_31" HPOS="510" VPOS="1958" WIDTH="935" HEIGHT="56">
							<String ID="string_304" HPOS="510" VPOS="1970" WIDTH="98" HEIGHT="36" WC="0.96" CONTENT="Herr"/><SP WIDTH="28" VPOS="1970" HPOS="608"/>
							<String ID="string_305" HPOS="636" VPOS="1958" WIDTH="188" HEIGHT="48" WC="0.96" CONTENT="Åkerlund"/><SP WIDTH="25" VPOS="1958" HPOS="824"/>
							<String ID="string_306" HPOS="849" VPOS="1967" WIDTH="103" HEIGHT="37" WC="0.96" CONTENT="anför"/><SP WIDTH="28" VPOS="1967" HPOS="952"/>
							<String ID="string_307" HPOS="980" VPOS="1967" WIDTH="13" HEIGHT="35" WC="0.96" CONTENT="i"/><SP WIDTH="29" VPOS="1967" HPOS="993"/>
							<String ID="string_308" HPOS="1022" VPOS="1966" WIDTH="56" HEIGHT="37" WC="0.96" CONTENT="sin"/><SP WIDTH="29" VPOS="1966" HPOS="1078"/>
							<String ID="string_309" HPOS="1107" VPOS="1965" WIDTH="135" HEIGHT="37" WC="0.96" CONTENT="motion"/><SP WIDTH="29" VPOS="1965" HPOS="1242"/>
							<String ID="string_310" HPOS="1271" VPOS="1964" WIDTH="174" HEIGHT="50" WC="0.96" CONTENT="följande:"/>
						</TextLine>
					</TextBlock>
					<TextBlock ID="block_6" HPOS="402" VPOS="2016" WIDTH="1602" HEIGHT="328">
						<TextLine ID="line_32" HPOS="520" VPOS="2016" WIDTH="1482" HEIGHT="54">
							<String ID="string_311" HPOS="520" VPOS="2025" WIDTH="78" HEIGHT="34" WC="0.74" CONTENT="»Då"/><SP WIDTH="37" VPOS="2025" HPOS="598"/>
							<String ID="string_312" HPOS="635" VPOS="2022" WIDTH="262" HEIGHT="48" WC="0.96" CONTENT="befolkningen"/><SP WIDTH="28" VPOS="2022" HPOS="897"/>
							<String ID="string_313" HPOS="925" VPOS="2022" WIDTH="13" HEIGHT="35" WC="0.96" CONTENT="i"/><SP WIDTH="28" VPOS="2022" HPOS="938"/>
							<String ID="string_314" HPOS="966" VPOS="2024" WIDTH="86" HEIGHT="34" WC="0.96" CONTENT="våra"/><SP WIDTH="28" VPOS="2024" HPOS="1052"/>
							<String ID="string_315" HPOS="1080" VPOS="2020" WIDTH="224" HEIGHT="37" WC="0.96" CONTENT="vidsträckta"/><SP WIDTH="29" VPOS="2020" HPOS="1304"/>
							<String ID="string_316" HPOS="1333" VPOS="2018" WIDTH="227" HEIGHT="47" WC="0.93" CONTENT="skärgårdar,"/><SP WIDTH="31" VPOS="2018" HPOS="1560"/>
							<String ID="string_317" HPOS="1591" VPOS="2016" WIDTH="214" HEIGHT="48" WC="0.90" CONTENT="isynnerhet"/><SP WIDTH="29" VPOS="2016" HPOS="1805"/>
							<String ID="string_318" HPOS="1834" VPOS="2018" WIDTH="20" HEIGHT="33" WC="0.91" CONTENT="å"/><SP WIDTH="28" VPOS="2018" HPOS="1854"/>
							<String ID="string_319" HPOS="1882" VPOS="2020" WIDTH="120" HEIGHT="40" WC="0.96" CONTENT="öarna,"/>
						</TextLine>
						<TextLine ID="line_33" HPOS="403" VPOS="2072" WIDTH="1601" HEIGHT="48">
							<String ID="string_320" HPOS="403" VPOS="2079" WIDTH="14" HEIGHT="36" WC="0.96" CONTENT="i"/><SP WIDTH="29" VPOS="2079" HPOS="417"/>
							<String ID="string_321" HPOS="446" VPOS="2079" WIDTH="44" HEIGHT="36" WC="0.96" CONTENT="de"/><SP WIDTH="28" VPOS="2079" HPOS="490"/>
							<String ID="string_322" HPOS="518" VPOS="2079" WIDTH="102" HEIGHT="35" WC="0.95" CONTENT="flesta"/><SP WIDTH="29" VPOS="2079" HPOS="620"/>
							<String ID="string_323" HPOS="649" VPOS="2078" WIDTH="64" HEIGHT="35" WC="0.96" CONTENT="fall"/><SP WIDTH="29" VPOS="2078" HPOS="713"/>
							<String ID="string_324" HPOS="742" VPOS="2077" WIDTH="65" HEIGHT="36" WC="0.96" CONTENT="alls"/><SP WIDTH="28" VPOS="2077" HPOS="807"/>
							<String ID="string_325" HPOS="835" VPOS="2077" WIDTH="83" HEIGHT="35" WC="0.96" CONTENT="icke"/><SP WIDTH="29" VPOS="2077" HPOS="918"/>
							<String ID="string_326" HPOS="947" VPOS="2076" WIDTH="67" HEIGHT="36" WC="0.96" CONTENT="och"/><SP WIDTH="19" VPOS="2076" HPOS="1014"/>
							<String ID="string_327" HPOS="1033" VPOS="2075" WIDTH="14" HEIGHT="36" WC="0.96" CONTENT="i"/><SP WIDTH="15" VPOS="2075" HPOS="1047"/>
							<String ID="string_328" HPOS="1062" VPOS="2075" WIDTH="102" HEIGHT="36" WC="0.96" CONTENT="bästa"/><SP WIDTH="15" VPOS="2075" HPOS="1164"/>
							<String ID="string_329" HPOS="1179" VPOS="2074" WIDTH="64" HEIGHT="36" WC="0.95" CONTENT="fall"/><SP WIDTH="15" VPOS="2074" HPOS="1243"/>
							<String ID="string_330" HPOS="1258" VPOS="2074" WIDTH="92" HEIGHT="36" WC="0.96" CONTENT="blott"/><SP WIDTH="15" VPOS="2074" HPOS="1350"/>
							<String ID="string_331" HPOS="1365" VPOS="2073" WIDTH="13" HEIGHT="36" WC="0.93" CONTENT="i"/><SP WIDTH="14" VPOS="2073" HPOS="1378"/>
							<String ID="string_332" HPOS="1392" VPOS="2072" WIDTH="105" HEIGHT="48" WC="0.96" CONTENT="ringa"/><SP WIDTH="15" VPOS="2072" HPOS="1497"/>
							<String ID="string_333" HPOS="1512" VPOS="2074" WIDTH="83" HEIGHT="33" WC="0.93" CONTENT="mån"/><SP WIDTH="16" VPOS="2074" HPOS="1595"/>
							<String ID="string_334" HPOS="1611" VPOS="2072" WIDTH="128" HEIGHT="46" WC="0.90" CONTENT="drager"/><SP WIDTH="15" VPOS="2072" HPOS="1739"/>
							<String ID="string_335" HPOS="1754" VPOS="2073" WIDTH="112" HEIGHT="45" WC="0.93" CONTENT="några"/><SP WIDTH="15" VPOS="2073" HPOS="1866"/>
							<String ID="string_336" HPOS="1881" VPOS="2075" WIDTH="123" HEIGHT="30" WC="0.90" CONTENT="nämn-"/>
						</TextLine>
						<TextLine ID="line_34" HPOS="404" VPOS="2124" WIDTH="1600" HEIGHT="54">
							<String ID="string_337" HPOS="404" VPOS="2134" WIDTH="112" HEIGHT="36" WC="0.96" CONTENT="värda"/><SP WIDTH="27" VPOS="2134" HPOS="516"/>
							<String ID="string_338" HPOS="543" VPOS="2132" WIDTH="157" HEIGHT="36" WC="0.95" CONTENT="fördelar"/><SP WIDTH="28" VPOS="2132" HPOS="700"/>
							<String ID="string_339" HPOS="728" VPOS="2132" WIDTH="41" HEIGHT="35" WC="0.96" CONTENT="af"/><SP WIDTH="24" VPOS="2132" HPOS="769"/>
							<String ID="string_340" HPOS="793" VPOS="2144" WIDTH="85" HEIGHT="24" WC="0.96" CONTENT="vare"/><SP WIDTH="30" VPOS="2144" HPOS="878"/>
							<String ID="string_341" HPOS="908" VPOS="2130" WIDTH="55" HEIGHT="48" WC="0.96" CONTENT="sig"/><SP WIDTH="29" VPOS="2130" HPOS="963"/>
							<String ID="string_342" HPOS="992" VPOS="2132" WIDTH="136" HEIGHT="34" WC="0.96" CONTENT="statens"/><SP WIDTH="29" VPOS="2132" HPOS="1128"/>
							<String ID="string_343" HPOS="1157" VPOS="2129" WIDTH="87" HEIGHT="36" WC="0.96" CONTENT="eller"/><SP WIDTH="28" VPOS="2129" HPOS="1244"/>
							<String ID="string_344" HPOS="1272" VPOS="2128" WIDTH="116" HEIGHT="35" WC="0.96" CONTENT="under"/><SP WIDTH="20" VPOS="2128" HPOS="1388"/>
							<String ID="string_345" HPOS="1408" VPOS="2129" WIDTH="135" HEIGHT="34" WC="0.96" CONTENT="statens"/><SP WIDTH="20" VPOS="2129" HPOS="1543"/>
							<String ID="string_346" HPOS="1563" VPOS="2125" WIDTH="160" HEIGHT="37" WC="0.96" CONTENT="kontroll"/><SP WIDTH="19" VPOS="2125" HPOS="1723"/>
							<String ID="string_347" HPOS="1742" VPOS="2125" WIDTH="148" HEIGHT="35" WC="0.93" CONTENT="stående"/><SP WIDTH="17" VPOS="2125" HPOS="1890"/>
							<String ID="string_348" HPOS="1907" VPOS="2124" WIDTH="97" HEIGHT="49" WC="0.92" CONTENT="järn-"/>
						</TextLine>
						<TextLine ID="line_35" HPOS="404" VPOS="2179" WIDTH="1600" HEIGHT="57">
							<String ID="string_349" HPOS="404" VPOS="2193" WIDTH="121" HEIGHT="42" WC="0.96" CONTENT="vägar,"/><SP WIDTH="19" VPOS="2193" HPOS="525"/>
							<String ID="string_350" HPOS="544" VPOS="2186" WIDTH="30" HEIGHT="50" WC="0.96" CONTENT="ej"/><SP WIDTH="30" VPOS="2186" HPOS="574"/>
							<String ID="string_351" HPOS="604" VPOS="2187" WIDTH="115" HEIGHT="35" WC="0.95" CONTENT="heller"/><SP WIDTH="28" VPOS="2187" HPOS="719"/>
							<String ID="string_352" HPOS="747" VPOS="2186" WIDTH="40" HEIGHT="36" WC="0.96" CONTENT="af"/><SP WIDTH="25" VPOS="2186" HPOS="787"/>
							<String ID="string_353" HPOS="812" VPOS="2186" WIDTH="112" HEIGHT="35" WC="0.96" CONTENT="andra"/><SP WIDTH="28" VPOS="2186" HPOS="924"/>
							<String ID="string_354" HPOS="952" VPOS="2196" WIDTH="129" HEIGHT="36" WC="0.96" CONTENT="genom"/><SP WIDTH="31" VPOS="2196" HPOS="1081"/>
							<String ID="string_355" HPOS="1112" VPOS="2184" WIDTH="60" HEIGHT="35" WC="0.96" CONTENT="det"/><SP WIDTH="28" VPOS="2184" HPOS="1172"/>
							<String ID="string_356" HPOS="1200" VPOS="2183" WIDTH="199" HEIGHT="35" WC="0.96" CONTENT="allmännas"/><SP WIDTH="20" VPOS="2183" HPOS="1399"/>
							<String ID="string_357" HPOS="1419" VPOS="2181" WIDTH="139" HEIGHT="47" WC="0.96" CONTENT="försorg"/><SP WIDTH="20" VPOS="2181" HPOS="1558"/>
							<String ID="string_358" HPOS="1578" VPOS="2179" WIDTH="191" HEIGHT="37" WC="0.96" CONTENT="tillkomna"/><SP WIDTH="20" VPOS="2179" HPOS="1769"/>
							<String ID="string_359" HPOS="1789" VPOS="2179" WIDTH="66" HEIGHT="36" WC="0.93" CONTENT="och"/><SP WIDTH="19" VPOS="2179" HPOS="1855"/>
							<String ID="string_360" HPOS="1874" VPOS="2179" WIDTH="130" HEIGHT="35" WC="0.91" CONTENT="under-"/>
						</TextLine>
						<TextLine ID="line_36" HPOS="402" VPOS="2233" WIDTH="1599" HEIGHT="52">
							<String ID="string_361" HPOS="402" VPOS="2242" WIDTH="123" HEIGHT="36" WC="0.96" CONTENT="hållna"/><SP WIDTH="29" VPOS="2242" HPOS="525"/>
							<String ID="string_362" HPOS="554" VPOS="2239" WIDTH="365" HEIGHT="46" WC="0.95" CONTENT="kommunikationer,"/><SP WIDTH="32" VPOS="2239" HPOS="919"/>
							<String ID="string_363" HPOS="951" VPOS="2239" WIDTH="115" HEIGHT="36" WC="0.96" CONTENT="ehuru"/><SP WIDTH="20" VPOS="2239" HPOS="1066"/>
							<String ID="string_364" HPOS="1086" VPOS="2239" WIDTH="118" HEIGHT="35" WC="0.96" CONTENT="denna"/><SP WIDTH="19" VPOS="2239" HPOS="1204"/>
							<String ID="string_365" HPOS="1223" VPOS="2236" WIDTH="215" HEIGHT="47" WC="0.95" CONTENT="befolkning"/><SP WIDTH="19" VPOS="2236" HPOS="1438"/>
							<String ID="string_366" HPOS="1457" VPOS="2235" WIDTH="153" HEIGHT="36" WC="0.96" CONTENT="likasom"/><SP WIDTH="21" VPOS="2235" HPOS="1610"/>
							<String ID="string_367" HPOS="1631" VPOS="2233" WIDTH="116" HEIGHT="48" WC="0.96" CONTENT="öfriga"/><SP WIDTH="20" VPOS="2233" HPOS="1747"/>
							<String ID="string_368" HPOS="1767" VPOS="2233" WIDTH="234" HEIGHT="47" WC="0.95" CONTENT="medborgare"/>
						</TextLine>
						<TextLine ID="line_37" HPOS="404" VPOS="2290" WIDTH="1596" HEIGHT="54">
							<String ID="string_369" HPOS="404" VPOS="2299" WIDTH="156" HEIGHT="45" WC="0.96" CONTENT="mången"/><SP WIDTH="32" VPOS="2299" HPOS="560"/>
							<String ID="string_370" HPOS="592" VPOS="2298" WIDTH="96" HEIGHT="45" WC="0.96" CONTENT="gång"/><SP WIDTH="27" VPOS="2298" HPOS="688"/>
							<String ID="string_371" HPOS="715" VPOS="2295" WIDTH="159" HEIGHT="47" WC="0.96" CONTENT="bidragit"/><SP WIDTH="27" VPOS="2295" HPOS="874"/>
							<String ID="string_372" HPOS="901" VPOS="2294" WIDTH="57" HEIGHT="36" WC="0.96" CONTENT="till"/><SP WIDTH="29" VPOS="2294" HPOS="958"/>
							<String ID="string_373" HPOS="987" VPOS="2295" WIDTH="91" HEIGHT="42" WC="0.96" CONTENT="dem,"/><SP WIDTH="31" VPOS="2295" HPOS="1078"/>
							<String ID="string_374" HPOS="1109" VPOS="2295" WIDTH="88" HEIGHT="33" WC="0.96" CONTENT="utan"/><SP WIDTH="28" VPOS="2295" HPOS="1197"/>
							<String ID="string_375" HPOS="1225" VPOS="2292" WIDTH="56" HEIGHT="36" WC="0.96" CONTENT="för"/><SP WIDTH="28" VPOS="2292" HPOS="1281"/>
							<String ID="string_376" HPOS="1309" VPOS="2291" WIDTH="57" HEIGHT="36" WC="0.95" CONTENT="sin"/><SP WIDTH="29" VPOS="2291" HPOS="1366"/>
							<String ID="string_377" HPOS="1395" VPOS="2290" WIDTH="211" HEIGHT="36" WC="0.96" CONTENT="samfärdsel"/><SP WIDTH="27" VPOS="2290" HPOS="1606"/>
							<String ID="string_378" HPOS="1633" VPOS="2301" WIDTH="150" HEIGHT="23" WC="0.95" CONTENT="numera"/><SP WIDTH="27" VPOS="2301" HPOS="1783"/>
							<String ID="string_379" HPOS="1810" VPOS="2293" WIDTH="90" HEIGHT="30" WC="0.96" CONTENT="nära"/><SP WIDTH="27" VPOS="2293" HPOS="1900"/>
							<String ID="string_380" HPOS="1927" VPOS="2299" WIDTH="73" HEIGHT="35" WC="0.93" CONTENT="nog"/>
						</TextLine>
					</TextBlock>
				</ComposedBlock>
			</PrintSpace>
		</Page>
	</Layout>
</alto>
