1908 2828
488 173 122 31 Första
630 172 238 39 lagutskottets
891 169 177 32 utlåtande
1089 169 49 30 Nr
1158 170 52 29 61.
1558 163 42 31 43

113 265 109 29 under
240 265 112 29 denna
369 263 49 30 tid
436 263 64 29 har
517 272 42 20 av
578 261 171 38 naturliga
768 261 74 30 skäl
859 259 90 31 måst
967 260 116 38 läggas
1101 258 45 39 på
1165 257 248 31 anskaffandet
1432 266 42 21 av
1493 256 105 30 erfor-

111 308 123 39 derligt
248 308 320 38 anstaltsutrymme
582 306 53 30 för
649 306 89 34 dem,
755 314 74 21 som
843 306 60 29 äro
917 304 299 38 omhändertagna
1232 302 54 30 för
1301 300 245 40 undergående
1557 310 41 20 av

112 353 186 38 förvaring,
319 351 211 39 internering
550 351 64 30 och
633 349 338 40 ungdomsfängelse.
994 344 92 34 Även
1107 348 43 30 de
1170 347 56 30 för
1246 346 130 39 vanligt
1395 345 204 40 fångförvar

112 398 150 31 avsedda
281 397 218 38 fängelserna
517 396 46 30 ha
581 395 188 30 emellertid
788 395 133 29 kunnat
939 394 9 30 i
968 393 69 30 viss
1056 391 240 39 utsträckning
1313 391 208 39 tillgodoses.
1542 389 56 31 Så-

111 443 107 30 lunda
237 443 46 29 ha
303 441 158 40 uppförts
482 450 79 29 nya,
582 440 166 30 moderna
768 438 380 39 verkstadsbyggnader
1169 437 57 29 vid
1248 436 348 38 centraltängelserna

111 488 10 29 i
141 487 130 30 Malmö
291 487 63 29 och
373 485 20 31 å
413 486 179 29 Härlanda
612 485 64 30 och
697 494 46 28 ny
763 482 351 40 logementsbyggnad
1135 482 58 29 vid
1215 480 248 40 fångkolonien
1484 479 20 31 å
1525 479 73 31 Sin-

112 532 144 38 geshult.
284 531 97 30 Vissa
407 531 97 30 äldre
531 528 352 40 fångvårdsanstalter
910 528 46 30 ha
984 526 197 40 genomgått
1209 525 291 40 genomgripande
1527 534 70 20 mo-

112 576 222 38 dernisering,
356 575 175 38 nämligen
551 574 349 38 centralfängelserna
920 572 21 31 å
962 571 238 39 Långholmen
1222 571 65 30 och
1307 570 10 30 i
1339 569 120 39 Växjö,
1483 569 115 31 straff-

112 621 218 38 fängelserna
357 620 9 29 i
395 619 240 34 Kristianstad,
664 618 217 38 Vänersborg
907 617 66 30 och
1002 616 151 39 Uppsala
1182 618 89 28 samt
1298 615 263 29 kronohäktena
1589 613 9 30 i

112 665 115 35 Ystad,
256 664 183 39 Nyköping
465 664 64 30 och
557 663 220 38 Haparanda.
806 661 181 39 Härjämte
1012 661 45 31 ha
1082 660 198 30 cellfönster
1305 658 210 40 upphuggits
1543 658 55 30 vid

111 709 350 38 centralfängelserna
489 708 10 29 i
528 707 207 30 Härnösand
763 707 65 29 och
856 706 139 35 Malmö,
1025 705 257 38 straffängelset
1308 704 10 29 i
1346 702 160 31 Västerås
1534 703 64 29 och

111 754 231 30 kronohäktet
363 753 10 29 i
396 753 121 30 Falun.

155 798 48 30 Ur
223 797 99 31 vård-
343 798 63 29 och
427 796 325 38 anstaltssynpunkt
773 795 173 30 erfordras
967 795 56 29 för
1044 795 64 29 den
1129 795 175 29 närmaste
1324 793 93 30 tiden
1438 793 45 29 bl.
1506 801 29 21 a.

154 843 113 29 medel
287 842 50 30 till
358 840 483 39 konsulentorganisationens
862 839 221 39 utbyggande
1103 838 10 30 i
1135 838 65 30 full
1222 837 248 39 utsträckning,

154 887 112 30 medel
284 887 50 29 till
351 886 221 38 uppförande
589 895 40 20 av
647 884 196 40 ytterligare
860 894 42 20 en
920 883 178 39 paviljong
1116 883 57 29 vid
1192 881 258 31 vårdanstalten
1468 880 21 31 å
1509 881 88 35 Hall,

153 932 83 30 ökat
255 931 118 38 anslag
392 931 50 29 till
459 930 193 38 byggnads-
672 929 66 30 och
758 927 342 31 underhållsarbeten
1125 927 56 38 (bl.
1202 937 30 20 a.
1254 927 53 30 för
1326 929 48 27 att
1393 925 204 40 möjliggöra

110 976 257 39 upphuggande
387 985 43 20 av
450 974 198 31 cellfönster
668 974 10 29 i
700 974 141 30 raskare
861 973 75 30 takt
956 974 46 29 än
1023 972 147 38 hittills),

153 1020 121 38 anslag
293 1020 49 29 till
362 1019 221 39 uppförande
602 1028 41 20 av
663 1017 382 39 verkstadsbyggnader
1064 1016 55 31 vid
1141 1016 90 30 vissa
1254 1016 172 34 anstalter,

154 1065 120 38 anslag
297 1064 50 30 till
369 1063 340 38 utbildningskurser
731 1062 55 30 för
809 1061 437 39 bevakningstjänstemän,

152 1109 113 30 ökade
288 1109 119 37 anslag
431 1108 49 30 till
503 1107 363 39 hjälpverksamheten
890 1106 56 30 för
969 1105 150 39 frigivna
1141 1104 126 39 fångar
1290 1114 43 20 m.
1359 1104 36 30 fl.
1421 1107 89 27 samt

154 1154 121 38 anslag
294 1153 49 29 till
363 1152 226 30 anordnande
608 1161 42 20 av
669 1151 172 38 helöppen
860 1150 180 39 paviljong
1058 1149 56 30 vid
1135 1148 300 39 centralfängelset
1456 1148 10 30 i
1488 1147 109 39 Växjö

110 1199 63 29 och
197 1197 88 30 efter
304 1197 94 30 hand
419 1197 58 29 vid
500 1197 109 29 andra
631 1195 313 38 centralfängelser.

153 1242 99 30 Vissa
276 1251 42 21 av
343 1242 40 29 de
407 1241 65 30 här
495 1239 177 39 återgivna
695 1239 290 30 medelsbehoven
1010 1240 120 37 utgöra
1155 1237 288 40 förutsättningar
1469 1237 56 30 för
1549 1239 47 28 att

108 1287 107 30 redan
236 1288 147 36 antagen
402 1285 217 39 lagstiftning
639 1285 87 29 skall
747 1285 119 29 kunna
886 1284 107 30 sättas
1013 1283 10 29 i
1044 1282 102 36 kraft,
1169 1282 174 39 nämligen

152 1332 100 37 lagen
272 1331 66 29 den
358 1331 40 29 22
419 1329 75 39 juni
518 1330 83 29 1939
620 1339 57 20 om
697 1328 172 39 villkorlig
890 1328 82 30 dom
993 1330 89 28 samt

153 1376 100 38 lagen
278 1376 66 29 den
368 1375 39 30 18
430 1374 75 39 juni
532 1375 81 29 1937
639 1383 56 21 om
719 1373 177 38 förvaring
920 1373 66 29 och
1011 1372 212 38 internering
1245 1371 11 30 i
1282 1371 313 30 säkerhetsanstalt.

153 1420 103 30 Utom
275 1429 55 20 om
349 1419 293 38 angelägenheten
660 1420 48 28 att
728 1416 130 31 erhålla
876 1417 112 30 medel
1008 1417 50 29 till
1077 1417 41 29 de
1136 1416 65 30 här
1220 1425 89 21 ovan
1328 1416 149 38 angivna
1497 1415 98 30 vård-

109 1465 63 29 och
188 1463 302 31 anstaltsbehoven
507 1461 124 31 tillåter
647 1462 49 37 sig
712 1461 164 38 styrelsen
893 1461 113 30 erinra
1023 1470 56 20 om
1095 1461 57 29 det
1167 1460 11 29 i
1195 1460 57 29 det
1268 1459 207 39 föregående
1491 1460 104 30 fram-

109 1508 100 30 förda
231 1507 163 38 förslaget
414 1516 58 20 om
494 1506 147 38 ändring
662 1515 42 21 av
728 1507 39 28 12
790 1503 21 41 8
832 1505 10 29 i
864 1504 387 39 verkställighetslagen.

152 1553 13 29 I
187 1552 67 30 vad
274 1551 82 30 mån
376 1551 198 38 ytterligare
593 1550 188 38 ändringar
802 1559 41 21 av
865 1549 409 38 straffverkställigheten
1295 1549 118 30 kunna
1435 1548 160 30 befinnas

110 1596 233 38 erforderliga,
367 1594 54 31 får
445 1595 106 38 enligt
573 1595 182 38 styrelsens
779 1594 138 38 mening
939 1594 166 29 bedömas
1128 1593 9 29 i
1162 1593 169 30 samband
1354 1593 79 30 med
1457 1594 138 29 övervä-

110 1641 135 38 ganden
262 1640 147 30 rörande
426 1640 109 29 redan
552 1639 162 38 vidtagna
734 1639 80 29 eller
833 1638 186 38 planerade
1038 1636 158 40 åtgärder
1215 1636 44 39 på
1279 1637 233 30 straffrättens
1532 1637 64 30 och

109 1685 283 38 straffsystemets
412 1682 177 32 områden.
611 1683 80 30 Man
712 1683 70 29 kan
801 1682 73 30 icke
894 1682 140 35 förbise,
1055 1684 48 28 att
1122 1681 282 31 ikraftsättandet
1424 1691 42 21 av
1487 1682 107 38 lagar-

108 1739 45 21 na
176 1739 57 20 om
258 1728 172 38 villkorlig
453 1729 82 29 dom
559 1728 63 30 och
647 1737 56 20 om
729 1727 176 38 förvaring
929 1727 66 30 och
1020 1726 212 39 internering
1256 1726 10 29 i
1292 1726 304 30 säkerhetsanstalt

108 1774 98 30 torde
233 1774 141 29 komma
401 1775 50 27 att
479 1772 180 37 väsentligt
688 1771 166 30 förändra
881 1772 57 29 det
966 1771 137 38 vanliga
1131 1770 348 39 fängelseklientelets
1509 1780 86 21 sam-

109 1817 245 38 mansättning.
382 1816 182 31 Liknande
590 1816 208 38 verkningar
824 1817 58 28 äro
908 1818 50 27 att
985 1815 159 30 förvänta
1171 1815 58 29 vid
1257 1815 272 37 genomförande
1555 1824 41 21 av

106 1866 90 30 vissa
222 1865 138 37 förslag,
388 1873 74 21 som
488 1864 61 29 äro
575 1865 48 27 att
647 1864 110 27 motse
783 1860 79 30 från
887 1859 406 38 strafflagberedningen.
1321 1859 116 30 Under
1463 1858 130 32 sådana

108 1909 244 32 förhållanden
374 1907 110 31 måste
507 1907 104 37 enligt
634 1906 184 38 styrelsens
841 1904 139 38 mening
1005 1913 42 20 en
1070 1904 147 37 översyn
1240 1912 42 20 av
1306 1904 288 38 verkställighets-

106 1955 156 37 reglerna
285 1953 59 30 ske
365 1952 10 29 i
399 1954 47 27 ett
469 1951 118 30 vidare
610 1949 261 38 sammanhang.
896 1947 122 31 Såsom
1042 1947 312 38 justitieministern
1377 1947 183 31 förutsatte
1583 1948 10 29 i

108 1999 56 30 sitt
181 1997 193 31 anförande
391 1996 50 30 till
460 1993 375 39 statsrådsprotokollet
854 1993 65 29 den
937 1993 20 28 6
977 1992 144 29 oktober
1141 1992 93 34 1938,
1255 1991 63 30 bör
1336 1992 66 29 den
1421 1991 174 40 förläggas

107 2043 50 30 till
181 2043 56 29 det
261 2040 169 31 särskilda
452 2047 108 30 organ
584 2039 53 29 för
660 2037 184 38 utredning
867 2046 40 20 av
930 2035 210 30 hithörande
1163 2034 119 40 frågor
1305 2045 73 20 som
1400 2036 195 39 tillskapats

108 2095 122 30 genom
252 2083 404 40 strafflagberedningen.

151 2158 13 29 I
194 2158 159 29 ärendets
381 2157 260 38 handläggning
669 2158 91 30 hava
789 2158 139 38 deltagit
957 2158 281 30 överdirektören
1269 2158 205 34 Göransson,
1506 2156 85 30 före-

107 2202 185 37 dragande,
316 2200 252 40 byråcheferna
592 2201 196 38 Wijkmark
812 2202 63 30 och
900 2202 257 35 Wennerholm,
1182 2201 285 39 byrådirektören
1492 2201 102 29 Lind-

108 2246 90 38 berg,
230 2245 265 30 tillförordnade
525 2244 286 39 byrådirektören
842 2245 191 39 Blomqvist
1065 2248 87 28 samt
1186 2244 408 40 fångvårdsfullmäktige

107 2289 165 30 Eriksson
295 2290 64 29 och
383 2289 187 30 Moscesson.

158 2351 201 29 Stockholm
382 2351 67 30 den
475 2352 39 28 14
538 2351 87 38 april
650 2352 93 29 1942.

622 2430 154 30 HARDY
800 2423 278 37 GÖRANSSON.

1307 2483 82 31 Erik
1417 2483 132 30 Annell.
