1870 2780
257 164 16 28 bo

625 161 287 30 Statsutskottets
931 161 178 29 utlåtande
1127 170 42 19 nr
1189 161 37 28 14
1244 160 38 29 år
1303 161 83 28 1959

303 247 64 28 Det
396 245 203 29 förutsattes
627 246 8 28 i
663 254 95 30 prop.
789 244 188 33 1957:173,
1006 246 48 27 att
1082 244 123 39 frågan
1232 253 56 19 om
1316 244 163 29 lönernas
1508 243 128 29 siorlek
1665 246 88 26 samt

259 288 199 38 grunderna
485 287 54 29 för
566 286 119 39 rörligt
713 286 120 39 tillägg
860 286 44 39 på
932 286 231 39 pensionerna
1191 286 62 28 och
1283 285 54 29 för
1365 285 196 38 kristillägg
1588 285 88 28 efter
1704 287 52 26 ut-

259 329 134 38 gången
416 339 41 19 av
479 329 82 29 1958
584 329 197 29 sedermera
802 329 112 29 skulle
937 328 35 29 få
994 327 193 39 föreläggas
1208 327 198 38 riksdagen.
1430 328 65 28 Om
1517 327 111 29 beslut
1653 327 8 28 i
1685 328 71 28 äm-

260 374 56 27 net
342 372 30 38 ej
404 371 110 29 skulle
541 371 44 29 ha
614 370 191 29 meddelats
833 369 74 30 före
935 369 179 30 årsskiftet
1143 369 157 39 1958/59,
1329 369 105 28 borde
1463 368 229 39 provisoriski
1720 368 35 29 få

258 412 177 38 tillämpas
456 421 134 20 samma
610 411 151 38 grunder
781 421 77 19 som
877 411 109 30 under
1008 411 92 30 1958.
1120 411 124 38 Kungl.
1266 410 105 39 Maj:t
1391 411 63 28 har
1475 410 64 29 den
1563 411 37 28 12
1621 410 133 29 decem-

258 453 59 29 ber
339 454 83 29 1958
442 453 154 30 utfärdat
615 454 207 38 kungörelse
848 454 58 31 (nr
925 453 78 28 604)
1028 463 41 19 av
1089 453 108 29 sådan
1217 452 180 29 innebörd.

302 495 49 29 De
375 496 10 28 i
410 496 55 28 det
490 494 207 39 föregående
722 494 155 30 nämnda
900 494 332 39 överläggningarna
1257 503 56 19 om
1339 504 41 19 en
1407 503 24 20 s.
1458 494 31 28 k.
1515 494 240 38 nollställning

259 537 64 29 har
339 538 128 28 inletts.
485 537 112 39 Några
615 536 288 39 överläggningar
920 545 55 20 om
994 536 175 29 storleken
1186 546 42 19 av
1246 536 162 38 tilläggen
1425 536 19 28 å
1462 536 211 38 grundlöner
1691 536 63 29 och

260 578 186 39 pensioner
463 579 110 29 under
593 579 82 29 1959
692 579 64 29 har
774 580 96 28 ännu
887 578 30 39 ej
938 580 55 37 ägt
1011 587 89 21 rum.
1119 579 64 28 Det
1201 580 37 28 är
1256 578 120 29 därför
1394 578 75 29 icke
1487 578 136 39 möjligt
1640 580 49 27 att
1708 587 47 20 nu

260 628 85 31 ange
368 621 67 29 vad
459 629 74 20 som
554 621 11 28 i
589 620 101 29 dessa
712 619 226 30 hänseenden
960 620 61 29 bör
1045 620 89 38 gälla
1158 619 110 29 under
1292 619 237 29 innevarande
1552 620 48 29 år.
1627 620 129 39 Ifråga-

258 662 153 29 varande
429 662 170 39 spörsmål
616 662 96 29 torde
730 671 122 20 senare
868 662 36 29 få
920 662 233 29 underställas
1170 662 198 38 riksdagen.
1387 661 77 29 Med
1481 661 138 40 hänsyn
1636 662 119 29 härtill

258 703 64 30 har
344 704 52 29 till
418 704 112 38 grund
551 704 54 29 för
626 703 238 39 beräkningen
886 713 42 19 av
950 703 278 38 anslagsmedlen
1250 704 52 28 till
1324 704 129 38 rörliga
1474 703 92 29 löne-
1588 704 64 28 och
1673 713 82 30 pen-

260 744 276 30 sionsförmåner
559 745 110 29 under
690 746 101 29 nästa
813 744 170 39 budgetår
1006 745 87 38 lagts
1116 745 40 29 de
1180 745 204 39 lönebelopp
1407 754 89 30 resp.
1520 745 56 30 det
1598 747 158 37 procent-

259 787 58 34 tal,
337 796 76 20 som
431 787 90 30 varit
541 787 158 39 gällande
719 787 112 29 under
853 787 93 29 1958.
967 786 226 31 Beträffande
1212 787 336 40 pensionsanslagen
1568 787 62 29 bör
1651 787 108 29 fram-

259 828 113 30 hållas
393 829 67 29 den
481 829 194 34 osäkerhet,
698 838 75 20 som
793 848 44 2 —
859 829 141 29 särskilt
1021 829 10 28 i
1053 828 99 39 fråga
1172 838 57 20 om
1251 829 111 29 under
1383 830 101 28 nästa
1506 829 168 39 budgetår
1696 838 62 30 ny-

260 869 267 30 tillkommande
547 871 186 39 pensioner
751 888 44 3 —-
814 870 158 30 vidlåder
992 871 281 39 beräkningarna
1294 871 52 29 till
1368 870 89 39 följd
1480 870 116 35 därav,
1619 873 49 27 att
1692 871 65 29 till-

260 912 89 39 gång
376 912 51 29 till
457 914 47 27 ett
531 912 133 39 slutligt
692 912 171 30 utformat
892 913 76 38 nytt
996 912 378 39 pensionsreglemente
1404 912 78 29 med
1511 913 152 38 tilläggs-
1692 913 64 28 och

260 953 456 39 övergångsbestämmelser
734 954 30 39 ej
786 954 167 39 förelegat
971 954 111 29 under
1099 954 273 39 budgetarbetet.

305 1044 300 30 Överskridanden
627 1055 41 19 av
690 1047 91 28 vissa
803 1046 255 35 anslagsposter
1080 1056 43 19 m.
1146 1056 43 20 m.
1212 1047 11 28 I
1246 1047 227 29 förevarande
1495 1047 193 29 hänseende
1711 1055 51 20 re-

261 1094 125 39 dogörs
408 1096 9 27 i
441 1095 381 39 statsrådsprotokollet
851 1096 43 33 (s.
917 1096 101 34 4—7)
1045 1096 54 29 för
1120 1097 92 29 vissa
1235 1096 315 39 bemyndiganden,
1573 1105 75 20 som
1671 1097 88 28 riks-

262 1145 109 38 dagen
399 1146 108 28 under
533 1154 120 21 senare
679 1146 37 29 år
742 1146 133 29 lämnat
901 1146 123 39 Kungl.
1050 1147 106 38 Maj:t
1178 1147 11 28 i
1215 1146 98 39 fråga
1337 1156 57 19 om
1419 1146 271 30 överskridande
1717 1156 42 19 av

261 1202 124 31 genom
412 1195 205 39 riksdagens
645 1195 112 30 beslut
784 1196 236 30 maximerade
1047 1197 121 39 anslag
1194 1197 64 29 och
1285 1197 269 39 anslagsposter,
1582 1197 93 29 vilka
1703 1196 56 29 be-

262 1245 259 39 myndiganden
547 1246 183 30 förutsätts
757 1247 98 29 skola
881 1247 90 39 gälla
995 1248 85 28 även
1106 1247 54 29 för
1185 1248 100 28 nästa
1311 1247 179 39 budgetår.
1516 1247 74 29 Vad
1617 1247 141 29 särskilt

263 1295 170 30 beträffar
454 1296 54 29 det
530 1297 125 38 Kungl.
678 1297 103 38 Maj:t
803 1297 54 29 för
879 1297 235 29 innevarande
1135 1297 168 39 budgetår
1326 1297 162 29 lämnade
1510 1297 249 38 bemyndigan-

261 1346 56 29 det
337 1349 50 27 att
407 1347 120 38 medge
546 1347 41 29 de
607 1347 309 34 överskridanden,
938 1356 72 20 som
1030 1347 176 30 erfordras
1226 1348 52 28 till
1297 1347 90 39 följd
1408 1357 43 19 av
1469 1347 288 39 genomförandet

263 1396 111 30 under
398 1397 83 29 1958
502 1406 42 20 av
564 1398 71 28 viss
658 1397 422 39 arbetstidsförkortning,
1104 1397 206 30 förutsätter
1331 1397 125 29 chefen
1479 1397 54 29 för
1555 1397 206 39 civildepar-

263 1448 165 28 lementet
446 1449 49 28 att
512 1447 295 39 bemyndigandet
824 1447 55 30 får
896 1448 89 38 gälla
1003 1449 85 28 även
1105 1447 413 39 arbetstidsförkortning
1536 1447 111 29 under
1664 1447 95 29 förra

260 1497 158 29 halvåret
438 1497 81 30 1959
537 1498 10 29 i
565 1497 151 39 enlighet
735 1498 79 29 med
833 1498 232 29 förenämnda
1083 1499 333 29 överenskommelse
1435 1499 66 29 den
1520 1498 36 29 21
1577 1497 186 30 november

264 1546 92 30 1958.

307 1597 78 29 Med
406 1597 140 29 erinran
568 1607 56 20 om
646 1597 56 30 det
724 1598 125 39 Kungl.
871 1597 105 40 Maj:t
998 1598 53 29 för
1073 1598 235 29 innevarande
1330 1597 170 40 budgetår
1522 1597 161 30 lämnade
1704 1597 56 28 be-

263 1647 250 39 myndigandet
530 1650 51 27 att
599 1647 120 40 medge
737 1648 41 29 de
795 1648 441 39 anslagsöverskridanden
1255 1657 74 20 som
1347 1648 159 39 påkallas
1525 1648 78 28 med
1622 1648 138 38 hänsyn

262 1697 52 30 till
337 1697 263 39 utbetalningen
624 1698 52 28 till
699 1697 383 39 pensionsberättigade
1106 1698 216 38 tjänstemän
1346 1707 42 20 av
1411 1697 268 39 kompensation
1705 1697 55 29 för

263 1747 107 39 höjda
396 1747 401 39 folkpensionsavgifter,
823 1748 156 29 anmäles
1002 1749 10 28 i
1037 1747 95 30 detta
1157 1748 256 39 sammanhang
1437 1748 10 28 i
1472 1747 288 40 statsrådsproto-

263 1798 106 29 kollet
391 1800 50 28 att
464 1798 53 30 för
538 1799 102 28 nästa
662 1797 169 40 budgetår
854 1797 111 30 under
987 1798 352 39 avlöningsanslagen
1361 1798 162 39 uppförts
1547 1807 42 20 en
1612 1807 55 29 ny,
1691 1797 69 29 för-

265 1848 145 38 slagsvis
430 1848 192 30 betecknad
644 1848 221 39 anslagspost
886 1848 52 29 till
959 1848 275 39 Kompensation
1256 1848 54 29 för
1329 1848 109 39 höjda
1459 1847 302 40 folkpensionsav-

264 1898 113 38 gifter.

311 1999 417 36 Lönegradsplaceringen
758 2000 57 28 för
848 2000 93 28 vissa
970 1999 146 35 tjänster
1147 2009 43 19 m.
1221 2009 43 19 m.
1296 1999 116 29 Under
1444 1999 90 29 detta
1565 1998 127 30 avsnitt
1723 2007 41 20 av

264 2048 457 40 statsverkspropositionen
744 2049 179 29 redovisas
946 2048 40 30 de
1011 2048 130 40 förslag
1164 2049 52 30 till
1239 2048 135 30 ändrad
1399 2048 362 40 lönegradsplacering

265 2109 74 19 som
363 2099 174 30 förordats
561 2100 44 38 på
629 2099 169 39 grundval
823 2109 42 19 av
888 2099 67 29 den
979 2099 111 29 under
1113 2099 263 39 budgetarbetet
1401 2099 181 39 företagna
1606 2099 160 38 ompröv-

265 2149 128 39 ningen
414 2159 42 20 av
474 2149 290 39 löneställningen
785 2149 55 29 för
860 2149 94 29 olika
972 2149 160 39 tjänster.
1153 2149 176 29 Utskottet
1350 2149 55 30 får
1425 2149 221 29 beträffande
1667 2149 93 28 detta

265 2200 130 29 avsnitt
412 2200 146 29 hänvisa
578 2200 52 29 till
650 2208 24 20 s.
695 2200 83 29 7—9
798 2200 10 28 i
830 2199 383 39 statsrådsprotokollet
1232 2201 90 27 samt
1342 2199 52 29 till
1414 2199 66 28 den
1501 2199 116 29 därtill
1636 2199 127 29 höran-

265 2250 40 29 de
322 2250 141 39 bilagan
486 2250 41 33 (s.
544 2250 162 34 24—33).

308 2300 79 29 Med
404 2301 136 38 hänsyn
558 2300 52 29 till
629 2302 48 27 att
696 2309 121 20 senare
834 2299 112 30 under
963 2299 188 39 riksdagen
1168 2308 97 21 avses
1284 2299 98 30 skola
1401 2299 211 39 framläggas
1632 2299 130 37 förslag

265 2359 75 20 som
367 2350 171 39 påverkar
564 2349 475 40 personalförteckningarna
1066 2350 65 29 har
1159 2350 66 34 det,
1254 2350 127 29 liksom
1409 2349 96 30 fallet
1533 2349 89 29 varit
1651 2348 112 29 under

265 2400 40 29 de
325 2409 122 21 senare
466 2401 91 33 åren,
577 2400 197 39 föreslagits
793 2402 50 27 att
861 2400 186 38 riksdagen
1065 2400 80 29 ville
1162 2400 135 29 besluta
1317 2402 50 27 att
1387 2400 41 29 de
1447 2398 316 40 personalförteck-

264 2450 135 39 ningar,
429 2459 74 20 som
530 2450 186 38 riksdagen
745 2450 193 29 fastställer
965 2450 108 29 innan
1101 2450 114 29 beslut
1243 2449 193 30 meddelats
1465 2450 10 28 i
1504 2449 188 37 anledning
1720 2456 42 20 av
