<?xml version="1.0" encoding="UTF-8"?>
<alto xmlns="http://www.loc.gov/standards/alto/ns-v3#" xmlns:xlink="http://www.w3.org/1999/xlink" xmlns:xsi="http://www.w3.org/2001/XMLSchema-instance" xsi:schemaLocation="http://www.loc.gov/standards/alto/ns-v3# http://www.loc.gov/alto/v3/alto-3-0.xsd">
	<Description>
		<MeasurementUnit>pixel</MeasurementUnit>
		<sourceImageInformation>
			<fileName>/tmp/tess_cgwn88od_input.PNG</fileName>
		</sourceImageInformation>
		<OCRProcessing ID="OCR_0">
			<ocrProcessingStep>
				<processingSoftware>
					<softwareName>tesseract 5.3.0</softwareName>
				</processingSoftware>
			</ocrProcessingStep>
		</OCRProcessing>
	</Description>
	<Layout>
		<Page WIDTH="1868" HEIGHT="2774" PHYSICAL_IMG_NR="0" ID="page_0">
			<PrintSpace HPOS="0" VPOS="0" WIDTH="1868" HEIGHT="2774">
				<ComposedBlock ID="cblock_0" HPOS="289" VPOS="138" WIDTH="1131" HEIGHT="42">
					<TextBlock ID="block_0" HPOS="289" VPOS="138" WIDTH="1131" HEIGHT="42">
						<TextLine ID="line_0" HPOS="289" VPOS="138" WIDTH="1131" HEIGHT="42">
							<String ID="string_0" HPOS="289" VPOS="138" WIDTH="20" HEIGHT="31" WC="0.97" CONTENT="8"/><SP WIDTH="351" VPOS="138" HPOS="309"/>
							<String ID="string_1" HPOS="660" VPOS="142" WIDTH="287" HEIGHT="33" WC="0.90" CONTENT="Statsutskottets"/><SP WIDTH="23" VPOS="142" HPOS="947"/>
							<String ID="string_2" HPOS="970" VPOS="146" WIDTH="179" HEIGHT="31" WC="0.96" CONTENT="utlåtande"/><SP WIDTH="22" VPOS="146" HPOS="1149"/>
							<String ID="string_3" HPOS="1171" VPOS="157" WIDTH="44" HEIGHT="22" WC="0.96" CONTENT="nr"/><SP WIDTH="22" VPOS="157" HPOS="1215"/>
							<String ID="string_4" HPOS="1237" VPOS="149" WIDTH="19" HEIGHT="29" WC="0.96" CONTENT="7"/><SP WIDTH="21" VPOS="149" HPOS="1256"/>
							<String ID="string_5" HPOS="1277" VPOS="150" WIDTH="39" HEIGHT="30" WC="0.96" CONTENT="år"/><SP WIDTH="22" VPOS="150" HPOS="1316"/>
							<String ID="string_6" HPOS="1338" VPOS="151" WIDTH="82" HEIGHT="29" WC="0.96" CONTENT="1961"/>
						</TextLine>
					</TextBlock>
				</ComposedBlock>
				<ComposedBlock ID="cblock_1" HPOS="595" VPOS="225" WIDTH="1195" HEIGHT="144">
					<TextBlock ID="block_1" HPOS="595" VPOS="225" WIDTH="1195" HEIGHT="144">
						<TextLine ID="line_1" HPOS="642" VPOS="225" WIDTH="1148" HEIGHT="51">
							<String ID="string_7" HPOS="642" VPOS="225" WIDTH="36" HEIGHT="34" WC="0.87" CONTENT="e)"/><SP WIDTH="33" VPOS="225" HPOS="678"/>
							<String ID="string_8" HPOS="711" VPOS="226" WIDTH="53" HEIGHT="29" WC="0.95" CONTENT="till"/><SP WIDTH="25" VPOS="226" HPOS="764"/>
							<String ID="string_9" HPOS="789" VPOS="227" WIDTH="202" HEIGHT="31" WC="0.95" CONTENT="Statistiska"/><SP WIDTH="28" VPOS="227" HPOS="991"/>
							<String ID="string_10" HPOS="1019" VPOS="231" WIDTH="260" HEIGHT="40" WC="0.93" CONTENT="centralbyrån:"/><SP WIDTH="28" VPOS="231" HPOS="1279"/>
							<String ID="string_11" HPOS="1307" VPOS="233" WIDTH="214" HEIGHT="41" WC="0.91" CONTENT="Avlöningar"/><SP WIDTH="27" VPOS="233" HPOS="1521"/>
							<String ID="string_12" HPOS="1548" VPOS="236" WIDTH="53" HEIGHT="30" WC="0.94" CONTENT="till"/><SP WIDTH="25" VPOS="236" HPOS="1601"/>
							<String ID="string_13" HPOS="1626" VPOS="239" WIDTH="164" HEIGHT="37" WC="0.95" CONTENT="personal"/>
						</TextLine>
						<TextLine ID="line_2" HPOS="597" VPOS="274" WIDTH="1189" HEIGHT="50">
							<String ID="string_14" HPOS="597" VPOS="274" WIDTH="58" HEIGHT="40" WC="0.96" CONTENT="för"/><SP WIDTH="27" VPOS="274" HPOS="655"/>
							<String ID="string_15" HPOS="682" VPOS="276" WIDTH="267" HEIGHT="32" WC="0.96" CONTENT="verksamheten"/><SP WIDTH="28" VPOS="276" HPOS="949"/>
							<String ID="string_16" HPOS="977" VPOS="279" WIDTH="13" HEIGHT="30" WC="0.96" CONTENT="i"/><SP WIDTH="24" VPOS="279" HPOS="990"/>
							<String ID="string_17" HPOS="1014" VPOS="279" WIDTH="193" HEIGHT="32" WC="0.96" CONTENT="allmänhet"/><SP WIDTH="27" VPOS="279" HPOS="1207"/>
							<String ID="string_18" HPOS="1234" VPOS="281" WIDTH="56" HEIGHT="31" WC="0.96" CONTENT="för"/><SP WIDTH="25" VPOS="281" HPOS="1290"/>
							<String ID="string_19" HPOS="1315" VPOS="283" WIDTH="205" HEIGHT="41" WC="0.92" CONTENT="budgetåret"/><SP WIDTH="29" VPOS="283" HPOS="1520"/>
							<String ID="string_20" HPOS="1549" VPOS="286" WIDTH="149" HEIGHT="36" WC="0.91" CONTENT="1961/62"/><SP WIDTH="29" VPOS="286" HPOS="1698"/>
							<String ID="string_21" HPOS="1727" VPOS="298" WIDTH="59" HEIGHT="21" WC="0.92" CONTENT="an-"/>
						</TextLine>
						<TextLine ID="line_3" HPOS="595" VPOS="325" WIDTH="854" HEIGHT="44">
							<String ID="string_22" HPOS="595" VPOS="325" WIDTH="75" HEIGHT="30" WC="0.96" CONTENT="visa"/><SP WIDTH="21" VPOS="325" HPOS="670"/>
							<String ID="string_23" HPOS="691" VPOS="328" WIDTH="49" HEIGHT="28" WC="0.93" CONTENT="ett"/><SP WIDTH="21" VPOS="328" HPOS="740"/>
							<String ID="string_24" HPOS="761" VPOS="327" WIDTH="273" HEIGHT="42" WC="0.90" CONTENT="förslagsanslag"/><SP WIDTH="20" VPOS="327" HPOS="1034"/>
							<String ID="string_25" HPOS="1054" VPOS="340" WIDTH="41" HEIGHT="20" WC="0.96" CONTENT="av"/><SP WIDTH="20" VPOS="340" HPOS="1095"/>
							<String ID="string_26" HPOS="1115" VPOS="331" WIDTH="20" HEIGHT="29" WC="0.94" CONTENT="4"/><SP WIDTH="14" VPOS="331" HPOS="1135"/>
							<String ID="string_27" HPOS="1149" VPOS="331" WIDTH="63" HEIGHT="30" WC="0.95" CONTENT="459"/><SP WIDTH="14" VPOS="331" HPOS="1212"/>
							<String ID="string_28" HPOS="1226" VPOS="332" WIDTH="63" HEIGHT="30" WC="0.96" CONTENT="000"/><SP WIDTH="21" VPOS="332" HPOS="1289"/>
							<String ID="string_29" HPOS="1310" VPOS="334" WIDTH="139" HEIGHT="30" WC="0.96" CONTENT="kronor."/>
						</TextLine>
					</TextBlock>
				</ComposedBlock>
				<ComposedBlock ID="cblock_2" HPOS="289" VPOS="421" WIDTH="1499" HEIGHT="350">
					<TextBlock ID="block_2" HPOS="289" VPOS="421" WIDTH="1499" HEIGHT="192">
						<TextLine ID="line_4" HPOS="336" VPOS="421" WIDTH="1452" HEIGHT="57">
							<String ID="string_30" HPOS="336" VPOS="421" WIDTH="94" HEIGHT="36" WC="0.92" CONTENT="10:0)"/><SP WIDTH="20" VPOS="421" HPOS="430"/>
							<String ID="string_31" HPOS="450" VPOS="424" WIDTH="196" HEIGHT="32" WC="0.96" CONTENT="Statistiska"/><SP WIDTH="19" VPOS="424" HPOS="646"/>
							<String ID="string_32" HPOS="665" VPOS="428" WIDTH="256" HEIGHT="36" WC="0.95" CONTENT="centralbyrån:"/><SP WIDTH="21" VPOS="428" HPOS="921"/>
							<String ID="string_33" HPOS="942" VPOS="431" WIDTH="193" HEIGHT="30" WC="0.95" CONTENT="Kostnader"/><SP WIDTH="17" VPOS="431" HPOS="1135"/>
							<String ID="string_34" HPOS="1152" VPOS="433" WIDTH="57" HEIGHT="30" WC="0.96" CONTENT="för"/><SP WIDTH="18" VPOS="433" HPOS="1209"/>
							<String ID="string_35" HPOS="1227" VPOS="435" WIDTH="79" HEIGHT="28" WC="0.96" CONTENT="1960"/><SP WIDTH="18" VPOS="435" HPOS="1306"/>
							<String ID="string_36" HPOS="1324" VPOS="435" WIDTH="57" HEIGHT="30" WC="0.96" CONTENT="års"/><SP WIDTH="18" VPOS="435" HPOS="1381"/>
							<String ID="string_37" HPOS="1399" VPOS="436" WIDTH="233" HEIGHT="38" WC="0.95" CONTENT="folkräkning."/><SP WIDTH="19" VPOS="436" HPOS="1632"/>
							<String ID="string_38" HPOS="1651" VPOS="439" WIDTH="13" HEIGHT="29" WC="0.89" CONTENT="I"/><SP WIDTH="19" VPOS="439" HPOS="1664"/>
							<String ID="string_39" HPOS="1683" VPOS="440" WIDTH="105" HEIGHT="38" WC="0.89" CONTENT="enlig-"/>
						</TextLine>
						<TextLine ID="line_5" HPOS="289" VPOS="471" WIDTH="1497" HEIGHT="51">
							<String ID="string_40" HPOS="289" VPOS="471" WIDTH="58" HEIGHT="31" WC="0.96" CONTENT="het"/><SP WIDTH="19" VPOS="471" HPOS="347"/>
							<String ID="string_41" HPOS="366" VPOS="474" WIDTH="80" HEIGHT="29" WC="0.96" CONTENT="med"/><SP WIDTH="21" VPOS="474" HPOS="446"/>
							<String ID="string_42" HPOS="467" VPOS="474" WIDTH="125" HEIGHT="40" WC="0.93" CONTENT="Kungl."/><SP WIDTH="21" VPOS="474" HPOS="592"/>
							<String ID="string_43" HPOS="613" VPOS="477" WIDTH="125" HEIGHT="39" WC="0.96" CONTENT="Maj:ts"/><SP WIDTH="21" VPOS="477" HPOS="738"/>
							<String ID="string_44" HPOS="759" VPOS="478" WIDTH="130" HEIGHT="41" WC="0.96" CONTENT="förslag"/><SP WIDTH="25" VPOS="478" HPOS="889"/>
							<String ID="string_45" HPOS="914" VPOS="480" WIDTH="131" HEIGHT="39" WC="0.94" CONTENT="(punkt"/><SP WIDTH="23" VPOS="480" HPOS="1045"/>
							<String ID="string_46" HPOS="1068" VPOS="482" WIDTH="49" HEIGHT="35" WC="0.93" CONTENT="10,"/><SP WIDTH="22" VPOS="482" HPOS="1117"/>
							<String ID="string_47" HPOS="1139" VPOS="492" WIDTH="26" HEIGHT="20" WC="0.93" CONTENT="s."/><SP WIDTH="22" VPOS="492" HPOS="1165"/>
							<String ID="string_48" HPOS="1187" VPOS="484" WIDTH="161" HEIGHT="38" WC="0.26" CONTENT="22—24),"/><SP WIDTH="21" VPOS="484" HPOS="1348"/>
							<String ID="string_49" HPOS="1369" VPOS="486" WIDTH="108" HEIGHT="31" WC="0.96" CONTENT="vilket"/><SP WIDTH="19" VPOS="486" HPOS="1477"/>
							<String ID="string_50" HPOS="1496" VPOS="488" WIDTH="147" HEIGHT="31" WC="0.96" CONTENT="innebär"/><SP WIDTH="20" VPOS="488" HPOS="1643"/>
							<String ID="string_51" HPOS="1663" VPOS="498" WIDTH="44" HEIGHT="21" WC="0.93" CONTENT="en"/><SP WIDTH="20" VPOS="498" HPOS="1707"/>
							<String ID="string_52" HPOS="1727" VPOS="500" WIDTH="59" HEIGHT="20" WC="0.93" CONTENT="an-"/>
						</TextLine>
						<TextLine ID="line_6" HPOS="291" VPOS="522" WIDTH="1495" HEIGHT="58">
							<String ID="string_53" HPOS="291" VPOS="522" WIDTH="224" HEIGHT="42" WC="0.92" CONTENT="slagsökning"/><SP WIDTH="27" VPOS="522" HPOS="515"/>
							<String ID="string_54" HPOS="542" VPOS="526" WIDTH="79" HEIGHT="29" WC="0.95" CONTENT="med"/><SP WIDTH="30" VPOS="526" HPOS="621"/>
							<String ID="string_55" HPOS="651" VPOS="526" WIDTH="93" HEIGHT="31" WC="0.42" CONTENT="1400"/><SP WIDTH="14" VPOS="526" HPOS="744"/>
							<String ID="string_56" HPOS="758" VPOS="528" WIDTH="62" HEIGHT="30" WC="0.42" CONTENT="000"/><SP WIDTH="27" VPOS="528" HPOS="820"/>
							<String ID="string_57" HPOS="847" VPOS="529" WIDTH="131" HEIGHT="32" WC="0.95" CONTENT="kronor"/><SP WIDTH="27" VPOS="529" HPOS="978"/>
							<String ID="string_58" HPOS="1005" VPOS="533" WIDTH="11" HEIGHT="30" WC="0.95" CONTENT="i"/><SP WIDTH="27" VPOS="533" HPOS="1016"/>
							<String ID="string_59" HPOS="1043" VPOS="533" WIDTH="152" HEIGHT="39" WC="0.96" CONTENT="enlighet"/><SP WIDTH="27" VPOS="533" HPOS="1195"/>
							<String ID="string_60" HPOS="1222" VPOS="535" WIDTH="79" HEIGHT="29" WC="0.96" CONTENT="med"/><SP WIDTH="27" VPOS="535" HPOS="1301"/>
							<String ID="string_61" HPOS="1328" VPOS="536" WIDTH="147" HEIGHT="40" WC="0.96" CONTENT="tidigare"/><SP WIDTH="27" VPOS="536" HPOS="1475"/>
							<String ID="string_62" HPOS="1502" VPOS="538" WIDTH="162" HEIGHT="40" WC="0.96" CONTENT="godkänd"/><SP WIDTH="28" VPOS="538" HPOS="1664"/>
							<String ID="string_63" HPOS="1692" VPOS="541" WIDTH="94" HEIGHT="39" WC="0.95" CONTENT="plan,"/>
						</TextLine>
						<TextLine ID="line_7" HPOS="290" VPOS="571" WIDTH="406" HEIGHT="42">
							<String ID="string_64" HPOS="290" VPOS="571" WIDTH="201" HEIGHT="33" WC="0.96" CONTENT="hemställer"/><SP WIDTH="24" VPOS="571" HPOS="491"/>
							<String ID="string_65" HPOS="515" VPOS="576" WIDTH="181" HEIGHT="37" WC="0.96" CONTENT="utskottet,"/>
						</TextLine>
					</TextBlock>
					<TextBlock ID="block_3" HPOS="591" VPOS="627" WIDTH="1193" HEIGHT="144">
						<TextLine ID="line_8" HPOS="640" VPOS="627" WIDTH="1144" HEIGHT="50">
							<String ID="string_66" HPOS="640" VPOS="629" WIDTH="50" HEIGHT="28" WC="0.96" CONTENT="att"/><SP WIDTH="24" VPOS="629" HPOS="690"/>
							<String ID="string_67" HPOS="714" VPOS="627" WIDTH="186" HEIGHT="42" WC="0.96" CONTENT="riksdagen"/><SP WIDTH="23" VPOS="627" HPOS="900"/>
							<String ID="string_68" HPOS="923" VPOS="632" WIDTH="58" HEIGHT="30" WC="0.95" CONTENT="må"/><SP WIDTH="24" VPOS="632" HPOS="981"/>
							<String ID="string_69" HPOS="1005" VPOS="632" WIDTH="51" HEIGHT="30" WC="0.95" CONTENT="till"/><SP WIDTH="23" VPOS="632" HPOS="1056"/>
							<String ID="string_70" HPOS="1079" VPOS="633" WIDTH="202" HEIGHT="32" WC="0.96" CONTENT="Statistiska"/><SP WIDTH="24" VPOS="633" HPOS="1281"/>
							<String ID="string_71" HPOS="1305" VPOS="637" WIDTH="259" HEIGHT="40" WC="0.96" CONTENT="centralbyrån:"/><SP WIDTH="24" VPOS="637" HPOS="1564"/>
							<String ID="string_72" HPOS="1588" VPOS="640" WIDTH="196" HEIGHT="31" WC="0.96" CONTENT="Kostnader"/>
						</TextLine>
						<TextLine ID="line_9" HPOS="591" VPOS="675" WIDTH="1193" HEIGHT="50">
							<String ID="string_73" HPOS="591" VPOS="675" WIDTH="58" HEIGHT="40" WC="0.96" CONTENT="för"/><SP WIDTH="23" VPOS="675" HPOS="649"/>
							<String ID="string_74" HPOS="672" VPOS="678" WIDTH="85" HEIGHT="29" WC="0.96" CONTENT="1960"/><SP WIDTH="24" VPOS="678" HPOS="757"/>
							<String ID="string_75" HPOS="781" VPOS="679" WIDTH="56" HEIGHT="30" WC="0.96" CONTENT="års"/><SP WIDTH="22" VPOS="679" HPOS="837"/>
							<String ID="string_76" HPOS="859" VPOS="680" WIDTH="229" HEIGHT="44" WC="0.96" CONTENT="folkräkning"/><SP WIDTH="24" VPOS="680" HPOS="1088"/>
							<String ID="string_77" HPOS="1112" VPOS="683" WIDTH="54" HEIGHT="30" WC="0.96" CONTENT="för"/><SP WIDTH="23" VPOS="683" HPOS="1166"/>
							<String ID="string_78" HPOS="1189" VPOS="685" WIDTH="204" HEIGHT="40" WC="0.93" CONTENT="budgetåret"/><SP WIDTH="25" VPOS="685" HPOS="1393"/>
							<String ID="string_79" HPOS="1418" VPOS="688" WIDTH="149" HEIGHT="37" WC="0.91" CONTENT="1961/62"/><SP WIDTH="24" VPOS="688" HPOS="1567"/>
							<String ID="string_80" HPOS="1591" VPOS="691" WIDTH="122" HEIGHT="31" WC="0.96" CONTENT="anvisa"/><SP WIDTH="24" VPOS="691" HPOS="1713"/>
							<String ID="string_81" HPOS="1737" VPOS="695" WIDTH="47" HEIGHT="27" WC="0.96" CONTENT="ett"/>
						</TextLine>
						<TextLine ID="line_10" HPOS="595" VPOS="728" WIDTH="769" HEIGHT="43">
							<String ID="string_82" HPOS="595" VPOS="728" WIDTH="356" HEIGHT="43" WC="0.91" CONTENT="reservationsanslag"/><SP WIDTH="20" VPOS="728" HPOS="951"/>
							<String ID="string_83" HPOS="971" VPOS="741" WIDTH="43" HEIGHT="21" WC="0.96" CONTENT="av"/><SP WIDTH="19" VPOS="741" HPOS="1014"/>
							<String ID="string_84" HPOS="1033" VPOS="732" WIDTH="95" HEIGHT="31" WC="0.80" CONTENT="4500"/><SP WIDTH="13" VPOS="732" HPOS="1128"/>
							<String ID="string_85" HPOS="1141" VPOS="734" WIDTH="63" HEIGHT="30" WC="0.96" CONTENT="000"/><SP WIDTH="21" VPOS="734" HPOS="1204"/>
							<String ID="string_86" HPOS="1225" VPOS="736" WIDTH="139" HEIGHT="31" WC="0.95" CONTENT="kronor."/>
						</TextLine>
					</TextBlock>
				</ComposedBlock>
				<ComposedBlock ID="cblock_3" HPOS="284" VPOS="826" WIDTH="1499" HEIGHT="199">
					<TextBlock ID="block_4" HPOS="284" VPOS="826" WIDTH="1499" HEIGHT="199">
						<TextLine ID="line_11" HPOS="331" VPOS="826" WIDTH="1451" HEIGHT="53">
							<String ID="string_87" HPOS="331" VPOS="826" WIDTH="96" HEIGHT="38" WC="0.91" CONTENT="11:0)"/><SP WIDTH="28" VPOS="826" HPOS="427"/>
							<String ID="string_88" HPOS="455" VPOS="829" WIDTH="196" HEIGHT="32" WC="0.96" CONTENT="Statistiska"/><SP WIDTH="24" VPOS="829" HPOS="651"/>
							<String ID="string_89" HPOS="675" VPOS="833" WIDTH="256" HEIGHT="35" WC="0.96" CONTENT="centralbyrån:"/><SP WIDTH="27" VPOS="833" HPOS="931"/>
							<String ID="string_90" HPOS="958" VPOS="835" WIDTH="192" HEIGHT="30" WC="0.96" CONTENT="Kostnader"/><SP WIDTH="24" VPOS="835" HPOS="1150"/>
							<String ID="string_91" HPOS="1174" VPOS="838" WIDTH="57" HEIGHT="29" WC="0.96" CONTENT="för"/><SP WIDTH="23" VPOS="838" HPOS="1231"/>
							<String ID="string_92" HPOS="1254" VPOS="839" WIDTH="77" HEIGHT="28" WC="0.96" CONTENT="1961"/><SP WIDTH="24" VPOS="839" HPOS="1331"/>
							<String ID="string_93" HPOS="1355" VPOS="839" WIDTH="58" HEIGHT="30" WC="0.96" CONTENT="års"/><SP WIDTH="22" VPOS="839" HPOS="1413"/>
							<String ID="string_94" HPOS="1435" VPOS="839" WIDTH="347" HEIGHT="40" WC="0.91" CONTENT="jordbruksräkning."/>
						</TextLine>
						<TextLine ID="line_12" HPOS="286" VPOS="876" WIDTH="1497" HEIGHT="53">
							<String ID="string_95" HPOS="286" VPOS="876" WIDTH="124" HEIGHT="40" WC="0.96" CONTENT="Kungl."/><SP WIDTH="24" VPOS="876" HPOS="410"/>
							<String ID="string_96" HPOS="434" VPOS="879" WIDTH="105" HEIGHT="39" WC="0.96" CONTENT="Maj:t"/><SP WIDTH="21" VPOS="879" HPOS="539"/>
							<String ID="string_97" HPOS="560" VPOS="880" WIDTH="64" HEIGHT="30" WC="0.96" CONTENT="har"/><SP WIDTH="27" VPOS="880" HPOS="624"/>
							<String ID="string_98" HPOS="651" VPOS="881" WIDTH="132" HEIGHT="39" WC="0.95" CONTENT="(punkt"/><SP WIDTH="24" VPOS="881" HPOS="783"/>
							<String ID="string_99" HPOS="807" VPOS="883" WIDTH="49" HEIGHT="35" WC="0.91" CONTENT="11,"/><SP WIDTH="24" VPOS="883" HPOS="856"/>
							<String ID="string_100" HPOS="880" VPOS="892" WIDTH="25" HEIGHT="21" WC="0.87" CONTENT="s."/><SP WIDTH="24" VPOS="892" HPOS="905"/>
							<String ID="string_101" HPOS="929" VPOS="884" WIDTH="146" HEIGHT="37" WC="0.73" CONTENT="24—27)"/><SP WIDTH="27" VPOS="884" HPOS="1075"/>
							<String ID="string_102" HPOS="1102" VPOS="886" WIDTH="181" HEIGHT="41" WC="0.96" CONTENT="föreslagit"/><SP WIDTH="21" VPOS="886" HPOS="1283"/>
							<String ID="string_103" HPOS="1304" VPOS="888" WIDTH="187" HEIGHT="41" WC="0.96" CONTENT="riksdagen"/><SP WIDTH="22" VPOS="888" HPOS="1491"/>
							<String ID="string_104" HPOS="1513" VPOS="893" WIDTH="51" HEIGHT="29" WC="0.96" CONTENT="att"/><SP WIDTH="22" VPOS="893" HPOS="1564"/>
							<String ID="string_105" HPOS="1586" VPOS="892" WIDTH="52" HEIGHT="31" WC="0.93" CONTENT="till"/><SP WIDTH="25" VPOS="892" HPOS="1638"/>
							<String ID="string_106" HPOS="1663" VPOS="893" WIDTH="120" HEIGHT="31" WC="0.92" CONTENT="Statis-"/>
						</TextLine>
						<TextLine ID="line_13" HPOS="284" VPOS="926" WIDTH="1497" HEIGHT="56">
							<String ID="string_107" HPOS="284" VPOS="926" WIDTH="93" HEIGHT="31" WC="0.96" CONTENT="tiska"/><SP WIDTH="17" VPOS="926" HPOS="377"/>
							<String ID="string_108" HPOS="394" VPOS="929" WIDTH="259" HEIGHT="40" WC="0.96" CONTENT="centralbyrån:"/><SP WIDTH="22" VPOS="929" HPOS="653"/>
							<String ID="string_109" HPOS="675" VPOS="932" WIDTH="196" HEIGHT="31" WC="0.96" CONTENT="Kostnader"/><SP WIDTH="18" VPOS="932" HPOS="871"/>
							<String ID="string_110" HPOS="889" VPOS="934" WIDTH="56" HEIGHT="31" WC="0.96" CONTENT="för"/><SP WIDTH="20" VPOS="934" HPOS="945"/>
							<String ID="string_111" HPOS="965" VPOS="935" WIDTH="81" HEIGHT="30" WC="0.96" CONTENT="1961"/><SP WIDTH="22" VPOS="935" HPOS="1046"/>
							<String ID="string_112" HPOS="1068" VPOS="936" WIDTH="56" HEIGHT="30" WC="0.96" CONTENT="års"/><SP WIDTH="18" VPOS="936" HPOS="1124"/>
							<String ID="string_113" HPOS="1142" VPOS="937" WIDTH="343" HEIGHT="44" WC="0.91" CONTENT="jordbruksräkning"/><SP WIDTH="19" VPOS="937" HPOS="1485"/>
							<String ID="string_114" HPOS="1504" VPOS="940" WIDTH="55" HEIGHT="31" WC="0.96" CONTENT="för"/><SP WIDTH="18" VPOS="940" HPOS="1559"/>
							<String ID="string_115" HPOS="1577" VPOS="942" WIDTH="204" HEIGHT="40" WC="0.96" CONTENT="budgetåret"/>
						</TextLine>
						<TextLine ID="line_14" HPOS="287" VPOS="975" WIDTH="1140" HEIGHT="50">
							<String ID="string_116" HPOS="287" VPOS="975" WIDTH="149" HEIGHT="38" WC="0.92" CONTENT="1961/62"/><SP WIDTH="24" VPOS="975" HPOS="436"/>
							<String ID="string_117" HPOS="460" VPOS="979" WIDTH="121" HEIGHT="31" WC="0.96" CONTENT="anvisa"/><SP WIDTH="22" VPOS="979" HPOS="581"/>
							<String ID="string_118" HPOS="603" VPOS="983" WIDTH="49" HEIGHT="28" WC="0.93" CONTENT="ett"/><SP WIDTH="24" VPOS="983" HPOS="652"/>
							<String ID="string_119" HPOS="676" VPOS="984" WIDTH="357" HEIGHT="41" WC="0.91" CONTENT="reservationsanslag"/><SP WIDTH="24" VPOS="984" HPOS="1033"/>
							<String ID="string_120" HPOS="1057" VPOS="996" WIDTH="41" HEIGHT="20" WC="0.96" CONTENT="av"/><SP WIDTH="26" VPOS="996" HPOS="1098"/>
							<String ID="string_121" HPOS="1124" VPOS="987" WIDTH="62" HEIGHT="30" WC="0.92" CONTENT="575"/><SP WIDTH="13" VPOS="987" HPOS="1186"/>
							<String ID="string_122" HPOS="1199" VPOS="987" WIDTH="63" HEIGHT="30" WC="0.92" CONTENT="000"/><SP WIDTH="26" VPOS="987" HPOS="1262"/>
							<String ID="string_123" HPOS="1288" VPOS="989" WIDTH="139" HEIGHT="31" WC="0.96" CONTENT="kronor."/>
						</TextLine>
					</TextBlock>
				</ComposedBlock>
				<ComposedBlock ID="cblock_4" HPOS="281" VPOS="1059" WIDTH="1500" HEIGHT="240">
					<TextBlock ID="block_5" HPOS="327" VPOS="1059" WIDTH="1387" HEIGHT="53">
						<TextLine ID="line_15" HPOS="327" VPOS="1059" WIDTH="1387" HEIGHT="53">
							<String ID="string_124" HPOS="327" VPOS="1059" WIDTH="269" HEIGHT="41" WC="0.91" CONTENT="Ifrågavarande"/><SP WIDTH="18" VPOS="1059" HPOS="596"/>
							<String ID="string_125" HPOS="614" VPOS="1065" WIDTH="122" HEIGHT="40" WC="0.96" CONTENT="anslag"/><SP WIDTH="19" VPOS="1065" HPOS="736"/>
							<String ID="string_126" HPOS="755" VPOS="1067" WIDTH="37" HEIGHT="29" WC="0.96" CONTENT="är"/><SP WIDTH="17" VPOS="1067" HPOS="792"/>
							<String ID="string_127" HPOS="809" VPOS="1067" WIDTH="10" HEIGHT="29" WC="0.96" CONTENT="i"/><SP WIDTH="17" VPOS="1067" HPOS="819"/>
							<String ID="string_128" HPOS="836" VPOS="1068" WIDTH="161" HEIGHT="39" WC="0.92" CONTENT="gällande"/><SP WIDTH="18" VPOS="1068" HPOS="997"/>
							<String ID="string_129" HPOS="1015" VPOS="1070" WIDTH="144" HEIGHT="31" WC="0.91" CONTENT="riksstat"/><SP WIDTH="18" VPOS="1070" HPOS="1159"/>
							<String ID="string_130" HPOS="1177" VPOS="1072" WIDTH="144" HEIGHT="40" WC="0.96" CONTENT="uppfört"/><SP WIDTH="18" VPOS="1072" HPOS="1321"/>
							<String ID="string_131" HPOS="1339" VPOS="1074" WIDTH="79" HEIGHT="30" WC="0.95" CONTENT="med"/><SP WIDTH="19" VPOS="1074" HPOS="1418"/>
							<String ID="string_132" HPOS="1437" VPOS="1074" WIDTH="41" HEIGHT="30" WC="0.95" CONTENT="50"/><SP WIDTH="14" VPOS="1074" HPOS="1478"/>
							<String ID="string_133" HPOS="1492" VPOS="1074" WIDTH="63" HEIGHT="31" WC="0.96" CONTENT="000"/><SP WIDTH="18" VPOS="1074" HPOS="1555"/>
							<String ID="string_134" HPOS="1573" VPOS="1076" WIDTH="141" HEIGHT="31" WC="0.96" CONTENT="kronor."/>
						</TextLine>
					</TextBlock>
					<TextBlock ID="block_6" HPOS="281" VPOS="1110" WIDTH="1500" HEIGHT="189">
						<TextLine ID="line_16" HPOS="326" VPOS="1110" WIDTH="1455" HEIGHT="49">
							<String ID="string_135" HPOS="326" VPOS="1110" WIDTH="67" HEIGHT="31" WC="0.96" CONTENT="För"/><SP WIDTH="23" VPOS="1110" HPOS="393"/>
							<String ID="string_136" HPOS="416" VPOS="1112" WIDTH="293" HEIGHT="33" WC="0.96" CONTENT="nästkommande"/><SP WIDTH="24" VPOS="1112" HPOS="709"/>
							<String ID="string_137" HPOS="733" VPOS="1116" WIDTH="168" HEIGHT="40" WC="0.96" CONTENT="budgetår"/><SP WIDTH="24" VPOS="1116" HPOS="901"/>
							<String ID="string_138" HPOS="925" VPOS="1120" WIDTH="209" HEIGHT="39" WC="0.93" CONTENT="uppskattas"/><SP WIDTH="24" VPOS="1120" HPOS="1134"/>
							<String ID="string_139" HPOS="1158" VPOS="1122" WIDTH="278" HEIGHT="33" WC="0.90" CONTENT="medelsbehovet"/><SP WIDTH="25" VPOS="1122" HPOS="1436"/>
							<String ID="string_140" HPOS="1461" VPOS="1125" WIDTH="51" HEIGHT="30" WC="0.96" CONTENT="till"/><SP WIDTH="26" VPOS="1125" HPOS="1512"/>
							<String ID="string_141" HPOS="1538" VPOS="1126" WIDTH="62" HEIGHT="30" WC="0.96" CONTENT="575"/><SP WIDTH="14" VPOS="1126" HPOS="1600"/>
							<String ID="string_142" HPOS="1614" VPOS="1127" WIDTH="63" HEIGHT="30" WC="0.93" CONTENT="000"/><SP WIDTH="25" VPOS="1127" HPOS="1677"/>
							<String ID="string_143" HPOS="1702" VPOS="1128" WIDTH="79" HEIGHT="30" WC="0.91" CONTENT="kro-"/>
						</TextLine>
						<TextLine ID="line_17" HPOS="283" VPOS="1162" WIDTH="1496" HEIGHT="57">
							<String ID="string_144" HPOS="283" VPOS="1169" WIDTH="63" HEIGHT="21" WC="0.93" CONTENT="nor"/><SP WIDTH="17" VPOS="1169" HPOS="346"/>
							<String ID="string_145" HPOS="363" VPOS="1162" WIDTH="10" HEIGHT="29" WC="0.95" CONTENT="i"/><SP WIDTH="18" VPOS="1162" HPOS="373"/>
							<String ID="string_146" HPOS="391" VPOS="1163" WIDTH="204" HEIGHT="41" WC="0.96" CONTENT="anslutning"/><SP WIDTH="17" VPOS="1163" HPOS="595"/>
							<String ID="string_147" HPOS="612" VPOS="1165" WIDTH="52" HEIGHT="30" WC="0.96" CONTENT="till"/><SP WIDTH="20" VPOS="1165" HPOS="664"/>
							<String ID="string_148" HPOS="684" VPOS="1166" WIDTH="146" HEIGHT="40" WC="0.96" CONTENT="tidigare"/><SP WIDTH="18" VPOS="1166" HPOS="830"/>
							<String ID="string_149" HPOS="848" VPOS="1168" WIDTH="101" HEIGHT="39" WC="0.96" CONTENT="gjord"/><SP WIDTH="18" VPOS="1168" HPOS="949"/>
							<String ID="string_150" HPOS="967" VPOS="1170" WIDTH="192" HEIGHT="41" WC="0.95" CONTENT="planering."/><SP WIDTH="18" VPOS="1170" HPOS="1159"/>
							<String ID="string_151" HPOS="1177" VPOS="1173" WIDTH="52" HEIGHT="29" WC="0.96" CONTENT="Av"/><SP WIDTH="16" VPOS="1173" HPOS="1229"/>
							<String ID="string_152" HPOS="1245" VPOS="1172" WIDTH="160" HEIGHT="42" WC="0.96" CONTENT="beloppet"/><SP WIDTH="17" VPOS="1172" HPOS="1405"/>
							<String ID="string_153" HPOS="1422" VPOS="1175" WIDTH="128" HEIGHT="31" WC="0.96" CONTENT="hänför"/><SP WIDTH="19" VPOS="1175" HPOS="1550"/>
							<String ID="string_154" HPOS="1569" VPOS="1177" WIDTH="51" HEIGHT="42" WC="0.96" CONTENT="sig"/><SP WIDTH="19" VPOS="1177" HPOS="1620"/>
							<String ID="string_155" HPOS="1639" VPOS="1177" WIDTH="63" HEIGHT="31" WC="0.96" CONTENT="336"/><SP WIDTH="14" VPOS="1177" HPOS="1702"/>
							<String ID="string_156" HPOS="1716" VPOS="1178" WIDTH="63" HEIGHT="30" WC="0.96" CONTENT="000"/>
						</TextLine>
						<TextLine ID="line_18" HPOS="282" VPOS="1209" WIDTH="1497" HEIGHT="50">
							<String ID="string_157" HPOS="282" VPOS="1209" WIDTH="128" HEIGHT="32" WC="0.96" CONTENT="kronor"/><SP WIDTH="24" VPOS="1209" HPOS="410"/>
							<String ID="string_158" HPOS="434" VPOS="1212" WIDTH="53" HEIGHT="30" WC="0.93" CONTENT="till"/><SP WIDTH="24" VPOS="1212" HPOS="487"/>
							<String ID="string_159" HPOS="511" VPOS="1214" WIDTH="213" HEIGHT="41" WC="0.91" CONTENT="avlöningar,"/><SP WIDTH="29" VPOS="1214" HPOS="724"/>
							<String ID="string_160" HPOS="753" VPOS="1217" WIDTH="60" HEIGHT="30" WC="0.64" CONTENT="199"/><SP WIDTH="13" VPOS="1217" HPOS="813"/>
							<String ID="string_161" HPOS="826" VPOS="1217" WIDTH="62" HEIGHT="31" WC="0.64" CONTENT="000"/><SP WIDTH="24" VPOS="1217" HPOS="888"/>
							<String ID="string_162" HPOS="912" VPOS="1219" WIDTH="131" HEIGHT="32" WC="0.96" CONTENT="kronor"/><SP WIDTH="24" VPOS="1219" HPOS="1043"/>
							<String ID="string_163" HPOS="1067" VPOS="1221" WIDTH="51" HEIGHT="30" WC="0.96" CONTENT="till"/><SP WIDTH="26" VPOS="1221" HPOS="1118"/>
							<String ID="string_164" HPOS="1144" VPOS="1223" WIDTH="249" HEIGHT="31" WC="0.96" CONTENT="omkostnader"/><SP WIDTH="23" VPOS="1223" HPOS="1393"/>
							<String ID="string_165" HPOS="1416" VPOS="1226" WIDTH="65" HEIGHT="29" WC="0.96" CONTENT="och"/><SP WIDTH="24" VPOS="1226" HPOS="1481"/>
							<String ID="string_166" HPOS="1505" VPOS="1226" WIDTH="41" HEIGHT="30" WC="0.95" CONTENT="40"/><SP WIDTH="15" VPOS="1226" HPOS="1546"/>
							<String ID="string_167" HPOS="1561" VPOS="1226" WIDTH="63" HEIGHT="31" WC="0.95" CONTENT="000"/><SP WIDTH="24" VPOS="1226" HPOS="1624"/>
							<String ID="string_168" HPOS="1648" VPOS="1228" WIDTH="131" HEIGHT="31" WC="0.96" CONTENT="kronor"/>
						</TextLine>
						<TextLine ID="line_19" HPOS="281" VPOS="1259" WIDTH="732" HEIGHT="40">
							<String ID="string_169" HPOS="281" VPOS="1259" WIDTH="51" HEIGHT="31" WC="0.96" CONTENT="till"/><SP WIDTH="20" VPOS="1259" HPOS="332"/>
							<String ID="string_170" HPOS="352" VPOS="1261" WIDTH="191" HEIGHT="33" WC="0.96" CONTENT="kostnader"/><SP WIDTH="20" VPOS="1261" HPOS="543"/>
							<String ID="string_171" HPOS="563" VPOS="1265" WIDTH="55" HEIGHT="30" WC="0.92" CONTENT="för"/><SP WIDTH="20" VPOS="1265" HPOS="618"/>
							<String ID="string_172" HPOS="638" VPOS="1266" WIDTH="375" HEIGHT="33" WC="0.91" CONTENT="kvalitetskontrollen."/>
						</TextLine>
					</TextBlock>
				</ComposedBlock>
				<ComposedBlock ID="cblock_5" HPOS="325" VPOS="1345" WIDTH="1452" HEIGHT="201">
					<TextBlock ID="block_7" HPOS="325" VPOS="1345" WIDTH="1452" HEIGHT="201">
						<TextLine ID="line_20" HPOS="325" VPOS="1345" WIDTH="1324" HEIGHT="54">
							<String ID="string_173" HPOS="325" VPOS="1345" WIDTH="175" HEIGHT="31" WC="0.96" CONTENT="Utskottet"/><SP WIDTH="18" VPOS="1345" HPOS="500"/>
							<String ID="string_174" HPOS="518" VPOS="1347" WIDTH="54" HEIGHT="31" WC="0.96" CONTENT="får"/><SP WIDTH="19" VPOS="1347" HPOS="572"/>
							<String ID="string_175" HPOS="591" VPOS="1350" WIDTH="79" HEIGHT="29" WC="0.93" CONTENT="med"/><SP WIDTH="20" VPOS="1350" HPOS="670"/>
							<String ID="string_176" HPOS="690" VPOS="1350" WIDTH="246" HEIGHT="41" WC="0.91" CONTENT="tillstyrkande"/><SP WIDTH="18" VPOS="1350" HPOS="936"/>
							<String ID="string_177" HPOS="954" VPOS="1363" WIDTH="43" HEIGHT="20" WC="0.96" CONTENT="av"/><SP WIDTH="18" VPOS="1363" HPOS="997"/>
							<String ID="string_178" HPOS="1015" VPOS="1355" WIDTH="125" HEIGHT="40" WC="0.95" CONTENT="Kungl."/><SP WIDTH="21" VPOS="1355" HPOS="1140"/>
							<String ID="string_179" HPOS="1161" VPOS="1357" WIDTH="124" HEIGHT="40" WC="0.96" CONTENT="Maj:ts"/><SP WIDTH="19" VPOS="1357" HPOS="1285"/>
							<String ID="string_180" HPOS="1304" VPOS="1358" WIDTH="131" HEIGHT="41" WC="0.93" CONTENT="förslag"/><SP WIDTH="19" VPOS="1358" HPOS="1435"/>
							<String ID="string_181" HPOS="1454" VPOS="1360" WIDTH="195" HEIGHT="38" WC="0.92" CONTENT="hemställa,"/>
						</TextLine>
						<TextLine ID="line_21" HPOS="631" VPOS="1401" WIDTH="1146" HEIGHT="48">
							<String ID="string_182" HPOS="631" VPOS="1402" WIDTH="50" HEIGHT="28" WC="0.96" CONTENT="att"/><SP WIDTH="24" VPOS="1402" HPOS="681"/>
							<String ID="string_183" HPOS="705" VPOS="1401" WIDTH="185" HEIGHT="41" WC="0.95" CONTENT="riksdagen"/><SP WIDTH="25" VPOS="1401" HPOS="890"/>
							<String ID="string_184" HPOS="915" VPOS="1404" WIDTH="58" HEIGHT="30" WC="0.96" CONTENT="må"/><SP WIDTH="25" VPOS="1404" HPOS="973"/>
							<String ID="string_185" HPOS="998" VPOS="1405" WIDTH="50" HEIGHT="30" WC="0.95" CONTENT="till"/><SP WIDTH="22" VPOS="1405" HPOS="1048"/>
							<String ID="string_186" HPOS="1070" VPOS="1406" WIDTH="202" HEIGHT="31" WC="0.96" CONTENT="Statistiska"/><SP WIDTH="24" VPOS="1406" HPOS="1272"/>
							<String ID="string_187" HPOS="1296" VPOS="1410" WIDTH="260" HEIGHT="39" WC="0.96" CONTENT="centralbyrån:"/><SP WIDTH="24" VPOS="1410" HPOS="1556"/>
							<String ID="string_188" HPOS="1580" VPOS="1413" WIDTH="197" HEIGHT="31" WC="0.96" CONTENT="Kostnader"/>
						</TextLine>
						<TextLine ID="line_22" HPOS="584" VPOS="1448" WIDTH="1192" HEIGHT="51">
							<String ID="string_189" HPOS="584" VPOS="1448" WIDTH="58" HEIGHT="40" WC="0.96" CONTENT="för"/><SP WIDTH="26" VPOS="1448" HPOS="642"/>
							<String ID="string_190" HPOS="668" VPOS="1451" WIDTH="83" HEIGHT="29" WC="0.95" CONTENT="1961"/><SP WIDTH="27" VPOS="1451" HPOS="751"/>
							<String ID="string_191" HPOS="778" VPOS="1452" WIDTH="56" HEIGHT="30" WC="0.93" CONTENT="års"/><SP WIDTH="24" VPOS="1452" HPOS="834"/>
							<String ID="string_192" HPOS="858" VPOS="1453" WIDTH="345" HEIGHT="43" WC="0.91" CONTENT="jordbruksräkning"/><SP WIDTH="26" VPOS="1453" HPOS="1203"/>
							<String ID="string_193" HPOS="1229" VPOS="1458" WIDTH="56" HEIGHT="31" WC="0.96" CONTENT="för"/><SP WIDTH="24" VPOS="1458" HPOS="1285"/>
							<String ID="string_194" HPOS="1309" VPOS="1459" WIDTH="203" HEIGHT="40" WC="0.92" CONTENT="budgetåret"/><SP WIDTH="29" VPOS="1459" HPOS="1512"/>
							<String ID="string_195" HPOS="1541" VPOS="1462" WIDTH="149" HEIGHT="37" WC="0.90" CONTENT="1961/62"/><SP WIDTH="27" VPOS="1462" HPOS="1690"/>
							<String ID="string_196" HPOS="1717" VPOS="1474" WIDTH="59" HEIGHT="20" WC="0.90" CONTENT="an-"/>
						</TextLine>
						<TextLine ID="line_23" HPOS="584" VPOS="1499" WIDTH="893" HEIGHT="47">
							<String ID="string_197" HPOS="584" VPOS="1499" WIDTH="75" HEIGHT="31" WC="0.96" CONTENT="visa"/><SP WIDTH="18" VPOS="1499" HPOS="659"/>
							<String ID="string_198" HPOS="677" VPOS="1503" WIDTH="49" HEIGHT="27" WC="0.93" CONTENT="ett"/><SP WIDTH="18" VPOS="1503" HPOS="726"/>
							<String ID="string_199" HPOS="744" VPOS="1504" WIDTH="355" HEIGHT="42" WC="0.91" CONTENT="reservationsanslag"/><SP WIDTH="19" VPOS="1504" HPOS="1099"/>
							<String ID="string_200" HPOS="1118" VPOS="1516" WIDTH="42" HEIGHT="21" WC="0.96" CONTENT="av"/><SP WIDTH="19" VPOS="1516" HPOS="1160"/>
							<String ID="string_201" HPOS="1179" VPOS="1508" WIDTH="63" HEIGHT="30" WC="0.96" CONTENT="575"/><SP WIDTH="14" VPOS="1508" HPOS="1242"/>
							<String ID="string_202" HPOS="1256" VPOS="1508" WIDTH="63" HEIGHT="30" WC="0.96" CONTENT="000"/><SP WIDTH="18" VPOS="1508" HPOS="1319"/>
							<String ID="string_203" HPOS="1337" VPOS="1510" WIDTH="140" HEIGHT="31" WC="0.96" CONTENT="kronor."/>
						</TextLine>
					</TextBlock>
				</ComposedBlock>
				<ComposedBlock ID="cblock_6" HPOS="275" VPOS="1599" WIDTH="1499" HEIGHT="151">
					<TextBlock ID="block_8" HPOS="275" VPOS="1599" WIDTH="1499" HEIGHT="151">
						<TextLine ID="line_24" HPOS="322" VPOS="1599" WIDTH="1451" HEIGHT="55">
							<String ID="string_204" HPOS="322" VPOS="1599" WIDTH="95" HEIGHT="36" WC="0.91" CONTENT="12:0)"/><SP WIDTH="24" VPOS="1599" HPOS="417"/>
							<String ID="string_205" HPOS="441" VPOS="1602" WIDTH="196" HEIGHT="31" WC="0.96" CONTENT="Statistiska"/><SP WIDTH="18" VPOS="1602" HPOS="637"/>
							<String ID="string_206" HPOS="655" VPOS="1605" WIDTH="256" HEIGHT="36" WC="0.93" CONTENT="centralbyrån:"/><SP WIDTH="22" VPOS="1605" HPOS="911"/>
							<String ID="string_207" HPOS="933" VPOS="1607" WIDTH="263" HEIGHT="32" WC="0.91" CONTENT="Omkostnader."/><SP WIDTH="20" VPOS="1607" HPOS="1196"/>
							<String ID="string_208" HPOS="1216" VPOS="1610" WIDTH="125" HEIGHT="40" WC="0.95" CONTENT="Kungl."/><SP WIDTH="20" VPOS="1610" HPOS="1341"/>
							<String ID="string_209" HPOS="1361" VPOS="1612" WIDTH="105" HEIGHT="40" WC="0.96" CONTENT="Maj:t"/><SP WIDTH="19" VPOS="1612" HPOS="1466"/>
							<String ID="string_210" HPOS="1485" VPOS="1613" WIDTH="64" HEIGHT="30" WC="0.96" CONTENT="har"/><SP WIDTH="24" VPOS="1613" HPOS="1549"/>
							<String ID="string_211" HPOS="1573" VPOS="1614" WIDTH="130" HEIGHT="40" WC="0.96" CONTENT="(punkt"/><SP WIDTH="21" VPOS="1614" HPOS="1703"/>
							<String ID="string_212" HPOS="1724" VPOS="1616" WIDTH="49" HEIGHT="35" WC="0.96" CONTENT="12,"/>
						</TextLine>
						<TextLine ID="line_25" HPOS="276" VPOS="1651" WIDTH="1498" HEIGHT="48">
							<String ID="string_213" HPOS="276" VPOS="1659" WIDTH="25" HEIGHT="21" WC="0.90" CONTENT="s."/><SP WIDTH="19" VPOS="1659" HPOS="301"/>
							<String ID="string_214" HPOS="320" VPOS="1651" WIDTH="147" HEIGHT="35" WC="0.83" CONTENT="27—32)"/><SP WIDTH="24" VPOS="1651" HPOS="467"/>
							<String ID="string_215" HPOS="491" VPOS="1653" WIDTH="178" HEIGHT="39" WC="0.95" CONTENT="föreslagit"/><SP WIDTH="18" VPOS="1653" HPOS="669"/>
							<String ID="string_216" HPOS="687" VPOS="1655" WIDTH="184" HEIGHT="39" WC="0.96" CONTENT="riksdagen"/><SP WIDTH="18" VPOS="1655" HPOS="871"/>
							<String ID="string_217" HPOS="889" VPOS="1659" WIDTH="49" HEIGHT="28" WC="0.96" CONTENT="att"/><SP WIDTH="18" VPOS="1659" HPOS="938"/>
							<String ID="string_218" HPOS="956" VPOS="1658" WIDTH="52" HEIGHT="29" WC="0.96" CONTENT="till"/><SP WIDTH="20" VPOS="1658" HPOS="1008"/>
							<String ID="string_219" HPOS="1028" VPOS="1659" WIDTH="196" HEIGHT="31" WC="0.96" CONTENT="Statistiska"/><SP WIDTH="19" VPOS="1659" HPOS="1224"/>
							<String ID="string_220" HPOS="1243" VPOS="1663" WIDTH="255" HEIGHT="36" WC="0.93" CONTENT="centralbyrån:"/><SP WIDTH="22" VPOS="1663" HPOS="1498"/>
							<String ID="string_221" HPOS="1520" VPOS="1664" WIDTH="254" HEIGHT="32" WC="0.84" CONTENT="Omkostnader"/>
						</TextLine>
						<TextLine ID="line_26" HPOS="275" VPOS="1699" WIDTH="1353" HEIGHT="51">
							<String ID="string_222" HPOS="275" VPOS="1699" WIDTH="54" HEIGHT="31" WC="0.96" CONTENT="för"/><SP WIDTH="17" VPOS="1699" HPOS="329"/>
							<String ID="string_223" HPOS="346" VPOS="1701" WIDTH="204" HEIGHT="41" WC="0.93" CONTENT="budgetåret"/><SP WIDTH="21" VPOS="1701" HPOS="550"/>
							<String ID="string_224" HPOS="571" VPOS="1704" WIDTH="150" HEIGHT="36" WC="0.91" CONTENT="1961/62"/><SP WIDTH="20" VPOS="1704" HPOS="721"/>
							<String ID="string_225" HPOS="741" VPOS="1706" WIDTH="120" HEIGHT="30" WC="0.96" CONTENT="anvisa"/><SP WIDTH="18" VPOS="1706" HPOS="861"/>
							<String ID="string_226" HPOS="879" VPOS="1709" WIDTH="48" HEIGHT="28" WC="0.96" CONTENT="ett"/><SP WIDTH="19" VPOS="1709" HPOS="927"/>
							<String ID="string_227" HPOS="946" VPOS="1708" WIDTH="273" HEIGHT="42" WC="0.91" CONTENT="förslagsanslag"/><SP WIDTH="19" VPOS="1708" HPOS="1219"/>
							<String ID="string_228" HPOS="1238" VPOS="1720" WIDTH="42" HEIGHT="21" WC="0.96" CONTENT="av"/><SP WIDTH="20" VPOS="1720" HPOS="1280"/>
							<String ID="string_229" HPOS="1300" VPOS="1712" WIDTH="14" HEIGHT="29" WC="0.77" CONTENT="1"/><SP WIDTH="17" VPOS="1712" HPOS="1314"/>
							<String ID="string_230" HPOS="1331" VPOS="1712" WIDTH="62" HEIGHT="30" WC="0.77" CONTENT="950"/><SP WIDTH="14" VPOS="1712" HPOS="1393"/>
							<String ID="string_231" HPOS="1407" VPOS="1712" WIDTH="63" HEIGHT="31" WC="0.96" CONTENT="000"/><SP WIDTH="19" VPOS="1712" HPOS="1470"/>
							<String ID="string_232" HPOS="1489" VPOS="1714" WIDTH="139" HEIGHT="31" WC="0.96" CONTENT="kronor."/>
						</TextLine>
					</TextBlock>
				</ComposedBlock>
				<ComposedBlock ID="cblock_7" HPOS="265" VPOS="1783" WIDTH="1506" HEIGHT="705">
					<TextBlock ID="block_9" HPOS="318" VPOS="1783" WIDTH="1453" HEIGHT="51">
						<TextLine ID="line_27" HPOS="318" VPOS="1783" WIDTH="1453" HEIGHT="51">
							<String ID="string_233" HPOS="318" VPOS="1783" WIDTH="269" HEIGHT="41" WC="0.91" CONTENT="Ifrågavarande"/><SP WIDTH="19" VPOS="1783" HPOS="587"/>
							<String ID="string_234" HPOS="606" VPOS="1789" WIDTH="122" HEIGHT="40" WC="0.96" CONTENT="anslag"/><SP WIDTH="20" VPOS="1789" HPOS="728"/>
							<String ID="string_235" HPOS="748" VPOS="1790" WIDTH="37" HEIGHT="29" WC="0.96" CONTENT="är"/><SP WIDTH="18" VPOS="1790" HPOS="785"/>
							<String ID="string_236" HPOS="803" VPOS="1791" WIDTH="11" HEIGHT="29" WC="0.96" CONTENT="i"/><SP WIDTH="19" VPOS="1791" HPOS="814"/>
							<String ID="string_237" HPOS="833" VPOS="1791" WIDTH="159" HEIGHT="39" WC="0.93" CONTENT="gällande"/><SP WIDTH="20" VPOS="1791" HPOS="992"/>
							<String ID="string_238" HPOS="1012" VPOS="1793" WIDTH="145" HEIGHT="30" WC="0.91" CONTENT="riksstat"/><SP WIDTH="19" VPOS="1793" HPOS="1157"/>
							<String ID="string_239" HPOS="1176" VPOS="1794" WIDTH="144" HEIGHT="40" WC="0.96" CONTENT="uppfört"/><SP WIDTH="18" VPOS="1794" HPOS="1320"/>
							<String ID="string_240" HPOS="1338" VPOS="1796" WIDTH="80" HEIGHT="30" WC="0.96" CONTENT="med"/><SP WIDTH="22" VPOS="1796" HPOS="1418"/>
							<String ID="string_241" HPOS="1440" VPOS="1797" WIDTH="92" HEIGHT="31" WC="0.93" CONTENT="1257"/><SP WIDTH="17" VPOS="1797" HPOS="1532"/>
							<String ID="string_242" HPOS="1549" VPOS="1798" WIDTH="61" HEIGHT="30" WC="0.96" CONTENT="700"/><SP WIDTH="21" VPOS="1798" HPOS="1610"/>
							<String ID="string_243" HPOS="1631" VPOS="1800" WIDTH="140" HEIGHT="31" WC="0.96" CONTENT="kronor."/>
						</TextLine>
					</TextBlock>
					<TextBlock ID="block_10" HPOS="317" VPOS="1834" WIDTH="604" HEIGHT="45">
						<TextLine ID="line_28" HPOS="317" VPOS="1834" WIDTH="604" HEIGHT="45">
							<String ID="string_244" HPOS="317" VPOS="1834" WIDTH="125" HEIGHT="41" WC="0.96" CONTENT="Kungl."/><SP WIDTH="24" VPOS="1834" HPOS="442"/>
							<String ID="string_245" HPOS="466" VPOS="1837" WIDTH="123" HEIGHT="39" WC="0.96" CONTENT="Maj:ts"/><SP WIDTH="23" VPOS="1837" HPOS="589"/>
							<String ID="string_246" HPOS="612" VPOS="1838" WIDTH="132" HEIGHT="41" WC="0.96" CONTENT="förslag"/><SP WIDTH="22" VPOS="1838" HPOS="744"/>
							<String ID="string_247" HPOS="766" VPOS="1840" WIDTH="155" HEIGHT="36" WC="0.96" CONTENT="innebär,"/>
						</TextLine>
					</TextBlock>
					<TextBlock ID="block_11" HPOS="269" VPOS="1886" WIDTH="1501" HEIGHT="196">
						<TextLine ID="line_29" HPOS="315" VPOS="1886" WIDTH="1455" HEIGHT="59">
							<String ID="string_248" HPOS="315" VPOS="1886" WIDTH="52" HEIGHT="27" WC="0.93" CONTENT="att"/><SP WIDTH="15" VPOS="1886" HPOS="367"/>
							<String ID="string_249" HPOS="382" VPOS="1886" WIDTH="306" HEIGHT="40" WC="0.91" CONTENT="anslagsposterna"/><SP WIDTH="19" VPOS="1886" HPOS="688"/>
							<String ID="string_250" HPOS="707" VPOS="1889" WIDTH="50" HEIGHT="30" WC="0.96" CONTENT="till"/><SP WIDTH="18" VPOS="1889" HPOS="757"/>
							<String ID="string_251" HPOS="775" VPOS="1890" WIDTH="170" HEIGHT="39" WC="0.93" CONTENT="sjukvård"/><SP WIDTH="16" VPOS="1890" HPOS="945"/>
							<String ID="string_252" HPOS="961" VPOS="1901" WIDTH="46" HEIGHT="22" WC="0.91" CONTENT="m."/><SP WIDTH="17" VPOS="1901" HPOS="1007"/>
							<String ID="string_253" HPOS="1024" VPOS="1903" WIDTH="57" HEIGHT="25" WC="0.90" CONTENT="m.,"/><SP WIDTH="17" VPOS="1903" HPOS="1081"/>
							<String ID="string_254" HPOS="1098" VPOS="1894" WIDTH="119" HEIGHT="40" WC="0.93" CONTENT="övriga"/><SP WIDTH="17" VPOS="1894" HPOS="1217"/>
							<String ID="string_255" HPOS="1234" VPOS="1905" WIDTH="177" HEIGHT="30" WC="0.92" CONTENT="expenser,"/><SP WIDTH="18" VPOS="1905" HPOS="1411"/>
							<String ID="string_256" HPOS="1429" VPOS="1894" WIDTH="341" HEIGHT="51" WC="0.91" CONTENT="publikationstryck"/>
						</TextLine>
						<TextLine ID="line_30" HPOS="271" VPOS="1934" WIDTH="1497" HEIGHT="52">
							<String ID="string_257" HPOS="271" VPOS="1934" WIDTH="65" HEIGHT="29" WC="0.96" CONTENT="och"/><SP WIDTH="22" VPOS="1934" HPOS="336"/>
							<String ID="string_258" HPOS="358" VPOS="1934" WIDTH="221" HEIGHT="34" WC="0.96" CONTENT="bibliotekets"/><SP WIDTH="24" VPOS="1934" HPOS="579"/>
							<String ID="string_259" HPOS="603" VPOS="1939" WIDTH="186" HEIGHT="30" WC="0.96" CONTENT="underhåll"/><SP WIDTH="25" VPOS="1939" HPOS="789"/>
							<String ID="string_260" HPOS="814" VPOS="1942" WIDTH="204" HEIGHT="38" WC="0.96" CONTENT="uppräknas"/><SP WIDTH="24" VPOS="1942" HPOS="1018"/>
							<String ID="string_261" HPOS="1042" VPOS="1944" WIDTH="79" HEIGHT="29" WC="0.95" CONTENT="med"/><SP WIDTH="25" VPOS="1944" HPOS="1121"/>
							<String ID="string_262" HPOS="1146" VPOS="1946" WIDTH="196" HEIGHT="39" WC="0.96" CONTENT="respektive"/><SP WIDTH="24" VPOS="1946" HPOS="1342"/>
							<String ID="string_263" HPOS="1366" VPOS="1946" WIDTH="19" HEIGHT="30" WC="0.76" CONTENT="4"/><SP WIDTH="13" VPOS="1946" HPOS="1385"/>
							<String ID="string_264" HPOS="1398" VPOS="1947" WIDTH="63" HEIGHT="30" WC="0.76" CONTENT="000"/><SP WIDTH="24" VPOS="1947" HPOS="1461"/>
							<String ID="string_265" HPOS="1485" VPOS="1949" WIDTH="140" HEIGHT="37" WC="0.96" CONTENT="kronor,"/><SP WIDTH="27" VPOS="1949" HPOS="1625"/>
							<String ID="string_266" HPOS="1652" VPOS="1951" WIDTH="38" HEIGHT="29" WC="0.90" CONTENT="81"/><SP WIDTH="16" VPOS="1951" HPOS="1690"/>
							<String ID="string_267" HPOS="1706" VPOS="1951" WIDTH="62" HEIGHT="30" WC="0.90" CONTENT="000"/>
						</TextLine>
						<TextLine ID="line_31" HPOS="270" VPOS="1984" WIDTH="1499" HEIGHT="57">
							<String ID="string_268" HPOS="270" VPOS="1984" WIDTH="129" HEIGHT="31" WC="0.96" CONTENT="kronor"/><SP WIDTH="30" VPOS="1984" HPOS="399"/>
							<String ID="string_269" HPOS="429" VPOS="1985" WIDTH="122" HEIGHT="34" WC="0.96" CONTENT="(varav"/><SP WIDTH="25" VPOS="1985" HPOS="551"/>
							<String ID="string_270" HPOS="576" VPOS="1988" WIDTH="55" HEIGHT="30" WC="0.96" CONTENT="för"/><SP WIDTH="24" VPOS="1988" HPOS="631"/>
							<String ID="string_271" HPOS="655" VPOS="1989" WIDTH="150" HEIGHT="40" WC="0.96" CONTENT="löpande"/><SP WIDTH="25" VPOS="1989" HPOS="805"/>
							<String ID="string_272" HPOS="830" VPOS="1992" WIDTH="144" HEIGHT="39" WC="0.96" CONTENT="utgifter"/><SP WIDTH="25" VPOS="1992" HPOS="974"/>
							<String ID="string_273" HPOS="999" VPOS="1992" WIDTH="41" HEIGHT="31" WC="0.95" CONTENT="45"/><SP WIDTH="15" VPOS="1992" HPOS="1040"/>
							<String ID="string_274" HPOS="1055" VPOS="1993" WIDTH="62" HEIGHT="31" WC="0.95" CONTENT="000"/><SP WIDTH="26" VPOS="1993" HPOS="1117"/>
							<String ID="string_275" HPOS="1143" VPOS="1995" WIDTH="130" HEIGHT="31" WC="0.96" CONTENT="kronor"/><SP WIDTH="26" VPOS="1995" HPOS="1273"/>
							<String ID="string_276" HPOS="1299" VPOS="1997" WIDTH="64" HEIGHT="30" WC="0.96" CONTENT="och"/><SP WIDTH="25" VPOS="1997" HPOS="1363"/>
							<String ID="string_277" HPOS="1388" VPOS="1998" WIDTH="55" HEIGHT="30" WC="0.96" CONTENT="för"/><SP WIDTH="26" VPOS="1998" HPOS="1443"/>
							<String ID="string_278" HPOS="1469" VPOS="2000" WIDTH="300" HEIGHT="41" WC="0.91" CONTENT="engångsutgifter"/>
						</TextLine>
						<TextLine ID="line_32" HPOS="269" VPOS="2033" WIDTH="949" HEIGHT="53">
							<String ID="string_279" HPOS="269" VPOS="2033" WIDTH="41" HEIGHT="30" WC="0.96" CONTENT="36"/><SP WIDTH="13" VPOS="2033" HPOS="310"/>
							<String ID="string_280" HPOS="323" VPOS="2034" WIDTH="62" HEIGHT="30" WC="0.83" CONTENT="009"/><SP WIDTH="20" VPOS="2034" HPOS="385"/>
							<String ID="string_281" HPOS="405" VPOS="2036" WIDTH="162" HEIGHT="39" WC="0.96" CONTENT="kronor),"/><SP WIDTH="22" VPOS="2036" HPOS="567"/>
							<String ID="string_282" HPOS="589" VPOS="2039" WIDTH="37" HEIGHT="29" WC="0.95" CONTENT="17"/><SP WIDTH="15" VPOS="2039" HPOS="626"/>
							<String ID="string_283" HPOS="641" VPOS="2038" WIDTH="63" HEIGHT="31" WC="0.95" CONTENT="500"/><SP WIDTH="20" VPOS="2038" HPOS="704"/>
							<String ID="string_284" HPOS="724" VPOS="2040" WIDTH="129" HEIGHT="32" WC="0.96" CONTENT="kronor"/><SP WIDTH="19" VPOS="2040" HPOS="853"/>
							<String ID="string_285" HPOS="872" VPOS="2043" WIDTH="65" HEIGHT="29" WC="0.96" CONTENT="och"/><SP WIDTH="19" VPOS="2043" HPOS="937"/>
							<String ID="string_286" HPOS="956" VPOS="2043" WIDTH="19" HEIGHT="29" WC="0.89" CONTENT="2"/><SP WIDTH="15" VPOS="2043" HPOS="975"/>
							<String ID="string_287" HPOS="990" VPOS="2043" WIDTH="62" HEIGHT="30" WC="0.96" CONTENT="000"/><SP WIDTH="20" VPOS="2043" HPOS="1052"/>
							<String ID="string_288" HPOS="1072" VPOS="2041" WIDTH="146" HEIGHT="45" WC="0.96" CONTENT="kronor;"/>
						</TextLine>
					</TextBlock>
					<TextBlock ID="block_12" HPOS="268" VPOS="2086" WIDTH="1499" HEIGHT="93">
						<TextLine ID="line_33" HPOS="311" VPOS="2086" WIDTH="1456" HEIGHT="56">
							<String ID="string_289" HPOS="311" VPOS="2086" WIDTH="52" HEIGHT="28" WC="0.92" CONTENT="att"/><SP WIDTH="20" VPOS="2086" HPOS="363"/>
							<String ID="string_290" HPOS="383" VPOS="2086" WIDTH="265" HEIGHT="41" WC="0.91" CONTENT="anslagsposten"/><SP WIDTH="22" VPOS="2086" HPOS="648"/>
							<String ID="string_291" HPOS="670" VPOS="2091" WIDTH="194" HEIGHT="40" WC="0.95" CONTENT="ersättning"/><SP WIDTH="22" VPOS="2091" HPOS="864"/>
							<String ID="string_292" HPOS="886" VPOS="2092" WIDTH="53" HEIGHT="30" WC="0.93" CONTENT="till"/><SP WIDTH="22" VPOS="2092" HPOS="939"/>
							<String ID="string_293" HPOS="961" VPOS="2095" WIDTH="320" HEIGHT="32" WC="0.90" CONTENT="maskincentralen"/><SP WIDTH="23" VPOS="2095" HPOS="1281"/>
							<String ID="string_294" HPOS="1304" VPOS="2097" WIDTH="54" HEIGHT="31" WC="0.96" CONTENT="för"/><SP WIDTH="21" VPOS="2097" HPOS="1358"/>
							<String ID="string_295" HPOS="1379" VPOS="2099" WIDTH="388" HEIGHT="43" WC="0.90" CONTENT="hålkortsbearbetning"/>
						</TextLine>
						<TextLine ID="line_34" HPOS="268" VPOS="2136" WIDTH="611" HEIGHT="43">
							<String ID="string_296" HPOS="268" VPOS="2136" WIDTH="204" HEIGHT="38" WC="0.96" CONTENT="uppräknas"/><SP WIDTH="21" VPOS="2136" HPOS="472"/>
							<String ID="string_297" HPOS="493" VPOS="2138" WIDTH="78" HEIGHT="29" WC="0.96" CONTENT="med"/><SP WIDTH="23" VPOS="2138" HPOS="571"/>
							<String ID="string_298" HPOS="594" VPOS="2138" WIDTH="40" HEIGHT="30" WC="0.96" CONTENT="90"/><SP WIDTH="15" VPOS="2138" HPOS="634"/>
							<String ID="string_299" HPOS="649" VPOS="2139" WIDTH="64" HEIGHT="30" WC="0.95" CONTENT="000"/><SP WIDTH="23" VPOS="2139" HPOS="713"/>
							<String ID="string_300" HPOS="736" VPOS="2141" WIDTH="143" HEIGHT="38" WC="0.95" CONTENT="kronor;"/>
						</TextLine>
					</TextBlock>
					<TextBlock ID="block_13" HPOS="265" VPOS="2186" WIDTH="1500" HEIGHT="240">
						<TextLine ID="line_35" HPOS="310" VPOS="2186" WIDTH="1455" HEIGHT="52">
							<String ID="string_301" HPOS="310" VPOS="2186" WIDTH="51" HEIGHT="28" WC="0.94" CONTENT="att"/><SP WIDTH="20" VPOS="2186" HPOS="361"/>
							<String ID="string_302" HPOS="381" VPOS="2186" WIDTH="112" HEIGHT="31" WC="0.94" CONTENT="under"/><SP WIDTH="22" VPOS="2186" HPOS="493"/>
							<String ID="string_303" HPOS="515" VPOS="2197" WIDTH="42" HEIGHT="21" WC="0.96" CONTENT="en"/><SP WIDTH="21" VPOS="2197" HPOS="557"/>
							<String ID="string_304" HPOS="578" VPOS="2198" WIDTH="46" HEIGHT="31" WC="0.91" CONTENT="ny"/><SP WIDTH="22" VPOS="2198" HPOS="624"/>
							<String ID="string_305" HPOS="646" VPOS="2190" WIDTH="220" HEIGHT="41" WC="0.91" CONTENT="anslagspost"/><SP WIDTH="22" VPOS="2190" HPOS="866"/>
							<String ID="string_306" HPOS="888" VPOS="2194" WIDTH="194" HEIGHT="41" WC="0.96" CONTENT="ersättning"/><SP WIDTH="22" VPOS="2194" HPOS="1082"/>
							<String ID="string_307" HPOS="1104" VPOS="2196" WIDTH="52" HEIGHT="30" WC="0.96" CONTENT="till"/><SP WIDTH="23" VPOS="2196" HPOS="1156"/>
							<String ID="string_308" HPOS="1179" VPOS="2198" WIDTH="383" HEIGHT="40" WC="0.91" CONTENT="utredningsinstitutet"/><SP WIDTH="21" VPOS="2198" HPOS="1562"/>
							<String ID="string_309" HPOS="1583" VPOS="2202" WIDTH="56" HEIGHT="32" WC="0.93" CONTENT="för"/><SP WIDTH="21" VPOS="2202" HPOS="1639"/>
							<String ID="string_310" HPOS="1660" VPOS="2203" WIDTH="105" HEIGHT="31" WC="0.91" CONTENT="inter-"/>
						</TextLine>
						<TextLine ID="line_36" HPOS="265" VPOS="2234" WIDTH="1499" HEIGHT="60">
							<String ID="string_311" HPOS="265" VPOS="2234" WIDTH="369" HEIGHT="44" WC="0.91" CONTENT="vjuundersökningar"/><SP WIDTH="24" VPOS="2234" HPOS="634"/>
							<String ID="string_312" HPOS="658" VPOS="2249" WIDTH="46" HEIGHT="20" WC="0.91" CONTENT="m."/><SP WIDTH="26" VPOS="2249" HPOS="704"/>
							<String ID="string_313" HPOS="730" VPOS="2250" WIDTH="45" HEIGHT="21" WC="0.91" CONTENT="m."/><SP WIDTH="26" VPOS="2250" HPOS="775"/>
							<String ID="string_314" HPOS="801" VPOS="2242" WIDTH="138" HEIGHT="32" WC="0.96" CONTENT="anvisas"/><SP WIDTH="26" VPOS="2242" HPOS="939"/>
							<String ID="string_315" HPOS="965" VPOS="2244" WIDTH="63" HEIGHT="30" WC="0.96" CONTENT="500"/><SP WIDTH="15" VPOS="2244" HPOS="1028"/>
							<String ID="string_316" HPOS="1043" VPOS="2245" WIDTH="61" HEIGHT="30" WC="0.96" CONTENT="000"/><SP WIDTH="26" VPOS="2245" HPOS="1104"/>
							<String ID="string_317" HPOS="1130" VPOS="2246" WIDTH="141" HEIGHT="36" WC="0.96" CONTENT="kronor,"/><SP WIDTH="23" VPOS="2246" HPOS="1271"/>
							<String ID="string_318" HPOS="1294" VPOS="2249" WIDTH="107" HEIGHT="30" WC="0.96" CONTENT="vilket"/><SP WIDTH="25" VPOS="2249" HPOS="1401"/>
							<String ID="string_319" HPOS="1426" VPOS="2250" WIDTH="124" HEIGHT="41" WC="0.96" CONTENT="belopp"/><SP WIDTH="26" VPOS="2250" HPOS="1550"/>
							<String ID="string_320" HPOS="1576" VPOS="2253" WIDTH="10" HEIGHT="29" WC="0.95" CONTENT="i"/><SP WIDTH="26" VPOS="2253" HPOS="1586"/>
							<String ID="string_321" HPOS="1612" VPOS="2254" WIDTH="152" HEIGHT="40" WC="0.95" CONTENT="enlighet"/>
						</TextLine>
						<TextLine ID="line_37" HPOS="265" VPOS="2286" WIDTH="1499" HEIGHT="53">
							<String ID="string_322" HPOS="265" VPOS="2286" WIDTH="78" HEIGHT="29" WC="0.95" CONTENT="med"/><SP WIDTH="15" VPOS="2286" HPOS="343"/>
							<String ID="string_323" HPOS="358" VPOS="2288" WIDTH="263" HEIGHT="39" WC="0.96" CONTENT="centralbyråns"/><SP WIDTH="15" VPOS="2288" HPOS="621"/>
							<String ID="string_324" HPOS="636" VPOS="2299" WIDTH="42" HEIGHT="21" WC="0.93" CONTENT="av"/><SP WIDTH="15" VPOS="2299" HPOS="678"/>
							<String ID="string_325" HPOS="693" VPOS="2291" WIDTH="482" HEIGHT="44" WC="0.90" CONTENT="arbetsmarknadsstyrelsen"/><SP WIDTH="15" VPOS="2291" HPOS="1175"/>
							<String ID="string_326" HPOS="1190" VPOS="2298" WIDTH="65" HEIGHT="29" WC="0.96" CONTENT="och"/><SP WIDTH="16" VPOS="2298" HPOS="1255"/>
							<String ID="string_327" HPOS="1271" VPOS="2298" WIDTH="239" HEIGHT="41" WC="0.96" CONTENT="delegationen"/><SP WIDTH="15" VPOS="2298" HPOS="1510"/>
							<String ID="string_328" HPOS="1525" VPOS="2302" WIDTH="54" HEIGHT="30" WC="0.93" CONTENT="för"/><SP WIDTH="16" VPOS="2302" HPOS="1579"/>
							<String ID="string_329" HPOS="1595" VPOS="2305" WIDTH="169" HEIGHT="29" WC="0.91" CONTENT="statistik-"/>
						</TextLine>
						<TextLine ID="line_38" HPOS="265" VPOS="2334" WIDTH="1498" HEIGHT="53">
							<String ID="string_330" HPOS="265" VPOS="2334" WIDTH="117" HEIGHT="41" WC="0.93" CONTENT="frågor"/><SP WIDTH="15" VPOS="2334" HPOS="382"/>
							<String ID="string_331" HPOS="397" VPOS="2337" WIDTH="191" HEIGHT="41" WC="0.92" CONTENT="tillstyrkta"/><SP WIDTH="16" VPOS="2337" HPOS="588"/>
							<String ID="string_332" HPOS="604" VPOS="2340" WIDTH="132" HEIGHT="42" WC="0.96" CONTENT="förslag"/><SP WIDTH="17" VPOS="2340" HPOS="736"/>
							<String ID="string_333" HPOS="753" VPOS="2351" WIDTH="96" HEIGHT="21" WC="0.96" CONTENT="avses"/><SP WIDTH="17" VPOS="2351" HPOS="849"/>
							<String ID="string_334" HPOS="866" VPOS="2343" WIDTH="55" HEIGHT="31" WC="0.96" CONTENT="för"/><SP WIDTH="16" VPOS="2343" HPOS="921"/>
							<String ID="string_335" HPOS="937" VPOS="2344" WIDTH="187" HEIGHT="32" WC="0.96" CONTENT="utförande"/><SP WIDTH="18" VPOS="2344" HPOS="1124"/>
							<String ID="string_336" HPOS="1142" VPOS="2356" WIDTH="42" HEIGHT="21" WC="0.96" CONTENT="av"/><SP WIDTH="16" VPOS="2356" HPOS="1184"/>
							<String ID="string_337" HPOS="1200" VPOS="2348" WIDTH="78" HEIGHT="39" WC="0.93" CONTENT="fyra"/><SP WIDTH="17" VPOS="2348" HPOS="1278"/>
							<String ID="string_338" HPOS="1295" VPOS="2359" WIDTH="25" HEIGHT="20" WC="0.80" CONTENT="s."/><SP WIDTH="17" VPOS="2359" HPOS="1320"/>
							<String ID="string_339" HPOS="1337" VPOS="2350" WIDTH="33" HEIGHT="29" WC="0.91" CONTENT="k."/><SP WIDTH="17" VPOS="2350" HPOS="1370"/>
							<String ID="string_340" HPOS="1387" VPOS="2350" WIDTH="123" HEIGHT="32" WC="0.92" CONTENT="labour"/><SP WIDTH="15" VPOS="2350" HPOS="1510"/>
							<String ID="string_341" HPOS="1525" VPOS="2352" WIDTH="238" HEIGHT="33" WC="0.92" CONTENT="force-under-"/>
						</TextLine>
						<TextLine ID="line_39" HPOS="265" VPOS="2385" WIDTH="205" HEIGHT="41">
							<String ID="string_342" HPOS="265" VPOS="2385" WIDTH="205" HEIGHT="41" WC="0.95" CONTENT="sökningar;"/>
						</TextLine>
					</TextBlock>
					<TextBlock ID="block_14" HPOS="306" VPOS="2439" WIDTH="1454" HEIGHT="49">
						<TextLine ID="line_40" HPOS="306" VPOS="2439" WIDTH="1454" HEIGHT="49">
							<String ID="string_343" HPOS="306" VPOS="2439" WIDTH="91" HEIGHT="27" WC="0.96" CONTENT="samt"/><SP WIDTH="19" VPOS="2439" HPOS="397"/>
							<String ID="string_344" HPOS="416" VPOS="2439" WIDTH="52" HEIGHT="28" WC="0.93" CONTENT="att"/><SP WIDTH="20" VPOS="2439" HPOS="468"/>
							<String ID="string_345" HPOS="488" VPOS="2439" WIDTH="317" HEIGHT="39" WC="0.90" CONTENT="uppbördsmedlen"/><SP WIDTH="22" VPOS="2439" HPOS="805"/>
							<String ID="string_346" HPOS="827" VPOS="2443" WIDTH="54" HEIGHT="30" WC="0.96" CONTENT="för"/><SP WIDTH="19" VPOS="2443" HPOS="881"/>
							<String ID="string_347" HPOS="900" VPOS="2444" WIDTH="260" HEIGHT="39" WC="0.96" CONTENT="publikationer"/><SP WIDTH="20" VPOS="2444" HPOS="1160"/>
							<String ID="string_348" HPOS="1180" VPOS="2450" WIDTH="203" HEIGHT="38" WC="0.96" CONTENT="uppräknas"/><SP WIDTH="21" VPOS="2450" HPOS="1383"/>
							<String ID="string_349" HPOS="1404" VPOS="2452" WIDTH="79" HEIGHT="30" WC="0.96" CONTENT="med"/><SP WIDTH="20" VPOS="2452" HPOS="1483"/>
							<String ID="string_350" HPOS="1503" VPOS="2453" WIDTH="19" HEIGHT="29" WC="0.94" CONTENT="2"/><SP WIDTH="15" VPOS="2453" HPOS="1522"/>
							<String ID="string_351" HPOS="1537" VPOS="2453" WIDTH="62" HEIGHT="30" WC="0.96" CONTENT="000"/><SP WIDTH="21" VPOS="2453" HPOS="1599"/>
							<String ID="string_352" HPOS="1620" VPOS="2455" WIDTH="140" HEIGHT="31" WC="0.96" CONTENT="kronor."/>
						</TextLine>
					</TextBlock>
				</ComposedBlock>
			</PrintSpace>
		</Page>
	</Layout>
</alto>
