1868 2780
456 171 286 33 Statsutskottets
765 166 179 31 utlåtande
966 174 43 21 nr
1032 164 17 30 7
1072 163 39 30 år
1134 161 81 31 1961
1548 155 40 30 29

135 262 64 30 Vid
219 258 219 45 förestående
460 256 145 31 ärendes
627 251 286 39 slutbehandling
934 250 93 29 inom
1051 247 170 30 utskottet
1241 244 65 30 har
1327 241 156 31 närvarit

133 321 81 30 från
255 319 162 30 första
455 317 223 29 kammaren:
710 312 122 29 herrar
862 308 193 33 Näsström,
1086 304 188 33 Gillström,
1307 303 143 33 Boman,
1482 299 108 31 Einar

88 365 160 33 Persson,
265 362 119 39 Birger
401 359 212 32 Andersson,
631 355 125 30 fröken
773 353 211 33 Andersson,
1002 350 122 29 herrar
1142 346 83 31 Axel
1242 345 180 31 Johannes
1440 342 149 31 Anders-

89 416 75 26 son,
182 406 113 34 Thun,
314 401 207 40 Holmqvist,
540 400 187 38 Bengtson,
745 396 92 31 Fritz
855 396 160 30 Persson,
1034 393 139 37 Ragnar
1190 388 124 40 Bergh,
1333 385 106 32 Bertil
1458 386 134 29 Peters-

90 457 75 28 son,
187 446 213 32 Lundström
422 444 65 29 och
508 442 80 31 Eric
610 440 178 34 Carlsson;
813 439 90 28 samt

136 506 80 30 från
249 504 151 31 andra
432 503 222 29 kammaren:
679 499 121 29 herrar
824 496 162 37 Staxäng,
1010 494 182 29 Petterson
1216 491 10 28 i
1249 487 198 41 Degerfors,
1471 485 121 31 Malm-

89 550 96 39 borg,
205 548 168 31 Karlsson
392 548 12 30 i
424 544 204 35 Olofström,
649 543 173 30 Svensson
842 539 10 29 i
874 536 206 40 Stenkyrka,
1101 532 164 34 Blidfors,
1286 531 176 38 Almgren,
1484 527 107 34 Ståhl,

91 591 233 34 Andreasson,
342 588 161 31 Eliasson
518 587 12 29 i
547 584 197 35 Sundborn,
760 581 125 30 fröken
902 579 134 34 Elmén,
1053 578 122 29 herrar
1191 572 227 35 Lassinantti,
1435 569 158 32 Gustafs-

93 643 64 21 son
177 634 11 29 i
209 632 201 34 Uddevalla,
432 628 133 32 Carbell
587 627 66 30 och
674 626 169 30 Bohman.

706 769 269 36 Reservationer

847 812 16 13 a

142 868 34 34 1)
204 868 59 29 vid
284 866 159 41 punkten
468 864 39 30 12
535 861 220 37 (Statistiska
776 856 261 41 centralbyrån:
1062 852 275 35 Omkostnader)
1367 858 42 22 av
1430 849 81 30 herr
1532 848 65 29 Bo-

95 928 94 28 man,
216 918 125 30 fröken
366 915 212 35 Andersson,
604 913 123 29 herrar
751 909 87 31 Axel
862 908 179 31 Johannes
1067 904 213 34 Andersson,
1307 903 141 36 Ragnar
1472 896 124 41 Bergh,

94 968 225 38 Lundström,
337 966 164 38 Staxäng,
518 963 110 39 Ståhl,
647 962 125 30 fröken
789 959 124 31 Elmén
932 958 65 30 och
1014 957 82 29 herr
1113 954 169 36 Bohman,
1301 952 95 30 vilka
1415 951 113 29 ansett
1547 949 51 29 att

96 1020 189 29 utskottets
302 1016 162 42 yttrande
482 1015 64 30 och
564 1012 213 31 hemställan
792 1011 77 29 bort
886 1010 47 29 ha
949 1007 158 40 följande
1124 1004 146 41 lydelse:

145 1069 196 31 >Utskottet
368 1066 135 30 erinrar
528 1074 58 20 om
613 1065 50 28 att
690 1062 68 31 den
784 1061 92 29 form
903 1068 42 21 av
972 1047 455 55 sysselsättningsstatistik,
1455 1059 75 22 som
1558 1049 40 29 de

98 1130 25 21 s.
142 1121 34 29 k.
194 1119 122 30 labour
334 1113 465 39 force-undersökningarna
817 1111 111 39 utgör,
948 1110 38 29 är
1004 1117 47 31 ny
1069 1107 56 29 för
1142 1105 77 30 vårt
1237 1104 101 30 lands
1356 1102 243 30 vidkomman-

98 1171 52 30 de.
168 1171 51 29 De
238 1167 286 32 introducerades
542 1165 112 30 under
674 1163 38 30 år
734 1162 94 35 1959,
848 1161 45 30 då
911 1159 59 31 två
988 1156 305 38 undersökningar
1312 1152 150 41 gjordes.
1482 1150 117 31 Under

101 1220 84 31 1960
211 1219 139 40 gjordes
374 1217 167 30 likaledes
566 1216 58 30 två
648 1211 315 39 undersökningar.
989 1207 157 33 Särskild
1170 1203 319 38 medelsanvisning
1513 1209 85 31 upp-

99 1271 119 31 fördes
237 1270 54 30 för
310 1269 112 30 första
441 1268 134 39 gången
593 1265 46 41 på
657 1264 173 39 budgeten
850 1262 55 29 för
923 1259 237 31 innevarande
1180 1257 48 30 år.
1248 1257 14 29 I
1282 1253 318 39 statsverkspropo-

101 1322 152 30 sitionen
278 1320 52 30 till
360 1318 83 31 1960
470 1317 57 30 års
553 1315 144 39 riksdag
724 1313 154 30 uttalade
906 1306 386 45 departementschefen
1323 1304 112 30 under
1462 1301 138 31 hänvis-

101 1372 84 39 ning
205 1371 52 30 till
278 1372 50 28 att
348 1366 354 40 undersökningarna
721 1372 80 22 vore
823 1372 42 20 av
885 1363 87 29 stort
992 1361 159 33 intresse,
1173 1359 50 28 att
1244 1357 57 29 det
1320 1363 82 22 vore
1423 1353 178 39 angeläget

102 1424 51 29 att
176 1419 351 39 undersökningarna
549 1416 119 30 kunde
690 1414 160 30 bedrivas
873 1410 223 41 fortlöpande
1117 1417 81 20 men
1222 1409 50 28 att
1295 1404 118 40 slutlig
1437 1402 165 39 ställning

103 1473 51 30 till
172 1472 68 29 hur
257 1465 587 38 arbetskraftsundersökningarna
863 1462 113 30 skulle
993 1459 161 31 bedrivas
1171 1458 11 29 i
1200 1455 191 31 framtiden
1408 1455 71 29 inte
1497 1452 106 30 borde

103 1525 98 37 tagas
221 1521 121 30 förrän
361 1520 162 29 närmare
543 1515 239 32 erfarenheter
802 1523 42 20 av
864 1522 43 20 en
928 1512 87 29 serie
1036 1507 304 39 undersökningar
1360 1504 154 30 vunnits.
1536 1503 68 29 Un-

103 1574 61 29 der
187 1572 132 30 sådana
340 1568 299 39 omständigheter
662 1564 106 40 ansåg
789 1559 389 44 departementschefen
1200 1558 56 29 det
1279 1555 159 41 lämpligt
1461 1556 49 28 att
1533 1553 71 30 tills

103 1623 119 30 vidare
242 1622 172 39 begränsa
435 1618 130 31 antalet
586 1614 305 39 undersökningar
913 1621 60 32 per
995 1611 38 30 år
1054 1610 53 30 till
1130 1609 66 30 två.

147 1674 52 29 De
225 1671 141 31 inledda
393 1664 588 40 arbetskraftsundersökningarna
1008 1663 38 28 är
1073 1662 86 28 utan
1187 1658 128 31 tvekan
1343 1666 41 20 av
1410 1654 195 41 betydande

105 1724 149 29 intresse
282 1722 66 30 och
374 1720 105 30 värde
508 1719 55 29 för
592 1712 477 45 sysselsättningspolitikens
1098 1709 229 39 utformning.
1357 1708 65 29 Det
1452 1704 154 39 framgår

105 1773 193 32 emellertid
317 1781 42 21 av
375 1771 57 29 det
450 1769 105 40 sagda
573 1770 51 28 att
640 1765 268 32 verksamheten
925 1763 160 30 befinner
1105 1761 50 39 sig
1172 1759 45 41 på
1234 1760 48 29 ett
1300 1755 306 33 försöksstadium.

108 1824 175 31 Utskottet
303 1830 103 22 anser
425 1819 120 31 därför
565 1819 56 29 för
641 1818 54 30 sin
715 1817 53 29 del
786 1817 53 28 att
858 1815 58 29 det
935 1813 54 30 för
1010 1812 67 30 den
1097 1811 165 30 fortsatta
1281 1807 264 38 utformningen
1567 1814 40 20 av

107 1872 353 39 undersökningarna
479 1871 38 28 är
534 1869 114 29 bättre
668 1868 50 29 att
737 1866 41 30 de
797 1865 11 29 i
826 1864 98 39 varje
943 1863 61 30 fall
1025 1862 55 30 för
1099 1861 57 29 det
1176 1861 177 28 närmaste
1373 1858 73 29 året
1464 1856 144 39 begrän-

109 1934 58 21 sas
192 1923 52 30 till
271 1922 67 30 två.
365 1920 270 39 Möjligheterna
665 1916 51 30 till
744 1913 317 38 efterbearbetning
1088 1911 65 29 och
1180 1908 215 41 granskning
1423 1916 41 20 av
1489 1914 118 21 vunna

109 1973 237 31 erfarenheter
368 1971 67 30 blir
457 1969 45 30 då
524 1969 121 30 större.
668 1966 125 31 Härtill
817 1965 158 29 kommer
999 1964 50 28 att
1070 1960 270 31 verksamheten
1363 1958 10 29 i
1396 1956 213 40 organisato-

109 2024 90 30 riskt
219 2021 199 31 hänseende
439 2019 88 31 skall
548 2017 205 40 överflyttas
773 2015 52 30 till
846 2016 49 28 ett
915 2015 108 28 annat
1045 2011 132 39 statligt
1198 2017 108 32 organ
1327 2008 43 30 fr.
1391 2017 30 20 o.
1442 2016 44 22 m.
1509 2007 101 28 nästa

110 2073 179 40 budgetår.
311 2072 51 30 Av
382 2071 94 29 detta
498 2070 75 29 skäl
598 2077 103 31 synes
721 2067 56 29 det
798 2065 137 30 mindre
956 2063 159 39 lämpligt
1136 2063 49 28 att
1205 2061 75 39 just
1301 2061 10 29 i
1333 2059 38 30 år
1392 2059 67 29 öka
1480 2057 129 30 antalet

110 2123 306 38 undersökningar
433 2121 51 29 till
504 2120 88 39 fyra.
612 2118 175 30 Utskottet
805 2116 58 29 vill
884 2114 163 39 slutligen
1066 2112 116 30 erinra
1200 2120 57 20 om
1276 2112 50 27 att
1345 2108 187 38 utredning
1552 2116 60 30 ny-

112 2175 91 39 ligen
228 2172 181 41 påbörjats
435 2180 56 20 om
518 2165 499 40 arbetsmarknadspolitikens
1043 2163 109 29 totala
1178 2159 229 39 utformning.
1434 2159 102 28 Detta
1562 2159 49 27 ta-

112 2226 52 28 lar
187 2222 200 41 ytterligare
412 2221 54 29 för
489 2222 49 27 att
561 2217 268 31 verksamheten
853 2215 73 29 tills
947 2213 119 30 vidare
1090 2212 55 29 får
1172 2210 136 30 behålla
1333 2209 54 30 sin
1412 2207 197 30 försökska-

113 2274 129 30 raktär.

158 2323 176 30 Utskottet
356 2320 155 30 ansluter
532 2318 51 39 sig
605 2327 42 20 av
668 2316 148 39 angivna
838 2315 75 29 skäl
934 2313 52 30 till
1008 2311 254 31 huvudtanken
1283 2310 11 29 i
1315 2309 188 29 motionen.
1529 2307 85 29 Ifrå-

115 2372 195 41 gavarande
332 2371 121 38 anslag
473 2369 61 29 bör
556 2367 192 31 emellertid
771 2365 198 29 nedräknas
990 2362 79 30 med
1091 2362 123 29 endast
1236 2360 63 30 200
1314 2360 62 29 000
1399 2360 129 28 kronor
1550 2358 62 29 och

115 2424 133 30 således
275 2421 169 40 uppföras
471 2419 77 30 med
578 2417 93 30 1750
685 2416 62 30 000
774 2416 139 29 kronor.
939 2415 102 28 Detta
1068 2412 146 30 innebär
1240 2413 51 27 att
1318 2409 62 30 300
1395 2409 62 30 000
1484 2409 130 29 kronor

114 2466 112 30 skulle
244 2465 139 29 anvisas
400 2463 54 29 för
470 2459 352 39 undersökningarna
837 2475 44 3 —
897 2456 56 30 två
970 2455 145 40 stycken
1130 2471 44 4 —
1190 2453 110 29 under
1317 2453 101 29 nästa
1435 2451 179 39 budgetår.
