2122 2657
725 189 210 43 Bevillnings-
945 191 166 33 Utskottets
1134 192 165 33 Memorial
1320 192 66 34 N:o
1410 196 54 31 12.

820 271 73 50 5:o)
922 276 56 32 att
1006 270 221 53 Riksdagen
1255 277 118 35 måtte
1400 274 210 52 godkänna
1638 276 170 51 följande
1827 277 58 51 ly-

691 323 103 38 delse
824 324 42 37 af
892 325 45 37 18
968 323 38 52 $:

815 379 55 36 »1.
925 377 76 38 För
1034 378 118 39 sådan
1179 380 186 50 rättighet
1404 381 60 38 till
1497 382 266 39 minuthandel
1797 384 88 38 med

692 428 91 38 eller
811 430 266 50 utskänkning
1105 432 42 37 af
1169 432 173 51 bränvin,
1373 447 82 25 som
1483 434 13 37 i
1524 434 21 50 &
1576 437 20 35 6
1617 435 92 38 eller
1729 435 21 51 $
1767 440 18 33 7
1805 450 78 25 om-

690 481 194 51 förmäles,
926 483 198 39 äfvensom
1165 485 58 38 för
1264 486 46 38 de
1351 500 141 36 genom
1525 487 110 51 inrop
1670 491 20 35 å
1724 489 160 38 auktion

691 535 122 50 enligt
841 536 21 50 $
892 538 20 36 9
944 536 92 38 eller
1063 536 20 51 $
1120 540 43 36 11
1194 538 244 39 förvärfvade
1466 540 305 39 minuthandels-
1791 542 93 38 eller

690 588 517 52 utskänkningsrättigheter
1249 592 180 50 erlägges
1472 593 112 50 afgift
1621 594 85 38 med
1742 596 45 36 15
1818 600 64 32 öre

690 640 59 37 för
776 640 132 52 hvarje
935 641 87 39 liter
1050 643 41 37 af
1115 643 64 38 det
1206 644 175 51 bränvin,
1412 659 82 24 som
1524 646 124 50 enligt
1676 646 115 39 ofvan
1818 647 65 38 be-

689 693 112 36 rörda
829 694 44 49 $$
902 695 127 36 blifvit
1044 695 212 38 beräknadt
1272 697 92 37 eller
1378 698 156 37 hvarför
1548 699 112 48 afgift
1675 702 138 46 åtagen
1829 705 51 31 är.

819 748 33 34 2.
908 746 58 37 Då
1007 746 12 37 i
1064 748 85 37 stad
1186 748 50 37 all
1278 749 264 38 minuthandel
1583 750 87 38 med
1712 752 70 37 och
1823 757 58 32 ut-

690 797 223 51 skänkning
953 799 42 37 af
1031 799 163 39 bränvin
1227 802 138 48 blifvit,
1399 806 49 46 på
1476 808 77 33 sätt
1586 803 6 38 i
1621 802 20 51 $
1678 805 9 36 9
1717 818 112 24 mom.
1860 807 21 34 2

690 855 104 45 sägs,
833 853 21 35 å
887 851 117 50 bolag
1036 852 223 52 öfverlåten,
1289 854 111 50 skall,
1429 856 164 37 förutom
1622 856 74 37 den
1725 857 67 37 der
1819 857 64 37 be-

689 904 148 37 stämda
865 904 124 50 afgift,
1019 905 156 50 bolaget
1202 906 99 38 afstå
1327 907 88 37 hela
1442 909 74 36 den
1545 909 225 50 nettovinst,
1788 923 93 36 som,

690 955 118 38 sedan
850 957 143 48 nödiga
1025 957 469 52 förvaltningskostnader
1522 961 128 38 blifvit
1683 962 197 50 afdragna,

689 1007 122 51 enligt
839 1008 177 51 bolagets
1045 1010 263 52 räkenskaper
1336 1012 102 39 visat
1466 1013 60 51 sig
1550 1013 117 39 hafva
1694 1015 189 50 uppkom-

690 1060 70 38 mit
800 1061 43 37 af
875 1062 50 37 all
968 1063 75 37 den
1084 1062 336 53 bränvinshandel,
1453 1066 155 51 bolaget
1641 1067 118 50 idkat,
1788 1068 95 37 lika-

690 1126 82 25 som
801 1114 71 38 ock
901 1114 46 38 de
976 1115 165 51 afgifter,
1170 1116 132 39 hvilka
1328 1118 157 51 bolaget
1498 1120 182 50 uppburit
1694 1122 48 48 på
1755 1120 128 50 grund

689 1166 42 36 af
768 1167 244 37 öfverlåtelse
1054 1168 42 36 af
1130 1170 228 49 rättigheter
1398 1171 123 49 enligt
1563 1172 20 48 &
1629 1174 44 35 15
1703 1186 113 23 mom.
1847 1175 33 34 3.

692 1218 180 51 Bolagets
913 1219 260 52 räkenskaper
1214 1222 108 37 skola
1359 1222 103 38 föras
1496 1223 121 51 enligt
1644 1224 239 38 föreskrifter

692 1271 71 36 och
805 1272 193 48 formulär,
1041 1285 80 24 som
1159 1274 41 36 af
1234 1275 142 49 Kongl.
1410 1275 472 51 Finansdepartementets

692 1323 184 37 kontroll-
913 1325 70 36 och
1005 1325 312 51 justeringsbyrå
1345 1327 181 38 utfärdas.
1582 1328 301 51 Granskningen

692 1375 41 36 af
769 1375 115 38 dessa
920 1377 260 50 räkenskaper
1217 1379 71 36 och
1316 1379 175 50 bolagets
1520 1380 240 50 förvaltning
1784 1381 99 37 skall

691 1427 132 50 hvarje
865 1430 40 35 år
944 1429 13 36 i
998 1429 160 38 Januari
1199 1431 138 38 månad
1378 1434 21 34 å
1441 1432 89 50 dag,
1564 1446 81 24 som
1674 1433 42 37 af
1739 1433 142 49 Kongl.

690 1479 127 51 Maj:ts
861 1481 432 50 Befallningshafvande
1330 1484 12 36 i
1384 1483 105 38 länet
1526 1485 245 47 bestämmes,
1813 1487 68 35 ske

690 1532 60 37 för
789 1537 87 33 näst
918 1534 233 49 föregående
1194 1535 291 51 försäljningsår
1513 1538 41 36 af
1577 1537 75 37 fem
1680 1538 202 48 revisorer,

691 1584 41 37 af
755 1584 131 38 hvilka
915 1586 350 51 stadsfullmäktige
1294 1588 102 49 eller,
1426 1588 67 38 der
1516 1589 141 38 sådane
1683 1590 32 50 ej
1745 1590 136 48 finnas,

691 1636 140 38 allmän
867 1638 200 38 rådstufva
1106 1645 87 32 utse
1234 1643 77 46 två,
1353 1641 237 50 landstinget
1621 1655 59 36 en,
1714 1642 168 38 hushåll-

690 1689 327 51 ningssällskapet
1058 1704 47 24 en
1148 1698 100 31 samt
1288 1692 142 51 Kongl.
1464 1694 128 50 Maj:ts
1625 1694 257 50 Befallnings-

690 1741 192 39 hafvande
925 1743 73 38 den
1041 1743 128 38 femte.
1237 1745 17 36 I
1292 1746 96 48 stad,
1431 1759 83 24 som
1555 1746 86 38 icke
1670 1747 212 50 deltager
1862 1737 24 64 i

690 1794 210 50 landsting,
945 1801 85 32 utse
1067 1797 345 50 statsfullmäktige
1447 1799 147 48 jemväl
1618 1799 75 38 den
1721 1800 159 48 revisor,

691 1860 82 23 som
815 1847 109 50 eljest
965 1848 122 37 skulle
1131 1848 43 38 af
1210 1849 241 50 landstinget
1491 1851 130 50 väljas.
1688 1851 17 37 I
1747 1851 135 37 Stock-

691 1898 101 51 holm
836 1905 105 32 utses
975 1906 57 31 tre
1060 1901 189 38 revisorer
1276 1902 43 37 af
1342 1902 352 51 stadsfullmäktige
1723 1904 71 36 och
1818 1907 65 33 två

690 1951 42 36 af
758 1941 521 50 Öfverståthållareembetet.
1340 1955 212 37 Berättelse
1585 1956 107 37 öfver
1724 1956 158 37 revisio-

689 2017 77 23 nen
808 2004 97 37 skall
946 2004 81 38 före
1068 2006 216 49 påföljande
1325 2007 184 37 Februari
1542 2008 158 37 månads
1733 2011 150 46 utgång

688 2056 195 38 meddelas
900 2056 349 52 stadsfullmäktige
1266 2058 93 38 eller
1374 2059 140 37 allmän
1529 2060 208 49 rådstufva,
1753 2060 130 38 lands-

686 2108 126 48 tinget
842 2110 72 36 och
962 2109 497 52 hushållningssällskapet.
1527 2113 254 37 Revisorerne
1810 2126 73 35 ega

687 2161 145 48 åtnjuta
874 2162 217 49 ersättning
1136 2163 98 36 efter
1284 2164 121 49 fjerde
1447 2164 157 37 klassen
1648 2164 13 37 i
1702 2165 181 50 gällande

685 2212 336 50 resereglemente,
1064 2214 157 38 hvilken
1267 2216 218 49 ersättning
1527 2216 100 37 skall
1669 2218 42 36 af
1752 2217 131 37 ofvan-

688 2264 161 39 berörda
878 2266 231 37 vinstmedel
1137 2270 104 46 utgå.
1271 2267 150 50 Vägrar
1449 2268 200 51 landsting
1674 2269 93 38 eller
1795 2269 89 37 hus-

687 2317 369 51 hållningssällskap
1100 2320 279 37 ansvarsfrihet
1420 2320 59 38 för
1519 2321 178 50 bolagets
1725 2321 158 37 förvalt-

687 2369 109 49 ning,
853 2371 228 49 hänskjutes
1124 2371 119 37 saken
1284 2372 59 37 till
1386 2373 141 49 Kongl.
1572 2374 129 49 Maj:ts
1742 2373 140 38 Befall-
