2208 2618
737 161 248 32 Statsutskottets
1011 159 162 32 utlitande
1200 159 49 30 Nr
1274 160 71 30 100.
1750 157 39 29 27

236 243 128 35 kunna
405 242 206 37 betecknas
653 243 123 34 såsom
805 237 359 46 tillfredsställande,
1206 236 153 37 särskilt
1386 249 59 22 om
1476 249 87 22 man
1592 234 143 37 erinrar
1762 233 71 49 sig,

235 299 56 30 att
331 294 218 36 densamma
591 292 95 37 skall
726 291 97 36 vålla
864 296 122 31 staten
1015 290 12 36 i
1056 289 196 48 merutgift
1294 292 132 32 utöver
1457 289 97 34 1918
1584 289 60 33 års
1672 285 163 49 dyrtids-

235 345 137 49 bidrag
400 348 47 46 på
477 345 179 47 omkring
684 345 48 34 80
761 342 172 48 miljoner
960 342 148 35 kronor.

365 397 197 36 Utskottet
603 396 68 35 har
703 397 40 33 så
772 394 151 48 mycket
951 393 145 35 mindre
1125 392 146 35 kunnat
1298 391 92 47 giva
1418 391 102 35 detta
1550 389 199 36 alternativ
1778 390 57 34 sin

235 449 242 47 tillslutning,
507 460 81 23 som
618 447 46 36 de
693 446 170 36 formella
892 444 347 47 anmärkningarna
1268 447 78 31 mot
1367 441 321 49 familjebidraget
1706 440 62 36 vid
1789 453 46 23 en

236 513 100 23 mera
374 499 188 47 ingående
603 497 239 48 granskning
883 496 155 35 framstå
1080 497 122 33 såsom
1245 493 89 48 föga
1377 493 173 35 bärande.
1607 487 107 41 Även
1751 491 84 36 med

236 550 245 49 tillämpning
523 562 45 22 av
610 548 203 36 utskottets
856 546 199 36 alternativ
1092 546 16 35 I
1144 548 120 32 måste
1305 558 88 22 man
1434 544 193 47 nämligen
1668 543 168 48 uppgiva

237 601 234 36 önskemålet
513 606 54 30 att
608 600 37 35 få
686 598 324 49 dyrtidsbidraget
1052 602 52 30 att
1146 596 92 48 fylla
1271 596 267 47 fordringarna
1566 597 47 46 på
1640 606 65 23 »en
1735 599 101 42 gott-

235 653 150 49 görelse
428 653 57 35 för
526 651 118 37 utfört
686 650 163 47 arbete»,
892 649 69 36 och
1005 654 53 30 att
1095 648 62 36 det
1184 647 101 36 »icke
1313 647 69 36 bör
1409 646 57 36 till
1498 649 124 45 någon
1651 645 60 36 del
1742 646 96 34 hava

237 705 225 36 karaktären
506 718 46 22 av
593 702 241 37 understöd.»
889 700 226 37 Påståendet
1157 705 53 30 att
1247 705 53 30 ett
1342 698 240 50 »ytterligare
1613 696 223 37 fastslående

238 771 47 21 av
305 756 329 49 familjebidragen
655 759 113 43 utgör
787 766 47 23 en
855 752 196 48 svårighet
1068 752 61 35 vid
1151 750 316 50 genomförandet
1483 763 46 22 av
1546 749 176 36 framtida
1736 748 101 36 löne-

235 809 258 47 regleringar»
522 807 76 36 kan
626 806 134 37 endast
787 810 73 44 äga
880 804 180 48 giltighet
1081 803 57 36 för
1158 803 61 36 det
1239 802 77 47 fall,
1339 808 54 30 att
1413 815 88 22 man
1520 801 138 36 räknar
1679 800 84 36 med
1785 804 54 32 ett

236 861 152 35 fortsatt
416 857 332 38 sammanförande
777 870 47 22 av
848 855 186 37 ordinarie
1053 855 104 35 löner
1176 854 71 36 och
1267 867 48 22 nu
1336 854 201 47 ifrågasatt
1556 851 281 50 dyrtidsbidrag

237 911 57 36 till
336 924 46 23 en
423 909 204 37 bestående
666 909 169 48 lönetyp,
865 920 47 23 en
940 906 254 46 eventualitet,
1224 918 80 23 som
1333 905 218 47 naturligen
1580 906 119 33 måste
1728 915 109 34 anses

236 962 195 36 otänkbar.
489 960 79 37 Och
611 961 72 36 den
724 959 172 50 påtalade
937 957 175 37 tekniska
1152 956 244 49 svårigheten
1439 955 83 37 med
1566 954 270 50 dyrtidshjälp-

237 1014 167 36 formens
446 1013 247 49 tillämpning
733 1025 45 22 ur
819 1010 321 49 likställighetens
1177 1008 194 50 synpunkt
1398 1007 73 37 blir
1498 1007 79 36 helt
1605 1006 194 49 obetydlig
1825 1005 12 35 i

237 1065 234 38 förhållande
511 1064 56 37 till
609 1064 72 36 den
723 1062 165 37 faktiska
928 1060 286 49 ohkställighet,
1245 1073 78 23 som
1354 1073 46 22 en
1428 1059 257 46 utmönstring
1713 1071 50 22 nu
1792 1070 45 22 av

235 1117 306 49 dyrtidshjälpen
569 1115 148 37 medför
746 1115 70 35 och
843 1114 102 36 detta
973 1113 153 36 alldeles
1147 1111 152 37 särskilt
1317 1111 64 35 vid
1401 1109 437 49 existensmöjlighetens

238 1169 114 36 nedre
393 1174 126 43 gräns.
576 1168 69 35 Att
675 1166 162 37 flertalet
864 1163 389 47 befattningshavare,
1282 1175 79 24 som
1392 1168 58 30 tro
1479 1162 61 47 sig
1568 1161 48 36 ha
1644 1160 120 37 fördel
1793 1174 45 22 av

235 1225 187 46 systemet
448 1220 156 37 »enbart
624 1217 321 50 dyrtidstillägg»,
965 1215 314 38 rekommendera
1298 1213 231 49 antagandet
1553 1227 47 22 av
1620 1218 53 31 ett
1691 1211 147 47 sådant,

238 1273 198 49 upphäver
463 1271 84 37 icke
575 1271 12 36 i
616 1274 126 45 någon
772 1272 61 33 må
860 1269 71 36 den
961 1268 84 36 med
1075 1267 103 37 detta
1206 1272 143 43 system
1378 1265 216 36 förbundna
1622 1264 214 36 orättvisan.

369 1324 56 36 Då
465 1323 180 36 utskottet
685 1321 156 37 sålunda
884 1319 181 47 förordar,
1109 1324 54 31 att
1205 1317 282 50 familjebidrag
1523 1316 217 45 bibehålles,
1771 1315 67 36 har

239 1376 185 36 utskottet
456 1375 116 36 likväl
600 1373 126 37 funnit
754 1373 62 48 sig
843 1372 82 36 icke
952 1372 92 36 böra
1073 1371 219 36 oförändrat
1319 1369 192 49 tillstyrka
1540 1368 141 48 Kungl.
1711 1367 127 48 Maj:ts

240 1428 155 48 förslag.
452 1426 87 37 Med
581 1426 149 48 hänsyn
770 1423 57 37 till
864 1426 21 33 å
913 1436 70 23 ena
1024 1422 109 36 sidan
1177 1427 53 31 att
1270 1422 103 35 inom
1415 1420 426 49 finansdepartementet

239 1492 156 23 numera
436 1477 231 38 verkställda
694 1475 371 48 kontrollräkningar
1092 1473 98 50 givit
1217 1473 64 37 vid
1308 1472 165 48 handen,
1504 1478 55 30 att
1588 1470 252 37 kostnaderna

239 1532 59 36 för
340 1531 140 48 Kungl.
524 1529 128 49 Maj:ts
694 1528 142 48 förslag
863 1527 11 36 i
902 1526 284 50 propositionen
1227 1525 200 37 beräknats
1469 1524 60 36 väl
1569 1524 92 48 lågt,
1695 1528 97 32 samt
1819 1525 21 33 å

239 1583 117 36 andra
383 1583 111 36 sidan
522 1581 56 36 till
605 1580 305 37 önskvärdheten
935 1579 127 45 därav,
1083 1584 56 30 att
1159 1577 202 49 möjlighet
1380 1576 120 37 hålles
1520 1580 124 45 öppen
1664 1580 56 31 att
1738 1575 101 36 inom

240 1635 73 36 den
343 1648 46 22 av
416 1634 143 47 Kungl.
590 1633 108 49 Maj:t
725 1630 214 38 beräknade
967 1630 315 36 kostnadsramen
1311 1628 139 37 bereda
1475 1630 130 46 någon
1629 1626 146 48 ökning
1794 1640 46 22 av

240 1686 335 50 dyrtidsbidragen
612 1685 56 36 till
701 1684 102 36 vissa
830 1684 12 35 i
870 1682 247 37 förevarande
1145 1681 235 50 proposition
1407 1680 83 36 icke
1519 1678 158 38 berörda
1705 1678 135 37 befatt-

239 1738 266 49 ningshavare,
547 1737 70 36 har
655 1736 185 36 utskottet
879 1734 193 49 nämligen
1112 1733 125 36 funnit
1277 1732 64 37 det
1380 1745 92 24 vara
1511 1730 237 48 nödvändigt
1788 1735 53 31 att

239 1790 157 48 vidtaga
437 1803 46 23 en
524 1789 79 36 viss
644 1787 263 50 begränsning
947 1799 46 23 av
1034 1786 45 35 de
1105 1792 91 29 utav
1224 1784 141 49 Kungl.
1396 1784 108 48 Maj:t
1532 1783 219 47 föreslagna
1777 1780 62 37 be-

239 1843 138 48 loppen
400 1842 64 36 för
490 1841 195 48 löntagare
713 1839 85 37 med
826 1843 118 32 större
971 1837 221 37 inkomster.

370 1893 133 49 Enligt
542 1891 287 51 propositionen
870 1890 121 36 skulle
1031 1889 62 36 det
1134 1888 56 36 till
1231 1888 124 49 grund
1398 1888 59 36 för
1494 1885 345 52 dyrtidstilläggets

239 1945 245 37 beräknande
525 1944 114 48 lagda
667 1957 29 23 s.
725 1943 36 36 k.
792 1941 218 51 grundtalet
1037 1941 162 36 erhållas
1228 1940 235 49 därigenom,
1493 1945 56 31 att
1577 1939 63 36 det
1667 1939 62 46 tal,
1759 1951 80 23 som

241 2010 110 24 anses
379 2003 192 30 motsvara
598 1994 389 49 kostnadsökningen,
1014 1992 167 37 minskas
1200 1992 85 37 med
1306 2005 46 23 en
1372 1991 187 37 femtedel.
1607 1990 85 37 Med
1711 1990 130 36 index-

240 2050 91 35 talet
374 2050 69 35 167
489 2048 57 36 för
588 2047 247 49 fördyringen
872 2046 73 37 blir
977 2045 151 37 därmed
1157 2044 120 49 enligt
1305 2043 287 50 propositionen
1620 2042 220 49 grundtalet

242 2103 85 34 135.
382 2100 52 36 På
476 2099 183 46 avlöning
699 2097 269 49 överstigande
1011 2098 71 35 100
1123 2096 141 36 kronor
1305 2096 58 35 för
1404 2094 136 37 månad
1570 2093 121 37 skulle
1719 2093 121 49 enligt

239 2152 286 50 propositionen
566 2151 181 49 tillägget
788 2150 183 36 beräknas
1013 2149 95 36 efter
1146 2154 53 31 ett
1226 2147 210 50 procenttal
1464 2145 265 38 motsvarande
1758 2145 82 48 fyra

241 2204 186 37 tiondelar
455 2217 47 23 av
529 2203 228 49 grundtalet.
804 2201 295 50 Dyrtidstillägg
1127 2200 119 37 skulle
1275 2199 84 36 icke
1382 2201 94 46 utgå
1495 2201 20 33 å
1535 2197 180 49 avlöning
1734 2201 105 32 över-

241 2256 177 49 stigande
449 2256 73 36 600
551 2255 139 37 kronor
716 2268 68 36 per
811 2253 147 37 månad.
1175 2260 2 2 |
