2259 2745
322 168 116 32 Andro
467 169 220 30 Kammarens
718 168 183 39 Tillfälliga
935 168 140 32 Utskotts
1099 168 85 42 (N:o
1213 171 34 36 1)
1281 169 171 32 Utlåtande
1479 169 64 32 N:o
1570 173 53 28 15.
1722 175 10 27 1

901 657 75 38 N:o
1006 660 57 34 15.

942 827 66 23 Ank.
1027 827 45 23 till
1092 827 91 24 Riksd.
1203 828 97 23 Kansli
1318 828 51 23 den
1393 829 28 23 19
1444 828 69 23 Mars
1535 829 70 29 1874,
1625 829 36 23 kl.
1684 831 9 22 I
1716 837 22 16 e.
1758 837 33 16 m.

482 911 132 36 Andra
656 911 245 37 Kammarens
946 911 133 37 Första
1125 912 204 49 Tillfälliga
1385 913 155 37 Utskotts
1595 914 196 37 Utlatande

584 960 75 37 N:o
709 963 38 44 5,
792 963 83 36 med
923 963 197 47 anledning
1169 963 45 48 af
1259 964 126 37 väckta
1425 964 149 49 förslag
1622 966 13 35 i
1672 965 118 49 fråga

584 1025 56 23 om
681 1013 170 36 bildande
878 1014 46 48 af
947 1026 42 23 en
1021 1014 311 48 understödsfond
1359 1015 82 36 eller
1469 1015 45 48 af
1538 1028 41 24 en
1604 1017 187 47 pensions-

584 1063 135 36 anstalt
738 1063 67 48 för
834 1063 330 38 Folkskolelärares
1190 1065 254 48 efterlemnade
1473 1066 105 36 enkor
1607 1068 60 35 och
1697 1068 94 46 oför-

585 1114 124 47 sörjda
737 1115 100 35 barn.

331 1264 60 31 Till
428 1264 162 32 Utskottet
622 1265 94 33 hafva
743 1266 163 32 hänvisats
934 1270 117 28 tvänue
1079 1267 10 30 i
1116 1267 209 32 förenämnda
1352 1270 93 29 ämne
1473 1268 120 40 afgifna
1620 1270 168 38 motioner,

177 1316 63 31 den
281 1326 60 21 ena
383 1315 71 43 (N:o
497 1317 73 41 168)
611 1316 35 32 af
680 1316 83 32 Herr
807 1317 31 33 C.
880 1317 126 41 Magni,
1049 1317 60 32 och
1141 1318 59 31 den
1242 1318 100 32 andra
1374 1318 72 41 (N:o
1477 1317 73 46 181)
1579 1319 34 32 af
1638 1320 83 32 Herr
1747 1320 32 32 R

183 1365 212 33 Törnebladh.

322 1417 83 31 Herr
445 1417 135 40 Magnis
619 1417 128 42 förslag,
791 1418 121 32 hvilket
934 1419 99 31 redan
1062 1419 159 40 kortligen
1248 1423 181 28 omnämnts
1458 1420 9 31 i
1495 1420 181 33 Utskottets
1704 1421 86 32 förut

179 1467 122 41 afgifna
328 1467 167 33 utlåtande
521 1467 88 33 öfver
636 1469 157 33 motioner
820 1480 51 21 om
899 1469 136 41 ändring
1062 1470 10 31 i
1091 1469 314 34 Folkskolelärarnes
1428 1471 360 41 pensionsreglemente,

179 1518 188 39 innehåller,
401 1522 65 28 "att
489 1518 183 42 Riksdagen
700 1521 51 31 må
777 1521 10 30 i
810 1520 202 41 underdånig
1039 1520 163 33 skrifvelse
1230 1521 58 32 hos
1320 1521 116 41 Kongl.
1465 1522 89 41 Maj:t
1581 1523 140 39 anhålla,
1743 1528 47 27 att

179 1569 220 41 Reglementet
427 1570 48 31 för
502 1569 318 34 Folkskolelärarnes
845 1572 330 41 pensionsinrättning
1209 1572 33 31 af
1267 1572 61 32 den
1356 1574 40 31 30
1424 1573 180 32 November
1633 1575 79 31 1866
1740 1576 50 30 så-

181 1620 98 31 lunda
306 1621 191 38 omarbetas,
528 1624 47 28 att
602 1621 35 31 af
661 1621 38 32 de
728 1622 113 38 medel,
878 1633 68 21 som
974 1622 34 32 af
1033 1622 232 33 kommunerna
1292 1625 76 39 utgå
1395 1623 49 32 till
1473 1623 316 33 Folkskolelärarnes

179 1670 340 41 pensionsinrättning,
561 1671 123 32 hälften
726 1674 50 30 må
811 1673 162 31 användas
996 1673 50 31 till
1077 1673 269 41 kapitalbildning
1372 1674 51 32 för
1450 1685 39 21 en
1517 1675 272 32 understödsfond

180 1724 33 29 åt
240 1721 303 32 folkskolelärarnes
571 1722 100 32 enkor
700 1723 59 32 och
784 1723 110 32 barn".

331 1772 83 32 Herr
444 1772 205 33 Törnebladh
679 1777 69 28 åter
775 1774 59 32 har
861 1774 174 41 föreslagit,
1066 1777 66 29 "att
1155 1774 179 41 Riksdagen
1364 1775 72 32 ville
1450 1776 10 30 i
1476 1776 202 41 underdånig
1694 1776 94 32 skrif-

180 1822 82 32 velse
277 1823 140 39 anhålla,
435 1823 54 32 det
503 1824 115 41 Kongl.
633 1825 90 41 Maj:t
735 1824 123 33 täcktes
873 1826 98 40 taga
961 1818 17 53 i
987 1825 149 42 förnyadt
1150 1826 232 41 öfvervägande
1397 1826 113 41 frågan
1523 1837 50 22 om
1591 1826 151 34 bildande
1758 1828 34 31 af

179 1883 38 21 en
245 1874 274 40 pensionsanstalt
546 1875 50 31 för
623 1875 281 33 folkskolelärares
933 1876 228 32 efterlemnade
1190 1876 100 33 enkor
1317 1877 61 32 och
1405 1877 178 41 oförsörjda
1610 1878 92 39 barn,
1717 1879 71 31 huf-

178 1923 207 41 vudsakligen
417 1926 42 39 på
498 1925 38 32 de
575 1926 150 40 grunder,
761 1929 48 29 att
842 1927 267 40 pensioneringen
1137 1927 140 42 besörjes
1305 1927 34 32 af
1364 1927 287 34 folkskolelärarne
1679 1929 110 41 sjelfva

178 1974 72 32 med
291 1975 175 32 understöd
506 1975 34 33 af
577 1977 196 39 statsmedel,
817 1977 70 32 med
929 1977 179 42 skyldighet
1131 1978 49 32 för
1209 1978 161 33 blifvande
1398 1979 60 32 och
1486 1980 155 40 rättighet
1669 1979 50 32 för
1745 1991 45 20 nu

178 2025 138 32 varande
344 2026 207 32 innehafvare
579 2027 34 31 af
638 2027 162 33 ordinarie
828 2028 365 42 folkskoleläraretjenst
1212 2032 48 29 att
1286 2031 106 30 såsom
1419 2030 148 40 delegare
1593 2031 11 30 i
1627 2031 160 32 anstalten

177 2076 84 39 ingå,
291 2080 83 28 samt
398 2077 141 32 derefter
566 2077 48 32 till
641 2078 183 41 Riksdagen
847 2082 77 37 göra
952 2078 59 33 den
1046 2079 236 41 framställning
1309 2081 10 30 i
1342 2083 118 36 ämnet,
1490 2081 129 32 hvartill
1648 2084 140 29 omstän-

179 2126 188 40 digheterna
394 2127 111 32 kunna
532 2127 197 34 föranleda".

328 2177 68 32 Den
438 2178 97 32 sedan
578 2180 100 39 några
704 2181 36 31 år
767 2180 148 32 hvilande
943 2180 99 41 fråga,
1073 2180 127 32 hvilken
1230 2181 237 32 motionärerne
1496 2182 59 31 här
1582 2181 94 33 hafva
1704 2184 85 31 åter-

263 2226 75 33 Bih.
365 2228 47 32 till
439 2228 114 33 Riksd.
583 2229 91 32 Prot.
703 2232 100 30 1874.
857 2233 20 29 &
907 2229 100 38 Saml,
1056 2233 23 29 2
1107 2231 78 39 Afd.
1230 2233 23 29 2
1276 2231 107 32 Band.
1430 2234 45 30 12
1502 2232 95 37 Häft.
1722 2237 14 27 1
