2198 2566
406 168 17 28 2
922 167 243 28 Stats-Utskattets
1191 168 150 27 Utlåtande
1364 168 57 27 N:o
1444 166 55 30 60.

406 251 60 44 hö,
508 249 112 37 hafva
652 249 262 47 Revisorerne,
947 251 86 36 med
1062 251 176 37 afseende
1268 255 20 33 å
1316 252 72 36 den
1417 254 271 48 ursprungliga
1715 254 233 36 tillkomsten
1977 254 41 36 af

405 301 164 36 berörda
596 300 159 45 förmån,
785 302 133 36 dervid
945 302 173 36 Kronans
1146 309 77 30 rätt
1251 302 127 37 blifvit
1405 303 237 36 förbehållen
1671 305 57 35 till
1757 305 64 35 det
1843 305 60 44 hö,
1931 318 80 23 som

404 351 58 36 för
490 352 84 35 dess
603 352 120 35 behof
747 352 253 45 erfordrades,
1038 353 126 36 funnit
1192 354 65 36 det
1284 353 271 50 tvifvelaktigt,
1584 355 190 36 huruvida
1802 356 211 48 ersättning

406 403 128 43 borde,
563 406 48 43 på
639 408 77 30 sätt
744 404 136 35 hittills
909 410 64 41 egt
1001 417 95 31 rum,
1131 403 235 37 fortfarande
1399 408 92 44 utgå
1518 406 59 34 till
1606 405 321 48 pensionsfonden
1955 405 58 36 för

404 453 137 34 mistad
571 453 217 36 höinkomst
816 453 41 35 af
881 454 70 34 den
983 455 104 34 mark
1118 454 101 35 inom
1247 454 350 49 fästningsverkens
1626 456 167 44 område,
1820 469 80 22 som
1921 456 92 35 Kro-

403 516 73 22 nan
504 503 60 36 för
592 509 55 30 ett
676 504 92 36 eller
796 510 115 30 annat
935 504 175 36 ändamål
1128 504 165 36 behöfde
1314 506 188 44 använda;
1532 506 209 48 hvarjemte
1761 506 251 36 Revisorerne

404 558 138 45 ansågo
585 555 58 48 sig
683 555 93 36 böra
810 554 235 46 omförmäla;
1081 561 67 39 att,
1191 557 120 47 enligt
1351 556 250 36 Revisorerne
1631 557 197 36 meddelad
1860 559 154 48 upplys-

403 605 103 49 ning,
535 605 73 35 den
638 605 9 35 i
679 608 94 35 1867
804 609 58 33 års
891 607 393 35 revisionsberättelse
1305 608 227 35 omnämnda
1551 607 119 49 fråga,
1695 608 161 36 rörande
1876 608 135 48 Kongl.

403 655 325 36 Kammarrättens
757 657 226 47 behörighet
1011 663 56 29 att
1094 658 162 47 granska
1284 658 341 47 pensionsfondens
1655 659 265 47 räkenskaper,
1949 660 64 35 vid

404 706 103 35 tiden
536 705 60 36 för
623 706 467 49 revisionsförrättningen
1113 715 99 28 ännu
1234 708 81 35 icke
1345 708 125 35 blifvit
1498 708 40 35 af
1562 708 134 48 Kongl.
1727 709 104 47 Maj:t
1851 709 159 48 afgjord.

539 756 127 48 Enligt
707 757 97 35 hvad
840 757 197 36 Utskottet
1073 758 196 42 inhemtat,
1299 759 67 34 har
1395 759 231 35 sistberörda
1656 759 106 46 fråga
1791 760 120 35 under
1939 760 72 35 den

405 809 42 33 13
476 806 216 37 November
723 810 93 33 1868
846 807 126 36 blifvit
1001 812 47 44 på
1076 808 64 36 det
1168 815 76 29 sätt
1272 808 161 49 afgjord,
1463 815 56 30 att
1544 809 134 48 Kongl.
1701 810 115 47 Maj:t,
1839 811 59 35 till
1918 811 94 36 iakt-

402 857 163 48 tagande
601 857 59 36 för
695 871 141 22 samma
871 862 41 31 år
954 860 68 34 och
1065 858 191 49 framgent
1284 860 222 43 tillsvidare,
1537 861 8 33 i
1575 861 117 34 nåder
1720 861 209 43 förordnat,
1958 868 56 29 att

404 906 58 36 för
490 907 129 47 hvarje
649 911 53 41 år,
731 909 101 34 inom
862 921 66 22 sex
957 909 180 35 månader
1166 909 96 35 efter
1285 910 83 34 dess
1390 910 87 43 slut,
1499 911 94 34 skall
1614 911 56 34 till
1692 912 232 46 granskning
1944 912 67 35 hos

402 957 135 47 Kongl.
580 957 306 36 "Kammarrätten
923 959 189 43 insändas,
1148 960 31 46 ej
1206 960 168 35 allenast
1415 960 242 48 redogörelse
1699 961 59 35 för
1786 961 225 48 uppbörden

403 1007 40 36 af
467 1009 73 35 alla
568 1008 45 36 de
643 1009 134 44 medel,
807 1022 80 22 som
916 1010 58 35 till
1002 1009 365 49 Ingeniörkorpsens
1395 1011 335 49 besparingskassa
1758 1012 132 49 inflyta
1910 1011 41 36 af
1966 1013 45 35 de

402 1072 26 22 s.
458 1059 33 36 k.
520 1059 390 37 vallhöimnkomsterna
949 1060 82 36 från
1074 1061 117 36 rikets
1225 1060 210 50 fästningar
1470 1062 70 35 och
1582 1061 41 37 af
1651 1063 45 35 de
1725 1062 58 36 för
1810 1063 138 36 förlust
1976 1062 40 37 af

402 1109 128 49 dylika
571 1111 209 35 inkomster
820 1111 197 36 bestämda
1058 1113 268 48 ersättningar,
1359 1119 89 29 utan
1484 1113 69 35 ock
1589 1113 247 48 redovisning
1862 1114 60 35 för
1950 1127 63 22 an-

402 1160 216 36 vändandet
659 1161 40 35 af
735 1161 109 35 dessa
878 1162 136 43 medel,
1050 1162 133 35 dervid
1218 1163 96 34 dock
1345 1163 98 35 hvad
1472 1163 41 35 af
1536 1177 142 21 samma
1705 1164 123 35 medel
1858 1164 153 48 inginge

401 1211 59 34 till
488 1210 182 48 korpsens-
700 1212 170 34 enskilda
891 1211 283 48 pensionsfond,
1195 1213 152 35 hvilken
1369 1213 30 47 ej
1422 1213 177 48 utgjorde
1620 1212 157 37 föremål
1797 1213 59 36 för
1874 1214 136 48 Kongl.

400 1260 326 37 Kammarrättens
767 1262 179 45 revision,
988 1263 133 36 endast
1155 1263 164 36 behöfde
1366 1264 56 35 till
1475 1264 180 48 beloppet
1696 1265 8 34 i
1748 1265 264 49 räkenskapen

401 1312 157 49 intagas.

534 1363 16 35 I
591 1363 162 35 särskild
793 1363 118 49 fråga,
953 1365 193 47 angående
1181 1365 73 35 den
1282 1365 365 48 Ingeniörkorpsens
1677 1367 335 48 besparingskassa

400 1412 59 35 för
487 1416 40 32 år
558 1415 93 34 1867
687 1414 288 35 tillkommande
1012 1415 212 48 ersättning
1255 1414 59 36 för
1342 1416 306 43 vallhöinkomst,
1678 1429 80 22 som
1788 1420 81 32 gått
1896 1416 115 36 förlo-

1785 1446 23 18 [a]

400 1463 67 35 rad
509 1475 137 36 genom
683 1463 181 48 jordbyte
900 1467 40 32 år
976 1466 94 35 1855
1100 1466 160 34 emellan
1288 1464 152 37 Kronan
1470 1466 70 34 och
1571 1464 290 46 Christianstad,
1891 1467 78 44 har,
1999 1467 10 35 i

400 1513 205 49 anledning
633 1512 40 37 af
697 1514 46 35 de
773 1514 216 49 skiljaktiga
1017 1516 207 48 meningar,
1260 1529 80 22 som
1369 1517 194 48 angående
1593 1517 123 36 denna
1744 1523 78 30 rätt
1850 1518 159 36 emellan

401 1564 438 37 Fortifikations-chefen
874 1566 71 35 och
979 1565 419 51 Arméförvaltningens
1433 1568 455 48 Artilleri-departement
1915 1582 94 35 upp-

401 1619 104 41 stått,
534 1615 134 48 Kongl.
697 1616 116 47 Maj:t,
843 1617 119 48 enligt
990 1617 96 35 hvad
1116 1617 197 37 Utskottet
1336 1619 141 46 jemväl
1499 1620 196 42 inhemtat,
1721 1633 136 34 genom
1877 1620 132 47 nådigt

402 1666 92 35 Bref
518 1667 73 34 den
622 1670 39 31 11
695 1667 212 35 December
938 1669 93 34 1868
1060 1667 196 42 förklarat,
1286 1674 66 37 att,
1382 1672 40 32 så
1450 1670 109 46 länge
1589 1673 124 44 någon
1742 1669 40 36 af
1799 1670 45 35 de
1867 1670 73 34 den
1963 1672 45 33 16

399 1716 100 35 Mars
543 1718 93 35 1855
678 1717 64 35 vid
785 1717 343 47 Ingeniörkorpsen
1163 1719 188 35 anställda
1386 1720 191 34 officerare
1612 1719 62 35 vid
1703 1720 162 34 nämnda
1893 1720 116 46 korps

400 1767 92 35 eller
520 1780 157 22 numera
704 1767 314 36 Fortifikationen
1048 1769 215 47 qvarstode,
1286 1769 116 35 borde
1424 1770 57 35 till
1502 1770 133 35 kassan
1656 1770 142 47 årligen
1818 1770 191 36 utbetalas

400 1817 73 35 den
502 1821 47 44 på
578 1818 120 35 henne
728 1818 213 48 belöpande
970 1818 111 36 andel
1110 1819 41 36 af
1174 1820 163 35 berörda
1366 1821 224 48 ersättning,
1620 1821 127 35 såvida
1775 1821 83 35 icke
1888 1821 122 35 under

399 1868 106 35 tiden
540 1868 134 47 Kongl.
711 1869 103 47 Maj:t
843 1870 10 33 i
882 1870 271 48 sammanhang
1186 1871 85 34 med
1300 1870 158 48 förnyad
1489 1872 197 47 aflönings-
1715 1872 71 34 och
1815 1872 195 46 pensions-

399 1918 191 47 reglering
628 1919 60 34 för
729 1919 45 34 de
810 1919 63 35 vid
908 1919 317 36 Fortifikationen
1261 1921 185 34 anställda
1481 1921 159 35 embets-
1667 1922 70 34 och
1767 1922 241 46 tjenstemän,

400 1968 92 35 eller
533 1969 108 46 eljest
683 1969 7 34 i
733 1968 94 48 följd
862 1968 40 36 af
933 1969 226 36 inträffande
1194 1970 275 45 förhållanden,
1505 1971 122 35 kunde
1655 1972 103 34 finna
1786 1971 140 48 skäligt
1954 1977 55 29 att

399 2018 237 36 annorlunda
670 2018 197 46 förordna;
910 2020 70 36 och
1015 2019 57 36 får
1108 2020 207 45 Utskottet,
1340 2022 118 47 jemte
1488 2022 248 35 meddelande
1765 2022 59 35 till
1853 2021 156 37 Riksda-

398 2083 93 35 gens
519 2070 213 36 kännedom
761 2070 41 36 af
825 2071 109 36 dessa
962 2072 138 48 nådiga
1128 2072 137 45 beslut,
1290 2073 9 35 i
1322 2073 204 48 anledning
1545 2072 112 37 deraf
1672 2074 71 35 och
1765 2081 89 28 enär
1873 2073 133 48 Kongl.

399 2121 104 47 Maj:t
517 2122 141 46 jemväl
679 2121 200 48 medgifvit
899 2122 46 35 de
971 2121 122 49 öfriga
1113 2121 440 50 ersättningsbeloppens
1574 2124 203 47 utgående,
1799 2124 209 44 hemställa,

801 2178 57 29 att
884 2172 272 36 Revisorernes
1183 2172 248 37 förevarande
1459 2173 282 49 framställning
1769 2175 83 34 icke
1871 2178 59 31 må
1949 2175 59 34 till

800 2225 123 46 någon
952 2222 237 49 Riksdagens
1218 2224 133 48 åtgärd
1379 2223 207 37 föranleda.
