1878 2780
472 166 451 31 Konstilutionsutskottets
943 165 178 30 utlåtande
1139 174 44 20 nr
1205 164 48 29 12.
1568 161 41 30 23

163 250 129 30 Finnes
315 249 287 34 besvärsnämnd,
627 248 81 39 äger
732 247 67 30 den
823 256 76 20 som
923 246 32 39 ej
983 245 100 39 nöjes
1108 245 36 30 åt
1167 243 124 35 beslut,
1317 252 122 21 varom
1462 244 12 28 i
1498 241 112 31 första

120 303 135 41 stycket
277 304 88 38 sägs,
388 302 126 30 anföra
535 302 123 29 besvär
680 301 64 30 hos
765 300 179 30 nämnden
964 300 96 29 inom
1082 298 61 34 tid,
1167 307 75 20 som
1265 297 140 39 stadgas
1428 297 12 29 i
1465 296 14 29 1
1504 304 104 21 mom.

165 356 227 30 Beträffande
418 355 128 39 klagan
573 355 81 29 över
679 352 296 31 besvärsnämnds
1002 351 113 30 beslut
1143 350 89 30 skall
1259 350 66 29 vad
1351 350 11 29 i
1393 350 14 28 1
1437 358 106 20 mom.
1570 349 39 29 är

122 410 137 39 stadgat
281 410 63 39 äga
368 408 246 31 motsvarande
637 406 232 40 tillämpning,
892 406 67 30 och
981 405 58 30 må
1060 404 53 30 till
1137 404 78 30 stöd
1238 403 54 30 för
1315 403 98 39 dylik
1436 402 138 39 klagan,
1598 401 12 29 i

121 464 69 29 den
215 463 83 30 mån
323 462 189 39 anledning
538 461 118 30 därtill
683 460 126 34 finnes,
836 459 170 39 åberopas
1032 458 143 39 jämväl,
1202 459 50 28 att
1278 457 58 29 det
1362 456 65 30 hos
1454 456 157 29 besvärs-

122 516 177 30 nämnden
329 515 230 40 överklagade
590 515 150 29 beslutet
771 515 37 28 är
839 513 145 39 oriktigt
1016 512 43 39 på
1090 511 116 39 någon
1238 510 109 30 sådan
1378 509 124 40 grund,
1534 518 76 21 som

122 571 79 39 sägs
226 570 11 29 i
271 571 7 28 I
305 579 105 20 mom.

768 767 191 41 Förslag

837 849 53 30 till

818 942 97 47 Lag

562 1039 56 20 om
634 1027 173 31 införande
823 1037 42 20 av
880 1024 293 42 landstingslagen.

165 1182 211 39 Härigenom
399 1180 186 30 förordnas
608 1188 77 21 som
706 1177 114 41 följer.

831 1284 67 36 18.

167 1349 315 40 Landstingslagen
509 1348 99 35 skall,
635 1349 79 29 med
741 1347 225 39 iakttagande
993 1356 42 20 av
1061 1347 66 29 vad
1156 1346 113 29 nedan
1296 1344 151 39 stadgas,
1475 1344 100 30 träda
1602 1342 11 28 i

121 1405 97 30 kraft
237 1405 67 29 den
325 1404 14 29 1
360 1404 144 39 januari
525 1402 93 30 1955.

166 1457 131 30 Genom
318 1455 301 40 landstingslagen
640 1454 188 40 upphäves,
851 1454 80 29 med
953 1454 68 29 den
1042 1451 235 40 begränsning
1297 1452 64 29 här
1385 1451 114 30 nedan
1521 1449 94 31 stad-

122 1519 71 31 gas,
214 1511 101 40 lagen
334 1511 68 29 den
422 1509 41 30 20
483 1509 78 40 juni
583 1508 85 30 1924
694 1507 58 34 (nr
773 1506 80 35 349)
878 1516 59 21 om
958 1505 178 40 landsting
1156 1505 114 30 tillika
1291 1505 80 29 med
1392 1504 68 30 alla
1480 1504 41 29 de
1543 1504 71 29 sär-

122 1563 115 32 skilda
259 1563 228 40 stadganden,
510 1563 94 29 vilka
625 1561 174 30 innefatta
821 1560 150 40 ändring
994 1569 43 20 av
1058 1559 84 30 eller
1164 1558 119 40 tillägg
1306 1558 52 29 till
1381 1558 67 30 vad
1470 1558 66 29 den
1561 1556 53 30 så-

122 1618 109 29 lunda
251 1617 188 40 upphävda
459 1616 99 40 lagen
578 1614 205 35 innehåller,
804 1614 39 30 så
863 1614 66 29 ock
948 1614 67 30 vad
1035 1614 11 29 i
1065 1613 112 39 övrigt
1197 1612 116 30 finnes
1333 1611 11 29 i
1366 1611 56 40 lag
1441 1610 83 31 eller
1543 1610 71 30 för-

122 1671 154 39 fattning
296 1670 180 30 stridande
497 1671 72 28 mot
589 1669 68 30 den
678 1678 68 31 nya
766 1668 119 39 lagens
906 1666 274 31 bestämmelser.

168 1724 112 29 Sedan
302 1722 300 40 landstingslagen
624 1723 87 28 trätt
732 1722 11 30 i
765 1721 106 34 kraft,
896 1720 99 31 skola
1018 1719 144 39 lagarna
1185 1720 67 29 den
1277 1719 38 29 12
1338 1719 80 39 juni
1444 1718 82 30 1936
1555 1717 59 33 (nr

123 1777 81 34 282)
226 1777 179 39 angående
424 1776 224 39 användning
667 1777 11 29 i
694 1775 92 30 vissa
804 1774 63 30 fall
887 1784 43 20 av
948 1774 171 29 kommun
1137 1772 84 30 eller
1240 1782 118 20 annan
1377 1771 236 39 samfällighet

122 1830 155 40 tillhörig
297 1830 170 38 egendom
489 1830 64 28 och
574 1829 68 30 den
663 1829 19 29 6
703 1828 180 29 december
908 1826 84 30 1946
1019 1826 58 34 (nr
1100 1826 81 33 727)
1207 1835 58 20 om
1285 1824 206 30 kommunal
1513 1824 102 30 fond-

122 1882 158 40 bildning
303 1883 30 39 ej
359 1883 119 29 vidare
502 1884 63 38 äga
588 1881 224 40 tillämpning
834 1881 20 29 å
878 1879 381 39 landstingskommun.

831 1969 69 36 28.

168 2033 192 39 Landsting
388 2033 90 29 skall
504 2033 57 29 vid
587 2032 144 39 lagtima
758 2032 92 29 möte
877 2031 38 29 år
946 2030 83 30 1954
1057 2032 76 27 utse
1161 2029 370 38 förvaltningsutskott
1559 2028 54 29 för

124 2087 96 29 tiden
241 2087 50 29 till
314 2086 176 39 utgången
511 2095 41 20 av
572 2085 39 30 år
635 2085 94 29 1955.

832 2172 19 30 3
874 2172 27 36 8.

168 2236 74 30 Den
265 2246 66 30 nya
354 2236 120 39 lagens
496 2235 261 30 bestämmelser
780 2244 57 20 om
858 2234 181 29 valbarhet
1062 2233 98 29 skola
1182 2233 104 29 lända
1308 2232 51 29 till
1383 2232 231 29 efterrättelse

123 2289 56 29 vid
198 2290 54 29 val
272 2289 54 29 för
344 2289 61 33 tid,
425 2298 76 20 som
519 2288 140 30 infaller
677 2288 88 29 efter
784 2288 67 29 den
870 2287 39 29 31
931 2286 180 29 december
1133 2285 94 29 1954.

831 2374 69 37 48.

169 2440 76 29 Med
266 2439 169 30 avseende
455 2441 19 27 å
494 2438 270 29 nedannämnda
785 2437 72 40 slag
878 2446 41 20 av
939 2437 133 33 fonder,
1094 2445 75 20 som
1190 2435 118 30 finnas
1327 2435 57 30 vid
1406 2435 210 38 landstings-

125 2493 118 38 lagens
267 2491 289 34 ikraftträdande,
581 2491 89 30 skall
694 2490 104 40 gälla:
