1850 2788
259 155 39 31 14
539 158 403 41 Bevillningsutskottets
967 161 218 33 betänkande
1207 173 43 21 nr
1273 165 42 29 30
1336 166 39 29 år
1401 167 85 29 1955

307 239 175 32 Utskottet
504 241 61 30 vill
584 242 52 30 till
658 252 43 21 en
722 243 125 40 början
868 244 116 31 erinra
1007 254 56 21 om
1086 248 49 28 att
1157 247 175 41 åtskilliga
1354 249 258 42 invändningar
1634 253 127 32 riktats

262 292 72 27 mot
359 299 41 20 en
426 290 225 42 beskattning
675 302 43 21 av
742 293 267 40 ifrågavarande
1034 296 131 40 bidrag,
1191 297 45 30 bl.
1262 308 28 20 a.
1315 299 45 40 på
1385 300 112 39 grund
1525 311 43 20 av
1592 302 41 30 de
1657 305 104 39 prak-

262 338 90 31 tiska
382 340 223 40 svårigheter,
631 352 75 21 som
732 343 120 31 därvid
879 345 112 30 skulle
1017 347 224 39 uppkomma.
1268 349 153 31 Sålunda
1447 351 65 30 har
1536 348 223 49 framhållits,

261 391 49 29 att
336 399 53 21 om
415 390 225 32 förmånerna
664 392 231 37 beskattades,
920 395 118 31 kunde
1062 396 300 42 inkomstspärren
1388 400 75 32 icke
1488 401 190 33 bibehållas
1702 405 57 30 vid

261 447 42 21 en
324 440 68 30 viss
414 441 307 40 beskattningsbar
744 444 162 30 inkomst.
930 446 52 29 En
1007 447 124 40 familj,
1153 457 79 21 vars
1254 449 328 42 beskattningsbara
1604 453 154 33 inkomst

259 488 74 40 låge
353 491 213 31 omedelbart
586 493 110 29 under
715 493 316 41 inkomstgränsen,
1052 497 95 31 bleve
1168 498 43 31 då
1231 499 193 42 berättigad
1446 501 53 30 till
1520 504 138 40 avdrag,
1678 515 81 20 men

259 540 179 40 samtidigt
462 541 111 31 skulle
593 543 67 29 den
673 544 329 41 beskattningsbara
1022 547 199 32 inkomsten
1244 558 123 31 genom
1388 551 159 41 bidraget
1569 554 88 40 stiga
1679 556 80 30 över

259 590 148 37 gränsen
430 593 67 29 och
523 592 146 32 sålunda
693 594 257 41 bidragsrätten
974 597 44 40 gå
1043 598 163 31 förlorad.
1232 600 168 41 Tydligen
1425 602 111 34 måste
1562 604 120 31 därför
1707 605 52 31 in-

258 638 264 42 komstspärren
546 642 226 33 konstrueras
794 646 44 39 på
865 649 108 28 annat
998 649 78 34 sätt,
1101 651 206 38 exempelvis
1332 652 39 30 så
1393 654 51 29 att
1467 653 68 31 den
1559 654 54 31 för
1637 665 121 21 senare

259 689 39 31 år
326 692 43 29 än
399 692 56 30 det
484 693 45 30 då
557 693 156 41 bidraget
742 695 189 41 beviljades
961 697 197 33 bestämdes
1188 700 53 31 till
1269 702 71 31 viss
1369 702 308 43 beskattningsbar
1706 706 52 31 in-

257 739 116 32 komst
400 742 164 31 minskad
591 745 79 29 med
699 746 211 35 förmånens,
938 749 186 31 eventuellt
1153 751 86 29 även
1266 752 109 30 andra
1404 754 128 30 sociala
1559 755 197 32 förmåners

257 789 133 42 belopp.
419 793 53 30 Då
501 794 117 30 vidare
646 795 167 40 bidragen
842 797 75 30 icke
952 800 186 38 passerade
1167 801 66 30 den
1262 801 366 44 bidragsberättigade,
1658 808 98 30 torde

256 840 70 31 han
351 841 74 31 icke
451 843 100 30 alltid
574 844 45 30 ha
644 854 41 22 en
710 845 77 31 klar
811 847 227 42 uppfattning
1063 859 42 22 av
1128 850 169 42 beloppet.
1323 853 92 30 Både
1440 854 46 40 på
1511 856 111 39 grund
1646 857 111 32 härav

257 892 63 28 och
344 892 45 40 på
412 894 113 38 grund
550 904 43 20 av
615 895 66 30 den
706 896 177 31 bristande
909 898 191 37 förståelse,
1127 910 74 21 som
1225 903 97 30 torde
1351 903 142 33 komma
1518 908 50 28 att
1592 908 95 30 möta
1712 917 43 21 en

256 940 224 42 beskattning
498 953 42 20 av
557 944 94 30 detta
670 946 83 39 slag,
773 947 117 30 kunde
908 948 58 30 det
983 949 138 31 befaras
1141 953 50 27 att
1208 952 170 41 beloppen
1396 954 97 30 bleve
1511 956 245 41 ofullständigt

256 991 235 33 deklarerade.
514 994 52 30 Av
587 996 70 29 stor
679 996 174 39 betydelse
876 1000 118 37 syntes
1016 1001 86 29 även
1123 1011 94 25 vara,
1240 1004 49 31 att
1315 1003 103 40 något
1441 1006 129 40 avdrag
1592 1007 54 30 för
1669 1008 88 30 käll-

255 1040 93 32 skatt
373 1043 74 30 icke
472 1045 108 38 gärna
603 1046 117 31 kunde
745 1047 256 40 ifrågakomma
1026 1050 56 30 vid
1108 1051 216 42 utbetalning
1348 1063 43 22 av
1413 1055 267 40 ifrågavarande
1706 1059 50 29 bi-

255 1090 93 41 drag.
372 1092 231 43 Beskattning
625 1105 43 21 av
688 1096 156 41 bidraget
868 1099 112 30 skulle
1005 1100 146 31 sålunda
1174 1104 11 29 i
1210 1103 189 31 allmänhet
1421 1106 171 31 resultera
1619 1108 10 29 i
1653 1108 104 31 kvar-

254 1141 141 32 stående
423 1144 104 30 skatt.

298 1192 227 33 Beträffande
555 1196 64 30 den
649 1197 10 29 i
690 1197 218 32 motionerna
937 1199 146 32 berörda
1115 1202 134 40 frågan,
1280 1206 49 28 att
1360 1206 292 41 egnahemsägare
1683 1210 70 30 kan

254 1242 130 31 erhålla
415 1244 130 41 avdrag
571 1246 54 30 för
651 1247 256 38 omkostnader,
936 1250 93 31 vilka
1057 1252 128 39 erlagts
1209 1255 78 29 med
1314 1255 276 43 bostadsbidrag,
1619 1259 53 30 får
1700 1262 54 28 ut-

254 1291 128 32 skottet
403 1295 125 31 endast
548 1296 145 32 hänvisa
717 1298 50 29 till
789 1300 198 32 uttalandet
1006 1301 11 29 i
1037 1303 217 39 proposition
1277 1314 41 21 nr
1340 1306 40 30 52
1404 1306 50 30 till
1480 1308 82 30 1953
1585 1309 55 30 års
1663 1310 93 30 riks-

253 1341 75 40 dag,
356 1346 49 28 att
433 1354 42 21 en
503 1346 110 30 sådan
636 1348 220 40 avdragsrätt
883 1351 38 29 är
948 1351 199 41 nödvändig
1173 1354 54 30 för
1254 1357 49 28 att
1330 1356 36 30 få
1394 1357 65 30 full
1487 1358 227 41 likställighet
1740 1361 12 30 i

251 1391 442 43 beskattningshänseende
727 1399 128 30 mellan
884 1400 167 41 bidragen
1080 1403 51 30 till
1159 1404 220 40 hyresgäster
1409 1408 64 30 och
1503 1408 166 42 bidragen
1698 1412 54 29 till

252 1443 302 40 egnahemsägare.

297 1493 118 30 Såsom
442 1504 43 22 av
512 1496 82 31 1953
621 1497 57 31 års
703 1498 346 42 bevillningsutskott
1074 1504 172 31 uttalades
1273 1507 100 39 utgör
1399 1509 192 30 emellertid
1617 1511 58 32 det
1703 1521 46 21 nu

251 1541 235 42 föreliggande
508 1547 205 38 spörsmålet
734 1550 121 31 endast
875 1560 44 21 en
940 1551 53 32 del
1014 1562 43 20 av
1075 1553 65 31 den
1165 1556 109 29 större
1295 1556 122 41 frågan
1439 1568 56 20 om
1515 1559 236 33 förhållandet

250 1592 127 31 mellan
401 1595 227 42 beskattning
651 1599 64 30 och
741 1600 126 30 sociala
892 1601 179 31 förmåner
1095 1605 201 31 överhuvud
1321 1609 102 38 taget.
1450 1609 136 40 Frågan
1611 1621 56 21 om
1692 1613 61 30 bo-

250 1643 283 42 stadsbidragens
563 1647 225 42 beskattning
818 1650 88 31 hade
938 1653 190 31 emellertid
1161 1655 65 30 fått
1258 1666 43 21 en
1332 1658 108 31 sådan
1471 1660 195 37 aktualitet,
1698 1665 50 29 att

250 1692 207 42 tillräckliga
481 1697 76 30 skäl
584 1696 116 33 kunde
725 1709 101 21 anses
850 1701 166 41 föreligga
1040 1705 49 30 att
1114 1705 139 40 utbryta
1276 1708 191 39 problemet
1492 1719 43 22 ur
1555 1711 58 31 det
1638 1713 110 31 större

250 1745 289 40 sammanhanget
563 1748 63 29 och
650 1756 38 32 ge
712 1750 57 29 det
793 1759 41 22 en
857 1752 215 38 provisorisk
1097 1755 146 40 lösning.
1268 1757 76 31 Med
1369 1759 139 40 hänsyn
1530 1761 52 31 till
1604 1763 67 30 vad
1696 1764 56 30 så-

249 1792 106 31 lunda
377 1795 226 33 förekommit
625 1799 69 29 kan
717 1801 169 32 utskottet
907 1802 76 32 icke
1008 1803 140 32 förorda
1170 1806 114 40 någon
1307 1809 149 40 ändring
1478 1810 10 29 i
1513 1811 66 31 den
1601 1813 39 29 år
1664 1814 86 31 1953

248 1842 198 34 fastställda
474 1847 216 41 regleringen
722 1859 43 21 av
792 1851 112 31 denna
932 1852 109 41 fråga.
1070 1856 13 29 I
1110 1856 188 41 anledning
1326 1869 41 20 av
1393 1861 66 29 vad
1489 1861 10 29 i
1528 1863 218 31 motionerna

247 1893 135 32 anförts
407 1896 132 35 därom,
564 1900 50 28 att
639 1899 467 40 folkpensionsförmånerna
1132 1907 159 39 utgjorde
1316 1909 241 43 skattepliktig
1581 1913 168 37 inkomst,

247 1943 61 30 vill
336 1945 169 33 utskottet
535 1948 114 30 erinra
679 1959 56 21 om
765 1952 50 29 att
844 1952 57 30 vid
931 1953 66 30 den
1028 1956 187 40 utredning
1244 1967 55 20 om
1330 1968 41 21 en
1402 1961 177 41 sänkning
1608 1973 42 21 av
1678 1965 67 30 den

247 1993 137 40 statliga
411 1995 306 39 inkomstskatten,
744 2009 73 22 som
846 2002 82 31 1950
954 2003 57 32 års
1037 2005 413 45 skattelagssakkunniga
1480 2012 65 31 har
1571 2015 50 31 att
1647 2016 103 30 verk-

247 2044 110 35 ställa,
383 2045 132 39 jämväl
543 2048 89 30 skall
659 2050 216 32 undersökas
904 2054 267 40 möjligheterna
1199 2059 50 29 att
1277 2058 126 42 fritaga
1432 2061 313 41 folkpensionsför-

245 2093 167 32 månerna
436 2096 79 30 från
536 2097 233 42 beskattning.
792 2101 175 34 Utskottet
989 2114 102 21 anser
1113 2107 51 39 sig
1185 2108 78 30 med
1285 2112 168 29 avseende
1476 2112 19 31 å
1518 2113 56 31 det
1596 2116 148 31 anförda

244 2142 76 32 icke
343 2145 118 32 kunna
490 2147 175 40 tillstyrka
688 2150 98 32 bifall
810 2152 52 31 till
885 2153 42 30 de
950 2154 235 41 föreliggande
1209 2160 227 32 motionerna.

288 2244 115 31 Under
428 2246 219 42 åberopande
672 2259 43 20 av
738 2251 66 30 vad
828 2252 149 31 sålunda
1001 2255 136 32 anförts
1162 2257 55 31 får
1242 2260 169 32 utskottet
1436 2258 195 51 hemställa,

597 2301 50 28 att
678 2300 41 30 de
751 2301 222 40 likalydande
1005 2306 217 32 motionerna
1254 2309 28 30 I:
1298 2309 62 32 353
1393 2321 43 21 av
1466 2313 120 32 herrar
1617 2315 127 32 Gustaf

552 2349 164 30 Elofsson
755 2351 65 30 och
858 2353 147 31 Herbert
1044 2356 238 32 Hermansson
1320 2364 92 27 samt
1441 2363 44 30 II:
1505 2365 60 29 169
1593 2374 41 20 av
1662 2366 81 30 herr

552 2398 149 31 Persson
725 2401 10 29 i
757 2401 135 41 Norrby
914 2413 44 20 m.
983 2405 36 29 fl.
1043 2414 55 21 om
1122 2407 202 41 skatteplikt
1346 2410 222 34 beträffande
1592 2411 153 50 familje-
