<?xml version="1.0" encoding="UTF-8"?>
<alto xmlns="http://www.loc.gov/standards/alto/ns-v3#" xmlns:xlink="http://www.w3.org/1999/xlink" xmlns:xsi="http://www.w3.org/2001/XMLSchema-instance" xsi:schemaLocation="http://www.loc.gov/standards/alto/ns-v3# http://www.loc.gov/alto/v3/alto-3-0.xsd">
	<Description>
		<MeasurementUnit>pixel</MeasurementUnit>
		<sourceImageInformation>
			<fileName>/tmp/tess_8c4mp0pf_input.PNG</fileName>
		</sourceImageInformation>
		<OCRProcessing ID="OCR_0">
			<ocrProcessingStep>
				<processingSoftware>
					<softwareName>tesseract 5.3.0</softwareName>
				</processingSoftware>
			</ocrProcessingStep>
		</OCRProcessing>
	</Description>
	<Layout>
		<Page WIDTH="2214" HEIGHT="2648" PHYSICAL_IMG_NR="0" ID="page_0">
			<PrintSpace HPOS="0" VPOS="0" WIDTH="2214" HEIGHT="2648">
				<ComposedBlock ID="cblock_0" HPOS="398" VPOS="216" WIDTH="1422" HEIGHT="46">
					<TextBlock ID="block_0" HPOS="398" VPOS="216" WIDTH="1422" HEIGHT="46">
						<TextLine ID="line_0" HPOS="398" VPOS="216" WIDTH="1422" HEIGHT="46">
							<String ID="string_0" HPOS="398" VPOS="216" WIDTH="20" HEIGHT="29" WC="0.96" CONTENT="4"/><SP WIDTH="156" VPOS="216" HPOS="418"/>
							<String ID="string_1" HPOS="574" VPOS="216" WIDTH="115" HEIGHT="31" WC="0.35" CONTENT="Andra"/><SP WIDTH="23" VPOS="216" HPOS="689"/>
							<String ID="string_2" HPOS="712" VPOS="216" WIDTH="219" HEIGHT="33" WC="0.94" CONTENT="Kammarens"/><SP WIDTH="27" VPOS="216" HPOS="931"/>
							<String ID="string_3" HPOS="958" VPOS="219" WIDTH="174" HEIGHT="41" WC="0.93" CONTENT="Tillfälliga"/><SP WIDTH="31" VPOS="219" HPOS="1132"/>
							<String ID="string_4" HPOS="1163" VPOS="221" WIDTH="135" HEIGHT="31" WC="0.91" CONTENT="Utskotts"/><SP WIDTH="24" VPOS="221" HPOS="1298"/>
							<String ID="string_5" HPOS="1322" VPOS="222" WIDTH="77" HEIGHT="39" WC="0.96" CONTENT="(N:o"/><SP WIDTH="27" VPOS="222" HPOS="1399"/>
							<String ID="string_6" HPOS="1426" VPOS="224" WIDTH="34" HEIGHT="38" WC="0.88" CONTENT="2)"/><SP WIDTH="29" VPOS="224" HPOS="1460"/>
							<String ID="string_7" HPOS="1489" VPOS="223" WIDTH="172" HEIGHT="32" WC="0.96" CONTENT="Utlåtande"/><SP WIDTH="23" VPOS="223" HPOS="1661"/>
							<String ID="string_8" HPOS="1684" VPOS="225" WIDTH="61" HEIGHT="31" WC="0.96" CONTENT="N:o"/><SP WIDTH="27" VPOS="225" HPOS="1745"/>
							<String ID="string_9" HPOS="1772" VPOS="227" WIDTH="48" HEIGHT="29" WC="0.96" CONTENT="21."/>
						</TextLine>
					</TextBlock>
				</ComposedBlock>
				<ComposedBlock ID="cblock_1" HPOS="392" VPOS="298" WIDTH="1599" HEIGHT="1914">
					<TextBlock ID="block_1" HPOS="398" VPOS="298" WIDTH="1591" HEIGHT="108">
						<TextLine ID="line_1" HPOS="398" VPOS="298" WIDTH="1591" HEIGHT="56">
							<String ID="string_10" HPOS="398" VPOS="298" WIDTH="81" HEIGHT="41" WC="0.95" CONTENT="satt,"/><SP WIDTH="30" VPOS="298" HPOS="479"/>
							<String ID="string_11" HPOS="509" VPOS="310" WIDTH="81" HEIGHT="22" WC="0.95" CONTENT="men"/><SP WIDTH="39" VPOS="310" HPOS="590"/>
							<String ID="string_12" HPOS="629" VPOS="298" WIDTH="92" HEIGHT="47" WC="0.96" CONTENT="plats"/><SP WIDTH="37" VPOS="298" HPOS="721"/>
							<String ID="string_13" HPOS="758" VPOS="299" WIDTH="79" HEIGHT="36" WC="0.96" CONTENT="fans"/><SP WIDTH="39" VPOS="299" HPOS="837"/>
							<String ID="string_14" HPOS="876" VPOS="300" WIDTH="123" HEIGHT="35" WC="0.96" CONTENT="endast"/><SP WIDTH="35" VPOS="300" HPOS="999"/>
							<String ID="string_15" HPOS="1034" VPOS="301" WIDTH="54" HEIGHT="35" WC="0.96" CONTENT="för"/><SP WIDTH="29" VPOS="301" HPOS="1088"/>
							<String ID="string_16" HPOS="1117" VPOS="314" WIDTH="42" HEIGHT="23" WC="0.96" CONTENT="en"/><SP WIDTH="30" VPOS="314" HPOS="1159"/>
							<String ID="string_17" HPOS="1189" VPOS="303" WIDTH="138" HEIGHT="47" WC="0.96" CONTENT="patient"/><SP WIDTH="28" VPOS="303" HPOS="1327"/>
							<String ID="string_18" HPOS="1355" VPOS="307" WIDTH="93" HEIGHT="32" WC="0.96" CONTENT="samt"/><SP WIDTH="28" VPOS="307" HPOS="1448"/>
							<String ID="string_19" HPOS="1476" VPOS="305" WIDTH="54" HEIGHT="35" WC="0.92" CONTENT="för"/><SP WIDTH="31" VPOS="305" HPOS="1530"/>
							<String ID="string_20" HPOS="1561" VPOS="308" WIDTH="100" HEIGHT="34" WC="0.68" CONTENT="2—3"/><SP WIDTH="32" VPOS="308" HPOS="1661"/>
							<String ID="string_21" HPOS="1693" VPOS="320" WIDTH="57" HEIGHT="21" WC="0.96" CONTENT="om"/><SP WIDTH="31" VPOS="320" HPOS="1750"/>
							<String ID="string_22" HPOS="1781" VPOS="309" WIDTH="110" HEIGHT="45" WC="0.93" CONTENT="några"/><SP WIDTH="29" VPOS="309" HPOS="1891"/>
							<String ID="string_23" HPOS="1920" VPOS="311" WIDTH="69" HEIGHT="33" WC="0.83" CONTENT="må-"/>
						</TextLine>
						<TextLine ID="line_2" HPOS="398" VPOS="350" WIDTH="1335" HEIGHT="56">
							<String ID="string_24" HPOS="398" VPOS="350" WIDTH="117" HEIGHT="35" WC="0.95" CONTENT="nader."/><SP WIDTH="58" VPOS="350" HPOS="515"/>
							<String ID="string_25" HPOS="573" VPOS="351" WIDTH="121" HEIGHT="47" WC="0.90" CONTENT="Högst"/><SP WIDTH="30" VPOS="351" HPOS="694"/>
							<String ID="string_26" HPOS="724" VPOS="354" WIDTH="20" HEIGHT="33" WC="0.96" CONTENT="6"/><SP WIDTH="30" VPOS="354" HPOS="744"/>
							<String ID="string_27" HPOS="774" VPOS="354" WIDTH="178" HEIGHT="46" WC="0.96" CONTENT="patienter"/><SP WIDTH="28" VPOS="354" HPOS="952"/>
							<String ID="string_28" HPOS="980" VPOS="354" WIDTH="119" HEIGHT="35" WC="0.96" CONTENT="kunde"/><SP WIDTH="25" VPOS="354" HPOS="1099"/>
							<String ID="string_29" HPOS="1124" VPOS="357" WIDTH="185" HEIGHT="46" WC="0.96" CONTENT="samtidigt"/><SP WIDTH="29" VPOS="357" HPOS="1309"/>
							<String ID="string_30" HPOS="1338" VPOS="358" WIDTH="123" HEIGHT="35" WC="0.96" CONTENT="vårdas"/><SP WIDTH="30" VPOS="358" HPOS="1461"/>
							<String ID="string_31" HPOS="1491" VPOS="360" WIDTH="44" HEIGHT="46" WC="0.96" CONTENT="på"/><SP WIDTH="29" VPOS="360" HPOS="1535"/>
							<String ID="string_32" HPOS="1564" VPOS="359" WIDTH="169" HEIGHT="36" WC="0.96" CONTENT="hemmet."/>
						</TextLine>
					</TextBlock>
					<TextBlock ID="block_2" HPOS="395" VPOS="404" WIDTH="1595" HEIGHT="570">
						<TextLine ID="line_3" HPOS="503" VPOS="404" WIDTH="1486" HEIGHT="55">
							<String ID="string_33" HPOS="503" VPOS="404" WIDTH="289" HEIGHT="36" WC="0.90" CONTENT="Sammanställer"/><SP WIDTH="28" VPOS="404" HPOS="792"/>
							<String ID="string_34" HPOS="820" VPOS="419" WIDTH="82" HEIGHT="22" WC="0.96" CONTENT="man"/><SP WIDTH="30" VPOS="419" HPOS="902"/>
							<String ID="string_35" HPOS="932" VPOS="408" WIDTH="192" HEIGHT="35" WC="0.96" CONTENT="sistnämda"/><SP WIDTH="30" VPOS="408" HPOS="1124"/>
							<String ID="string_36" HPOS="1154" VPOS="411" WIDTH="146" HEIGHT="46" WC="0.96" CONTENT="uppgift"/><SP WIDTH="28" VPOS="411" HPOS="1300"/>
							<String ID="string_37" HPOS="1328" VPOS="424" WIDTH="59" HEIGHT="22" WC="0.96" CONTENT="om"/><SP WIDTH="29" VPOS="424" HPOS="1387"/>
							<String ID="string_38" HPOS="1416" VPOS="414" WIDTH="198" HEIGHT="45" WC="0.91" CONTENT="utrymmet"/><SP WIDTH="24" VPOS="414" HPOS="1614"/>
							<String ID="string_39" HPOS="1638" VPOS="415" WIDTH="20" HEIGHT="33" WC="0.91" CONTENT="å"/><SP WIDTH="21" VPOS="415" HPOS="1658"/>
							<String ID="string_40" HPOS="1679" VPOS="414" WIDTH="208" HEIGHT="36" WC="0.90" CONTENT="Sans-Souci"/><SP WIDTH="21" VPOS="414" HPOS="1887"/>
							<String ID="string_41" HPOS="1908" VPOS="416" WIDTH="81" HEIGHT="35" WC="0.96" CONTENT="med"/>
						</TextLine>
						<TextLine ID="line_4" HPOS="397" VPOS="457" WIDTH="1591" HEIGHT="53">
							<String ID="string_42" HPOS="397" VPOS="457" WIDTH="42" HEIGHT="34" WC="0.96" CONTENT="de"/><SP WIDTH="28" VPOS="457" HPOS="439"/>
							<String ID="string_43" HPOS="467" VPOS="457" WIDTH="13" HEIGHT="34" WC="0.96" CONTENT="i"/><SP WIDTH="28" VPOS="457" HPOS="480"/>
							<String ID="string_44" HPOS="508" VPOS="457" WIDTH="108" HEIGHT="35" WC="0.93" CONTENT="förste"/><SP WIDTH="38" VPOS="457" HPOS="616"/>
							<String ID="string_45" HPOS="654" VPOS="459" WIDTH="353" HEIGHT="46" WC="0.90" CONTENT="provinsialläkarens"/><SP WIDTH="29" VPOS="459" HPOS="1007"/>
							<String ID="string_46" HPOS="1036" VPOS="462" WIDTH="12" HEIGHT="34" WC="0.96" CONTENT="i"/><SP WIDTH="25" VPOS="462" HPOS="1048"/>
							<String ID="string_47" HPOS="1073" VPOS="462" WIDTH="133" HEIGHT="48" WC="0.96" CONTENT="Upsala"/><SP WIDTH="36" VPOS="462" HPOS="1206"/>
							<String ID="string_48" HPOS="1242" VPOS="464" WIDTH="57" HEIGHT="34" WC="0.93" CONTENT="län"/><SP WIDTH="41" VPOS="464" HPOS="1299"/>
							<String ID="string_49" HPOS="1340" VPOS="465" WIDTH="244" HEIGHT="36" WC="0.82" CONTENT="årsberättelse"/><SP WIDTH="35" VPOS="465" HPOS="1584"/>
							<String ID="string_50" HPOS="1619" VPOS="467" WIDTH="54" HEIGHT="34" WC="0.96" CONTENT="för"/><SP WIDTH="28" VPOS="467" HPOS="1673"/>
							<String ID="string_51" HPOS="1701" VPOS="468" WIDTH="38" HEIGHT="34" WC="0.96" CONTENT="år"/><SP WIDTH="33" VPOS="468" HPOS="1739"/>
							<String ID="string_52" HPOS="1772" VPOS="469" WIDTH="98" HEIGHT="34" WC="0.93" CONTENT="1894"/><SP WIDTH="30" VPOS="469" HPOS="1870"/>
							<String ID="string_53" HPOS="1900" VPOS="469" WIDTH="88" HEIGHT="35" WC="0.90" CONTENT="lem-"/>
						</TextLine>
						<TextLine ID="line_5" HPOS="397" VPOS="510" WIDTH="1593" HEIGHT="57">
							<String ID="string_54" HPOS="397" VPOS="510" WIDTH="89" HEIGHT="35" WC="0.96" CONTENT="nade"/><SP WIDTH="29" VPOS="510" HPOS="486"/>
							<String ID="string_55" HPOS="515" VPOS="511" WIDTH="260" HEIGHT="48" WC="0.96" CONTENT="upplysningar"/><SP WIDTH="28" VPOS="511" HPOS="775"/>
							<String ID="string_56" HPOS="803" VPOS="514" WIDTH="182" HEIGHT="46" WC="0.96" CONTENT="angående"/><SP WIDTH="29" VPOS="514" HPOS="985"/>
							<String ID="string_57" HPOS="1014" VPOS="515" WIDTH="170" HEIGHT="46" WC="0.96" CONTENT="hemmet,"/><SP WIDTH="29" VPOS="515" HPOS="1184"/>
							<String ID="string_58" HPOS="1213" VPOS="529" WIDTH="105" HEIGHT="35" WC="0.96" CONTENT="synes"/><SP WIDTH="25" VPOS="529" HPOS="1318"/>
							<String ID="string_59" HPOS="1343" VPOS="531" WIDTH="81" HEIGHT="22" WC="0.96" CONTENT="man"/><SP WIDTH="24" VPOS="531" HPOS="1424"/>
							<String ID="string_60" HPOS="1448" VPOS="518" WIDTH="121" HEIGHT="36" WC="0.96" CONTENT="kunna"/><SP WIDTH="30" VPOS="518" HPOS="1569"/>
							<String ID="string_61" HPOS="1599" VPOS="522" WIDTH="140" HEIGHT="45" WC="0.96" CONTENT="antaga,"/><SP WIDTH="33" VPOS="522" HPOS="1739"/>
							<String ID="string_62" HPOS="1772" VPOS="523" WIDTH="54" HEIGHT="33" WC="0.93" CONTENT="att"/><SP WIDTH="28" VPOS="523" HPOS="1826"/>
							<String ID="string_63" HPOS="1854" VPOS="522" WIDTH="136" HEIGHT="36" WC="0.92" CONTENT="inemot"/>
						</TextLine>
						<TextLine ID="line_6" HPOS="401" VPOS="565" WIDTH="1586" HEIGHT="56">
							<String ID="string_64" HPOS="401" VPOS="565" WIDTH="15" HEIGHT="33" WC="0.51" CONTENT="1"/><SP WIDTH="33" VPOS="565" HPOS="416"/>
							<String ID="string_65" HPOS="449" VPOS="565" WIDTH="38" HEIGHT="33" WC="0.96" CONTENT="år"/><SP WIDTH="27" VPOS="565" HPOS="487"/>
							<String ID="string_66" HPOS="514" VPOS="565" WIDTH="102" HEIGHT="45" WC="0.94" CONTENT="åtgår"/><SP WIDTH="28" VPOS="565" HPOS="616"/>
							<String ID="string_67" HPOS="644" VPOS="565" WIDTH="12" HEIGHT="35" WC="0.96" CONTENT="i"/><SP WIDTH="28" VPOS="565" HPOS="656"/>
							<String ID="string_68" HPOS="684" VPOS="566" WIDTH="167" HEIGHT="35" WC="0.96" CONTENT="medeltal"/><SP WIDTH="29" VPOS="566" HPOS="851"/>
							<String ID="string_69" HPOS="880" VPOS="567" WIDTH="54" HEIGHT="35" WC="0.96" CONTENT="för"/><SP WIDTH="29" VPOS="567" HPOS="934"/>
							<String ID="string_70" HPOS="963" VPOS="580" WIDTH="43" HEIGHT="22" WC="0.96" CONTENT="en"/><SP WIDTH="17" VPOS="580" HPOS="1006"/>
							<String ID="string_71" HPOS="1023" VPOS="568" WIDTH="66" HEIGHT="35" WC="0.96" CONTENT="kur"/><SP WIDTH="24" VPOS="568" HPOS="1089"/>
							<String ID="string_72" HPOS="1113" VPOS="571" WIDTH="45" HEIGHT="45" WC="0.96" CONTENT="på"/><SP WIDTH="19" VPOS="571" HPOS="1158"/>
							<String ID="string_73" HPOS="1177" VPOS="570" WIDTH="127" HEIGHT="36" WC="0.96" CONTENT="stället."/><SP WIDTH="48" VPOS="570" HPOS="1304"/>
							<String ID="string_74" HPOS="1352" VPOS="571" WIDTH="187" HEIGHT="36" WC="0.95" CONTENT="Utskottet"/><SP WIDTH="21" VPOS="571" HPOS="1539"/>
							<String ID="string_75" HPOS="1560" VPOS="573" WIDTH="81" HEIGHT="35" WC="0.93" CONTENT="ville"/><SP WIDTH="16" VPOS="573" HPOS="1641"/>
							<String ID="string_76" HPOS="1657" VPOS="574" WIDTH="171" HEIGHT="47" WC="0.92" CONTENT="derjemte"/><SP WIDTH="18" VPOS="574" HPOS="1828"/>
							<String ID="string_77" HPOS="1846" VPOS="579" WIDTH="141" HEIGHT="40" WC="0.96" CONTENT="nämna,"/>
						</TextLine>
						<TextLine ID="line_7" HPOS="396" VPOS="618" WIDTH="1592" HEIGHT="57">
							<String ID="string_78" HPOS="396" VPOS="619" WIDTH="53" HEIGHT="33" WC="0.96" CONTENT="att"/><SP WIDTH="29" VPOS="619" HPOS="449"/>
							<String ID="string_79" HPOS="478" VPOS="618" WIDTH="157" HEIGHT="35" WC="0.93" CONTENT="hemmet"/><SP WIDTH="28" VPOS="618" HPOS="635"/>
							<String ID="string_80" HPOS="663" VPOS="619" WIDTH="207" HEIGHT="36" WC="0.91" CONTENT="Sans-Souci"/><SP WIDTH="29" VPOS="619" HPOS="870"/>
							<String ID="string_81" HPOS="899" VPOS="622" WIDTH="72" HEIGHT="33" WC="0.96" CONTENT="står"/><SP WIDTH="29" VPOS="622" HPOS="971"/>
							<String ID="string_82" HPOS="1000" VPOS="622" WIDTH="112" HEIGHT="35" WC="0.96" CONTENT="under"/><SP WIDTH="29" VPOS="622" HPOS="1112"/>
							<String ID="string_83" HPOS="1141" VPOS="623" WIDTH="122" HEIGHT="48" WC="0.96" CONTENT="tillsyn"/><SP WIDTH="26" VPOS="623" HPOS="1263"/>
							<String ID="string_84" HPOS="1289" VPOS="624" WIDTH="38" HEIGHT="35" WC="0.96" CONTENT="af"/><SP WIDTH="19" VPOS="624" HPOS="1327"/>
							<String ID="string_85" HPOS="1346" VPOS="625" WIDTH="228" HEIGHT="47" WC="0.93" CONTENT="Konungens"/><SP WIDTH="18" VPOS="625" HPOS="1574"/>
							<String ID="string_86" HPOS="1592" VPOS="627" WIDTH="396" HEIGHT="48" WC="0.92" CONTENT="befallningshafvande"/>
						</TextLine>
						<TextLine ID="line_8" HPOS="395" VPOS="670" WIDTH="1594" HEIGHT="60">
							<String ID="string_87" HPOS="395" VPOS="670" WIDTH="12" HEIGHT="34" WC="0.96" CONTENT="i"/><SP WIDTH="30" VPOS="670" HPOS="407"/>
							<String ID="string_88" HPOS="437" VPOS="670" WIDTH="133" HEIGHT="48" WC="0.96" CONTENT="Upsala"/><SP WIDTH="41" VPOS="670" HPOS="570"/>
							<String ID="string_89" HPOS="611" VPOS="671" WIDTH="55" HEIGHT="36" WC="0.96" CONTENT="län"/><SP WIDTH="46" VPOS="671" HPOS="666"/>
							<String ID="string_90" HPOS="712" VPOS="673" WIDTH="65" HEIGHT="34" WC="0.96" CONTENT="och"/><SP WIDTH="43" VPOS="673" HPOS="777"/>
							<String ID="string_91" HPOS="820" VPOS="674" WIDTH="221" HEIGHT="48" WC="0.96" CONTENT="vederbörlig"/><SP WIDTH="38" VPOS="674" HPOS="1041"/>
							<String ID="string_92" HPOS="1079" VPOS="676" WIDTH="130" HEIGHT="44" WC="0.96" CONTENT="läkare,"/><SP WIDTH="29" VPOS="676" HPOS="1209"/>
							<String ID="string_93" HPOS="1238" VPOS="680" WIDTH="94" HEIGHT="33" WC="0.96" CONTENT="samt"/><SP WIDTH="37" VPOS="680" HPOS="1332"/>
							<String ID="string_94" HPOS="1369" VPOS="680" WIDTH="54" HEIGHT="33" WC="0.96" CONTENT="att"/><SP WIDTH="28" VPOS="680" HPOS="1423"/>
							<String ID="string_95" HPOS="1451" VPOS="679" WIDTH="67" HEIGHT="35" WC="0.96" CONTENT="den"/><SP WIDTH="31" VPOS="679" HPOS="1518"/>
							<String ID="string_96" HPOS="1549" VPOS="679" WIDTH="54" HEIGHT="35" WC="0.96" CONTENT="för"/><SP WIDTH="28" VPOS="679" HPOS="1603"/>
							<String ID="string_97" HPOS="1631" VPOS="681" WIDTH="176" HEIGHT="35" WC="0.96" CONTENT="hemmets"/><SP WIDTH="28" VPOS="681" HPOS="1807"/>
							<String ID="string_98" HPOS="1835" VPOS="682" WIDTH="154" HEIGHT="48" WC="0.96" CONTENT="räkning"/>
						</TextLine>
						<TextLine ID="line_9" HPOS="395" VPOS="724" WIDTH="1595" HEIGHT="59">
							<String ID="string_99" HPOS="395" VPOS="724" WIDTH="221" HEIGHT="35" WC="0.92" CONTENT="förvärfvade"/><SP WIDTH="34" VPOS="724" HPOS="616"/>
							<String ID="string_100" HPOS="650" VPOS="725" WIDTH="231" HEIGHT="47" WC="0.96" CONTENT="lägenhetens"/><SP WIDTH="39" VPOS="725" HPOS="881"/>
							<String ID="string_101" HPOS="920" VPOS="728" WIDTH="92" HEIGHT="35" WC="0.96" CONTENT="areal"/><SP WIDTH="36" VPOS="728" HPOS="1012"/>
							<String ID="string_102" HPOS="1048" VPOS="729" WIDTH="50" HEIGHT="35" WC="0.96" CONTENT="lär"/><SP WIDTH="41" VPOS="729" HPOS="1098"/>
							<String ID="string_103" HPOS="1139" VPOS="742" WIDTH="80" HEIGHT="23" WC="0.96" CONTENT="vara"/><SP WIDTH="33" VPOS="742" HPOS="1219"/>
							<String ID="string_104" HPOS="1252" VPOS="731" WIDTH="122" HEIGHT="43" WC="0.96" CONTENT="sådan,"/><SP WIDTH="30" VPOS="731" HPOS="1374"/>
							<String ID="string_105" HPOS="1404" VPOS="734" WIDTH="54" HEIGHT="33" WC="0.96" CONTENT="att"/><SP WIDTH="27" VPOS="734" HPOS="1458"/>
							<String ID="string_106" HPOS="1485" VPOS="733" WIDTH="68" HEIGHT="34" WC="0.95" CONTENT="den"/><SP WIDTH="29" VPOS="733" HPOS="1553"/>
							<String ID="string_107" HPOS="1582" VPOS="733" WIDTH="134" HEIGHT="36" WC="0.95" CONTENT="tillåter"/><SP WIDTH="28" VPOS="733" HPOS="1716"/>
							<String ID="string_108" HPOS="1744" VPOS="747" WIDTH="42" HEIGHT="22" WC="0.96" CONTENT="en"/><SP WIDTH="31" VPOS="747" HPOS="1786"/>
							<String ID="string_109" HPOS="1817" VPOS="737" WIDTH="173" HEIGHT="46" WC="0.96" CONTENT="utvidgad"/>
						</TextLine>
						<TextLine ID="line_10" HPOS="395" VPOS="777" WIDTH="1595" HEIGHT="58">
							<String ID="string_110" HPOS="395" VPOS="777" WIDTH="236" HEIGHT="36" WC="0.95" CONTENT="verksamhet."/><SP WIDTH="58" VPOS="777" HPOS="631"/>
							<String ID="string_111" HPOS="689" VPOS="779" WIDTH="127" HEIGHT="47" WC="0.91" CONTENT="Enligt"/><SP WIDTH="37" VPOS="779" HPOS="816"/>
							<String ID="string_112" HPOS="853" VPOS="781" WIDTH="94" HEIGHT="35" WC="0.96" CONTENT="hvad"/><SP WIDTH="39" VPOS="781" HPOS="947"/>
							<String ID="string_113" HPOS="986" VPOS="782" WIDTH="176" HEIGHT="36" WC="0.95" CONTENT="utskottet"/><SP WIDTH="36" VPOS="782" HPOS="1162"/>
							<String ID="string_114" HPOS="1198" VPOS="784" WIDTH="105" HEIGHT="35" WC="0.93" CONTENT="äfven"/><SP WIDTH="39" VPOS="784" HPOS="1303"/>
							<String ID="string_115" HPOS="1342" VPOS="785" WIDTH="223" HEIGHT="43" WC="0.91" CONTENT="förnummit,"/><SP WIDTH="40" VPOS="785" HPOS="1565"/>
							<String ID="string_116" HPOS="1605" VPOS="790" WIDTH="38" HEIGHT="32" WC="0.93" CONTENT="är"/><SP WIDTH="33" VPOS="790" HPOS="1643"/>
							<String ID="string_117" HPOS="1676" VPOS="788" WIDTH="224" HEIGHT="47" WC="0.92" CONTENT="dagafgiften"/><SP WIDTH="35" VPOS="788" HPOS="1900"/>
							<String ID="string_118" HPOS="1935" VPOS="791" WIDTH="55" HEIGHT="33" WC="0.96" CONTENT="för"/>
						</TextLine>
						<TextLine ID="line_11" HPOS="395" VPOS="831" WIDTH="1594" HEIGHT="53">
							<String ID="string_119" HPOS="395" VPOS="831" WIDTH="176" HEIGHT="47" WC="0.96" CONTENT="patienter"/><SP WIDTH="32" VPOS="831" HPOS="571"/>
							<String ID="string_120" HPOS="603" VPOS="834" WIDTH="20" HEIGHT="33" WC="0.96" CONTENT="2"/><SP WIDTH="31" VPOS="834" HPOS="623"/>
							<String ID="string_121" HPOS="654" VPOS="832" WIDTH="130" HEIGHT="36" WC="0.95" CONTENT="kronor"/><SP WIDTH="27" VPOS="832" HPOS="784"/>
							<String ID="string_122" HPOS="811" VPOS="847" WIDTH="43" HEIGHT="34" WC="0.96" CONTENT="pr"/><SP WIDTH="28" VPOS="847" HPOS="854"/>
							<String ID="string_123" HPOS="882" VPOS="835" WIDTH="79" HEIGHT="47" WC="0.88" CONTENT="dag."/><SP WIDTH="58" VPOS="835" HPOS="961"/>
							<String ID="string_124" HPOS="1019" VPOS="836" WIDTH="113" HEIGHT="35" WC="0.88" CONTENT="Deraf"/><SP WIDTH="28" VPOS="836" HPOS="1132"/>
							<String ID="string_125" HPOS="1160" VPOS="837" WIDTH="103" HEIGHT="47" WC="0.96" CONTENT="följer"/><SP WIDTH="31" VPOS="837" HPOS="1263"/>
							<String ID="string_126" HPOS="1294" VPOS="839" WIDTH="186" HEIGHT="44" WC="0.96" CONTENT="måhända,"/><SP WIDTH="30" VPOS="839" HPOS="1480"/>
							<String ID="string_127" HPOS="1510" VPOS="842" WIDTH="64" HEIGHT="38" WC="0.96" CONTENT="att,"/><SP WIDTH="32" VPOS="842" HPOS="1574"/>
							<String ID="string_128" HPOS="1606" VPOS="853" WIDTH="57" HEIGHT="22" WC="0.93" CONTENT="om"/><SP WIDTH="31" VPOS="853" HPOS="1663"/>
							<String ID="string_129" HPOS="1694" VPOS="842" WIDTH="195" HEIGHT="35" WC="0.91" CONTENT="anstaltens"/><SP WIDTH="20" VPOS="842" HPOS="1889"/>
							<String ID="string_130" HPOS="1909" VPOS="843" WIDTH="80" HEIGHT="35" WC="0.93" CONTENT="eko-"/>
						</TextLine>
						<TextLine ID="line_12" HPOS="395" VPOS="884" WIDTH="1594" HEIGHT="50">
							<String ID="string_131" HPOS="395" VPOS="885" WIDTH="98" HEIGHT="34" WC="0.89" CONTENT="nomi"/><SP WIDTH="32" VPOS="885" HPOS="493"/>
							<String ID="string_132" HPOS="525" VPOS="884" WIDTH="114" HEIGHT="36" WC="0.92" CONTENT="tilläte"/><SP WIDTH="40" VPOS="884" HPOS="639"/>
							<String ID="string_133" HPOS="679" VPOS="888" WIDTH="54" HEIGHT="33" WC="0.93" CONTENT="att"/><SP WIDTH="38" VPOS="888" HPOS="733"/>
							<String ID="string_134" HPOS="771" VPOS="887" WIDTH="155" HEIGHT="47" WC="0.92" CONTENT="afgiften"/><SP WIDTH="38" VPOS="887" HPOS="926"/>
							<String ID="string_135" HPOS="964" VPOS="888" WIDTH="189" HEIGHT="45" WC="0.42" CONTENT="nedsattes,"/><SP WIDTH="31" VPOS="888" HPOS="1153"/>
							<String ID="string_136" HPOS="1184" VPOS="890" WIDTH="114" HEIGHT="36" WC="0.96" CONTENT="skulle"/><SP WIDTH="34" VPOS="890" HPOS="1298"/>
							<String ID="string_137" HPOS="1332" VPOS="893" WIDTH="53" HEIGHT="34" WC="0.96" CONTENT="ett"/><SP WIDTH="29" VPOS="893" HPOS="1385"/>
							<String ID="string_138" HPOS="1414" VPOS="892" WIDTH="79" HEIGHT="36" WC="0.96" CONTENT="vida"/><SP WIDTH="28" VPOS="892" HPOS="1493"/>
							<String ID="string_139" HPOS="1521" VPOS="896" WIDTH="111" HEIGHT="33" WC="0.96" CONTENT="större"/><SP WIDTH="29" VPOS="896" HPOS="1632"/>
							<String ID="string_140" HPOS="1661" VPOS="895" WIDTH="96" HEIGHT="35" WC="0.96" CONTENT="antal"/><SP WIDTH="29" VPOS="895" HPOS="1757"/>
							<String ID="string_141" HPOS="1786" VPOS="898" WIDTH="44" HEIGHT="32" WC="0.96" CONTENT="än"/><SP WIDTH="30" VPOS="898" HPOS="1830"/>
							<String ID="string_142" HPOS="1860" VPOS="896" WIDTH="129" HEIGHT="36" WC="0.95" CONTENT="hittills"/>
						</TextLine>
						<TextLine ID="line_13" HPOS="396" VPOS="937" WIDTH="261" HEIGHT="37">
							<String ID="string_143" HPOS="396" VPOS="937" WIDTH="84" HEIGHT="35" WC="0.96" CONTENT="söka"/><SP WIDTH="28" VPOS="937" HPOS="480"/>
							<String ID="string_144" HPOS="508" VPOS="938" WIDTH="149" HEIGHT="36" WC="0.96" CONTENT="inträde."/>
						</TextLine>
					</TextBlock>
					<TextBlock ID="block_3" HPOS="392" VPOS="992" WIDTH="1599" HEIGHT="480">
						<TextLine ID="line_14" HPOS="500" VPOS="992" WIDTH="1491" HEIGHT="58">
							<String ID="string_145" HPOS="500" VPOS="992" WIDTH="109" HEIGHT="34" WC="0.91" CONTENT="Huru"/><SP WIDTH="36" VPOS="992" HPOS="609"/>
							<String ID="string_146" HPOS="645" VPOS="993" WIDTH="212" HEIGHT="48" WC="0.91" CONTENT="otillräcklig"/><SP WIDTH="29" VPOS="993" HPOS="857"/>
							<String ID="string_147" HPOS="886" VPOS="995" WIDTH="115" HEIGHT="35" WC="0.96" CONTENT="denna"/><SP WIDTH="28" VPOS="995" HPOS="1001"/>
							<String ID="string_148" HPOS="1029" VPOS="997" WIDTH="132" HEIGHT="34" WC="0.96" CONTENT="anstalt"/><SP WIDTH="27" VPOS="997" HPOS="1161"/>
							<String ID="string_149" HPOS="1188" VPOS="1000" WIDTH="37" HEIGHT="32" WC="0.96" CONTENT="är"/><SP WIDTH="27" VPOS="1000" HPOS="1225"/>
							<String ID="string_150" HPOS="1252" VPOS="998" WIDTH="11" HEIGHT="34" WC="0.96" CONTENT="i"/><SP WIDTH="29" VPOS="998" HPOS="1263"/>
							<String ID="string_151" HPOS="1292" VPOS="999" WIDTH="55" HEIGHT="34" WC="0.96" CONTENT="sin"/><SP WIDTH="25" VPOS="999" HPOS="1347"/>
							<String ID="string_152" HPOS="1372" VPOS="1000" WIDTH="203" HEIGHT="35" WC="0.96" CONTENT="nuvarande"/><SP WIDTH="30" VPOS="1000" HPOS="1575"/>
							<String ID="string_153" HPOS="1605" VPOS="1002" WIDTH="221" HEIGHT="48" WC="0.96" CONTENT="omfattning"/><SP WIDTH="29" VPOS="1002" HPOS="1826"/>
							<String ID="string_154" HPOS="1855" VPOS="1004" WIDTH="54" HEIGHT="35" WC="0.96" CONTENT="för"/><SP WIDTH="28" VPOS="1004" HPOS="1909"/>
							<String ID="string_155" HPOS="1937" VPOS="1006" WIDTH="54" HEIGHT="33" WC="0.96" CONTENT="att"/>
						</TextLine>
						<TextLine ID="line_15" HPOS="394" VPOS="1044" WIDTH="1595" HEIGHT="59">
							<String ID="string_156" HPOS="394" VPOS="1044" WIDTH="163" HEIGHT="48" WC="0.93" CONTENT="uppfylla"/><SP WIDTH="27" VPOS="1044" HPOS="557"/>
							<String ID="string_157" HPOS="584" VPOS="1046" WIDTH="169" HEIGHT="36" WC="0.92" CONTENT="behofvet"/><SP WIDTH="28" VPOS="1046" HPOS="753"/>
							<String ID="string_158" HPOS="781" VPOS="1048" WIDTH="37" HEIGHT="34" WC="0.96" CONTENT="af"/><SP WIDTH="27" VPOS="1048" HPOS="818"/>
							<String ID="string_159" HPOS="845" VPOS="1048" WIDTH="168" HEIGHT="46" WC="0.96" CONTENT="sjukvård"/><SP WIDTH="30" VPOS="1048" HPOS="1013"/>
							<String ID="string_160" HPOS="1043" VPOS="1050" WIDTH="55" HEIGHT="34" WC="0.96" CONTENT="för"/><SP WIDTH="27" VPOS="1050" HPOS="1098"/>
							<String ID="string_161" HPOS="1125" VPOS="1050" WIDTH="141" HEIGHT="45" WC="0.95" CONTENT="sådana,"/><SP WIDTH="31" VPOS="1050" HPOS="1266"/>
							<String ID="string_162" HPOS="1297" VPOS="1063" WIDTH="76" HEIGHT="24" WC="0.96" CONTENT="som"/><SP WIDTH="23" VPOS="1063" HPOS="1373"/>
							<String ID="string_163" HPOS="1396" VPOS="1053" WIDTH="84" HEIGHT="46" WC="0.96" CONTENT="vilja"/><SP WIDTH="20" VPOS="1053" HPOS="1480"/>
							<String ID="string_164" HPOS="1500" VPOS="1054" WIDTH="66" HEIGHT="35" WC="0.96" CONTENT="och"/><SP WIDTH="20" VPOS="1054" HPOS="1566"/>
							<String ID="string_165" HPOS="1586" VPOS="1054" WIDTH="121" HEIGHT="36" WC="0.96" CONTENT="kunna"/><SP WIDTH="21" VPOS="1054" HPOS="1707"/>
							<String ID="string_166" HPOS="1728" VPOS="1056" WIDTH="162" HEIGHT="47" WC="0.93" CONTENT="begagna"/><SP WIDTH="20" VPOS="1056" HPOS="1890"/>
							<String ID="string_167" HPOS="1910" VPOS="1058" WIDTH="79" HEIGHT="34" WC="0.92" CONTENT="den-"/>
						</TextLine>
						<TextLine ID="line_16" HPOS="393" VPOS="1099" WIDTH="1595" HEIGHT="50">
							<String ID="string_168" HPOS="393" VPOS="1110" WIDTH="145" HEIGHT="31" WC="0.93" CONTENT="samma,"/><SP WIDTH="39" VPOS="1110" HPOS="538"/>
							<String ID="string_169" HPOS="577" VPOS="1099" WIDTH="215" HEIGHT="48" WC="0.90" CONTENT="ådagalägga"/><SP WIDTH="39" VPOS="1099" HPOS="792"/>
							<String ID="string_170" HPOS="831" VPOS="1102" WIDTH="107" HEIGHT="34" WC="0.95" CONTENT="ofvan"/><SP WIDTH="40" VPOS="1102" HPOS="938"/>
							<String ID="string_171" HPOS="978" VPOS="1103" WIDTH="124" HEIGHT="46" WC="0.83" CONTENT="gjorda"/><SP WIDTH="39" VPOS="1103" HPOS="1102"/>
							<String ID="string_172" HPOS="1141" VPOS="1104" WIDTH="267" HEIGHT="37" WC="0.37" CONTENT="meddelanden."/><SP WIDTH="58" VPOS="1104" HPOS="1408"/>
							<String ID="string_173" HPOS="1466" VPOS="1106" WIDTH="75" HEIGHT="36" WC="0.91" CONTENT="Och"/><SP WIDTH="40" VPOS="1106" HPOS="1541"/>
							<String ID="string_174" HPOS="1581" VPOS="1111" WIDTH="42" HEIGHT="32" WC="0.94" CONTENT="än"/><SP WIDTH="31" VPOS="1111" HPOS="1623"/>
							<String ID="string_175" HPOS="1654" VPOS="1121" WIDTH="75" HEIGHT="22" WC="0.96" CONTENT="mer"/><SP WIDTH="29" VPOS="1121" HPOS="1729"/>
							<String ID="string_176" HPOS="1758" VPOS="1110" WIDTH="115" HEIGHT="35" WC="0.96" CONTENT="finner"/><SP WIDTH="34" VPOS="1110" HPOS="1873"/>
							<String ID="string_177" HPOS="1907" VPOS="1124" WIDTH="81" HEIGHT="22" WC="0.96" CONTENT="man"/>
						</TextLine>
						<TextLine ID="line_17" HPOS="393" VPOS="1151" WIDTH="1596" HEIGHT="57">
							<String ID="string_178" HPOS="393" VPOS="1151" WIDTH="98" HEIGHT="35" WC="0.96" CONTENT="detta"/><SP WIDTH="28" VPOS="1151" HPOS="491"/>
							<String ID="string_179" HPOS="519" VPOS="1152" WIDTH="58" HEIGHT="35" WC="0.96" CONTENT="vid"/><SP WIDTH="29" VPOS="1152" HPOS="577"/>
							<String ID="string_180" HPOS="606" VPOS="1153" WIDTH="133" HEIGHT="35" WC="0.96" CONTENT="tanken"/><SP WIDTH="26" VPOS="1153" HPOS="739"/>
							<String ID="string_181" HPOS="765" VPOS="1155" WIDTH="44" HEIGHT="46" WC="0.95" CONTENT="på"/><SP WIDTH="29" VPOS="1155" HPOS="809"/>
							<String ID="string_182" HPOS="838" VPOS="1155" WIDTH="61" HEIGHT="35" WC="0.96" CONTENT="det"/><SP WIDTH="28" VPOS="1155" HPOS="899"/>
							<String ID="string_183" HPOS="927" VPOS="1157" WIDTH="93" HEIGHT="34" WC="0.96" CONTENT="stora"/><SP WIDTH="23" VPOS="1157" HPOS="1020"/>
							<String ID="string_184" HPOS="1043" VPOS="1157" WIDTH="97" HEIGHT="40" WC="0.95" CONTENT="antal"/><SP WIDTH="23" VPOS="1157" HPOS="1140"/>
							<String ID="string_185" HPOS="1163" VPOS="1157" WIDTH="243" HEIGHT="46" WC="0.96" CONTENT="alkoholister,"/><SP WIDTH="21" VPOS="1157" HPOS="1406"/>
							<String ID="string_186" HPOS="1427" VPOS="1172" WIDTH="75" HEIGHT="23" WC="0.96" CONTENT="som"/><SP WIDTH="25" VPOS="1172" HPOS="1502"/>
							<String ID="string_187" HPOS="1527" VPOS="1162" WIDTH="31" HEIGHT="46" WC="0.96" CONTENT="ej"/><SP WIDTH="28" VPOS="1162" HPOS="1558"/>
							<String ID="string_188" HPOS="1586" VPOS="1161" WIDTH="122" HEIGHT="36" WC="0.96" CONTENT="kunna"/><SP WIDTH="23" VPOS="1161" HPOS="1708"/>
							<String ID="string_189" HPOS="1731" VPOS="1163" WIDTH="84" HEIGHT="35" WC="0.93" CONTENT="söka"/><SP WIDTH="22" VPOS="1163" HPOS="1815"/>
							<String ID="string_190" HPOS="1837" VPOS="1164" WIDTH="152" HEIGHT="36" WC="0.92" CONTENT="behand-"/>
						</TextLine>
						<TextLine ID="line_18" HPOS="393" VPOS="1204" WIDTH="1597" HEIGHT="59">
							<String ID="string_191" HPOS="393" VPOS="1204" WIDTH="87" HEIGHT="45" WC="0.93" CONTENT="ling,"/><SP WIDTH="28" VPOS="1204" HPOS="480"/>
							<String ID="string_192" HPOS="508" VPOS="1205" WIDTH="117" HEIGHT="36" WC="0.92" CONTENT="derest"/><SP WIDTH="28" VPOS="1205" HPOS="625"/>
							<String ID="string_193" HPOS="653" VPOS="1207" WIDTH="30" HEIGHT="46" WC="0.96" CONTENT="ej"/><SP WIDTH="26" VPOS="1207" HPOS="683"/>
							<String ID="string_194" HPOS="709" VPOS="1207" WIDTH="198" HEIGHT="36" WC="0.93" CONTENT="kostnaden"/><SP WIDTH="31" VPOS="1207" HPOS="907"/>
							<String ID="string_195" HPOS="938" VPOS="1209" WIDTH="127" HEIGHT="35" WC="0.92" CONTENT="blifver"/><SP WIDTH="29" VPOS="1209" HPOS="1065"/>
							<String ID="string_196" HPOS="1094" VPOS="1210" WIDTH="159" HEIGHT="47" WC="0.96" CONTENT="billigare"/><SP WIDTH="29" VPOS="1210" HPOS="1253"/>
							<String ID="string_197" HPOS="1282" VPOS="1215" WIDTH="44" HEIGHT="31" WC="0.93" CONTENT="än"/><SP WIDTH="29" VPOS="1215" HPOS="1326"/>
							<String ID="string_198" HPOS="1355" VPOS="1214" WIDTH="20" HEIGHT="33" WC="0.90" CONTENT="å"/><SP WIDTH="29" VPOS="1214" HPOS="1375"/>
							<String ID="string_199" HPOS="1404" VPOS="1214" WIDTH="153" HEIGHT="35" WC="0.95" CONTENT="nämnda"/><SP WIDTH="29" VPOS="1214" HPOS="1557"/>
							<String ID="string_200" HPOS="1586" VPOS="1215" WIDTH="141" HEIGHT="35" WC="0.96" CONTENT="anstalt."/><SP WIDTH="57" VPOS="1215" HPOS="1727"/>
							<String ID="string_201" HPOS="1784" VPOS="1217" WIDTH="139" HEIGHT="46" WC="0.95" CONTENT="Frågan"/><SP WIDTH="30" VPOS="1217" HPOS="1923"/>
							<String ID="string_202" HPOS="1953" VPOS="1221" WIDTH="37" HEIGHT="32" WC="0.96" CONTENT="är"/>
						</TextLine>
						<TextLine ID="line_19" HPOS="392" VPOS="1258" WIDTH="1597" HEIGHT="54">
							<String ID="string_203" HPOS="392" VPOS="1258" WIDTH="164" HEIGHT="35" WC="0.92" CONTENT="särskildt"/><SP WIDTH="29" VPOS="1258" HPOS="556"/>
							<String ID="string_204" HPOS="585" VPOS="1260" WIDTH="291" HEIGHT="47" WC="0.90" CONTENT="behjertansvärd"/><SP WIDTH="38" VPOS="1260" HPOS="876"/>
							<String ID="string_205" HPOS="914" VPOS="1262" WIDTH="76" HEIGHT="35" WC="0.96" CONTENT="från"/><SP WIDTH="30" VPOS="1262" HPOS="990"/>
							<String ID="string_206" HPOS="1020" VPOS="1263" WIDTH="68" HEIGHT="35" WC="0.96" CONTENT="den"/><SP WIDTH="31" VPOS="1263" HPOS="1088"/>
							<String ID="string_207" HPOS="1119" VPOS="1265" WIDTH="244" HEIGHT="47" WC="0.96" CONTENT="synpunkten,"/><SP WIDTH="31" VPOS="1265" HPOS="1363"/>
							<String ID="string_208" HPOS="1394" VPOS="1268" WIDTH="53" HEIGHT="34" WC="0.97" CONTENT="att"/><SP WIDTH="28" VPOS="1268" HPOS="1447"/>
							<String ID="string_209" HPOS="1475" VPOS="1268" WIDTH="60" HEIGHT="34" WC="0.96" CONTENT="det"/><SP WIDTH="27" VPOS="1268" HPOS="1535"/>
							<String ID="string_210" HPOS="1562" VPOS="1271" WIDTH="37" HEIGHT="32" WC="0.96" CONTENT="är"/><SP WIDTH="29" VPOS="1271" HPOS="1599"/>
							<String ID="string_211" HPOS="1628" VPOS="1271" WIDTH="53" HEIGHT="33" WC="0.96" CONTENT="ett"/><SP WIDTH="23" VPOS="1271" HPOS="1681"/>
							<String ID="string_212" HPOS="1704" VPOS="1270" WIDTH="37" HEIGHT="34" WC="0.93" CONTENT="af"/><SP WIDTH="26" VPOS="1270" HPOS="1741"/>
							<String ID="string_213" HPOS="1767" VPOS="1270" WIDTH="144" HEIGHT="36" WC="0.91" CONTENT="läkarne"/><SP WIDTH="29" VPOS="1270" HPOS="1911"/>
							<String ID="string_214" HPOS="1940" VPOS="1284" WIDTH="49" HEIGHT="22" WC="0.91" CONTENT="er-"/>
						</TextLine>
						<TextLine ID="line_20" HPOS="393" VPOS="1311" WIDTH="1595" HEIGHT="59">
							<String ID="string_215" HPOS="393" VPOS="1311" WIDTH="111" HEIGHT="36" WC="0.94" CONTENT="kändt"/><SP WIDTH="37" VPOS="1311" HPOS="504"/>
							<String ID="string_216" HPOS="541" VPOS="1312" WIDTH="230" HEIGHT="46" WC="0.94" CONTENT="förhållande,"/><SP WIDTH="32" VPOS="1312" HPOS="771"/>
							<String ID="string_217" HPOS="803" VPOS="1314" WIDTH="62" HEIGHT="48" WC="0.1" CONTENT="att"/><SP WIDTH="28" VPOS="1314" HPOS="865"/>
							<String ID="string_218" HPOS="893" VPOS="1316" WIDTH="211" HEIGHT="35" WC="0.94" CONTENT="alkoholism"/><SP WIDTH="29" VPOS="1316" HPOS="1104"/>
							<String ID="string_219" HPOS="1133" VPOS="1319" WIDTH="31" HEIGHT="45" WC="0.95" CONTENT="ej"/><SP WIDTH="31" VPOS="1319" HPOS="1164"/>
							<String ID="string_220" HPOS="1195" VPOS="1318" WIDTH="100" HEIGHT="35" WC="0.95" CONTENT="alltid"/><SP WIDTH="24" VPOS="1318" HPOS="1295"/>
							<String ID="string_221" HPOS="1319" VPOS="1322" WIDTH="37" HEIGHT="32" WC="0.96" CONTENT="är"/><SP WIDTH="29" VPOS="1322" HPOS="1356"/>
							<String ID="string_222" HPOS="1385" VPOS="1332" WIDTH="56" HEIGHT="31" WC="0.96" CONTENT="en,"/><SP WIDTH="30" VPOS="1332" HPOS="1441"/>
							<String ID="string_223" HPOS="1471" VPOS="1321" WIDTH="94" HEIGHT="35" WC="0.96" CONTENT="blott"/><SP WIDTH="28" VPOS="1321" HPOS="1565"/>
							<String ID="string_224" HPOS="1593" VPOS="1335" WIDTH="128" HEIGHT="34" WC="0.95" CONTENT="genom"/><SP WIDTH="31" VPOS="1335" HPOS="1721"/>
							<String ID="string_225" HPOS="1752" VPOS="1335" WIDTH="89" HEIGHT="35" WC="0.96" CONTENT="egen"/><SP WIDTH="30" VPOS="1335" HPOS="1841"/>
							<String ID="string_226" HPOS="1871" VPOS="1325" WIDTH="117" HEIGHT="44" WC="0.96" CONTENT="skuld,"/>
						</TextLine>
						<TextLine ID="line_21" HPOS="392" VPOS="1365" WIDTH="1598" HEIGHT="59">
							<String ID="string_227" HPOS="392" VPOS="1365" WIDTH="150" HEIGHT="47" WC="0.87" CONTENT="ådragen"/><SP WIDTH="33" VPOS="1365" HPOS="542"/>
							<String ID="string_228" HPOS="575" VPOS="1367" WIDTH="178" HEIGHT="46" WC="0.96" CONTENT="sjukdom,"/><SP WIDTH="32" VPOS="1367" HPOS="753"/>
							<String ID="string_229" HPOS="785" VPOS="1370" WIDTH="86" HEIGHT="33" WC="0.96" CONTENT="utan"/><SP WIDTH="30" VPOS="1370" HPOS="871"/>
							<String ID="string_230" HPOS="901" VPOS="1370" WIDTH="282" HEIGHT="35" WC="0.96" CONTENT="understundom"/><SP WIDTH="39" VPOS="1370" HPOS="1183"/>
							<String ID="string_231" HPOS="1222" VPOS="1373" WIDTH="157" HEIGHT="45" WC="0.95" CONTENT="grundar"/><SP WIDTH="37" VPOS="1373" HPOS="1379"/>
							<String ID="string_232" HPOS="1416" VPOS="1374" WIDTH="54" HEIGHT="46" WC="0.96" CONTENT="sig"/><SP WIDTH="34" VPOS="1374" HPOS="1470"/>
							<String ID="string_233" HPOS="1504" VPOS="1376" WIDTH="45" HEIGHT="46" WC="0.93" CONTENT="på"/><SP WIDTH="29" VPOS="1376" HPOS="1549"/>
							<String ID="string_234" HPOS="1578" VPOS="1376" WIDTH="169" HEIGHT="35" WC="0.86" CONTENT="nedärfda"/><SP WIDTH="24" VPOS="1376" HPOS="1747"/>
							<String ID="string_235" HPOS="1771" VPOS="1377" WIDTH="106" HEIGHT="47" WC="0.91" CONTENT="anlag"/><SP WIDTH="29" VPOS="1377" HPOS="1877"/>
							<String ID="string_236" HPOS="1906" VPOS="1378" WIDTH="84" HEIGHT="35" WC="0.91" CONTENT="eller"/>
						</TextLine>
						<TextLine ID="line_22" HPOS="393" VPOS="1419" WIDTH="955" HEIGHT="53">
							<String ID="string_237" HPOS="393" VPOS="1419" WIDTH="94" HEIGHT="34" WC="0.96" CONTENT="hvad"/><SP WIDTH="28" VPOS="1419" HPOS="487"/>
							<String ID="string_238" HPOS="515" VPOS="1432" WIDTH="82" HEIGHT="22" WC="0.96" CONTENT="man"/><SP WIDTH="34" VPOS="1432" HPOS="597"/>
							<String ID="string_239" HPOS="631" VPOS="1420" WIDTH="111" HEIGHT="35" WC="0.96" CONTENT="kallar"/><SP WIDTH="27" VPOS="1420" HPOS="742"/>
							<String ID="string_240" HPOS="769" VPOS="1422" WIDTH="168" HEIGHT="36" WC="0.95" CONTENT="medfödd"/><SP WIDTH="28" VPOS="1422" HPOS="937"/>
							<String ID="string_241" HPOS="965" VPOS="1423" WIDTH="135" HEIGHT="48" WC="0.95" CONTENT="sjuklig"/><SP WIDTH="27" VPOS="1423" HPOS="1100"/>
							<String ID="string_242" HPOS="1127" VPOS="1424" WIDTH="221" HEIGHT="48" WC="0.96" CONTENT="disposition."/>
						</TextLine>
					</TextBlock>
					<TextBlock ID="block_4" HPOS="392" VPOS="1472" WIDTH="1598" HEIGHT="624">
						<TextLine ID="line_23" HPOS="502" VPOS="1472" WIDTH="1486" HEIGHT="60">
							<String ID="string_243" HPOS="502" VPOS="1472" WIDTH="202" HEIGHT="45" WC="0.95" CONTENT="Utskottet,"/><SP WIDTH="30" VPOS="1472" HPOS="704"/>
							<String ID="string_244" HPOS="734" VPOS="1486" WIDTH="74" HEIGHT="24" WC="0.96" CONTENT="som"/><SP WIDTH="31" VPOS="1486" HPOS="808"/>
							<String ID="string_245" HPOS="839" VPOS="1476" WIDTH="78" HEIGHT="35" WC="0.96" CONTENT="icke"/><SP WIDTH="29" VPOS="1476" HPOS="917"/>
							<String ID="string_246" HPOS="946" VPOS="1476" WIDTH="67" HEIGHT="35" WC="0.96" CONTENT="kan"/><SP WIDTH="31" VPOS="1476" HPOS="1013"/>
							<String ID="string_247" HPOS="1044" VPOS="1477" WIDTH="78" HEIGHT="35" WC="0.93" CONTENT="dela"/><SP WIDTH="30" VPOS="1477" HPOS="1122"/>
							<String ID="string_248" HPOS="1152" VPOS="1479" WIDTH="239" HEIGHT="36" WC="0.92" CONTENT="motionärens"/><SP WIDTH="28" VPOS="1479" HPOS="1391"/>
							<String ID="string_249" HPOS="1419" VPOS="1481" WIDTH="93" HEIGHT="47" WC="0.91" CONTENT="åsigt"/><SP WIDTH="19" VPOS="1481" HPOS="1512"/>
							<String ID="string_250" HPOS="1531" VPOS="1483" WIDTH="183" HEIGHT="46" WC="0.96" CONTENT="angående"/><SP WIDTH="17" VPOS="1483" HPOS="1714"/>
							<String ID="string_251" HPOS="1731" VPOS="1483" WIDTH="257" HEIGHT="49" WC="0.96" CONTENT="lämpligheten"/>
						</TextLine>
						<TextLine ID="line_24" HPOS="393" VPOS="1526" WIDTH="1594" HEIGHT="55">
							<String ID="string_252" HPOS="393" VPOS="1526" WIDTH="66" HEIGHT="35" WC="0.92" CONTENT="och"/><SP WIDTH="25" VPOS="1526" HPOS="459"/>
							<String ID="string_253" HPOS="484" VPOS="1526" WIDTH="171" HEIGHT="36" WC="0.92" CONTENT="behofvet"/><SP WIDTH="24" VPOS="1526" HPOS="655"/>
							<String ID="string_254" HPOS="679" VPOS="1529" WIDTH="52" HEIGHT="34" WC="0.96" CONTENT="att"/><SP WIDTH="29" VPOS="1529" HPOS="731"/>
							<String ID="string_255" HPOS="760" VPOS="1529" WIDTH="64" HEIGHT="35" WC="0.96" CONTENT="hos"/><SP WIDTH="24" VPOS="1529" HPOS="824"/>
							<String ID="string_256" HPOS="848" VPOS="1530" WIDTH="136" HEIGHT="47" WC="0.95" CONTENT="Kongl."/><SP WIDTH="31" VPOS="1530" HPOS="984"/>
							<String ID="string_257" HPOS="1015" VPOS="1531" WIDTH="109" HEIGHT="47" WC="0.96" CONTENT="Maj:t"/><SP WIDTH="24" VPOS="1531" HPOS="1124"/>
							<String ID="string_258" HPOS="1148" VPOS="1532" WIDTH="126" HEIGHT="46" WC="0.96" CONTENT="begära"/><SP WIDTH="26" VPOS="1532" HPOS="1274"/>
							<String ID="string_259" HPOS="1300" VPOS="1533" WIDTH="204" HEIGHT="48" WC="0.96" CONTENT="utredning,"/><SP WIDTH="25" VPOS="1533" HPOS="1504"/>
							<String ID="string_260" HPOS="1529" VPOS="1535" WIDTH="12" HEIGHT="35" WC="0.96" CONTENT="i"/><SP WIDTH="25" VPOS="1535" HPOS="1541"/>
							<String ID="string_261" HPOS="1566" VPOS="1535" WIDTH="93" HEIGHT="35" WC="0.96" CONTENT="hvad"/><SP WIDTH="31" VPOS="1535" HPOS="1659"/>
							<String ID="string_262" HPOS="1690" VPOS="1538" WIDTH="79" HEIGHT="34" WC="0.93" CONTENT="mån"/><SP WIDTH="30" VPOS="1538" HPOS="1769"/>
							<String ID="string_263" HPOS="1799" VPOS="1538" WIDTH="188" HEIGHT="36" WC="0.92" CONTENT="alkoholis-"/>
						</TextLine>
						<TextLine ID="line_25" HPOS="393" VPOS="1579" WIDTH="1597" HEIGHT="59">
							<String ID="string_264" HPOS="393" VPOS="1592" WIDTH="81" HEIGHT="22" WC="0.96" CONTENT="men"/><SP WIDTH="37" VPOS="1592" HPOS="474"/>
							<String ID="string_265" HPOS="511" VPOS="1579" WIDTH="68" HEIGHT="36" WC="0.96" CONTENT="kan"/><SP WIDTH="41" VPOS="1579" HPOS="579"/>
							<String ID="string_266" HPOS="620" VPOS="1581" WIDTH="180" HEIGHT="36" WC="0.92" CONTENT="betraktas"/><SP WIDTH="43" VPOS="1581" HPOS="800"/>
							<String ID="string_267" HPOS="843" VPOS="1595" WIDTH="76" HEIGHT="22" WC="0.96" CONTENT="som"/><SP WIDTH="40" VPOS="1595" HPOS="919"/>
							<String ID="string_268" HPOS="959" VPOS="1596" WIDTH="43" HEIGHT="22" WC="0.96" CONTENT="en"/><SP WIDTH="40" VPOS="1596" HPOS="1002"/>
							<String ID="string_269" HPOS="1042" VPOS="1584" WIDTH="179" HEIGHT="47" WC="0.96" CONTENT="sjukdom,"/><SP WIDTH="28" VPOS="1584" HPOS="1221"/>
							<String ID="string_270" HPOS="1249" VPOS="1598" WIDTH="103" HEIGHT="23" WC="0.96" CONTENT="anser"/><SP WIDTH="28" VPOS="1598" HPOS="1352"/>
							<String ID="string_271" HPOS="1380" VPOS="1587" WIDTH="55" HEIGHT="35" WC="0.96" CONTENT="för"/><SP WIDTH="29" VPOS="1587" HPOS="1435"/>
							<String ID="string_272" HPOS="1464" VPOS="1590" WIDTH="216" HEIGHT="34" WC="0.96" CONTENT="närvarande"/><SP WIDTH="24" VPOS="1590" HPOS="1680"/>
							<String ID="string_273" HPOS="1704" VPOS="1590" WIDTH="209" HEIGHT="48" WC="0.96" CONTENT="tillräckligt"/><SP WIDTH="23" VPOS="1590" HPOS="1913"/>
							<String ID="string_274" HPOS="1936" VPOS="1594" WIDTH="54" HEIGHT="33" WC="0.96" CONTENT="att"/>
						</TextLine>
						<TextLine ID="line_26" HPOS="394" VPOS="1633" WIDTH="1595" HEIGHT="58">
							<String ID="string_275" HPOS="394" VPOS="1633" WIDTH="127" HEIGHT="36" WC="0.95" CONTENT="föreslå"/><SP WIDTH="25" VPOS="1633" HPOS="521"/>
							<String ID="string_276" HPOS="546" VPOS="1646" WIDTH="42" HEIGHT="22" WC="0.96" CONTENT="en"/><SP WIDTH="26" VPOS="1646" HPOS="588"/>
							<String ID="string_277" HPOS="614" VPOS="1635" WIDTH="196" HEIGHT="47" WC="0.96" CONTENT="utredning"/><SP WIDTH="19" VPOS="1635" HPOS="810"/>
							<String ID="string_278" HPOS="829" VPOS="1637" WIDTH="182" HEIGHT="46" WC="0.96" CONTENT="angående"/><SP WIDTH="19" VPOS="1637" HPOS="1011"/>
							<String ID="string_279" HPOS="1030" VPOS="1637" WIDTH="255" HEIGHT="48" WC="0.96" CONTENT="lämpligheten"/><SP WIDTH="19" VPOS="1637" HPOS="1285"/>
							<String ID="string_280" HPOS="1304" VPOS="1642" WIDTH="55" HEIGHT="33" WC="0.96" CONTENT="att"/><SP WIDTH="19" VPOS="1642" HPOS="1359"/>
							<String ID="string_281" HPOS="1378" VPOS="1640" WIDTH="127" HEIGHT="36" WC="0.96" CONTENT="bereda"/><SP WIDTH="19" VPOS="1640" HPOS="1505"/>
							<String ID="string_282" HPOS="1524" VPOS="1642" WIDTH="140" HEIGHT="35" WC="0.96" CONTENT="tillfälle"/><SP WIDTH="16" VPOS="1642" HPOS="1664"/>
							<String ID="string_283" HPOS="1680" VPOS="1643" WIDTH="55" HEIGHT="35" WC="0.96" CONTENT="till"/><SP WIDTH="13" VPOS="1643" HPOS="1735"/>
							<String ID="string_284" HPOS="1748" VPOS="1644" WIDTH="170" HEIGHT="47" WC="0.95" CONTENT="sjukvård"/><SP WIDTH="16" VPOS="1644" HPOS="1918"/>
							<String ID="string_285" HPOS="1934" VPOS="1646" WIDTH="55" HEIGHT="34" WC="0.96" CONTENT="för"/>
						</TextLine>
						<TextLine ID="line_27" HPOS="392" VPOS="1686" WIDTH="1597" HEIGHT="58">
							<String ID="string_286" HPOS="392" VPOS="1686" WIDTH="231" HEIGHT="37" WC="0.91" CONTENT="alkobolister"/><SP WIDTH="31" VPOS="1686" HPOS="623"/>
							<String ID="string_287" HPOS="654" VPOS="1689" WIDTH="12" HEIGHT="33" WC="0.93" CONTENT="i"/><SP WIDTH="29" VPOS="1689" HPOS="666"/>
							<String ID="string_288" HPOS="695" VPOS="1688" WIDTH="253" HEIGHT="37" WC="0.92" CONTENT="vidsträcktare"/><SP WIDTH="29" VPOS="1688" HPOS="948"/>
							<String ID="string_289" HPOS="977" VPOS="1692" WIDTH="81" HEIGHT="34" WC="0.95" CONTENT="mån"/><SP WIDTH="16" VPOS="1692" HPOS="1058"/>
							<String ID="string_290" HPOS="1074" VPOS="1695" WIDTH="43" HEIGHT="31" WC="0.95" CONTENT="än"/><SP WIDTH="26" VPOS="1695" HPOS="1117"/>
							<String ID="string_291" HPOS="1143" VPOS="1692" WIDTH="140" HEIGHT="44" WC="0.94" CONTENT="hittills,"/><SP WIDTH="22" VPOS="1692" HPOS="1283"/>
							<String ID="string_292" HPOS="1305" VPOS="1694" WIDTH="37" HEIGHT="34" WC="0.96" CONTENT="så"/><SP WIDTH="14" VPOS="1694" HPOS="1342"/>
							<String ID="string_293" HPOS="1356" VPOS="1696" WIDTH="53" HEIGHT="33" WC="0.96" CONTENT="att"/><SP WIDTH="16" VPOS="1696" HPOS="1409"/>
							<String ID="string_294" HPOS="1425" VPOS="1707" WIDTH="41" HEIGHT="22" WC="0.96" CONTENT="en"/><SP WIDTH="19" VPOS="1707" HPOS="1466"/>
							<String ID="string_295" HPOS="1485" VPOS="1697" WIDTH="110" HEIGHT="33" WC="0.96" CONTENT="större"/><SP WIDTH="16" VPOS="1697" HPOS="1595"/>
							<String ID="string_296" HPOS="1611" VPOS="1696" WIDTH="161" HEIGHT="48" WC="0.96" CONTENT="praktisk"/><SP WIDTH="14" VPOS="1696" HPOS="1772"/>
							<String ID="string_297" HPOS="1786" VPOS="1698" WIDTH="203" HEIGHT="36" WC="0.96" CONTENT="erfarenhet"/>
						</TextLine>
						<TextLine ID="line_28" HPOS="392" VPOS="1740" WIDTH="1595" HEIGHT="59">
							<String ID="string_298" HPOS="392" VPOS="1741" WIDTH="58" HEIGHT="33" WC="0.93" CONTENT="må"/><SP WIDTH="26" VPOS="1741" HPOS="450"/>
							<String ID="string_299" HPOS="476" VPOS="1740" WIDTH="195" HEIGHT="37" WC="0.91" CONTENT="förvärfvas"/><SP WIDTH="20" VPOS="1740" HPOS="671"/>
							<String ID="string_300" HPOS="691" VPOS="1745" WIDTH="41" HEIGHT="32" WC="0.96" CONTENT="än"/><SP WIDTH="20" VPOS="1745" HPOS="732"/>
							<String ID="string_301" HPOS="752" VPOS="1743" WIDTH="78" HEIGHT="40" WC="0.96" CONTENT="den,"/><SP WIDTH="17" VPOS="1743" HPOS="830"/>
							<String ID="string_302" HPOS="847" VPOS="1755" WIDTH="76" HEIGHT="23" WC="0.96" CONTENT="som"/><SP WIDTH="18" VPOS="1755" HPOS="923"/>
							<String ID="string_303" HPOS="941" VPOS="1744" WIDTH="174" HEIGHT="35" WC="0.96" CONTENT="anstalten"/><SP WIDTH="19" VPOS="1744" HPOS="1115"/>
							<String ID="string_304" HPOS="1134" VPOS="1746" WIDTH="58" HEIGHT="34" WC="0.93" CONTENT="vid"/><SP WIDTH="17" VPOS="1746" HPOS="1192"/>
							<String ID="string_305" HPOS="1209" VPOS="1746" WIDTH="210" HEIGHT="36" WC="0.92" CONTENT="Sans-Souci"/><SP WIDTH="14" VPOS="1746" HPOS="1419"/>
							<String ID="string_306" HPOS="1433" VPOS="1748" WIDTH="12" HEIGHT="34" WC="0.96" CONTENT="i"/><SP WIDTH="15" VPOS="1748" HPOS="1445"/>
							<String ID="string_307" HPOS="1460" VPOS="1748" WIDTH="63" HEIGHT="36" WC="0.96" CONTENT="sitt"/><SP WIDTH="14" VPOS="1748" HPOS="1523"/>
							<String ID="string_308" HPOS="1537" VPOS="1750" WIDTH="204" HEIGHT="35" WC="0.96" CONTENT="nuvarande"/><SP WIDTH="13" VPOS="1750" HPOS="1741"/>
							<String ID="string_309" HPOS="1754" VPOS="1751" WIDTH="149" HEIGHT="48" WC="0.96" CONTENT="omfång"/><SP WIDTH="14" VPOS="1751" HPOS="1903"/>
							<String ID="string_310" HPOS="1917" VPOS="1752" WIDTH="70" HEIGHT="35" WC="0.95" CONTENT="kan"/>
						</TextLine>
						<TextLine ID="line_29" HPOS="393" VPOS="1794" WIDTH="1596" HEIGHT="58">
							<String ID="string_311" HPOS="393" VPOS="1794" WIDTH="128" HEIGHT="42" WC="0.95" CONTENT="lemna,"/><SP WIDTH="31" VPOS="1794" HPOS="521"/>
							<String ID="string_312" HPOS="552" VPOS="1794" WIDTH="56" HEIGHT="35" WC="0.96" CONTENT="till"/><SP WIDTH="29" VPOS="1794" HPOS="608"/>
							<String ID="string_313" HPOS="637" VPOS="1795" WIDTH="149" HEIGHT="48" WC="0.96" CONTENT="ledning"/><SP WIDTH="29" VPOS="1795" HPOS="786"/>
							<String ID="string_314" HPOS="815" VPOS="1797" WIDTH="55" HEIGHT="34" WC="0.93" CONTENT="för"/><SP WIDTH="29" VPOS="1797" HPOS="870"/>
							<String ID="string_315" HPOS="899" VPOS="1798" WIDTH="235" HEIGHT="35" WC="0.92" CONTENT="bedömandet"/><SP WIDTH="23" VPOS="1798" HPOS="1134"/>
							<String ID="string_316" HPOS="1157" VPOS="1798" WIDTH="37" HEIGHT="35" WC="0.96" CONTENT="af"/><SP WIDTH="18" VPOS="1798" HPOS="1194"/>
							<String ID="string_317" HPOS="1212" VPOS="1799" WIDTH="42" HEIGHT="35" WC="0.96" CONTENT="de"/><SP WIDTH="16" VPOS="1799" HPOS="1254"/>
							<String ID="string_318" HPOS="1270" VPOS="1801" WIDTH="175" HEIGHT="45" WC="0.96" CONTENT="åtgärder,"/><SP WIDTH="21" VPOS="1801" HPOS="1445"/>
							<String ID="string_319" HPOS="1466" VPOS="1814" WIDTH="76" HEIGHT="23" WC="0.96" CONTENT="som"/><SP WIDTH="20" VPOS="1814" HPOS="1542"/>
							<String ID="string_320" HPOS="1562" VPOS="1803" WIDTH="171" HEIGHT="46" WC="0.96" CONTENT="möjligen"/><SP WIDTH="19" VPOS="1803" HPOS="1733"/>
							<String ID="string_321" HPOS="1752" VPOS="1805" WIDTH="237" HEIGHT="47" WC="0.96" CONTENT="ytterligare"/><SP WIDTH="-16" VPOS="1805" HPOS="1989"/>
							<String ID="string_322" HPOS="1973" VPOS="1790" WIDTH="21" HEIGHT="66" WC="0.96" CONTENT="i"/>
						</TextLine>
						<TextLine ID="line_30" HPOS="392" VPOS="1847" WIDTH="1596" HEIGHT="54">
							<String ID="string_323" HPOS="392" VPOS="1847" WIDTH="193" HEIGHT="36" WC="0.96" CONTENT="framtiden"/><SP WIDTH="20" VPOS="1847" HPOS="585"/>
							<String ID="string_324" HPOS="605" VPOS="1849" WIDTH="82" HEIGHT="35" WC="0.96" CONTENT="böra"/><SP WIDTH="20" VPOS="1849" HPOS="687"/>
							<String ID="string_325" HPOS="707" VPOS="1850" WIDTH="171" HEIGHT="47" WC="0.95" CONTENT="vidtagas."/><SP WIDTH="40" VPOS="1850" HPOS="878"/>
							<String ID="string_326" HPOS="918" VPOS="1851" WIDTH="187" HEIGHT="36" WC="0.96" CONTENT="Utskottet"/><SP WIDTH="24" VPOS="1851" HPOS="1105"/>
							<String ID="string_327" HPOS="1129" VPOS="1865" WIDTH="101" HEIGHT="22" WC="0.96" CONTENT="anser"/><SP WIDTH="20" VPOS="1865" HPOS="1230"/>
							<String ID="string_328" HPOS="1250" VPOS="1853" WIDTH="55" HEIGHT="35" WC="0.96" CONTENT="för"/><SP WIDTH="22" VPOS="1853" HPOS="1305"/>
							<String ID="string_329" HPOS="1327" VPOS="1854" WIDTH="123" HEIGHT="47" WC="0.68" CONTENT="öfrigt,"/><SP WIDTH="16" VPOS="1854" HPOS="1450"/>
							<String ID="string_330" HPOS="1466" VPOS="1856" WIDTH="12" HEIGHT="34" WC="0.31" CONTENT="i"/><SP WIDTH="14" VPOS="1856" HPOS="1478"/>
							<String ID="string_331" HPOS="1492" VPOS="1855" WIDTH="116" HEIGHT="36" WC="0.31" CONTENT="likhet"/><SP WIDTH="18" VPOS="1855" HPOS="1608"/>
							<String ID="string_332" HPOS="1626" VPOS="1857" WIDTH="81" HEIGHT="34" WC="0.96" CONTENT="med"/><SP WIDTH="12" VPOS="1857" HPOS="1707"/>
							<String ID="string_333" HPOS="1719" VPOS="1859" WIDTH="269" HEIGHT="35" WC="0.96" CONTENT="statsutskottet"/>
						</TextLine>
						<TextLine ID="line_31" HPOS="392" VPOS="1900" WIDTH="1594" HEIGHT="58">
							<String ID="string_334" HPOS="392" VPOS="1900" WIDTH="66" HEIGHT="35" WC="0.96" CONTENT="och"/><SP WIDTH="28" VPOS="1900" HPOS="458"/>
							<String ID="string_335" HPOS="486" VPOS="1901" WIDTH="206" HEIGHT="48" WC="0.96" CONTENT="Riksdagen"/><SP WIDTH="34" VPOS="1901" HPOS="692"/>
							<String ID="string_336" HPOS="726" VPOS="1904" WIDTH="111" HEIGHT="44" WC="0.95" CONTENT="1889,"/><SP WIDTH="31" VPOS="1904" HPOS="837"/>
							<String ID="string_337" HPOS="868" VPOS="1906" WIDTH="54" HEIGHT="33" WC="0.93" CONTENT="att"/><SP WIDTH="27" VPOS="1906" HPOS="922"/>
							<String ID="string_338" HPOS="949" VPOS="1904" WIDTH="115" HEIGHT="49" WC="0.91" CONTENT="asyler"/><SP WIDTH="28" VPOS="1904" HPOS="1064"/>
							<String ID="string_339" HPOS="1092" VPOS="1906" WIDTH="55" HEIGHT="34" WC="0.96" CONTENT="för"/><SP WIDTH="27" VPOS="1906" HPOS="1147"/>
							<String ID="string_340" HPOS="1174" VPOS="1906" WIDTH="232" HEIGHT="36" WC="0.96" CONTENT="alkoholister"/><SP WIDTH="28" VPOS="1906" HPOS="1406"/>
							<String ID="string_341" HPOS="1434" VPOS="1909" WIDTH="30" HEIGHT="46" WC="0.96" CONTENT="ej"/><SP WIDTH="31" VPOS="1909" HPOS="1464"/>
							<String ID="string_342" HPOS="1495" VPOS="1909" WIDTH="83" HEIGHT="35" WC="0.96" CONTENT="böra"/><SP WIDTH="30" VPOS="1909" HPOS="1578"/>
							<String ID="string_343" HPOS="1608" VPOS="1912" WIDTH="184" HEIGHT="46" WC="0.96" CONTENT="upprättas"/><SP WIDTH="28" VPOS="1912" HPOS="1792"/>
							<String ID="string_344" HPOS="1820" VPOS="1912" WIDTH="38" HEIGHT="34" WC="0.81" CONTENT="af"/><SP WIDTH="13" VPOS="1912" HPOS="1858"/>
							<String ID="string_345" HPOS="1871" VPOS="1914" WIDTH="115" HEIGHT="33" WC="0.81" CONTENT="staten"/>
						</TextLine>
						<TextLine ID="line_32" HPOS="392" VPOS="1953" WIDTH="1597" HEIGHT="58">
							<String ID="string_346" HPOS="392" VPOS="1953" WIDTH="94" HEIGHT="48" WC="0.95" CONTENT="sjelf,"/><SP WIDTH="36" VPOS="1953" HPOS="486"/>
							<String ID="string_347" HPOS="522" VPOS="1967" WIDTH="83" HEIGHT="23" WC="0.93" CONTENT="men"/><SP WIDTH="28" VPOS="1967" HPOS="605"/>
							<String ID="string_348" HPOS="633" VPOS="1957" WIDTH="21" HEIGHT="34" WC="0.91" CONTENT="å"/><SP WIDTH="28" VPOS="1957" HPOS="654"/>
							<String ID="string_349" HPOS="682" VPOS="1957" WIDTH="107" HEIGHT="35" WC="0.96" CONTENT="andra"/><SP WIDTH="30" VPOS="1957" HPOS="789"/>
							<String ID="string_350" HPOS="819" VPOS="1958" WIDTH="113" HEIGHT="43" WC="0.96" CONTENT="sidan,"/><SP WIDTH="30" VPOS="1958" HPOS="932"/>
							<String ID="string_351" HPOS="962" VPOS="1960" WIDTH="52" HEIGHT="34" WC="0.96" CONTENT="att"/><SP WIDTH="36" VPOS="1960" HPOS="1014"/>
							<String ID="string_352" HPOS="1050" VPOS="1959" WIDTH="141" HEIGHT="43" WC="0.96" CONTENT="sådana,"/><SP WIDTH="25" VPOS="1959" HPOS="1191"/>
							<String ID="string_353" HPOS="1216" VPOS="1961" WIDTH="211" HEIGHT="47" WC="0.96" CONTENT="upprättade"/><SP WIDTH="29" VPOS="1961" HPOS="1427"/>
							<String ID="string_354" HPOS="1456" VPOS="1962" WIDTH="37" HEIGHT="35" WC="0.96" CONTENT="af"/><SP WIDTH="28" VPOS="1962" HPOS="1493"/>
							<String ID="string_355" HPOS="1521" VPOS="1962" WIDTH="160" HEIGHT="36" WC="0.96" CONTENT="enskilda"/><SP WIDTH="29" VPOS="1962" HPOS="1681"/>
							<String ID="string_356" HPOS="1710" VPOS="1976" WIDTH="166" HEIGHT="35" WC="0.96" CONTENT="personer"/><SP WIDTH="28" VPOS="1976" HPOS="1876"/>
							<String ID="string_357" HPOS="1904" VPOS="1966" WIDTH="85" HEIGHT="35" WC="0.95" CONTENT="eller"/>
						</TextLine>
						<TextLine ID="line_33" HPOS="392" VPOS="2007" WIDTH="1598" HEIGHT="54">
							<String ID="string_358" HPOS="392" VPOS="2007" WIDTH="427" HEIGHT="50" WC="0.91" CONTENT="nykterhetsföreningar,"/><SP WIDTH="43" VPOS="2007" HPOS="819"/>
							<String ID="string_359" HPOS="862" VPOS="2012" WIDTH="31" HEIGHT="46" WC="0.96" CONTENT="ej"/><SP WIDTH="36" VPOS="2012" HPOS="893"/>
							<String ID="string_360" HPOS="929" VPOS="2024" WIDTH="107" HEIGHT="35" WC="0.96" CONTENT="gerna"/><SP WIDTH="44" VPOS="2024" HPOS="1036"/>
							<String ID="string_361" HPOS="1080" VPOS="2012" WIDTH="121" HEIGHT="36" WC="0.93" CONTENT="kunna"/><SP WIDTH="43" VPOS="2012" HPOS="1201"/>
							<String ID="string_362" HPOS="1244" VPOS="2014" WIDTH="271" HEIGHT="47" WC="0.86" CONTENT="vidmagthållas"/><SP WIDTH="44" VPOS="2014" HPOS="1515"/>
							<String ID="string_363" HPOS="1559" VPOS="2018" WIDTH="86" HEIGHT="33" WC="0.83" CONTENT="utan"/><SP WIDTH="39" VPOS="2018" HPOS="1645"/>
							<String ID="string_364" HPOS="1684" VPOS="2018" WIDTH="136" HEIGHT="35" WC="0.96" CONTENT="biträde"/><SP WIDTH="43" VPOS="2018" HPOS="1820"/>
							<String ID="string_365" HPOS="1863" VPOS="2019" WIDTH="37" HEIGHT="35" WC="0.96" CONTENT="af"/><SP WIDTH="29" VPOS="2019" HPOS="1900"/>
							<String ID="string_366" HPOS="1929" VPOS="2019" WIDTH="61" HEIGHT="35" WC="0.96" CONTENT="det"/>
						</TextLine>
						<TextLine ID="line_34" HPOS="392" VPOS="2060" WIDTH="188" HEIGHT="36">
							<String ID="string_367" HPOS="392" VPOS="2060" WIDTH="188" HEIGHT="36" WC="0.95" CONTENT="allmänna."/>
						</TextLine>
					</TextBlock>
					<TextBlock ID="block_5" HPOS="392" VPOS="2114" WIDTH="1596" HEIGHT="98">
						<TextLine ID="line_35" HPOS="501" VPOS="2114" WIDTH="1487" HEIGHT="53">
							<String ID="string_368" HPOS="501" VPOS="2114" WIDTH="187" HEIGHT="38" WC="0.96" CONTENT="Utskottet"/><SP WIDTH="38" VPOS="2114" HPOS="688"/>
							<String ID="string_369" HPOS="726" VPOS="2117" WIDTH="52" HEIGHT="35" WC="0.96" CONTENT="får"/><SP WIDTH="38" VPOS="2117" HPOS="778"/>
							<String ID="string_370" HPOS="816" VPOS="2118" WIDTH="119" HEIGHT="35" WC="0.96" CONTENT="derför"/><SP WIDTH="34" VPOS="2118" HPOS="935"/>
							<String ID="string_371" HPOS="969" VPOS="2120" WIDTH="80" HEIGHT="34" WC="0.95" CONTENT="med"/><SP WIDTH="28" VPOS="2120" HPOS="1049"/>
							<String ID="string_372" HPOS="1077" VPOS="2119" WIDTH="194" HEIGHT="48" WC="0.96" CONTENT="anledning"/><SP WIDTH="28" VPOS="2119" HPOS="1271"/>
							<String ID="string_373" HPOS="1299" VPOS="2121" WIDTH="38" HEIGHT="35" WC="0.96" CONTENT="af"/><SP WIDTH="28" VPOS="2121" HPOS="1337"/>
							<String ID="string_374" HPOS="1365" VPOS="2122" WIDTH="67" HEIGHT="34" WC="0.96" CONTENT="den"/><SP WIDTH="30" VPOS="2122" HPOS="1432"/>
							<String ID="string_375" HPOS="1462" VPOS="2122" WIDTH="11" HEIGHT="34" WC="0.96" CONTENT="i"/><SP WIDTH="28" VPOS="2122" HPOS="1473"/>
							<String ID="string_376" HPOS="1501" VPOS="2125" WIDTH="121" HEIGHT="33" WC="0.96" CONTENT="ämnet"/><SP WIDTH="28" VPOS="2125" HPOS="1622"/>
							<String ID="string_377" HPOS="1650" VPOS="2124" WIDTH="124" HEIGHT="43" WC="0.96" CONTENT="väckta"/><SP WIDTH="30" VPOS="2124" HPOS="1774"/>
							<String ID="string_378" HPOS="1804" VPOS="2126" WIDTH="184" HEIGHT="35" WC="0.96" CONTENT="motionen"/>
						</TextLine>
						<TextLine ID="line_36" HPOS="392" VPOS="2168" WIDTH="196" HEIGHT="44">
							<String ID="string_379" HPOS="392" VPOS="2168" WIDTH="196" HEIGHT="44" WC="0.83" CONTENT="hemställa,"/>
						</TextLine>
					</TextBlock>
				</ComposedBlock>
			</PrintSpace>
		</Page>
	</Layout>
</alto>
