2224 2614
199 666 137 24 Utskottets

198 702 130 27 nttrande.

439 112 19 29 2
901 120 248 33 Statsutskottets
1169 123 165 32 utlåtande
1357 126 52 30 Nr
1433 128 50 30 90.

393 191 164 36 varande
594 195 40 33 år
671 194 166 37 anordna
866 196 385 41 instruktionskurser
1279 204 103 35 såväl
1411 204 58 35 för
1498 205 99 37 befäl
1626 208 62 35 vid
1718 210 114 37 redan
1863 212 130 37 befint-

393 242 79 47 liga
500 243 231 37 brandkårer
759 249 48 45 på
834 248 265 50 landsbygden
1129 264 81 23 som
1239 253 58 36 för
1325 254 248 40 intresserade
1593 273 180 35 personer
1794 263 82 36 från
1895 278 97 23 sam-

392 293 135 47 hällen,
557 295 101 35 vilka
687 297 119 36 sakna
833 299 133 37 ordnat
995 301 244 38 brandväsen.
1283 305 297 49 Ifrågavarande
1607 311 132 38 kurser
1759 313 118 37 skulle
1896 316 96 37 hava

391 344 57 35 till
477 345 173 37 ändamål
680 353 54 31 att
761 363 139 35 genom
930 351 129 37 därvid
1093 353 123 38 hållna
1245 357 179 50 föredrag
1451 366 100 29 samt
1578 365 47 45 på
1654 371 116 30 annat
1798 370 74 31 sätt
1893 369 98 34 med-

390 395 110 36 delad
539 398 278 51 undervisning
858 403 176 49 bibringa
1071 405 220 49 deltagarna
1320 408 71 37 den
1421 411 58 36 för
1507 417 53 31 ett
1588 413 300 52 framgångsrikt
1916 419 75 35 eld-

391 447 350 50 släckningsarbete
783 453 140 49 nödiga
962 455 395 53 yrkesutbildningen.
1413 462 108 36 Efter
1562 470 295 46 genomgången
1899 470 90 36 kurs

390 498 121 37 skulle
552 501 221 48 deltagarne
814 511 88 42 taga
944 507 161 36 initiativ
1146 509 55 36 till
1230 510 177 39 bildande
1435 527 46 22 av
1511 514 232 40 brandkårer
1772 524 176 33 ävensom
1978 523 9 34 i

389 551 126 46 övrigt
553 553 114 36 verka
704 555 58 35 för
790 556 320 45 brandväsendets
1140 560 230 52 förbättring
1397 565 11 35 i
1437 566 81 35 sina
1546 569 215 47 respektive
1790 571 196 38 hemorter.

518 654 193 39 Utskottet
747 659 65 35 vill
849 660 224 51 visserligen
1111 664 81 37 icke
1230 666 168 49 förneka,
1429 675 53 30 att
1511 675 54 31 ett
1593 673 253 38 statsintresse
1874 676 72 37 kan
1975 678 12 35 i

387 705 77 37 viss
493 710 86 32 mån
609 722 90 23 vara
727 710 200 38 förbundet
955 714 85 36 med
1060 720 53 31 ett
1132 717 191 37 rationellt
1343 721 269 48 upplysnings-
1632 724 69 36 och
1722 725 264 39 instruktions-

387 758 128 36 arbete
544 759 58 36 för
631 760 188 38 vinnande
850 777 45 22 av
923 765 87 36 ökat
1039 766 120 49 skydd
1187 775 94 41 gent
1309 777 99 30 emot
1436 772 246 50 eldsolyckor.
1734 776 58 37 Då
1820 780 165 36 emeller-

387 809 51 35 tid
460 809 45 36 de
525 815 188 33 närmaste
733 814 72 36 och
825 815 143 37 direkta
989 818 211 37 fördelarna
1220 834 47 22 av
1287 834 45 23 en
1353 823 115 36 sådan
1484 826 242 38 verksamhet
1742 832 118 33 måste
1875 843 109 24 anses

385 860 148 36 tillfalla
574 863 600 55 brandförsäkringsanstalterna,
1212 872 69 36 har
1309 875 185 36 utskottet
1521 899 49 3 —
1599 879 152 36 särskilt
1779 881 118 37 under
1924 883 61 36 be-

385 911 163 38 aktande
577 927 45 23 av
652 921 53 30 att
733 917 118 49 nödig
879 919 239 50 försiktighet
1148 922 66 37 bör
1241 924 201 50 iakttagas,
1473 927 46 36 då
1547 929 62 36 det
1637 930 82 36 från
1740 937 143 32 statens
1903 935 80 36 sida

384 964 120 47 gäller
542 971 54 30 att
632 967 127 36 lämna
795 969 135 49 bidrag
958 972 57 35 till
1042 974 273 50 upplysnings-
1345 978 68 35 och
1442 979 493 42 instruktionsverksamhet
1963 990 21 32 å

384 1015 77 36 helt
482 1030 76 34 nya
577 1019 177 36 områden
774 1042 49 4 —
844 1022 124 36 funnit
987 1024 61 48 sig
1067 1025 80 36 icke
1166 1026 129 37 kunna
1315 1028 189 50 tillstyrka
1523 1031 140 49 Kungl.
1683 1033 128 49 Maj:ts
1828 1035 151 50 förslag.

513 1068 195 38 Utskottet
735 1071 218 39 hemställer
980 1075 119 48 alltså,

914 1183 53 30 att
1008 1179 141 50 Kungl.
1193 1182 128 49 Maj:ts
1360 1185 246 38 förevarande
1634 1190 235 47 proposition
1898 1192 82 37 icke

783 1235 60 28 må
871 1242 46 21 av
944 1230 204 49 riksdagen
1177 1233 159 38 bifallas.

513 1326 217 39 Stockholm
761 1331 73 35 den
864 1334 46 33 26
940 1334 95 48 april
1068 1337 107 34 1918.

894 1435 51 36 På
972 1439 302 37 statsutskottets
1304 1446 159 44 vägnar:

923 1538 35 36 S.
988 1540 46 35 H.
1066 1540 368 41 KVARNZELIUS.

509 1790 52 27 Vid
580 1792 175 27 förestående
776 1795 117 26 ärendes
913 1796 231 36 slutbehandling
1162 1800 76 25 inom
1259 1801 138 27 utskottet
1416 1802 73 28 hava
1507 1802 138 42 närvarit:

505 1836 61 24 från
594 1835 86 27 första
701 1836 173 28 kammaren:
896 1838 94 27 herrar
1008 1840 29 27 S.
1059 1841 34 25 H.
1113 1843 214 34 Kvarnzeelius,
1350 1846 28 26 O.
1399 1846 38 26 M.
1457 1847 177 36 Strömberg,
1653 1851 24 26 J.
1697 1853 130 34 Nilsson,
1844 1855 28 26 O.
1886 1856 87 33 Berqg-

373 1878 83 31 qvist,
489 1877 26 27 C.
540 1878 31 26 G.
592 1879 128 33 Ekman,
749 1890 83 24 greve
852 1883 34 25 N.
906 1884 32 25 F.
960 1883 96 27 Posse.
1071 1884 31 26 G.
1123 1886 127 33 Boman,
1270 1888 25 25 J.
1318 1888 27 26 S.
1366 1889 107 34 Almer,
1492 1892 33 25 N.
1547 1885 139 42 Åkesson,
1709 1895 26 27 C.
1759 1896 32 26 G.
1816 1892 154 40 Österberg.

376 1920 25 25 C.
423 1921 21 25 I.
466 1922 136 33 Asplund
621 1922 51 26 och
692 1923 23 25 J.
736 1924 149 27 Jeansson
904 1928 72 24 samt

505 1965 59 26 från
593 1966 87 26 andra
709 1967 174 28 kammaren:
913 1969 93 27 herrar
1032 1972 27 25 C.
1080 1972 128 27 Persson
1238 1975 10 24 i
1267 1974 173 34 Stallerhult,
1462 1978 29 26 0.
1511 1981 97 25 H-son
1631 1982 134 32 Waldén,
1789 1984 30 27 G.
1843 1985 127 35 Odqvist,

372 2007 27 26 S.
421 2009 165 32 Bengtsson
604 2011 9 24 i
631 2010 104 35 Norup,
763 2012 24 26 J.
810 2013 30 25 1.
862 2014 177 32 Ingvarson,
1054 2014 26 26 C.
1099 2016 33 26 R.
1153 2016 133 28 Jansson
1305 2020 8 24 i
1333 2018 96 34 Falun,
1447 2022 37 26 K.
1505 2023 34 26 A.
1562 2024 161 35 Tengdahl,
1743 2027 34 26 A.
1801 2028 143 26 Wiklund
1962 2038 8 24 i

371 2051 147 26 Brattfors.
547 2053 37 25 W.
606 2054 174 27 Bäckström
814 2057 29 25 OO.
863 2057 122 26 Nilsson
1005 2057 7 25 i
1033 2047 112 48 Örebro,
1163 2061 25 25 J.
1209 2061 122 27 Nilsson
1350 2063 7 25 i
1378 2063 104 28 Mulmö
1502 2066 51 26 och
1573 2067 33 25 F.
1629 2069 29 26 T.
1679 2070 143 26 Hamrin.
