2208 2626
703 160 361 42 Bevillningsutskottets
1087 160 195 32 betänkande
1306 159 52 33 Nr
1379 160 53 31 38.
1797 160 14 30 1

987 450 58 40 Nr
1072 449 61 41 38.

892 606 110 27 Ankom
1022 606 43 27 till
1084 606 165 35 riksdagens
1269 606 93 27 kansli
1382 605 53 28 den
1454 607 19 26 8
1492 606 54 36 maj
1568 605 66 28 1917
1655 605 35 27 kl.
1710 606 17 26 4
1744 615 22 17 e.
1787 615 33 17 m.

462 746 409 47 Bevillningsutskottets
908 747 234 43 betänkande,
1171 749 14 34 i
1213 747 197 45 anledning
1444 758 43 25 av
1513 747 102 36 väckt
1642 748 131 35 motion
1801 758 55 24 om

660 816 158 46 ändring
855 818 13 33 i
905 819 52 33 12
987 816 26 46 $
1049 829 43 24 av
1116 816 268 46 förordningen
1413 816 186 46 angående
1626 815 230 46 tillverkning

660 896 43 24 av
732 885 188 36 brännvin.

460 1039 218 27 Närvarande:
697 1037 96 28 herrar
811 1038 32 27 K.
863 1037 33 28 G.
920 1038 144 31 Karlsson,
1083 1038 114 28 Nilsson
1217 1039 8 26 i
1245 1037 144 36 Bonarp"),
1403 1037 79 28 Ollas
1493 1038 33 27 A.
1540 1037 140 32 Ericsson,
1694 1037 161 37 Lyckholm,

694 1081 29 27 K.
753 1082 33 27 A.
811 1081 132 34 Nilson”),
965 1081 62 28 frih.
1054 1082 135 35 Fleming,
1213 1081 101 36 Röing,
1336 1081 164 35 Källman"),
1519 1081 138 28 Jeansson
1680 1082 9 26 i
1712 1081 144 32 Kalmar"),

695 1124 166 35 Månsson"),
872 1125 123 28 Jonsson
1006 1127 9 26 i
1026 1126 136 30 Hökhult,
1174 1125 184 35 Danström"),
1370 1125 116 31 Knaust,
1522 1135 135 22 Forssman,
1667 1125 188 36 Söderberg”),

692 1169 122 28 Jönsson
833 1170 10 26 i
861 1169 157 37 Revinge"),
1037 1170 116 27 Nilsson
1171 1171 9 26 i
1199 1169 200 32 Kristianstad,
1417 1169 161 28 Johansson
1597 1170 9 26 i
1626 1169 158 37 Uppmälby
1803 1168 52 29 och

694 1213 175 37 Uddenberg.

458 1291 22 35 ?)
498 1293 65 25 Icke
583 1292 121 34 deltagit
721 1293 10 24 i
747 1293 178 33 justeringen
945 1301 34 17 av
997 1293 199 26 betänkandet.

387 1431 16 37 I
432 1444 48 24 en
507 1430 103 38 inom
638 1432 117 37 andra
783 1432 217 37 kammaren
1019 1432 123 48 väckt,
1162 1432 56 36 till
1237 1431 417 50 bevillningsutskottet
1672 1431 182 37 hänvisad

259 1483 153 46 motion,
455 1497 46 23 nr
533 1486 86 46 226,
661 1484 68 36 har
763 1484 86 37 herr
882 1486 200 45 Bengtsson
1109 1484 12 37 i
1152 1484 128 49 Norup
1309 1483 204 47 hemställt,
1546 1489 77 31 »att
1651 1483 203 45 riksdaven

258 1537 115 35 måtte
400 1535 149 38 besluta
577 1536 116 37 sådan
717 1536 164 49 ändring
900 1550 46 23 av
965 1535 20 50 $
1008 1538 45 35 12
1072 1537 13 36 i
1104 1536 271 49 förordningen
1395 1536 195 49 angående
1609 1535 246 49 tillverkning

258 1599 47 24 av
333 1587 197 46 brännvin,
560 1594 54 30 att
641 1589 72 35 den
741 1588 161 37 erhåller
930 1588 164 49 följande
1122 1588 157 49 lydelse:

389 1642 32 33 1.
476 1639 75 37 För
577 1639 197 49 brännvin,
803 1640 190 36 tillverkat
1020 1640 100 37 inom
1151 1640 138 47 landet,
1319 1639 96 37 skall
1443 1639 241 38 tillverkaren
1704 1639 150 51 påföras

258 1690 100 38 skatt
386 1691 86 37 med
502 1693 47 36 65
574 1696 63 33 öre
656 1692 59 36 för
734 1692 103 47 varje
856 1691 86 38 liter
962 1706 46 22 av
1026 1692 288 50 normalstyrka,
1335 1693 155 36 varmed
1511 1691 135 37 förstås
1665 1691 188 38 brännvin

257 1755 80 24 som
368 1743 62 37 vid
461 1754 28 25 +
514 1742 57 38 15
599 1743 113 38 Celsii
740 1750 241 31 termometer
1007 1744 208 37 innehåller
1242 1745 48 36 50
1319 1744 287 50 volymprocent
1634 1743 161 37 alkohol.

387 1797 33 35 2.
477 1796 242 49 Inbetalning
745 1818 50 4 —
824 1817 49 5 —
900 1818 50 5 —
978 1797 93 36 liter.

387 1849 33 35 3.
475 1848 74 37 Vid
577 1848 157 37 utförsel
761 1869 50 5 —
839 1869 50 4 —
917 1869 50 5 —
994 1848 146 37 normal
1168 1848 140 49 styrka.

386 1901 35 35 4.
477 1900 230 37 Restitution
734 1922 50 5 —
812 1921 49 5 —
889 1922 49 4 —
967 1913 44 23 ur
1038 1900 131 36 riket.»

386 2004 131 50 Enligt
543 2004 175 50 gällande
746 2004 702 51 brännvinstillverkningsförordning
1476 2004 67 37 har
1572 2006 46 35 12
1648 2003 20 50 $&
1701 2006 17 35 1
1739 2017 112 24 mom.

257 2055 165 50 följande
451 2057 157 49 lydelse:

388 2111 31 34 1.
474 2109 75 37 För
588 2108 200 49 brännvin,
829 2109 191 38 tillverkat
1060 2109 102 37 inom
1203 2109 139 47 landet,
1385 2108 96 37 skall
1515 2109 94 37 efter
1636 2108 143 49 avdrag
1806 2122 47 23 av

256 2162 64 35 två
359 2168 171 42 procent,
572 2174 81 24 som
689 2165 65 33 äro
782 2161 209 48 skattefria,
1020 2161 242 37 tillverkaren
1291 2161 151 50 påföras
1470 2161 102 37 skatt
1599 2160 85 37 med
1714 2162 46 35 65
1789 2165 64 32 öre

256 2212 58 37 för
342 2212 104 50 varje
473 2212 87 38 liter
588 2226 46 23 av
662 2213 292 50 normalstyrka,
979 2213 155 37 varmed
1149 2213 136 37 förstås
1301 2213 201 49 brännvin,
1527 2226 80 24 som
1627 2212 63 37 vid
1712 2222 28 29 +
1760 2210 93 40 15"
1834 2206 24 61 å

256 2262 114 40 Celsii
399 2270 243 33 termometer
669 2265 209 38 innehåller
906 2267 48 36 50
983 2265 288 51 volymprocent
1300 2265 162 37 alkohol.

346 2324 128 44 Bihang
496 2326 49 33 till
567 2325 188 44 riksdagens
772 2325 159 45 protokoll
954 2326 94 34 1917.
1096 2327 20 33 7
1138 2325 89 34 saml.
1274 2327 41 32 31
1340 2324 80 44 höft.
1463 2325 69 43 (Nr
1555 2324 68 40 38)
1791 2326 14 32 1

1882 1993 45 24 Nu
1944 1993 124 32 gällande

1885 2028 178 26 bestämmelse.
