2271 2775
449 160 35 29 12
886 161 102 31 Stats-
1017 162 149 32 Utskottets
1191 163 174 32 Memorial
1389 165 61 31 N:o
1476 168 31 29 1.

398 243 120 32 hvaraf
541 244 145 39 försålts,
711 245 49 31 till
789 256 39 21 en
857 245 78 33 kurs
965 246 35 33 af
1023 245 88 39 87!/2
1139 252 140 37 procent
1306 275 5 5 .
1359 276 4 5 .
1430 253 176 38 —2,830,000:
1631 271 39 4 —

397 295 50 31 för
472 298 35 29 91
539 299 139 37 procent
723 321 5 5 .
778 321 4 5 .
829 322 6 6 .
881 323 5 6 .
1356 328 5 5 .
1431 306 175 37 2,9500,000:
1632 324 36 3 —

397 346 52 32 för
477 350 35 29 91
539 351 151 37 procent,
720 348 84 33 efter
828 324 111 58 ofvan
954 324 217 60 omförmälda
1193 326 117 68 afärag
1327 354 35 32 af

485 399 141 42 tillhopa
654 411 41 21 en
718 404 149 38 procent,
897 402 81 32 eller
1006 402 147 34 effektivt
1169 403 52 33 för
1236 407 40 31 90
1288 416 75 31 pro-

479 454 76 28 cent
619 477 5 5 .
672 477 5 6 .
776 478 6 6 7
829 479 5 5 m
904 453 50 46 RE
985 480 57 6 ön
1062 453 32 46 oc
1196 482 161 7 «so
1294 457 28 47 «
1350 457 39 47 «5
1432 461 173 37 1,320,000:

399 502 60 32 och
488 502 51 32 för
562 505 38 30 89
628 477 141 68 procent
826 530 161 7 see
1087 533 5 6 é
1192 534 58 5 «+
1298 535 5 5 +
1351 534 5 6 +
1412 513 194 37 -10,420,000:
1725 515 195 37 17,070,000:
1960 535 40 3 —

544 563 65 31 Det
632 563 264 44 kapitalbelopp,
925 577 70 21 som
1023 533 52 65 för
1104 534 41 66 de
1173 569 141 43 sålunda
1338 571 95 31 sålda
1457 531 267 82 obligationsrna
1746 573 134 41 influtit,
1903 578 98 37 utgör

405 616 186 38 15,213,050
613 615 141 32 Kronor.

550 666 93 33 Efter
671 667 116 41 afdrag
815 668 35 32 af
873 668 73 33 icke
970 669 158 40 försålda,
1156 682 74 21 men
1255 672 163 33 utlottade
1445 674 225 41 obligationer
1697 676 36 32 af
1751 679 78 30 1872
1854 679 51 30 års
1933 678 65 39 lån,

395 719 127 31 återstå
546 729 42 21 nu
617 719 117 32 osålda
759 719 222 41 obligationer
1006 723 18 30 å
1051 722 160 32 nominelt
1239 725 165 38 6,426,900
1432 726 88 40 R:dr,
1544 727 226 33 inberäknadt
1794 728 39 33 de
1859 730 139 32 återstå-

394 769 84 32 ende
509 770 223 39 obligationer
756 773 19 30 å
802 773 162 38 1,580,000
987 773 89 39 R:dr,
1106 785 49 20 om
1180 774 127 33 hvilkas
1335 776 195 42 försäljning
1551 779 89 31 inom
1657 779 109 32 denna
1789 780 137 33 månads
1948 785 50 27 ut-

392 821 87 39 gång
503 820 80 32 aftal
610 820 107 33 blifvit
736 822 74 32 med
834 823 85 31 Herr
946 823 187 41 Henriques
1161 825 143 32 träffadt.

545 976 45 32 På
616 977 105 39 grund
746 977 33 31 af
802 977 57 32 det
885 979 10 30 i
922 978 15 41 $
962 981 37 29 76
1024 979 35 32 af
1086 979 55 32 det
1166 980 50 32 vid
1244 983 79 30 1874
1347 984 53 30 års
1425 983 135 40 riksdag
1584 983 51 32 för
1659 983 337 42 Riksgäldskontoret

391 1027 175 32 utfärdade
605 1027 204 40 reglemente
844 1029 218 42 Fullmäktige
1092 1031 89 41 gifna
1204 1032 266 42 bemyndigande
1499 1034 99 32 hafva
1624 1035 220 42 Fullmäktige
1870 1037 63 31 den
1957 1041 39 29 20

392 1078 61 32 och
479 1082 38 29 22
543 1079 149 31 sistlidne
718 1079 149 33 Oktober
889 1081 137 32 beslutit
1049 1094 41 30 ny
1113 1083 200 33 instruktion
1342 1085 60 32 och
1427 1086 384 42 tjenstgöringsordning
1834 1088 51 31 för
1912 1088 98 42 tjen-'

391 1133 196 29 stemännen
611 1133 84 29 samt
722 1131 294 43 vaktbetjeningen
1036 1134 53 31 vid
1108 1134 346 43 Riksgäldskontoret,
1467 1138 103 41 jemte
1602 1138 242 42 aflöningsstat,
1864 1143 49 29 att
1928 1141 66 31 tills

394 1182 111 31 vidare
531 1182 88 40 gälla
644 1182 61 31 och
734 1183 166 42 tillämpas
924 1184 73 33 från
1022 1185 63 32 den
1114 1190 10 27 1
1152 1186 189 34 November
1372 1191 87 33 1874.

537 1234 71 30 Den
645 1233 307 43 hufvudsakligaste
988 1247 119 29 genom
1142 1237 110 33 denna
1281 1239 200 33 instruktion
1505 1240 133 33 införda
1664 1240 194 43 förändring
1882 1243 115 32 består

391 1284 80 38 deri,
510 1287 49 28 att
591 1284 354 40 Riksgäldskontorets
976 1288 243 32 kommissariat
1242 1290 155 41 upphäfts
1423 1291 62 32 och
1513 1292 318 41 tjenstegöromålen
1857 1295 35 30 så
1922 1294 75 31 ord-

390 1337 73 29 nats
488 1338 57 36 att,
569 1335 75 32 med
668 1335 207 42 fullständigt
904 1339 218 40 upphörande
1147 1340 35 32 af
1203 1340 63 32 den
1294 1341 180 42 kollegiala
1497 1343 82 31 form
1602 1343 61 32 och
1681 1343 134 33 dermed
1834 1355 161 21 samman-

389 1386 176 41 hängande
605 1386 278 42 beslutanderätt,
921 1401 69 20 som
1026 1390 115 32 dittills
1175 1393 85 30 varit
1293 1393 73 32 med
1404 1394 144 33 nämnda
1571 1395 187 32 institution
1782 1397 89 31 inom
1898 1396 97 32 Riks-

389 1437 254 40 gäldskontoret
684 1438 150 40 förenad,
875 1442 34 29 åt
946 1441 112 41 hvarje
1097 1442 140 32 särskild
1274 1444 200 41 tjensteman
1510 1446 145 32 anvisats
1693 1447 89 31 vissa
1821 1447 176 32 bestämda

388 1488 284 41 tjenstegöromål.

538 1540 45 31 På
612 1541 177 32 enahanda
814 1546 74 35 sätt,
915 1554 69 20 som
1009 1546 8 28 i
1041 1544 212 33 Riksbanken
1281 1557 79 29 eger
1388 1558 79 26 rum,
1483 1548 61 31 har
1566 1550 9 29 i
1601 1549 239 41 sammanhang
1859 1550 136 32 härmed

391 1592 33 30 åt
450 1602 40 20 en
519 1590 101 33 bland
650 1592 218 42 Fullmäktige
893 1594 121 32 utsedd
1046 1596 193 41 Deputerad
1263 1597 193 41 uppdragits
1482 1602 48 29 att
1557 1599 113 32 utöfva
1693 1603 167 30 närmaste
1884 1601 110 42 tillsyn

390 1641 92 32 öfver
519 1643 210 39 göromålens
765 1645 97 39 gång,
896 1645 86 32 tillse
1008 1646 294 41 verkställigheten
1332 1648 36 32 af
1387 1649 237 42 Fullmäktiges
1648 1650 112 32 beslut
1783 1655 84 29 samt
1889 1652 107 32 under

389 1692 92 33 tiden
506 1693 121 32 mellan
650 1694 238 42 Fullmäktiges
914 1697 297 33 sammankomster
1235 1699 155 33 meddela
1414 1701 124 41 nödiga
1560 1702 219 32 föreskrifter.

540 1745 297 41 Tjenstemännens
862 1748 98 38 antal,
986 1759 69 21 som
1084 1750 102 40 enligt
1211 1750 62 32 den
1299 1751 36 32 af
1356 1754 80 29 1874
1460 1754 53 30 års
1543 1753 148 41 Riksdag
1723 1754 187 32 fastställda
1928 1757 67 29 stat

389 1798 98 37 utgör
512 1798 36 29 17
572 1807 171 30 personer,
767 1797 61 32 har
850 1798 107 32 blifvit
980 1799 218 33 förminskadt
1222 1802 47 30 till
1294 1805 28 36 9,
1346 1803 180 40 nemligen:

536 1858 40 20 en
613 1849 204 38 sekreterare,
855 1860 70 21 som
959 1850 106 33 tillika
1096 1855 36 28 är
1157 1852 227 41 ombudsman,
1412 1855 73 31 med
1512 1855 40 32 de
1578 1856 211 40 åligganden,
1815 1866 70 22 som
1908 1856 87 32 förut

388 1899 85 30 varit
495 1899 75 31 med
594 1899 144 35 nämnda
763 1900 139 40 tjenster
925 1901 171 40 förenade,
1121 1903 131 33 hvartill
1275 1905 86 41 lagts
1390 1905 231 42 skyldigheten
1636 1910 48 29 att
1698 1907 74 32 föra
1783 1907 211 41 protokollen

389 1948 53 31 vid
466 1949 237 42 Fullmäktiges
730 1952 296 32 sammankomster
1055 1957 84 29 samt
1161 1955 76 31 med
1262 1957 221 40 uppsättande
1513 1958 35 31 af
1568 1958 76 32 bref
1658 1958 62 32 och
1737 1959 106 32 andra
1863 1958 132 33 skrifter

387 1999 133 33 biträda
547 2001 236 41 Fullmäktiges
808 2003 228 41 Deputerade;

537 2063 38 21 en
611 2053 308 41 lånekommvissarie,
956 2066 69 21 som
1059 2056 62 32 fått
1153 2058 49 39 sig
1240 2059 121 40 ålagda
1392 2060 39 31 de
1461 2060 254 50 hufvudsakliga
1737 2061 157 42 bestyren
1918 2062 75 32 med

391 2102 353 41 Riksgäldskontorets
787 2106 330 41 obligationsrörelse
1149 2109 63 31 och
1248 2110 132 32 således
1408 2111 164 32 utlemnar
1600 2112 40 31 de
1666 2112 232 41 obligationer,
1923 2124 70 21 som

388 2153 35 32 af
458 2154 164 33 Kontoret
657 2155 165 42 försäljas,
851 2161 165 37 mottager
1040 2158 62 32 och
1127 2160 162 39 granskar
1313 2161 39 32 de
1379 2162 223 40 obligationer
1626 2163 62 32 och
1713 2164 181 41 kuponger,
1923 2175 70 21 som

388 2204 85 32 efter
507 2206 128 32 inlösen
674 2207 47 32 dit
762 2209 199 39 återställas,
1001 2213 84 28 samt
1108 2210 50 32 för
1180 2210 250 44 förteckningar
1455 2213 90 32 öfver
1568 2215 66 31 alla
1656 2215 338 41 Riksgäldskontoret

387 2256 171 41 tillhöriga
586 2257 232 41 obligationer,
841 2260 91 32 låne-
958 2261 61 31 och
1045 2261 377 44 säkerhetshandlingar
1446 2265 62 31 och
1528 2266 243 42 värdepapper;
