1898 2836
586 168 102 27 Andra
712 168 197 36 lagutskottets
931 169 147 27 utlåtande
1101 169 49 27 Nr
1171 170 49 28 23.
1614 168 36 29 11

144 241 166 41 digheter,
343 244 44 39 på
409 242 89 31 vilka
521 253 42 20 en
587 242 144 31 medlem
755 242 75 31 icke
853 242 114 31 kunde
991 243 149 37 inverka,
1165 242 110 31 skulle
1298 242 115 31 kunna
1436 254 79 20 vara
1537 254 40 19 av
1601 254 51 19 av-

143 284 152 40 görande
328 284 178 41 betydelse
539 285 52 30 för
624 284 332 31 understödsrätten.
1002 285 54 30 En
1080 284 240 41 arbetsgivare,
1345 296 74 20 som
1443 296 39 19 av
1505 296 60 20 ren
1588 285 64 30 väl-

144 326 81 40 vilja
247 326 151 31 beredde
422 337 42 20 en
487 326 177 32 försäkrad
687 326 116 32 arbete
828 327 109 30 under
960 338 42 19 en
1026 327 83 31 eller
1132 338 112 19 annan
1267 327 104 31 vecka
1394 327 85 31 efter
1501 329 50 29 ett
1564 327 87 40 sjuk-

143 367 162 32 domsfall
340 368 82 31 eller
455 368 430 41 värnpliktstjänstgöring,
920 369 114 31 kunde
1069 369 197 40 därigenom
1300 380 80 20 vara
1404 369 100 31 orsak
1526 369 53 31 till
1603 371 49 29 att

144 412 112 29 rätten
284 410 53 31 till
360 411 191 31 understöd
574 411 160 31 bortfölle
757 411 53 31 för
833 411 237 31 medlemmen.
1095 430 40 3 —
1158 430 40 3 —
1221 430 40 3 —
1284 430 41 2 —

203 452 177 42 Styrelsen
402 453 79 31 ville
503 453 185 41 ingalunda
709 453 162 38 bestrida,
895 456 48 29 att
966 465 126 20 samma
1114 454 83 37 skäl,
1220 465 73 19 som
1315 454 156 37 medfört,
1494 456 48 29 att
1565 453 88 41 sjuk-

149 496 107 30 doms-
273 496 62 30 och
351 496 243 41 värnpliktstid
609 496 246 31 borträknades
872 496 11 30 1
900 496 41 31 de
958 496 69 37 fall,
1045 497 43 30 då
1104 496 106 31 sådan
1226 496 51 31 tid
1293 496 74 41 låge
1385 497 86 30 efter
1487 497 65 30 den
1568 497 85 30 sista

147 538 379 41 arbetsanställningen,
550 539 123 40 jämväl
695 539 113 31 kunde
832 539 136 30 anföras
991 541 113 29 såsom
1127 539 104 30 motiv
1255 539 53 30 för
1330 541 49 29 att
1402 550 76 20 man
1501 539 152 40 ständigt

149 581 109 31 skulle
280 581 117 31 bortse
421 581 74 30 från
517 581 187 40 sjukdoms-
727 581 62 31 och
812 581 243 41 värnpliktstid
1077 581 58 31 vid
1157 581 213 41 prövningen
1392 592 40 20 av
1455 581 197 41 avgiftsvill-

147 623 105 31 koret.
281 623 178 41 Styrelsen
475 623 108 31 skulle
600 623 114 31 därför
729 623 72 31 icke
817 623 108 31 heller
939 623 85 31 hava
1039 625 103 39 något
1157 625 49 29 att
1221 623 111 31 erinra
1348 625 89 29 emot
1453 635 41 19 en
1509 623 144 42 ändring

148 677 41 19 av
204 666 156 40 gällande
376 666 256 31 bestämmelser
647 668 43 38 på
706 666 161 37 området,
885 676 54 20 om
954 665 89 31 blott
1059 666 168 39 styrelsen
1242 666 112 30 kunde
1370 666 110 30 känna
1495 666 53 40 sig
1563 667 90 30 över-

147 708 104 41 tygad
269 719 53 20 om
341 710 49 29 att
407 708 300 31 bestämmelserna
724 708 87 31 efter
829 719 42 20 en
889 708 106 31 sådan
1013 708 145 40 ändring
1176 708 98 31 alltid
1292 708 110 31 skulle
1421 708 171 41 tillämpas
1610 710 43 39 på

148 751 204 30 föreskrivet
375 752 76 29 sätt.

196 795 75 32 Vad
306 795 139 31 särskilt
478 795 186 31 beträffade
698 795 467 41 värnpliktstjänstgöringen
1200 795 64 31 och
1299 795 80 31 dess
1402 793 249 43 förläggning
1631 789 24 52 i

142 837 106 38 tiden,
272 849 81 20 vore
376 837 113 32 denna
512 838 218 41 synnerligen
753 838 64 31 lätt
833 839 50 29 att
898 838 189 40 bevisligen
1104 838 199 30 konstatera
1318 849 123 30 genom
1458 849 42 20 en
1516 836 135 42 gransk-

144 880 83 41 ning
260 892 40 19 av
324 880 246 31 medlemmens
594 879 303 42 inskrivningsbok
922 891 73 20 som
1018 880 218 41 värnpliktig.
1282 880 128 31 Härtill
1433 880 144 36 komme,
1602 882 50 29 att

144 922 469 41 värnpliktstjänstgöringen
647 922 122 31 endast
796 922 202 41 fullgjordes
1021 922 11 31 i
1056 923 239 30 20-årsåldern.
1341 922 114 41 Något
1479 922 173 31 missbruk

144 976 40 19 av
208 976 41 19 en
273 965 242 31 bestämmelse
539 976 55 20 om
617 966 68 30 rätt
707 966 50 29 att
780 964 186 32 borträkna
988 964 245 42 värnpliktstid
1249 964 157 32 behövde
1422 965 78 30 med
1516 965 134 41 hänsyn

144 1007 116 31 härtill
283 1007 74 31 icke
381 1007 144 31 befaras.
550 1026 40 4 —
614 1025 40 4 —
676 1025 40 3 —
740 1025 39 4 —

197 1049 53 31 Då
284 1050 58 30 det
376 1049 112 42 gällde
522 1051 50 29 att
599 1051 131 39 avgöra,
756 1060 55 20 om
836 1048 159 41 sjukdom
1019 1048 11 31 i
1054 1060 47 19 nu
1124 1050 119 29 nämnt
1266 1049 169 31 avseende
1460 1049 110 30 skulle
1593 1048 58 31 lik-

143 1092 119 31 ställas
296 1092 78 31 med
396 1091 431 41 värnpliktstjänstgöring,
852 1091 163 31 inställde
1039 1091 53 41 sig
1115 1091 190 31 emellertid
1330 1091 114 31 starka
1468 1091 183 41 betänklig-

143 1133 105 32 heter.
277 1134 267 41 Möjligheterna
566 1134 54 30 till
643 1133 175 31 missbruk
840 1134 75 40 låge
938 1133 62 31 här
1023 1135 37 29 så
1083 1135 91 35 nära,
1199 1135 50 29 att
1272 1144 78 20 man
1374 1134 29 40 ej
1421 1135 103 39 gärna
1536 1133 115 31 kunde

143 1176 117 31 bortse
283 1176 75 31 från
382 1176 87 31 dem.
515 1176 68 31 Det
607 1176 175 31 medförde
806 1175 171 41 nämligen
1001 1175 74 31 icke
1099 1177 111 38 någon
1240 1175 198 32 omedelbar
1460 1176 124 31 verkan
1607 1177 44 40 på

142 1229 44 20 en
220 1218 120 32 kassas
375 1218 168 38 ekonomi,
572 1218 116 31 därest
711 1218 287 41 avgiftsbefrielse
1021 1217 221 32 meddelades
1266 1218 109 31 under
1398 1218 190 41 angivande
1611 1229 40 20 av

144 1260 158 41 sjukdom
327 1262 115 30 såsom
466 1261 101 31 orsak
589 1260 11 31 1
624 1260 42 32 de
689 1260 68 38 fall,
782 1261 44 30 då
849 1260 232 31 arbetslöshet
1104 1260 149 41 förelåge
1276 1271 78 20 men
1372 1260 279 31 understödsrätt

142 1303 75 31 icke
244 1314 80 20 vore
347 1303 53 31 för
422 1303 146 31 handen.
614 1303 60 31 Ett
697 1303 110 41 dylikt
830 1302 194 32 förfarande
1047 1302 115 31 kunde
1186 1302 156 32 däremot
1363 1302 57 31 vid
1444 1305 49 28 ett
1515 1303 136 41 förnyat

141 1345 312 32 arbetslöshetsfall
476 1345 160 38 medföra,
661 1347 49 29 att
727 1345 280 31 understödsriätt
1022 1346 146 39 ansåges
1185 1344 173 42 föreligga,
1375 1345 107 31 vilket
1495 1345 29 40 ej
1540 1345 110 31 skulle

143 1387 86 31 hava
244 1388 87 31 varit
346 1388 104 37 fallet,
469 1388 115 30 därest
601 1388 65 30 den
683 1388 91 30 förra
787 1387 349 31 arbetslöshetstideu
1148 1387 74 31 icke
1235 1387 186 31 markerats
1435 1389 114 29 såsom
1563 1387 88 40 sjuk-

142 1429 162 32 domstid.
350 1430 130 31 Risken
513 1430 53 30 för
599 1430 173 31 missbruk
795 1430 11 30 i
830 1430 95 30 detta
947 1429 198 31 hänseende
1168 1440 80 20 vore
1271 1429 116 32 vidare
1410 1431 44 39 på
1477 1430 110 40 grund
1610 1440 41 20 av

142 1472 184 31 kassornas
350 1472 242 31 konstruktion
617 1473 113 30 såsom
753 1472 195 30 rikskassor
970 1472 128 40 ganska
1122 1471 172 31 avsevärd.
1336 1472 207 30 Kontrollen
1566 1473 19 29 å
1608 1471 42 31 de

143 1514 170 31 särskilda
347 1514 267 40 avdelningarna
647 1514 113 30 kunde
794 1513 172 41 nämligen
1000 1513 74 31 icke
1108 1513 208 31 härutinnan
1351 1514 120 30 tänkas
1499 1514 91 30 bliva
1613 1515 38 29 så

144 1556 103 38 stark,
270 1558 51 29 att
344 1556 262 41 möjligheterna
629 1556 53 30 till
699 1556 175 31 missbruk
889 1556 72 30 helt
977 1555 114 31 kunde
1108 1555 205 31 elimineras.
1344 1555 176 42 Styrelsen
1536 1555 114 31 kunde

144 1598 115 31 därför
282 1598 74 31 icke
380 1598 108 31 heller
510 1609 92 26 anse,
627 1600 50 29 att
699 1598 183 40 tillräcklig
904 1598 150 30 kontroll
1077 1608 133 20 vunnes
1233 1597 79 31 med
1335 1609 42 19 en
1400 1598 184 36 föreskrift,
1602 1600 49 28 att

144 1640 232 41 sjukdomstid
410 1640 110 31 skulle
553 1640 203 31 borträknas
784 1640 57 31 vid
864 1640 171 41 prövning
1057 1651 41 28 av
1121 1640 285 40 avgiftsvillkoret
1429 1640 122 31 endast
1573 1640 11 30 i
1608 1640 43 31 de

143 1683 68 36 fall,
236 1683 43 31 då
302 1682 204 41 sjukdomen
531 1682 128 42 styrkts
682 1693 122 30 genom
828 1682 201 42 läkarintyg.
1072 1684 54 29 An
1150 1682 133 31 mindre
1307 1682 110 31 skulle
1441 1693 41 20 en
1506 1683 144 30 bestäm-

143 1725 106 31 melse
283 1736 55 19 om
372 1727 51 29 att
455 1725 97 41 intyg
574 1725 73 31 från
671 1727 124 29 tvenne
819 1735 166 31 personer
1008 1724 109 32 skulle
1141 1725 166 40 godtagas
1331 1726 113 30 såsom
1468 1725 106 37 bevis,
1598 1725 52 30 för

142 1769 51 28 att
216 1767 159 41 sjukdom
399 1767 173 41 förelegat,
597 1767 115 31 kunna
734 1778 102 20 anses
860 1778 78 19 vara
963 1767 328 31 tillfredsställande.
1326 1767 18 31 I
1361 1767 90 40 varje
1467 1767 58 30 fall
1540 1767 109 31 skulle

141 1820 123 30 genom
288 1820 42 20 en
355 1809 95 41 dylik
472 1809 293 41 kontrollapparat
783 1811 48 29 ett
847 1809 196 40 betydande
1057 1809 189 31 merarbete
1260 1809 156 31 åsamkas
1430 1809 221 41 försäkrings-

142 1862 158 30 organen.
346 1851 99 32 Inom
482 1851 333 41 sjukkasserörelsen
849 1851 88 31 hade
968 1862 78 20 man
1071 1851 28 41 ej
1125 1851 108 31 heller
1256 1853 114 29 ansett
1393 1851 53 40 sig
1468 1851 115 31 kunna
1605 1853 45 29 åt-

143 1894 98 39 nöjas
276 1893 121 31 enbart
420 1894 77 30 med
520 1894 98 40 intyg
640 1905 54 19 om
717 1895 49 29 ett
790 1893 240 40 sjukdomsfall
1054 1896 81 28 utan
1160 1893 87 31 hade
1271 1893 166 40 därjämte
1461 1895 112 29 ansett
1598 1893 53 41 sig

143 1935 187 41 förpliktad
363 1938 51 28 att
446 1935 111 31 införa
579 1935 65 31 den
668 1935 197 41 ytterligare
888 1935 341 41 kontrollmöjlighet,
1255 1946 74 20 som
1352 1935 75 41 låge
1450 1935 12 30 i
1486 1937 164 39 systemet

143 1977 77 31 med
244 1977 254 40 sjukbesökare.

198 2020 154 30 Behovet
370 2031 40 19 av
428 2031 41 19 en
487 2019 144 40 ändring
648 2019 11 30 i
675 2019 302 31 bestämmelserna
995 2018 113 32 kunde
1127 2019 52 30 för
1198 2019 110 40 övrigt
1326 2019 72 31 icke
1417 2019 115 41 längre
1550 2030 100 20 anses

146 2073 78 20 vara
241 2064 43 39 på
301 2073 127 19 samma
446 2064 68 28 sätt
532 2061 185 41 trängande
736 2072 73 20 som
828 2061 155 40 tidigare,
1003 2061 115 31 därest
1136 2061 188 40 styrelsens
1343 2061 129 41 förslag
1490 2072 54 20 om
1562 2061 88 31 bort-

146 2104 144 41 tagande
318 2116 40 19 av
386 2104 239 41 skyldigheten
653 2105 47 29 att
728 2105 153 39 nypröva
908 2103 286 41 avgiftsvillkoret
1212 2104 87 30 efter
1316 2114 42 20 en
1375 2103 133 31 kortare
1526 2103 125 31 arbets-

146 2147 208 40 anställning
377 2146 148 31 bifölles.

197 2222 285 41 Socialstyrelsen
504 2222 69 35 har,
597 2222 10 29 i
630 2222 149 40 enlighet
802 2222 76 30 med
901 2222 63 30 vad
986 2221 143 31 sålunda
1152 2221 141 37 anförts,
1318 2222 185 39 föreslagit,
1527 2224 48 28 att
1598 2222 48 30 be-

143 2273 257 31 stämmelserna
423 2284 53 18 om
498 2272 304 40 avgiftsvillkorets
826 2272 168 40 prövning
1017 2272 168 30 ändrades
1207 2274 43 38 på
1273 2272 121 30 sådant
1417 2274 76 34 sätt,
1517 2274 49 28 att
1588 2272 60 36 tid,

144 2324 107 30 under
271 2323 114 30 vilken
407 2323 143 30 medlem
574 2322 155 40 fullgjort
751 2322 432 40 värnpliktstjänstgöring,
1206 2322 72 30 icke
1301 2322 11 29 1
1335 2324 102 37 något
1460 2322 58 30 fall
1540 2322 109 30 skulle

144 2374 158 30 inräknas
327 2373 11 30 i
364 2373 65 30 den
454 2373 59 36 tid,
540 2373 91 30 inom
656 2372 112 30 vilken
795 2373 57 29 det
878 2372 212 30 föreskrivna
1114 2372 128 30 antalet
1267 2372 145 39 avgifter
1436 2372 108 30 skulle
1572 2383 76 19 vara

144 2424 115 39 erlagt.
300 2424 104 30 Detta
433 2423 158 40 betydde,
622 2425 48 28 att
702 2422 396 41 12-1nånadersperioden
1128 2424 149 28 närmast
1309 2423 52 29 för
1391 2422 257 30 arbetslöshets-

147 2474 113 30 fallets
281 2474 122 40 början
426 2474 108 30 skulle
558 2474 170 39 förlängas
751 2473 101 30 bakåt
876 2473 6 30 1
909 2473 93 30 tiden
1025 2473 75 30 med
1124 2475 37 28 så
1184 2473 77 40 lång
1284 2472 50 31 tid
1356 2484 72 18 som
1451 2472 198 41 värnplikts-

146 2525 272 40 tjänstgöringen
443 2527 101 27 varat.
