1896 2760
431 154 389 30 Jordbruksutskottets
840 154 179 30 utlåtande
1037 164 44 19 nr
1099 156 19 28 6
1137 155 39 29 år
1195 155 84 29 1962
1590 156 19 30 D

108 236 193 31 omfattade
320 247 43 20 en
381 238 152 29 kostnad
552 247 43 21 av
615 238 60 30 114
694 238 165 39 miljoner
877 241 141 27 kronor.
1038 239 65 31 Det
1123 238 158 30 faktiska
1300 238 138 30 utfallet
1458 239 80 29 med
1559 248 47 20 nu

106 288 159 39 gällande
284 288 254 39 bidragsregler
556 289 65 29 har
639 289 89 29 dock
747 291 142 28 stannat
907 289 58 30 vid
984 289 98 30 cirka
1101 289 40 30 98
1160 289 165 39 miljoner
1344 290 140 29 kronor.

150 338 65 30 Det
234 339 150 29 svenska
401 339 209 39 jordbruket
628 339 199 30 domineras
846 340 153 39 alltjämt
1015 358 45 3 —
1077 349 57 20 om
1153 349 84 20 man
1256 349 54 20 ser
1328 340 53 30 till
1400 341 131 29 antalet
1549 349 59 21 en-

105 389 98 29 heter
224 407 45 3 —
292 399 43 20 av
357 389 340 40 brukningsenheter
720 390 80 30 med
823 390 137 30 mindre
985 391 45 29 än
1055 390 39 30 10
1118 391 126 29 hektar
1268 390 93 30 åker.
1386 391 58 29 Ett
1467 391 139 39 mycket

106 441 87 28 stort
215 440 96 29 antal
334 449 42 21 av
396 441 102 29 dessa
519 440 143 30 enheter
684 448 58 32 ger
763 441 72 29 inte
858 441 76 30 sina
955 441 153 29 brukare
1130 450 43 20 en
1195 441 116 39 rimlig
1333 441 273 30 arbetsinkomst

105 490 59 29 vid
185 490 67 30 den
274 490 156 40 prisnivå
451 491 45 39 på
517 491 250 39 produkterna,
788 491 118 30 vilken
928 501 48 20 nu
999 492 107 39 gäller
1128 492 65 29 och
1216 501 74 21 som
1314 492 37 29 är
1373 492 132 39 avvägd
1528 492 79 29 med

106 540 90 39 syfte
220 541 45 39 på
287 541 345 40 basjordbrukarnas
655 542 386 39 inkomstlikställighet
1064 543 80 29 med
1167 542 341 30 industriarbetarna
1531 542 11 29 i
1566 543 41 29 de

106 591 45 30 då
169 591 59 30 två
245 592 113 38 lägsta
377 594 284 38 ortsgrupperna.
682 592 116 40 Enligt
816 593 67 29 vad
903 602 76 21 som
998 593 11 29 i
1028 593 95 29 olika
1142 592 256 40 sammanhang
1418 592 190 31 statistiskt

105 641 142 40 belysts,
268 642 92 30 lever
380 644 48 28 ett
450 645 87 27 stort
558 643 96 29 antal
675 643 228 29 småbrukare
924 643 45 39 på
988 652 44 20 en
1053 643 179 34 standard,
1255 652 74 21 som
1349 642 259 40 jämförelsevis

107 694 66 28 sett
194 692 112 30 måste
327 693 188 30 betecknas
536 703 76 20 som
633 693 357 30 otillfredsställande.

150 743 144 30 Liksom
316 743 262 30 motionärerna
599 744 11 29 i
632 743 220 31 motionerna
874 744 28 30 I:
918 743 64 31 496
1005 744 65 30 och
1093 743 45 30 II:
1155 744 62 29 570
1240 753 103 21 anser
1364 744 171 30 utskottet
1558 746 49 28 att

106 793 181 40 ingenting
308 793 244 31 framkommit
574 803 75 21 som
668 794 100 40 tyder
788 794 45 40 på
854 797 50 27 att
924 796 50 28 ett
994 794 157 30 minskat
1171 794 112 30 behov
1303 804 42 20 av
1366 794 143 30 särskilt
1531 795 77 29 stöd

107 844 35 29 åt
159 844 57 30 det
232 844 138 30 mindre
386 845 209 39 jordbruket
613 845 111 30 skulle
742 845 168 39 föreligga
925 845 12 30 i
955 845 221 30 förhållande
1193 845 53 30 till
1262 845 68 30 den
1348 845 166 34 stödram,
1533 854 75 21 som

107 896 76 37 togs
200 904 76 20 som
293 895 266 40 utgångspunkt
576 895 45 30 då
638 896 66 29 den
721 895 254 30 förutnämnda
992 895 234 39 utredningen
1243 904 57 21 om
1319 895 290 30 småbrukarstöd

107 944 200 31 utformade
325 946 76 30 sina
417 946 142 39 förslag.
577 946 14 29 I
608 946 173 30 avvaktan
797 946 46 39 på
858 946 68 30 den
941 946 173 40 prövning
1130 955 43 21 av
1191 946 324 30 småbrukarstödet
1533 954 74 21 som

107 1005 99 20 avses
223 996 61 29 ske
302 1003 123 32 genom
446 996 83 30 1960
547 996 57 30 års
620 996 392 40 jordbruksutredning,
1030 1006 103 20 anser
1150 997 171 29 utskottet
1339 998 50 28 att
1407 996 113 30 stödet
1536 996 72 30 tills

106 1046 118 29 vidare
247 1046 11 30 i
280 1046 137 40 princip
441 1047 89 29 skall
553 1047 84 39 utgå
658 1047 107 39 enligt
787 1047 42 30 de
852 1047 110 39 regler
984 1047 66 30 och
1072 1046 272 40 bidragsskalor,
1368 1056 75 20 som
1466 1046 142 30 framla-

106 1097 61 29 des
189 1106 42 20 av
252 1097 434 40 småbruksutredningen,
708 1097 90 30 dock
818 1098 80 29 med
919 1097 207 30 bortseende
1148 1097 81 30 från
1250 1097 58 30 det
1329 1097 206 39 kalvbidrag
1556 1099 54 27 ut-

106 1147 194 40 redningen
319 1147 160 40 föreslog.
499 1148 66 30 Det
583 1150 98 28 extra
698 1147 346 41 mjölkpristillägget
1062 1148 12 29 i
1092 1157 107 20 norra
1218 1147 136 40 Sverige
1373 1147 63 30 bör
1453 1147 158 30 emeller-

107 1197 51 30 tid
179 1198 204 39 uppräknas
403 1199 31 39 ej
458 1198 209 40 oväsentligt
687 1200 122 29 utöver
828 1199 67 29 vad
916 1198 235 40 utredningen
1171 1198 142 40 åsyftat.

154 1248 116 40 Enligt
288 1257 48 21 nu
353 1249 160 40 gällande
529 1249 137 40 princip
684 1249 101 34 skall,
801 1249 81 30 med
898 1248 94 31 vissa
1009 1249 144 30 särskilt
1171 1248 151 40 angivna
1339 1248 192 39 undantag,
1549 1257 61 30 ny-

106 1299 226 30 tillträdande
354 1299 235 40 jordbrukare
612 1299 71 30 inte
706 1299 134 31 erhålla
863 1299 225 40 arealtillägg.
1112 1299 55 30 En
1189 1300 246 29 motsvarande
1459 1299 150 30 bestäm-

107 1349 108 30 melse
247 1350 113 39 gällde
392 1351 87 29 även
511 1349 56 31 för
599 1350 362 39 producentbidraget.
995 1349 430 40 Småbruksutredningen
1457 1349 152 39 föreslog

107 1400 194 29 emellertid
316 1402 51 27 att
381 1399 269 40 ifrågavarande
665 1400 243 30 bestämmelse
925 1400 113 30 skulle
1053 1400 171 39 upphöra.
1240 1400 68 29 Till
1323 1400 116 29 denna
1453 1399 159 40 uppfatt-

107 1450 84 39 ning
213 1450 116 30 anslöt
352 1450 51 40 sig
424 1450 107 30 bland
554 1451 111 29 andra
685 1450 227 40 jordbrukets
935 1458 89 32 egna
1045 1450 279 40 organisationer
1345 1449 58 31 vid
1426 1449 183 31 remissbe-

106 1500 217 40 handlingen
339 1510 42 21 av
396 1501 253 39 utredningens
665 1500 232 31 betänkande.
914 1500 249 40 Nyssnämnda
1178 1500 245 30 bestämmelse
1439 1500 65 30 har
1520 1500 91 30 efter

106 1551 95 30 hand
219 1551 150 30 kommit
386 1553 51 28 att
453 1552 112 29 väcka
581 1560 44 21 en
643 1551 157 39 stigande
817 1551 177 30 irritation
1011 1551 107 30 bland
1136 1551 268 34 småbrukarna,
1422 1550 127 30 främst
1567 1559 42 21 av

107 1602 58 29 det
183 1601 112 31 skälet
314 1604 50 27 att
382 1611 83 20 man
483 1611 103 21 anser
604 1602 57 30 det
678 1611 84 21 vara
779 1601 162 31 orättvist
959 1603 51 28 att
1028 1602 42 29 de
1088 1610 76 22 som
1182 1601 128 39 många
1328 1601 128 39 gånger
1474 1601 78 30 bäst
1571 1601 38 29 är

106 1651 12 30 i
133 1651 111 31 behov
259 1661 42 20 av
315 1652 122 39 bidrag
451 1652 72 30 inte
539 1653 40 29 är
593 1652 213 39 berättigade
822 1654 50 28 att
888 1652 159 39 uppbära
1061 1652 197 30 detsamma
1274 1660 75 21 som
1364 1651 245 40 nytillträdan-

107 1702 42 30 de
166 1702 245 40 jordbrukare.
430 1703 177 30 Utskottet
626 1703 156 30 ansluter
802 1703 51 39 sig
871 1702 55 30 för
946 1702 54 30 sin
1018 1703 55 29 del
1093 1702 53 30 till
1164 1702 68 30 den
1250 1702 250 30 motionsledes
1518 1703 90 28 utta-

106 1753 78 29 lade
201 1752 284 40 uppfattningen,
504 1755 50 28 att
571 1753 228 40 möjligheten
817 1755 50 27 att
885 1753 134 30 erhålla
1035 1753 216 38 arealtillägg
1269 1752 44 39 på
1330 1753 101 38 högst
1449 1752 63 30 500
1530 1752 79 29 kro-

107 1812 64 21 nor
191 1803 65 30 har
275 1804 139 38 mycket
435 1804 75 29 litet
531 1805 50 28 att
602 1803 126 40 betyda
746 1803 58 30 vid
825 1804 41 29 de
887 1803 266 39 överväganden
1174 1812 75 20 som
1270 1812 43 20 en
1334 1802 194 39 presumtiv
1548 1811 61 30 ny-

107 1853 225 30 tillträdande
348 1854 235 39 jordbrukare
601 1855 69 38 gör.
688 1854 135 29 Takten
840 1854 11 28 i
870 1852 490 39 strukturrationaliseringen
1377 1853 98 29 torde
1492 1852 11 29 i
1521 1854 86 28 stort

108 1905 66 28 sett
196 1913 83 20 vara
303 1904 192 29 oberoende
518 1913 43 20 av
583 1904 68 29 hur
673 1904 94 29 detta
791 1904 76 29 stöd
890 1903 186 30 utformas.
1100 1903 58 29 Ett
1180 1903 195 38 betydande
1399 1903 95 29 antal
1519 1902 89 30 små-

106 1954 91 29 bruk
216 1954 111 29 måste
347 1955 179 29 dessutom
546 1954 79 29 med
645 1955 137 38 hänsyn
801 1954 52 29 till
872 1953 146 30 behovet
1039 1963 41 20 av
1100 1952 214 31 arbetskraft
1333 1952 209 31 förutsättas
1561 1952 46 29 bli

106 2004 186 30 bestående
314 2005 67 29 hur
403 2006 44 28 än
470 2004 489 39 strukturrationaliseringen
981 2004 181 29 utvecklar
1184 2004 60 38 sig.
1267 2003 176 30 Utskottet
1465 2003 143 38 tillstyr-

107 2055 62 29 ker
193 2054 121 30 därför
339 2054 321 40 motionsförslaget
686 2056 49 28 att
761 2054 162 39 samtliga
948 2054 274 39 nytillträdande
1247 2053 233 39 jordbrukare
1508 2053 99 33 skall,

106 2105 117 29 därest
245 2106 41 28 de
309 2105 175 39 uppfyller
506 2105 119 38 övriga
646 2105 278 39 bidragsvillkor,
946 2105 122 28 kunna
1090 2104 37 29 få
1148 2104 225 38 arealtillägg.

150 2155 227 29 Beträffande
399 2155 265 38 utformningen
685 2164 40 20 av
746 2155 269 38 arealtilläggets
1036 2154 243 38 bidragsskala
1299 2154 153 29 biträder
1474 2154 134 29 utskot-

107 2207 47 27 tet
173 2205 57 29 det
256 2205 3 28 i
279 2205 253 38 motionsparet
552 2206 28 28 I:
597 2204 63 30 496
679 2205 65 29 och
764 2205 44 28 II:
826 2204 61 31 570
908 2204 197 29 framförda
1124 2204 167 38 förslaget
1311 2204 50 28 till
1381 2203 97 39 dylik
1499 2204 107 28 skala.

107 2255 129 29 Därvid
260 2255 117 34 sättes,
400 2255 104 29 bland
528 2257 118 31 annat,
669 2255 65 28 den
758 2255 105 28 nedre
885 2254 248 38 arealgränsen
1156 2254 37 28 så
1216 2255 50 27 att
1288 2253 122 38 bidrag
1432 2253 70 29 kan
1525 2253 82 38 utgå

108 2304 78 30 från
205 2305 65 28 och
288 2305 78 29 med
385 2304 51 34 2,0
455 2305 125 29 hektar
599 2304 92 29 åker.
711 2304 128 29 Skalan
858 2303 54 30 för
931 2303 250 38 arealtillägget
1200 2303 61 29 bör
1280 2303 102 29 alltså
1400 2302 207 30 hädanefter

106 2355 45 28 ha
172 2354 157 39 följande
349 2355 181 30 utseende:
