1886 2796
544 178 380 32 Jordbruksutskottets
951 179 176 32 utlåtande
1152 189 44 21 nr
1221 180 29 29 2.
1612 177 15 29 1

811 492 60 40 Nr
898 493 35 40 2.

655 605 110 23 Ankom
783 605 43 23 till
845 605 156 30 riksdagens
1019 606 88 23 kansli
1126 606 52 23 den
1197 604 15 25 2
1229 606 122 24 februari
1370 604 66 26 1945
1453 607 36 22 kl.
1509 604 31 26 12
1559 613 35 16 m.

344 697 182 31 Utlåtande
547 700 10 29 i
577 698 187 38 anledning
784 709 42 20 av
847 699 124 37 Kungl.
994 700 120 36 Maj:ts
1138 701 216 36 proposition
1374 700 176 37 angående
1575 703 50 28 ut-

560 750 104 36 gifter
696 761 20 20 å
753 751 203 37 tilläggsstat
992 752 32 29 II
1060 752 52 30 till
1134 752 186 31 riksstaten
1344 753 56 36 för
1427 752 199 37 budgetåret

563 798 150 42 1944/45,
739 803 101 30 såvitt
864 804 260 36 propositionen
1151 814 99 21 avser
1273 804 350 37 jordbruksärenden.

1394 872 69 40 (1:a
1486 872 89 41 avd.)

166 979 171 31 Utskottet
365 979 55 31 får
446 981 202 36 härigenom
679 982 121 36 avgiva
826 981 179 32 utlåtande
1031 983 12 30 i
1070 983 186 37 anledning
1282 993 43 21 av
1353 984 123 36 Kungl.
1506 984 119 36 Maj:ts

122 1031 50 31 till
191 1032 186 37 riksdagen
395 1034 67 29 den
482 1034 18 29 4
518 1033 138 37 januari
679 1035 82 30 1945
780 1035 141 31 avlåtna
939 1036 224 36 proposition,
1183 1046 43 20 nr
1244 1037 29 35 2,
1293 1036 178 37 angående
1488 1037 141 36 utgifter

118 1081 23 31 å
161 1082 203 37 tilläggsstat
385 1084 31 29 II
435 1083 50 30 till
501 1084 186 30 riksstaten
704 1084 56 30 för
776 1084 203 37 budgetåret
1000 1081 149 41 1944/45,
1171 1086 12 29 i
1203 1086 67 30 vad
1290 1087 258 35 propositionen
1567 1097 57 20 av-

120 1143 55 21 ser
196 1134 297 37 framställningar
514 1136 191 30 berörande
727 1136 480 37 jordbruksdepartementets
1231 1138 392 31 verksamhetsområde.

165 1186 225 31 Beträffande
419 1187 227 37 utredningen
671 1188 12 30 i
711 1189 99 30 dessa
834 1189 154 30 ärenden
1014 1188 56 31 får
1096 1190 164 30 utskottet
1288 1190 147 31 hänvisa
1461 1191 51 29 till
1537 1195 86 26 mot-

121 1238 169 30 svarande
308 1239 150 35 punkter
478 1239 11 30 i
507 1240 259 36 propositionen
783 1240 141 36 bilagda
942 1241 126 36 utdrag
1085 1250 43 21 av
1149 1240 373 38 statsrådsprotokollet
1544 1244 82 29 över

118 1290 344 36 jordbruksärenden
482 1291 56 30 för
556 1292 65 29 den
638 1292 20 29 4
675 1292 138 36 januari
833 1293 84 30 1945
945 1292 125 39 (bilaga
1088 1294 20 29 9
1129 1303 24 20 s.
1174 1294 129 30 59—75
1322 1294 65 30 och
1406 1294 114 37 bilaga
1541 1295 36 30 17
1598 1305 25 20 s.

122 1341 200 40 119—127).

699 1500 355 52 Driftbudgeten.

565 1621 210 34 Nionde
810 1622 372 35 huvudtiteln.

538 1724 41 33 B.
626 1724 430 44 Lantbruksstyrelsen
1080 1737 51 22 m.
1156 1738 51 22 m.

167 1819 65 40 1:0)
261 1820 406 37 Lantbruksingenjörer
695 1823 66 30 och
786 1824 104 29 deras
913 1823 177 31 biträden:
1116 1824 225 36 Avlöningar.
1367 1825 74 30 Den
1470 1826 37 29 14
1537 1826 89 35 april

121 1872 83 29 1944
231 1871 194 31 fastställde
451 1872 121 36 Kungl.
600 1871 101 37 Maj:t
726 1883 42 21 av
792 1873 186 36 riksdagen
999 1875 165 35 godkänd
1187 1875 248 36 avlöningsstat
1461 1875 56 31 för
1541 1877 84 29 lant-

118 1921 307 37 bruksingenjörer
450 1923 64 29 och
541 1923 99 32 deras
664 1923 159 31 biträden
848 1927 49 27 att
921 1924 174 37 tillämpas
1120 1926 67 30 tills
1211 1926 117 30 vidare
1348 1925 85 32 från
1458 1927 65 29 och
1547 1928 79 29 med

119 1971 201 36 budgetåret
352 1969 152 34 1944/45.
533 1973 115 30 Staten
675 1977 168 33 upptager
872 1974 107 31 bland
1007 1978 106 27 annat
1141 1985 41 21 en
1212 1977 216 36 anslagspost
1455 1977 49 30 till
1534 1978 91 30 avlö-

118 2021 123 37 ningar
259 2022 50 30 till
329 2023 95 37 övrig
444 2023 266 32 icke-ordinarie
729 2026 161 34 personal
912 2024 20 31 å
955 2026 62 30 305
1032 2026 64 30 000
1119 2027 137 30 kronor.
1279 2027 111 37 Sagda
1411 2028 215 36 anslagspost

118 2073 40 30 är
175 2074 127 29 avsedd
320 2073 56 31 för
392 2074 194 30 avlönande
603 2085 42 20 av
664 2076 105 30 bland
788 2078 107 28 annat
915 2077 38 29 21
976 2079 95 28 extra
1091 2077 173 31 ordinarie
1281 2078 204 31 ritbiträden
1507 2079 8 30 i
1535 2079 90 30 löne-

117 2124 85 34 grad
231 2123 50 31 Eo
312 2125 16 28 7
359 2127 88 27 samt
477 2125 39 29 10
545 2127 95 29 extra
668 2125 172 31 ordinarie
868 2127 303 31 kontorsbiträden
1201 2129 10 29 i
1241 2129 163 36 lönegrad
1435 2129 49 30 Eo
1514 2130 19 29 4
1567 2129 60 37 (jfr

119 2181 97 27 prop.
239 2183 40 20 nr
301 2171 167 34 204/1939
490 2176 64 29 och
580 2175 45 29 IX
648 2176 41 31 H.
715 2176 36 31 T.
778 2177 81 29 1941
888 2186 24 22 s.
936 2178 33 35 8;
994 2188 25 21 r.
1043 2178 68 30 skr.
1134 2188 41 20 nr
1197 2175 166 35 349/1939
1386 2180 64 29 och
1474 2177 150 41 9/1941).

163 2223 14 29 I
197 2224 186 37 anledning
403 2235 42 20 av
466 2224 255 39 framställning
742 2226 78 31 från
841 2228 349 36 lantbruksstyrelsen
1210 2229 65 30 har
1296 2230 122 35 Kungl.
1440 2230 100 35 Maj:t
1560 2231 66 29 den

118 2274 20 28 4
159 2274 134 35 augusti
316 2275 83 30 1944
419 2275 220 36 bemyndigat
658 2277 165 35 styrelsen
842 2280 48 26 att
909 2277 67 30 tills
996 2278 118 30 vidare
1132 2280 110 30 under
1260 2279 201 36 budgetåret
1484 2278 141 32 1944/45

118 2323 63 32 hos
207 2323 384 37 lantbruksingenjören
618 2326 10 29 i
655 2326 167 31 Hallands
850 2328 59 29 län
935 2332 88 26 samt
1048 2324 183 41 Älvsborgs
1256 2330 75 30 läns
1357 2330 101 31 södra
1485 2331 53 30 del
1567 2340 58 21 an-

119 2374 99 30 ställa
237 2376 46 28 ett
302 2378 95 27 extra
419 2375 178 31 ritbiträde
617 2377 78 29 med
716 2377 175 37 placering
913 2378 9 29 i
944 2379 163 35 lönegrad
1129 2379 49 30 Ex
1200 2380 28 29 7.

163 2423 13 30 I
196 2424 163 30 skrivelse
381 2426 67 29 den
471 2426 38 30 15
530 2427 192 35 september
744 2429 82 29 1944
845 2428 64 30 har
928 2427 349 39 lantbruksstyrelsen
1297 2431 174 31 hemställt
1493 2442 56 20 om
1570 2433 55 30 be-

162 2488 109 32 Bihang
282 2490 42 24 till
336 2490 167 31 riksdagens
515 2491 145 31 protokoll
673 2493 74 23 1945.
769 2493 32 25 10
813 2493 80 25 saml.
915 2494 40 23 Nr
972 2493 22 24 2.
1579 2496 12 24 1
