1893 2836
306 183 39 28 14
657 180 113 31 Andra
784 181 219 38 lagutskottets
1017 182 161 33 utlåtande
1193 194 37 21 nr
1243 185 44 30 38
1300 184 36 32 år
1350 185 88 31 1969

349 260 15 31 I
383 260 195 32 sistnämnda
596 261 162 33 utlåtande
778 263 95 37 (2LU
896 264 94 32 1968:
1010 264 52 39 15)
1082 265 215 33 behandlades
1318 268 80 30 även
1415 267 304 41 motionsyrkanden
1737 278 53 22 om

303 314 200 41 uppräkning
523 325 39 22 av
582 316 246 41 studiebidraget
848 319 95 39 enligt
963 319 459 42 studiemedelsförordningen.
1443 322 205 32 Motionerna
1668 324 123 40 avslogs

303 369 74 32 med
397 369 63 32 den
480 370 238 41 motiveringen,
741 376 45 27 att
807 372 63 32 den
890 372 163 41 pågående
1074 374 106 31 starka
1201 374 160 41 ökningen
1381 385 38 22 av
1440 377 117 32 antalet
1578 377 105 32 elever
1703 377 88 32 inom

302 422 88 33 såväl
410 424 39 32 de
468 425 194 39 gymnasiala
681 426 62 31 och
763 426 132 32 därmed
914 427 179 40 jämställda
1113 428 232 33 skolformerna
1365 439 70 22 som
1455 430 53 32 vid
1528 431 182 32 universitet
1729 433 62 30 och

303 478 99 31 andra
425 478 172 41 högskolor
619 480 105 32 ställer
747 485 85 27 stora
855 482 78 31 krav
956 481 42 41 på
1021 482 180 32 samhällets
1225 493 139 23 resurser
1388 489 80 27 samt
1491 489 44 27 att
1557 485 53 32 det
1633 490 157 36 utrymme

303 542 70 22 som
391 533 63 31 kan
474 534 103 31 finnas
597 534 52 32 för
667 535 77 31 ökat
763 535 214 32 studiesocialt
996 537 71 31 stöd
1085 537 64 32 inte
1169 538 11 31 i
1199 538 100 31 första
1318 538 87 32 hand
1423 539 60 31 bör
1503 540 160 31 användas
1683 541 48 31 till
1749 551 40 21 en

302 587 200 41 uppräkning
517 598 39 21 av
572 588 246 41 studiebidraget
834 590 96 40 enligt
944 591 460 42 studiemedelsförordningen,
1421 594 64 31 Det
1500 594 165 32 framhölls
1681 594 108 38 också,

303 646 44 27 att
364 646 43 28 ett
424 642 89 32 bifall
529 643 46 31 till
591 643 293 41 motionsyrkandet
899 645 64 32 inte
980 646 104 32 ökade
1100 646 62 32 den
1180 647 205 31 studerandes
1403 648 98 31 totala
1517 647 129 42 tillgång
1661 648 46 32 till
1725 653 64 27 stu-

302 696 166 32 diemedel.

346 779 73 31 Den
435 779 178 41 utredning,
630 790 70 22 som
717 790 90 22 avses
823 782 11 31 i
850 782 187 32 hemställan
1053 783 11 32 i
1080 783 200 32 motionerna
1297 786 25 30 I:
1341 786 40 30 14
1398 785 62 32 och
1477 787 42 30 I:
1538 786 50 39 16,
1606 787 91 32 torde
1714 796 75 22 vara

301 832 89 32 1968
413 833 52 31 års
487 834 402 40 studiemedelsutredning.
914 837 106 40 Enligt
1043 838 359 40 utredningsdirektiven
1427 840 361 40 (Riksdagsberättelsen

304 886 84 30 1969
407 896 24 21 s.
452 888 78 36 324)
548 888 80 30 skall
646 889 53 30 vid
716 889 209 40 utredningen
942 892 115 37 prövas
1075 892 268 39 angelägenheten
1358 893 12 31 i
1386 893 154 31 reformer
1557 903 71 21 som
1643 899 49 26 tar
1709 894 80 31 sikte

300 939 42 41 på
357 940 83 32 vissa
453 941 177 40 kategorier
645 951 39 23 av
699 943 332 41 studiemedelstagare
1045 964 46 4 —
1104 950 21 27 t.
1138 955 48 22 ex.
1204 946 190 32 studerande
1411 947 136 41 familjer
1561 948 74 32 med
1651 948 78 31 barn
1744 967 45 4 —

300 1000 82 26 samt
397 995 83 31 vissa
495 995 107 41 frågor
618 1006 39 21 av
672 997 385 41 teknisk-organisatorisk
1072 1004 102 28 natur.
1190 1000 217 41 Utredningen
1422 1001 60 32 bör
1496 1002 146 31 däremot
1655 1003 64 31 inte
1734 1002 55 32 be-

300 1050 73 30 röra
387 1049 39 32 de
440 1050 256 40 grundläggande
711 1051 200 41 principerna
922 1052 51 31 för
986 1053 383 41 studiemedelssystemet.

300 1181 205 31 Motionerna
530 1182 107 31 1:460
665 1182 61 31 och
752 1184 45 30 II:
809 1184 66 30 532
903 1184 164 38 angående
1093 1185 131 40 höjning
1250 1197 39 21 av
1315 1188 396 40 inackorderingstillägget
1737 1190 51 37 för

300 1235 103 31 elever
417 1235 75 31 med
502 1241 80 26 stort
593 1236 206 32 skolavstånd
812 1239 50 37 (3)

344 1306 213 33 Studiestödet
574 1308 69 32 före
661 1309 180 32 införandet
860 1319 40 22 av
916 1311 412 41 studiehjälpsreglementet
1347 1313 122 41 byggde
1487 1314 42 31 bl.
1544 1324 28 23 a.
1593 1314 42 41 på
1653 1315 135 32 behovs-

298 1361 140 38 prövade
457 1361 179 40 stipendier.
655 1363 235 32 Inackorderad
906 1365 78 38 elev,
1002 1374 70 22 som
1089 1365 123 32 erhållit
1229 1366 202 40 stipendium,
1449 1368 107 31 kunde
1573 1369 80 31 även
1669 1368 119 32 erhålla

298 1414 110 40 bidrag
427 1415 46 31 till
491 1425 71 21 resa
580 1417 116 31 mellan
714 1417 165 32 hemorten
898 1419 61 30 och
978 1419 171 32 skolorten.
1169 1420 149 40 Bidraget
1335 1420 164 33 varierade
1515 1422 75 31 med
1609 1423 177 40 skoltypen.

297 1469 64 31 Det
373 1468 113 40 högsta
500 1470 117 31 antalet
628 1470 172 39 hemresor,
815 1481 69 22 som
897 1476 140 35 ersattes,
1051 1482 56 22 var
1120 1483 55 22 sex
1188 1483 57 31 per
1256 1473 92 33 läsår.

344 1523 421 42 Studiehjälpsutredningen
794 1526 148 41 föreslog,
973 1532 45 27 att
1046 1528 407 43 inackorderingstillägget,
1484 1541 70 22 som
1583 1532 102 32 skulle
1712 1531 74 41 utgå

298 1581 76 26 utan
391 1577 288 42 behovsprövning,
699 1579 99 32 skulle
817 1580 91 41 höjas
924 1582 47 31 till
991 1583 63 30 100
1071 1583 47 31 kr.
1137 1584 11 30 i
1165 1583 168 33 månaden.
1353 1585 235 40 Utredningens
1605 1586 119 40 förslag
1740 1587 47 31 in-

297 1631 99 31 nebar
420 1632 108 31 vidare
553 1637 45 26 att
621 1633 53 31 det
698 1634 155 31 särskilda
877 1635 211 41 resebidraget
1112 1636 46 32 till
1182 1638 249 32 inackorderade
1456 1639 205 40 stipendiater
1685 1640 101 31 skulle

297 1685 155 40 upphöra.

343 1740 14 30 I
379 1749 90 30 prop.
497 1740 94 32 1964:
611 1742 61 30 138
694 1742 74 31 med
789 1742 119 41 förslag
926 1743 46 31 till
993 1744 52 31 det
1066 1746 183 30 nuvarande
1271 1746 222 32 studiesociala
1513 1752 150 35 systemet
1684 1748 103 31 anslöt

297 1793 46 40 sig
359 1793 232 41 föredragande
606 1795 349 40 departementschefen
970 1797 46 32 till
1033 1799 224 39 utredningens
1274 1800 127 40 förslag.
1419 1800 66 32 Vid
1501 1800 286 41 riksdagsbehand-

297 1847 104 40 lingen
424 1848 212 32 framställdes
659 1850 241 40 motionsvägen
921 1851 79 31 krav
1023 1851 42 41 på
1087 1857 45 27 att
1154 1853 142 40 bidraget
1319 1853 47 32 till
1388 1854 164 32 hemresor
1573 1855 101 32 skulle
1697 1855 89 32 bibe-

296 1900 109 33 hållas.
432 1902 160 31 Särskilda
615 1903 152 32 utskottet
791 1905 158 39 avstyrkte
973 1905 11 31 i
1006 1905 162 32 utlåtande
1191 1916 38 21 nr
1256 1907 14 30 1
1297 1907 324 41 motionsyrkandena
1645 1909 61 31 och
1731 1918 55 22 an-

296 1955 91 32 förde
409 1956 111 31 därvid
539 1957 42 30 bl.
597 1966 39 29 a.,
659 1962 44 26 att
724 1959 62 30 den
804 1967 62 31 nya
885 1959 231 40 studiehjälpen
1136 1960 43 40 på
1199 1961 53 31 det
1270 1961 73 31 hela
1362 1966 84 35 taget
1465 1962 168 32 medförde
1651 1963 133 31 förbätt-

297 2009 104 40 ringar
417 2010 51 31 för
485 2011 105 31 elever
605 2011 53 31 vid
677 2012 61 30 alla
756 2012 66 40 slag
841 2022 39 21 av
897 2012 108 32 skolor
1022 2013 63 31 och
1103 2018 44 27 att
1164 2023 143 31 gruppen
1324 2015 250 32 inackorderade
1591 2016 104 32 elever
1712 2016 73 31 här-

297 2064 103 39 vidlag
424 2064 64 32 inte
513 2064 144 40 utgjorde
680 2064 97 41 något
801 2066 170 40 undantag.
998 2067 178 31 Kamrarna
1198 2069 153 31 stannade
1377 2069 10 31 i
1411 2069 86 31 olika
1519 2069 104 32 beslut
1645 2070 11 32 i
1680 2070 104 32 denna

294 2116 98 41 fråga.
408 2119 150 30 Besluten
572 2119 106 31 kunde
693 2120 65 31 inte
772 2120 277 40 sammanjämkas.

340 2170 94 33 Även
451 2173 52 30 vid
524 2172 82 31 1965
627 2173 62 30 och
711 2173 84 31 1966
815 2173 49 31 års
883 2174 163 40 riksdagar
1062 2176 216 32 behandlades
1296 2178 158 32 motioner
1471 2180 74 30 med
1563 2189 122 21 samma
1703 2180 81 39 syfte

295 2235 70 22 som
384 2226 39 31 de
444 2236 44 21 nu
507 2226 114 32 väckta
638 2228 200 31 motionerna
859 2228 95 38 (2LU
978 2229 95 31 1965:
1088 2230 43 31 46
1151 2231 61 31 och
1237 2231 95 32 1966:
1351 2232 64 38 14).
1436 2232 206 32 Motionerna
1661 2234 123 39 avslogs

296 2280 66 31 dels
377 2281 101 30 under
492 2281 124 31 erinran
631 2290 54 22 om
701 2286 45 26 att
760 2291 40 22 en
815 2291 39 21 av
869 2283 40 31 de
922 2283 140 32 bärande
1077 2284 200 40 principerna
1292 2286 53 31 vid
1359 2286 181 32 införandet
1554 2296 40 21 av
1608 2287 62 31 den
1685 2296 99 22 nuva-

294 2334 98 31 rande
413 2334 233 40 studiehjälpen
667 2344 56 22 var
745 2339 45 27 att
810 2345 75 21 man
907 2337 159 40 samtidigt
1089 2347 70 22 som
1179 2348 75 21 man
1276 2339 96 40 höjde
1394 2340 40 31 de
1455 2341 157 39 generella
1632 2340 150 41 bidragen

295 2388 100 31 skulle
417 2388 145 31 avskaffa
580 2388 204 41 mångfalden
804 2399 39 21 av
863 2390 148 39 speciella
1030 2390 112 41 bidrag
1161 2392 62 31 och
1243 2393 66 31 dels
1330 2393 101 31 under
1448 2393 189 41 hänvisning
1655 2394 47 31 till
1722 2396 61 30 vad

296 2442 154 32 särskilda
463 2442 152 33 utskottet
629 2443 82 32 hade
726 2443 104 31 anfört
843 2444 53 31 vid
909 2444 234 41 behandlingen
1155 2455 39 22 av
1205 2445 111 41 frågan
1333 2447 94 32 1964.

340 2533 69 30 Här
426 2532 53 31 må
495 2534 143 37 nämnas,
658 2537 44 27 att
719 2533 53 31 vid
788 2534 40 30 de
845 2534 53 31 två
915 2534 123 40 statliga
1054 2535 150 31 skolorna
1221 2536 51 30 för
1289 2546 105 21 vuxna
1408 2555 46 5 —
1470 2537 11 31 i
1497 2537 206 40 Norrköping
1719 2538 62 30 och

294 2587 192 31 Härnösand
503 2606 45 4 —
564 2585 91 41 utgår
671 2596 133 22 numera
821 2588 395 41 resekostnadsersättning
1233 2589 50 32 för
1298 2599 70 22 resa
1385 2589 72 32 från
1472 2590 166 32 hemorten
1655 2591 47 32 till
1718 2596 65 27 stu-
