1902 2834
488 159 380 32 Jordbruksutskottets
893 158 176 31 utlåtande
1094 158 49 31 Nr
1174 158 51 30 46.
1587 150 19 31 5

142 246 14 30 I
175 256 43 21 en
236 246 50 30 till
305 246 121 36 Kungl.
448 245 100 37 Maj:t
567 245 101 30 ställd
687 243 194 37 ansökning
900 244 68 29 den
988 244 39 28 12
1047 242 181 30 december
1249 241 82 30 1934
1351 241 65 29 har
1436 240 166 36 styrelsen

94 299 56 37 för
172 297 418 38 torrläggningsföretaget
614 292 124 33 Ätrans
761 294 167 37 reglering
950 312 45 4 —
1015 293 110 30 under
1147 291 218 36 åberopande
1388 300 44 20 av
1455 300 42 20 en
1521 293 82 26 utav

95 351 129 28 statens
245 346 342 37 lantbruksingenjör
607 346 31 30 S.
659 345 117 31 Hallin
794 345 79 30 med
893 344 135 30 biträde
1048 353 43 20 av
1111 343 85 36 gode
1215 343 82 29 män
1316 341 200 36 verkställd,
1536 341 66 30 den

98 400 39 30 10
162 399 181 31 december
370 399 84 29 1934
482 397 217 37 dagtecknad
726 395 184 36 utredning
936 412 45 4 —
1010 392 145 32 anhållit
1182 402 57 21 om
1265 392 160 30 befrielse
1450 392 56 30 för
1533 391 68 31 del-

95 452 130 35 ägarna
247 450 10 30 i
279 449 167 36 företaget
467 447 80 31 från
571 447 194 37 skyldighet
788 448 50 28 att
861 444 188 32 återbetala
1074 443 39 31 så
1135 446 70 28 stor
1227 444 55 29 del
1303 452 43 21 av
1367 442 236 31 omförmälda

95 501 51 30 till
169 501 168 36 företaget
361 499 173 37 beviljade
558 498 67 36 lån,
649 507 74 21 som
747 497 144 30 svarade
914 498 73 28 mot
1012 496 67 30 den
1104 495 54 30 del
1182 504 42 20 av
1249 493 180 31 beräknad
1452 492 149 37 jordför-

95 552 161 35 bättring,
279 560 75 21 som
376 550 192 37 respektive
589 549 159 36 delägare
769 548 75 30 icke
863 547 117 30 kunde
999 555 100 21 anses
1118 546 91 29 hava
1228 544 147 30 kommit
1395 544 10 30 i
1427 543 175 36 åtnjutan-

96 603 42 30 de
154 612 53 26 av,
226 602 81 30 eller
324 601 197 31 alternativt
538 609 57 21 om
611 599 197 36 beviljande
823 598 55 30 för
893 597 92 31 vissa
1001 606 42 21 av
1061 596 186 36 delägarna
1263 605 43 20 av
1323 594 209 36 statsbidrag
1548 593 55 30 för

96 653 207 36 vidtagande
320 662 43 21 av
379 651 132 31 sådana
526 650 169 37 åtgärder,
714 652 49 28 att
781 649 66 30 den
864 648 200 30 beräknade
1082 645 333 38 jordförbättringen
1431 644 56 31 för
1504 645 99 29 deras

100 704 55 30 del
182 704 223 36 uppkomme.
446 702 97 30 Efter
569 701 121 30 remiss
718 701 89 29 hava
833 699 203 31 utlåtanden
1064 697 12 31 i
1104 697 140 30 ärendet
1272 695 143 37 avgivits
1444 705 42 20 av
1514 694 89 30 läns-

98 755 207 36 styrelserna
332 753 9 30 i
372 752 213 36 Skaraborgs
612 752 66 29 och
705 747 184 39 Älvsborgs
919 750 58 29 län
1006 749 214 35 gemensamt
1247 747 67 29 den
1345 746 42 30 30
1418 745 187 30 november

102 806 94 35 1935,
216 804 121 31 därvid
356 804 111 36 fogats
486 803 183 37 yttranden
688 811 41 21 av
748 798 385 38 lantbruksingenjören
1153 797 118 31 Hallin
1290 800 89 27 samt
1398 795 207 31 landsfiska-

99 857 55 29 len
181 856 10 29 i
218 854 159 31 Vartofta
405 854 148 35 distrikt,
582 862 43 21 av
651 850 350 37 lantbruksstyrelsen
1028 850 67 30 den
1121 849 41 30 30
1189 848 139 36 januari
1359 848 84 29 1936
1470 847 66 30 och
1563 855 42 22 av

98 906 246 31 statskontoret
368 905 67 30 den
460 905 41 30 253
524 903 153 31 februari
704 903 94 30 1936.

147 1005 444 37 Torrläggningsföretaget,
615 1013 75 21 som
715 1004 37 29 är
775 1002 165 37 uppdelat
963 1000 45 38 på
1031 1000 58 31 två
1112 999 79 31 från
1215 999 172 30 varandra
1412 998 113 30 skilda
1550 1006 55 21 av-

102 1057 190 36 delningar,
314 1056 14 30 I
350 1056 66 30 och
437 1056 42 35 II,
501 1056 65 29 och
587 1055 100 30 berör
707 1053 160 36 omkring
890 1053 41 29 70
952 1051 210 36 fastigheter,
1185 1050 164 30 omfattar

185 1107 84 31 ÅKET
312 1131 50 6 cm
380 1131 26 5 es
413 1100 38 46 rese
469 1130 6 6 6
490 1100 29 46 ere
528 1100 12 46 iv
551 1100 21 46 ser
578 1100 15 46 er
601 1100 58 46 etter
667 1129 6 6 0
690 1100 27 46 ove
727 1100 21 46 sar
753 1100 18 46 för
779 1100 26 46 Busö
823 1128 5 5 1
853 1100 30 46 för
889 1127 28 6 KB
928 1100 11 46 SR
954 1100 27 46 GEL
1001 1124 51 8 BIN
1067 1100 14 46 BN
1090 1100 27 46 SAN
1155 1124 74 6 BER
1259 1100 110 29 697.63
1393 1099 125 30 hektar

186 1168 117 21 annan
333 1158 101 30 mark
483 1175 715 11 ....ssossseosessesererr
949 1152 34 44 er
996 1152 31 44 se
1040 1152 33 44 se
1084 1152 33 44 re
1128 1152 31 44 sr
1169 1152 34 44 ts
1201 1173 20 7 ..
1252 1151 110 29 217.74
1435 1160 12 15 »

143 1310 51 30 Av
213 1310 67 30 den
298 1308 263 36 sammanlagda
579 1307 137 31 arealen
734 1306 123 36 belöpa
874 1304 21 31 å
913 1304 185 35 avdelning
1118 1303 14 30 I
1152 1303 111 29 441.28
1280 1302 125 30 hektar
1424 1301 67 30 och
1510 1300 21 31 å
1550 1310 56 21 av-

102 1360 138 37 delning
261 1360 31 30 II
313 1361 111 29 474.09
446 1359 133 31 hektar.

143 1411 180 35 Företaget
342 1411 38 29 är
398 1409 149 30 slutfört.
576 1408 171 30 Arbetena
765 1408 90 29 hava
875 1406 171 36 godkänts
1067 1414 42 21 av
1129 1403 351 36 lantbruksstyrelsen
1500 1402 67 30 den
1586 1402 20 29 4

99 1461 194 37 september
316 1461 94 29 1929.

145 1511 252 35 Fördelningen
420 1509 46 38 på
487 1509 230 30 förenämnda
741 1506 91 31 båda
853 1506 225 35 avdelningar
1100 1514 43 21 av
1168 1504 102 35 areal,
1294 1502 141 36 båtnad,
1459 1502 149 31 kostnad

100 1563 66 29 och
187 1561 276 31 statsunderstöd
485 1558 153 38 framgår
662 1568 42 21 av
727 1557 156 37 följande
906 1556 115 31 tabell.

95 1607 154 32 ——
277 1607 18 32 —
315 1607 4 32 —
321 1607 2 32 —
335 1607 6 32 JF
353 1607 178 32 uuuu—eo—
539 1607 6 32 —=
549 1607 158 32 t—.KX
715 1607 4 32 r
751 1607 68 32 =
99 1615 1513 18 0s——=—===7fe==ess—===================e=ssmsmmsme

376 1655 2 40 |
624 1697 1 4 |
1115 1635 1 49 |
1252 1664 220 37 Statsunderstöd

180 1727 154 30 Avdelning
376 1708 2 21 |
466 1708 75 24 Areal
623 1703 3 50 |
696 1706 108 24 Båtnad
870 1712 1 5 |
935 1705 125 24 Kostnad
1115 1690 2 68 |
1197 1728 82 2 a
1579 1727 9 1 -

623 1756 3 40 |
1188 1754 99 28 Bidrag
1358 1734 2 41 |
1448 1750 58 25 Lån
1608 1771 2 20 |

456 1802 97 23 hektar
624 1798 2 38 |
696 1801 102 23 kronor
869 1820 1 16 |
942 1799 102 22 kronor
1114 1760 2 74 |
1187 1796 101 23 kronor
1358 1776 2 55 |
1431 1794 102 23 kronor

377 1856 1 3 |
621 1863 2 2 |
1114 1847 1 17 ”

150 1888 218 24 Iosssssssss
341 1876 30 46 ss
377 1864 2 35 |
459 1884 90 25 441.228
622 1869 1 40 |
678 1882 150 31 —289,279.—
925 1880 150 30 257,204.29
1114 1870 1 30 |
1187 1877 132 31 63,060.—
1358 1849 1 58 |
1416 1875 149 31 189,190.—
1609 1867 1 38 |

102 1944 2 43 |
139 1938 229 23 Moameneans
378 1934 171 48 47409
679 1932 148 31 123,008.90
869 1947 2 16 |
906 1910 15 57 —
943 1929 132 31 57,196.57
1187 1927 133 31 14,130.—
1358 1909 2 68 |
1432 1925 133 31 42,400.—

102 1991 2 29 |
251 1989 111 22 Summa
378 1987 2 29 |
460 1984 89 25 915.37
623 1983 205 32 '--412,287.90
870 1997 1 15 |
903 1976 12 43 —
926 1980 149 31 314,400.86
1187 1977 134 32 77,190.—
1359 1979 1 9 |
1390 1971 14 42 —
1416 1975 150 32 231,590.—

151 2067 66 31 Det
239 2066 53 30 till
314 2065 169 37 företaget
507 2063 172 38 beviljade
705 2062 243 36 statsbidraget
970 2061 65 30 har
1061 2059 130 37 utgjort
1216 2057 160 36 omkring
1401 2057 40 30 31
1470 2057 160 36 procent.

106 2128 42 20 av
168 2119 68 29 den
256 2116 38 31 år
316 2118 83 29 1924
420 2116 199 31 beräknade
639 2114 194 31 kostnaden
854 2113 55 30 för
930 2112 177 35 företaget.

151 2170 51 29 De
229 2167 173 37 beviljade
429 2165 240 38 odlingslånen
698 2168 175 28 motsvara
903 2166 47 28 ett
975 2163 126 36 belopp
1130 2171 42 20 av
1202 2160 160 35 omkring
1389 2159 64 29 429
1481 2159 130 29 kronor

107 2220 55 30 för
179 2220 126 30 hektar
339 2219 94 29 inom
453 2217 183 36 avdelning
658 2217 13 29 I
692 2217 64 29 och
776 2219 46 27 ett
840 2215 127 36 belopp
988 2223 42 20 av
1049 2212 161 35 omkring
1230 2211 42 30 89
1290 2211 130 29 kronor
1439 2209 56 30 för
1514 2209 97 29 hekt-

108 2280 39 21 ar
173 2270 96 29 inom
295 2269 185 35 avdelning
510 2268 41 30 II.
601 2267 208 30 Annuiteten
835 2264 21 31 å
883 2264 104 31 lånen
1014 2265 100 34 utgör
1142 2262 160 35 omkring
1330 2261 42 29 28
1400 2261 130 28 kronor
1558 2258 54 30 för

104 2322 125 29 hektar
268 2320 94 29 inom
403 2320 67 29 den
511 2319 95 29 förra
646 2318 65 29 och
739 2318 20 28 6
787 2317 130 28 kronor
946 2314 56 30 för
1029 2314 125 29 hektar
1184 2312 94 29 inom
1308 2311 67 30 den
1405 2319 120 21 senare
1554 2318 55 20 av-

109 2371 194 36 delningen.

149 2422 107 30 Lånet
278 2421 19 30 å
323 2422 136 34 178,500
483 2421 127 29 kronor
634 2419 87 29 skall.
744 2421 189 27 amorteras
955 2416 109 30 under
1088 2414 82 30 åren
1194 2413 214 30 1932—1957
1431 2412 66 29 och
1521 2410 91 30 lånet

106 2473 20 30 å
152 2473 119 34 54,140
296 2473 129 28 kronor
449 2471 110 30 under
585 2469 81 31 åren
694 2469 227 29 1934—1959.
959 2467 86 29 Plan
1071 2465 54 30 för
1151 2462 249 36 återbetalning
1425 2472 42 20 av
1493 2462 56 30 det
1574 2460 38 31 år

109 2524 83 30 1934
215 2522 171 37 beviljade
407 2521 93 30 lånet
522 2520 19 31 å
567 2521 94 35 1,830
683 2521 129 28 kronor
833 2519 63 29 har
920 2518 94 29 ännu
1037 2516 30 37 ej
1090 2514 97 32 blivit
1210 2513 182 31 fastställd.
