1879 2828
256 149 39 30 16
568 143 124 30 Första
708 141 244 40 lagutskottets
969 138 179 31 utlåtande
1163 146 43 21 nr
1221 137 41 30 38
1278 136 40 31 år
1335 136 83 30 1969

962 221 18 30 8
1005 221 27 38 8.

300 281 245 31 Nämndeman
565 279 173 41 tjänstgör
760 277 87 31 efter
869 276 143 30 kallelse
1033 284 42 21 av
1096 272 401 42 fastighetsdomstolens
1519 267 220 33 ordförande.

254 327 69 31 Till
348 326 235 41 tjänstgöring
609 325 62 30 bör
699 321 248 33 företrädesvis
972 320 113 30 kallas
1112 318 238 31 nämndemän
1376 316 81 30 från
1483 315 66 30 den
1577 314 165 38 domsaga

255 373 52 28 till
320 372 118 31 vilken
451 371 106 31 målet
571 370 159 30 närmast
742 368 65 30 har
821 366 229 41 anknytning.

716 466 269 32 Bestämmelser
999 474 57 21 om
1071 463 219 41 förfarandet

964 539 18 30 9
1007 538 27 37 8.

305 599 67 31 Om
391 598 56 30 det
465 598 129 30 behövs
614 596 53 30 för
686 595 187 39 utredning
892 594 10 30 i
922 592 151 31 särskild
1092 591 109 39 fråga,
1220 590 70 30 kan
1309 587 237 32 ordföranden
1566 585 179 41 uppdraga

261 646 35 30 åt
318 654 42 21 en
382 644 82 30 eller
485 643 88 30 flera
593 642 191 31 ledamöter
806 650 42 20 av
869 636 383 42 fastighetsdomstolen
1274 636 49 29 att
1344 633 189 31 verkställa
1555 630 190 32 undersök-

262 691 83 39 ning
368 690 44 40 på
433 689 148 41 platsen.
604 688 168 29 Parterna
796 685 89 31 skall
907 684 44 41 på
973 683 159 40 lämpligt
1156 682 68 30 sätt
1247 680 223 31 underrättas
1493 687 57 21 om
1573 676 96 31 tiden
1692 675 53 30 för

263 736 109 31 sådan
393 734 273 39 undersökning,
688 741 57 21 om
767 732 30 39 ej
822 729 308 39 undersökningen
1153 727 78 30 sker
1253 725 124 31 endast
1399 733 75 22 som
1495 720 251 33 förberedande

261 781 123 41 åtgärd
399 780 54 31 för
468 789 63 31 syn
545 779 45 40 på
605 778 125 31 stället.

961 838 37 30 10
1021 838 27 37 8.

308 894 356 40 Huvudförhandling
687 893 110 31 hålles
820 892 58 29 vid
903 900 64 31 syn
990 890 44 40 på
1059 889 114 30 stället
1197 889 93 32 eller,
1314 896 57 20 om
1397 895 63 30 syn
1484 886 29 38 ej
1541 884 139 32 behövs,
1705 883 44 38 på

264 943 91 40 plats
376 951 74 21 som
471 941 210 30 bestämmes
701 938 79 30 med
799 938 138 39 hänsyn
958 935 125 30 främst
1102 934 53 30 till
1176 935 50 28 att
1246 932 130 31 minsta
1396 930 144 40 möjliga
1560 927 189 32 kostnader

264 988 156 40 uppstår.

961 1044 36 30 11
1023 1044 26 37 8.

308 1104 67 31 Vid
400 1101 415 39 huvudförhandlingens
840 1099 126 39 början
991 1098 62 29 bör
1080 1095 237 32 ordföranden
1344 1094 81 30 eller
1453 1101 117 22 annan
1596 1091 152 30 ledamot

265 1151 79 29 kort
364 1149 169 39 redogöra
554 1147 53 30 för
631 1147 109 29 saken
760 1145 65 30 och
846 1144 40 30 de
908 1142 182 41 yrkanden
1113 1150 74 21 som
1209 1140 210 30 framställts
1438 1139 12 29 i
1470 1137 116 30 målet.
1608 1137 67 29 För
1697 1137 52 27 ut-

262 1193 148 40 redning
435 1193 12 30 i
473 1192 100 40 fråga
598 1201 43 20 av
665 1189 143 32 teknisk
833 1187 246 32 beskaffenhet
1106 1186 55 29 får
1187 1187 79 38 part
1293 1184 149 39 åberopa
1468 1181 138 40 ingiven
1636 1179 114 31 skrift.

266 1239 229 39 Redogörelse
518 1238 88 29 skall
627 1237 138 29 lämnas
785 1235 54 29 för
862 1233 169 31 skriftens
1051 1226 166 48 innehåll.

310 1284 66 31 Vid
398 1283 218 40 uppskjuten
637 1278 349 39 huvudförhandling
1010 1277 88 30 skall
1119 1275 105 31 målet
1247 1275 174 38 företagas
1444 1274 11 29 i
1478 1272 55 30 det
1557 1271 99 30 skick
1677 1270 74 30 vari

263 1329 59 31 det
345 1328 134 40 förelåg
500 1327 59 31 vid
583 1327 68 29 den
673 1325 148 39 tidigare
845 1322 324 39 handläggningens
1195 1320 79 30 slut.
1299 1319 72 30 Har
1396 1318 41 30 de
1461 1317 191 30 ledamöter
1678 1324 74 21 som

267 1374 58 30 vid
342 1374 56 30 det
417 1381 120 22 senare
556 1369 275 33 sammanträdet
848 1368 174 40 tjänstgör
1040 1368 11 29 i
1069 1366 195 30 domstolen
1280 1364 32 39 ej
1333 1363 143 39 deltagit
1492 1363 11 29 i
1521 1362 67 29 den
1605 1361 146 39 tidigare

268 1418 316 40 handläggningen,
606 1416 88 30 skall
714 1415 89 29 dock
822 1413 106 30 målet
946 1412 174 39 företagas
1138 1411 54 29 till
1211 1419 47 30 ny
1275 1406 359 39 huvudförhandling.
1654 1405 14 29 I
1688 1404 66 30 den

269 1465 81 30 mån
371 1464 56 30 det
446 1464 12 29 i
478 1462 123 31 sådant
621 1461 61 30 fall
702 1461 71 29 kan
793 1461 144 37 antagas
956 1467 84 21 vara
1058 1458 87 28 utan
1163 1455 175 40 betydelse
1357 1454 84 29 eller
1463 1452 111 31 skulle
1594 1450 159 31 medföra

268 1509 136 39 oskälig
424 1507 151 31 kostnad
596 1506 83 30 eller
702 1504 177 41 synnerlig
899 1502 192 40 olägenhet,
1113 1500 149 30 behöver
1283 1500 95 29 bevis
1402 1507 74 21 som
1497 1496 178 41 upptagits
1696 1495 57 30 vid

269 1554 147 40 tidigare
434 1550 261 33 sammanträde
712 1550 30 39 ej
764 1550 172 39 upptagas
953 1547 44 40 på
1015 1548 86 38 nytt.

966 1628 39 30 12
1028 1628 27 37 8.

313 1689 118 39 Yppas
447 1687 59 30 vid
522 1685 246 40 överläggning
785 1682 204 40 skiljaktiga
1004 1681 192 38 meningar,
1214 1680 177 38 tillämpas
1408 1676 346 40 rättegångsbalkens

271 1734 110 39 regler
405 1741 57 21 om
486 1730 218 39 omröstning
728 1730 11 29 i
763 1728 150 30 domstol
938 1726 79 30 med
1040 1725 123 30 endast
1186 1724 161 39 lagfarna
1370 1722 200 30 ledamöter.
1596 1720 65 31 Vid
1685 1729 70 20 om-

271 1777 159 40 röstning
454 1776 89 31 skall
565 1776 90 29 först
677 1773 237 31 ordföranden
937 1772 82 39 säga
1042 1771 54 31 sin
1118 1769 150 39 mening,
1293 1767 152 31 därefter
1469 1767 66 30 den
1559 1765 107 30 andre
1688 1765 69 39 lag-

273 1824 99 29 farne
386 1822 207 33 ledamoten,
610 1820 37 30 så
662 1819 66 30 den
741 1817 162 31 tekniske
917 1816 197 30 ledamoten
1128 1814 66 30 och
1209 1814 61 29 sist
1285 1812 318 30 nämndemännen.

808 1905 124 41 Övriga
959 1903 262 33 bestämmelser

970 1977 39 30 13
1032 1977 27 37 3.

318 2035 350 42 Fastighetsdomstol
691 2034 54 30 får
767 2033 54 30 för
844 2032 76 30 sina
943 2029 284 32 sammanträden
1250 2028 138 40 förfoga
1410 2028 78 30 över
1511 2026 180 40 behövliga
1711 2026 47 29 lo-

274 2084 98 29 kaler
386 2084 12 29 i
414 2079 332 41 domstolsbyggnad
762 2078 82 30 eller
861 2086 117 21 annan
994 2076 130 30 allmän
1140 2073 160 42 byggnad
1318 2082 76 21 som
1408 2072 30 40 ej
1459 2073 37 29 är
1513 2073 174 38 upptagen
1704 2070 54 30 för

278 2129 58 30 sitt
363 2126 258 39 huvudsakliga
649 2123 163 31 ändamål
839 2123 83 29 eller
949 2122 140 38 utgöres
1116 2129 42 21 av
1185 2118 307 41 gudstjänstlokal.
1520 2117 238 39 Uppkommer

272 2171 176 30 särskilda
461 2170 199 34 kostnader,
675 2169 147 30 ersättes
836 2167 42 30 de
892 2176 42 20 av
948 2165 219 31 statsverket.

973 2246 39 30 14
1034 2247 27 37 3.

321 2308 169 29 Närmare
504 2304 221 31 föreskrifter
741 2303 55 29 för
810 2301 267 40 tillämpningen
1094 2309 42 20 av
1150 2299 115 29 denna
1279 2299 56 38 lag
1349 2297 177 30 meddelas
1541 2305 42 21 av
1598 2296 165 38 Konung-

276 2362 54 21 en.

323 2433 123 29 Denna
464 2431 55 39 lag
537 2429 117 31 träder
673 2429 12 30 i
703 2427 95 30 kraft
818 2426 65 30 den
904 2425 65 40 dag
988 2424 196 40 Konungen
1202 2423 221 30 bestämmer.

320 2476 76 30 Vad
417 2484 75 22 som
512 2475 13 29 i
545 2475 100 38 lagen
666 2471 212 32 föreskrives
898 2468 223 32 beträffande
1142 2468 166 38 domsaga
1329 2467 80 38 äger
1430 2465 246 30 motsvarande
1697 2465 67 28 till-

276 2520 181 40 lämpning
470 2519 46 40 på
528 2518 224 31 rådhusrätts
766 2515 190 30 domkrets.
