1878 2822
450 154 123 30 Första
594 155 244 40 lagutskottets
860 158 179 30 utlåtande
1059 168 43 20 nr
1122 160 41 30 38
1185 160 38 30 år
1246 161 83 30 1969
1594 166 40 31 37

150 241 41 20 av
218 233 42 29 de
285 233 253 41 bedömningar
564 236 65 29 och
656 237 192 34 slutsatser,
877 247 74 20 som
981 239 383 40 departementschefen
1393 243 63 30 har
1485 245 147 30 kommit

151 285 91 29 fram
261 286 61 29 till.
342 287 202 31 Emellertid
562 289 59 30 vill
639 290 170 30 utskottet
827 291 55 30 för
901 292 54 30 sin
973 293 54 29 del
1046 293 191 41 kraftigare
1255 295 45 30 än
1321 305 74 21 som
1416 298 90 30 skett
1525 299 10 29 i
1555 308 77 30 pro-

148 339 198 39 positionen
371 341 127 30 betona
523 342 72 30 dels
622 343 66 30 den
714 344 176 40 betydelse
915 346 356 41 nämnddeltagandet
1295 350 10 29 i
1332 350 299 42 rättsskipningen

148 392 112 30 måste
284 395 101 28 antas
408 395 46 29 ha
478 395 54 30 för
556 397 254 31 allmänhetens
836 398 199 32 förtroende
1060 400 54 30 för
1140 402 247 36 domstolarna,
1415 405 72 30 dels
1512 407 119 29 värdet

149 455 42 19 av
212 448 50 28 att
284 447 409 42 lekmannasynpunkter
715 452 157 30 kommer
895 453 53 30 till
970 455 142 39 uttryck
1132 455 58 30 vid
1212 456 134 31 målens
1369 459 181 40 prövning.
1574 461 59 29 Ut-

150 500 130 31 skottet
297 501 59 29 vill
380 501 5 29 i
405 502 57 29 det
479 504 289 40 sammanhanget
788 506 114 30 erinra
922 515 56 21 om
999 509 49 28 att
1068 509 244 40 utvecklingen
1331 511 96 30 inom
1449 513 182 30 samhället

150 552 60 39 går
229 555 73 28 mot
322 556 50 27 att
392 555 386 42 lekmannainflytande
799 567 56 31 ges
876 561 176 38 utrymme
1071 561 45 40 på
1137 563 60 30 allt
1220 563 88 30 flera
1329 565 177 35 områden,
1528 567 103 39 något

149 615 75 20 som
243 606 144 31 bedöms
409 617 73 21 som
502 610 188 31 värdefullt
712 611 55 30 för
788 612 220 31 demokratin
1029 615 64 29 och
1115 615 55 30 för
1191 616 182 40 frågornas
1396 619 160 40 allsidiga
1576 621 56 29 be-

148 659 148 40 lysning.
316 660 66 30 Om
400 663 244 39 utvecklingen
664 665 89 29 skall
771 665 42 39 gå
831 666 34 30 åt
884 668 144 30 motsatt
1047 668 71 30 håll
1137 669 95 30 inom
1252 667 380 50 tvistemålsrättsskip-

149 713 139 39 ningen,
306 714 112 30 måste
434 715 126 31 krävas
579 718 120 29 starka
716 719 75 29 skäl
810 719 130 31 härför.

193 767 175 31 Utskottet
392 769 59 29 vill
476 772 73 27 mot
572 771 184 39 bakgrund
781 782 41 20 av
848 774 56 29 det
929 784 48 20 nu
1002 776 105 39 sagda
1133 776 88 30 först
1247 779 151 38 granska
1425 779 124 40 frågan
1575 790 55 20 om

149 822 364 40 sammansättningen
538 824 11 29 i
578 824 308 40 familjerättsmål,
914 829 143 30 varmed
1085 830 11 29 i
1126 831 94 29 detta
1249 833 255 40 sammanhang
1533 844 97 21 avses

149 873 71 30 mål
238 875 105 39 enligt
361 875 322 39 giftermålsbalken
702 880 65 29 och
785 879 293 33 föräldrabalken.
1099 884 81 29 Man
1199 885 110 30 möter
1329 886 65 30 här
1412 887 71 30 mål
1503 897 42 21 av
1564 889 66 29 den

149 929 52 27 art
226 936 74 21 som
321 929 10 29 i
356 929 247 32 diskussionen
627 941 55 20 om
709 935 467 40 sammansättningsformer
1202 938 150 31 framför
1376 941 61 29 allt
1462 942 99 30 torde
1585 942 45 30 ha

149 980 148 39 åsyftats
325 983 63 28 när
417 983 57 29 det
502 985 103 29 talats
634 994 56 20 om
719 986 71 30 mål
818 996 74 21 som
921 989 39 28 är
989 989 161 40 lämpade
1179 991 55 30 för
1262 993 260 41 handläggning
1550 997 79 28 med

147 1034 142 29 nämnd.
311 1035 228 32 Beträffande
560 1038 100 30 dessa
681 1039 70 30 mål
772 1040 64 30 har
858 1042 383 39 departementschefen
1265 1045 116 31 anfört
1403 1047 44 30 bl.
1463 1057 28 21 a.
1516 1050 50 29 att
1589 1050 41 29 de

148 1087 52 29 till
216 1087 196 40 betydande
430 1090 54 29 del
503 1091 38 28 är
559 1091 131 30 sådana
707 1095 49 28 att
773 1094 56 29 det
848 1095 174 40 knappast
1040 1097 70 29 kan
1129 1098 143 35 hävdas,
1292 1101 51 28 att
1359 1096 269 50 juristkollegial

149 1143 318 39 sammansättning
499 1145 112 29 skulle
642 1146 159 30 medföra
834 1149 109 29 större
977 1150 162 30 säkerhet
1170 1152 12 29 i
1214 1153 301 41 rättsskipningen
1549 1157 79 29 eller

147 1194 111 30 andra
277 1194 163 32 fördelar.

191 1247 79 30 Som
301 1248 155 40 framgår
483 1260 42 20 av
553 1253 260 38 propositionen
843 1255 63 29 har
937 1256 385 40 departementschefen
1352 1260 156 31 förordat
1541 1272 88 20 sam-

145 1301 401 40 mansättningsformen
562 1305 157 39 lagfaren
738 1308 140 30 domare
896 1309 65 29 och
979 1310 132 30 nämnd
1128 1312 11 29 i
1159 1312 68 29 alla
1245 1312 295 43 familjerättsliga
1559 1317 69 29 mål

147 1354 62 29 där
226 1355 57 29 det
299 1355 182 41 föreligger
499 1367 41 20 en
556 1359 117 40 tvistig
690 1361 81 29 eller
788 1362 157 30 tveksam
963 1362 99 41 fråga
1078 1373 56 21 om
1151 1365 157 31 vårdnad
1326 1367 81 30 eller
1426 1370 203 39 umgänges-

146 1408 79 28 rätt.
248 1408 52 29 Av
322 1410 196 38 avgörande
540 1412 176 39 betydelse
739 1413 53 30 för
817 1415 95 29 detta
935 1416 387 42 ståndpunktstagande
1345 1430 101 30 synes
1470 1422 46 29 ha
1540 1424 88 29 varit

146 1462 50 27 alt
217 1461 11 29 i
251 1461 101 30 dessa
372 1462 72 31 mål
465 1463 183 41 föreligger
672 1468 47 29 ett
741 1466 265 34 framträdande
1029 1471 326 37 samhällsintresse,
1379 1475 177 40 nämligen
1579 1479 49 27 ati

147 1513 123 40 frågan
294 1515 89 30 löses
407 1516 45 40 på
477 1517 56 30 det
558 1518 56 30 för
637 1519 122 32 barnet
784 1521 220 41 lämpligaste
1029 1524 113 35 sättet,
1169 1526 65 29 och
1260 1529 51 27 att
1336 1524 293 49 lekamnnainfly-

146 1568 106 29 tande
274 1568 121 31 därför
416 1570 37 29 är
477 1580 42 20 av
542 1572 141 30 särskilt
706 1574 106 30 värde
835 1575 57 30 vid
917 1575 142 41 frågans
1083 1579 180 40 prövning.
1289 1581 175 31 Utskottet
1489 1583 59 30 vill
1574 1583 54 31 för

147 1620 54 30 sin
221 1621 54 30 del
295 1621 187 32 framhålla
502 1626 49 28 att
571 1625 296 43 familjerättsliga
887 1629 71 30 mål
977 1631 54 29 till
1050 1631 238 41 övervägande
1309 1635 55 29 del
1384 1636 107 39 gäller
1512 1636 115 41 frågor

146 1683 74 21 som
245 1684 42 20 av
310 1677 239 40 samhälleliga
574 1680 76 29 skäl
674 1680 111 39 gjorts
808 1682 252 40 indispositiva.
1087 1686 50 29 De
1161 1695 98 21 avser
1285 1687 74 30 ofta
1384 1688 243 33 förhållanden

145 1737 119 20 varom
293 1729 212 31 lekmännen
532 1732 65 29 har
625 1734 64 38 god
719 1734 198 31 erfarenhet
946 1737 64 29 och
1039 1738 100 30 deras
1166 1740 213 31 medverkan
1408 1743 70 29 kan
1509 1744 118 30 därför

145 1790 84 20 vara
247 1790 43 21 av
308 1784 86 28 stort
412 1784 114 30 värde.

190 1835 71 29 Mot
276 1836 184 39 bakgrund
477 1838 108 30 härav
602 1840 65 29 och
682 1841 67 29 vad
764 1850 88 21 ovan
870 1842 79 31 från
967 1853 75 20 mer
1059 1846 177 30 allmänna
1254 1848 302 40 utgångspunkter
1575 1854 53 27 ut-

145 1888 104 29 talats
276 1897 55 21 om
358 1890 122 30 värdet
506 1901 42 20 av
574 1893 404 33 lekmannamedverkan
1003 1898 11 29 i
1042 1899 300 41 rättsskipningen
1370 1903 60 29 vill
1458 1905 169 29 utskottet

146 1940 142 31 förorda
314 1944 49 28 att
389 1943 305 42 handläggningen
720 1948 57 29 vid
806 1949 150 30 särskild
982 1951 349 43 huvudförhandling
1357 1956 12 29 i
1398 1957 190 30 allmänhet
1616 1959 11 29 i

145 1994 70 29 mål
235 1995 106 39 enligt
360 1996 323 39 giftermålsbalken
702 2001 64 29 och
786 2000 283 34 föräldrabalken
1090 2006 88 29 skall
1198 2008 217 40 ombesörjas
1434 2019 42 20 av
1497 2020 41 20 en
1559 2012 69 38 lag-

146 2047 99 29 faren
271 2048 141 31 domare
438 2051 65 28 och
528 2052 141 30 nämnd.
697 2054 116 39 Enligt
840 2056 169 30 utskottet
1035 2058 63 29 bör
1125 2059 120 30 därför
1270 2061 12 29 i
1311 2070 42 20 en
1379 2071 48 30 ny
1453 2065 173 38 paragraf,

144 2100 40 29 29
212 2100 27 37 $,
263 2102 11 28 i
300 2102 38 29 15
364 2102 78 40 kap.
468 2103 322 39 giftermålsbalken
815 2107 214 33 föreskrivas
1054 2113 50 28 att
1128 2113 11 28 i
1165 2113 297 41 äktenskapsmål,
1487 2117 140 30 boskill-

144 2154 171 34 nadsmål,
340 2155 71 30 mål
436 2157 150 30 rörande
610 2158 186 42 bodelning
822 2162 65 29 och
913 2162 71 30 mål
1010 2172 56 21 om
1093 2166 185 31 underhåll
1306 2168 82 30 eller
1416 2170 210 31 skadestånd

146 2215 74 21 som
240 2216 98 21 avses
358 2209 10 28 i
389 2209 154 30 nämnda
562 2211 83 30 balk
666 2213 89 29 skall
776 2215 181 31 underrätt
977 2217 98 30 bestå
1096 2228 42 20 av
1157 2229 43 20 en
1220 2220 157 40 lagfaren
1400 2222 141 31 domare
1563 2225 63 29 och

144 2260 132 30 nämnd
297 2261 57 30 vid
377 2262 260 42 handläggning
661 2274 73 21 som
758 2276 129 22 annars
911 2269 113 31 skulle
1046 2271 46 29 ha
1115 2273 209 40 ombesörjts
1349 2285 42 20 av
1413 2276 214 39 juristkolle-

145 2313 104 38 gium.
269 2314 75 30 Den
363 2318 475 40 sammansättningsformen
856 2322 62 29 bör
937 2323 106 31 också
1061 2326 178 31 användas
1259 2327 56 31 för
1334 2331 107 28 annat
1461 2330 70 31 mål
1553 2340 72 21 som

144 2367 158 29 kommer
322 2377 71 31 upp
415 2370 11 29 i
449 2378 135 22 samma
605 2372 191 41 rättegång.
820 2375 237 41 Erforderliga
1079 2379 110 39 regler
1213 2389 56 21 om
1294 2382 244 42 överläggning
1563 2386 63 29 och

144 2420 218 40 omröstning
384 2422 43 29 då
450 2423 132 31 nämnd
605 2425 111 30 deltar
739 2427 69 30 kan
832 2428 189 41 lämpligen
1042 2431 93 32 intas
1158 2433 11 30 i
1195 2443 40 21 en
1260 2444 47 31 ny
1331 2435 40 31 30
1399 2436 27 37 83.
1451 2438 174 31 Utskottet

143 2473 235 32 återkommer
398 2476 10 29 i
432 2476 56 30 det
511 2477 157 40 följande
689 2481 80 29 med
793 2483 217 39 synpunkter
1033 2485 45 39 på
1100 2487 365 42 omröstningsregeln.
1490 2491 14 29 I
1528 2492 98 40 fråga
