1916 2856
353 175 17 26 8
562 176 103 28 Första
686 173 187 31 kammarens
891 178 117 26 andra
1027 177 149 35 tillfälliga
1197 176 123 28 utskotts
1340 176 151 28 utlåtande
1509 175 43 29 Nr
1569 158 23 45 7.

320 254 121 32 ställda
459 265 40 21 av
515 255 90 31 växt-
623 255 60 31 och
701 255 141 32 animala
858 257 120 30 ämnen
995 257 78 30 eller
1090 267 42 21 av
1148 257 118 31 enbart
1283 257 188 31 mineralier
1489 257 78 31 eller
1584 256 224 38 blandningar

321 299 112 31 därav.
464 300 64 30 Det
547 309 77 22 vore
643 301 131 37 mycket
793 305 126 27 vunnet
938 302 75 30 med
1033 305 47 28 ett
1100 302 183 38 stadgande
1305 306 49 27 att
1374 302 207 31 deklaration
1600 302 77 30 över
1696 301 112 31 bered-

319 344 124 39 ningen
465 345 58 30 och
543 346 339 38 sammansättningen
902 357 42 20 av
963 346 113 39 dylika
1095 347 204 31 fodermedel
1320 347 96 31 alltid
1437 347 104 31 skulle
1562 346 122 38 åtfölja
1704 355 104 22 varan

319 390 58 31 vid
395 390 252 39 salubjudande,
668 392 153 30 ävensom
838 395 51 28 att
906 401 121 22 varans
1045 392 201 39 benämning
1265 392 103 31 skulle
1388 402 97 22 svara
1502 396 67 27 mot
1588 392 73 30 dess
1681 391 127 31 beskaf-

320 435 124 32 fenhet.

361 481 50 31 De
434 490 41 21 av
497 481 246 32 motionärerna
765 482 52 31 till
839 482 75 31 stöd
938 482 54 31 för
1015 483 291 38 framställningen
1329 482 184 38 åberopade
1537 482 112 31 skälen
1673 492 42 21 av
1738 481 70 31 icke

319 526 173 38 hygienisk
504 530 101 27 natur
619 527 96 31 torde
729 527 219 39 undandraga
962 528 51 38 sig
1027 527 357 38 Medicinalstyrelsens
1399 527 211 31 bedömande.
1647 527 53 30 Då
1715 526 93 31 emel-

319 571 101 31 lertid
434 572 245 31 motionärerna
696 582 98 28 synas
809 572 82 38 vilja
908 572 176 39 uppdraga
1101 582 40 21 en
1158 573 152 37 parallell
1325 573 121 30 mellan
1463 573 40 30 de
1520 573 10 29 i
1546 572 166 31 motionen
1728 571 80 30 ifrå-

320 620 129 34 gasatta
463 616 287 32 bestämmelserna
765 617 59 31 och
839 617 154 39 gällande
1008 617 409 39 livsmedelslagstiftning,
1435 618 60 30 vill
1511 617 169 38 Styrelsen
1697 616 111 32 erinra

320 671 52 20 om
400 665 50 27 att
475 661 215 32 beträffande
716 672 40 21 en
782 662 400 39 livsmedelslagstiftning
1208 663 11 29 i
1246 663 64 30 den
1335 663 204 38 omfattning
1564 662 245 31 motionärerna

320 706 93 31 torde
429 717 74 21 avse
517 726 42 4 —
573 707 178 31 tillåtande
768 718 40 20 av
824 708 66 30 viss
904 707 200 39 benämning
1120 708 19 30 å
1156 708 183 31 saluhållen
1355 718 82 21 vara
1453 708 85 30 först
1555 718 53 21 om
1623 707 87 31 vissa
1726 707 82 30 krav

318 751 11 30 i
346 751 98 39 fråga
460 762 52 20 om
527 752 139 31 kvalitet
683 752 172 39 uppfyllas
871 772 43 4 —
930 753 116 31 endast
1063 762 40 22 en
1120 752 182 39 utredning
1319 753 54 30 för
1391 752 210 31 närvarande
1618 752 188 38 föreligger.

319 797 70 31 Vår
410 797 193 31 nuvarande
626 797 402 39 livsmedelslagstiftning
1050 808 94 20 avser
1165 798 167 38 nämligen
1355 798 36 31 så
1414 801 71 35 gott
1506 808 68 20 som
1596 796 212 32 uteslutande

318 842 247 39 förebyggande
582 853 41 20 av
639 843 194 38 hygieniska
848 843 219 38 olägenheter,
1084 847 148 27 varemot
1248 843 241 31 bestämmelser
1508 843 10 30 i
1535 843 88 38 syfte
1640 845 51 28 att
1707 841 100 39 regle-

320 897 36 21 ra
370 887 172 32 saluförda
557 887 187 32 livsmedels
758 888 138 31 kvalitet
913 888 91 31 ännu
1019 888 11 29 i
1046 891 84 28 stort
1147 892 64 27 sett
1227 888 126 30 saknas.
1392 888 118 31 Denna
1526 887 171 32 kännbara
1714 886 93 37 brist,

319 932 110 31 vilken
449 932 103 39 enligt
572 932 358 39 Medicinalstyrelsens
950 932 216 31 förmenande
1187 936 129 27 snarast
1336 932 101 31 borde
1457 933 109 39 fyllas,
1589 932 60 31 bör
1670 931 139 40 givetvis

321 977 67 31 icke
408 978 119 38 utgöra
545 977 120 31 hinder
686 978 55 30 för
761 977 182 39 utredning
963 977 59 31 och
1042 977 127 38 förslag
1190 977 11 30 i
1221 977 260 31 motionärernas
1503 978 97 37 syfte.

360 1023 114 30 Under
493 1022 209 38 åberopande
721 1033 41 20 av
780 1022 64 31 vad
862 1022 141 31 sålunda
1021 1022 130 30 anförts
1171 1022 55 30 får
1245 1022 340 38 Medicinalstyrelsen
1607 1022 117 31 därför
1743 1021 64 31 till-

319 1068 114 38 styrka
453 1067 63 31 den
537 1067 11 30 i
568 1068 221 30 förevarande
808 1067 124 31 motion
952 1067 189 38 föreslagna
1163 1066 232 38 utredningen.

857 1148 102 32 NILS
984 1146 279 33 HELLSTRÖM.

359 1193 73 31 Nils
454 1192 190 40 Frykholm.

1357 1237 20 39 /
1402 1238 35 32 OC.
1460 1239 38 29 B.
1522 1248 63 21 von
1608 1239 156 30 Mentzer.

360 1284 187 31 Stockholm
570 1284 64 30 den
658 1284 39 30 21
721 1283 147 31 februari
893 1284 89 30 1931.

360 1570 65 31 Till

549 1634 205 39 Riksdagens
777 1634 106 31 andra
905 1635 180 31 kammares
1109 1635 106 30 andra
1239 1634 170 40 tillfälliga
1431 1637 135 31 utskott.

359 1714 78 31 Med
460 1715 179 38 anledning
663 1725 41 21 av
727 1715 114 38 begärt
862 1715 158 38 yttrande
1045 1716 170 37 angående
1237 1716 205 32 motionerna
1463 1727 42 20 nr
1528 1718 47 37 28,
1600 1727 41 20 nr
1665 1717 59 30 329
1747 1717 59 30 och

317 1767 42 22 nr
379 1759 38 30 91
439 1759 54 31 får
513 1759 152 39 Sveriges
685 1760 178 31 Allmänna
882 1760 336 39 Lantbrukssällskap
1240 1761 117 32 anföra
1377 1762 161 38 följande.

359 1804 50 31 De
435 1804 84 32 båda
544 1805 233 31 förstnämnda
801 1806 205 30 motionerna
1031 1809 164 34 utmynna
1221 1806 11 30 i
1258 1816 39 21 en
1322 1806 205 39 hemställan,
1554 1811 50 27 att
1630 1807 173 38 riksdagen

317 1849 102 31 måtte
440 1850 131 31 anhålla
593 1850 59 31 hos
674 1850 122 38 Kungl.
818 1851 105 37 Maj:t
945 1854 50 27 att
1016 1850 157 39 åtgärder
1193 1851 151 38 vidtagas
1365 1852 12 30 i
1399 1852 89 38 syfte
1508 1856 49 27 att
1578 1852 62 31 öka
1661 1852 144 31 använd-

317 1895 125 38 ningen
465 1905 41 21 av
528 1896 133 30 svenskt
684 1897 86 29 smör
791 1896 57 30 vid
872 1896 135 38 statliga
1030 1896 237 38 inrättningar,
1293 1896 165 31 motionen
1482 1907 41 20 nr
1547 1898 59 30 329
1634 1897 172 31 ävenledes

318 1940 10 29 i
347 1949 40 21 en
404 1940 194 31 hemställan
617 1951 53 20 om
687 1941 143 38 ändring
849 1951 41 20 av
908 1941 152 38 gällande
1078 1941 501 38 upphandlingsbestämmelser,
1600 1942 35 31 så
1654 1946 51 27 att
1724 1942 81 31 leve-

319 1994 114 22 ranser
469 1996 40 20 av
545 1986 358 38 lantbruksprodukter
928 1986 53 31 till
1006 1986 134 38 statliga
1165 1985 227 39 inrättningar
1418 1988 53 29 må
1495 1988 113 30 kunna
1634 1988 172 37 övertagas

318 2030 109 31 direkt
449 2041 41 20 av
512 2031 275 37 producenterna.

359 2076 378 37 Lantbrukssällskapet,
758 2086 67 20 som
845 2076 43 38 på
908 2076 56 31 det
984 2076 164 38 livligaste
1168 2077 190 30 instämmer
1378 2076 10 30 i
1410 2076 83 32 båda
1515 2078 92 30 dessa
1628 2077 177 31 motioners

318 2120 97 38 syfte,
439 2121 119 30 saknar
580 2121 185 31 emellertid
785 2121 181 37 anledning
989 2124 49 27 att
1061 2121 40 37 gå
1122 2122 153 30 närmare
1298 2122 34 29 in
1355 2122 43 37 på
1420 2121 257 39 ifrågavarande
1700 2123 104 37 spörs-

317 2165 75 38 mål,
421 2167 80 29 enär
527 2166 177 38 riksdagen
731 2166 73 31 med
830 2166 181 38 anledning
1039 2176 40 20 av
1106 2175 111 22 annan
1245 2167 122 30 motion
1395 2166 103 31 redan
1525 2167 143 31 beslutat
1695 2167 110 31 avlåta

317 2211 156 31 skrivelse
492 2211 51 31 till
563 2211 125 38 Kungl.
709 2212 103 37 Maj:t
831 2222 40 20 av
890 2211 10 30 i
921 2212 173 31 huvudsak
1113 2222 123 21 samma
1256 2212 146 31 innehåll
1422 2222 67 20 som
1510 2213 10 29 i
1539 2213 205 30 motionerna
1764 2222 41 20 nr

318 2257 38 30 28
379 2257 61 30 och
462 2257 59 31 329
544 2257 199 38 föreslagits.

358 2301 78 31 Med
457 2302 180 38 anledning
659 2312 42 20 av
721 2302 164 30 motionen
905 2312 42 20 nr
971 2303 37 29 91
1031 2302 58 30 vill
1110 2302 369 38 Lantbrukssällskapet
1500 2303 146 31 vitsorda
1668 2303 137 30 behovet

318 2356 41 21 av
379 2356 40 21 en
441 2347 181 38 utredning
643 2356 53 21 om
719 2347 134 38 skärpta
874 2347 389 31 kontrollbestämmelser
1284 2348 53 30 för
1358 2348 121 30 handel
1502 2348 72 31 med
1595 2346 210 39 konstgödsel

317 2392 60 30 och
394 2392 198 31 kraftfoder.
634 2392 142 31 Särskilt
793 2401 95 29 synes
907 2392 56 31 det
981 2401 79 21 vara
1078 2392 216 38 nödvändigt,
1319 2396 54 37 att
1391 2392 48 31 det
1459 2402 113 28 genom
1591 2391 214 40 lagstiftning

317 2436 204 38 förebygges,
547 2440 49 28 att
620 2436 192 31 kraftfoder
836 2436 159 38 utbjudes
1019 2436 59 31 och
1102 2436 156 38 försäljes
1281 2437 107 31 under
1413 2436 139 39 felaktig
1576 2437 79 32 eller
1681 2436 123 31 vilsele-

317 2482 109 31 dande
443 2482 199 38 benämning
658 2485 84 27 samt
759 2485 49 27 att
823 2481 198 31 åtminstone
1038 2481 53 31 för
1107 2481 87 31 vissa
1211 2481 201 32 fodermedel
1430 2482 73 30 med
1519 2483 106 31 starkt
1642 2481 162 32 växlande

316 2527 297 39 sammansättning
633 2527 118 31 liksom
771 2527 53 30 för
845 2525 417 40 kraftfoderblandningar
1283 2527 19 31 å
1323 2527 94 39 varje
1439 2527 76 31 säck
1536 2527 134 40 angives
1691 2526 113 32 halten
