1902 2802
524 162 295 33 Statsutskottets
850 163 188 33 utlåtande
1069 165 52 31 Nr
1144 165 52 30 85.
1549 169 17 28 1

784 495 60 39 Nr
870 494 62 41 85.

609 603 109 24 Ankom
740 604 41 23 till
802 603 162 32 riksdagens
984 604 88 24 kansli
1094 605 53 24 den
1169 607 31 22 26
1221 607 69 30 april
1314 608 63 22 1927
1398 608 34 22 kl.
1454 610 13 21 4
1487 616 22 15 e.
1529 617 37 15 m.

219 693 191 33 Utlåtande
438 696 14 29 i
473 695 191 37 anledning
686 705 45 22 av
754 696 95 31 vissa
872 705 44 22 av
940 696 130 37 Kungl.
1095 697 104 37 Maj:t
1221 699 13 30 i
1256 700 351 37 statsverksproposi-

416 747 119 31 tionen
568 747 126 36 gjorda
727 747 306 37 framställningar
1056 758 58 21 om
1137 750 263 37 dyrtidstillägg
1421 751 39 31 åt
1482 751 126 37 befatt-

414 798 234 37 ningshavare
682 800 12 30 i
727 801 134 30 statens
896 800 111 36 tjänst
1029 810 45 21 m.
1099 811 46 20 m.
1169 802 111 35 jämte
1303 803 13 30 i
1337 804 119 30 ämnet
1479 804 127 31 väckta

414 851 182 31 motioner.

1384 904 63 35 (4:e
1469 906 93 34 avd.)

147 1021 18 31 I
188 1021 66 32 den
278 1022 58 31 till
360 1023 188 36 riksdagen
571 1023 67 31 den
661 1025 19 29 4
702 1024 145 36 januari
870 1024 83 31 1927
977 1024 145 31 avlåtna
1147 1026 259 35 propositionen
1426 1028 179 35 angående

105 1074 230 31 statsverkets
370 1075 164 31 tillstånd
557 1075 64 31 och
645 1075 111 31 behov
780 1075 112 31 under
915 1075 207 37 budgetåret
1146 1077 212 32 1927—1928
1382 1078 63 31 har
1468 1079 136 36 Kungl.

105 1125 113 37 Maj:t,
253 1126 111 31 under
398 1127 219 36 åberopande
651 1137 45 21 av
731 1127 59 31 det
823 1127 61 31 vid
908 1128 259 36 propositionen
1191 1129 111 31 under
1326 1130 137 31 rubrik:
1487 1131 118 36 Utgif-

105 1179 116 33 terna;
247 1177 69 31 För
340 1178 84 31 flera
446 1178 227 32 huvudtitlar
696 1187 260 28 gemensamma
980 1179 134 37 frågor;
1139 1181 29 30 5.
1192 1180 275 38 Dyrtidstillägg
1491 1184 37 29 åt
1552 1183 53 31 be-

105 1229 310 36 fattningshavare
450 1230 12 30 i
496 1231 131 30 statens
661 1230 112 37 tjänst
806 1240 45 21 m.
887 1231 34 30 fl.
956 1231 123 36 fogade
1112 1232 380 36 statsrådsprotokollet
1522 1236 84 29 över

106 1281 271 31 finansärenden
401 1282 55 30 för
479 1282 153 31 nämnda
656 1282 79 37 dag,
760 1282 186 37 föreslagit
969 1283 188 36 riksdagen

107 1332 115 38 dels
255 1333 216 37 bemyndiga
505 1334 136 36 Kungl.
670 1334 103 37 Maj:t
795 1335 53 31 att
871 1335 143 36 vidtaga
1037 1336 95 30 vissa
1155 1346 45 20 av
1225 1336 380 37 departementschefen

105 1385 202 36 föreslagna
341 1385 195 37 ändringar
559 1387 13 30 i
595 1386 278 36 kungörelserna
907 1387 180 36 angående
1123 1388 267 37 dyrtidstillägg
1423 1390 37 29 åt
1480 1389 125 31 befatt-

104 1436 240 36 ningshavare
379 1438 13 29 i
426 1439 131 30 statens
592 1438 123 36 tjänst,
750 1439 36 30 åt
820 1438 25 31 f.
874 1438 32 31 d.
930 1439 351 36 befattningshavare
1304 1441 12 29 i
1340 1442 130 29 statens
1494 1441 111 36 tjänst

105 1497 45 21 m.
185 1487 34 31 fl.
255 1489 227 35 pensionärer
516 1491 91 29 samt
640 1490 37 30 åt
704 1490 383 36 pensionsberättigade
1111 1491 110 30 änkor
1244 1492 62 30 och
1330 1493 85 30 barn
1439 1492 88 31 efter
1552 1494 52 29 be-

104 1539 310 36 fattningshavare
438 1541 13 30 i
475 1542 131 30 statens
630 1541 111 35 tjänst
765 1551 45 21 m.
836 1541 45 36 fl.,
905 1543 53 29 att
981 1542 105 30 lända
1110 1543 57 29 till
1192 1543 229 31 efterrättelse
1445 1544 79 30 från
1541 1545 63 29 och

105 1589 77 31 med
206 1590 66 31 den
296 1592 19 29 1
338 1591 71 36 juli
433 1592 95 36 1927,

147 1642 74 31 dels
245 1642 65 31 ock
333 1643 147 37 besluta,

147 1694 52 30 att
234 1693 269 38 dyrtidstillägg
537 1696 36 30 åt
598 1696 351 35 befattningshavare
974 1697 62 30 och
1060 1697 225 36 pensionärer
1309 1698 59 30 vid
1392 1699 213 36 postverket,

104 1745 283 38 telegrafverket,
412 1748 133 30 statens
568 1748 204 36 järnvägar,
796 1749 134 30 statens
954 1749 307 36 vattenfallsverk,
1284 1751 132 30 statens
1440 1750 166 31 domäner

104 1797 63 31 och
190 1799 132 30 statens
346 1799 405 36 reproduktionsanstalt
773 1800 86 31 eller
881 1800 62 31 vid
966 1810 45 21 av
1034 1801 154 31 nämnda
1210 1801 84 31 verk
1310 1803 193 35 övertagna
1518 1803 86 31 före-

104 1850 59 34 tag
185 1849 86 31 eller
295 1851 243 36 inrättningar
562 1853 90 30 samt
675 1852 269 36 dyrtidstillägg
965 1853 36 30 åt
1016 1853 352 40 befattningshavare
1384 1854 60 31 vid
1462 1855 142 31 flottans

104 1901 269 35 pensionskassa
406 1903 65 31 och
505 1904 132 30 statens
666 1904 298 36 pensionsanstalt
987 1914 45 21 m.
1057 1904 34 31 fl.
1116 1905 98 31 skola
1238 1906 86 35 utgå
1346 1916 45 20 av
1416 1906 40 31 de
1479 1907 124 35 medel,

103 1962 45 20 av
172 1953 100 30 vilka
295 1954 139 31 verkets
457 1955 86 31 eller
566 1955 269 31 institutionens
858 1956 246 31 omkostnader
1128 1957 12 30 i
1164 1957 119 36 övrigt
1306 1957 180 36 bestridas,

145 2005 92 30 samt
271 2006 63 35 att,
369 2005 63 32 där
470 2007 264 31 arbetslönerna
768 2006 61 32 vid
864 2008 138 30 arméns
1026 2008 63 31 och
1112 2008 177 31 marinens
1313 2009 203 31 verkstäder
1539 2010 64 30 och

104 2055 156 32 fabriker
294 2067 45 21 m.
375 2058 35 31 fl.
445 2058 263 38 anläggningar
730 2061 61 29 äro
814 2059 193 36 uppdelade
1031 2060 12 30 i
1066 2060 218 36 grundlöner
1306 2061 64 30 och
1392 2060 211 37 dyrtidstill-

104 2107 93 37 lägg,
231 2108 236 32 kostnaderna
501 2110 54 31 för
590 2110 314 37 dyrtidstilläggen
927 2111 97 31 skola
1047 2111 171 32 bestridas
1240 2112 81 30 från
1345 2113 258 31 vederbörande

104 2158 217 33 underhålls-
344 2161 86 31 eller
453 2162 383 37 anskaffningsanslag.

145 2210 19 31 I
196 2211 159 37 enlighet
389 2213 79 32 med
502 2214 205 36 grunderna
734 2214 55 32 för
812 2214 207 31 kamrarnas
1042 2216 123 31 remiss
1189 2226 45 20 av
1259 2217 345 35 statsverksproposi-

103 2263 121 31 tionen
247 2263 193 33 behandlar
463 2266 171 31 utskottet
658 2266 115 31 denna
796 2266 266 36 framställning
1084 2267 78 31 med
1178 2267 184 36 undantag
1377 2278 44 20 av
1438 2268 41 31 de
1494 2268 109 36 delar,

104 2323 73 22 som
199 2314 121 32 beröra
344 2316 381 38 befattningshavarna
740 2317 113 32 under
868 2318 465 36 jordbruksdepartementet
1348 2319 62 31 och
1426 2320 177 35 pensions-

104 2366 63 31 och
190 2366 404 40 indragningsstaterna.

146 2417 223 34 Beträffande
402 2420 239 37 utredningen
675 2422 12 30 i
719 2422 143 31 ärendet
885 2422 56 30 får
963 2422 170 31 utskottet
1158 2423 149 31 hänvisa
1330 2423 55 30 till
1411 2423 193 35 åberopade

105 2469 392 37 statsrådsprotokollet.

109 2529 109 33 Bihang
235 2532 41 26 till
292 2532 168 33 riksdagens
478 2535 145 30 protokoll
640 2536 76 26 1927.
750 2539 16 21 6
784 2538 81 22 saml.
903 2537 33 23 35
956 2536 68 31 häft.
1062 2535 54 27 (Nr
1134 2534 54 32 85)
1554 2536 12 23 1
