1923 2839
277 121 40 30 26
437 121 260 32 Sammansatta
715 124 221 46 bevillnings-
951 126 64 29 och
1034 127 110 41 tredje
1161 129 245 40 lagutskottets
1425 132 178 31 utlåtande

900 189 42 20 nr
962 181 15 29 1
997 181 39 30 år
1056 182 83 30 1967

276 256 142 40 mening
436 257 77 30 bäst
534 266 123 31 genom
678 269 41 20 en
739 260 276 40 tidsbegränsad,
1038 264 143 30 selektiv
1201 266 107 38 avgift
1330 276 41 20 av
1392 267 108 30 sådan
1520 268 86 40 höjd
1627 272 48 27 att
1696 270 66 30 den

276 309 54 30 får
352 311 181 31 kännbara
556 313 229 31 ekonomiska
807 316 258 31 konsekvenser
1087 319 10 28 i
1120 318 41 30 de
1183 320 160 30 enskilda
1365 321 117 31 fallen.

320 365 13 29 I
352 367 47 28 ett
418 366 115 30 flertal
552 368 172 30 motioner
742 369 63 30 har
823 371 122 39 yrkats
963 372 117 40 avslag
1098 373 44 39 på
1159 375 273 38 propositionen.
1452 377 13 28 I
1484 377 87 30 flera
1590 379 174 30 motioner

274 419 65 29 har
364 429 74 20 som
464 423 46 27 ett
536 422 184 30 alternativ
744 424 53 29 till
823 425 308 40 avslagsyrkandet
1158 428 183 31 framförts
1365 431 182 38 yrkanden
1573 441 57 20 om
1655 433 106 30 frihet

275 473 78 30 från
373 475 218 40 avgiftsplikt
611 477 54 29 för
684 478 91 29 vissa
796 479 72 39 slag
887 489 41 20 av
946 480 119 40 objekt
1086 484 89 27 samt
1194 492 57 20 om
1270 484 94 29 olika
1382 485 274 41 begränsningar
1675 488 11 28 i
1705 497 56 20 av-

274 528 220 40 giftsplikten
518 531 66 29 och
608 541 42 20 en
675 532 121 30 liberal
820 534 224 40 tillämpning
1069 545 41 20 av
1135 536 271 41 dispensregeln.
1433 540 13 28 I
1471 540 92 30 vissa
1588 542 172 29 motioner

273 582 64 30 har
357 584 310 40 avslagsyrkandet
689 587 265 40 kompletterats
975 589 79 30 med
1074 591 182 39 yrkanden
1278 601 41 21 av
1339 593 170 30 innebörd
1530 597 49 27 att
1600 596 159 39 gällande

272 637 354 43 byggnadsreglering
644 641 134 39 skärps.
804 642 6 29 I
829 643 218 30 motionerna
1067 645 28 29 I:
1112 645 61 30 223
1192 646 65 29 och
1276 647 45 30 II:
1338 647 61 30 285
1418 649 106 39 yrkas
1544 649 147 31 sålunda
1709 651 50 29 in-

273 692 146 30 förande
443 703 42 20 av
507 694 263 31 bestämmelser
795 706 56 20 om
877 698 151 29 särskild
1052 700 216 40 granskning
1293 710 42 21 av
1358 702 366 42 tillståndsgivningen
1748 705 11 29 i

273 746 98 40 fråga
387 756 57 21 om
461 748 41 30 de
518 749 323 39 byggnadsarbeten
860 761 73 20 som
951 762 98 20 avses
1065 754 10 28 i
1092 755 273 38 propositionen.
1383 757 260 31 Motionärerna
1660 759 10 29 i
1688 769 71 20 mo-

273 801 159 30 tionerna
449 802 28 30 I:
494 803 62 29 562
573 804 64 29 och
655 804 45 30 II:
718 805 61 29 702
797 815 101 20 anser
915 808 49 28 att
981 807 126 39 Kungl.
1124 809 105 39 Maj:t
1246 809 62 30 bör
1325 810 142 30 utfärda
1486 812 142 40 skärpta
1645 813 113 30 direk-

270 855 50 29 tiv
337 856 54 28 för
408 856 41 29 de
466 865 107 30 organ
592 867 73 19 som
683 858 64 29 har
764 861 49 26 att
830 860 128 38 bevilja
975 861 449 40 igångsättningstillstånd,
1444 866 126 28 medan
1588 868 171 28 motionä-

270 917 62 20 ren
356 909 11 29 i
391 909 178 30 motionen
595 911 124 30 II:538
743 912 106 39 yrkar
875 922 41 20 en
943 913 107 30 sådan
1077 915 192 40 skärpning
1294 926 42 20 av
1359 917 399 42 byggnadsregleringen

271 964 49 28 att
338 963 66 29 den
422 964 10 28 i
449 964 137 40 princip
604 965 145 30 innebär
767 967 283 40 byggnadsstopp
1069 969 53 29 för
1141 969 40 30 de
1200 971 249 38 oprioriterade
1468 973 119 39 objekt
1607 983 74 20 som
1700 984 58 19 en-

269 1017 61 38 ligt
349 1017 165 40 förslaget
531 1018 139 40 beläggs
688 1020 78 29 med
784 1021 350 40 investeringsavgift.
1155 1024 137 29 Samme
1310 1026 174 29 motionär
1502 1036 102 20 anser
1622 1029 49 28 att
1690 1028 66 29 den

271 1071 140 40 slutliga
430 1073 216 39 prövningen
668 1083 42 20 av
731 1074 116 40 frågor
868 1076 149 30 rörande
1038 1076 80 30 från
1141 1078 202 31 samhällets
1366 1081 179 38 synpunkt
1566 1077 194 49 betydelse-

269 1125 87 30 fulla
377 1126 180 40 undantag
577 1127 79 29 från
677 1128 309 39 byggnadsförbud
1006 1131 62 29 bör
1089 1132 189 30 ankomma
1299 1133 44 39 på
1363 1133 126 40 Kungl.
1511 1135 115 39 Maj:t.

312 1179 114 40 Några
446 1181 213 29 motionärer
681 1182 162 40 slutligen
864 1183 64 29 har
950 1184 170 30 förklarat
1143 1186 51 39 sig
1215 1189 178 37 acceptera
1415 1188 342 41 investeringsavgif-

267 1235 59 27 ten
346 1243 79 20 men
445 1235 102 39 yrkat
567 1236 93 29 vissa
680 1236 189 40 ändringar
889 1238 10 28 i
920 1238 65 29 den
1007 1239 198 39 föreslagna
1225 1240 250 41 förordningen
1495 1243 53 29 till
1570 1243 109 30 sådan
1699 1254 56 19 av-

268 1288 74 38 gift.
363 1289 261 30 Motionärerna
644 1290 10 29 i
675 1291 220 30 motionerna
917 1292 28 30 I:
964 1292 60 30 150
1045 1293 65 29 och
1132 1293 45 30 II:
1196 1294 60 30 190
1277 1295 106 39 yrkar
1406 1296 157 36 sålunda,
1586 1299 49 28 att
1658 1298 97 29 kom-

268 1351 173 20 munerna
468 1343 130 30 befrias
627 1344 79 29 från
736 1345 118 38 avgift,
884 1346 65 28 och
977 1347 11 28 i
1017 1347 219 30 motionerna
1266 1349 28 29 I:
1311 1349 62 29 332
1402 1350 64 28 och
1496 1351 122 29 II:398
1648 1352 107 39 yrkas

266 1395 180 40 undantag
470 1397 54 29 för
547 1397 298 40 byggnadsarbete
871 1409 74 19 som
970 1400 95 30 stöds
1089 1401 79 29 med
1193 1402 139 40 statliga
1354 1403 214 31 bostadslån.
1594 1405 14 29 I
1632 1406 123 29 motio-

266 1459 109 20 nerna
396 1451 28 29 I:
441 1450 62 30 320
523 1451 65 29 och
609 1452 44 29 II:
670 1452 62 29 413
752 1453 106 39 yrkas
880 1454 191 40 skärpning
1091 1464 42 20 av
1152 1456 320 31 bestämmelserna.
1494 1459 260 30 Motionärerna

266 1514 102 19 anser
389 1506 49 28 att
459 1505 342 40 investeringsavgift
822 1507 61 29 bör
905 1508 81 39 utgå
1010 1509 53 29 för
1084 1509 212 31 bostadshus
1319 1513 109 28 avsett
1451 1512 54 29 för
1528 1512 230 31 fritidsända-

269 1558 68 29 mål
357 1558 38 30 så
413 1561 96 27 snart
527 1559 228 40 bostadsytan
774 1561 187 39 överstiger
980 1561 40 30 60
1040 1563 60 30 m?,
1119 1563 117 39 Enligt
1254 1564 219 31 motionerna
1493 1565 28 30 I:
1538 1566 63 30 428
1622 1568 65 29 och
1707 1567 44 30 II:

268 1612 60 29 710
355 1613 162 39 slutligen
541 1613 62 29 bör
628 1614 386 40 investeringsavgiften
1040 1617 100 38 göras
1166 1617 275 31 differentierad.

309 1666 139 30 Allmän
469 1667 137 39 enighet
627 1668 98 29 torde
745 1669 10 28 i
776 1669 129 39 dagens
925 1670 75 39 läge
1019 1670 85 30 råda
1124 1680 57 20 om
1202 1672 303 40 nödvändigheten
1527 1683 41 20 av
1588 1676 49 28 att
1658 1675 93 30 hålla

264 1720 92 29 vissa
376 1720 136 30 mindre
533 1722 190 38 angelägna
744 1723 320 39 byggnadsprojekt
1084 1725 146 29 tillbaka
1250 1726 64 28 och
1334 1726 131 30 bredda
1485 1729 190 38 utrymmet
1697 1729 54 29 för

263 1774 157 30 bostads-
437 1775 64 29 och
518 1775 345 40 industribyggande.
880 1777 78 29 Med
975 1777 138 40 hänsyn
1129 1779 53 29 till
1200 1779 66 29 den
1283 1780 185 30 osäkerhet
1486 1781 10 29 i
1513 1782 238 39 konjunktur-

267 1828 210 30 situationen
502 1838 74 19 som
599 1829 41 29 de
664 1832 135 27 senaste
823 1831 214 30 månaderna
1060 1832 115 39 börjat
1198 1834 82 38 göra
1304 1834 50 39 sig
1377 1835 159 38 gällande
1560 1835 116 30 finner
1699 1839 52 27 ut-

265 1882 127 29 skottet
414 1883 113 38 någon
550 1883 199 39 utbyggnad
772 1894 41 20 av
835 1885 56 29 det
915 1885 138 40 statliga
1075 1887 357 39 regleringssystemet
1456 1888 54 30 för
1533 1890 218 30 närvarande

263 1936 70 29 inte
354 1936 175 39 påkallad.
551 1938 116 38 Enligt
690 1938 188 30 utskottets
900 1940 141 39 mening
1063 1940 70 29 kan
1155 1940 179 31 dessutom
1355 1943 156 38 vägande
1534 1944 75 29 skäl
1632 1944 118 30 åbero-

261 1998 63 30 pas
340 1992 72 27 mot
429 1990 67 29 den
511 1991 10 29 i
537 1992 262 38 propositionen
815 1993 101 29 valda
932 1993 161 29 metoden
1110 1994 54 29 för
1181 2004 41 20 en
1239 1995 192 40 dämpning
1447 2006 41 20 av
1504 1997 245 41 investerings-

261 2044 273 39 benägenheten.

306 2098 111 29 Innan
441 2099 171 29 utskottet
635 2101 54 27 tar
715 2100 117 39 slutlig
857 2101 165 39 ställning
1045 2102 59 28 vill
1129 2103 169 29 utskottet
1323 2106 109 37 uppta
1455 2105 53 28 till
1533 2106 215 40 granskning

259 2152 94 29 vissa
375 2152 147 39 detaljer
544 2153 11 29 i
578 2153 66 29 den
667 2153 198 39 föreslagna
887 2155 275 39 lagstiftningen.

305 2206 389 40 Investeringsavgiften
718 2207 88 30 skall
829 2208 106 39 enligt
958 2208 165 40 förslaget
1146 2210 71 29 inte
1239 2220 83 20 vara
1345 2211 208 41 avdragsgill
1575 2213 58 30 vid
1655 2216 93 27 taxe-

258 2260 123 39 ringen
401 2260 65 29 och
486 2261 71 29 inte
578 2261 35 29 få
632 2261 169 30 inräknas
822 2262 9 28 i
852 2262 448 40 anskaffningskostnaden
1319 2265 58 29 vid
1396 2265 194 41 beräkning
1611 2277 42 20 av
1672 2269 74 28 vär-

260 2314 408 39 deminskningsavdrag.
686 2315 75 28 Den
778 2315 158 29 kommer
954 2316 10 29 i
982 2317 187 38 praktiken
1187 2317 119 30 därför
1324 2320 50 27 att
1392 2319 35 29 få
1445 2328 41 20 en
1505 2320 241 30 kostnadsför-

259 2368 155 39 dyrande
438 2368 110 29 effekt
573 2377 74 20 som
669 2368 80 30 vida
772 2370 188 38 överstiger
984 2370 39 29 25
1047 2373 154 36 procent.
1225 2372 212 39 Härigenom
1461 2373 69 29 kan
1555 2374 66 29 den
1645 2377 101 28 antas

258 2422 143 29 komma
425 2424 50 27 att
499 2422 10 29 i
533 2422 136 39 princip
694 2422 159 30 medföra
876 2424 190 39 totalstopp
1092 2424 53 30 för
1170 2425 68 29 alla
1262 2426 76 29 icke
1361 2427 228 38 prioriterade
1614 2429 132 39 objekt.

258 2476 74 29 Den
355 2476 159 38 negativa
537 2476 156 29 effekten
715 2476 110 29 härav
847 2477 106 39 ligger
976 2478 11 28 i
1010 2479 112 38 öppen
1146 2478 75 40 dag.
