1866 2782
277 148 18 30 4
632 149 328 33 Utrikesutskottets
980 153 180 31 utlåtande
1179 164 42 19 nr
1240 156 19 29 5
1278 156 39 30 år
1338 156 80 30 1961

1619 292 119 40 Bilaga
1759 294 14 28 I

407 489 274 35 Konventionen
706 492 67 33 den
797 493 23 32 4
844 493 144 43 januari
1014 494 90 33 1960
1130 496 181 42 angående
1328 498 248 41 upprättandet
1595 510 45 21 av

619 550 218 44 Europeiska
863 552 561 46 frihandelssammanslutningen

932 751 132 31 Artikel
1085 753 18 29 3

899 819 241 38 Importtullar

322 864 25 29 1.
373 864 326 33 Medlemsstaterna
716 868 97 30 skola
829 871 10 28 i
857 870 151 38 enlighet
1025 872 78 29 med
1120 872 116 29 denna
1253 872 122 31 artikel
1395 873 109 29 sänka
1522 873 65 30 och
1606 874 162 39 slutligen

275 906 162 30 avskaffa
456 908 105 29 tullar
579 909 65 29 och
664 910 110 29 andra
792 910 147 39 avgifter
959 913 78 29 med
1056 914 246 30 motsvarande
1322 914 131 30 verkan
1471 933 44 3 —
1535 916 78 29 med
1634 916 134 29 undan-

274 949 56 37 tag
351 957 41 20 av
411 949 105 29 tullar
536 959 75 20 som
632 952 152 29 anmälts
802 953 10 29 i
833 953 152 38 enlighet
1005 955 78 29 med
1105 954 124 31 artikel
1250 954 19 29 6
1290 955 64 30 och
1376 956 110 30 andra
1506 957 148 38 avgifter
1674 957 94 30 vilka

273 989 167 31 omfattas
461 1000 43 20 av
522 991 309 32 bestämmelserna
852 995 11 29 i
885 995 153 29 nämnda
1060 995 125 30 artikel
1205 1014 44 3 —
1270 997 170 38 utgående
1461 998 57 31 vid
1541 998 83 30 eller
1645 1000 11 29 i
1679 1008 90 21 sam-

273 1030 92 31 band
388 1032 79 30 med
490 1032 129 40 import
643 1043 42 20 av
707 1044 110 25 varor,
842 1035 94 30 vilka
960 1037 58 29 äro
1043 1036 214 40 berättigade
1281 1039 51 29 till
1357 1040 376 41 områdesbehandling
1757 1041 11 29 i

273 1072 264 32 tullhänseende
559 1075 107 39 enligt
688 1076 122 31 artikel
832 1076 30 30 4.
885 1077 113 30 Sådan
1020 1080 63 29 tull
1106 1080 83 29 eller
1210 1089 117 21 annan
1349 1081 108 39 avgift
1479 1082 112 29 kallas
1613 1083 155 29 härefter

275 1114 246 39 >importtull>.

317 1156 29 29 2.
372 1157 36 33 a)
435 1156 91 30 Från
549 1158 64 29 och
635 1160 79 29 med
737 1159 156 40 följande
916 1161 205 39 tidpunkter
1145 1162 98 30 skola
1265 1164 326 31 medlemsstaterna
1613 1166 77 31 icke
1713 1167 55 30 för

273 1197 113 40 någon
405 1207 84 21 vara
506 1199 160 40 tillämpa
684 1210 41 21 en
744 1202 206 38 importtull,
971 1212 73 20 som
1064 1204 189 39 överstiger
1271 1207 67 29 den
1357 1209 143 36 procent
1520 1217 42 20 av
1582 1208 184 35 bastullen,

272 1247 73 20 som
365 1239 148 39 angivits
532 1239 55 31 för
605 1241 193 39 respektive
817 1242 180 39 tidpunkt:

750 1302 12 28 1
789 1302 67 38 juli
876 1302 82 30 1960
1087 1304 41 30 80
1153 1308 144 36 procent

750 1344 12 28 1
789 1343 143 40 januari
954 1345 81 29 1962
1087 1346 40 29 70
1152 1350 143 36 procent

750 1385 11 29 1
789 1386 66 38 juli
878 1386 83 30 1963
1087 1387 41 30 60
1153 1391 143 36 procent

749 1427 13 29 1
788 1427 143 39 januari
953 1428 81 30 1965
1087 1429 40 29 50
1152 1433 144 36 procent

750 1469 11 28 1
788 1469 142 39 januari
955 1470 82 30 1966
1085 1471 42 30 40
1152 1475 144 36 procent

748 1511 12 29 1
787 1511 142 39 januari
958 1512 80 30 1967
1087 1513 40 30 30
1152 1516 144 37 procent

750 1553 13 28 1
790 1553 143 39 januari
961 1554 82 30 1968
1085 1554 41 30 20
1151 1558 144 37 procent

748 1595 13 28 1
787 1595 143 39 januari
957 1596 83 29 1969
1087 1596 39 30 10
1152 1600 143 36 procent

312 1665 37 34 b)
379 1665 91 31 Från
488 1667 64 30 och
569 1671 79 29 med
667 1670 66 29 den
754 1670 12 29 1
786 1670 142 39 januari
949 1671 82 30 1970
1050 1673 99 29 skola
1166 1673 325 31 medlemsstaterna
1510 1674 75 30 icke
1605 1675 157 39 tillämpa

268 1706 108 40 några
393 1709 247 38 importtullar.

312 1749 28 29 3.
366 1749 78 31 Med
462 1752 42 29 de
522 1752 190 39 undantag,
732 1762 73 21 som
824 1754 143 39 angivas
986 1757 10 29 i
1015 1755 115 40 bilaga
1147 1755 38 35 A,
1206 1757 100 38 utgör
1324 1758 66 29 den
1415 1759 5 29 i
1439 1761 155 27 moment
1613 1759 18 29 2
1651 1760 11 29 i
1681 1760 81 29 den-

268 1800 44 20 na
334 1791 123 31 artikel
480 1794 216 30 omnämnda
717 1794 183 36 bastullen,
924 1796 55 30 för
1000 1797 97 39 varje
1120 1798 240 31 medlemsstat
1383 1799 65 30 och
1471 1799 55 30 för
1548 1800 98 39 varje
1668 1810 93 25 vara,

266 1833 67 29 den
352 1834 195 39 importtull
567 1845 75 20 som
661 1837 285 30 medlemsstaten
966 1839 68 30 den
1055 1839 13 29 1
1090 1839 143 39 januari
1255 1840 83 30 1960
1358 1841 178 40 tillämpar
1554 1843 58 29 vid
1632 1843 128 39 import

266 1883 43 20 av
324 1884 109 21 varan
451 1875 80 31 från
548 1878 112 30 andra
677 1879 288 30 medlemsstater.

309 1915 30 30 4.
365 1917 106 40 Varje
491 1919 241 31 medlemsstat
753 1920 175 31 förklarar
951 1922 50 39 sig
1022 1922 128 31 beredd
1173 1925 49 28 att
1244 1924 160 40 tillämpa
1424 1926 93 38 lägre
1540 1926 221 39 importullar

266 1959 43 28 än
332 1968 75 21 som
429 1959 104 39 följer
554 1970 43 20 av
618 1965 155 27 moment
795 1963 18 29 2
835 1965 11 28 i
868 1964 117 29 denna
1006 1964 136 34 artikel,
1165 1974 56 22 om
1244 1967 66 29 den
1334 1976 102 21 anser
1458 1970 49 28 att
1531 1969 79 29 dess
1634 1968 127 30 ekono-

265 2000 115 30 miska
396 2001 65 30 och
479 2002 201 31 finansiella
697 2004 73 39 läge
788 2004 65 31 och
870 2006 90 38 läget
977 2007 96 29 inom
1092 2007 67 30 den
1177 2007 146 31 berörda
1343 2009 141 30 sektorn
1504 2010 38 29 så
1560 2010 139 30 tillåter.

308 2041 29 30 5.
355 2042 109 31 Rådet
480 2043 58 30 må
553 2045 66 29 när
634 2054 75 21 som
726 2045 90 31 helst
831 2046 146 35 besluta,
996 2049 50 29 att
1062 2048 233 38 importtullar
1312 2051 98 30 skola
1428 2052 126 29 sänkas
1571 2052 11 29 i
1599 2061 43 22 en
1660 2053 99 29 snab-

264 2083 83 32 bare
367 2085 75 29 takt
464 2086 82 29 eller
566 2087 182 30 avskaffas
769 2088 146 39 tidigare
937 2090 46 29 än
1004 2099 74 20 som
1101 2090 105 40 följer
1228 2101 42 20 av
1289 2095 156 28 moment
1467 2093 18 29 2
1508 2095 11 29 i
1541 2095 117 29 denna
1679 2095 81 29 arti-

264 2125 65 30 kel.
347 2126 127 30 Mellan
491 2128 67 30 den
565 2121 19 55 1
610 2129 68 39 juli
697 2129 82 29 1960
796 2130 65 29 och
879 2132 67 29 den
964 2131 37 29 31
1022 2132 181 30 december
1224 2133 79 30 1961
1324 2135 89 30 skall
1432 2135 98 30 rådet
1548 2136 209 34 undersöka,

263 2167 175 31 huruvida
461 2170 56 29 det
542 2170 39 29 är
604 2170 137 40 möjligt
766 2174 49 27 att
840 2172 89 30 fatta
953 2175 48 28 ett
1027 2174 125 29 sådant
1176 2175 113 30 beslut
1313 2176 222 32 beträffande
1560 2178 199 39 importtul-

264 2210 98 29 larna
377 2210 45 39 på
437 2210 92 30 vissa
545 2212 83 29 eller
644 2213 70 29 alla
727 2222 102 21 varor
845 2216 11 29 i
872 2214 95 30 vissa
982 2216 82 29 eller
1081 2216 70 30 alla
1167 2217 287 31 medlemsstater.
