2181 2688
735 235 267 33 Stats
827 231 10 47 -
845 235 157 33 Utskottets
1036 236 166 34 Utlåtande
1228 237 64 32 N:o
1319 241 52 28 50.
1785 240 19 31 9

249 321 139 48 dingen
429 320 10 35 i
482 319 207 37 Malmöhus
731 321 72 43 län,
846 321 110 36 hvars
985 321 60 36 lön
1074 322 98 47 höjts
1201 322 56 36 till
1288 323 134 44 15,000
1451 323 152 41 kronor,
1633 337 66 34 ega
1727 324 127 37 lands-

251 371 244 47 höfdingarne
537 372 10 35 i
589 372 171 47 samtlige
802 371 272 38 ofvannämnde
1116 374 58 35 län
1216 387 158 23 numera
1404 380 53 30 att
1487 375 170 48 uppbära
1685 389 42 23 en
1759 377 95 48 årlig

251 424 59 35 lön
354 423 39 35 af
434 424 132 41 12,500
601 423 150 45 kronor,
782 424 116 35 under
925 424 254 48 iakttagande,
1210 425 96 35 hvad
1336 425 356 47 landshöfdingarne
1721 428 8 35 i
1758 427 94 37 Jön-

252 475 170 47 köpings,
461 474 193 46 Elfsborgs
682 475 67 35 och
780 475 230 46 Skaraborgs
1038 476 60 34 län
1128 475 186 45 beträffar,
1357 477 38 35 af
1422 478 95 34 vissa
1546 477 97 43 dem,
1685 479 83 35 med
1798 478 54 36 af-

251 525 133 36 seende
413 528 21 32 å
461 525 44 35 de
534 525 82 35 med
647 525 106 37 dessa
782 526 560 50 landshöfdingebeställningar
1367 527 175 37 förenade
1562 528 196 45 boställen,
1777 529 75 37 för-

249 576 176 36 behållna
454 577 230 47 rättigheter.

385 627 83 36 Med
509 628 192 47 undantag
742 628 39 36 af
814 627 605 50 landshöfdingebeställningarne
1448 630 11 35 i
1488 630 263 50 Kopparbergs
1781 632 68 35 och

254 677 224 48 Gefleborgs
514 679 71 42 län,
612 678 59 36 för
699 680 138 43 hvilka,
865 680 115 47 enligt
1009 680 97 36 hvad
1136 681 9 34 i
1175 679 134 49 Kongl.
1339 680 146 37 brefvet
1514 680 38 37 af
1579 681 69 36 den
1682 685 41 33 12
1752 683 97 36 Mars

255 731 93 35 1875
392 729 249 45 omförmäles,
683 731 344 35 löneinkomsterna
1069 732 8 34 i
1117 731 168 36 medeltal
1315 730 57 37 för
1400 735 85 33 åren
1518 735 244 34 1870—1874
1792 740 59 30 ut-

249 780 131 47 gjorde
422 782 9 34 i
473 780 261 49 Kopparbergs
774 782 60 35 län
878 783 131 42 12,739
1051 783 138 34 kronor
1229 784 47 34 70
1304 789 63 30 öre
1397 783 68 35 och
1495 784 9 34 i
1535 782 224 51 Gefleborgs
1788 786 60 35 län

253 833 131 41 12,663
413 832 138 35 kronor
581 834 40 33 21
655 840 73 35 öre,
757 832 108 36 hafva
895 832 156 36 sålunda
1080 834 150 34 lönerna
1259 832 55 37 för
1342 835 169 46 samtlige
1541 835 116 47 öfrige
1674 836 174 47 tjugutvå

249 882 563 49 landshöfdingebeställningar
840 883 124 36 blifvit
992 883 204 49 reglerade.
1251 884 16 35 I
1296 884 89 47 följd
1417 885 106 36 häraf
1549 886 85 47 ingå
1654 887 68 35 och
1742 887 107 36 redo-

250 934 97 35 visas
389 934 46 35 de
476 932 57 37 för
574 934 84 35 dem
700 935 174 35 anvisade
903 936 361 48 ersättningsanslag
1295 936 69 35 och
1398 936 452 49 forsellönsersättningar

248 985 57 35 till
333 984 738 50 landshöfdingelöneregleringsfonden,
1101 985 162 37 derifrån
1282 987 177 36 kontanta
1476 987 369 50 aflöningsbeloppen

248 1035 58 36 för
342 1049 141 23 samma
520 1037 174 46 tjugutvå
721 1036 651 49 landshöfdingelönebeställningar
1401 1040 219 47 qvartalsvis
1650 1040 195 37 utbetalas.

250 1086 56 36 Då
346 1087 211 36 emellertid
599 1087 158 36 fondens
798 1088 208 35 inkomster
1033 1092 39 32 så
1100 1089 180 44 förökats,
1310 1094 54 30 att
1392 1090 45 35 de
1466 1090 82 36 med
1577 1090 66 36 full
1674 1092 176 36 säkerhet

249 1138 126 36 kunde
416 1144 155 42 antagas
612 1140 140 47 årligen
793 1140 121 35 lemna
949 1140 157 48 tillgång
1134 1141 57 35 till
1220 1140 187 47 gäldande
1437 1140 40 37 af
1501 1141 45 36 de
1576 1143 192 48 reglerade
1797 1144 51 35 lö-

251 1201 125 32 nerna,
420 1189 63 35 har
511 1189 134 47 Kongl.
676 1190 103 46 Maj:t
806 1204 136 35 genom
972 1191 130 44 nådigt
1132 1191 83 36 bref
1238 1192 56 35 till
1323 1190 278 39 Statskontoret
1629 1193 69 37 den
1731 1198 14 32 1
1776 1194 72 36 No-

248 1240 152 36 vember
431 1243 93 34 1878
554 1240 191 44 förklarat,
788 1247 67 39 att,
884 1247 105 30 utom
1018 1242 95 36 hvad
1144 1243 158 47 anginge
1332 1242 57 44 de,
1419 1245 116 46 enligt
1565 1242 100 38 förut
1694 1246 153 35 medde-

248 1291 85 35 lade
352 1291 246 45 föreskrifter,
611 1293 56 34 till
679 1292 718 49 landshöfdingelöneregleringsfonden
1411 1295 182 46 ingående
1606 1297 242 46 ersättnings-

250 1343 142 48 anslag,
433 1344 10 34 i
485 1342 172 37 afseende
699 1347 19 32 å
760 1344 124 35 hvilka
917 1343 281 49 ifrågavarande
1226 1344 218 48 förändring
1472 1346 115 36 redan
1617 1347 122 36 blifvit
1769 1348 77 36 vid-

250 1399 122 41 tagen,
401 1395 169 46 samtlige
598 1393 120 47 öfrige
746 1395 55 34 till
830 1395 158 36 nämnda
1017 1395 91 36 fond
1136 1396 182 48 ingående
1347 1398 248 46 ersättningar
1622 1397 59 37 för
1708 1399 138 36 indelta

248 1450 131 29 räntor
420 1445 69 35 och
522 1445 258 46 tiondeanslag
807 1446 119 35 skulle
955 1445 81 37 från
1067 1447 69 35 och
1167 1446 84 36 med
1281 1450 40 32 år
1351 1449 94 35 1879
1475 1452 91 44 utgå
1594 1449 131 36 endast
1753 1449 93 37 efter

250 1495 107 36 dessa
384 1502 148 29 räntors
562 1497 69 34 och
660 1497 277 47 tiondeanslags
973 1498 365 46 omsättningsvärde
1368 1499 8 34 i
1407 1500 166 47 enlighet
1601 1500 83 36 med
1714 1500 131 48 Kongl.

249 1545 267 47 förordningen
547 1547 68 36 den
646 1549 44 34 23
719 1547 78 37 Juli
828 1549 106 44 1869,
955 1548 190 37 äfvensom
1165 1550 227 36 statsverket
1412 1550 79 36 från
1513 1551 66 35 och
1601 1551 84 36 med
1706 1565 140 23 samma

249 1600 39 32 år
326 1598 139 36 befrias
502 1597 80 37 från
621 1598 219 47 utgifvande
878 1599 38 36 af
949 1599 45 37 de
1030 1601 57 35 till
1124 1599 137 37 fonden
1298 1601 179 47 ingående
1512 1601 333 38 forsellönsersätt-

247 1648 142 48 ningar.

382 1699 55 36 Då
465 1701 155 35 sålunda
649 1700 69 36 den
749 1701 168 48 åsyftade
944 1704 234 45 regleringen
1208 1701 38 37 af
1270 1703 438 48 landshöfdingelönerna
1735 1719 110 35 synes

249 1749 108 36 hafva
400 1750 125 37 blifvit
567 1752 9 34 i
614 1751 62 36 det
705 1753 91 35 allra
825 1760 184 29 närmaste
1036 1752 216 48 genomförd
1282 1755 68 35 och
1380 1755 46 35 då
1454 1755 390 49 landshöfdingelöne-

249 1801 367 49 regleringsfondens
657 1803 201 49 tillgångar
898 1817 109 35 synas
1048 1818 86 23 vara
1163 1804 87 36 fullt
1278 1806 215 48 tillräcklige
1522 1807 55 35 till
1607 1807 237 38 bestridande

248 1851 40 36 af
323 1854 170 47 samtlige
535 1854 214 36 densamma
790 1855 196 49 åliggande
1029 1855 167 50 utgifter,
1237 1854 210 39 föreställer
1474 1857 56 48 sig
1558 1857 203 46 Utskottet,
1790 1867 54 29 att

248 1917 46 22 en
334 1904 227 49 indragning
588 1906 56 34 till
671 1907 227 35 statsverket
926 1905 40 36 af
988 1920 140 23 samma
1157 1906 102 45 fond,
1288 1914 97 29 emot
1415 1908 62 35 det
1505 1915 54 29 att
1586 1909 256 38 landshöfdin-

248 1967 134 34 garnes
416 1956 106 35 löner
550 1960 47 44 på
624 1957 141 46 vanligt
794 1962 73 31 sätt
896 1957 112 36 bland
1036 1958 238 49 vederbörlig
1302 1957 251 38 hufvudtitels
1583 1960 260 49 utgiftsanslag

249 2005 191 48 uppföras,
482 2019 88 24 vara
611 2020 41 23 en
696 2008 73 35 lika
810 2009 109 35 enkel
960 2022 79 22 som
1081 2010 132 47 tjenlig
1241 2010 141 47 åtgärd.
1436 2009 121 50 Något
1592 2012 126 48 giltigt
1751 2014 91 44 skäl,

249 2056 171 36 hvarföre
461 2056 215 49 aflöningen
718 2060 56 34 till
816 2059 352 50 landshöfdingarne
1209 2061 64 35 bör
1302 2064 90 44 utgå
1419 2062 11 34 i
1459 2074 119 23 annan
1608 2062 160 49 ordning
1795 2072 46 28 än

247 2107 70 35 den
345 2121 78 22 som
452 2115 39 28 är
518 2110 170 45 gällande
716 2111 12 34 i
757 2109 171 37 afseende
958 2114 20 32 å
1006 2111 256 49 aflöningarne
1290 2112 59 35 till
1377 2118 139 31 statens
1545 2113 117 49 öfrige
1681 2115 161 36 embets-

247 2158 69 36 och
358 2159 233 47 tjenstemän,
633 2174 107 36 synes
783 2162 31 47 ej
844 2160 217 47 förefinnas;
1095 2163 68 35 och
1193 2161 276 50 otvifvelaktigt
1496 2164 116 36 skulle
1642 2164 62 37 det
1731 2166 110 36 lända

247 2210 58 34 till
346 2210 172 36 enkelhet
559 2212 66 34 och
667 2212 96 44 reda,
805 2213 123 35 derest
957 2213 45 35 de
1031 2214 57 34 till
1116 2213 724 49 landshöfdingelöneregleringsfonden

247 2272 51 23 nu
339 2261 191 47 ingående,
571 2263 175 35 särskildt
785 2263 222 37 redovisade
1050 2264 120 36 medel
1212 2265 191 47 uppbures
1430 2266 69 35 och
1527 2266 240 37 redovisades
1795 2272 46 44 på

351 2321 72 32 Bih.
452 2322 48 32 till
526 2322 112 32 Riksd.
668 2322 87 33 Prot.
785 2326 97 29 1879.
936 2327 20 28 4
983 2323 99 33 Saml.
1137 2328 18 28 1
1182 2324 78 41 Afd.
1315 2327 45 29 32
1385 2325 92 37 Häft.
1723 2327 19 32 2
