2240 2630
394 217 18 30 6
692 219 221 31 Sammansatta
938 221 115 29 Banko-
1077 222 52 28 och
1152 222 217 37 Lagutskottets
1398 222 153 30 Utlåtande
1574 223 59 29 N:o
1657 224 26 28 1.

492 300 135 35 Minsta
650 301 206 45 guldkassa:

501 354 47 36 25
593 353 184 36 millioner
810 354 140 35 kronor
984 358 38 39 +
1062 356 43 35 12
1137 355 188 36 millioner
1353 355 138 36 kronor
1525 360 38 40 +
1601 358 56 36 6.1
1691 357 185 36 millioner
1905 358 82 35 kro-

392 419 82 32 nor,
503 419 145 23 summa
677 408 85 36 48.1
795 407 184 36 millioner
1007 408 136 36 kronor
1167 410 94 46 guld.

502 461 203 35 Sedelstock:

501 515 81 35 48.1
628 514 190 35 millioner
860 515 140 35 kronor
1039 519 38 39 +
1116 516 74 36 100
1234 515 185 37 millioner
1460 516 136 37 kronor
1630 521 40 40 +
1711 519 42 35 61
1802 518 186 36 millioner

394 567 150 45 kronor,
585 579 143 25 summa
762 570 111 36 204.1
906 568 187 36 millioner
1121 569 140 36 kronor
1289 569 131 36 sedlar.
1475 570 42 48 Ej
1548 569 439 51 fjerdedelsbetäckning;

390 621 206 48 hvarjemte
639 622 201 44 anmärkes,
881 627 65 40 att,
976 621 45 36 då
1057 635 86 23 man
1173 623 115 48 enligt
1314 623 213 36 nuvarande
1556 624 126 36 metod
1711 625 126 49 lägger
1865 625 55 44 de,
1950 625 37 36 så

391 679 55 31 att
474 681 95 42 säga,
598 675 114 36 minst
739 675 166 36 betäckta
924 675 166 37 sedlarne
1109 683 166 29 närmast
1293 677 365 49 minimiguldkassan
1680 679 63 46 (60
1764 679 91 35 mill.
1875 679 54 36 kr.
1950 678 39 37 af

390 728 45 36 de
469 730 74 36 100
570 728 111 49 mill.)
706 729 68 35 och
803 727 159 38 derefter
990 728 117 37 förser
1136 731 44 35 de
1208 731 219 47 ytterligare
1448 730 144 49 utgifna
1612 732 64 47 (40
1702 732 89 35 mill.
1814 732 68 48 kr.)
1903 733 83 36 med

392 787 53 32 ett
487 781 179 49 underlag
710 782 41 36 af
791 784 47 36 30
880 788 152 43 procent
1064 783 103 49 guld,
1201 784 87 35 herr
1315 784 200 36 Lithander
1544 784 95 37 efter
1668 785 45 36 de
1741 786 246 47 nyssnämnda

391 836 149 48 släpper
579 841 43 30 ut
666 837 43 36 61
757 837 186 35 millioner
980 837 139 35 kronor
1148 837 47 49 på
1227 837 37 36 så
1291 838 53 35 lös
1371 839 123 48 grund
1522 851 75 23 som
1632 841 47 35 10
1708 845 153 42 procent
1888 840 98 49 guld.

499 889 17 35 I
549 888 213 49 jemförelse
805 890 151 36 härmed
999 889 226 38 framställer
1254 891 85 36 herr
1368 892 118 44 Dahn,
1515 905 77 23 som
1618 899 106 42 säger
1752 893 55 49 sig
1835 894 32 47 ej
1898 894 88 48 vilja

390 942 132 48 frångå
562 942 69 36 den
666 944 124 48 gamla
817 944 169 49 grunden
1015 943 59 37 för
1101 945 243 36 riksbankens
1372 944 393 51 sedelutgifningsrätt,
1794 948 193 35 resultatet

391 995 40 36 af
457 996 64 36 det
548 995 83 37 utaf
657 997 137 36 honom
822 997 133 36 väckta
983 996 178 51 förslaget
1190 1021 50 3 —
1265 999 118 35 under
1412 999 205 49 antagande
1646 1001 39 34 af
1714 1013 42 22 en
1777 1001 208 48 sedelutgif-

391 1050 180 49 ningsrätt
600 1049 47 49 på
678 1052 76 36 200
782 1051 188 35 millioner
998 1052 137 35 kronor
1164 1073 50 5 —
1244 1051 112 37 såsom
1385 1052 180 49 följande:

500 1104 135 35 Minsta
659 1106 206 44 guldkassa:

500 1159 49 35 30
593 1157 186 36 millioner
819 1158 140 35 kronor
993 1162 39 39 +
1069 1160 44 35 21
1147 1158 187 36 millioner
1363 1159 150 44 kronor,
1542 1172 147 22 summa
1720 1162 41 35 51
1796 1160 191 35 millioner

392 1210 138 36 kronor
553 1212 96 45 guld.

502 1265 201 35 Sedelstock:

501 1319 44 35 51
580 1318 192 35 millioner
799 1318 138 35 kronor
972 1322 39 39 +
1051 1320 71 35 150
1153 1319 186 35 millioner
1369 1319 146 44 kronor,
1535 1332 144 23 summa
1702 1322 70 35 201
1797 1320 189 36 millioner

393 1371 151 36 kronor.
602 1371 83 36 Mer
713 1378 45 28 än
787 1370 429 51 fjerdedelsbetäckning.

500 1477 184 48 Slutligen
714 1478 66 35 har
809 1478 80 35 herr
923 1479 37 36 O.
990 1479 56 35 M.
1077 1480 169 47 Höglund
1272 1480 185 45 hemstält,
1485 1485 55 30 att
1571 1483 19 34 7
1609 1480 18 49 $
1649 1481 11 35 i
1682 1481 301 48 riksbankslagen

392 1531 123 36 skulle
544 1530 36 37 få
608 1531 163 49 följande
799 1532 161 36 ändrade
980 1532 153 49 lydelse:

500 1584 177 37 »Utöfver
705 1585 62 36 det
794 1586 117 48 enligt
942 1588 20 35 6
992 1586 19 48 $
1039 1585 186 50 medgifna
1246 1587 131 48 belopp
1398 1593 41 29 är
1459 1587 223 36 riksbanken
1704 1588 202 49 berättigad
1927 1589 58 35 till

393 1651 44 22 en
480 1638 288 50 sedelutgifning
800 1638 41 36 af
866 1643 52 32 ett
948 1639 145 36 hundra
1123 1641 183 35 millioner
1334 1641 150 43 kronor,
1514 1646 95 30 samt
1638 1641 187 48 derjemte,
1855 1641 46 37 då
1926 1655 57 23 en-

392 1692 98 35 skild
521 1692 97 36 bank
649 1693 144 47 uppbör
821 1698 56 30 att
906 1691 144 50 utgifva
1078 1706 94 36 egna
1201 1694 131 45 sedlar,
1363 1695 61 34 till
1452 1707 45 23 en
1525 1694 289 50 sedelutgifning
1833 1696 59 35 till
1908 1696 76 35 lika

393 1745 136 49 belopp
571 1745 84 37 med
690 1746 45 35 de
769 1746 128 44 sedlar,
926 1759 138 23 samma
1093 1747 169 36 enskilda
1290 1748 96 36 bank
1415 1748 92 36 hade
1536 1749 223 48 utelöpande
1787 1749 60 36 vid
1883 1751 98 35 1896

391 1798 60 37 års
479 1798 142 50 ingång.

501 1852 53 36 De
596 1852 46 49 på
680 1853 124 49 grund
836 1852 108 37 häraf
970 1852 143 50 utgifna
1142 1854 117 36 sedlar
1286 1855 103 36 skola
1418 1860 201 32 motsvaras
1647 1854 42 37 af
1714 1854 162 50 följande
1904 1856 77 36 till-

391 1905 142 50 gångar
560 1907 342 36 sammanräknade:

500 1960 34 48 a)
563 1961 70 35 lätt
661 1961 159 48 säljbara
848 1961 196 36 utländska
1072 1966 244 44 statspapper;

499 2014 38 48 b)
566 2019 145 39 statens,
730 2015 187 35 allmänna
936 2015 344 49 hypoteksbankens
1300 2015 68 37 och
1383 2016 117 36 andra
1520 2016 191 36 inhemska
1726 2017 255 48 obligationer,

391 2080 79 23 som
496 2066 21 37 å
543 2068 174 36 utländsk
746 2068 85 36 börs
859 2074 162 39 noteras;

499 2121 31 47 c)
560 2122 141 44 vexlar,
732 2122 190 36 betalbara
949 2123 101 35 inom
1079 2123 91 36 eller
1199 2128 102 31 utom
1330 2123 127 36 riket.»

500 2175 74 36 Till
603 2175 80 36 stöd
712 2174 58 37 för
797 2176 117 36 denna
942 2176 156 48 ändring
1121 2178 144 35 anföres
1292 2175 326 49 hufvudsakligen:

500 2228 79 36 Den
619 2231 46 36 31
708 2229 160 36 sistlidne
911 2229 193 37 december
1141 2230 92 36 hade
1277 2231 241 36 riksbankens
1559 2231 198 48 guldkassa
1798 2232 95 35 varit
1933 2233 43 36 31

393 2281 196 46 millioner,
621 2283 80 36 dess
735 2283 195 37 utländska
959 2282 212 50 fordringar
1202 2286 21 36 9
1249 2284 183 38 millioner
1460 2284 67 36 och
1555 2284 80 38 dess
1663 2284 318 52 sedelutgifnings-
