2140 2662
371 212 45 34 22
542 219 4 5 |
816 211 67 41 Lag
904 211 158 33 Utskottets
1090 212 162 33 Utlåtande
1279 212 63 32 N:o
1365 214 48 30 18.

1031 315 79 36 Art.
1140 315 62 36 38.

452 399 135 36 Denna
615 399 234 38 konvention
873 399 96 37 skall
998 400 220 38 ratificeras.
1259 400 341 38 Ratifikationerna
1621 400 108 37 skola
1748 399 176 38 utvexlas

319 464 10 23 i
357 451 112 49 Haag
493 454 43 34 så
558 455 108 33 snart
694 464 80 24 som
803 451 162 50 möjligt.

1031 573 80 35 Art.
1140 574 63 35 39.

452 656 136 37 Denna
614 655 233 39 konveution
879 656 96 37 skall
1006 656 192 50 tillämpas
1228 657 83 36 från
1340 657 73 37 den
1442 656 89 50 dag,
1561 656 157 38 hvarom
1747 656 46 38 de
1823 656 101 49 höga

318 708 309 35 kontraherande
655 708 200 35 makterna
879 708 347 36 öfverenskomma.

452 758 84 37 Den
564 757 96 38 skall
689 771 92 24 vara
809 757 180 50 gällande
1018 758 122 38 under
1167 758 76 38 fem
1265 761 40 35 år
1325 758 163 38 räknadt
1508 758 84 37 från
1608 757 125 38 denna
1747 757 78 50 dag
1840 757 83 45 och,

317 809 11 36 i
353 809 68 37 fall
444 809 117 50 ingen
585 810 42 36 af
651 809 46 37 de
725 810 103 49 höga
855 810 307 37 kontraherande
1186 810 199 37 makterna
1403 810 76 37 tolf
1494 809 181 37 månader
1691 810 80 36 före
1786 812 137 46 utgån-

317 874 77 36 gen
423 861 42 36 af
485 861 123 48 sagda
634 860 56 37 tid
718 862 42 35 af
783 862 77 35 fem
886 865 40 33 år
953 861 303 50 tillkännagifvit
1284 861 57 37 sin
1370 861 117 49 afsigt
1511 865 55 32 att
1593 860 78 37 låta
1699 860 224 37 konventio-

319 926 74 23 nen
435 912 164 45 förfalla,
641 912 99 37 skall
774 912 74 37 den
883 912 161 37 fortfara
1079 919 55 31 att
1167 912 105 50 gälla
1299 912 122 37 under
1448 911 224 51 ytterligare
1701 916 54 32 ett
1783 915 40 33 år
1852 912 72 37 och

319 967 42 33 så
390 967 40 33 år
458 964 99 36 efter
581 968 127 32 annat.
764 963 70 38 Om
863 964 173 37 deremot
1064 968 129 45 någon
1221 964 42 37 af
1287 964 46 37 de
1358 964 160 47 makter,
1548 977 80 23 som
1645 963 279 37 undertecknat

319 1014 295 49 konventionen,
648 1020 196 46 uppsäger
871 1015 236 48 densamma,
1138 1015 97 37 skall
1264 1015 73 37 den
1367 1014 238 39 fortfarande
1627 1014 105 51 gälla
1760 1014 163 38 emellan

319 1066 127 50 öfriga
483 1067 310 37 kontraherande
828 1068 161 46 makter,
1024 1071 42 33 så
1103 1067 89 37 vida
1226 1067 46 37 de
1309 1067 83 37 icke
1420 1066 185 38 likaledes
1633 1072 178 44 uppsäga
1838 1066 84 37 den.

968 1187 303 49 Tilläggsartikel.

452 1272 107 36 Hans
600 1271 107 49 Maj:t
742 1272 230 49 konungens
1007 1272 42 36 af
1070 1271 160 50 Sverige
1258 1272 71 36 och
1357 1271 131 49 Norge
1517 1270 181 50 regering
1727 1270 96 37 skall
1853 1284 73 36 ega

319 1327 75 32 rätt
423 1329 54 30 att
504 1321 169 38 tillträda
701 1323 126 36 denna
854 1323 234 37 konvention
1111 1324 58 36 för
1198 1323 160 50 Sverige
1386 1322 70 37 och
1484 1322 60 37 för
1571 1323 141 48 Norge,
1747 1336 89 22 vare
1864 1323 62 48 sig

320 1375 59 35 för
407 1373 98 37 båda
533 1373 133 37 rikena
693 1380 242 43 gemensamt
963 1374 94 37 eller
1084 1374 59 37 för
1171 1374 148 37 ettdera
1346 1373 99 37 riket
1473 1373 191 37 särskildt.

455 1425 145 37 Sådant
637 1424 169 38 tillträde
844 1426 55 36 till
935 1425 285 37 konventionen
1261 1425 97 37 skall
1391 1424 316 50 tillkännagifvas
1752 1424 59 36 för
1852 1425 73 36 den

318 1476 241 37 Holländska
582 1476 232 49 regeringen
840 1477 69 36 och
934 1490 140 35 genom
1104 1476 126 37 denna
1259 1477 57 36 för
1345 1476 125 49 öfriga
1497 1476 160 46 makter,
1682 1489 81 23 som
1789 1476 137 37 under-

318 1528 157 37 tecknat
501 1527 296 37 konventionen.
