1900 2808
66 1050 95 24 Arvode
179 1049 39 23 för

77 1085 129 30 sjukbesök

83 1120 66 22 inom
161 1118 40 25 två

73 1154 135 23 kilometer.

66 1762 96 25 Arvode
179 1762 39 23 för

77 1798 129 30 sjukbesök

65 1832 31 30 på
118 1831 99 25 avstånd

66 1869 83 21 utöver
169 1867 40 23 två

75 1902 133 24 kilometer.

435 248 191 41 (Nuvarande
649 250 129 40 lydelse.)

234 316 135 33 kronor.
415 317 68 32 För
504 318 171 42 förnyelse
699 329 40 21 av
755 320 116 40 recept
886 320 83 30 utan

236 368 147 32 särskild
405 369 219 42 rådfrågning
645 371 101 39 utgör
769 369 140 32 arvodet
928 370 42 31 50

235 420 67 29 öre.

288 469 27 30 2.
350 469 69 30 Det
440 469 12 30 i
475 480 101 20 mom.
602 470 15 29 1
642 469 178 31 bestämda
844 470 125 30 arvode

235 518 53 37 för
320 518 220 42 rådfrågning
573 520 99 40 utgår
704 519 74 31 icke
801 519 57 31 vid
882 519 87 42 sjuk-

235 569 117 38 besök,
376 580 116 21 varom
515 570 63 31 här
599 570 113 31 nedan
736 570 151 42 stadgas;
905 570 64 31 och

235 621 64 38 må,
331 620 115 32 därest
468 620 58 32 vid
550 621 186 41 sjukbesök
758 623 44 39 på
825 621 144 31 avstånd

234 670 74 31 från
342 671 157 31 läkarens
532 671 133 37 bostad,
704 671 265 42 överskjutande

235 731 43 20 en
290 720 80 32 halv
382 721 68 38 mil,
464 721 136 31 läkaren
613 721 174 41 rådfrågas
796 732 40 20 av
846 723 121 39 någon,

236 781 74 21 som
344 770 118 33 tillhör
492 782 129 21 samma
643 771 138 32 hushåll
805 783 74 20 som
903 771 66 32 den

235 821 106 42 sjuke,
376 822 141 32 arvodet
549 822 116 32 härför
697 825 81 39 utgå
811 822 79 32 med
919 824 49 30 ett

234 872 128 42 belopp
387 873 28 41 ej
441 873 238 42 överstigande
705 875 16 29 1
745 874 115 31 krona.

950 974 21 41 $

290 1042 26 30 1.
350 1041 70 31 För
441 1042 92 41 varje
548 1041 118 39 besök,
684 1052 74 21 som
775 1052 41 21 av
831 1041 137 32 läkaren

235 1093 44 41 på
312 1091 170 32 anmodan
516 1094 99 39 göres
649 1092 65 31 hos
748 1092 78 41 sjuk
851 1094 45 39 på
918 1103 50 20 av-

237 1142 101 31 stånd
372 1142 29 41 ej
438 1143 239 40 överstigande
711 1144 56 29 två
789 1142 181 31 kilometer

233 1192 76 31 från
330 1192 158 31 läkarens
514 1192 126 31 bostad
663 1192 83 31 eller
768 1192 74 31 från
865 1194 104 29 annat

236 1242 98 31 ställe
366 1242 94 31 inom
484 1241 184 40 distriktet,
693 1243 61 31 där
775 1242 68 31 han
866 1254 103 30 uppe-

235 1293 109 31 håller
377 1293 60 42 sig,
472 1294 100 41 utgår
605 1293 141 32 arvodet
778 1293 79 32 med
887 1293 82 32 3—5

233 1343 135 32 kronor.

713 175 230 29 Statsutskottets
965 177 147 27 utlåtande
1134 177 49 27 Nr
1204 175 49 30 93.

1181 250 187 41 (Föreslagen
1391 250 128 40 lydelse.)

1005 318 135 32 kronor.
1185 318 69 32 För
1275 319 173 42 förnyelse
1472 330 40 21 av
1527 320 117 40 recept
1655 320 83 30 utan

1006 370 147 31 särskild
1186 370 219 42 rådfrågning
1434 372 100 39 utgör
1557 370 140 31 arvodet
1721 370 16 31 1

1004 420 116 31 krona.

1058 471 28 30 2.
1131 470 69 30 Det
1223 469 11 31 i
1250 480 100 20 mom.
1370 471 16 29 1
1403 469 180 31 bestämda
1598 470 141 31 arvodet

1005 520 53 31 för
1090 519 219 42 rådfrågning
1341 521 100 39 utgår
1473 519 75 31 icke
1570 519 58 32 vid
1651 519 88 42 sjuk-

1005 570 117 39 besök,
1146 581 116 21 varom
1285 570 62 31 här
1369 570 112 31 nedan
1499 570 153 42 stadgas;
1674 570 65 32 och

1005 623 63 36 må,
1093 621 116 31 därest
1235 621 59 31 vid
1317 621 189 41 sjukbesök
1528 623 44 39 på
1595 621 144 32 avstånd

1004 671 74 31 från
1111 671 157 31 läkarens
1301 671 135 38 bostad,
1475 671 264 41 överskjutande

1005 721 67 31 fem
1106 721 188 38 kilometer,
1329 721 139 31 läkaren
1501 721 175 40 rådfrågas
1699 733 41 20 av

1006 773 121 40 någon,
1167 783 74 20 som
1279 771 119 32 tillhör
1435 782 130 21 samma
1601 772 138 32 hushåll

1004 834 74 20 som
1113 823 66 31 den
1214 823 107 41 sjuke,
1355 822 140 32 arvodet
1522 823 115 32 härför
1659 825 81 40 utgå

1004 873 78 32 med
1107 874 80 31 1—2
1211 873 135 32 kronor.

994 975 27 30 3.

1060 1042 26 31 1.
1121 1041 69 32 För
1211 1042 92 42 varje
1319 1041 117 39 besök,
1455 1053 75 21 som
1546 1053 40 20 av
1601 1042 138 32 läkaren

1004 1094 45 39 på
1082 1092 170 31 anmodan
1286 1094 100 40 göres
1419 1092 65 32 hos
1519 1093 77 41 sjuk
1622 1095 44 40 på
1689 1104 51 20 av-

1005 1142 102 31 stånd
1141 1143 28 41 ej
1206 1143 239 40 överstigande
1478 1144 56 30 två
1560 1143 181 32 kilometer

1004 1193 75 30 från
1101 1193 157 31 läkarens
1281 1193 125 31 bostad
1430 1192 83 31 eller
1535 1193 74 31 från
1637 1195 103 29 annat

1006 1242 98 32 ställe
1127 1242 94 32 inom
1255 1242 183 39 distriktet,
1464 1242 60 32 där
1546 1243 68 31 han
1636 1255 105 30 uppe-

1005 1293 109 31 håller
1148 1293 60 42 sig,
1243 1295 99 40 utgår
1375 1293 141 32 arvodet
1549 1293 79 32 med
1657 1294 83 31 3—6

1005 1344 136 31 kronor.

287 1395 28 30 2.
352 1387 198 48 Överstiger
582 1394 12 31 i
627 1394 68 38 fall,
732 1405 73 20 som
828 1394 12 31 i
863 1405 101 20 mom.
990 1395 16 30 1
1031 1394 228 39 omförmäles,
1284 1395 180 30 avståndet
1486 1394 74 31 från
1583 1394 157 32 läkarens

233 1443 126 32 bostad
382 1454 43 21 en
447 1443 181 31 kilometer
651 1444 65 31 och
738 1445 111 30 finnes
871 1444 114 31 farbar
1006 1446 64 38 väg
1092 1444 53 31 till
1169 1444 66 31 den
1260 1444 105 41 sjuke,
1391 1444 87 31 skall
1500 1444 138 31 läkaren
1661 1444 80 31 med

234 1493 121 42 tjänlig
379 1494 110 41 skjuts
511 1494 179 32 befordras
714 1494 54 31 till
791 1494 64 31 och
877 1494 75 31 från
968 1494 232 41 sjukbesöket.

1247 1494 86 31 Sker
1349 1494 29 41 ej
1396 1494 179 42 hämtning
1590 1494 12 31 i
1618 1494 123 32 sådant

234 1544 68 39 fall,
325 1555 79 21 vare
426 1544 138 32 läkaren
591 1544 193 42 berättigad
807 1544 53 32 till
882 1544 209 42 gottgörelse
1115 1544 52 32 för
1190 1544 110 42 utgift,
1326 1556 74 20 som
1423 1544 68 32 han
1514 1545 74 31 haft
1610 1545 53 31 för
1686 1545 53 31 sin

234 1595 242 42 fortskaffning
498 1595 54 32 till
575 1596 64 31 och
661 1596 75 31 från
760 1596 123 31 stället.

951 1696 22 42 $

289 1749 197 48 Överstiger
494 1755 57 32 vid
561 1756 188 41 sjukbesök
756 1755 211 42 väglängden

234 1806 49 32 till
320 1806 66 32 den
420 1806 97 42 sjuke
550 1806 75 32 från
657 1807 158 31 läkarens
843 1806 125 32 bostad

236 1857 82 32 eller
340 1859 105 29 annat
468 1857 99 32 ställe
590 1857 93 32 inom
700 1857 183 39 distriktet,
898 1858 70 31 där-

233 1908 88 31 ifrån
355 1919 100 20 resan
488 1908 169 38 anträdes,
690 1910 56 29 två
778 1908 190 38 kilometer,

235 1960 100 39 utgår
367 1957 150 39 arvodet,
552 1958 53 31 för
626 1958 110 31 besök
758 1960 43 39 på
825 1959 145 31 avstånd

236 2008 28 41 ej
291 2008 239 41 överstigande
553 2019 42 20 en
618 2008 79 31 halv
720 2008 69 39 mil,
814 2009 78 31 med
907 2009 62 31 5—

236 2059 17 30 7
287 2058 127 31 kronor
447 2060 96 36 samt,
578 2059 52 30 för
652 2059 109 31 besök
787 2061 44 38 på
853 2059 116 41 längre

235 2108 153 37 avstånd,
412 2108 79 31 med
513 2108 198 41 ytterligare
734 2109 19 31 2
775 2109 127 31 kronor
917 2109 53 31 för

235 2158 91 41 varje
364 2158 265 41 överskjutande
671 2159 122 41 börjad
831 2159 139 31 halvmil

235 2208 92 31 intill
359 2208 74 42 fyra
466 2209 60 31 mil
560 2209 64 31 och
658 2209 148 31 därefter
839 2209 78 31 med
951 2210 19 30 2

236 2259 127 31 kronor
385 2259 53 31 för
459 2259 92 42 varje
568 2259 264 42 överskjutande
848 2259 122 42 börjad

236 2309 60 31 mil
319 2320 41 21 av
382 2309 212 42 väglängden
610 2310 53 31 till
679 2311 66 30 den
762 2310 108 41 sjuke,
888 2312 82 29 utan

235 2361 68 30 rätt
325 2360 52 31 för
399 2360 138 32 läkaren
553 2361 53 31 till
623 2361 139 31 särskilt
778 2361 124 31 arvode
918 2361 52 31 för

236 2410 201 32 återfärden.

994 1699 29 30 4.

1058 1749 198 48 Överstiger
1264 1755 57 32 vid
1331 1755 187 42 sjukbesök
1526 1756 213 41 väglängden

1004 1806 53 32 till
1090 1806 67 32 den
1192 1806 97 42 sjuke
1322 1807 75 31 från
1430 1806 157 32 läkarens
1614 1806 126 32 bostad

1005 1857 82 31 eller
1110 1859 103 30 annat
1237 1857 98 32 ställe
1358 1857 93 32 inom
1469 1857 183 39 distriktet,
1670 1857 70 31 där-

1004 1907 88 31 ifrån
1125 1919 100 20 resan
1260 1908 170 38 anträdes,
1464 1909 57 30 två
1550 1908 188 37 kilometer,

1004 1960 99 39 utgår
1137 1958 148 38 arvodet,
1320 1958 53 31 för
1399 1958 109 31 besök
1529 1960 45 38 på
1596 1958 144 31 avstånd

1006 2008 28 41 ej
1066 2008 238 41 överstigande
1327 2008 67 31 fem
1417 2008 180 31 kilometer
1620 2008 78 31 med
1721 2009 19 30 5

1005 2059 61 30 —8
1089 2059 127 30 kronor
1239 2060 97 36 samt,
1360 2059 53 30 för
1435 2058 108 32 besök
1565 2060 44 39 på
1624 2058 116 41 längre

1006 2109 153 37 avstånd,
1184 2108 78 31 med
1289 2108 196 41 ytterligare
1508 2108 83 31 2—3
1614 2108 127 31 kronor

1006 2159 52 30 för
1080 2159 91 41 varje
1194 2158 168 41 påbörjad
1384 2169 46 30 ny
1454 2158 133 31 sträcka
1610 2169 40 20 av
1672 2158 67 31 fem

1006 2209 180 31 kilometer
1202 2220 41 20 av
1257 2208 213 42 väglängden
1487 2209 52 30 till
1552 2208 66 31 den
1632 2208 106 42 sjuke,

1007 2261 82 29 utan
1112 2261 67 30 rätt
1206 2259 53 32 för
1285 2259 138 31 läkaren
1446 2259 54 31 till
1523 2259 148 32 särskild
1694 2270 48 20 er-

1007 2310 152 41 sättning
1181 2310 53 32 för
1257 2310 201 32 återfärden.
