2136 2649
657 190 204 41 Bevilbnings-
871 182 173 53 Utskottets
1052 187 200 33 Betänkande
1274 186 62 32 N:o
1364 187 42 30 LH.
1718 182 47 36 43

349 283 54 31 att
443 276 105 50 dylik
582 274 198 49 handling,
808 276 49 46 på
884 272 126 50 grund
1039 270 138 38 hvaraf
1197 270 143 49 lagfart
1368 269 111 36 sökes
1505 269 59 36 för
1588 267 230 50 aktiebolag,

349 343 80 22 som
453 328 84 37 icke
567 326 144 37 drifver
739 323 261 47 bankrörelse,
1028 323 69 37 bör
1125 335 91 24 vara
1244 321 142 49 belagd
1416 320 86 37 med
1531 319 164 49 stämpel
1721 320 40 35 af
1775 320 45 35 10

350 381 150 36 kronor.

217 432 344 48 Skoysafverkning:
591 428 225 47 afhaudling
845 427 131 35 derom
1003 426 69 35 bör
1099 425 61 35 vid
1189 423 244 49 utgifvandet
1460 422 122 36 förses
1602 422 87 35 med
1708 426 113 31 stäm-

350 482 61 49 pel
452 481 40 36 af
522 484 44 33 60
595 485 63 31 öre
685 479 57 36 för
769 477 132 49 hvarje
926 476 93 37 fulla
1045 476 71 35 100
1145 475 139 36 kronor
1313 473 40 37 af
1373 473 100 36 hvad
1502 472 59 36 för
1588 471 235 49 rättigheten

350 532 127 38 blifvit
515 531 120 37 utfäst
672 529 104 48 eller,
806 543 60 23 om
903 528 104 36 detta
1040 527 83 36 icke
1147 525 126 37 blifvit
1300 525 11 35 i
1336 524 278 48 afhandlingen
1641 523 58 36 till
1726 523 98 36 visst

353 585 139 47 belopp
521 582 206 46 bestämdt,
757 580 40 37 af
823 582 20 34 6
872 585 64 31 öre
965 579 59 36 för
1051 577 132 49 hvarje
1212 576 87 36 fullt
1327 575 102 37 antal
1458 575 41 36 af
1527 576 45 34 10
1601 588 41 22 ar
1660 574 87 36 utaf
1759 576 65 34 det

356 635 184 49 upplåtna
569 632 266 49 skogsskiftet.

420 686 121 37 Sökes
583 688 47 45 på
669 682 126 50 grund
836 682 41 36 af
904 680 277 48 afhandlingen
1209 679 70 36 hos
1308 677 174 49 offentlig
1511 676 226 50 myndighet
1760 676 64 36 be-

351 737 161 49 talning,
537 735 98 37 skall
665 734 277 48 afhandlingen
969 745 91 24 vara
1088 730 141 49 belagd
1254 729 86 37 med
1365 728 164 38 särskild
1558 727 160 49 stämpel
1746 726 77 37 lika

350 788 86 37 med
461 787 220 46 Skuldebref.

221 841 208 45 Skuldebref
453 840 95 44 skall,
588 838 45 36 då
668 840 52 33 det
746 839 56 42 för
823 837 172 35 vinnande
1018 835 43 44 af
1076 834 189 45 inteckning
1288 833 79 35 eller
1395 832 169 45 betalning
1591 831 58 35 hos
1676 830 148 45 offentlig

353 892 194 45 myndighet
572 891 129 44 företes,
722 900 86 24 vara
829 888 127 45 försedt
981 888 75 34 med
1082 886 141 45 stämpel
1246 886 44 44 af
1309 885 49 35 25
1379 887 55 32 öre
1451 884 56 44 för
1524 883 118 44 hvarje
1653 882 90 45 fulla
1757 884 67 32 100

354 945 125 34 kronor
505 943 44 44 af
568 943 53 34 det
648 939 258 47 kapitalbelopp,
934 938 55 45 för
1016 937 119 36 hvilket
1157 937 190 43 inteckning
1374 935 79 35 eller
1480 934 169 44 betalning
1675 933 110 43 sökes;

404 994 83 36 dock
514 998 41 30 är
576 992 199 44 skuldebref
789 991 77 45 fritt
886 990 83 44 från
990 988 151 46 stämpel,
1164 988 45 35 då
1218 988 50 45 på
1279 988 117 45 grund
1410 987 107 43 deraf
1525 986 146 45 fordran
1686 984 138 36 bevakas

357 1047 11 34 i
395 1046 146 36 konkurs
563 1044 78 35 eller
662 1043 191 44 inteckning
876 1042 89 35 sökes
991 1041 13 34 i
1019 1041 156 44 jernväg.

424 1101 34 26 Se
474 1103 50 30 för
541 1098 88 34 öfrigt
645 1098 40 34 $$
704 1099 34 25 17
756 1097 47 27 och
821 1098 43 25 18.

229 1253 201 34 Testamente
452 1261 51 23 om
525 1250 69 42 fast
623 1248 176 45 egendom;
843 1244 74 36 lika
945 1242 87 37 med
1062 1241 227 48 afhandling
1317 1254 61 23 om
1407 1242 79 44 Köp
1509 1242 45 43 af
1571 1241 69 43 fast
1662 1241 165 44 egendom.

231 1300 375 45 Undantagskontrakt
601 1292 18 57 ;
635 1310 41 23 se
700 1296 155 46 Afkomst
877 1297 43 44 af
934 1297 68 43 fast
1024 1296 165 44 egendom.

232 1353 107 43 Vexel,
360 1352 157 44 godkänd
540 1350 78 36 eller
643 1349 229 45 protesterad;
897 1348 68 35 lika
990 1348 75 34 med
1093 1345 209 43 Skuldebref.

417 1403 67 34 Der
509 1401 93 36 vexel
625 1401 112 35 ställes
765 1403 47 32 att
835 1399 20 35 å
882 1399 126 35 utrikes
1031 1401 51 31 ort
1105 1396 125 36 betalas
1253 1396 77 35 eller
1343 1399 40 31 är
1397 1394 167 45 utfärdad
1587 1392 21 36 å
1628 1392 125 35 utrikes
1767 1395 61 31 ort,

360 1454 94 43 skall,
495 1453 178 35 oberoende
711 1452 44 43 af
774 1452 64 34 den
868 1449 151 45 stämpel,
1045 1460 70 24 som
1142 1448 13 35 i
1181 1446 181 36 allmänhet
1389 1450 41 31 är
1456 1446 154 44 stadgad,
1637 1443 124 43 vexeln,
1786 1443 45 34 då

360 1507 65 34 den
464 1504 149 36 utställes
652 1503 80 35 eller
766 1513 52 23 om
853 1502 64 34 den
952 1500 172 44 utfärdats
1151 1502 92 31 utom
1269 1498 94 39 riket,
1392 1497 107 35 innan
1526 1497 65 34 den
1617 1495 65 35 här
1707 1495 14 34 +
1747 1494 84 35 riket

360 1556 174 44 öfverlåtes
557 1555 79 35 eller
662 1554 52 35 till
733 1553 250 45 godkännande
1010 1551 80 35 eller
1117 1550 167 44 betalning
1310 1550 130 43 företes,
1468 1548 152 44 beläggas
1638 1547 74 34 med
1729 1549 102 32 stäm-

357 1607 56 45 pel
437 1607 44 44 af
500 1608 45 34 50
572 1610 65 38 öre,
665 1609 65 31 när
756 1606 63 33 den
847 1604 95 43 lyder
965 1603 21 34 å
1011 1603 133 33 mindre
1172 1601 114 44 belopp
1310 1604 45 31 än
1380 1602 101 41 1,000
1499 1600 132 41 kronor,
1649 1609 75 23 men
1742 1597 90 43 eljest

362 1658 44 45 af
439 1661 19 32 1
498 1658 125 42 krona;
652 1656 82 36 dock
761 1658 48 33 att
839 1655 101 44 frihet
966 1653 83 45 från
1075 1654 112 34 denna
1212 1651 338 46 stämpelbeläggning
1578 1660 73 34 eger
1677 1660 79 23 rum
1777 1648 55 44 för

363 1709 90 50 vexel
486 1709 10 35 å
523 1709 133 35 mindre
683 1707 116 45 belopp
827 1710 45 31 än
898 1707 64 34 100
985 1705 128 34 kronor.

415 1755 55 40 Är
496 1760 90 35 vexel
613 1759 167 44 utfärdad
807 1758 12 34 i
839 1758 86 43 flera
948 1756 170 45 exemplar
1145 1755 59 34 och
1225 1754 64 35 har
1316 1756 42 32 ett
1385 1753 44 44 af
1444 1754 74 33 dem
1532 1751 106 44 blifvit
1653 1752 73 33 med
1740 1761 94 33 nyss-

366 1813 153 34 nämnda
541 1810 169 36 särskilda
736 1808 140 46 stämpel
897 1808 136 44 försedt,
1062 1817 78 25 vare
1162 1807 40 34 de
1224 1805 112 45 öfriga
1361 1804 81 45 från
1465 1803 111 35 sådan
1601 1801 142 46 stämpel
1755 1801 80 45 fria.

241 2261 219 54 Öfverlåtelse
495 2268 44 45 af
559 2267 255 36 kronohemman
842 2265 79 36 eller
942 2265 180 44 skattlagdt
1144 2262 267 45 krononybygge:
1446 2257 227 49 afhandling
1707 2256 130 37 derom
