<?xml version="1.0" encoding="UTF-8"?>
<alto xmlns="http://www.loc.gov/standards/alto/ns-v3#" xmlns:xlink="http://www.w3.org/1999/xlink" xmlns:xsi="http://www.w3.org/2001/XMLSchema-instance" xsi:schemaLocation="http://www.loc.gov/standards/alto/ns-v3# http://www.loc.gov/alto/v3/alto-3-0.xsd">
	<Description>
		<MeasurementUnit>pixel</MeasurementUnit>
		<sourceImageInformation>
			<fileName>/tmp/tess_8ynlqe3k_input.PNG</fileName>
		</sourceImageInformation>
		<OCRProcessing ID="OCR_0">
			<ocrProcessingStep>
				<processingSoftware>
					<softwareName>tesseract 5.3.0</softwareName>
				</processingSoftware>
			</ocrProcessingStep>
		</OCRProcessing>
	</Description>
	<Layout>
		<Page WIDTH="2136" HEIGHT="2653" PHYSICAL_IMG_NR="0" ID="page_0">
			<PrintSpace HPOS="0" VPOS="0" WIDTH="2136" HEIGHT="2653">
				<ComposedBlock ID="cblock_0" HPOS="370" VPOS="141" WIDTH="1095" HEIGHT="34">
					<TextBlock ID="block_0" HPOS="370" VPOS="141" WIDTH="1095" HEIGHT="34">
						<TextLine ID="line_0" HPOS="370" VPOS="141" WIDTH="1095" HEIGHT="34">
							<String ID="string_0" HPOS="370" VPOS="141" WIDTH="39" HEIGHT="30" WC="0.95" CONTENT="20"/><SP WIDTH="399" VPOS="141" HPOS="409"/>
							<String ID="string_1" HPOS="808" VPOS="141" WIDTH="288" HEIGHT="33" WC="0.88" CONTENT="Stats-Utskottets"/><SP WIDTH="29" VPOS="141" HPOS="1096"/>
							<String ID="string_2" HPOS="1125" VPOS="142" WIDTH="173" HEIGHT="33" WC="0.95" CONTENT="Utlåtande"/><SP WIDTH="24" VPOS="142" HPOS="1298"/>
							<String ID="string_3" HPOS="1322" VPOS="143" WIDTH="66" HEIGHT="32" WC="0.92" CONTENT="N:o"/><SP WIDTH="25" VPOS="143" HPOS="1388"/>
							<String ID="string_4" HPOS="1413" VPOS="145" WIDTH="52" HEIGHT="30" WC="0.88" CONTENT="42."/>
						</TextLine>
					</TextBlock>
				</ComposedBlock>
				<ComposedBlock ID="cblock_1" HPOS="326" VPOS="222" WIDTH="1603" HEIGHT="349">
					<TextBlock ID="block_1" HPOS="327" VPOS="222" WIDTH="1599" HEIGHT="157">
						<TextLine ID="line_1" HPOS="327" VPOS="222" WIDTH="1598" HEIGHT="53">
							<String ID="string_5" HPOS="327" VPOS="224" WIDTH="56" HEIGHT="35" WC="0.94" CONTENT="till"/><SP WIDTH="29" VPOS="224" HPOS="383"/>
							<String ID="string_6" HPOS="412" VPOS="222" WIDTH="215" HEIGHT="49" WC="0.96" CONTENT="Sölvesborg"/><SP WIDTH="29" VPOS="222" HPOS="627"/>
							<String ID="string_7" HPOS="656" VPOS="225" WIDTH="81" HEIGHT="34" WC="0.96" CONTENT="med"/><SP WIDTH="31" VPOS="225" HPOS="737"/>
							<String ID="string_8" HPOS="768" VPOS="229" WIDTH="65" HEIGHT="37" WC="0.96" CONTENT="4,83"/><SP WIDTH="25" VPOS="229" HPOS="833"/>
							<String ID="string_9" HPOS="858" VPOS="225" WIDTH="72" HEIGHT="35" WC="0.96" CONTENT="fots"/><SP WIDTH="30" VPOS="225" HPOS="930"/>
							<String ID="string_10" HPOS="960" VPOS="226" WIDTH="169" HEIGHT="48" WC="0.96" CONTENT="spårvidd"/><SP WIDTH="30" VPOS="226" HPOS="1129"/>
							<String ID="string_11" HPOS="1159" VPOS="226" WIDTH="129" HEIGHT="48" WC="0.96" CONTENT="bevilja"/><SP WIDTH="24" VPOS="226" HPOS="1288"/>
							<String ID="string_12" HPOS="1312" VPOS="227" WIDTH="60" HEIGHT="35" WC="0.96" CONTENT="det"/><SP WIDTH="16" VPOS="227" HPOS="1372"/>
							<String ID="string_13" HPOS="1388" VPOS="226" WIDTH="54" HEIGHT="36" WC="0.96" CONTENT="för"/><SP WIDTH="16" VPOS="226" HPOS="1442"/>
							<String ID="string_14" HPOS="1458" VPOS="226" WIDTH="187" HEIGHT="49" WC="0.96" CONTENT="byggande"/><SP WIDTH="20" VPOS="226" HPOS="1645"/>
							<String ID="string_15" HPOS="1665" VPOS="227" WIDTH="104" HEIGHT="36" WC="0.96" CONTENT="deraf"/><SP WIDTH="13" VPOS="227" HPOS="1769"/>
							<String ID="string_16" HPOS="1782" VPOS="227" WIDTH="143" HEIGHT="36" WC="0.96" CONTENT="bildade"/>
						</TextLine>
						<TextLine ID="line_2" HPOS="329" VPOS="276" WIDTH="1597" HEIGHT="52">
							<String ID="string_17" HPOS="329" VPOS="276" WIDTH="104" HEIGHT="48" WC="0.95" CONTENT="bolag"/><SP WIDTH="28" VPOS="276" HPOS="433"/>
							<String ID="string_18" HPOS="461" VPOS="282" WIDTH="51" HEIGHT="28" WC="0.95" CONTENT="ett"/><SP WIDTH="25" VPOS="282" HPOS="512"/>
							<String ID="string_19" HPOS="537" VPOS="276" WIDTH="117" HEIGHT="35" WC="0.96" CONTENT="direkt"/><SP WIDTH="29" VPOS="276" HPOS="654"/>
							<String ID="string_20" HPOS="683" VPOS="277" WIDTH="122" HEIGHT="48" WC="0.96" CONTENT="anslag"/><SP WIDTH="30" VPOS="277" HPOS="805"/>
							<String ID="string_21" HPOS="835" VPOS="277" WIDTH="39" HEIGHT="35" WC="0.92" CONTENT="af"/><SP WIDTH="26" VPOS="277" HPOS="874"/>
							<String ID="string_22" HPOS="900" VPOS="278" WIDTH="85" HEIGHT="38" WC="0.52" CONTENT="1:del"/><SP WIDTH="17" VPOS="278" HPOS="985"/>
							<String ID="string_23" HPOS="1002" VPOS="278" WIDTH="79" HEIGHT="35" WC="0.92" CONTENT="utaf"/><SP WIDTH="12" VPOS="278" HPOS="1081"/>
							<String ID="string_24" HPOS="1093" VPOS="278" WIDTH="438" HEIGHT="50" WC="0.92" CONTENT="anläggningskostnaden"/><SP WIDTH="14" VPOS="278" HPOS="1531"/>
							<String ID="string_25" HPOS="1545" VPOS="280" WIDTH="91" HEIGHT="34" WC="0.96" CONTENT="efter"/><SP WIDTH="16" VPOS="280" HPOS="1636"/>
							<String ID="string_26" HPOS="1652" VPOS="279" WIDTH="122" HEIGHT="48" WC="0.95" CONTENT="Kongl."/><SP WIDTH="29" VPOS="279" HPOS="1774"/>
							<String ID="string_27" HPOS="1803" VPOS="279" WIDTH="123" HEIGHT="49" WC="0.96" CONTENT="Maj:ts"/>
						</TextLine>
						<TextLine ID="line_3" HPOS="328" VPOS="328" WIDTH="724" HEIGHT="51">
							<String ID="string_28" HPOS="328" VPOS="329" WIDTH="10" HEIGHT="34" WC="0.81" CONTENT="i"/><SP WIDTH="28" VPOS="329" HPOS="338"/>
							<String ID="string_29" HPOS="366" VPOS="328" WIDTH="110" HEIGHT="35" WC="0.96" CONTENT="nåder"/><SP WIDTH="23" VPOS="328" HPOS="476"/>
							<String ID="string_30" HPOS="499" VPOS="328" WIDTH="207" HEIGHT="36" WC="0.96" CONTENT="fastställda"/><SP WIDTH="27" VPOS="328" HPOS="706"/>
							<String ID="string_31" HPOS="733" VPOS="329" WIDTH="319" HEIGHT="50" WC="0.96" CONTENT="kostnadsförslag."/>
						</TextLine>
					</TextBlock>
					<TextBlock ID="block_2" HPOS="462" VPOS="379" WIDTH="1385" HEIGHT="50">
						<TextLine ID="line_4" HPOS="462" VPOS="379" WIDTH="1385" HEIGHT="50">
							<String ID="string_32" HPOS="462" VPOS="381" WIDTH="38" HEIGHT="33" WC="0.96" CONTENT="af"/><SP WIDTH="27" VPOS="381" HPOS="500"/>
							<String ID="string_33" HPOS="527" VPOS="379" WIDTH="93" HEIGHT="36" WC="0.94" CONTENT="Herr"/><SP WIDTH="27" VPOS="379" HPOS="620"/>
							<String ID="string_34" HPOS="647" VPOS="379" WIDTH="94" HEIGHT="37" WC="0.95" CONTENT="Sven"/><SP WIDTH="27" VPOS="379" HPOS="741"/>
							<String ID="string_35" HPOS="768" VPOS="380" WIDTH="151" HEIGHT="37" WC="0.87" CONTENT="Nilsson"/><SP WIDTH="24" VPOS="380" HPOS="919"/>
							<String ID="string_36" HPOS="943" VPOS="382" WIDTH="97" HEIGHT="35" WC="0.96" CONTENT="inom"/><SP WIDTH="24" VPOS="382" HPOS="1040"/>
							<String ID="string_37" HPOS="1064" VPOS="383" WIDTH="124" HEIGHT="35" WC="0.96" CONTENT="Andra"/><SP WIDTH="24" VPOS="383" HPOS="1188"/>
							<String ID="string_38" HPOS="1212" VPOS="383" WIDTH="225" HEIGHT="36" WC="0.96" CONTENT="Kammaren"/><SP WIDTH="30" VPOS="383" HPOS="1437"/>
							<String ID="string_39" HPOS="1467" VPOS="380" WIDTH="155" HEIGHT="47" WC="0.96" CONTENT="(motion"/><SP WIDTH="24" VPOS="380" HPOS="1622"/>
							<String ID="string_40" HPOS="1646" VPOS="383" WIDTH="66" HEIGHT="36" WC="0.96" CONTENT="N:o"/><SP WIDTH="32" VPOS="383" HPOS="1712"/>
							<String ID="string_41" HPOS="1744" VPOS="380" WIDTH="103" HEIGHT="49" WC="0.96" CONTENT="126):"/>
						</TextLine>
					</TextBlock>
					<TextBlock ID="block_3" HPOS="326" VPOS="432" WIDTH="1603" HEIGHT="139">
						<TextLine ID="line_5" HPOS="460" VPOS="432" WIDTH="1469" HEIGHT="51">
							<String ID="string_42" HPOS="460" VPOS="437" WIDTH="52" HEIGHT="29" WC="0.96" CONTENT="att"/><SP WIDTH="28" VPOS="437" HPOS="512"/>
							<String ID="string_43" HPOS="540" VPOS="432" WIDTH="220" HEIGHT="48" WC="0.95" CONTENT="statsbidrag"/><SP WIDTH="29" VPOS="432" HPOS="760"/>
							<String ID="string_44" HPOS="789" VPOS="435" WIDTH="110" HEIGHT="33" WC="0.95" CONTENT="måtte"/><SP WIDTH="30" VPOS="435" HPOS="899"/>
							<String ID="string_45" HPOS="929" VPOS="434" WIDTH="147" HEIGHT="48" WC="0.96" CONTENT="beviljas"/><SP WIDTH="28" VPOS="434" HPOS="1076"/>
							<String ID="string_46" HPOS="1104" VPOS="435" WIDTH="56" HEIGHT="34" WC="0.96" CONTENT="till"/><SP WIDTH="24" VPOS="435" HPOS="1160"/>
							<String ID="string_47" HPOS="1184" VPOS="435" WIDTH="219" HEIGHT="48" WC="0.91" CONTENT="fjerdedelen"/><SP WIDTH="31" VPOS="435" HPOS="1403"/>
							<String ID="string_48" HPOS="1434" VPOS="436" WIDTH="38" HEIGHT="34" WC="0.96" CONTENT="af"/><SP WIDTH="27" VPOS="436" HPOS="1472"/>
							<String ID="string_49" HPOS="1499" VPOS="436" WIDTH="68" HEIGHT="34" WC="0.96" CONTENT="den"/><SP WIDTH="27" VPOS="436" HPOS="1567"/>
							<String ID="string_50" HPOS="1594" VPOS="436" WIDTH="165" HEIGHT="41" WC="0.96" CONTENT="kostnad,"/><SP WIDTH="30" VPOS="436" HPOS="1759"/>
							<String ID="string_51" HPOS="1789" VPOS="449" WIDTH="76" HEIGHT="21" WC="0.96" CONTENT="som"/><SP WIDTH="26" VPOS="449" HPOS="1865"/>
							<String ID="string_52" HPOS="1891" VPOS="437" WIDTH="38" HEIGHT="34" WC="0.96" CONTENT="af"/>
						</TextLine>
						<TextLine ID="line_6" HPOS="327" VPOS="483" WIDTH="1598" HEIGHT="53">
							<String ID="string_53" HPOS="327" VPOS="483" WIDTH="134" HEIGHT="49" WC="0.93" CONTENT="Kongl."/><SP WIDTH="41" VPOS="483" HPOS="461"/>
							<String ID="string_54" HPOS="502" VPOS="483" WIDTH="102" HEIGHT="49" WC="0.89" CONTENT="Majt"/><SP WIDTH="28" VPOS="483" HPOS="604"/>
							<String ID="string_55" HPOS="632" VPOS="483" WIDTH="127" HEIGHT="48" WC="0.90" CONTENT="gilladt"/><SP WIDTH="22" VPOS="483" HPOS="759"/>
							<String ID="string_56" HPOS="781" VPOS="485" WIDTH="312" HEIGHT="49" WC="0.93" CONTENT="kostnadsförslag"/><SP WIDTH="28" VPOS="485" HPOS="1093"/>
							<String ID="string_57" HPOS="1121" VPOS="493" WIDTH="176" HEIGHT="42" WC="0.91" CONTENT="upptager"/><SP WIDTH="29" VPOS="493" HPOS="1297"/>
							<String ID="string_58" HPOS="1326" VPOS="488" WIDTH="118" HEIGHT="34" WC="0.96" CONTENT="såsom"/><SP WIDTH="28" VPOS="488" HPOS="1444"/>
							<String ID="string_59" HPOS="1472" VPOS="487" WIDTH="211" HEIGHT="49" WC="0.96" CONTENT="erforderlig"/><SP WIDTH="28" VPOS="487" HPOS="1683"/>
							<String ID="string_60" HPOS="1711" VPOS="488" WIDTH="54" HEIGHT="35" WC="0.93" CONTENT="för"/><SP WIDTH="29" VPOS="488" HPOS="1765"/>
							<String ID="string_61" HPOS="1794" VPOS="487" WIDTH="131" HEIGHT="49" WC="0.92" CONTENT="ifråga-"/>
						</TextLine>
						<TextLine ID="line_7" HPOS="326" VPOS="535" WIDTH="286" HEIGHT="36">
							<String ID="string_62" HPOS="326" VPOS="536" WIDTH="155" HEIGHT="35" WC="0.95" CONTENT="varande"/><SP WIDTH="29" VPOS="536" HPOS="481"/>
							<String ID="string_63" HPOS="510" VPOS="535" WIDTH="102" HEIGHT="35" WC="0.96" CONTENT="bana."/>
						</TextLine>
					</TextBlock>
				</ComposedBlock>
				<ComposedBlock ID="cblock_2" HPOS="525" VPOS="622" WIDTH="1199" HEIGHT="49">
					<TextBlock ID="block_4" HPOS="525" VPOS="622" WIDTH="1199" HEIGHT="49">
						<TextLine ID="line_8" HPOS="525" VPOS="622" WIDTH="1199" HEIGHT="49">
							<String ID="string_64" HPOS="525" VPOS="625" WIDTH="54" HEIGHT="33" WC="0.89" CONTENT="3:0"/><SP WIDTH="27" VPOS="625" HPOS="579"/>
							<String ID="string_65" HPOS="606" VPOS="622" WIDTH="183" HEIGHT="48" WC="0.84" CONTENT="angdende"/><SP WIDTH="19" VPOS="622" HPOS="789"/>
							<String ID="string_66" HPOS="808" VPOS="623" WIDTH="155" HEIGHT="48" WC="0.90" CONTENT="jernväg"/><SP WIDTH="28" VPOS="623" HPOS="963"/>
							<String ID="string_67" HPOS="991" VPOS="624" WIDTH="146" HEIGHT="36" WC="0.96" CONTENT="emellan"/><SP WIDTH="28" VPOS="624" HPOS="1137"/>
							<String ID="string_68" HPOS="1165" VPOS="623" WIDTH="209" HEIGHT="39" WC="0.0" CONTENT="Carlshamn"/><SP WIDTH="30" VPOS="623" HPOS="1374"/>
							<String ID="string_69" HPOS="1404" VPOS="627" WIDTH="59" HEIGHT="36" WC="0.93" CONTENT="och"/><SP WIDTH="41" VPOS="627" HPOS="1463"/>
							<String ID="string_70" HPOS="1504" VPOS="625" WIDTH="220" HEIGHT="38" WC="0.90" CONTENT="Wieslanda:"/>
						</TextLine>
					</TextBlock>
				</ComposedBlock>
				<ComposedBlock ID="cblock_3" HPOS="324" VPOS="689" WIDTH="1602" HEIGHT="414">
					<TextBlock ID="block_5" HPOS="462" VPOS="689" WIDTH="1315" HEIGHT="51">
						<TextLine ID="line_9" HPOS="462" VPOS="689" WIDTH="1315" HEIGHT="51">
							<String ID="string_71" HPOS="462" VPOS="691" WIDTH="38" HEIGHT="33" WC="0.96" CONTENT="af"/><SP WIDTH="26" VPOS="691" HPOS="500"/>
							<String ID="string_72" HPOS="526" VPOS="690" WIDTH="94" HEIGHT="35" WC="0.93" CONTENT="Herr"/><SP WIDTH="28" VPOS="690" HPOS="620"/>
							<String ID="string_73" HPOS="648" VPOS="689" WIDTH="36" HEIGHT="36" WC="0.53" CONTENT="C."/><SP WIDTH="29" VPOS="689" HPOS="684"/>
							<String ID="string_74" HPOS="713" VPOS="690" WIDTH="40" HEIGHT="36" WC="0.79" CONTENT="G."/><SP WIDTH="29" VPOS="690" HPOS="753"/>
							<String ID="string_75" HPOS="782" VPOS="691" WIDTH="96" HEIGHT="47" WC="0.69" CONTENT="Berg"/><SP WIDTH="24" VPOS="691" HPOS="878"/>
							<String ID="string_76" HPOS="902" VPOS="693" WIDTH="97" HEIGHT="33" WC="0.94" CONTENT="inom"/><SP WIDTH="28" VPOS="693" HPOS="999"/>
							<String ID="string_77" HPOS="1027" VPOS="694" WIDTH="124" HEIGHT="33" WC="0.96" CONTENT="Andra"/><SP WIDTH="29" VPOS="694" HPOS="1151"/>
							<String ID="string_78" HPOS="1180" VPOS="694" WIDTH="225" HEIGHT="36" WC="0.95" CONTENT="Kammaren"/><SP WIDTH="26" VPOS="694" HPOS="1405"/>
							<String ID="string_79" HPOS="1431" VPOS="696" WIDTH="153" HEIGHT="42" WC="0.96" CONTENT="(motion"/><SP WIDTH="24" VPOS="696" HPOS="1584"/>
							<String ID="string_80" HPOS="1608" VPOS="696" WIDTH="63" HEIGHT="34" WC="0.95" CONTENT="N:o"/><SP WIDTH="30" VPOS="696" HPOS="1671"/>
							<String ID="string_81" HPOS="1701" VPOS="694" WIDTH="76" HEIGHT="46" WC="0.96" CONTENT="64):"/>
						</TextLine>
					</TextBlock>
					<TextBlock ID="block_6" HPOS="324" VPOS="741" WIDTH="1602" HEIGHT="362">
						<TextLine ID="line_10" HPOS="462" VPOS="741" WIDTH="1463" HEIGHT="55">
							<String ID="string_82" HPOS="462" VPOS="748" WIDTH="50" HEIGHT="29" WC="0.94" CONTENT="att"/><SP WIDTH="42" VPOS="748" HPOS="512"/>
							<String ID="string_83" HPOS="554" VPOS="741" WIDTH="209" HEIGHT="49" WC="0.84" CONTENT="Riksdagen"/><SP WIDTH="42" VPOS="741" HPOS="763"/>
							<String ID="string_84" HPOS="805" VPOS="744" WIDTH="111" HEIGHT="35" WC="0.96" CONTENT="måtte"/><SP WIDTH="41" VPOS="744" HPOS="916"/>
							<String ID="string_85" HPOS="957" VPOS="744" WIDTH="55" HEIGHT="35" WC="0.96" CONTENT="för"/><SP WIDTH="29" VPOS="744" HPOS="1012"/>
							<String ID="string_86" HPOS="1041" VPOS="744" WIDTH="149" HEIGHT="36" WC="0.93" CONTENT="berörda"/><SP WIDTH="25" VPOS="744" HPOS="1190"/>
							<String ID="string_87" HPOS="1215" VPOS="746" WIDTH="385" HEIGHT="50" WC="0.91" CONTENT="jernvägsanläggning"/><SP WIDTH="29" VPOS="746" HPOS="1600"/>
							<String ID="string_88" HPOS="1629" VPOS="748" WIDTH="118" HEIGHT="35" WC="0.96" CONTENT="såsom"/><SP WIDTH="30" VPOS="748" HPOS="1747"/>
							<String ID="string_89" HPOS="1777" VPOS="748" WIDTH="58" HEIGHT="35" WC="0.93" CONTENT="lån"/><SP WIDTH="29" VPOS="748" HPOS="1835"/>
							<String ID="string_90" HPOS="1864" VPOS="748" WIDTH="61" HEIGHT="36" WC="0.90" CONTENT="be-"/>
						</TextLine>
						<TextLine ID="line_11" HPOS="326" VPOS="794" WIDTH="1599" HEIGHT="54">
							<String ID="string_91" HPOS="326" VPOS="794" WIDTH="84" HEIGHT="47" WC="0.96" CONTENT="vilja"/><SP WIDTH="27" VPOS="794" HPOS="410"/>
							<String ID="string_92" HPOS="437" VPOS="807" WIDTH="42" HEIGHT="20" WC="0.96" CONTENT="en"/><SP WIDTH="25" VPOS="807" HPOS="479"/>
							<String ID="string_93" HPOS="504" VPOS="807" WIDTH="141" HEIGHT="22" WC="0.96" CONTENT="summa"/><SP WIDTH="29" VPOS="807" HPOS="645"/>
							<String ID="string_94" HPOS="674" VPOS="795" WIDTH="38" HEIGHT="34" WC="0.90" CONTENT="af"/><SP WIDTH="27" VPOS="795" HPOS="712"/>
							<String ID="string_95" HPOS="739" VPOS="799" WIDTH="156" HEIGHT="37" WC="0.90" CONTENT="950,000"/><SP WIDTH="30" VPOS="799" HPOS="895"/>
							<String ID="string_96" HPOS="925" VPOS="796" WIDTH="88" HEIGHT="34" WC="0.85" CONTENT="R:dr"/><SP WIDTH="47" VPOS="796" HPOS="1013"/>
							<String ID="string_97" HPOS="1060" VPOS="797" WIDTH="94" HEIGHT="40" WC="0.90" CONTENT="R:mt,"/><SP WIDTH="25" VPOS="797" HPOS="1154"/>
							<String ID="string_98" HPOS="1179" VPOS="797" WIDTH="86" HEIGHT="35" WC="0.93" CONTENT="eller"/><SP WIDTH="29" VPOS="797" HPOS="1265"/>
							<String ID="string_99" HPOS="1294" VPOS="798" WIDTH="120" HEIGHT="35" WC="0.89" CONTENT="halfva"/><SP WIDTH="29" VPOS="798" HPOS="1414"/>
							<String ID="string_100" HPOS="1443" VPOS="799" WIDTH="201" HEIGHT="35" WC="0.96" CONTENT="beräknade"/><SP WIDTH="30" VPOS="799" HPOS="1644"/>
							<String ID="string_101" HPOS="1674" VPOS="800" WIDTH="251" HEIGHT="48" WC="0.88" CONTENT="anläggnings-"/>
						</TextLine>
						<TextLine ID="line_12" HPOS="328" VPOS="845" WIDTH="1598" HEIGHT="55">
							<String ID="string_102" HPOS="328" VPOS="845" WIDTH="185" HEIGHT="48" WC="0.93" CONTENT="kapitalet."/><SP WIDTH="30" VPOS="845" HPOS="513"/>
							<String ID="string_103" HPOS="543" VPOS="851" WIDTH="51" HEIGHT="29" WC="0.95" CONTENT="att"/><SP WIDTH="29" VPOS="851" HPOS="594"/>
							<String ID="string_104" HPOS="623" VPOS="848" WIDTH="85" HEIGHT="45" WC="0.96" CONTENT="utgå"/><SP WIDTH="29" VPOS="848" HPOS="708"/>
							<String ID="string_105" HPOS="737" VPOS="847" WIDTH="113" HEIGHT="34" WC="0.96" CONTENT="under"/><SP WIDTH="25" VPOS="847" HPOS="850"/>
							<String ID="string_106" HPOS="875" VPOS="847" WIDTH="300" HEIGHT="36" WC="0.93" CONTENT="nästkommande"/><SP WIDTH="29" VPOS="847" HPOS="1175"/>
							<String ID="string_107" HPOS="1204" VPOS="855" WIDTH="125" HEIGHT="29" WC="0.91" CONTENT="trenne"/><SP WIDTH="29" VPOS="855" HPOS="1329"/>
							<String ID="string_108" HPOS="1358" VPOS="851" WIDTH="39" HEIGHT="34" WC="0.95" CONTENT="år"/><SP WIDTH="28" VPOS="851" HPOS="1397"/>
							<String ID="string_109" HPOS="1425" VPOS="851" WIDTH="82" HEIGHT="34" WC="0.96" CONTENT="med"/><SP WIDTH="29" VPOS="851" HPOS="1507"/>
							<String ID="string_110" HPOS="1536" VPOS="863" WIDTH="42" HEIGHT="22" WC="0.96" CONTENT="en"/><SP WIDTH="16" VPOS="863" HPOS="1578"/>
							<String ID="string_111" HPOS="1594" VPOS="851" WIDTH="173" HEIGHT="48" WC="0.96" CONTENT="tredjedel"/><SP WIDTH="24" VPOS="851" HPOS="1767"/>
							<String ID="string_112" HPOS="1791" VPOS="851" WIDTH="135" HEIGHT="49" WC="0.96" CONTENT="årligen"/>
						</TextLine>
						<TextLine ID="line_13" HPOS="326" VPOS="896" WIDTH="1599" HEIGHT="53">
							<String ID="string_113" HPOS="326" VPOS="897" WIDTH="66" HEIGHT="35" WC="0.96" CONTENT="och"/><SP WIDTH="42" VPOS="897" HPOS="392"/>
							<String ID="string_114" HPOS="434" VPOS="897" WIDTH="80" HEIGHT="35" WC="0.96" CONTENT="med"/><SP WIDTH="30" VPOS="897" HPOS="514"/>
							<String ID="string_115" HPOS="544" VPOS="896" WIDTH="266" HEIGHT="43" WC="0.96" CONTENT="bestämmelse,"/><SP WIDTH="29" VPOS="896" HPOS="810"/>
							<String ID="string_116" HPOS="839" VPOS="905" WIDTH="52" HEIGHT="28" WC="0.93" CONTENT="att"/><SP WIDTH="24" VPOS="905" HPOS="891"/>
							<String ID="string_117" HPOS="915" VPOS="900" WIDTH="214" HEIGHT="35" WC="0.91" CONTENT="räntefrihet"/><SP WIDTH="28" VPOS="900" HPOS="1129"/>
							<String ID="string_118" HPOS="1157" VPOS="900" WIDTH="148" HEIGHT="49" WC="0.96" CONTENT="beviljas"/><SP WIDTH="25" VPOS="900" HPOS="1305"/>
							<String ID="string_119" HPOS="1330" VPOS="902" WIDTH="54" HEIGHT="34" WC="0.93" CONTENT="för"/><SP WIDTH="28" VPOS="902" HPOS="1384"/>
							<String ID="string_120" HPOS="1412" VPOS="909" WIDTH="125" HEIGHT="28" WC="0.90" CONTENT="trenne"/><SP WIDTH="35" VPOS="909" HPOS="1537"/>
							<String ID="string_121" HPOS="1572" VPOS="903" WIDTH="48" HEIGHT="40" WC="0.95" CONTENT="år,"/><SP WIDTH="29" VPOS="903" HPOS="1620"/>
							<String ID="string_122" HPOS="1649" VPOS="903" WIDTH="87" HEIGHT="34" WC="0.96" CONTENT="eller"/><SP WIDTH="30" VPOS="903" HPOS="1736"/>
							<String ID="string_123" HPOS="1766" VPOS="903" WIDTH="68" HEIGHT="35" WC="0.96" CONTENT="den"/><SP WIDTH="28" VPOS="903" HPOS="1834"/>
							<String ID="string_124" HPOS="1862" VPOS="904" WIDTH="63" HEIGHT="41" WC="0.96" CONTENT="tid,"/>
						</TextLine>
						<TextLine ID="line_14" HPOS="328" VPOS="949" WIDTH="1597" HEIGHT="54">
							<String ID="string_125" HPOS="328" VPOS="961" WIDTH="78" HEIGHT="22" WC="0.95" CONTENT="som"/><SP WIDTH="41" VPOS="961" HPOS="406"/>
							<String ID="string_126" HPOS="447" VPOS="949" WIDTH="55" HEIGHT="34" WC="0.93" CONTENT="för"/><SP WIDTH="40" VPOS="949" HPOS="502"/>
							<String ID="string_127" HPOS="542" VPOS="949" WIDTH="210" HEIGHT="48" WC="0.90" CONTENT="jernvägens"/><SP WIDTH="35" VPOS="949" HPOS="752"/>
							<String ID="string_128" HPOS="787" VPOS="950" WIDTH="188" HEIGHT="48" WC="0.95" CONTENT="byggande"/><SP WIDTH="40" VPOS="950" HPOS="975"/>
							<String ID="string_129" HPOS="1015" VPOS="964" WIDTH="104" HEIGHT="22" WC="0.93" CONTENT="anses"/><SP WIDTH="29" VPOS="964" HPOS="1119"/>
							<String ID="string_130" HPOS="1148" VPOS="953" WIDTH="92" HEIGHT="47" WC="0.89" CONTENT="åtgå,"/><SP WIDTH="29" VPOS="953" HPOS="1240"/>
							<String ID="string_131" HPOS="1269" VPOS="959" WIDTH="51" HEIGHT="28" WC="0.93" CONTENT="att"/><SP WIDTH="24" VPOS="959" HPOS="1320"/>
							<String ID="string_132" HPOS="1344" VPOS="954" WIDTH="210" HEIGHT="34" WC="0.92" CONTENT="annuiteten"/><SP WIDTH="27" VPOS="954" HPOS="1554"/>
							<String ID="string_133" HPOS="1581" VPOS="954" WIDTH="177" HEIGHT="35" WC="0.96" CONTENT="beräknas"/><SP WIDTH="29" VPOS="954" HPOS="1758"/>
							<String ID="string_134" HPOS="1787" VPOS="955" WIDTH="55" HEIGHT="36" WC="0.96" CONTENT="till"/><SP WIDTH="28" VPOS="955" HPOS="1842"/>
							<String ID="string_135" HPOS="1870" VPOS="957" WIDTH="55" HEIGHT="46" WC="0.96" CONTENT="sju"/>
						</TextLine>
						<TextLine ID="line_15" HPOS="326" VPOS="1000" WIDTH="1600" HEIGHT="55">
							<String ID="string_136" HPOS="326" VPOS="1007" WIDTH="159" HEIGHT="40" WC="0.95" CONTENT="procent,"/><SP WIDTH="30" VPOS="1007" HPOS="485"/>
							<String ID="string_137" HPOS="515" VPOS="1000" WIDTH="103" HEIGHT="35" WC="0.96" CONTENT="deraf"/><SP WIDTH="27" VPOS="1000" HPOS="618"/>
							<String ID="string_138" HPOS="645" VPOS="1001" WIDTH="72" HEIGHT="34" WC="0.96" CONTENT="fem"/><SP WIDTH="27" VPOS="1001" HPOS="717"/>
							<String ID="string_139" HPOS="744" VPOS="1008" WIDTH="149" HEIGHT="41" WC="0.96" CONTENT="procent"/><SP WIDTH="28" VPOS="1008" HPOS="893"/>
							<String ID="string_140" HPOS="921" VPOS="1007" WIDTH="101" HEIGHT="30" WC="0.93" CONTENT="ränta"/><SP WIDTH="30" VPOS="1007" HPOS="1022"/>
							<String ID="string_141" HPOS="1052" VPOS="1004" WIDTH="19" HEIGHT="33" WC="0.89" CONTENT="å"/><SP WIDTH="29" VPOS="1004" HPOS="1071"/>
							<String ID="string_142" HPOS="1100" VPOS="1004" WIDTH="155" HEIGHT="47" WC="0.92" CONTENT="oguldna"/><SP WIDTH="29" VPOS="1004" HPOS="1255"/>
							<String ID="string_143" HPOS="1284" VPOS="1004" WIDTH="318" HEIGHT="50" WC="0.91" CONTENT="kapitalbeloppet,"/><SP WIDTH="29" VPOS="1004" HPOS="1602"/>
							<String ID="string_144" HPOS="1631" VPOS="1014" WIDTH="94" HEIGHT="27" WC="0.96" CONTENT="samt"/><SP WIDTH="23" VPOS="1014" HPOS="1725"/>
							<String ID="string_145" HPOS="1748" VPOS="1007" WIDTH="55" HEIGHT="35" WC="0.96" CONTENT="för"/><SP WIDTH="16" VPOS="1007" HPOS="1803"/>
							<String ID="string_146" HPOS="1819" VPOS="1007" WIDTH="107" HEIGHT="48" WC="0.96" CONTENT="öfrigt"/>
						</TextLine>
						<TextLine ID="line_16" HPOS="324" VPOS="1052" WIDTH="940" HEIGHT="51">
							<String ID="string_147" HPOS="324" VPOS="1052" WIDTH="114" HEIGHT="35" WC="0.95" CONTENT="under"/><SP WIDTH="28" VPOS="1052" HPOS="438"/>
							<String ID="string_148" HPOS="466" VPOS="1052" WIDTH="41" HEIGHT="34" WC="0.94" CONTENT="de"/><SP WIDTH="29" VPOS="1052" HPOS="507"/>
							<String ID="string_149" HPOS="536" VPOS="1052" WIDTH="124" HEIGHT="42" WC="0.96" CONTENT="vilkor,"/><SP WIDTH="31" VPOS="1052" HPOS="660"/>
							<String ID="string_150" HPOS="691" VPOS="1066" WIDTH="78" HEIGHT="22" WC="0.96" CONTENT="som"/><SP WIDTH="29" VPOS="1066" HPOS="769"/>
							<String ID="string_151" HPOS="798" VPOS="1054" WIDTH="119" HEIGHT="34" WC="0.93" CONTENT="kunna"/><SP WIDTH="28" VPOS="1054" HPOS="917"/>
							<String ID="string_152" HPOS="945" VPOS="1055" WIDTH="108" HEIGHT="34" WC="0.92" CONTENT="varda"/><SP WIDTH="28" VPOS="1055" HPOS="1053"/>
							<String ID="string_153" HPOS="1081" VPOS="1056" WIDTH="183" HEIGHT="47" WC="0.96" CONTENT="stadgade."/>
						</TextLine>
					</TextBlock>
				</ComposedBlock>
				<ComposedBlock ID="cblock_4" HPOS="568" VPOS="1138" WIDTH="1114" HEIGHT="50">
					<TextBlock ID="block_7" HPOS="568" VPOS="1138" WIDTH="1114" HEIGHT="50">
						<TextLine ID="line_17" HPOS="568" VPOS="1138" WIDTH="1114" HEIGHT="50">
							<String ID="string_154" HPOS="568" VPOS="1143" WIDTH="55" HEIGHT="30" WC="0.68" CONTENT="4:0"/><SP WIDTH="29" VPOS="1143" HPOS="623"/>
							<String ID="string_155" HPOS="652" VPOS="1138" WIDTH="184" HEIGHT="48" WC="0.75" CONTENT="angdende"/><SP WIDTH="19" VPOS="1138" HPOS="836"/>
							<String ID="string_156" HPOS="855" VPOS="1139" WIDTH="155" HEIGHT="49" WC="0.61" CONTENT="jernviäg"/><SP WIDTH="28" VPOS="1139" HPOS="1010"/>
							<String ID="string_157" HPOS="1038" VPOS="1141" WIDTH="146" HEIGHT="36" WC="0.93" CONTENT="emellan"/><SP WIDTH="31" VPOS="1141" HPOS="1184"/>
							<String ID="string_158" HPOS="1215" VPOS="1141" WIDTH="118" HEIGHT="37" WC="0.83" CONTENT="Weaiö"/><SP WIDTH="27" VPOS="1141" HPOS="1333"/>
							<String ID="string_159" HPOS="1360" VPOS="1143" WIDTH="59" HEIGHT="35" WC="0.96" CONTENT="och"/><SP WIDTH="30" VPOS="1143" HPOS="1419"/>
							<String ID="string_160" HPOS="1449" VPOS="1141" WIDTH="233" HEIGHT="38" WC="0.96" CONTENT="Carlskrona:"/>
						</TextLine>
					</TextBlock>
				</ComposedBlock>
				<ComposedBlock ID="cblock_5" HPOS="321" VPOS="1206" WIDTH="1601" HEIGHT="561">
					<TextBlock ID="block_8" HPOS="461" VPOS="1206" WIDTH="1372" HEIGHT="51">
						<TextLine ID="line_18" HPOS="461" VPOS="1206" WIDTH="1372" HEIGHT="51">
							<String ID="string_161" HPOS="461" VPOS="1207" WIDTH="38" HEIGHT="33" WC="0.96" CONTENT="af"/><SP WIDTH="25" VPOS="1207" HPOS="499"/>
							<String ID="string_162" HPOS="524" VPOS="1206" WIDTH="95" HEIGHT="35" WC="0.92" CONTENT="Herr"/><SP WIDTH="28" VPOS="1206" HPOS="619"/>
							<String ID="string_163" HPOS="647" VPOS="1206" WIDTH="39" HEIGHT="35" WC="0.79" CONTENT="F."/><SP WIDTH="24" VPOS="1206" HPOS="686"/>
							<String ID="string_164" HPOS="710" VPOS="1206" WIDTH="182" HEIGHT="36" WC="0.95" CONTENT="Palander"/><SP WIDTH="27" VPOS="1206" HPOS="892"/>
							<String ID="string_165" HPOS="919" VPOS="1208" WIDTH="96" HEIGHT="35" WC="0.96" CONTENT="inom"/><SP WIDTH="30" VPOS="1208" HPOS="1015"/>
							<String ID="string_166" HPOS="1045" VPOS="1210" WIDTH="124" HEIGHT="34" WC="0.96" CONTENT="Andra"/><SP WIDTH="25" VPOS="1210" HPOS="1169"/>
							<String ID="string_167" HPOS="1194" VPOS="1210" WIDTH="226" HEIGHT="36" WC="0.96" CONTENT="Kammaren"/><SP WIDTH="25" VPOS="1210" HPOS="1420"/>
							<String ID="string_168" HPOS="1445" VPOS="1208" WIDTH="155" HEIGHT="46" WC="0.96" CONTENT="(motion"/><SP WIDTH="29" VPOS="1208" HPOS="1600"/>
							<String ID="string_169" HPOS="1629" VPOS="1212" WIDTH="67" HEIGHT="35" WC="0.95" CONTENT="N:o"/><SP WIDTH="32" VPOS="1212" HPOS="1696"/>
							<String ID="string_170" HPOS="1728" VPOS="1210" WIDTH="105" HEIGHT="47" WC="0.95" CONTENT="163):"/>
						</TextLine>
					</TextBlock>
					<TextBlock ID="block_9" HPOS="321" VPOS="1257" WIDTH="1601" HEIGHT="510">
						<TextLine ID="line_19" HPOS="461" VPOS="1257" WIDTH="1461" HEIGHT="52">
							<String ID="string_171" HPOS="461" VPOS="1264" WIDTH="52" HEIGHT="29" WC="0.96" CONTENT="att"/><SP WIDTH="27" VPOS="1264" HPOS="513"/>
							<String ID="string_172" HPOS="540" VPOS="1257" WIDTH="210" HEIGHT="48" WC="0.96" CONTENT="Riksdagen"/><SP WIDTH="23" VPOS="1257" HPOS="750"/>
							<String ID="string_173" HPOS="773" VPOS="1259" WIDTH="55" HEIGHT="34" WC="0.96" CONTENT="för"/><SP WIDTH="28" VPOS="1259" HPOS="828"/>
							<String ID="string_174" HPOS="856" VPOS="1259" WIDTH="205" HEIGHT="48" WC="0.96" CONTENT="byggandet"/><SP WIDTH="28" VPOS="1259" HPOS="1061"/>
							<String ID="string_175" HPOS="1089" VPOS="1261" WIDTH="38" HEIGHT="34" WC="0.95" CONTENT="af"/><SP WIDTH="26" VPOS="1261" HPOS="1127"/>
							<String ID="string_176" HPOS="1153" VPOS="1274" WIDTH="42" HEIGHT="22" WC="0.93" CONTENT="en"/><SP WIDTH="21" VPOS="1274" HPOS="1195"/>
							<String ID="string_177" HPOS="1216" VPOS="1262" WIDTH="148" HEIGHT="47" WC="0.91" CONTENT="jernväg"/><SP WIDTH="24" VPOS="1262" HPOS="1364"/>
							<String ID="string_178" HPOS="1388" VPOS="1262" WIDTH="131" HEIGHT="35" WC="0.93" CONTENT="mellan"/><SP WIDTH="31" VPOS="1262" HPOS="1519"/>
							<String ID="string_179" HPOS="1550" VPOS="1262" WIDTH="135" HEIGHT="37" WC="0.90" CONTENT="Wexiö"/><SP WIDTH="29" VPOS="1262" HPOS="1685"/>
							<String ID="string_180" HPOS="1714" VPOS="1264" WIDTH="67" HEIGHT="35" WC="0.93" CONTENT="och"/><SP WIDTH="19" VPOS="1264" HPOS="1781"/>
							<String ID="string_181" HPOS="1800" VPOS="1263" WIDTH="122" HEIGHT="37" WC="0.92" CONTENT="Carls-"/>
						</TextLine>
						<TextLine ID="line_20" HPOS="326" VPOS="1309" WIDTH="1596" HEIGHT="53">
							<String ID="string_182" HPOS="326" VPOS="1309" WIDTH="111" HEIGHT="35" WC="0.96" CONTENT="krona"/><SP WIDTH="41" VPOS="1309" HPOS="437"/>
							<String ID="string_183" HPOS="478" VPOS="1310" WIDTH="110" HEIGHT="34" WC="0.94" CONTENT="måtte"/><SP WIDTH="35" VPOS="1310" HPOS="588"/>
							<String ID="string_184" HPOS="623" VPOS="1310" WIDTH="101" HEIGHT="34" WC="0.93" CONTENT="anslå"/><SP WIDTH="30" VPOS="1310" HPOS="724"/>
							<String ID="string_185" HPOS="754" VPOS="1311" WIDTH="157" HEIGHT="40" WC="0.90" CONTENT="975,000"/><SP WIDTH="29" VPOS="1311" HPOS="911"/>
							<String ID="string_186" HPOS="940" VPOS="1311" WIDTH="89" HEIGHT="35" WC="0.92" CONTENT="R:dr"/><SP WIDTH="27" VPOS="1311" HPOS="1029"/>
							<String ID="string_187" HPOS="1056" VPOS="1311" WIDTH="110" HEIGHT="42" WC="0.90" CONTENT="R:mt,"/><SP WIDTH="25" VPOS="1311" HPOS="1166"/>
							<String ID="string_188" HPOS="1191" VPOS="1313" WIDTH="31" HEIGHT="35" WC="0.89" CONTENT="d."/><SP WIDTH="29" VPOS="1313" HPOS="1222"/>
							<String ID="string_189" HPOS="1251" VPOS="1327" WIDTH="28" HEIGHT="21" WC="0.85" CONTENT="v."/><SP WIDTH="27" VPOS="1327" HPOS="1279"/>
							<String ID="string_190" HPOS="1306" VPOS="1326" WIDTH="25" HEIGHT="22" WC="0.91" CONTENT="s."/><SP WIDTH="28" VPOS="1326" HPOS="1331"/>
							<String ID="string_191" HPOS="1359" VPOS="1327" WIDTH="43" HEIGHT="21" WC="0.96" CONTENT="en"/><SP WIDTH="29" VPOS="1327" HPOS="1402"/>
							<String ID="string_192" HPOS="1431" VPOS="1314" WIDTH="173" HEIGHT="48" WC="0.80" CONTENT="fjerdedel"/><SP WIDTH="29" VPOS="1314" HPOS="1604"/>
							<String ID="string_193" HPOS="1633" VPOS="1316" WIDTH="38" HEIGHT="34" WC="0.96" CONTENT="af"/><SP WIDTH="26" VPOS="1316" HPOS="1671"/>
							<String ID="string_194" HPOS="1697" VPOS="1315" WIDTH="69" HEIGHT="35" WC="0.91" CONTENT="den"/><SP WIDTH="28" VPOS="1315" HPOS="1766"/>
							<String ID="string_195" HPOS="1794" VPOS="1316" WIDTH="128" HEIGHT="35" WC="0.91" CONTENT="beräk-"/>
						</TextLine>
						<TextLine ID="line_21" HPOS="324" VPOS="1361" WIDTH="1597" HEIGHT="54">
							<String ID="string_196" HPOS="324" VPOS="1361" WIDTH="91" HEIGHT="33" WC="0.96" CONTENT="nade"/><SP WIDTH="41" VPOS="1361" HPOS="415"/>
							<String ID="string_197" HPOS="456" VPOS="1361" WIDTH="199" HEIGHT="34" WC="0.96" CONTENT="kostnaden"/><SP WIDTH="36" VPOS="1361" HPOS="655"/>
							<String ID="string_198" HPOS="691" VPOS="1362" WIDTH="54" HEIGHT="33" WC="0.96" CONTENT="för"/><SP WIDTH="42" VPOS="1362" HPOS="745"/>
							<String ID="string_199" HPOS="787" VPOS="1362" WIDTH="216" HEIGHT="48" WC="0.96" CONTENT="smalspårig"/><SP WIDTH="41" VPOS="1362" HPOS="1003"/>
							<String ID="string_200" HPOS="1044" VPOS="1363" WIDTH="100" HEIGHT="38" WC="0.96" CONTENT="bana,"/><SP WIDTH="36" VPOS="1363" HPOS="1144"/>
							<String ID="string_201" HPOS="1180" VPOS="1371" WIDTH="61" HEIGHT="33" WC="0.96" CONTENT="att,"/><SP WIDTH="29" VPOS="1371" HPOS="1241"/>
							<String ID="string_202" HPOS="1270" VPOS="1365" WIDTH="114" HEIGHT="34" WC="0.96" CONTENT="under"/><SP WIDTH="28" VPOS="1365" HPOS="1384"/>
							<String ID="string_203" HPOS="1412" VPOS="1366" WIDTH="43" HEIGHT="33" WC="0.86" CONTENT="de"/><SP WIDTH="29" VPOS="1366" HPOS="1455"/>
							<String ID="string_204" HPOS="1484" VPOS="1366" WIDTH="38" HEIGHT="34" WC="0.92" CONTENT="af"/><SP WIDTH="26" VPOS="1366" HPOS="1522"/>
							<String ID="string_205" HPOS="1548" VPOS="1367" WIDTH="167" HEIGHT="34" WC="0.89" CONTENT="sednaste"/><SP WIDTH="21" VPOS="1367" HPOS="1715"/>
							<String ID="string_206" HPOS="1736" VPOS="1368" WIDTH="185" HEIGHT="47" WC="0.92" CONTENT="jernvägs-"/>
						</TextLine>
						<TextLine ID="line_22" HPOS="325" VPOS="1411" WIDTH="1594" HEIGHT="53">
							<String ID="string_207" HPOS="325" VPOS="1411" WIDTH="135" HEIGHT="35" WC="0.53" CONTENT="komité"/><SP WIDTH="29" VPOS="1411" HPOS="460"/>
							<String ID="string_208" HPOS="489" VPOS="1412" WIDTH="203" HEIGHT="47" WC="0.96" CONTENT="föreslagna"/><SP WIDTH="28" VPOS="1412" HPOS="692"/>
							<String ID="string_209" HPOS="720" VPOS="1413" WIDTH="125" HEIGHT="39" WC="0.96" CONTENT="vilkor,"/><SP WIDTH="31" VPOS="1413" HPOS="845"/>
							<String ID="string_210" HPOS="876" VPOS="1415" WIDTH="84" HEIGHT="45" WC="0.96" CONTENT="utgå"/><SP WIDTH="29" VPOS="1415" HPOS="960"/>
							<String ID="string_211" HPOS="989" VPOS="1415" WIDTH="82" HEIGHT="33" WC="0.95" CONTENT="med"/><SP WIDTH="25" VPOS="1415" HPOS="1071"/>
							<String ID="string_212" HPOS="1096" VPOS="1428" WIDTH="43" HEIGHT="21" WC="0.96" CONTENT="en"/><SP WIDTH="28" VPOS="1428" HPOS="1139"/>
							<String ID="string_213" HPOS="1167" VPOS="1415" WIDTH="174" HEIGHT="47" WC="0.96" CONTENT="tredjedel"/><SP WIDTH="30" VPOS="1415" HPOS="1341"/>
							<String ID="string_214" HPOS="1371" VPOS="1417" WIDTH="113" HEIGHT="34" WC="0.95" CONTENT="under"/><SP WIDTH="30" VPOS="1417" HPOS="1484"/>
							<String ID="string_215" HPOS="1514" VPOS="1417" WIDTH="119" HEIGHT="47" WC="0.96" CONTENT="hvarje"/><SP WIDTH="20" VPOS="1417" HPOS="1633"/>
							<String ID="string_216" HPOS="1653" VPOS="1418" WIDTH="39" HEIGHT="34" WC="0.96" CONTENT="af"/><SP WIDTH="17" VPOS="1418" HPOS="1692"/>
							<String ID="string_217" HPOS="1709" VPOS="1420" WIDTH="84" HEIGHT="33" WC="0.96" CONTENT="åren"/><SP WIDTH="34" VPOS="1420" HPOS="1793"/>
							<String ID="string_218" HPOS="1827" VPOS="1422" WIDTH="92" HEIGHT="32" WC="0.96" CONTENT="1872"/>
						</TextLine>
						<TextLine ID="line_23" HPOS="326" VPOS="1463" WIDTH="1596" HEIGHT="54">
							<String ID="string_219" HPOS="326" VPOS="1464" WIDTH="93" HEIGHT="34" WC="0.96" CONTENT="1873"/><SP WIDTH="32" VPOS="1464" HPOS="419"/>
							<String ID="string_220" HPOS="451" VPOS="1463" WIDTH="65" HEIGHT="35" WC="0.96" CONTENT="och"/><SP WIDTH="33" VPOS="1463" HPOS="516"/>
							<String ID="string_221" HPOS="549" VPOS="1465" WIDTH="104" HEIGHT="39" WC="0.96" CONTENT="1874,"/><SP WIDTH="30" VPOS="1465" HPOS="653"/>
							<String ID="string_222" HPOS="683" VPOS="1470" WIDTH="94" HEIGHT="29" WC="0.93" CONTENT="samt"/><SP WIDTH="28" VPOS="1470" HPOS="777"/>
							<String ID="string_223" HPOS="805" VPOS="1465" WIDTH="216" HEIGHT="40" WC="0.91" CONTENT="derutöfver,"/><SP WIDTH="26" VPOS="1465" HPOS="1021"/>
							<String ID="string_224" HPOS="1047" VPOS="1466" WIDTH="6" HEIGHT="34" WC="0.95" CONTENT="i"/><SP WIDTH="18" VPOS="1466" HPOS="1053"/>
							<String ID="string_225" HPOS="1071" VPOS="1466" WIDTH="68" HEIGHT="35" WC="0.96" CONTENT="den"/><SP WIDTH="17" VPOS="1466" HPOS="1139"/>
							<String ID="string_226" HPOS="1156" VPOS="1467" WIDTH="172" HEIGHT="35" WC="0.96" CONTENT="händelse"/><SP WIDTH="17" VPOS="1467" HPOS="1328"/>
							<String ID="string_227" HPOS="1345" VPOS="1468" WIDTH="216" HEIGHT="47" WC="0.96" CONTENT="strategiska"/><SP WIDTH="16" VPOS="1468" HPOS="1561"/>
							<String ID="string_228" HPOS="1577" VPOS="1469" WIDTH="75" HEIGHT="34" WC="0.95" CONTENT="skäl"/><SP WIDTH="16" VPOS="1469" HPOS="1652"/>
							<String ID="string_229" HPOS="1668" VPOS="1476" WIDTH="83" HEIGHT="41" WC="0.92" CONTENT="göra"/><SP WIDTH="14" VPOS="1476" HPOS="1751"/>
							<String ID="string_230" HPOS="1765" VPOS="1470" WIDTH="157" HEIGHT="35" WC="0.82" CONTENT="nödvän-"/>
						</TextLine>
						<TextLine ID="line_24" HPOS="324" VPOS="1514" WIDTH="1596" HEIGHT="51">
							<String ID="string_231" HPOS="324" VPOS="1514" WIDTH="76" HEIGHT="47" WC="0.96" CONTENT="digt"/><SP WIDTH="28" VPOS="1514" HPOS="400"/>
							<String ID="string_232" HPOS="428" VPOS="1521" WIDTH="52" HEIGHT="28" WC="0.96" CONTENT="att"/><SP WIDTH="28" VPOS="1521" HPOS="480"/>
							<String ID="string_233" HPOS="508" VPOS="1514" WIDTH="116" HEIGHT="36" WC="0.93" CONTENT="banan"/><SP WIDTH="29" VPOS="1514" HPOS="624"/>
							<String ID="string_234" HPOS="653" VPOS="1514" WIDTH="134" HEIGHT="49" WC="0.92" CONTENT="bygges"/><SP WIDTH="26" VPOS="1514" HPOS="787"/>
							<String ID="string_235" HPOS="813" VPOS="1516" WIDTH="81" HEIGHT="34" WC="0.96" CONTENT="med"/><SP WIDTH="30" VPOS="1516" HPOS="894"/>
							<String ID="string_236" HPOS="924" VPOS="1529" WIDTH="139" HEIGHT="23" WC="0.95" CONTENT="samma"/><SP WIDTH="28" VPOS="1529" HPOS="1063"/>
							<String ID="string_237" HPOS="1091" VPOS="1518" WIDTH="170" HEIGHT="47" WC="0.96" CONTENT="spårvidd"/><SP WIDTH="29" VPOS="1518" HPOS="1261"/>
							<String ID="string_238" HPOS="1290" VPOS="1532" WIDTH="76" HEIGHT="21" WC="0.96" CONTENT="som"/><SP WIDTH="18" VPOS="1532" HPOS="1366"/>
							<String ID="string_239" HPOS="1384" VPOS="1518" WIDTH="156" HEIGHT="42" WC="0.95" CONTENT="Statens,"/><SP WIDTH="14" VPOS="1518" HPOS="1540"/>
							<String ID="string_240" HPOS="1554" VPOS="1520" WIDTH="119" HEIGHT="35" WC="0.96" CONTENT="fastän"/><SP WIDTH="24" VPOS="1520" HPOS="1673"/>
							<String ID="string_241" HPOS="1697" VPOS="1522" WIDTH="81" HEIGHT="34" WC="0.93" CONTENT="med"/><SP WIDTH="16" VPOS="1522" HPOS="1778"/>
							<String ID="string_242" HPOS="1794" VPOS="1522" WIDTH="126" HEIGHT="35" WC="0.93" CONTENT="lättare"/>
						</TextLine>
						<TextLine ID="line_25" HPOS="323" VPOS="1564" WIDTH="1598" HEIGHT="61">
							<String ID="string_243" HPOS="323" VPOS="1564" WIDTH="278" HEIGHT="48" WC="0.91" CONTENT="öfverbyggnad,"/><SP WIDTH="43" VPOS="1564" HPOS="601"/>
							<String ID="string_244" HPOS="644" VPOS="1566" WIDTH="80" HEIGHT="34" WC="0.94" CONTENT="hela"/><SP WIDTH="41" VPOS="1566" HPOS="724"/>
							<String ID="string_245" HPOS="765" VPOS="1567" WIDTH="188" HEIGHT="35" WC="0.94" CONTENT="skilnaden"/><SP WIDTH="29" VPOS="1567" HPOS="953"/>
							<String ID="string_246" HPOS="982" VPOS="1569" WIDTH="39" HEIGHT="33" WC="0.91" CONTENT="af"/><SP WIDTH="27" VPOS="1569" HPOS="1021"/>
							<String ID="string_247" HPOS="1048" VPOS="1573" WIDTH="192" HEIGHT="36" WC="0.90" CONTENT="1,100,000"/><SP WIDTH="29" VPOS="1573" HPOS="1240"/>
							<String ID="string_248" HPOS="1269" VPOS="1569" WIDTH="194" HEIGHT="35" WC="0.91" CONTENT="Riksdaler"/><SP WIDTH="28" VPOS="1569" HPOS="1463"/>
							<String ID="string_249" HPOS="1491" VPOS="1571" WIDTH="131" HEIGHT="35" WC="0.95" CONTENT="mellan"/><SP WIDTH="25" VPOS="1571" HPOS="1622"/>
							<String ID="string_250" HPOS="1647" VPOS="1572" WIDTH="68" HEIGHT="35" WC="0.96" CONTENT="den"/><SP WIDTH="30" VPOS="1572" HPOS="1715"/>
							<String ID="string_251" HPOS="1745" VPOS="1568" WIDTH="176" HEIGHT="57" WC="0.91" CONTENT="smalspå-"/>
						</TextLine>
						<TextLine ID="line_26" HPOS="323" VPOS="1616" WIDTH="1598" HEIGHT="57">
							<String ID="string_252" HPOS="323" VPOS="1616" WIDTH="75" HEIGHT="47" WC="0.96" CONTENT="riga"/><SP WIDTH="39" VPOS="1616" HPOS="398"/>
							<String ID="string_253" HPOS="437" VPOS="1617" WIDTH="66" HEIGHT="33" WC="0.95" CONTENT="och"/><SP WIDTH="42" VPOS="1617" HPOS="503"/>
							<String ID="string_254" HPOS="545" VPOS="1618" WIDTH="68" HEIGHT="33" WC="0.92" CONTENT="den"/><SP WIDTH="41" VPOS="1618" HPOS="613"/>
							<String ID="string_255" HPOS="654" VPOS="1617" WIDTH="234" HEIGHT="49" WC="0.91" CONTENT="bredspåriga"/><SP WIDTH="41" VPOS="1617" HPOS="888"/>
							<String ID="string_256" HPOS="929" VPOS="1618" WIDTH="134" HEIGHT="36" WC="0.95" CONTENT="banans"/><SP WIDTH="31" VPOS="1618" HPOS="1063"/>
							<String ID="string_257" HPOS="1094" VPOS="1620" WIDTH="202" HEIGHT="35" WC="0.96" CONTENT="beräknade"/><SP WIDTH="30" VPOS="1620" HPOS="1296"/>
							<String ID="string_258" HPOS="1326" VPOS="1621" WIDTH="401" HEIGHT="49" WC="0.91" CONTENT="anläggningskostnad,"/><SP WIDTH="29" VPOS="1621" HPOS="1727"/>
							<String ID="string_259" HPOS="1756" VPOS="1630" WIDTH="51" HEIGHT="29" WC="0.96" CONTENT="att"/><SP WIDTH="30" VPOS="1630" HPOS="1807"/>
							<String ID="string_260" HPOS="1837" VPOS="1626" WIDTH="84" HEIGHT="47" WC="0.96" CONTENT="utgå"/>
						</TextLine>
						<TextLine ID="line_27" HPOS="321" VPOS="1667" WIDTH="1600" HEIGHT="50">
							<String ID="string_261" HPOS="321" VPOS="1667" WIDTH="116" HEIGHT="35" WC="0.96" CONTENT="under"/><SP WIDTH="27" VPOS="1667" HPOS="437"/>
							<String ID="string_262" HPOS="464" VPOS="1681" WIDTH="139" HEIGHT="21" WC="0.95" CONTENT="samma"/><SP WIDTH="27" VPOS="1681" HPOS="603"/>
							<String ID="string_263" HPOS="630" VPOS="1668" WIDTH="93" HEIGHT="35" WC="0.96" CONTENT="tider"/><SP WIDTH="20" VPOS="1668" HPOS="723"/>
							<String ID="string_264" HPOS="743" VPOS="1669" WIDTH="65" HEIGHT="35" WC="0.96" CONTENT="och"/><SP WIDTH="29" VPOS="1669" HPOS="808"/>
							<String ID="string_265" HPOS="837" VPOS="1671" WIDTH="46" HEIGHT="46" WC="0.96" CONTENT="på"/><SP WIDTH="24" VPOS="1671" HPOS="883"/>
							<String ID="string_266" HPOS="907" VPOS="1683" WIDTH="139" HEIGHT="22" WC="0.96" CONTENT="samma"/><SP WIDTH="28" VPOS="1683" HPOS="1046"/>
							<String ID="string_267" HPOS="1074" VPOS="1671" WIDTH="114" HEIGHT="35" WC="0.96" CONTENT="vilkor"/><SP WIDTH="29" VPOS="1671" HPOS="1188"/>
							<String ID="string_268" HPOS="1217" VPOS="1685" WIDTH="77" HEIGHT="21" WC="0.93" CONTENT="som"/><SP WIDTH="25" VPOS="1685" HPOS="1294"/>
							<String ID="string_269" HPOS="1319" VPOS="1673" WIDTH="267" HEIGHT="35" WC="0.91" CONTENT="ofvannämnda"/><SP WIDTH="39" VPOS="1673" HPOS="1586"/>
							<String ID="string_270" HPOS="1625" VPOS="1678" WIDTH="157" HEIGHT="38" WC="0.91" CONTENT="975,000"/><SP WIDTH="29" VPOS="1678" HPOS="1782"/>
							<String ID="string_271" HPOS="1811" VPOS="1675" WIDTH="110" HEIGHT="36" WC="0.92" CONTENT="Riks-"/>
						</TextLine>
						<TextLine ID="line_28" HPOS="321" VPOS="1718" WIDTH="334" HEIGHT="49">
							<String ID="string_272" HPOS="321" VPOS="1718" WIDTH="98" HEIGHT="35" WC="0.93" CONTENT="daler"/><SP WIDTH="28" VPOS="1718" HPOS="419"/>
							<String ID="string_273" HPOS="447" VPOS="1718" WIDTH="208" HEIGHT="49" WC="0.90" CONTENT="Riksmynt."/>
						</TextLine>
					</TextBlock>
				</ComposedBlock>
				<ComposedBlock ID="cblock_6" HPOS="320" VPOS="1803" WIDTH="1597" HEIGHT="479">
					<TextBlock ID="block_10" HPOS="448" VPOS="1803" WIDTH="1357" HEIGHT="92">
						<TextLine ID="line_29" HPOS="448" VPOS="1803" WIDTH="1357" HEIGHT="55">
							<String ID="string_274" HPOS="448" VPOS="1806" WIDTH="53" HEIGHT="32" WC="0.16" CONTENT="5:o"/><SP WIDTH="33" VPOS="1806" HPOS="501"/>
							<String ID="string_275" HPOS="534" VPOS="1803" WIDTH="183" HEIGHT="48" WC="0.69" CONTENT="angående"/><SP WIDTH="19" VPOS="1803" HPOS="717"/>
							<String ID="string_276" HPOS="736" VPOS="1804" WIDTH="154" HEIGHT="49" WC="0.88" CONTENT="jernväg"/><SP WIDTH="28" VPOS="1804" HPOS="890"/>
							<String ID="string_277" HPOS="918" VPOS="1806" WIDTH="146" HEIGHT="35" WC="0.96" CONTENT="emellan"/><SP WIDTH="25" VPOS="1806" HPOS="1064"/>
							<String ID="string_278" HPOS="1089" VPOS="1805" WIDTH="143" HEIGHT="38" WC="0.96" CONTENT="Calmar"/><SP WIDTH="27" VPOS="1805" HPOS="1232"/>
							<String ID="string_279" HPOS="1259" VPOS="1809" WIDTH="60" HEIGHT="34" WC="0.96" CONTENT="och"/><SP WIDTH="27" VPOS="1809" HPOS="1319"/>
							<String ID="string_280" HPOS="1346" VPOS="1808" WIDTH="117" HEIGHT="49" WC="0.96" CONTENT="någon"/><SP WIDTH="20" VPOS="1808" HPOS="1463"/>
							<String ID="string_281" HPOS="1483" VPOS="1810" WIDTH="116" HEIGHT="47" WC="0.96" CONTENT="punkt"/><SP WIDTH="19" VPOS="1810" HPOS="1599"/>
							<String ID="string_282" HPOS="1618" VPOS="1811" WIDTH="56" HEIGHT="47" WC="0.93" CONTENT="på"/><SP WIDTH="24" VPOS="1811" HPOS="1674"/>
							<String ID="string_283" HPOS="1698" VPOS="1811" WIDTH="107" HEIGHT="36" WC="0.92" CONTENT="linien"/>
						</TextLine>
						<TextLine ID="line_30" HPOS="923" VPOS="1856" WIDTH="401" HEIGHT="39">
							<String ID="string_284" HPOS="923" VPOS="1856" WIDTH="401" HEIGHT="39" WC="0.36" CONTENT="Wegwö—Carlskrona:"/>
						</TextLine>
					</TextBlock>
					<TextBlock ID="block_11" HPOS="456" VPOS="1920" WIDTH="1461" HEIGHT="56">
						<TextLine ID="line_31" HPOS="456" VPOS="1920" WIDTH="1461" HEIGHT="56">
							<String ID="string_285" HPOS="456" VPOS="1922" WIDTH="38" HEIGHT="34" WC="0.96" CONTENT="af"/><SP WIDTH="25" VPOS="1922" HPOS="494"/>
							<String ID="string_286" HPOS="519" VPOS="1922" WIDTH="94" HEIGHT="35" WC="0.93" CONTENT="Herr"/><SP WIDTH="29" VPOS="1922" HPOS="613"/>
							<String ID="string_287" HPOS="642" VPOS="1920" WIDTH="40" HEIGHT="38" WC="0.85" CONTENT="Ö."/><SP WIDTH="27" VPOS="1920" HPOS="682"/>
							<String ID="string_288" HPOS="709" VPOS="1923" WIDTH="42" HEIGHT="35" WC="0.85" CONTENT="E."/><SP WIDTH="28" VPOS="1923" HPOS="751"/>
							<String ID="string_289" HPOS="779" VPOS="1924" WIDTH="42" HEIGHT="35" WC="0.77" CONTENT="L."/><SP WIDTH="28" VPOS="1924" HPOS="821"/>
							<String ID="string_290" HPOS="849" VPOS="1924" WIDTH="123" HEIGHT="36" WC="0.73" CONTENT="Dahm"/><SP WIDTH="29" VPOS="1924" HPOS="972"/>
							<String ID="string_291" HPOS="1001" VPOS="1926" WIDTH="96" HEIGHT="35" WC="0.96" CONTENT="inom"/><SP WIDTH="29" VPOS="1926" HPOS="1097"/>
							<String ID="string_292" HPOS="1126" VPOS="1927" WIDTH="124" HEIGHT="35" WC="0.96" CONTENT="Andra"/><SP WIDTH="28" VPOS="1927" HPOS="1250"/>
							<String ID="string_293" HPOS="1278" VPOS="1927" WIDTH="225" HEIGHT="36" WC="0.96" CONTENT="Kammaren"/><SP WIDTH="29" VPOS="1927" HPOS="1503"/>
							<String ID="string_294" HPOS="1532" VPOS="1927" WIDTH="154" HEIGHT="45" WC="0.95" CONTENT="(motion"/><SP WIDTH="30" VPOS="1927" HPOS="1686"/>
							<String ID="string_295" HPOS="1716" VPOS="1931" WIDTH="66" HEIGHT="34" WC="0.96" CONTENT="N:o"/><SP WIDTH="32" VPOS="1931" HPOS="1782"/>
							<String ID="string_296" HPOS="1814" VPOS="1930" WIDTH="103" HEIGHT="46" WC="0.96" CONTENT="179):"/>
						</TextLine>
					</TextBlock>
					<TextBlock ID="block_12" HPOS="320" VPOS="1973" WIDTH="1596" HEIGHT="309">
						<TextLine ID="line_32" HPOS="456" VPOS="1973" WIDTH="1460" HEIGHT="57">
							<String ID="string_297" HPOS="456" VPOS="1979" WIDTH="62" HEIGHT="34" WC="0.96" CONTENT="att,"/><SP WIDTH="29" VPOS="1979" HPOS="518"/>
							<String ID="string_298" HPOS="547" VPOS="1986" WIDTH="56" HEIGHT="22" WC="0.96" CONTENT="om"/><SP WIDTH="31" VPOS="1986" HPOS="603"/>
							<String ID="string_299" HPOS="634" VPOS="1973" WIDTH="209" HEIGHT="50" WC="0.83" CONTENT="Riksdagen"/><SP WIDTH="24" VPOS="1973" HPOS="843"/>
							<String ID="string_300" HPOS="867" VPOS="1977" WIDTH="142" HEIGHT="35" WC="0.96" CONTENT="anvisar"/><SP WIDTH="29" VPOS="1977" HPOS="1009"/>
							<String ID="string_301" HPOS="1038" VPOS="1978" WIDTH="116" HEIGHT="35" WC="0.96" CONTENT="medel"/><SP WIDTH="25" VPOS="1978" HPOS="1154"/>
							<String ID="string_302" HPOS="1179" VPOS="1980" WIDTH="120" HEIGHT="34" WC="0.96" CONTENT="såsom"/><SP WIDTH="24" VPOS="1980" HPOS="1299"/>
							<String ID="string_303" HPOS="1323" VPOS="1979" WIDTH="126" HEIGHT="47" WC="0.95" CONTENT="bidrag"/><SP WIDTH="27" VPOS="1979" HPOS="1449"/>
							<String ID="string_304" HPOS="1476" VPOS="1980" WIDTH="54" HEIGHT="35" WC="0.95" CONTENT="till"/><SP WIDTH="30" VPOS="1980" HPOS="1530"/>
							<String ID="string_305" HPOS="1560" VPOS="1980" WIDTH="187" HEIGHT="49" WC="0.90" CONTENT="byggande"/><SP WIDTH="30" VPOS="1980" HPOS="1747"/>
							<String ID="string_306" HPOS="1777" VPOS="1982" WIDTH="139" HEIGHT="48" WC="0.90" CONTENT="afjern-"/>
						</TextLine>
						<TextLine ID="line_33" HPOS="320" VPOS="2024" WIDTH="1595" HEIGHT="56">
							<String ID="string_307" HPOS="320" VPOS="2029" WIDTH="67" HEIGHT="42" WC="0.96" CONTENT="väg"/><SP WIDTH="34" VPOS="2029" HPOS="387"/>
							<String ID="string_308" HPOS="421" VPOS="2025" WIDTH="132" HEIGHT="34" WC="0.93" CONTENT="mellan"/><SP WIDTH="41" VPOS="2025" HPOS="553"/>
							<String ID="string_309" HPOS="594" VPOS="2024" WIDTH="136" HEIGHT="36" WC="0.91" CONTENT="Wexiö"/><SP WIDTH="42" VPOS="2024" HPOS="730"/>
							<String ID="string_310" HPOS="772" VPOS="2027" WIDTH="66" HEIGHT="34" WC="0.96" CONTENT="och"/><SP WIDTH="41" VPOS="2027" HPOS="838"/>
							<String ID="string_311" HPOS="879" VPOS="2026" WIDTH="227" HEIGHT="44" WC="0.96" CONTENT="Carlskrona,"/><SP WIDTH="41" VPOS="2026" HPOS="1106"/>
							<String ID="string_312" HPOS="1147" VPOS="2029" WIDTH="208" HEIGHT="49" WC="0.96" CONTENT="Riksdagen"/><SP WIDTH="40" VPOS="2029" HPOS="1355"/>
							<String ID="string_313" HPOS="1395" VPOS="2034" WIDTH="47" HEIGHT="45" WC="0.96" CONTENT="på"/><SP WIDTH="27" VPOS="2034" HPOS="1442"/>
							<String ID="string_314" HPOS="1469" VPOS="2045" WIDTH="139" HEIGHT="21" WC="0.95" CONTENT="samma"/><SP WIDTH="28" VPOS="2045" HPOS="1608"/>
							<String ID="string_315" HPOS="1636" VPOS="2034" WIDTH="93" HEIGHT="46" WC="0.93" CONTENT="gång"/><SP WIDTH="24" VPOS="2034" HPOS="1729"/>
							<String ID="string_316" HPOS="1753" VPOS="2034" WIDTH="80" HEIGHT="34" WC="0.95" CONTENT="ville"/><SP WIDTH="29" VPOS="2034" HPOS="1833"/>
							<String ID="string_317" HPOS="1862" VPOS="2034" WIDTH="53" HEIGHT="34" WC="0.96" CONTENT="till"/>
						</TextLine>
						<TextLine ID="line_34" HPOS="321" VPOS="2074" WIDTH="1594" HEIGHT="56">
							<String ID="string_318" HPOS="321" VPOS="2074" WIDTH="188" HEIGHT="48" WC="0.96" CONTENT="byggande"/><SP WIDTH="42" VPOS="2074" HPOS="509"/>
							<String ID="string_319" HPOS="551" VPOS="2076" WIDTH="37" HEIGHT="34" WC="0.96" CONTENT="af"/><SP WIDTH="39" VPOS="2076" HPOS="588"/>
							<String ID="string_320" HPOS="627" VPOS="2076" WIDTH="68" HEIGHT="34" WC="0.96" CONTENT="den"/><SP WIDTH="46" VPOS="2076" HPOS="695"/>
							<String ID="string_321" HPOS="741" VPOS="2078" WIDTH="80" HEIGHT="34" WC="0.96" CONTENT="från"/><SP WIDTH="39" VPOS="2078" HPOS="821"/>
							<String ID="string_322" HPOS="860" VPOS="2091" WIDTH="139" HEIGHT="23" WC="0.96" CONTENT="samma"/><SP WIDTH="42" VPOS="2091" HPOS="999"/>
							<String ID="string_323" HPOS="1041" VPOS="2080" WIDTH="91" HEIGHT="35" WC="0.96" CONTENT="bana"/><SP WIDTH="41" VPOS="2080" HPOS="1132"/>
							<String ID="string_324" HPOS="1173" VPOS="2082" WIDTH="176" HEIGHT="46" WC="0.96" CONTENT="utgående"/><SP WIDTH="42" VPOS="2082" HPOS="1349"/>
							<String ID="string_325" HPOS="1391" VPOS="2083" WIDTH="201" HEIGHT="47" WC="0.93" CONTENT="föreslagna"/><SP WIDTH="40" VPOS="2083" HPOS="1592"/>
							<String ID="string_326" HPOS="1632" VPOS="2084" WIDTH="205" HEIGHT="46" WC="0.92" CONTENT="grenbanan"/><SP WIDTH="23" VPOS="2084" HPOS="1837"/>
							<String ID="string_327" HPOS="1860" VPOS="2085" WIDTH="55" HEIGHT="34" WC="0.95" CONTENT="till"/>
						</TextLine>
						<TextLine ID="line_35" HPOS="323" VPOS="2124" WIDTH="1591" HEIGHT="55">
							<String ID="string_328" HPOS="323" VPOS="2124" WIDTH="145" HEIGHT="36" WC="0.95" CONTENT="Calmar"/><SP WIDTH="28" VPOS="2124" HPOS="468"/>
							<String ID="string_329" HPOS="496" VPOS="2126" WIDTH="129" HEIGHT="49" WC="0.95" CONTENT="bevilja"/><SP WIDTH="29" VPOS="2126" HPOS="625"/>
							<String ID="string_330" HPOS="654" VPOS="2134" WIDTH="51" HEIGHT="28" WC="0.96" CONTENT="ett"/><SP WIDTH="28" VPOS="2134" HPOS="705"/>
							<String ID="string_331" HPOS="733" VPOS="2128" WIDTH="68" HEIGHT="40" WC="0.96" CONTENT="lån,"/><SP WIDTH="30" VPOS="2128" HPOS="801"/>
							<String ID="string_332" HPOS="831" VPOS="2132" WIDTH="213" HEIGHT="45" WC="0.95" CONTENT="uppgående"/><SP WIDTH="28" VPOS="2132" HPOS="1044"/>
							<String ID="string_333" HPOS="1072" VPOS="2132" WIDTH="55" HEIGHT="34" WC="0.95" CONTENT="till"/><SP WIDTH="28" VPOS="2132" HPOS="1127"/>
							<String ID="string_334" HPOS="1155" VPOS="2134" WIDTH="59" HEIGHT="33" WC="0.96" CONTENT="två"/><SP WIDTH="28" VPOS="2134" HPOS="1214"/>
							<String ID="string_335" HPOS="1242" VPOS="2133" WIDTH="216" HEIGHT="46" WC="0.96" CONTENT="tredjedelar"/><SP WIDTH="22" VPOS="2133" HPOS="1458"/>
							<String ID="string_336" HPOS="1480" VPOS="2134" WIDTH="34" HEIGHT="34" WC="0.96" CONTENT="af"/><SP WIDTH="29" VPOS="2134" HPOS="1514"/>
							<String ID="string_337" HPOS="1543" VPOS="2134" WIDTH="67" HEIGHT="34" WC="0.96" CONTENT="den"/><SP WIDTH="22" VPOS="2134" HPOS="1610"/>
							<String ID="string_338" HPOS="1632" VPOS="2134" WIDTH="203" HEIGHT="36" WC="0.93" CONTENT="beräknade"/><SP WIDTH="18" VPOS="2134" HPOS="1835"/>
							<String ID="string_339" HPOS="1853" VPOS="2149" WIDTH="61" HEIGHT="21" WC="0.92" CONTENT="an-"/>
						</TextLine>
						<TextLine ID="line_36" HPOS="320" VPOS="2176" WIDTH="1595" HEIGHT="56">
							<String ID="string_340" HPOS="320" VPOS="2176" WIDTH="401" HEIGHT="49" WC="0.91" CONTENT="läggningskostnaden,"/><SP WIDTH="34" VPOS="2176" HPOS="721"/>
							<String ID="string_341" HPOS="755" VPOS="2181" WIDTH="81" HEIGHT="34" WC="0.96" CONTENT="med"/><SP WIDTH="34" VPOS="2181" HPOS="836"/>
							<String ID="string_342" HPOS="870" VPOS="2182" WIDTH="208" HEIGHT="48" WC="0.95" CONTENT="skyldighet"/><SP WIDTH="27" VPOS="2182" HPOS="1078"/>
							<String ID="string_343" HPOS="1105" VPOS="2184" WIDTH="55" HEIGHT="34" WC="0.96" CONTENT="för"/><SP WIDTH="28" VPOS="2184" HPOS="1160"/>
							<String ID="string_344" HPOS="1188" VPOS="2184" WIDTH="61" HEIGHT="35" WC="0.96" CONTENT="det"/><SP WIDTH="28" VPOS="2184" HPOS="1249"/>
							<String ID="string_345" HPOS="1277" VPOS="2183" WIDTH="113" HEIGHT="49" WC="0.96" CONTENT="bolag,"/><SP WIDTH="29" VPOS="2183" HPOS="1390"/>
							<String ID="string_346" HPOS="1419" VPOS="2198" WIDTH="77" HEIGHT="22" WC="0.93" CONTENT="som"/><SP WIDTH="30" VPOS="2198" HPOS="1496"/>
							<String ID="string_347" HPOS="1526" VPOS="2185" WIDTH="162" HEIGHT="36" WC="0.61" CONTENT="korumer"/><SP WIDTH="29" VPOS="2185" HPOS="1688"/>
							<String ID="string_348" HPOS="1717" VPOS="2193" WIDTH="52" HEIGHT="28" WC="0.96" CONTENT="att"/><SP WIDTH="30" VPOS="2193" HPOS="1769"/>
							<String ID="string_349" HPOS="1799" VPOS="2187" WIDTH="116" HEIGHT="35" WC="0.96" CONTENT="utföra"/>
						</TextLine>
						<TextLine ID="line_37" HPOS="321" VPOS="2228" WIDTH="1593" HEIGHT="54">
							<String ID="string_350" HPOS="321" VPOS="2228" WIDTH="225" HEIGHT="49" WC="0.96" CONTENT="byggnaden,"/><SP WIDTH="34" VPOS="2228" HPOS="546"/>
							<String ID="string_351" HPOS="580" VPOS="2236" WIDTH="52" HEIGHT="29" WC="0.96" CONTENT="att"/><SP WIDTH="33" VPOS="2236" HPOS="632"/>
							<String ID="string_352" HPOS="665" VPOS="2230" WIDTH="219" HEIGHT="38" WC="0.96" CONTENT="underkasta"/><SP WIDTH="24" VPOS="2230" HPOS="884"/>
							<String ID="string_353" HPOS="908" VPOS="2233" WIDTH="53" HEIGHT="49" WC="0.96" CONTENT="sig"/><SP WIDTH="29" VPOS="2233" HPOS="961"/>
							<String ID="string_354" HPOS="990" VPOS="2235" WIDTH="42" HEIGHT="34" WC="0.95" CONTENT="de"/><SP WIDTH="29" VPOS="2235" HPOS="1032"/>
							<String ID="string_355" HPOS="1061" VPOS="2235" WIDTH="275" HEIGHT="36" WC="0.95" CONTENT="bestämmelser"/><SP WIDTH="29" VPOS="2235" HPOS="1336"/>
							<String ID="string_356" HPOS="1365" VPOS="2237" WIDTH="98" HEIGHT="35" WC="0.96" CONTENT="såväl"/><SP WIDTH="28" VPOS="2237" HPOS="1463"/>
							<String ID="string_357" HPOS="1491" VPOS="2238" WIDTH="150" HEIGHT="35" WC="0.92" CONTENT="rörande"/><SP WIDTH="29" VPOS="2238" HPOS="1641"/>
							<String ID="string_358" HPOS="1670" VPOS="2238" WIDTH="244" HEIGHT="36" WC="0.91" CONTENT="lånevilkoren"/>
						</TextLine>
					</TextBlock>
				</ComposedBlock>
			</PrintSpace>
		</Page>
	</Layout>
</alto>
