1928 2816
372 154 211 26 Sammansatt
605 153 88 25 stats-
718 150 57 27 och
800 146 318 36 bevillningsutskotts
1142 143 158 29 utlåtande
1323 143 43 27 Nr
1388 143 27 26 3.
1620 140 19 30 5

152 236 51 30 till
222 235 150 39 billigast
391 233 146 39 möjliga
556 232 111 39 priser
686 231 82 30 eller
786 247 43 4 —
847 228 143 31 särskilt
1009 226 43 31 då
1071 222 378 41 clearingförfarandet
1467 220 173 32 beräknas

152 290 144 29 komma
323 291 49 27 att
402 286 149 31 omfatta
581 295 43 20 en
652 285 121 37 längre
800 281 194 40 tidsperiod
1021 298 44 4 —
1091 282 51 27 att
1170 275 241 42 upprätthålla
1439 275 57 29 för
1523 273 118 31 landet

152 342 194 31 värdefulla
373 340 244 34 förbindelser,
644 338 118 30 därest
787 336 74 30 icke
888 335 68 30 den
981 333 182 39 importör,
1191 340 76 21 som
1292 330 80 30 med
1400 327 163 39 skickligt
1590 328 51 28 ut-

153 395 183 40 nyttjande
357 404 41 20 av
421 393 233 31 förbindelser
677 391 67 30 och
766 387 275 41 transportleder
1061 387 138 29 kunnat
1221 384 115 30 införa
1357 391 105 22 varor
1484 381 52 31 till
1558 380 10 30 i
1589 379 53 31 rå-

153 449 115 31 dande
294 449 74 38 läge
396 455 232 32 gynnsamma
657 444 113 40 priser
795 444 98 38 göres
923 440 152 39 delaktig
1104 439 10 30 i
1141 439 42 30 de
1211 437 146 31 sålunda
1383 445 120 21 vunna
1528 433 114 31 förde-

153 504 109 29 larna.
296 502 52 30 En
369 501 98 39 dylik
489 499 212 40 premicring
722 507 42 21 av
786 497 67 30 den
875 495 194 39 dugligaste
1091 493 99 30 torde
1212 490 193 32 emellertid
1426 489 143 30 komma
1592 487 50 30 att

154 558 91 29 stöta
263 560 45 35 på
325 556 140 38 mycket
483 557 93 27 stora
594 551 183 41 praktiska
795 549 223 39 svårigheter.
1050 545 284 32 Kommissionen
1352 543 119 31 finner
1489 542 56 30 det
1563 540 81 31 med

154 611 139 38 hänsyn
312 609 51 30 till
383 608 157 39 antydda
559 606 224 39 olägenheter
802 603 193 39 angeläget,
1016 604 49 28 att
1085 600 57 30 vid
1163 600 129 38 import
1311 607 42 21 av
1374 593 270 42 ifrågavarande

155 664 191 39 produkter
371 660 275 41 prisutjämning
671 659 123 30 endast
818 658 162 28 kommer
1005 655 51 30 till
1079 652 227 39 användning
1333 651 11 30 i
1369 647 274 40 undantagsfall,

155 718 63 29 där
245 716 140 31 alldeles
413 714 172 31 särskilda
611 713 77 30 skäl
713 712 121 30 kunna
859 709 172 30 motivera
1058 717 43 21 en
1129 706 98 39 dylik
1253 704 132 39 åtgärd.
1424 701 221 40 Möjligheter

156 780 105 30 synas
281 769 177 39 nämligen
478 767 170 39 föreligga
669 768 50 28 att
739 763 207 41 genomföra
967 772 42 20 en
1032 759 273 41 prisutjämning
1324 758 56 30 för
1401 756 120 39 dylika
1542 763 103 22 varor

156 823 45 40 på
222 823 142 39 frivillig
388 823 65 38 väg
477 824 84 27 utan
585 819 132 39 statligt
741 816 218 41 ingripande,
983 814 213 31 åtminstone
1221 813 9 30 i
1255 812 40 31 de
1317 811 74 36 fall,
1415 810 65 31 där
1502 808 143 40 import-

157 877 129 31 förbud
304 877 106 39 gäller
429 876 83 30 eller
531 875 175 38 importen
726 871 44 40 på
788 873 108 29 annat
916 871 68 29 sätt
1004 870 38 29 är
1060 866 168 40 reglerad.

201 927 404 34 Priskontrollnämnden
627 927 65 30 har
716 924 205 35 framhållit,
946 926 50 27 att
1021 922 66 30 den
1112 921 120 30 starka
1255 915 392 43 prisstegringstenden-

157 994 61 21 sen
236 984 56 30 för
308 984 91 29 vissa
418 983 235 38 importvaror
671 980 108 39 jämte
796 978 67 30 den
881 977 112 30 starkt
1011 974 199 39 oenhetliga
1228 969 417 39 kostnadsutvecklingen

157 1038 56 30 för
234 1037 169 30 införseln
425 1046 42 20 av
491 1043 133 22 samma
646 1042 103 21 varor
770 1031 44 40 på
836 1031 95 30 olika
952 1030 106 38 vägar
1078 1027 140 31 medför
1239 1025 172 31 särskilda
1433 1023 214 39 svårigheter

157 1092 56 29 för
233 1089 285 41 priskontrollen,
539 1097 74 21 som
633 1087 10 30 i
661 1085 128 39 många
808 1085 63 30 fall
890 1084 77 30 icke
986 1083 120 30 kunna
1125 1082 93 29 lösas
1237 1082 84 28 utan
1340 1076 307 41 regleringsåtgär-

158 1145 71 30 der.
262 1143 184 31 Nämnden
465 1142 206 30 instämmer
690 1139 120 31 därför
828 1138 72 30 helt
919 1137 10 30 i
948 1137 67 30 den
1039 1136 4 30 i
1064 1133 261 42 promemorian
1344 1130 200 33 framförda
1561 1138 87 31 upp-

159 1197 208 40 fattningen,
398 1199 51 28 att
479 1193 273 42 prisutjämning
779 1193 63 29 bör
872 1191 60 30 ske
960 1191 82 29 över
1070 1198 43 21 en
1142 1187 260 39 clearingkassa
1432 1185 67 30 och
1526 1186 50 29 att
1605 1192 43 22 en

159 1249 355 41 clearinganordning
537 1249 68 29 kan
631 1245 288 39 nödvändiggöra
943 1242 149 32 särskild
1115 1240 172 40 reglering
1310 1249 42 21 av
1377 1238 185 39 importen.
1588 1236 61 30 Be-

160 1305 178 31 träffande
367 1303 128 39 frågan
524 1304 49 28 att
602 1300 71 31 låta
705 1295 518 44 prisutjämningsförfarandet
1253 1293 149 31 omfatta
1434 1293 87 29 även
1552 1291 97 30 inom

160 1359 119 30 landet
298 1357 184 38 befintliga
504 1354 121 32 förråd
645 1355 64 29 har
731 1352 178 31 nämnden
929 1350 118 31 anfört
1068 1352 51 28 att
1140 1358 43 21 en
1205 1346 198 41 utjämning
1427 1355 42 21 av
1490 1344 159 41 priserna

160 1412 129 31 mellan
313 1411 51 30 till
387 1409 139 32 relativt
547 1409 90 38 höga
661 1407 73 39 pris
757 1404 285 41 nyimporterade
1065 1411 104 21 varor
1192 1401 65 30 och
1280 1400 97 30 inom
1399 1399 119 30 landet
1541 1398 109 30 redan

160 1464 212 39 förefintliga
388 1462 121 32 förråd
524 1462 79 30 eller
620 1458 283 42 nyproducerade
921 1467 100 20 varor
1038 1466 41 20 av
1097 1464 135 21 samma
1249 1454 71 39 slag
1337 1452 143 40 givetvis
1503 1452 4 30 i
1524 1450 128 39 många

161 1519 62 30 fall
254 1519 68 29 kan
352 1515 147 32 framstå
529 1525 74 21 som
633 1517 46 28 ett
710 1512 217 40 synnerligen
956 1510 121 38 viktigt
1106 1507 227 41 prispolitiskt
1362 1504 190 32 önskemål.
1583 1504 67 30 En-

162 1572 78 31 dast
266 1571 44 39 på
335 1571 116 30 denna
478 1570 65 38 väg
569 1569 71 29 kan
666 1567 58 30 det
750 1566 10 30 i
786 1565 91 30 vissa
905 1563 207 32 situationer
1141 1571 84 21 vara
1251 1560 136 39 möjligt
1414 1561 51 28 att
1490 1557 162 31 effektivt

162 1626 130 38 dämpa
312 1623 260 39 verkningarna
595 1621 45 40 på
661 1621 68 30 den
751 1618 185 31 inhemska
958 1615 280 41 prisbildningen
1259 1623 41 21 av
1323 1623 43 21 en
1389 1613 97 30 stark
1508 1610 144 40 import-

163 1678 237 41 prisstegring.
435 1677 99 30 Vissa
556 1674 224 40 olägenheter
800 1673 121 30 kunna
944 1671 90 30 dock
1056 1669 107 39 enligt
1187 1667 196 31 nämndens
1405 1665 142 39 mening
1568 1673 84 22 vara

163 1732 200 31 förbundna
381 1731 82 30 med
479 1740 42 20 en
541 1728 109 31 sådan
668 1726 198 40 utjämning
885 1725 67 30 och
970 1723 205 39 därigenom
1192 1722 172 38 begränsa
1381 1719 271 40 möjligheterna

163 1787 56 30 för
241 1785 182 31 metodens
445 1783 233 39 tillämpning.

210 1839 183 31 Nämnden
417 1837 65 30 har
506 1836 106 30 likväl
634 1837 115 28 ansett
773 1833 49 39 sig
845 1832 87 30 böra
956 1831 138 29 ansluta
1120 1829 51 39 sig
1196 1828 52 30 till
1278 1828 2 30 i
1305 1825 263 41 promemorian
1593 1834 60 21 an-

164 1893 103 30 förda
288 1891 219 40 synpunkter
529 1888 149 31 rörande
703 1884 271 32 inkluderandet
995 1883 131 39 jämväl
1147 1892 43 20 av
1212 1882 95 29 inom
1329 1880 120 31 landet
1470 1877 184 40 befintliga

164 1945 121 31 förråd
309 1945 7 30 i
343 1947 47 28 elt
414 1938 511 44 prisutjämningsförfarande.

209 1998 65 31 Till
292 1998 75 30 stöd
385 1997 57 30 för
460 1996 56 30 det
534 1993 235 40 föreliggande
787 1992 164 38 förslaget
970 1991 63 29 har
1052 1987 252 40 föredragande
1322 1986 334 40 departementsche-

166 2052 58 37 fen
249 2051 115 31 anfört
383 2049 168 40 följande:

209 2122 119 31 Såsom
359 2123 9 29 i
398 2115 514 45 departementspromemorian
943 2114 139 31 uttalats
1114 2112 164 39 föreligga
1310 2111 9 30 i
1350 2110 201 31 nuvarande
1581 2109 76 39 läge

165 2167 188 31 avsevärda
373 2165 210 39 svårigheter
603 2166 49 27 att
671 2160 237 40 upprätthålla
928 2159 169 38 importen
1118 2167 42 20 av
1182 2157 88 29 vissa
1290 2154 262 40 betydelsefulla
1573 2153 83 30 nöd-

166 2211 315 39 vändighetsvaror,
511 2209 103 29 vilket
642 2207 76 30 icke
745 2207 134 29 kunnat
907 2202 117 40 undgå
1052 2205 48 27 att
1129 2199 245 39 ofördelaktigt
1403 2198 150 39 påverka
1582 2196 76 31 vårt

166 2254 307 39 försörjningsläge
498 2254 92 29 inom
615 2251 90 30 vissa
730 2249 174 31 områden.
942 2247 50 30 De
1017 2246 216 38 möjligheter
1259 2253 72 21 som
1357 2242 146 38 erbjuda
1529 2241 49 39 sig
1603 2240 56 31 för

166 2300 126 38 import
316 2309 41 19 av
382 2298 119 38 dylika
526 2305 99 21 varor
649 2296 86 28 böra
760 2293 119 30 därför
903 2293 10 28 i
939 2291 181 39 görligaste
1144 2288 83 30 mån
1252 2287 243 37 tillvaratagas.
1532 2285 13 30 I
1571 2285 87 29 flera

167 2344 62 30 fall
249 2344 69 29 kan
338 2342 93 30 detta
452 2342 61 29 ske
533 2339 120 31 endast
674 2338 78 30 med
772 2337 138 38 mycket
931 2338 91 27 stora
1043 2332 197 31 kostnader.
1262 2331 48 30 Av
1332 2329 176 40 synnerlig
1527 2329 72 29 vikt
1620 2329 38 29 är

167 2391 49 28 att
241 2388 9 30 i
275 2386 117 40 dylika
417 2385 61 30 fall
506 2382 281 41 importpriserna
812 2381 74 30 icke
912 2379 37 31 få
974 2377 209 32 oförmedlat
1208 2374 151 40 påverka
1383 2373 69 30 den
1478 2372 179 30 inhemska

168 2432 224 31 marknaden.

213 2477 61 29 Det
295 2477 37 29 är
349 2474 121 30 därför
489 2471 219 37 nödvändigt,
729 2473 47 27 alt
795 2472 108 27 staten
925 2469 120 28 utövar
1063 2466 67 30 viss
1151 2464 113 38 tillsyn
1282 2464 79 29 över
1381 2472 9 19 i
1410 2461 65 30 vad
1495 2459 79 31 mån
1594 2460 62 29 och
