2248 2618
375 206 21 29 4
917 205 229 29 Statsutskottets
1169 206 152 28 utlåtande
1346 206 49 28 Nr
1419 205 50 30 89.

479 285 201 42 Utskottet,
722 295 80 24 som
838 284 81 35 icke
947 281 128 37 funnit
1102 282 205 48 anledning
1334 282 59 35 till
1422 282 149 36 erinran
1600 286 79 32 mot
1707 281 141 49 Kungl.
1875 282 128 49 Maj:ts

376 334 243 38 förevarande
647 333 150 48 förslag,
826 333 227 44 hemställer,

884 437 55 32 att
967 432 197 48 riksdagen
1192 436 61 33 må
1278 452 50 4 —
1348 431 85 37 med
1461 432 160 49 ändring
1649 435 7 33 i
1676 434 74 35 viss
1764 433 59 37 del
1847 446 44 22 av
1907 438 96 30 mot-

782 483 192 44 svarande,
1015 496 44 22 av
1094 483 198 48 riksdagen
1333 483 13 36 i
1391 482 272 49 sammanhang
1690 484 84 36 med
1801 485 102 35 löne-
1932 483 69 35 och

782 534 369 49 pensionsreglering
1191 532 59 37 för
1289 534 366 47 lärarpersonalerna
1694 533 61 36 vid
1791 535 116 35 rikets
1935 534 68 35 all-

781 592 138 29 männa
958 584 182 45 läroverk,
1179 584 114 48 högre
1337 584 408 35 lärarinneseminariet
1792 585 69 34 och
1908 583 95 37 folk-

782 635 371 36 skoleseminarierna
1180 639 171 43 antagna,
1380 647 54 23 nu
1461 633 172 47 gällande
1660 634 280 35 bestämmelser
1957 653 42 4 —

780 685 174 45 förklara,
982 690 53 30 att
1063 686 175 47 samtliga
1264 684 179 37 docenter
1470 686 104 34 inom
1600 678 206 54 teologiska
1833 684 68 35 och
1918 684 84 35 filo-

782 737 136 36 sofiska
945 735 249 36 fakulteterna
1223 734 64 37 vid
1309 734 268 37 universiteten
1604 736 13 34 i
1632 734 164 49 Uppsala
1811 735 67 35 och
1892 734 111 36 Lund

782 794 175 29 ävensom
999 787 174 45 samtliga
1213 785 176 37 docenter
1429 785 64 36 vid
1525 784 238 38 Stockholms
1790 785 69 35 och
1888 783 114 38 Göte-

781 838 114 47 borgs
922 837 199 48 högskolor
1148 838 102 34 inom
1277 835 245 44 läroområde,
1544 835 257 36 motsvarande
1817 835 186 46 teologisk

781 888 69 37 och
890 888 180 35 filosofisk
1104 885 160 38 fakultet
1291 886 62 36 vid
1377 887 285 43 universiteten,
1692 889 70 41 må,
1792 888 39 33 så
1857 886 71 34 vitt
1957 886 45 35 de

781 951 135 34 genom
957 937 156 49 avlagda
1153 937 172 36 examina
1352 937 70 36 och
1450 939 276 46 genomgånget
1752 939 135 45 provår
1914 948 91 23 vun-

780 991 57 34 nit
862 987 224 49 behörighet
1112 988 59 35 till
1191 988 230 48 anställning
1439 987 65 36 vid
1518 988 156 34 allmänt
1689 987 179 43 läroverk,
1885 986 117 48 högre

781 1038 404 37 lärarinneseminariet
1212 1039 90 35 eller
1328 1037 437 45 folkskoleseminarium,
1788 1044 69 40 äga
1870 1041 56 31 att
1945 1035 59 37 för

782 1089 222 49 åtnjutande
1032 1102 44 23 av
1103 1089 255 48 ålderstillägg
1381 1092 122 33 såsom
1530 1088 120 36 lärare
1677 1087 64 36 vid
1769 1086 113 37 sådan
1909 1088 94 35 läro-

782 1141 137 35 anstalt
960 1141 114 34 räkna
1106 1141 58 47 sig
1190 1140 58 35 till
1276 1139 97 46 godo
1401 1139 74 36 den
1502 1138 67 45 tid,
1598 1138 97 36 dock
1723 1138 33 48 ej
1786 1143 132 31 utöver
1945 1142 58 31 tre

782 1194 51 42 år,
870 1191 46 36 de
942 1190 64 37 vid
1031 1193 115 46 något
1173 1203 44 23 av
1243 1190 164 36 nämnda
1434 1190 223 36 universitet
1684 1190 91 35 eller
1802 1188 202 49 högskolor

781 1241 86 36 med
902 1242 57 34 nit
986 1241 69 36 och
1083 1241 223 47 skicklighet
1328 1240 158 48 deltagit
1515 1241 12 34 i
1556 1239 274 47 undervisning
1857 1251 45 23 av
1930 1238 73 36 den

782 1290 240 49 omfattning,
1052 1304 93 31 som,
1174 1296 91 30 utan
1293 1291 181 36 avseende
1502 1293 20 33 å
1549 1289 185 37 huruvida
1753 1289 134 36 docent
1907 1289 97 36 varit

781 1343 229 35 innehavare
1050 1355 44 23 av
1135 1341 369 48 docentstipendium
1546 1340 90 36 eller
1667 1340 94 44 icke,
1791 1353 41 23 av
1860 1338 141 48 Kungl.

781 1393 107 47 Maj:t
913 1392 237 36 bestämmes.

478 1492 216 38 Stockholm
724 1492 71 37 den
821 1494 44 34 15
895 1493 95 47 april
1022 1493 105 35 1919.

911 1591 53 36 På
991 1591 291 37 statsutskottets
1310 1597 141 42 vägnar

941 1691 35 37 8.
1003 1692 47 35 H.
1080 1666 357 62 KVARNZELIUS.
