1876 2782
453 194 286 29 Statsutskoltets
765 191 179 30 utlatande
967 200 43 19 nr
1033 191 41 29 40
1097 191 39 28 år
1160 189 82 30 1957
1556 188 36 28 11

151 275 65 29 Vid
244 273 207 40 föregående
479 273 57 30 års
563 272 216 29 höstsession
805 271 111 29 beslöt
943 270 188 38 riksdagen
1159 270 125 37 antaga
1313 268 130 39 förslag
1474 267 47 29 lill
1552 275 45 30 ny

110 327 382 40 taxeringsförordning
522 344 43 3 —
596 326 43 39 på
671 325 170 39 grundval
872 333 106 21 varav
1009 323 210 38 författning
1250 321 176 30 utfärdats
1458 320 66 29 den
1556 319 39 29 23

106 381 185 30 november
323 381 83 29 1956
434 398 44 3 —
505 380 65 29 och
598 379 187 39 godkänna
813 378 41 29 de
882 376 178 40 riktlinjer
1088 376 55 30 för
1171 385 43 20 en
1242 374 134 30 ändrad
1406 374 189 39 taxerings-

106 435 236 39 organisation
367 443 75 21 som
466 433 175 30 förordats
664 433 11 29 i
699 432 126 39 Kungl.
848 431 125 39 Maj:ts
996 429 217 41 proposition
1236 429 11 29 i
1270 429 118 29 ämnet
1417 427 58 34 (nr
1501 426 93 34 150).

108 489 12 29 I
147 488 262 40 propositionen
437 488 89 29 hade
555 487 196 33 förutsatts,
779 487 50 28 att
856 485 93 29 vissa
978 484 182 39 spörsmål,
1189 492 73 20 som
1291 483 152 29 lämnats
1471 482 125 38 öppna,

109 543 111 29 skulle
240 543 187 38 övervägas
447 542 11 29 i
479 541 170 29 samband
670 540 79 29 med
770 538 346 40 anslagsäskandena
1137 537 54 29 för
1212 537 100 28 nästa
1332 535 180 39 budgetår.

152 601 72 29 Vad
243 600 107 39 angår
368 598 463 40 taxeringsorganisationen
848 597 9 29 i
876 596 112 30 första
1005 596 136 29 instans
1159 594 144 30 innebär
1321 603 68 29 nya
1406 592 191 39 taxerings-

109 654 260 38 förordningen,
393 655 51 27 att
465 653 96 29 inom
583 652 97 39 varje
704 651 134 39 fögderi
860 650 82 29 eller
966 649 77 30 stad
1065 649 79 29 med
1167 656 84 31 egen
1274 646 323 40 uppbördsförvalt-

109 708 83 40 ning
217 708 87 29 skall
329 707 149 29 inrättas
503 715 42 20 en
570 705 82 30 eller
676 704 87 30 flera
789 703 173 31 särskilda
987 702 170 30 nämnder
1182 701 54 29 för
1260 689 158 50 taxering
1443 709 42 20 av
1509 699 89 29 före-

107 761 170 30 trädesvis
298 760 253 29 rörelseidkare
573 760 90 28 samt
684 758 41 29 de
746 757 244 39 jordbrukare,
1012 765 75 20 som
1107 754 177 30 redovisar
1306 753 76 31 sina
1403 753 194 29 inkomster

108 814 107 40 enligt
248 812 361 40 bokföringsmässiga
642 811 162 40 grunder.
839 809 376 39 Granskningsarbetet
1248 808 10 29 i
1291 807 102 29 dessa
1427 805 170 32 nämnder

108 868 88 29 skall
222 868 11 29 i
258 868 110 29 första
393 867 96 29 hand
514 865 217 39 ombesörjas
757 874 41 20 av
822 862 305 31 hellidsanställda
1153 861 226 39 tjänstemän,
1406 859 191 38 taxerings-

108 921 212 34 assistenter,
347 921 78 29 med
450 920 99 39 hjälp
575 928 41 21 av
640 918 161 30 biträden
826 917 54 30 för
905 915 309 40 rutingöromålen.
1239 912 359 40 Taxeringsassisten-

109 977 98 28 terna
231 975 88 29 skall
341 974 157 39 placeras
520 974 65 28 hos
607 973 41 29 de
671 971 115 30 lokala
811 969 416 40 skattemyndigheterna.
1250 967 65 29 Till
1342 966 151 30 skillnad
1518 965 80 29 från

106 1028 192 34 biträdena,
325 1036 75 21 som
426 1027 62 29 bör
514 1026 81 39 ingå
620 1026 10 29 i
656 1023 431 40 fögderiorganisationen,
1115 1021 88 30 skall
1228 1021 41 29 de
1295 1019 194 31 emellertid
1514 1027 83 21 vara

108 1082 308 39 länsstyrelsernas
437 1080 227 39 tjänstemän.
684 1079 50 29 De
753 1079 62 28 bör
835 1077 120 30 därför
976 1076 169 39 uppföras
1166 1075 10 29 i
1196 1072 402 42 personalförteckning-

109 1145 43 20 en
170 1135 54 29 för
243 1134 290 39 länsstyrelserna
552 1133 64 29 och
634 1132 177 30 redovisas
831 1131 110 31 under
959 1130 95 29 detta
1073 1129 130 38 anslag.

153 1193 12 29 I
191 1192 263 40 propositionen
479 1192 64 28 har
568 1190 153 30 lämnats
746 1190 114 38 öppen
886 1188 135 38 frågan,
1048 1196 56 20 om
1131 1184 429 40 taxeringsassistenterna
1587 1183 11 28 i

109 1247 164 29 städerna
298 1246 79 29 med
403 1253 85 31 egen
514 1242 395 41 uppbördsförvaltning
936 1241 89 30 skall
1050 1250 83 20 vara
1159 1238 222 31 kommunalt
1406 1237 83 30 eller
1516 1238 83 28 stat-

108 1300 62 39 ligt
195 1299 183 30 anställda.
404 1298 131 30 Chefen
560 1297 54 30 för
639 1296 397 39 finansdepartementet
1060 1295 64 28 har
1149 1293 12 29 i
1184 1291 263 41 propositionen
1473 1290 125 30 uttalat

115 1353 43 33 (s.
188 1353 93 34 172),
310 1354 50 28 att
388 1352 76 29 skäl
490 1352 72 28 kan
589 1350 143 30 anföras
759 1349 86 29 både
874 1349 54 30 för
956 1348 64 29 och
1048 1349 92 28 emot
1167 1346 41 29 de
1235 1345 89 30 båda
1352 1344 247 38 anställnings-

111 1407 188 29 formerna.
334 1405 178 30 Eftersom
547 1404 118 38 övriga
700 1402 345 39 befattningshavare
1080 1401 58 29 vid
1174 1399 309 40 uppbördsverken
1518 1407 80 20 vore

110 1459 227 30 kommunala
370 1458 226 39 tjänstemän,
628 1465 117 20 vunne
777 1464 83 20 man
892 1454 80 30 med
1004 1453 206 30 kommunal
1242 1452 214 39 anställning
1490 1452 109 29 större

109 1512 275 40 organisatorisk
409 1511 223 38 enhetlighet.
658 1509 175 29 Måhända
858 1508 118 29 kunde
1001 1508 67 29 den
1093 1506 105 30 också
1223 1506 199 29 underlätta
1447 1504 153 39 rekryte-

109 1566 121 39 ringen
259 1565 52 30 till
342 1564 198 39 tjänsterna
570 1573 41 20 av
641 1561 248 31 kvalificerade
920 1560 203 30 assistenter
1152 1560 95 29 inom
1278 1558 320 40 uppbördsverken.

111 1620 39 39 Ej
173 1620 107 29 heller
301 1628 40 20 ur
362 1616 354 40 kostnadssynpunkt
735 1615 154 30 behövde
910 1614 195 39 erinringar
1125 1615 72 27 mot
1218 1613 114 29 denna
1352 1611 248 38 anställnings-

111 1673 92 29 form
222 1674 104 32 möta,
346 1671 166 30 eftersom
533 1670 164 30 städerna
717 1669 142 39 avsåges
880 1668 98 30 skola
998 1667 132 30 erhålla
1150 1667 64 29 full
1234 1666 194 39 ersättning
1450 1665 53 29 för
1524 1664 76 30 sina

109 1726 190 29 kostnader
320 1726 54 28 för
396 1725 68 29 den
485 1724 151 29 utökade
658 1721 473 40 taxeringsorganisationen.
1153 1719 212 30 Kommunal
1387 1718 213 38 anställning

110 1788 41 21 av
178 1778 432 39 taxeringsassistenterna
637 1775 180 30 medförde
846 1775 19 29 å
894 1774 110 30 andra
1034 1774 100 29 sidan
1162 1772 175 39 åtskilliga
1366 1771 232 39 olägenheter,

112 1833 114 29 såsom
252 1832 213 38 svårigheter
488 1831 57 29 vid
570 1830 161 33 vikariat,
756 1829 73 29 risk
854 1828 54 30 för
932 1826 352 30 intressekollisioner
1308 1825 11 29 i
1344 1825 99 38 fråga
1468 1834 56 19 om
1548 1825 53 27 ut-

110 1885 200 39 nyttjandet
335 1894 41 20 av
401 1884 269 29 assistenternas
695 1881 214 30 arbelskraft
933 1890 46 20 m.
1004 1890 45 19 m.
1076 1879 129 30 Chefen
1231 1879 53 28 för
1309 1878 292 38 inrikesdeparte-

111 1941 131 27 mentet
257 1939 64 28 har
338 1937 128 34 funnit,
484 1939 50 27 att
552 1936 120 30 skälen
690 1936 53 28 för
761 1935 116 38 statlig
894 1933 213 39 anställning
1124 1932 110 29 måste
1251 1940 101 21 anses
1369 1932 87 37 väga
1473 1931 127 38 tyngst.

111 1992 130 29 Genom
263 1991 108 29 sådan
393 1989 213 39 anställning
627 1988 148 29 erhålles
796 1997 43 20 en
859 1988 11 28 i
891 1988 68 29 alla
981 1986 194 30 avseenden
1196 1984 151 39 enhetlig
1369 1983 232 39 taxeringsas-

111 2044 374 39 sistentorganisation.
514 2043 74 29 Den
614 2042 137 29 direkta
778 2040 248 39 anslutningen
1053 2040 52 29 till
1133 2038 249 39 länsstyrelsen
1409 2037 191 32 markeras,

111 2099 106 29 vilkel
235 2100 37 28 är
288 2097 260 39 betydelsefullt
566 2096 77 29 med
660 2096 138 37 hänsyn
815 2095 52 29 till
885 2096 50 27 att
952 2093 250 29 assistenterna
1220 2091 128 30 mellan
1366 2090 236 38 taxeringspe-

111 2151 161 29 rioderna
291 2151 88 29 skall
398 2150 111 29 under
526 2148 425 39 taxeringsintendentens
969 2156 95 19 mera
1081 2145 136 29 direkta
1235 2144 140 38 ledning
1394 2143 110 39 syssla
1522 2142 79 30 med

110 2203 341 39 taxeringsrevision.
476 2202 113 39 Några
615 2201 172 30 särskilda
812 2200 157 39 problem
995 2199 230 39 uppkommer
1250 2198 30 38 ej
1308 2198 57 29 vid
1391 2196 210 38 tillsättning

112 2266 42 20 av
177 2257 196 37 tjänsterna
397 2256 83 28 eller
506 2255 53 28 för
584 2254 234 29 anskaffande
844 2262 42 20 av
909 2252 161 29 vikarier.
1096 2252 12 28 I
1135 2251 95 38 fråga
1256 2260 57 19 om
1338 2250 264 38 rekryteringen

113 2318 101 21 anses
237 2310 110 28 slörre
369 2308 222 38 olägenheter
614 2307 75 29 icke
712 2306 131 29 behöva
866 2305 150 29 befaras.
1041 2304 167 38 Slutligen
1232 2304 37 28 är
1292 2303 66 29 den
1382 2302 139 38 statliga
1544 2310 59 20 an-

113 2362 210 38 ställningen
344 2362 86 28 även
453 2370 40 19 ur
513 2359 281 30 administrativa
816 2358 218 39 synpunkter
1055 2357 10 28 i
1085 2357 111 38 övrigt
1216 2356 141 29 enklare
1378 2356 44 28 än
1443 2364 43 20 en
1506 2355 97 28 kom-

114 2416 119 28 munal
268 2414 214 38 anställning
515 2413 78 29 med
627 2412 195 38 åtföljande
855 2410 384 38 kostnadsregleringar
1272 2409 129 28 mellan
1437 2410 67 27 stat
1538 2408 64 28 och

112 2468 181 29 kommun.
321 2465 394 41 Departementschefen
741 2465 160 29 förordar
929 2463 142 35 således,
1098 2464 50 28 att
1174 2461 429 39 taxeringsassistenlerna
