1880 2780
267 206 41 30 56
613 208 285 30 Statsutskottets
924 209 178 30 utlåtande
1125 218 44 20 nr
1191 210 42 29 40
1255 210 39 29 år
1318 210 83 30 1957

310 285 12 29 I
351 285 229 31 förevarande
610 288 254 38 sammanhang
892 288 64 29 har
985 288 171 31 utskottet
1184 289 53 29 till
1265 289 212 40 behandling
1506 289 155 30 förehaft
1690 290 64 30 föl-

265 338 105 39 jande
386 340 182 34 motioner,
586 340 177 39 nämligen

309 396 73 30 dels
402 397 41 29 de
463 398 110 29 under
590 399 161 39 punkten
770 399 18 29 2
808 400 152 29 nämnda
979 400 224 39 likalydande
1223 401 220 30 motionerna
1462 401 28 29 I:
1507 401 63 30 202
1596 401 59 33 (av
1673 402 80 29 herr

264 448 273 32 Mannerskantz
558 460 45 21 m.
626 451 56 39 fl.)
709 452 64 29 och
796 452 45 29 II:
856 452 61 30 221
947 452 59 34 (av
1027 453 122 29 herrar
1172 453 150 30 Östlund
1343 454 64 29 och
1429 454 174 36 Edlund),
1626 455 12 29 i
1660 455 94 29 vilka

265 503 208 35 hemställts,
501 504 103 30 såvitt
631 514 48 20 nu
706 506 38 29 är
771 506 10 28 i
808 505 108 40 fråga,
944 508 51 28 att
1021 506 188 40 riksdagen
1236 507 108 29 måtte
1370 508 111 29 under
1508 507 83 30 elfte
1618 508 136 29 huvud-

265 556 99 30 titeln
392 558 53 29 till
475 558 273 31 Civilförsvaret:
780 560 395 40 Engångsanskaffning
1203 570 43 21 av
1272 561 158 30 materiel
1459 561 121 30 anvisa
1607 563 50 28 ett
1685 561 69 30 för-

266 609 215 41 slagsanslag
501 620 41 21 av
561 612 18 29 5
595 612 62 29 005
673 612 62 30 000
756 612 140 35 kronor,

308 667 73 30 dels
404 668 65 29 ock
491 669 56 29 två
569 669 224 40 likalydande
815 670 182 35 motioner,
1019 671 126 30 väckta
1167 671 67 30 den
1256 681 65 20 ena
1343 672 96 29 inom
1462 672 111 29 första
1595 672 159 29 kamma-

265 730 61 20 ren
345 731 42 20 av
405 722 81 29 herr
506 722 129 30 Osvald
652 733 46 20 m.
716 723 39 39 fl.
779 723 45 34 (1:
842 724 80 34 256)
945 725 65 29 och
1029 725 67 30 den
1115 725 110 30 andra
1243 725 95 30 inom
1358 726 110 29 andra
1486 726 208 29 kammaren
1712 735 42 20 av

264 774 121 29 herrar
407 775 112 39 Sjölin
543 776 65 29 och
631 776 173 31 Nelander
832 777 62 33 (11:
911 777 95 35 351),
1029 778 11 29 i
1063 778 94 30 vilka
1180 778 208 34 hemställts,
1413 781 49 27 att
1487 779 188 39 riksdagen
1699 779 54 29 för

264 827 205 40 budgetåret
495 829 140 37 1957/58
659 830 108 29 måtte
792 831 110 29 under
926 831 81 30 elfte
1031 831 224 30 huvudtiteln
1279 832 52 29 till
1356 832 397 39 Engångsanskaffning

265 890 41 21 av
320 882 158 29 materiel
493 883 120 29 anvisa
628 885 48 28 ett
691 884 354 40 reservationsanslag
1061 894 42 20 av
1117 885 58 29 två
1190 885 164 39 miljoner
1369 886 130 29 kronor
1515 886 237 29 innebärande

265 943 42 20 en
319 935 188 40 besparing
518 936 11 29 i
541 936 204 39 jämförelse
759 938 78 29 med
851 938 125 39 Kungl.
990 938 124 39 Maj:ts
1129 938 131 39 förslag
1274 939 79 29 med
1367 939 51 34 3,5
1433 939 164 38 miljoner
1610 939 142 29 kronor.

309 1059 186 30 Utskottet.
516 1060 51 30 Av
587 1061 66 29 vad
674 1061 385 40 departementschefen
1079 1063 119 29 anfört
1218 1063 155 39 framgår
1394 1065 51 27 att
1465 1063 197 39 disponibla
1683 1072 70 20 me-

265 1112 53 30 del
336 1113 20 30 å
375 1113 230 31 förenämnda
623 1116 52 28 tre
694 1115 119 39 anslag
829 1133 45 3 —
889 1116 94 30 vilka
1000 1126 47 20 nu
1067 1116 252 30 sammanförts
1336 1117 53 29 till
1407 1119 48 28 ett
1472 1116 121 40 anslag
1609 1134 46 4 —
1670 1117 83 29 ökat

266 1167 109 29 under
394 1167 58 30 det
472 1171 136 26 senaste
628 1169 204 39 budgetåret
852 1170 80 29 från
955 1170 37 29 15
1008 1170 62 29 800
1085 1170 63 29 000
1170 1171 130 29 kronor
1320 1171 53 29 till
1397 1171 38 29 16
1450 1170 62 30 600
1527 1170 63 30 000
1612 1171 141 29 kronor.

264 1220 116 39 Enligt
411 1221 67 29 vad
510 1222 171 29 utskottet
711 1222 174 30 inhämtat
916 1223 63 29 har
1011 1224 118 29 vidare
1162 1224 318 30 reservationernas
1514 1224 131 30 storlek
1678 1225 76 29 icke

264 1272 201 31 förändrats
486 1275 187 29 nämnvärt
693 1275 90 29 fram
803 1275 52 29 till
876 1275 67 30 den
965 1276 14 29 1
1001 1276 142 39 januari
1167 1276 93 30 1957.
1281 1277 176 29 Utskottet
1478 1286 112 24 anser,
1612 1278 11 28 i
1644 1277 110 29 likhet

263 1326 78 29 med
366 1327 67 29 vad
459 1336 73 20 som
558 1327 137 30 anförts
720 1328 11 29 i
756 1328 218 30 motionerna
999 1329 28 29 I:
1044 1329 63 29 256
1133 1330 65 29 och
1223 1329 44 30 II:
1285 1329 73 34 351,
1384 1332 50 27 att
1459 1330 57 29 det
1541 1330 212 39 principiellt

263 1379 38 29 är
327 1379 181 40 olämpligt
534 1382 50 28 att
610 1380 211 31 konservera
847 1382 252 29 reservationer
1127 1392 43 19 av
1194 1382 115 30 denna
1337 1382 311 40 storleksordning.
1675 1383 78 30 Med

263 1432 195 30 beaktande
481 1434 85 28 även
589 1443 43 20 av
653 1436 50 27 att
725 1434 252 30 civilförsvaret
1000 1436 38 28 är
1061 1435 147 29 föremål
1232 1435 53 30 för
1308 1436 186 39 utredning
1516 1436 162 29 förordar
1701 1438 53 27 ut-

264 1485 138 34 skottet,
430 1495 74 20 som
529 1486 154 30 biträder
707 1487 172 39 yrkandet
904 1488 11 29 i
940 1488 154 30 nämnda
1119 1488 182 34 motioner,
1328 1491 51 27 att
1405 1489 156 39 anslaget
1586 1489 168 39 uppföres

263 1539 77 29 med
365 1539 18 29 2
398 1539 64 29 000
477 1539 62 30 000
562 1540 142 34 kronor,
726 1540 107 30 vilket
855 1541 11 29 i
890 1540 218 31 förhållande
1132 1542 52 29 till
1207 1542 125 39 Kungl.
1356 1542 124 40 Maj:ts
1504 1542 130 40 förslag
1657 1543 97 29 inne-

262 1591 62 30 bär
346 1601 44 20 en
412 1593 79 29 med
514 1593 18 29 3
547 1593 62 29 505
625 1593 62 29 000
711 1593 129 30 kronor
863 1594 163 29 minskad
1048 1594 330 40 medelsanvisning.

306 1649 117 30 Under
450 1650 219 39 åberopande
695 1651 108 29 härav
829 1651 201 30 hemställer
1057 1652 181 34 utskottet,

617 1723 51 28 att
695 1721 186 39 riksdagen
908 1722 58 30 må
992 1723 10 29 i
1030 1722 188 40 anledning
1246 1733 42 20 av
1315 1724 125 39 Kungl.
1469 1724 124 39 Maj:ts
1621 1724 132 39 förslag

574 1776 90 28 samt
692 1775 219 30 motionerna
940 1776 28 29 I:
985 1776 62 29 202
1076 1777 64 28 och
1170 1777 45 28 II:
1232 1777 73 33 221,
1333 1777 11 29 i
1371 1778 66 29 vad
1465 1777 41 30 de
1534 1778 101 29 berör
1664 1778 89 29 före-

571 1828 154 29 varande
750 1827 130 40 anslag,
906 1829 163 29 ävensom
1094 1830 80 29 med
1198 1829 99 30 bifall
1322 1830 52 29 till
1398 1831 220 29 motionerna
1644 1831 28 29 1:
1690 1831 62 29 256

572 1881 65 29 och
659 1881 45 29 II:
721 1881 59 29 351
804 1881 51 29 till
876 1881 398 40 Engångsanskaffning
1294 1892 41 20 av
1355 1883 160 30 materiel
1535 1884 54 29 för
1609 1884 144 39 budget-

572 1933 74 30 året
686 1934 140 36 1957/58
863 1934 121 30 anvisa
1020 1937 48 27 ett
1105 1936 357 39 reservationsanslag
1499 1946 42 20 av
1578 1937 96 30 2000
1689 1937 63 30 000

571 1986 142 30 kronor.

302 2153 96 35 48:0)
426 2154 236 36 Anskaffning
689 2164 43 20 av
760 2155 70 29 viss
857 2155 417 36 förbrukningsmateriel.
1304 2157 13 29 I
1346 2158 149 37 enlighet
1522 2158 79 29 med
1629 2158 124 37 Kungl.

262 2207 123 39 Maj:ts
405 2207 130 40 förslag
559 2207 130 40 (punkt
710 2209 71 34 191,
800 2218 26 20 s.
845 2209 96 34 521),
960 2209 107 30 vilket
1085 2210 146 29 innebär
1250 2219 43 20 en
1311 2211 203 39 minskning
1533 2220 42 20 av
1594 2211 157 39 anslaget

261 2261 78 29 med
364 2261 41 30 69
420 2262 63 29 900
507 2262 131 29 kronor
662 2262 79 29 med
766 2262 136 39 hänsyn
928 2263 51 29 till
1005 2262 194 40 förefintlig
1224 2264 223 34 reservation,
1472 2265 203 29 hemställer
1700 2267 53 27 ut-

267 2314 134 34 skottet,

615 2370 51 27 att
690 2368 186 39 riksdagen
902 2369 56 29 må
982 2369 52 29 till
1058 2369 242 40 Anskaffning
1322 2380 41 20 av
1389 2371 68 30 viss
1481 2371 270 39 förbruknings-

570 2422 160 29 materiel
746 2421 53 30 för
814 2422 204 39 budgetåret
1036 2423 142 36 1957/58
1194 2423 121 30 anvisa
1329 2426 48 27 ett
1394 2424 356 40 reservationsanslag

570 2484 42 20 av
632 2475 61 29 100
711 2475 140 29 kronor.
