1882 2780
471 200 287 30 Statsutskottets
784 200 179 31 utlåtande
985 210 44 20 nr
1051 201 42 29 40
1115 200 40 30 år
1178 200 84 30 1957
1574 200 39 29 75

170 281 52 30 Då
238 281 172 30 utskottet
428 282 10 28 i
455 281 112 39 övrigt
584 281 76 30 icke
677 281 120 29 funnit
815 281 189 39 anledning
1023 281 52 30 till
1094 281 141 29 erinran
1254 282 73 28 mot
1346 280 125 39 Kungl.
1492 279 123 40 Maj:ts

125 334 142 40 förslag,
284 334 203 30 hemställer
504 335 180 34 utskottet,

480 389 51 28 att
557 388 187 39 riksdagen
772 387 57 30 må
856 389 11 29 i
894 388 188 39 anledning
1109 397 42 21 av
1177 387 127 40 Kungl.
1333 386 123 40 Maj:ts
1485 386 132 40 förslag

435 443 91 27 samt
552 441 80 29 med
659 440 99 31 bifall
787 441 52 29 till
867 441 220 30 motionerna
1115 441 29 29 I:
1161 441 63 30 202
1253 441 66 29 och
1347 440 44 29 II:
1409 440 73 33 221,
1512 439 104 30 såvitt

434 504 47 20 nu
508 495 38 29 är
571 495 10 29 i
608 494 108 40 fråga,
742 495 53 29 till
824 495 98 29 Vissa
949 493 234 40 ersättningar
1208 494 36 29 åt
1271 492 344 40 befattningshavare

435 547 56 31 vid
515 547 258 38 polisväsendet
798 557 45 20 m.
869 558 45 19 m.
941 548 54 29 för
1021 547 204 40 budgetåret
1253 547 142 37 1957/58
1421 547 121 30 anvisa
1567 548 49 28 ett

434 601 273 40 förslagsanslag
731 611 42 20 av
795 601 18 30 5
830 601 61 30 700
907 601 62 30 000
992 601 140 34 kronor,
1157 601 108 30 därav
1290 600 92 30 1197
1398 600 63 30 000
1485 600 131 29 kronor

434 656 50 28 att
508 655 173 29 avräknas
704 657 74 27 mot
803 654 479 30 automobilskattemedlen.»

171 775 56 33 12)
257 775 57 29 vid
332 774 160 40 punkten
510 775 43 29 38
577 775 143 39 (Bidrag
738 775 53 30 till
811 774 200 40 främjande
1031 784 42 21 av
1090 774 265 40 rekryteringen
1373 774 11 29 i
1402 774 93 30 vissa
1513 773 105 40 polis-

123 828 159 34 distrikt)
309 838 43 20 av
372 828 122 30 herrar
515 827 140 40 Ragnar
675 828 124 39 Bergh,
821 827 181 40 Skoglund
1022 829 11 29 i
1055 828 222 40 Doverstorp,
1300 826 155 31 Gerhard
1475 826 141 30 Nilsson

122 881 12 29 i
154 881 103 30 Gävle
279 882 65 29 och
364 880 211 38 Heckscher,
596 882 95 30 vilka
712 884 115 27 ansett
849 884 51 28 att
921 882 170 29 utskottet
1112 882 78 29 bort
1211 881 178 39 tillstyrka
1410 881 173 39 yrkandet
1604 880 12 29 i

122 935 222 30 motionerna
369 935 28 29 I:
415 935 62 30 202
504 935 65 29 och
594 935 45 30 II:
656 935 61 30 221
745 945 57 20 om
828 935 118 39 avslag
970 935 20 30 å
1015 935 125 39 Kungl.
1167 934 125 39 Maj:ts
1319 934 130 39 förslag
1474 934 66 29 och
1566 935 50 28 att

123 988 120 30 därför
266 988 190 30 utskottets
478 988 163 40 yttrande
664 989 65 29 och
752 988 212 30 hemställan
986 988 78 30 bort
1086 989 46 29 ha
1154 988 159 39 följande
1337 987 144 40 lydelse:

171 1042 145 29 »>Såsom
337 1042 262 30 motionärerna
620 1042 117 30 anfört
759 1052 103 29 synes
884 1043 229 29 förevarande
1135 1042 122 39 anslag
1279 1043 11 29 i
1313 1042 78 29 dess
1414 1041 203 30 nuvarande

125 1095 221 40 utformning
361 1096 77 29 icke
453 1096 46 29 ha
515 1095 115 40 någon
646 1095 186 40 betydelse.
849 1096 177 30 Utskottet
1043 1096 69 29 kan
1130 1095 120 31 därför
1268 1095 76 30 icke
1361 1095 186 39 tillstyrka,
1565 1096 52 28 att

125 1149 113 29 medel
257 1149 140 29 anvisas
417 1150 87 29 även
524 1149 54 29 för
598 1150 101 29 nästa
718 1149 170 39 budgetår
909 1149 55 30 för
983 1149 268 39 ifrågavarande
1271 1148 175 30 ändamål.

169 1202 178 30 Utskottet
365 1202 203 30 hemställer
587 1202 129 35 därför,

481 1258 51 28 att
557 1256 189 39 riksdagen
773 1256 57 29 må
857 1257 79 29 med
962 1256 100 30 bifall
1088 1256 53 29 till
1168 1256 221 29 motionerna
1416 1255 29 29 I:
1461 1254 63 30 202
1553 1254 65 30 och

435 1309 46 30 II:
498 1309 74 35 221,
601 1309 103 30 såvitt
732 1319 48 20 nu
809 1310 38 29 är
875 1310 12 30 i
914 1309 109 40 fråga,
1052 1309 96 30 avslå
1176 1309 127 40 Kungl.
1333 1308 123 40 Maj:ts
1486 1308 131 39 förslag

435 1371 57 21 om
524 1362 121 40 anslag
675 1363 52 29 till
760 1363 127 39 Bidrag
919 1362 53 29 till
1003 1362 200 39 främjande
1237 1372 42 20 av
1310 1361 264 40 rekryteringen
1605 1361 12 28 i

435 1416 94 29 vissa
553 1415 265 40 polisdistrikt.»

171 1535 55 33 13)
256 1535 58 29 vid
339 1534 159 39 punkten
523 1534 41 30 47
596 1535 413 39 (Engångsanskaffning
1035 1544 42 20 av
1102 1534 175 34 materiel)

170 1615 36 34 a)
237 1624 42 21 av
297 1615 121 29 herrar
437 1614 125 40 Gustaf
579 1615 180 36 Karlsson,
778 1615 78 29 Ivar
873 1614 211 37 Johansson,
1103 1615 84 29 Erik
1206 1614 184 39 Svedberg,
1409 1612 209 40 Holmqvist,

125 1667 187 37 Lodenius,
327 1667 215 37 Åkerström,
557 1668 174 30 Svensson
747 1669 11 29 i
775 1668 172 40 Alingsås,
964 1668 207 39 Gustafsson
1188 1668 11 29 i
1216 1668 212 34 Stockholm,
1445 1666 174 30 Andreas-

125 1729 74 28 son,
226 1721 174 29 Svensson
429 1722 11 29 i
468 1722 196 39 Stenkyrka
692 1722 65 29 och
783 1721 175 30 Svensson
986 1722 11 29 i
1024 1722 169 39 Kungälv,
1222 1721 95 30 vilka
1345 1723 114 27 ansett
1487 1722 51 28 att
1566 1722 53 28 ut-

127 1774 129 30 skottet
282 1775 78 29 bort
387 1774 142 30 förorda
555 1784 43 20 en
624 1774 220 40 nedräkning
871 1785 42 20 av
939 1775 156 39 anslaget
1122 1775 78 29 med
1229 1775 62 29 355
1307 1774 62 30 000
1396 1774 131 29 kronor
1554 1773 64 30 och

125 1829 50 28 att
197 1828 121 29 därför
340 1828 190 30 utskottets
552 1828 161 39 yttrande
737 1829 64 29 och
825 1828 210 30 hemställan
1057 1828 78 29 bort
1157 1828 46 29 ha
1225 1828 158 38 följande
1406 1827 145 39 lydelse:

171 1881 71 29 >Av
262 1881 67 29 vad
348 1881 387 39 departementschefen
755 1881 119 29 anfört
893 1881 156 38 framgår
1069 1882 50 28 att
1139 1880 198 39 disponibla
1356 1880 112 29 medel
1489 1880 19 29 å
1529 1880 89 28 före-

126 1935 155 29 nämnda
303 1936 51 27 tre
376 1934 122 39 anslag
518 1952 45 3 —
583 1935 94 29 vilka
698 1944 48 20 nu
770 1935 252 29 sammanförts
1045 1935 53 29 till
1120 1936 49 28 ett
1191 1934 122 39 anslag
1335 1951 44 3 —
1400 1934 83 29 ökat
1506 1933 111 29 under

126 1987 57 29 det
208 1989 137 27 senaste
369 1987 205 39 budgetåret
598 1987 79 30 från
704 1987 37 30 15
757 1987 63 29 800
835 1987 63 30 000
922 1987 131 29 kronor
1077 1987 51 29 till
1156 1987 38 28 16
1209 1987 63 29 600
1287 1986 63 30 000
1375 1986 140 29 kronor.
1540 1985 77 29 Med

125 2040 138 39 hänsyn
287 2040 180 29 dessutom
491 2040 52 30 till
568 2042 50 28 att
642 2040 319 30 reservationernas
987 2040 139 34 storlek,
1151 2040 108 38 enligt
1283 2039 66 30 vad
1373 2039 171 29 utskottet
1568 2038 51 29 in-

126 2094 146 33 hämtat,
304 2094 76 29 icke
413 2093 202 30 förändrats
646 2094 187 29 nämnvärt
865 2094 92 29 fram
989 2094 51 29 till
1074 2093 66 29 den
1175 2094 14 28 1
1223 2093 143 38 januari
1401 2092 81 30 1957
1517 2100 102 21 anser

126 2146 181 34 utskottet,
332 2148 50 28 att
406 2156 42 20 en
471 2146 71 30 viss
567 2146 218 39 nedräkning
810 2156 43 20 av
876 2146 57 29 det
957 2156 41 19 av
1023 2146 124 38 Kungl.
1173 2146 106 38 Maj:t
1305 2145 128 30 äskade
1458 2145 160 39 beloppet

126 2199 62 29 bör
210 2200 70 28 ske.
301 2199 177 30 Utskottet
499 2199 160 30 förordar
679 2199 131 34 därför,
830 2200 11 28 i
862 2199 188 39 anledning
1070 2208 41 20 av
1131 2199 206 38 yrkandena
1356 2198 11 29 i
1387 2198 233 29 förenämnda

125 2252 183 33 motioner,
335 2254 50 26 att
412 2251 156 39 anslaget
593 2252 10 28 i
630 2252 173 29 avvaktan
830 2252 44 38 på
901 2251 191 29 resullaten
1119 2261 42 19 av
1186 2251 178 38 pågående
1391 2251 228 38 utredningar

126 2304 149 29 rörande
298 2304 255 29 civilförsvaret
577 2304 167 39 uppföres
767 2305 79 28 med
870 2304 18 29 5
906 2304 60 29 150
981 2304 62 29 000
1068 2303 140 34 kronor,
1232 2303 109 29 vilket
1364 2303 10 29 i
1398 2303 221 29 förhållande

128 2357 51 28 till
201 2357 126 38 Kungl.
349 2357 123 38 Maj:ts
495 2357 129 39 förslag
645 2357 146 29 innebär
812 2366 42 20 en
875 2357 79 29 med
976 2357 62 29 355
1054 2356 62 29 000
1137 2356 131 29 kronor
1290 2356 162 30 minskad
1475 2356 146 29 medels-

127 2410 195 38 anvisning.

173 2463 116 29 Under
310 2463 219 39 åberopande
551 2463 108 29 härav
679 2463 64 29 och
765 2462 44 30 då
830 2462 126 39 Kungl.
978 2461 123 39 Maj:ls
1124 2461 130 39 förslag
1276 2462 10 28 i
1308 2461 110 38 övrigt
1439 2461 76 30 icke
1538 2461 82 39 givit

128 2516 170 29 utskottet
324 2515 188 40 anledning
537 2516 51 29 till
614 2515 151 34 erinran,
791 2515 202 30 hemställer
1018 2515 180 33 utskottet,
