2184 2610
206 1219 102 36 Ökning
326 1232 30 16 av

180 1261 99 23 antalet
302 1261 83 22 elever

188 1297 43 22 vid
252 1294 126 30 skjutsko-

178 1332 43 22 lan
240 1331 40 22 för
302 1330 81 22 infan-

178 1365 79 23 teriet
275 1364 49 23 och
342 1365 43 22 ka-

180 1400 118 23 valleriet
304 1399 80 23 under

179 1434 27 23 år
228 1435 65 22 1917
308 1434 76 22 även-

198 1476 55 15 som
277 1468 90 23 anord-

179 1503 85 23 nande
288 1503 97 22 därstä-

179 1538 44 22 des
233 1537 81 23 under
324 1544 60 15 sam-

188 1579 41 16 ma
248 1571 28 23 år
295 1579 31 15 av
345 1578 30 16 en

179 1606 205 30 kulsprutekurs,

237 1648 94 46 [13.]

206 1742 152 23 Utskottets

214 1777 129 30 yttrande.

401 200 39 31 12
905 200 250 32 Statsutskottets
1177 201 166 32 utlåtande
1364 202 53 31 Nr
1439 204 49 29 93.

399 284 349 49 lärarpersonalens
790 284 164 37 arvoden
995 285 14 36 i
1049 286 277 49 sammanhang
1365 286 156 37 därmed
1566 286 92 37 böra
1703 291 190 45 upptagas
1938 286 59 37 till

400 336 201 49 prövning.
656 336 244 37 Beträffande
918 337 522 50 traktamentsersättningen
1458 337 57 37 till
1535 338 223 49 adjutanten
1776 338 65 36 vid
1861 338 136 37 skolan

399 388 69 36 har
495 388 187 37 utskottet
710 388 127 37 funnit
866 388 60 48 sig
952 388 94 38 böra
1073 389 194 49 tillstyrka
1295 389 231 38 densamma.
1581 390 83 37 Vad
1693 390 167 37 därefter
1878 393 120 44 angår

401 439 143 49 Kungl.
574 439 125 48 Maj:ts
728 439 285 50 framställning
1040 441 163 37 rörande
1232 441 163 49 höjning
1423 455 47 23 av
1498 441 156 38 chefens
1674 442 61 36 för
1755 441 242 50 skjutskolan

401 492 140 36 arvode
581 491 85 37 med
708 493 75 35 500
824 492 152 47 kronor,
1019 493 267 36 motsvarande
1328 492 214 38 skillnaden
1583 493 137 37 mellan
1759 494 139 49 majors
1927 494 71 36 och

401 542 337 48 överstelöjtnants
780 543 191 50 avlöning,
1013 544 69 36 har
1121 544 191 37 utskottet
1347 549 124 33 ansett
1508 545 60 49 sig
1595 545 92 37 böra
1715 544 150 38 biträda
1893 545 105 37 detta

400 595 157 48 förslag,
587 594 97 37 dock
724 595 122 36 under
873 595 194 38 uttalande
1094 608 47 24 av
1169 601 56 31 att
1253 596 126 37 denna
1408 596 161 50 höjning
1596 610 47 24 av
1671 597 159 37 arvodet
1858 597 56 36 till
1943 601 56 32 ett

400 646 140 49 belopp
568 646 267 37 motsvarande
864 646 336 49 överstelöjtnants
1228 648 280 37 löneförmåner
1526 648 83 37 icke
1629 649 59 36 får
1706 653 139 44 utgöra
1864 648 135 37 hinder

400 698 61 37 för
501 697 195 50 placering
737 711 48 24 av
825 712 47 23 en
914 699 135 49 duglig
1085 699 70 37 och
1187 699 129 37 därtill
1343 699 158 50 lämplig
1529 700 131 37 officer
1689 705 98 32 även
1815 714 48 23 av
1890 700 108 49 lägre

399 749 239 50 tjänstegrad
666 753 125 33 såsom
819 750 91 37 chef
932 750 61 37 för
1020 750 146 38 skolan.

503 801 184 49 Anslaget
714 802 112 37 torde
855 801 159 38 sålunda
1041 802 93 37 böra
1161 802 95 37 ökas
1285 803 85 37 med
1399 802 88 50 (579
1508 813 31 30 +
1561 804 73 35 500
1649 802 47 50 =)
1715 805 110 45 1,079
1860 803 140 37 kronor

400 853 58 36 till
488 855 135 46 63,329
652 853 153 36 kronor.

504 904 196 38 Utskottet
726 904 232 49 hemställer,

905 1012 55 32 att
1004 1007 208 50 riksdagen
1253 1010 60 34 må
1354 1008 72 37 öka
1466 1008 435 49 reservationsanslaget
1941 1007 59 38 till

803 1059 240 48 skjutskolan
1083 1060 59 36 för
1173 1059 219 37 infanteriet
1419 1060 72 36 och
1518 1060 233 48 kavalleriet,
1780 1074 52 23 nu
1862 1062 138 44 62,250

803 1110 151 49 kronor,
983 1110 86 37 med
1099 1113 110 46 1,079
1239 1111 144 37 kronor
1410 1111 57 37 till
1497 1114 137 46 63,329
1663 1112 154 37 kronor.

508 1212 72 48 2:o)
621 1213 133 37 Under
789 1213 124 50 punkt
951 1216 46 34 13
1028 1227 46 23 av
1102 1213 125 38 denna
1255 1214 214 37 huvudtitel
1496 1214 69 37 har
1591 1214 142 50 Kungl.
1764 1215 107 49 Maj:t
1900 1215 99 37 före-

404 1264 116 50 slagit
546 1265 208 49 riksdagen
782 1265 190 49 medgiva,
1001 1271 55 31 att
1084 1265 63 37 det
1175 1266 59 37 för
1262 1266 245 37 anordnande
1536 1280 47 23 av
1610 1267 103 36 vissa
1742 1272 106 31 extra
1867 1267 134 36 kurser

402 1316 64 37 vid
495 1316 239 49 skjutskolan
775 1317 59 37 för
865 1317 220 38 infanteriet
1113 1318 69 36 och
1210 1318 220 37 kavalleriet
1458 1321 21 33 å
1507 1323 107 32 extra
1642 1323 74 32 stat
1743 1318 60 37 för
1831 1321 40 33 år
1901 1320 97 35 1916

402 1368 192 49 beviljade
622 1368 174 48 anslaget
824 1382 46 23 av
899 1370 139 46 22,100
1066 1370 143 36 kronor
1236 1372 61 34 må
1324 1375 109 43 tagas
1460 1370 13 36 i
1497 1370 164 49 anspråk
1680 1370 61 37 för
1759 1370 242 37 bestridande

404 1433 46 23 av
478 1420 258 37 kostnaderna
764 1421 60 36 för
851 1421 146 48 ökning
1025 1433 47 24 av
1100 1420 140 38 antalet
1269 1420 123 38 elever
1419 1421 11 36 i
1458 1421 46 37 de
1533 1422 188 37 ordinarie
1745 1422 256 49 utbildnings-

403 1472 185 37 kurserna
627 1472 65 37 vid
733 1472 239 49 skjutskolan
1004 1473 118 37 under
1150 1475 40 34 år
1221 1475 96 34 1917
1348 1478 179 32 ävensom
1556 1474 58 36 för
1642 1473 246 38 anordnande
1918 1473 84 37 där-

404 1523 128 37 städes
564 1523 119 37 under
711 1537 144 24 samma
884 1527 40 33 år
952 1538 47 22 av
1027 1538 47 23 en
1102 1524 303 50 kulsprutekurs.

507 1575 241 37 Beträffande
790 1575 253 50 utredningen
1084 1576 12 37 i
1138 1576 104 37 detta
1283 1576 152 45 ärende
1459 1577 58 37 får
1543 1577 187 36 utskottet
1757 1577 158 37 hänvisa
1943 1577 58 37 till

403 1627 419 49 statsrådsprotokollet
849 1628 57 37 sid
934 1629 166 36 46—54.

505 1729 76 37 För
622 1730 244 37 anordnande
905 1730 123 37 under
1053 1731 257 37 innevarande
1339 1733 40 34 år
1407 1743 46 24 av
1481 1731 101 37 vissa
1610 1737 108 31 extra
1745 1730 255 51 utbildnings-

403 1782 134 36 kurser
578 1781 61 37 vid
681 1782 240 49 skjutskolan
948 1782 188 49 beviljade
1168 1784 97 35 1915
1295 1785 60 34 års
1383 1782 158 50 riksdag
1568 1787 55 32 ett
1651 1783 134 48 anslag
1813 1786 20 33 å
1861 1785 140 46 22,100

402 1834 154 36 kronor.
623 1833 133 50 Enligt
805 1834 74 36 vad
928 1834 137 37 chefen
1114 1834 61 36 för
1216 1834 239 48 skjutskolan
1497 1834 218 46 framhållit,
1758 1835 242 37 erfordrades

403 1884 210 38 emellertid
652 1885 60 37 för
752 1890 56 32 att
848 1885 111 38 dessa
995 1886 135 37 kurser
1167 1886 124 37 skulle
1329 1886 127 37 kunna
1484 1891 73 43 äga
1584 1899 81 23 rum
1694 1885 231 49 vidtagande
1955 1900 46 23 av

402 1937 104 37 vissa
547 1937 219 49 byggnads-
808 1938 69 36 och
918 1937 409 50 reparationsarbeten.
1384 1938 149 48 Frågan
1567 1937 132 36 härom
1727 1937 122 38 skulle
1878 1938 124 49 enligt

402 1989 75 36 vad
514 1988 420 49 departementschefen
962 1990 126 36 anfört
1115 1995 191 44 upptagas
1334 1990 12 35 i
1374 1994 116 32 annat
1517 1989 289 50 sammanhang.
1861 1990 140 49 Någon

401 2040 284 50 framställning
725 2040 12 37 i
779 2040 208 49 anledning
1015 2041 116 38 härav
1160 2042 68 36 har
1256 2040 211 38 emellertid
1494 2040 84 37 icke
1606 2041 159 37 kommit
1793 2041 207 49 riksdagen

401 2091 197 38 tillhanda.

505 2143 209 49 Utskottet,
757 2157 82 23 som
879 2142 64 38 vid
971 2143 134 37 sådant
1132 2144 238 37 förhållande
1398 2143 82 37 icke
1509 2144 74 37 kan
1611 2144 173 48 bedöma,
1813 2144 188 37 huruvida

401 2194 47 37 de
477 2195 215 49 föreslagna
719 2196 308 47 anordningarna
1055 2195 127 37 kunna
1210 2196 121 37 under
1359 2198 41 34 år
1430 2198 96 34 1917
1557 2196 189 49 vidtagas,
1767 2202 92 31 utan
1879 2202 55 31 att
1953 2197 47 36 de

402 2258 47 24 av
473 2246 258 50 skjutskolans
756 2247 90 37 chef
868 2247 223 48 ifrågasatta
1119 2248 181 37 arbetena
1327 2248 156 46 utföras,
1512 2248 69 36 har
1585 2242 19 59 i
1629 2248 68 36 allt
1717 2249 66 36 fall
1802 2249 83 36 icke
1899 2249 103 36 velat

402 2303 180 32 motsätta
609 2299 60 49 sig
697 2299 74 36 den
800 2312 46 23 av
874 2299 143 49 Kungl.
1046 2298 107 50 Maj:t
1181 2299 137 49 gjorda
1346 2299 340 48 framställningen.
