1875 2837
258 190 18 31 2
533 186 401 41 Bevillningsutskottets
956 183 217 32 betänkande
1193 192 42 21 nr
1255 183 41 30 52
1316 182 39 31 år
1376 181 83 30 1968

256 272 300 40 bidragsgivarens
585 269 284 31 inläktsförvärv.
898 269 52 29 En
979 266 252 39 förutsättning
1260 265 53 30 för
1342 263 262 40 avdragsrätten
1635 270 101 31 synes

256 337 91 25 vara,
372 329 50 29 att
444 328 217 38 mottagaren
685 325 113 30 driver
820 323 222 31 verksamhet
1066 331 41 21 av
1131 321 108 30 sådan
1262 322 63 33 art,
1350 321 49 28 att
1422 317 237 31 kostnaderna
1682 316 53 30 för

256 382 268 30 verksamheten
553 381 111 30 skulle
693 380 88 30 varit
812 378 230 40 avdragsgilla
1071 377 54 30 för
1154 375 292 40 bidragsgivaren,
1478 373 115 30 därest
1624 372 111 30 denne

256 437 89 39 själv
369 437 118 29 utövat
512 434 277 31 verksamheten.
814 433 235 38 Mottagarens
1073 430 222 30 verksamhet
1321 429 53 30 får
1401 428 133 30 således
1557 428 71 29 inte
1653 434 82 21 vara

255 502 42 20 av
319 492 118 30 alltför
462 491 130 30 allmän
616 491 113 28 natur.
755 488 153 31 Sålunda
931 488 63 29 har
1018 484 268 43 pappersfabrik
1310 485 132 29 ansetts
1466 481 193 40 berättigad
1682 481 52 29 till

254 547 128 39 avdrag
406 546 54 30 för
482 545 122 41 bidrag
626 545 53 30 till
705 544 153 30 Svenska
881 539 486 43 pappersbruksföreningens
1392 536 342 40 forskningsinstitut

260 601 73 36 (RÅ
357 600 81 31 1947
461 602 70 28 not.
556 599 114 35 1166),
694 600 47 29 ett
762 597 237 40 boktryckeri-
1020 596 65 30 och
1107 594 231 41 förlagsbolag
1361 594 54 29 för
1437 592 121 40 bidrag
1579 591 52 30 till
1654 590 80 30 Gra-

255 656 93 30 fiska
369 653 427 41 forskningslaboratoriet
824 651 72 36 (RÅ
921 651 81 30 1947
1026 653 69 28 not.
1119 649 94 36 245),
1236 651 48 28 ett
1306 648 133 39 företag
1461 646 79 30 med
1561 646 111 30 behov
1694 655 40 20 av

254 711 106 39 ryska
377 708 314 41 korrespondenter
710 708 54 29 för
782 707 122 39 bidrag
921 706 52 30 till
992 705 117 40 Ryska
1127 704 173 30 institutet
1318 702 56 30 vid
1393 700 341 40 handelshögskolan

254 767 50 28 att
321 764 178 31 användas
518 764 53 29 för
590 762 197 40 utbildning
804 771 40 21 av
862 761 119 40 dylika
997 758 314 41 korrespondenter
1335 756 72 36 (RÅ
1428 756 81 30 1947
1528 758 69 27 not.
1618 754 114 35 1595),

256 822 48 28 ett
339 818 320 40 försäkringsbolag
694 817 55 30 för
782 816 122 39 bidrag
937 815 52 30 till
1026 814 219 31 Stockholms
1279 811 187 41 högskolas
1501 810 233 39 försäkrings-

253 874 246 28 matematiska
524 873 138 28 institut
694 871 71 33 (RÅ
794 870 82 29 1949
902 872 69 26 not.
1000 869 114 33 1157),
1140 870 47 27 ett
1213 866 217 38 väveribolag
1456 866 54 28 för
1535 864 121 40 bidrag
1680 864 53 29 till

254 927 178 30 Chalmers
462 925 163 31 tekniska
654 924 169 40 högskola
853 923 53 29 för
936 924 47 28 ett
1014 920 249 31 laboratorium
1295 919 53 30 för
1378 918 141 30 teknisk
1550 917 183 38 forskning

253 991 44 20 m.
320 991 44 20 m.
391 980 73 35 (RÅ
488 980 82 30 1946
591 979 62 30 ref.
676 978 36 34 8)
738 979 64 29 och
820 988 45 20 en
884 976 258 39 revisionsbyrå
1163 975 53 29 för
1237 974 121 39 bidrag
1378 974 52 29 till
1453 970 280 40 forskningsstif-

252 1036 110 29 telsen
377 1035 113 29 Oskar
507 1034 123 30 Silléns
645 1033 85 29 fond
751 1031 71 36 (RÅ
841 1031 82 30 1959
938 1033 69 27 not.
1024 1030 94 34 297).

297 1090 131 30 Genom
449 1089 113 30 beslut
586 1097 41 21 av
650 1087 91 30 årets
764 1086 142 39 riksdag
928 1085 63 30 har
1014 1084 67 30 den
1106 1085 14 28 1
1144 1084 67 39 juli
1233 1084 10 29 i
1267 1083 37 30 år
1328 1082 163 29 inrättats
1514 1083 48 27 ett
1585 1080 147 29 centralt

252 1152 107 31 organ
375 1144 10 29 i
402 1143 89 40 syfte
508 1145 48 27 alt
574 1141 187 30 samordna
777 1141 64 29 och
856 1139 239 30 effektivisera
1110 1138 56 29 det
1183 1137 138 39 statliga
1338 1136 77 30 stöd
1432 1145 74 20 som
1523 1135 22 29 f.
1563 1144 33 20 n.
1612 1135 11 29 i
1640 1134 93 29 olika

252 1198 129 30 former
400 1197 100 40 utgår
518 1197 52 29 till
589 1195 140 31 teknisk
747 1194 193 39 forskning.
960 1194 101 28 Detta
1079 1200 116 31 organ,
1214 1191 166 30 benämnt
1400 1189 169 40 styrelsen
1587 1188 54 30 för
1659 1188 73 30 tek-

251 1253 81 29 nisk
355 1251 208 39 utveckling,
590 1251 63 28 har
679 1249 166 39 övertagit
871 1248 41 30 de
936 1247 176 40 uppgifter
1140 1255 73 21 som
1239 1246 23 29 f.
1288 1255 33 20 n.
1347 1244 160 31 handhas
1533 1253 42 20 av
1600 1245 131 28 statens

249 1307 164 29 tekniska
432 1303 277 41 forskningsråd,
731 1302 248 35 Malmfonden,
1001 1301 174 30 institutet
1196 1300 54 30 för
1270 1297 266 42 nyttiggörande
1557 1307 41 20 av
1619 1297 113 29 forsk-

251 1360 250 40 ningsresultat
538 1358 184 35 (INFÖR),
756 1357 169 40 styrelsen
956 1356 55 30 för
1042 1355 236 40 exploatering
1309 1363 42 21 av
1382 1351 350 40 forskningsresultat

255 1413 153 36 (EFOR)
431 1414 65 29 och
515 1413 153 30 Svenska
687 1411 366 40 uppfinnarkontoret.

293 1468 67 29 För
377 1466 203 40 budgetåret
601 1465 141 35 1968/69
761 1465 62 29 har
842 1464 66 30 den
927 1473 66 30 nya
1013 1463 169 39 styrelsen
1200 1462 54 30 för
1273 1461 77 30 stöd
1367 1461 52 29 till
1437 1459 163 31 tekniska
1617 1458 113 30 forsk-

249 1521 244 40 ningsprojekt
510 1520 138 30 erhållit
665 1521 47 28 ett
730 1519 120 39 anslag
867 1527 42 21 av
925 1518 38 29 31
984 1517 86 39 milj.
1089 1517 51 29 kr.
1158 1516 67 30 För
1243 1515 77 30 stöd
1336 1515 52 29 till
1405 1514 142 30 teknisk
1563 1512 168 31 kollektiv

250 1575 183 39 forskning
454 1584 45 20 m.
522 1584 45 19 m.
589 1574 64 29 har
676 1573 168 40 styrelsen
867 1572 53 29 för
944 1580 134 21 samma
1099 1570 168 39 budgetår
1288 1569 166 30 tilldelats
1476 1570 47 27 ett
1546 1567 120 39 anslag
1689 1576 41 20 av

252 1630 38 30 18
307 1630 88 38 milj.
412 1631 51 28 kr.
481 1629 194 29 Härutöver
693 1628 54 29 får
764 1627 169 39 styrelsen
951 1626 137 38 förfoga
1104 1626 79 29 över
1200 1623 259 31 Malmfondens
1476 1623 65 28 och
1558 1621 171 30 INFOR:s

248 1683 121 35 medel,
387 1682 214 39 väsentligen
620 1681 53 30 för
692 1680 76 30 stöd
788 1680 49 30 till
856 1679 212 30 industriellt
1086 1677 346 39 utvecklingsarbete.

291 1737 65 30 Vid
379 1736 99 30 sidan
500 1745 40 20 av
564 1733 517 40 finansieringsverksamheten
1104 1732 88 30 skall
1216 1731 168 40 styrelsen
1405 1729 142 30 bedriva
1567 1729 71 29 viss
1661 1737 67 21 ser-

247 1790 305 34 viceverksamhet,
580 1789 43 30 bl.
651 1798 29 20 a.
706 1789 11 29 i
743 1788 98 39 fråga
867 1796 56 20 om
949 1786 206 40 rådgivning
1181 1786 34 29 åt
1242 1784 211 40 uppfinnare
1479 1783 65 30 och
1569 1782 158 30 forskare

247 1847 90 27 samt
359 1843 209 40 förmedling
591 1852 42 20 av
655 1841 360 39 forskningsresultat.
1039 1840 13 29 I
1075 1840 99 38 fråga
1197 1848 56 20 om
1275 1837 274 30 internationellt
1572 1836 155 30 tekniskt

246 1898 202 34 samarbete,
471 1897 142 30 teknisk
633 1895 229 30 information
884 1895 64 29 och
971 1893 289 30 dokumentation
1283 1894 90 28 samt
1395 1892 93 29 vissa
1510 1890 217 39 forsknings-

247 1953 166 30 stationer
436 1952 88 30 skall
547 1951 169 40 styrelsen
736 1951 47 29 ha
803 1959 43 21 en
867 1948 212 41 planerande
1100 1948 66 30 och
1188 1946 257 31 samordnande
1465 1945 176 31 funktion.

288 2006 99 30 Årets
407 2005 276 39 riksdagsbeslut
704 2004 145 29 innebär
870 2002 117 30 vidare
1009 2001 178 31 bildandet
1209 2010 42 20 av
1271 2002 48 28 ett
1342 1999 131 40 statligt
1494 1998 232 39 utvecklings-

244 2061 100 39 bolag
361 2060 79 29 med
458 2059 137 40 uppgift
614 2061 49 28 att
682 2058 129 39 främja
829 2056 257 39 framtagandet
1105 2065 41 20 av
1163 2054 251 35 innovationer,
1434 2053 142 31 särskilt
1595 2052 131 30 sådana

245 2124 74 20 som
344 2113 199 40 tillgodoser
570 2113 192 38 angelägna
788 2110 288 35 samhällsbehov,
1103 2110 65 29 och
1194 2111 50 28 att
1272 2109 109 39 skapa
1405 2108 113 29 bättre
1544 2106 181 31 förutsätt-

243 2169 124 39 ningar
386 2168 54 29 för
458 2167 199 38 utveckling
676 2166 64 29 och
760 2164 235 41 exploatering
1014 2173 42 21 av
1074 2173 67 30 nya
1160 2162 201 41 produkter,
1383 2161 141 30 särskilt
1543 2161 95 29 inom
1658 2160 67 29 den

246 2223 138 39 statliga
400 2222 151 30 sektorn.

726 2353 148 41 Frågans
888 2351 138 42 tidigare
1041 2350 201 41 behandling

285 2429 58 30 Ett
363 2427 156 41 yrkande
540 2437 42 20 av
601 2428 11 29 i
632 2426 186 30 huvudsak
840 2434 134 22 samma
994 2424 155 30 innehåll
1171 2432 75 21 som
1267 2422 56 31 det
1343 2422 11 30 i
1375 2422 219 29 motionerna
1614 2420 29 30 I:
1659 2419 61 30 377

240 2484 64 27 och
330 2482 121 30 I:491
480 2481 196 29 framförda
701 2480 207 39 tillstyrktes
933 2488 42 21 av
999 2477 379 39 bevillningsutskottet
1404 2476 96 28 förra
1524 2475 73 29 året
1627 2473 95 35 (BeU

243 2536 98 30 1967:
357 2536 73 31 24).
450 2535 175 30 Utskottet
645 2534 165 30 framhöll
830 2533 122 30 därvid
970 2533 44 29 bl.
1036 2542 29 20 a.
1086 2533 49 28 att
1154 2531 67 30 den
1241 2529 167 31 moderna
1426 2527 164 32 tekniska
1608 2527 114 30 forsk-
