2242 2644
709 123 233 43 Lagutskottets
970 125 165 31 Utlåtande
1158 125 61 32 N:o
1243 128 53 29 51.
1722 128 40 31 29

387 207 118 41 Kongl.
529 207 122 41 Maj:ts
671 208 141 41 förslag.

530 363 110 46 278.

1240 209 177 33 Utskottets
1438 210 141 40 förslag.

1364 367 54 36 26
1442 365 38 46 $.

332 464 217 49 Delgifning
575 464 41 37 af
640 465 186 49 stämning
853 466 115 48 enligt
1000 468 42 35 13
1072 465 23 45 $&
1118 467 88 36 skall
1235 467 64 36 ske
1326 468 65 36 sist
1418 471 21 32 å
1466 468 192 37 sextionde
1685 469 119 49 dagen

197 514 81 36 före
306 516 330 48 inställelsedagen.

526 669 52 36 28
603 667 37 46 $.

273 769 72 36 För
371 769 188 45 svarande,
579 783 75 23 som
675 771 11 35 i
708 772 45 34 14
773 772 87 35 eller
881 773 43 34 15
945 770 23 45 $

198 818 108 46 afses,
348 821 95 47 gälle
483 820 71 36 den
594 821 13 35 i
647 821 53 36 22
738 820 27 45 $
791 821 177 49 stadgade

197 871 273 47 stämningstid,
512 871 139 36 räknad
678 871 93 37 efter
799 872 69 36 den
896 878 69 39 ort,

197 921 118 36 under
356 922 107 36 hvars
491 922 160 36 domstol
678 923 203 36 svaranden
908 924 59 48 ly-

197 972 65 35 der
289 972 12 35 i
329 972 196 45 tvistemål,
555 986 76 22 som
651 976 95 45 angå
764 974 86 47 gäld
868 975 13 35 i
900 975 67 34 all-

197 1023 165 43 mänhet;
415 1023 92 36 dock
556 1029 55 30 att
656 1024 231 49 kungörande
930 1024 41 36 af

198 1074 188 48 stämning
413 1075 117 46 enligt
549 1075 90 36 sista
658 1075 144 49 stycket
821 1075 41 36 af
880 1077 43 34 15
943 1074 24 46 $

197 1124 31 47 ej
273 1128 60 32 må
373 1125 63 36 ske
475 1138 127 23 senare
643 1133 46 28 än
728 1129 21 32 å
776 1126 191 37 sextionde

196 1175 117 47 dagen
343 1175 78 36 före
447 1176 333 49 inställelsedagen.

525 1329 52 36 29
602 1327 36 45 $.

273 1427 193 50 Stämning
497 1432 21 33 å
546 1430 196 48 menighet,
772 1443 79 23 som
879 1431 12 35 i
921 1432 44 35 16

197 1480 88 35 eller
315 1481 44 34 17
388 1478 23 45 $
439 1487 93 40 sägs,
562 1481 111 35 varde
699 1481 180 49 kungjord
902 1482 66 36 sist

196 1533 21 32 å
258 1530 190 36 sextionde
488 1531 118 49 dagen
639 1531 79 37 före
750 1533 217 36 inställelse-

197 1580 130 47 dagen.

524 1684 54 35 30
602 1682 37 45 $.

272 1782 204 49 Landsting
503 1796 85 23 vare
616 1784 31 47 ej
670 1784 147 48 pligtigt
835 1790 56 30 att
908 1785 59 35 in-

196 1836 48 44 gå
282 1834 13 35 i
335 1835 180 35 svaromål
542 1833 79 37 förr
647 1842 46 28 än
720 1838 21 32 å
768 1836 199 35 trettionde

197 1884 119 48 dagen
343 1883 81 37 från
453 1884 82 45 den,
565 1885 46 36 då
638 1885 225 48 landstinget
886 1893 82 29 näst

197 1934 94 36 efter
339 1936 253 46 stämningens
638 1936 228 49 kungörande
909 1937 57 35 till

197 1985 152 46 lagtima
378 1991 96 30 möte
501 1987 299 36 sammanträder.

273 2034 194 49 Stämning
485 2039 21 32 å
525 2037 138 35 kronan
683 2038 91 35 skall
790 2038 177 48 kungöras

196 2086 66 35 sist
303 2089 21 31 å
362 2086 201 36 trettionde
590 2086 115 47 dagen
734 2086 80 37 före
840 2088 129 35 instäl-

196 2136 220 46 lelsedagen.

1364 672 50 36 27
1439 670 38 46 $.

1112 771 70 36 För
1209 772 190 45 svarande,
1419 785 77 24 som
1516 773 12 35 i
1550 775 44 34 14
1614 774 89 36 eller
1724 773 82 45 15$

1037 821 102 45 afses,
1180 823 96 48 gälle
1316 822 70 37 den
1426 823 11 35 i
1478 823 49 37 21
1565 823 28 45 $
1631 824 175 47 stadgade

1036 873 272 49 stämningstid,
1349 874 140 36 räknad
1517 873 94 38 efter
1637 875 71 36 den
1736 882 70 38 ort,

1036 924 117 35 under
1191 925 110 35 hvars
1330 924 158 37 domstol
1516 926 203 36 svaranden
1747 927 60 49 ly-

1036 974 65 36 der
1126 975 13 35 i
1166 975 198 44 tvistemål,
1394 988 77 24 som
1490 979 95 44 angå
1603 977 83 47 gäld
1706 978 13 35 i
1738 978 68 35 all-

1036 1025 165 44 mänhet;
1231 1025 93 36 dock
1342 1031 54 31 att
1415 1027 206 49 delgifning
1640 1026 40 37 af
1692 1033 114 31 stäm-

1036 1077 89 47 ning
1152 1076 118 49 enligt
1298 1076 89 37 sista
1413 1078 145 49 stycket
1585 1077 40 36 af
1652 1080 42 34 15
1724 1077 24 46 $
1772 1079 32 47 ej

1036 1130 59 32 må
1122 1127 61 36 ske
1210 1139 127 24 senare
1365 1135 46 28 än
1438 1132 20 32 å
1476 1129 192 36 sextionde
1687 1129 117 47 dagen

1036 1177 78 36 före
1140 1178 332 49 inställelsedagen.

1363 1330 51 36 28
1439 1329 37 46 $.

1111 1429 195 50 Stämning
1337 1434 20 33 å
1385 1432 198 47 menighet,
1612 1446 76 23 som
1716 1433 14 36 i
1761 1435 44 35 16

1036 1482 89 36 eller
1154 1484 42 34 17
1226 1480 24 45 $&
1277 1489 93 40 sägs,
1398 1483 112 36 varde
1539 1484 182 49 delgifven
1741 1485 67 35 sist

1036 1535 20 33 å
1097 1533 189 36 sextionde
1326 1533 118 49 dagen
1485 1533 78 37 före
1590 1535 216 36 inställelse-

1036 1583 130 47 dagen.

1363 1686 52 36 29
1440 1684 38 45 $.

1112 1785 203 47 Landsting
1341 1798 85 23 vare
1454 1786 31 46 ej
1507 1786 151 49 pligtigt
1676 1792 55 30 att
1750 1787 57 36 in-

1035 1839 47 43 gå
1119 1836 12 35 i
1164 1837 182 35 svaromål
1379 1835 77 37 förr
1483 1843 46 29 än
1557 1840 21 32 å
1604 1837 204 36 trettionde

1036 1886 119 49 dagen
1181 1886 83 36 från
1292 1886 81 45 den,
1402 1886 47 36 då
1476 1887 224 47 landstinget
1724 1894 84 30 näst

1036 1937 91 35 efter
1153 1938 251 47 stämningens
1431 1938 204 49 delgifning
1654 1939 55 35 till
1728 1940 80 45 lag-

1036 1988 89 35 tima
1153 1993 96 31 möte
1278 1987 302 37 sammanträder.

1114 2037 194 48 Stämning
1326 2041 21 32 å
1364 2039 140 35 kronan
1523 2039 89 35 skall
1629 2039 180 49 delgifvas

1038 2088 66 35 sist
1143 2091 20 32 å
1195 2088 199 36 trettionde
1426 2088 120 48 dagen
1573 2088 77 37 före
1677 2089 130 35 instäl-

1037 2138 218 48 lelsedagen.
