2236 2636
481 125 41 31 36
946 124 230 42 Lagutskottets
1205 124 168 32 Utlåtande
1394 124 63 32 N:o
1483 126 51 31 ål.

620 207 120 40 Kongl.
766 208 122 41 Maj:ts
910 207 142 42 förslag.

1474 208 179 34 Utskottets
1674 209 138 42 förslag.

439 313 114 36 innan
584 313 102 35 detta
717 312 182 37 afslutadt
926 321 50 36 är,
1006 314 184 47 tillämpas
1217 314 98 36 hvad
1342 315 12 34 i
1380 314 161 36 nämnda
1568 313 47 45 $$
1643 314 147 49 stadgas
1818 328 58 22 om
1903 314 141 49 påföljd

439 362 40 37 af
504 369 101 42 parts
633 362 253 37 uteblifvande
913 363 84 36 från
1024 364 90 48 ting.

575 464 126 36 Denna
727 465 63 47 lag
817 465 90 36 skall
935 464 107 37 träda
1068 465 12 35 i
1108 464 98 36 kraft
1233 464 71 36 den
1334 467 16 33 1
1377 466 150 47 januari
1557 467 105 35 1900.

1095 765 73 47 4:00)
1225 763 141 43 LAG

439 861 183 52 angående
653 863 135 40 ändrad
822 863 129 49 lydelse
985 863 38 39 af
1056 865 39 38 17
1122 864 25 50 &
1174 864 8 39 i
1210 864 102 50 lagen
1345 875 52 29 om
1430 864 250 50 handelsbolag
1713 865 79 39 och
1811 865 102 40 enkla
1945 865 100 50 bolag

1065 931 64 39 den
1156 932 49 39 28
1232 931 70 51 juni
1331 931 96 40 1895.

574 1069 228 49 Härigenom
841 1069 203 44 förordnas,
1086 1074 54 32 att
1174 1072 42 34 17
1247 1069 23 45 $
1298 1070 12 36 i
1336 1071 104 48 lagen
1470 1084 61 23 om
1558 1071 261 50 handelsbolag
1846 1072 66 36 och
1940 1073 107 35 enkla

438 1120 112 49 bolag
576 1120 70 36 den
675 1122 45 35 28
746 1121 86 46 juni
861 1122 93 35 1895
984 1121 92 36 skall
1103 1121 139 36 erhålla
1268 1120 163 49 följande
1458 1121 160 37 ändrade
1645 1122 157 49 lydelse:

516 1222 200 48 Angående
735 1222 233 48 bolagsmans
987 1221 222 49 befogenhet

439 1277 56 30 att
535 1271 59 36 för
632 1272 147 49 bolaget
817 1277 166 44 mottaga
1024 1273 185 48 stämning

439 1330 42 28 är
509 1322 173 49 stadgadt
708 1323 13 35 i
749 1323 364 48 rättegångsbalken;
1141 1324 66 35 och

439 1373 95 36 skall
566 1373 95 36 hvad
687 1374 13 35 i
729 1373 131 36 sådant
890 1373 172 37 afseende
1092 1375 117 47 gäller

439 1436 68 36 ega
552 1425 238 48 tillämpning
830 1425 136 47 jemväl
1012 1424 46 35 då
1097 1430 112 30 annat

439 1474 171 49 offentlig
641 1475 236 48 myndighets
909 1475 75 36 bud
1019 1475 92 36 skall
1143 1475 65 36 bo-

438 1526 101 47 laget
567 1526 187 48 kungöras.

1354 1223 201 48 Angående
1574 1223 231 48 bolagsmans
1823 1222 224 49 befogenhet

1278 1278 55 31 att
1370 1272 58 37 för
1468 1274 147 46 bolaget
1655 1279 166 42 mottaga
1859 1275 188 46 stämning

1278 1331 40 28 är
1345 1324 174 48 stadgadt
1545 1325 12 35 i
1585 1325 359 48 rättegångsbalken;
1978 1326 67 35 och

1278 1375 90 36 skall
1401 1375 98 35 hvad
1526 1376 12 34 i
1567 1375 130 36 sådant
1729 1374 169 38 afseende
1930 1376 116 48 gäller

1279 1438 66 35 ega
1387 1426 237 48 tillämpning
1663 1427 140 47 jemväl
1847 1426 46 36 då
1933 1431 114 31 annat

1279 1475 170 48 offentlig
1482 1477 237 48 myndighets
1751 1477 78 36 bud
1860 1477 92 36 skall
1979 1477 66 36 bo-

1278 1528 98 46 laget
1402 1528 189 48 delgifvas.

574 1626 126 36 Denna
726 1628 62 47 lag
815 1628 92 35 skall
934 1627 107 36 träda
1067 1627 11 35 i
1106 1626 99 37 kraft
1232 1627 73 36 den
1334 1630 16 33 1
1377 1628 149 48 januari
1556 1630 105 34 1900.

1094 1918 73 48 50)
1223 1917 141 43 LAG

467 2014 182 51 angående
678 2018 136 39 ändrad
841 2017 131 50 lydelse
1000 2018 38 39 af
1065 2018 38 39 41
1132 2019 25 49 &
1185 2018 7 39 i
1221 2019 101 50 lagen
1350 2029 53 29 om
1430 2018 197 51 aktiebolag
1655 2020 64 39 den
1748 2020 49 39 28
1819 2019 68 51 juni
1916 2020 99 39 1895.

573 2137 226 50 Härigenom
839 2139 204 44 förordnas,
1085 2145 55 30 att
1171 2143 43 32 41
1251 2139 23 45 $
1302 2141 12 35 i
1341 2142 106 46 lagen
1474 2154 61 23 om
1559 2141 207 48 aktiebolag
1794 2142 69 35 den
1893 2143 44 34 28
1961 2141 84 47 juni

441 2190 94 34 1895
565 2188 93 36 skall
685 2190 140 36 erhålla
851 2190 159 47 följande
1038 2190 160 36 ändrade
1224 2191 154 49 lydelse:
