2234 2638
469 121 44 32 40
936 120 232 43 Lagutskottets
1196 120 166 32 Utlåtande
1383 120 64 32 N:o
1472 121 50 30 51.

1193 263 16 33 1
1241 259 34 45 8.

564 362 76 36 Har
665 363 14 35 i
707 362 176 36 brottmål
911 363 102 34 talan
1040 375 60 22 om
1127 375 133 22 ansvar
1286 360 125 37 blifvit
1437 374 134 35 genom
1598 360 188 46 stämning
1812 359 62 36 vid
1899 358 138 36 under-

430 419 78 30 rätt
546 414 117 43 väckt,
707 426 84 23 men
818 420 40 28 är
884 413 31 47 ej
947 414 169 47 åklagare
1144 413 90 35 eller
1261 412 142 36 enskild
1430 411 160 36 kärande
1617 414 20 32 å
1664 410 72 36 den
1764 411 12 34 i
1803 410 234 44 stämningen

432 469 142 31 utsatta
612 464 71 47 dag
723 463 194 43 tillstädes,
959 464 68 35 och
1067 463 133 36 varder
1231 463 33 47 ej
1298 464 81 46 laga
1405 461 127 37 förfall
1559 461 132 42 visadt,
1721 473 86 23 vare
1833 461 205 35 kärornålet

430 514 175 36 förfallet.
659 514 176 36 Kommer
861 517 20 32 å
907 513 72 36 den
1007 514 72 48 dag
1106 515 170 45 åklagare
1303 515 88 34 eller
1418 512 141 37 enskild
1587 512 161 35 kärande
1767 511 182 35 tillstädes
1969 511 68 35 och

431 566 110 43 visar,
582 570 55 30 att
668 564 204 37 svaranden
899 564 129 36 blifvit
1053 565 161 47 lagligen
1243 564 131 44 stämd,
1403 577 83 22 men
1514 571 41 28 är
1580 562 204 36 svaranden
1812 562 107 35 borta
1946 566 92 30 utan

431 621 57 30 att
515 617 81 45 laga
622 614 127 37 förfall
776 614 162 44 framtes,
967 626 66 35 ege
1061 620 121 30 rätten
1209 614 175 36 förordna
1411 627 60 22 om
1498 614 90 35 hans
1606 612 198 37 hemtande
1823 613 89 34 eller
1929 613 110 45 lägga

431 667 137 35 honom
607 667 75 35 vite
722 665 89 37 före.
867 665 143 36 Varder
1049 666 71 34 han
1159 666 33 46 ej
1223 678 138 22 samma
1388 665 73 47 dag
1488 663 95 37 efter
1608 664 196 47 hemtning
1829 661 59 37 för
1913 667 125 31 rätten

431 717 148 43 instäld,
608 717 125 36 dömes
760 716 59 36 för
845 715 255 37 uteblifvande
1126 720 56 31 att
1208 715 88 36 böta
1322 714 72 37 fem
1423 716 138 34 kronor
1587 715 89 35 eller
1703 727 110 30 mera,
1838 713 108 48 högst
1965 718 73 30 ett-

431 767 148 36 hundra
605 768 147 35 kronor.

566 817 210 36 Uteblifver
813 818 13 35 i
865 817 190 43 brottmål,
1096 816 65 36 der
1200 817 101 35 talan
1332 829 59 23 om
1418 828 134 24 ansvar
1578 815 108 41 föres,
1716 813 203 37 svaranden
1948 819 90 30 utan

432 870 86 47 laga
556 867 125 37 förfall
722 872 21 32 å
782 868 82 48 dag,
904 869 60 34 till
1004 868 148 35 hvilken
1185 868 113 35 målet
1325 867 247 48 uppskjutits;
1599 865 134 36 varder
1759 865 73 35 han
1858 865 31 47 ej
1920 868 21 32 å
1968 864 72 36 den

432 919 74 48 dag
545 918 94 36 efter
677 919 196 47 hemtning
911 918 140 36 instäld
1090 918 67 35 och
1197 919 115 34 vållas
1351 916 40 37 af
1419 917 92 35 hans
1539 915 254 37 uteblifvande
1820 915 219 49 ytterligare

433 969 170 49 uppskof,
644 969 113 36 varde
797 968 78 36 fäld
913 970 60 34 till
1013 969 86 44 vite,
1133 968 66 36 der
1226 968 131 36 sådant
1383 975 41 28 är
1450 968 136 35 honom
1613 966 196 47 förelagdt,
1838 966 89 35 eller
1954 965 86 35 böte

432 1033 80 23 som
539 1033 86 36 nyss
653 1027 41 28 är
721 1019 117 49 sagdt.

567 1070 106 36 Hvad
705 1071 14 35 i
750 1070 267 48 förordningen
1044 1069 187 49 angående
1258 1069 105 36 böter
1389 1067 59 37 för
1475 1067 282 48 svarandeparts
1785 1065 254 37 uteblifvande

432 1120 84 37 från
545 1121 195 36 underrätt
767 1121 70 35 den
866 1123 19 34 6
914 1121 156 36 oktober
1099 1122 93 35 1882
1221 1121 117 34 finnes
1365 1119 174 48 stadgadt
1566 1132 58 22 om
1653 1117 203 49 uttagande
1883 1117 68 35 och
1979 1129 61 24 om

433 1176 179 44 återgång
650 1173 13 34 i
704 1173 93 34 visst
835 1171 65 36 fall
940 1171 41 36 af
1018 1172 114 43 böter,
1174 1171 152 35 hvartill
1365 1173 122 44 någon
1514 1170 115 47 enligt
1656 1181 139 24 samma
1821 1167 220 48 förordning

432 1222 128 36 blifvit
598 1221 88 45 fäld,
729 1223 92 35 skall
856 1223 140 47 jemval
1036 1235 66 35 ega
1128 1222 238 47 tillämpning
1392 1224 21 32 å
1439 1221 116 43 böter,
1584 1233 78 23 som
1690 1220 117 45 enligt
1834 1218 119 36 denna
1979 1219 62 46 lag

433 1273 158 36 ådömas.

1197 1342 20 32 2
1246 1338 34 45 8.

569 1424 14 35 I
623 1423 106 49 fråga
761 1437 59 23 om
851 1424 189 43 brottmål,
1069 1423 65 35 der
1161 1424 100 34 talan
1290 1435 59 22 om
1376 1434 133 23 ansvar
1535 1422 31 47 ej
1596 1420 108 44 föres,
1734 1421 92 35 skall
1852 1421 188 46 tillämpas

434 1475 98 35 hvad
571 1476 13 34 i
622 1474 267 48 förordningen
929 1474 188 48 angående
1148 1474 108 35 böter
1282 1472 58 37 för
1366 1472 279 47 svarandeparts
1674 1470 255 37 uteblifvande
1956 1469 84 36 från

435 1526 197 35 underrätt
658 1525 72 36 den
760 1527 19 34 6
809 1525 154 36 oktober
994 1526 92 34 1882
1116 1532 40 28 är
1182 1523 60 37 för
1268 1524 186 36 tvistemål
1482 1522 182 48 stadgadt.

570 1627 126 35 Denna
722 1628 62 45 lag
811 1627 89 35 skall
927 1625 109 37 träda
1061 1627 13 34 i
1100 1624 100 37 kraft
1228 1625 71 36 den
1329 1627 16 33 1
1372 1624 150 48 januari
1553 1625 104 35 1900.

569 1777 40 36 af
644 1778 86 35 herr
771 1778 206 49 Sandqvist,
1019 1790 76 22 som
1132 1777 155 35 instämt
1326 1776 54 35 uti
1411 1775 71 35 den
1511 1774 39 36 af
1573 1775 84 34 herr
1684 1774 188 35 Hasselrot
1899 1771 142 47 afgifna

435 1829 274 35 reservationen
737 1827 226 37 beträffande
993 1830 45 33 32
1067 1828 66 35 och
1158 1829 46 34 36
1225 1825 49 46 $$
1292 1827 13 34 i
1325 1826 196 36 utskottets
1539 1825 138 46 förslag
1696 1825 56 34 till
1772 1825 60 46 lag
1851 1823 189 49 angående

435 1879 141 35 ändrad
602 1879 141 49 lydelse
770 1878 40 36 af
838 1881 39 33 11
909 1879 80 47 kap.
1019 1877 359 49 rättegångsbalken;

571 2030 39 36 af
633 2030 83 36 herr
748 2030 144 43 Leman,
922 2042 78 23 som
1028 2029 123 35 anfört

571 2082 49 35 då
646 2082 187 45 stämning
859 2080 90 36 skall
978 2085 131 42 utgöra
1134 2079 229 46 grundvalen
1390 2077 57 36 för
1474 2080 193 45 rättegång
1693 2077 12 35 i
1734 2076 199 43 tvistemål;

571 2132 51 36 då
647 2132 63 35 det
737 2133 106 34 alltså
870 2138 39 28 är
936 2129 41 36 af
1001 2130 188 49 synnerlig
1215 2130 91 47 vigt,
1334 2134 52 30 att
1414 2127 459 47 stämningsansökningen
1893 2125 148 36 affattas

437 2182 83 36 med
549 2187 131 31 största
708 2182 151 47 möjliga
884 2181 168 46 redighet
1079 2180 66 36 och
1174 2179 246 43 bestämdhet;
