2242 2642
716 121 234 43 Lagutskottets
978 121 167 32 Utlåtande
1168 120 65 32 N:o
1256 121 50 31 51.
1734 119 38 30 19

395 206 122 42 Kongl.
540 206 124 41 Maj:ts
685 205 140 42 förslag.

209 321 83 30 nast
318 313 352 49 häradshöfdingens
697 312 191 49 stämning,
917 312 63 36 der

210 366 78 42 den,
342 364 140 37 hvilken
527 364 224 48 stämningen
796 363 183 49 kungöras

208 416 105 43 skall,
354 416 65 35 har
457 415 60 36 sitt
556 415 146 35 hemvist
741 420 94 30 utom
873 414 105 36 länet.

211 466 246 46 Förteckning
497 468 21 33 å
557 465 93 43 dem,
692 477 78 23 som
810 471 62 29 äro
903 463 76 37 för-

211 517 160 36 ordnade
404 521 56 31 att
492 515 229 49 stämningar
751 514 110 48 gifva,
890 515 90 36 skall

214 568 119 37 finnas
365 567 173 49 anslagen
569 567 24 35 d
618 571 132 32 rättens
776 567 86 35 dörr
888 573 93 29 samt

209 619 14 35 i
254 618 128 47 början
417 617 40 36 af
481 617 124 47 hvarje
633 620 40 32 år
700 616 41 36 af
765 615 215 37 häradshöf-

211 669 134 49 dingen
379 668 173 36 insändas
580 668 57 36 till
665 667 224 48 Konungens
916 667 65 36 be-

211 718 358 49 fallningshafvande
615 717 59 37 för
722 718 199 48 intagande
968 718 13 35 i

210 770 378 48 länskungörelserna.

287 819 193 48 Stämning
497 820 57 35 till
572 818 274 37 rådstufvurätt
863 818 118 48 gifves

211 871 40 36 af
288 871 81 44 den,
411 884 78 23 som
530 870 121 36 dertill
691 875 74 31 satt
797 877 49 36 är,
881 871 100 42 eller,

212 922 64 36 der
306 922 110 36 sådan
447 922 31 47 ej
507 921 127 44 finnes,
663 920 41 36 af
729 926 138 30 rättens
895 920 86 36 ord-

211 972 164 37 förande.

561 1075 22 33 4
611 1071 33 46 8.

289 1158 172 36 Förekom
480 1171 65 22 mer
565 1163 76 30 mot
656 1157 82 44 den,
755 1157 64 36 hos
836 1157 146 36 hvilken

214 1209 186 46 stämning
440 1209 113 43 sökes,
582 1207 65 48 jäf,
680 1221 78 22 som
786 1208 12 35 i
829 1210 42 34 13
900 1208 81 47 kap.

218 1258 70 45 18
327 1267 94 40 sägs,
463 1271 88 24 vare
589 1258 61 36 det
690 1259 31 47 ej
764 1258 132 36 hinder
929 1257 56 37 för

214 1310 136 36 honom
378 1315 54 30 att
459 1309 187 47 stämning
673 1309 166 49 utfärda.

562 1429 20 34 5
611 1425 34 46 8.

292 1512 53 36 Då
373 1512 188 47 stämning
588 1512 115 43 sökes,
731 1510 100 49 gifve
854 1511 133 36 käran-

216 1563 71 36 den
328 1563 205 49 skriftligen
566 1562 81 37 eller
680 1562 202 49 muntligen
911 1575 75 35 upp

217 1614 95 36 hvad
339 1615 71 35 han
435 1614 14 35 i
473 1613 108 36 målet
596 1613 131 48 påstår
745 1613 60 36 och
821 1613 166 49 grunden

217 1665 148 48 derför;
411 1677 66 34 ege
517 1665 66 34 ock
625 1671 97 40 säga,
764 1663 97 36 huru
901 1664 87 45 lång

216 1715 58 35 tid
300 1715 72 35 han
398 1713 57 37 för
483 1714 251 47 stämningens
760 1714 228 48 kungörande

217 1764 152 36 tarfvar.

567 2050 19 34 6
615 2047 33 45 8.

301 2131 193 47 Stämning
538 2133 89 34 skall
672 2131 212 48 skriftligen
931 2137 59 30 ut-

222 2182 122 36 färdas
386 2182 60 36 och
485 2182 76 35 deri
600 2187 164 39 utsättas,
799 2182 23 35 d
853 2182 137 36 hvilken

1247 204 175 33 Utskottets
1444 203 136 41 förslag.

1047 312 93 44 dem,
1174 324 76 23 som
1285 317 63 29 äro
1374 309 219 37 förordnade
1620 314 55 31 att
1702 314 113 31 stäm-

1046 363 132 47 ningar
1205 361 109 48 gifva,
1344 362 92 35 skall
1460 362 12 35 i
1492 361 126 47 början
1637 359 40 37 af
1692 360 123 46 hvarje

1048 417 39 32 år
1119 412 41 36 af
1189 411 337 49 häradshöfdingen
1556 411 174 36 insändas
1756 411 57 35 till

1048 464 224 46 Konungens
1313 462 404 47 befallningshafvande
1757 460 60 37 för

1046 514 200 48 intagande
1273 514 13 35 i
1312 513 380 47 länskungörelserna.

1123 564 195 47 Stämning
1336 565 57 35 till
1413 562 272 37 rådstufvurätt
1698 561 119 48 gifves

1049 615 39 36 af
1112 616 82 44 den,
1223 628 77 23 som
1328 615 124 35 dertill
1472 619 72 31 satt
1567 621 51 37 är,
1638 614 100 42 eller,
1754 613 65 35 der

1049 667 111 35 sådan
1179 666 33 48 ej
1233 667 128 43 finnes,
1382 665 41 36 af
1434 670 137 31 rättens
1587 663 230 38 ordförande.

1396 1073 22 33 4
1447 1069 34 46 8.

1127 1156 258 36 Förekommer
1404 1160 77 31 mot
1496 1155 81 44 den,
1593 1155 65 36 hos
1674 1154 147 36 hvilken

1053 1207 187 46 stämning
1281 1207 114 43 sökes,
1424 1205 66 48 jäf,
1520 1219 75 22 som
1624 1207 12 34 i
1666 1206 45 35 13
1740 1205 80 47 kap.

1055 1259 17 33 1
1115 1256 22 44 8
1179 1264 93 41 sägs,
1319 1270 84 22 vare
1444 1257 62 35 det
1544 1256 31 47 ej
1608 1256 131 35 hinder
1766 1254 57 36 för

1053 1307 135 36 honom
1216 1312 55 31 att
1297 1307 187 46 stämning
1507 1307 117 49 gifva.

1400 1428 20 34 5
1449 1423 34 46 8.

1131 1510 56 36 Då
1213 1511 187 47 stämning
1427 1511 116 42 sökes,
1571 1508 99 49 gifve
1694 1510 129 34 käran-

1056 1561 68 36 den
1167 1575 76 35 upp
1283 1561 195 36 domstolen
1520 1561 58 36 och
1617 1560 207 36 svaranden

1056 1620 93 28 samt
1176 1613 128 42 saken;
1330 1624 65 36 ege
1424 1612 67 35 ock
1519 1619 85 40 säga
1623 1605 97 41 huru
1739 1612 86 45 lång

1056 1662 52 35 tid
1151 1663 72 35 han
1253 1662 56 36 för
1336 1662 250 45 stämningens
1615 1661 209 50 delgifning

1056 1712 153 36 tarfvar.
1244 1713 209 48 Ansökning
1469 1725 55 24 om
1538 1713 180 46 stämning
1733 1711 93 36 skall

1054 1769 104 43 göras
1177 1763 215 49 skriftligen,
1413 1769 88 29 utan
1516 1762 42 36 så
1571 1767 41 31 är
1626 1769 52 29 att
1695 1762 131 36 käran-

1057 1814 51 44 de,
1137 1827 74 23 som
1239 1818 43 31 är
1308 1813 173 43 medellös,
1505 1813 188 49 förklarar
1719 1813 54 47 sig
1797 1812 31 48 ej

1058 1864 123 36 kunna
1222 1864 244 48 ansökningen
1497 1863 205 49 skriftligen
1735 1876 91 35 upp-

1057 1920 110 38 sätta;
1207 1915 13 35 i
1258 1914 131 37 sådant
1415 1914 80 49 fall
1529 1914 59 36 må
1614 1914 68 35 den
1711 1920 116 29 munt-

1059 1965 92 49 ligen
1176 1971 120 43 göras.

1405 2050 19 34 6
1450 2043 37 56 8.

1134 2130 193 47 Stämning
1379 2131 91 35 skall
1516 2130 207 46 skriftligen
1769 2135 59 30 ut-

1058 2181 139 44 färdas;
1227 2182 58 36 och
1315 2183 62 34 bör
1405 2181 238 48 stämningen,
1672 2193 84 23 vare
1774 2181 55 46 sig
