<?xml version="1.0" encoding="UTF-8"?>
<alto xmlns="http://www.loc.gov/standards/alto/ns-v3#" xmlns:xlink="http://www.w3.org/1999/xlink" xmlns:xsi="http://www.w3.org/2001/XMLSchema-instance" xsi:schemaLocation="http://www.loc.gov/standards/alto/ns-v3# http://www.loc.gov/alto/v3/alto-3-0.xsd">
	<Description>
		<MeasurementUnit>pixel</MeasurementUnit>
		<sourceImageInformation>
			<fileName>/tmp/tess_w276xy1j_input.PNG</fileName>
		</sourceImageInformation>
		<OCRProcessing ID="OCR_0">
			<ocrProcessingStep>
				<processingSoftware>
					<softwareName>tesseract 5.3.0</softwareName>
				</processingSoftware>
			</ocrProcessingStep>
		</OCRProcessing>
	</Description>
	<Layout>
		<Page WIDTH="1948" HEIGHT="2808" PHYSICAL_IMG_NR="0" ID="page_0">
			<PrintSpace HPOS="0" VPOS="0" WIDTH="1948" HEIGHT="2808">
				<ComposedBlock ID="cblock_0" HPOS="313" VPOS="136" WIDTH="1288" HEIGHT="43">
					<TextBlock ID="block_0" HPOS="313" VPOS="136" WIDTH="1288" HEIGHT="43">
						<TextLine ID="line_0" HPOS="313" VPOS="136" WIDTH="1288" HEIGHT="43">
							<String ID="string_0" HPOS="313" VPOS="136" WIDTH="38" HEIGHT="31" WC="0.96" CONTENT="18"/><SP WIDTH="156" VPOS="136" HPOS="351"/>
							<String ID="string_1" HPOS="507" VPOS="140" WIDTH="103" HEIGHT="28" WC="0.95" CONTENT="Andra"/><SP WIDTH="25" VPOS="140" HPOS="610"/>
							<String ID="string_2" HPOS="635" VPOS="141" WIDTH="185" HEIGHT="29" WC="0.96" CONTENT="kammarens"/><SP WIDTH="19" VPOS="141" HPOS="820"/>
							<String ID="string_3" HPOS="839" VPOS="140" WIDTH="147" HEIGHT="39" WC="0.90" CONTENT="fjärde"/><SP WIDTH="23" VPOS="140" HPOS="986"/>
							<String ID="string_4" HPOS="1009" VPOS="143" WIDTH="155" HEIGHT="35" WC="0.93" CONTENT="tillfälliga"/><SP WIDTH="23" VPOS="143" HPOS="1164"/>
							<String ID="string_5" HPOS="1187" VPOS="145" WIDTH="124" HEIGHT="29" WC="0.95" CONTENT="utskotts"/><SP WIDTH="21" VPOS="145" HPOS="1311"/>
							<String ID="string_6" HPOS="1332" VPOS="146" WIDTH="153" HEIGHT="29" WC="0.94" CONTENT="utlåtande"/><SP WIDTH="22" VPOS="146" HPOS="1485"/>
							<String ID="string_7" HPOS="1507" VPOS="146" WIDTH="44" HEIGHT="29" WC="0.95" CONTENT="Nr"/><SP WIDTH="22" VPOS="146" HPOS="1551"/>
							<String ID="string_8" HPOS="1573" VPOS="150" WIDTH="28" HEIGHT="26" WC="0.95" CONTENT="3."/>
						</TextLine>
					</TextBlock>
				</ComposedBlock>
				<ComposedBlock ID="cblock_1" HPOS="306" VPOS="213" WIDTH="1493" HEIGHT="368">
					<TextBlock ID="block_1" HPOS="306" VPOS="213" WIDTH="1492" HEIGHT="146">
						<TextLine ID="line_1" HPOS="306" VPOS="213" WIDTH="1492" HEIGHT="49">
							<String ID="string_9" HPOS="306" VPOS="213" WIDTH="67" HEIGHT="33" WC="0.93" CONTENT="den"/><SP WIDTH="28" VPOS="213" HPOS="373"/>
							<String ID="string_10" HPOS="401" VPOS="227" WIDTH="41" HEIGHT="20" WC="0.96" CONTENT="av"/><SP WIDTH="27" VPOS="227" HPOS="442"/>
							<String ID="string_11" HPOS="469" VPOS="215" WIDTH="159" HEIGHT="34" WC="0.96" CONTENT="utskottet"/><SP WIDTH="27" VPOS="215" HPOS="628"/>
							<String ID="string_12" HPOS="655" VPOS="216" WIDTH="170" HEIGHT="33" WC="0.96" CONTENT="förordade"/><SP WIDTH="26" VPOS="216" HPOS="825"/>
							<String ID="string_13" HPOS="851" VPOS="218" WIDTH="226" HEIGHT="39" WC="0.96" CONTENT="utredningen."/><SP WIDTH="50" VPOS="218" HPOS="1077"/>
							<String ID="string_14" HPOS="1127" VPOS="220" WIDTH="65" HEIGHT="32" WC="0.93" CONTENT="Det"/><SP WIDTH="26" VPOS="220" HPOS="1192"/>
							<String ID="string_15" HPOS="1218" VPOS="221" WIDTH="91" HEIGHT="32" WC="0.96" CONTENT="torde"/><SP WIDTH="28" VPOS="221" HPOS="1309"/>
							<String ID="string_16" HPOS="1337" VPOS="221" WIDTH="35" HEIGHT="32" WC="0.93" CONTENT="få"/><SP WIDTH="28" VPOS="221" HPOS="1372"/>
							<String ID="string_17" HPOS="1400" VPOS="222" WIDTH="175" HEIGHT="32" WC="0.91" CONTENT="ankomma"/><SP WIDTH="25" VPOS="222" HPOS="1575"/>
							<String ID="string_18" HPOS="1600" VPOS="225" WIDTH="44" HEIGHT="36" WC="0.95" CONTENT="på"/><SP WIDTH="27" VPOS="225" HPOS="1644"/>
							<String ID="string_19" HPOS="1671" VPOS="223" WIDTH="127" HEIGHT="39" WC="0.91" CONTENT="Kungl."/>
						</TextLine>
						<TextLine ID="line_2" HPOS="313" VPOS="266" WIDTH="1485" HEIGHT="48">
							<String ID="string_20" HPOS="313" VPOS="266" WIDTH="101" HEIGHT="39" WC="0.96" CONTENT="Maj:t"/><SP WIDTH="26" VPOS="266" HPOS="414"/>
							<String ID="string_21" HPOS="440" VPOS="271" WIDTH="50" HEIGHT="29" WC="0.92" CONTENT="att"/><SP WIDTH="22" VPOS="271" HPOS="490"/>
							<String ID="string_22" HPOS="512" VPOS="267" WIDTH="200" HEIGHT="34" WC="0.92" CONTENT="härutinnan"/><SP WIDTH="25" VPOS="267" HPOS="712"/>
							<String ID="string_23" HPOS="737" VPOS="269" WIDTH="106" HEIGHT="34" WC="0.96" CONTENT="träffa"/><SP WIDTH="25" VPOS="269" HPOS="843"/>
							<String ID="string_24" HPOS="868" VPOS="271" WIDTH="183" HEIGHT="38" WC="0.96" CONTENT="avgörande"/><SP WIDTH="25" VPOS="271" HPOS="1051"/>
							<String ID="string_25" HPOS="1076" VPOS="275" WIDTH="80" HEIGHT="29" WC="0.96" CONTENT="utan"/><SP WIDTH="26" VPOS="275" HPOS="1156"/>
							<String ID="string_26" HPOS="1182" VPOS="273" WIDTH="106" HEIGHT="38" WC="0.93" CONTENT="någon"/><SP WIDTH="26" VPOS="273" HPOS="1288"/>
							<String ID="string_27" HPOS="1314" VPOS="274" WIDTH="277" HEIGHT="40" WC="0.91" CONTENT="meningsyttring"/><SP WIDTH="26" VPOS="274" HPOS="1591"/>
							<String ID="string_28" HPOS="1617" VPOS="275" WIDTH="75" HEIGHT="33" WC="0.93" CONTENT="från"/><SP WIDTH="25" VPOS="275" HPOS="1692"/>
							<String ID="string_29" HPOS="1717" VPOS="276" WIDTH="81" HEIGHT="33" WC="0.91" CONTENT="riks-"/>
						</TextLine>
						<TextLine ID="line_3" HPOS="311" VPOS="319" WIDTH="227" HEIGHT="40">
							<String ID="string_30" HPOS="311" VPOS="319" WIDTH="122" HEIGHT="40" WC="0.95" CONTENT="dagens"/><SP WIDTH="24" VPOS="319" HPOS="433"/>
							<String ID="string_31" HPOS="457" VPOS="320" WIDTH="81" HEIGHT="34" WC="0.95" CONTENT="sida."/>
						</TextLine>
					</TextBlock>
					<TextBlock ID="block_2" HPOS="311" VPOS="373" WIDTH="1488" HEIGHT="157">
						<TextLine ID="line_4" HPOS="356" VPOS="373" WIDTH="1443" HEIGHT="44">
							<String ID="string_32" HPOS="356" VPOS="373" WIDTH="19" HEIGHT="32" WC="0.96" CONTENT="I"/><SP WIDTH="21" VPOS="373" HPOS="375"/>
							<String ID="string_33" HPOS="396" VPOS="374" WIDTH="61" HEIGHT="32" WC="0.97" CONTENT="den"/><SP WIDTH="20" VPOS="374" HPOS="457"/>
							<String ID="string_34" HPOS="477" VPOS="386" WIDTH="41" HEIGHT="21" WC="0.96" CONTENT="av"/><SP WIDTH="20" VPOS="386" HPOS="518"/>
							<String ID="string_35" HPOS="538" VPOS="374" WIDTH="199" HEIGHT="34" WC="0.96" CONTENT="motionären"/><SP WIDTH="20" VPOS="374" HPOS="737"/>
							<String ID="string_36" HPOS="757" VPOS="376" WIDTH="116" HEIGHT="39" WC="0.96" CONTENT="gjorda"/><SP WIDTH="18" VPOS="376" HPOS="873"/>
							<String ID="string_37" HPOS="891" VPOS="377" WIDTH="196" HEIGHT="34" WC="0.96" CONTENT="hemställan"/><SP WIDTH="20" VPOS="377" HPOS="1087"/>
							<String ID="string_38" HPOS="1107" VPOS="378" WIDTH="61" HEIGHT="33" WC="0.96" CONTENT="har"/><SP WIDTH="19" VPOS="378" HPOS="1168"/>
							<String ID="string_39" HPOS="1187" VPOS="380" WIDTH="159" HEIGHT="32" WC="0.96" CONTENT="utskottet"/><SP WIDTH="19" VPOS="380" HPOS="1346"/>
							<String ID="string_40" HPOS="1365" VPOS="393" WIDTH="42" HEIGHT="20" WC="0.96" CONTENT="av"/><SP WIDTH="21" VPOS="393" HPOS="1407"/>
							<String ID="string_41" HPOS="1428" VPOS="381" WIDTH="151" HEIGHT="34" WC="0.96" CONTENT="formella"/><SP WIDTH="19" VPOS="381" HPOS="1579"/>
							<String ID="string_42" HPOS="1598" VPOS="382" WIDTH="72" HEIGHT="33" WC="0.96" CONTENT="skäl"/><SP WIDTH="21" VPOS="382" HPOS="1670"/>
							<String ID="string_43" HPOS="1691" VPOS="387" WIDTH="108" HEIGHT="30" WC="0.95" CONTENT="ansett"/>
						</TextLine>
						<TextLine ID="line_5" HPOS="311" VPOS="427" WIDTH="1485" HEIGHT="45">
							<String ID="string_44" HPOS="311" VPOS="427" WIDTH="53" HEIGHT="39" WC="0.95" CONTENT="sig"/><SP WIDTH="20" VPOS="427" HPOS="364"/>
							<String ID="string_45" HPOS="384" VPOS="428" WIDTH="78" HEIGHT="33" WC="0.96" CONTENT="böra"/><SP WIDTH="20" VPOS="428" HPOS="462"/>
							<String ID="string_46" HPOS="482" VPOS="429" WIDTH="145" HEIGHT="33" WC="0.96" CONTENT="utesluta"/><SP WIDTH="21" VPOS="429" HPOS="627"/>
							<String ID="string_47" HPOS="648" VPOS="429" WIDTH="81" HEIGHT="34" WC="0.96" CONTENT="sista"/><SP WIDTH="20" VPOS="429" HPOS="729"/>
							<String ID="string_48" HPOS="749" VPOS="430" WIDTH="101" HEIGHT="39" WC="0.95" CONTENT="delen,"/><SP WIDTH="24" VPOS="430" HPOS="850"/>
							<String ID="string_49" HPOS="874" VPOS="442" WIDTH="68" HEIGHT="21" WC="0.96" CONTENT="som"/><SP WIDTH="21" VPOS="442" HPOS="942"/>
							<String ID="string_50" HPOS="963" VPOS="443" WIDTH="92" HEIGHT="22" WC="0.96" CONTENT="avser"/><SP WIDTH="24" VPOS="443" HPOS="1055"/>
							<String ID="string_51" HPOS="1079" VPOS="432" WIDTH="246" HEIGHT="40" WC="0.96" CONTENT="framställning"/><SP WIDTH="23" VPOS="432" HPOS="1325"/>
							<String ID="string_52" HPOS="1348" VPOS="446" WIDTH="51" HEIGHT="20" WC="0.95" CONTENT="om"/><SP WIDTH="22" VPOS="446" HPOS="1399"/>
							<String ID="string_53" HPOS="1421" VPOS="440" WIDTH="49" HEIGHT="29" WC="0.95" CONTENT="att"/><SP WIDTH="20" VPOS="440" HPOS="1470"/>
							<String ID="string_54" HPOS="1490" VPOS="436" WIDTH="170" HEIGHT="33" WC="0.96" CONTENT="resultatet"/><SP WIDTH="22" VPOS="436" HPOS="1660"/>
							<String ID="string_55" HPOS="1682" VPOS="447" WIDTH="40" HEIGHT="22" WC="0.93" CONTENT="av"/><SP WIDTH="23" VPOS="447" HPOS="1722"/>
							<String ID="string_56" HPOS="1745" VPOS="441" WIDTH="51" HEIGHT="28" WC="0.92" CONTENT="ut-"/>
						</TextLine>
						<TextLine ID="line_6" HPOS="311" VPOS="481" WIDTH="1484" HEIGHT="53">
							<String ID="string_57" HPOS="311" VPOS="481" WIDTH="176" HEIGHT="39" WC="0.92" CONTENT="redningen"/><SP WIDTH="36" VPOS="481" HPOS="487"/>
							<String ID="string_58" HPOS="523" VPOS="482" WIDTH="100" HEIGHT="38" WC="0.96" CONTENT="jämte"/><SP WIDTH="38" VPOS="482" HPOS="623"/>
							<String ID="string_59" HPOS="661" VPOS="483" WIDTH="101" HEIGHT="33" WC="0.96" CONTENT="därav"/><SP WIDTH="26" VPOS="483" HPOS="762"/>
							<String ID="string_60" HPOS="788" VPOS="485" WIDTH="176" HEIGHT="32" WC="0.96" CONTENT="eventuellt"/><SP WIDTH="27" VPOS="485" HPOS="964"/>
							<String ID="string_61" HPOS="991" VPOS="485" WIDTH="192" HEIGHT="34" WC="0.96" CONTENT="föranledda"/><SP WIDTH="26" VPOS="485" HPOS="1183"/>
							<String ID="string_62" HPOS="1209" VPOS="487" WIDTH="125" HEIGHT="39" WC="0.96" CONTENT="förslag"/><SP WIDTH="26" VPOS="487" HPOS="1334"/>
							<String ID="string_63" HPOS="1360" VPOS="489" WIDTH="52" HEIGHT="31" WC="0.92" CONTENT="må"/><SP WIDTH="26" VPOS="489" HPOS="1412"/>
							<String ID="string_64" HPOS="1438" VPOS="489" WIDTH="147" HEIGHT="39" WC="0.92" CONTENT="delgivas"/><SP WIDTH="26" VPOS="489" HPOS="1585"/>
							<String ID="string_65" HPOS="1611" VPOS="486" WIDTH="184" HEIGHT="48" WC="0.92" CONTENT="riksdagen."/>
						</TextLine>
					</TextBlock>
					<TextBlock ID="block_3" HPOS="354" VPOS="535" WIDTH="1172" HEIGHT="46">
						<TextLine ID="line_7" HPOS="354" VPOS="535" WIDTH="1172" HEIGHT="46">
							<String ID="string_66" HPOS="354" VPOS="535" WIDTH="167" HEIGHT="33" WC="0.96" CONTENT="Utskottet"/><SP WIDTH="24" VPOS="535" HPOS="521"/>
							<String ID="string_67" HPOS="545" VPOS="536" WIDTH="52" HEIGHT="33" WC="0.96" CONTENT="får"/><SP WIDTH="24" VPOS="536" HPOS="597"/>
							<String ID="string_68" HPOS="621" VPOS="537" WIDTH="99" HEIGHT="33" WC="0.96" CONTENT="alltså"/><SP WIDTH="24" VPOS="537" HPOS="720"/>
							<String ID="string_69" HPOS="744" VPOS="538" WIDTH="72" HEIGHT="32" WC="0.96" CONTENT="med"/><SP WIDTH="25" VPOS="538" HPOS="816"/>
							<String ID="string_70" HPOS="841" VPOS="539" WIDTH="70" HEIGHT="32" WC="0.96" CONTENT="stöd"/><SP WIDTH="25" VPOS="539" HPOS="911"/>
							<String ID="string_71" HPOS="936" VPOS="551" WIDTH="41" HEIGHT="20" WC="0.96" CONTENT="av"/><SP WIDTH="22" VPOS="551" HPOS="977"/>
							<String ID="string_72" HPOS="999" VPOS="540" WIDTH="64" HEIGHT="32" WC="0.96" CONTENT="vad"/><SP WIDTH="25" VPOS="540" HPOS="1063"/>
							<String ID="string_73" HPOS="1088" VPOS="551" WIDTH="82" HEIGHT="21" WC="0.96" CONTENT="ovan"/><SP WIDTH="24" VPOS="551" HPOS="1170"/>
							<String ID="string_74" HPOS="1194" VPOS="541" WIDTH="125" HEIGHT="32" WC="0.93" CONTENT="anförts"/><SP WIDTH="24" VPOS="541" HPOS="1319"/>
							<String ID="string_75" HPOS="1343" VPOS="541" WIDTH="183" HEIGHT="40" WC="0.91" CONTENT="hemställa,"/>
						</TextLine>
					</TextBlock>
				</ComposedBlock>
				<ComposedBlock ID="cblock_2" HPOS="613" VPOS="644" WIDTH="1181" HEIGHT="199">
					<TextBlock ID="block_4" HPOS="613" VPOS="644" WIDTH="1181" HEIGHT="199">
						<TextLine ID="line_8" HPOS="661" VPOS="644" WIDTH="1133" HEIGHT="44">
							<String ID="string_76" HPOS="661" VPOS="646" WIDTH="50" HEIGHT="29" WC="0.96" CONTENT="att"/><SP WIDTH="30" VPOS="646" HPOS="711"/>
							<String ID="string_77" HPOS="741" VPOS="644" WIDTH="102" HEIGHT="33" WC="0.96" CONTENT="andra"/><SP WIDTH="29" VPOS="644" HPOS="843"/>
							<String ID="string_78" HPOS="872" VPOS="645" WIDTH="188" HEIGHT="32" WC="0.95" CONTENT="kammaren"/><SP WIDTH="32" VPOS="645" HPOS="1060"/>
							<String ID="string_79" HPOS="1092" VPOS="647" WIDTH="99" HEIGHT="31" WC="0.95" CONTENT="måtte"/><SP WIDTH="31" VPOS="647" HPOS="1191"/>
							<String ID="string_80" HPOS="1222" VPOS="647" WIDTH="52" HEIGHT="32" WC="0.96" CONTENT="för"/><SP WIDTH="30" VPOS="647" HPOS="1274"/>
							<String ID="string_81" HPOS="1304" VPOS="647" WIDTH="49" HEIGHT="32" WC="0.95" CONTENT="sin"/><SP WIDTH="32" VPOS="647" HPOS="1353"/>
							<String ID="string_82" HPOS="1385" VPOS="648" WIDTH="51" HEIGHT="32" WC="0.96" CONTENT="del"/><SP WIDTH="31" VPOS="648" HPOS="1436"/>
							<String ID="string_83" HPOS="1467" VPOS="649" WIDTH="136" HEIGHT="39" WC="0.96" CONTENT="besluta,"/><SP WIDTH="32" VPOS="649" HPOS="1603"/>
							<String ID="string_84" HPOS="1635" VPOS="654" WIDTH="49" HEIGHT="30" WC="0.91" CONTENT="att"/><SP WIDTH="29" VPOS="654" HPOS="1684"/>
							<String ID="string_85" HPOS="1713" VPOS="651" WIDTH="81" HEIGHT="31" WC="0.91" CONTENT="riks-"/>
						</TextLine>
						<TextLine ID="line_9" HPOS="616" VPOS="696" WIDTH="1177" HEIGHT="43">
							<String ID="string_86" HPOS="616" VPOS="696" WIDTH="105" HEIGHT="38" WC="0.96" CONTENT="dagen"/><SP WIDTH="27" VPOS="696" HPOS="721"/>
							<String ID="string_87" HPOS="748" VPOS="697" WIDTH="79" HEIGHT="32" WC="0.95" CONTENT="ville"/><SP WIDTH="27" VPOS="697" HPOS="827"/>
							<String ID="string_88" HPOS="854" VPOS="697" WIDTH="12" HEIGHT="31" WC="0.96" CONTENT="i"/><SP WIDTH="25" VPOS="697" HPOS="866"/>
							<String ID="string_89" HPOS="891" VPOS="697" WIDTH="157" HEIGHT="33" WC="0.96" CONTENT="skrivelse"/><SP WIDTH="27" VPOS="697" HPOS="1048"/>
							<String ID="string_90" HPOS="1075" VPOS="698" WIDTH="53" HEIGHT="32" WC="0.96" CONTENT="till"/><SP WIDTH="29" VPOS="698" HPOS="1128"/>
							<String ID="string_91" HPOS="1157" VPOS="699" WIDTH="127" HEIGHT="38" WC="0.95" CONTENT="Kungl."/><SP WIDTH="28" VPOS="699" HPOS="1284"/>
							<String ID="string_92" HPOS="1312" VPOS="700" WIDTH="101" HEIGHT="38" WC="0.96" CONTENT="Maj:t"/><SP WIDTH="27" VPOS="700" HPOS="1413"/>
							<String ID="string_93" HPOS="1440" VPOS="701" WIDTH="142" HEIGHT="38" WC="0.95" CONTENT="anhålla,"/><SP WIDTH="30" VPOS="701" HPOS="1582"/>
							<String ID="string_94" HPOS="1612" VPOS="706" WIDTH="49" HEIGHT="28" WC="0.93" CONTENT="att"/><SP WIDTH="26" VPOS="706" HPOS="1661"/>
							<String ID="string_95" HPOS="1687" VPOS="703" WIDTH="106" HEIGHT="32" WC="0.91" CONTENT="utred-"/>
						</TextLine>
						<TextLine ID="line_10" HPOS="616" VPOS="748" WIDTH="1177" HEIGHT="46">
							<String ID="string_96" HPOS="616" VPOS="748" WIDTH="81" HEIGHT="40" WC="0.96" CONTENT="ning"/><SP WIDTH="22" VPOS="748" HPOS="697"/>
							<String ID="string_97" HPOS="719" VPOS="750" WIDTH="99" HEIGHT="32" WC="0.96" CONTENT="måtte"/><SP WIDTH="23" VPOS="750" HPOS="818"/>
							<String ID="string_98" HPOS="841" VPOS="750" WIDTH="194" HEIGHT="34" WC="0.96" CONTENT="verkställas"/><SP WIDTH="22" VPOS="750" HPOS="1035"/>
							<String ID="string_99" HPOS="1057" VPOS="752" WIDTH="135" HEIGHT="33" WC="0.96" CONTENT="rörande"/><SP WIDTH="22" VPOS="752" HPOS="1192"/>
							<String ID="string_100" HPOS="1214" VPOS="752" WIDTH="54" HEIGHT="33" WC="0.92" CONTENT="det"/><SP WIDTH="22" VPOS="752" HPOS="1268"/>
							<String ID="string_101" HPOS="1290" VPOS="765" WIDTH="24" HEIGHT="20" WC="0.91" CONTENT="s."/><SP WIDTH="23" VPOS="765" HPOS="1314"/>
							<String ID="string_102" HPOS="1337" VPOS="752" WIDTH="32" HEIGHT="34" WC="0.91" CONTENT="k."/><SP WIDTH="23" VPOS="752" HPOS="1369"/>
							<String ID="string_103" HPOS="1392" VPOS="753" WIDTH="401" HEIGHT="41" WC="0.92" CONTENT="avbetalningssystemets"/>
						</TextLine>
						<TextLine ID="line_11" HPOS="613" VPOS="802" WIDTH="565" HEIGHT="41">
							<String ID="string_104" HPOS="613" VPOS="802" WIDTH="203" HEIGHT="40" WC="0.96" CONTENT="omfattning"/><SP WIDTH="23" VPOS="802" HPOS="816"/>
							<String ID="string_105" HPOS="839" VPOS="803" WIDTH="59" HEIGHT="33" WC="0.93" CONTENT="och"/><SP WIDTH="26" VPOS="803" HPOS="898"/>
							<String ID="string_106" HPOS="924" VPOS="804" WIDTH="254" HEIGHT="39" WC="0.91" CONTENT="verkningssätt."/>
						</TextLine>
					</TextBlock>
				</ComposedBlock>
				<ComposedBlock ID="cblock_3" HPOS="351" VPOS="907" WIDTH="566" HEIGHT="36">
					<TextBlock ID="block_5" HPOS="351" VPOS="907" WIDTH="566" HEIGHT="36">
						<TextLine ID="line_12" HPOS="351" VPOS="907" WIDTH="566" HEIGHT="36">
							<String ID="string_107" HPOS="351" VPOS="907" WIDTH="187" HEIGHT="33" WC="0.95" CONTENT="Stockholm"/><SP WIDTH="23" VPOS="907" HPOS="538"/>
							<String ID="string_108" HPOS="561" VPOS="909" WIDTH="60" HEIGHT="31" WC="0.96" CONTENT="den"/><SP WIDTH="24" VPOS="909" HPOS="621"/>
							<String ID="string_109" HPOS="645" VPOS="910" WIDTH="40" HEIGHT="31" WC="0.96" CONTENT="29"/><SP WIDTH="25" VPOS="910" HPOS="685"/>
							<String ID="string_110" HPOS="710" VPOS="921" WIDTH="86" HEIGHT="22" WC="0.96" CONTENT="mars"/><SP WIDTH="23" VPOS="921" HPOS="796"/>
							<String ID="string_111" HPOS="819" VPOS="911" WIDTH="98" HEIGHT="31" WC="0.96" CONTENT="1927."/>
						</TextLine>
					</TextBlock>
				</ComposedBlock>
				<ComposedBlock ID="cblock_4" HPOS="843" VPOS="1024" WIDTH="401" HEIGHT="106">
					<TextBlock ID="block_6" HPOS="843" VPOS="1024" WIDTH="401" HEIGHT="106">
						<TextLine ID="line_13" HPOS="843" VPOS="1024" WIDTH="401" HEIGHT="41">
							<String ID="string_112" HPOS="843" VPOS="1024" WIDTH="49" HEIGHT="34" WC="0.95" CONTENT="På"/><SP WIDTH="19" VPOS="1024" HPOS="892"/>
							<String ID="string_113" HPOS="911" VPOS="1025" WIDTH="173" HEIGHT="34" WC="0.96" CONTENT="utskottets"/><SP WIDTH="21" VPOS="1025" HPOS="1084"/>
							<String ID="string_114" HPOS="1105" VPOS="1031" WIDTH="139" HEIGHT="34" WC="0.95" CONTENT="vägnar:"/>
						</TextLine>
						<TextLine ID="line_14" HPOS="847" VPOS="1095" WIDTH="394" HEIGHT="35">
							<String ID="string_115" HPOS="847" VPOS="1095" WIDTH="121" HEIGHT="33" WC="0.92" CONTENT="ELOF"/><SP WIDTH="22" VPOS="1095" HPOS="968"/>
							<String ID="string_116" HPOS="990" VPOS="1096" WIDTH="251" HEIGHT="34" WC="0.94" CONTENT="LINDBERG."/>
						</TextLine>
					</TextBlock>
				</ComposedBlock>
				<ComposedBlock ID="cblock_5" HPOS="291" VPOS="1487" WIDTH="1492" HEIGHT="81">
					<TextBlock ID="block_7" HPOS="291" VPOS="1487" WIDTH="1492" HEIGHT="81">
						<TextLine ID="line_15" HPOS="338" VPOS="1487" WIDTH="1445" HEIGHT="41">
							<String ID="string_117" HPOS="338" VPOS="1487" WIDTH="205" HEIGHT="28" WC="0.96" CONTENT="Närvarande:"/><SP WIDTH="35" VPOS="1487" HPOS="543"/>
							<String ID="string_118" HPOS="578" VPOS="1488" WIDTH="101" HEIGHT="28" WC="0.95" CONTENT="herrar"/><SP WIDTH="32" VPOS="1488" HPOS="679"/>
							<String ID="string_119" HPOS="711" VPOS="1489" WIDTH="158" HEIGHT="34" WC="0.96" CONTENT="Lindberg,"/><SP WIDTH="35" VPOS="1489" HPOS="869"/>
							<String ID="string_120" HPOS="904" VPOS="1490" WIDTH="103" HEIGHT="34" WC="0.88" CONTENT="Schill,"/><SP WIDTH="34" VPOS="1490" HPOS="1007"/>
							<String ID="string_121" HPOS="1041" VPOS="1491" WIDTH="192" HEIGHT="34" WC="0.91" CONTENT="Lilliecreutz,"/><SP WIDTH="34" VPOS="1491" HPOS="1233"/>
							<String ID="string_122" HPOS="1267" VPOS="1492" WIDTH="140" HEIGHT="33" WC="0.96" CONTENT="Isacsson,"/><SP WIDTH="29" VPOS="1492" HPOS="1407"/>
							<String ID="string_123" HPOS="1436" VPOS="1492" WIDTH="162" HEIGHT="29" WC="0.96" CONTENT="Pettersson"/><SP WIDTH="22" VPOS="1492" HPOS="1598"/>
							<String ID="string_124" HPOS="1620" VPOS="1494" WIDTH="11" HEIGHT="26" WC="0.96" CONTENT="i"/><SP WIDTH="23" VPOS="1494" HPOS="1631"/>
							<String ID="string_125" HPOS="1654" VPOS="1494" WIDTH="129" HEIGHT="34" WC="0.96" CONTENT="Köping,"/>
						</TextLine>
						<TextLine ID="line_16" HPOS="291" VPOS="1528" WIDTH="1364" HEIGHT="40">
							<String ID="string_126" HPOS="291" VPOS="1528" WIDTH="108" HEIGHT="29" WC="0.57" CONTENT="Olsson"/><SP WIDTH="23" VPOS="1528" HPOS="399"/>
							<String ID="string_127" HPOS="422" VPOS="1530" WIDTH="10" HEIGHT="26" WC="0.95" CONTENT="i"/><SP WIDTH="23" VPOS="1530" HPOS="432"/>
							<String ID="string_128" HPOS="455" VPOS="1529" WIDTH="116" HEIGHT="35" WC="0.93" CONTENT="Högby,"/><SP WIDTH="25" VPOS="1529" HPOS="571"/>
							<String ID="string_129" HPOS="596" VPOS="1529" WIDTH="170" HEIGHT="35" WC="0.77" CONTENT="Morfeldt&quot;,"/><SP WIDTH="24" VPOS="1529" HPOS="766"/>
							<String ID="string_130" HPOS="790" VPOS="1532" WIDTH="113" HEIGHT="28" WC="0.95" CONTENT="Larson"/><SP WIDTH="22" VPOS="1532" HPOS="903"/>
							<String ID="string_131" HPOS="925" VPOS="1533" WIDTH="11" HEIGHT="26" WC="0.93" CONTENT="i"/><SP WIDTH="22" VPOS="1533" HPOS="936"/>
							<String ID="string_132" HPOS="958" VPOS="1532" WIDTH="161" HEIGHT="36" WC="0.92" CONTENT="Tönnersa,"/><SP WIDTH="24" VPOS="1532" HPOS="1119"/>
							<String ID="string_133" HPOS="1143" VPOS="1531" WIDTH="141" HEIGHT="30" WC="0.93" CONTENT="Persson&quot;"/><SP WIDTH="24" VPOS="1531" HPOS="1284"/>
							<String ID="string_134" HPOS="1308" VPOS="1534" WIDTH="10" HEIGHT="27" WC="0.93" CONTENT="i"/><SP WIDTH="23" VPOS="1534" HPOS="1318"/>
							<String ID="string_135" HPOS="1341" VPOS="1533" WIDTH="83" HEIGHT="28" WC="0.91" CONTENT="Falla"/><SP WIDTH="22" VPOS="1533" HPOS="1424"/>
							<String ID="string_136" HPOS="1446" VPOS="1533" WIDTH="55" HEIGHT="29" WC="0.92" CONTENT="och"/><SP WIDTH="24" VPOS="1533" HPOS="1501"/>
							<String ID="string_137" HPOS="1525" VPOS="1534" WIDTH="130" HEIGHT="34" WC="0.90" CONTENT="Mogård."/>
						</TextLine>
					</TextBlock>
				</ComposedBlock>
				<ComposedBlock ID="cblock_6" HPOS="340" VPOS="1604" WIDTH="505" HEIGHT="34">
					<TextBlock ID="block_8" HPOS="340" VPOS="1604" WIDTH="505" HEIGHT="34">
						<TextLine ID="line_17" HPOS="340" VPOS="1604" WIDTH="505" HEIGHT="34">
							<String ID="string_138" HPOS="340" VPOS="1607" WIDTH="13" HEIGHT="13" WC="0.96" CONTENT="+"/><SP WIDTH="20" VPOS="1607" HPOS="353"/>
							<String ID="string_139" HPOS="373" VPOS="1604" WIDTH="32" HEIGHT="32" WC="0.95" CONTENT="Ej"/><SP WIDTH="21" VPOS="1604" HPOS="405"/>
							<String ID="string_140" HPOS="426" VPOS="1605" WIDTH="165" HEIGHT="25" WC="0.96" CONTENT="närvarande"/><SP WIDTH="19" VPOS="1605" HPOS="591"/>
							<String ID="string_141" HPOS="610" VPOS="1606" WIDTH="45" HEIGHT="24" WC="0.96" CONTENT="vid"/><SP WIDTH="17" VPOS="1606" HPOS="655"/>
							<String ID="string_142" HPOS="672" VPOS="1607" WIDTH="173" HEIGHT="31" WC="0.96" CONTENT="justeringen."/>
						</TextLine>
					</TextBlock>
				</ComposedBlock>
				<ComposedBlock ID="cblock_7" HPOS="608" VPOS="2447" WIDTH="852" HEIGHT="58">
					<TextBlock ID="block_9" HPOS="608" VPOS="2447" WIDTH="852" HEIGHT="58">
						<TextLine ID="line_18" HPOS="608" VPOS="2447" WIDTH="852" HEIGHT="27">
							<String ID="string_143" HPOS="608" VPOS="2447" WIDTH="139" HEIGHT="21" WC="0.94" CONTENT="Stockholm"/><SP WIDTH="16" VPOS="2447" HPOS="747"/>
							<String ID="string_144" HPOS="763" VPOS="2448" WIDTH="58" HEIGHT="21" WC="0.85" CONTENT="1927."/><SP WIDTH="22" VPOS="2448" HPOS="821"/>
							<String ID="string_145" HPOS="843" VPOS="2448" WIDTH="89" HEIGHT="25" WC="0.93" CONTENT="Kungl."/><SP WIDTH="12" VPOS="2448" HPOS="932"/>
							<String ID="string_146" HPOS="944" VPOS="2449" WIDTH="232" HEIGHT="25" WC="0.91" CONTENT="Hovboktryckeriet"/><SP WIDTH="13" VPOS="2449" HPOS="1176"/>
							<String ID="string_147" HPOS="1189" VPOS="2449" WIDTH="75" HEIGHT="20" WC="0.93" CONTENT="Iduns"/><SP WIDTH="10" VPOS="2449" HPOS="1264"/>
							<String ID="string_148" HPOS="1274" VPOS="2450" WIDTH="186" HEIGHT="24" WC="0.85" CONTENT="Tryckeri-A.-B."/>
						</TextLine>
						<TextLine ID="line_19" HPOS="996" VPOS="2486" WIDTH="79" HEIGHT="19">
							<String ID="string_149" HPOS="996" VPOS="2486" WIDTH="79" HEIGHT="19" WC="0.81" CONTENT="276311"/>
						</TextLine>
					</TextBlock>
				</ComposedBlock>
			</PrintSpace>
		</Page>
	</Layout>
</alto>
