1942 2810
350 157 62 31 108
690 155 396 33 Jordbruksutskottets
1114 153 189 33 utlåtande
1331 153 51 32 Nr
1405 153 28 30 1.

117 232 133 46 Utskottet.
349 234 174 32 Utskottet
555 234 113 30 finner
701 233 75 31 icke
809 233 107 36 något
937 233 52 30 att
1010 232 115 31 erinra
1148 232 81 34 mot,
1252 231 52 31 att
1327 230 190 37 utgifterna
1540 229 56 31 till
1619 228 188 38 högskolan

305 287 168 31 beräknas
496 287 44 36 på
562 288 67 30 sätt
652 284 366 38 departementschefen
1042 283 179 38 tillstyrkt.

347 339 79 32 Med
460 338 220 37 iakttagande
715 338 109 31 härav
858 337 112 31 skulle
1004 338 111 30 staten
1139 336 53 31 för
1215 335 187 36 högskolan
1427 335 133 31 erhålla
1583 334 151 37 följande
1758 335 49 29 ut-

305 391 131 31 seende:

1008 475 100 31 Stat.

304 539 219 37 Avlöningar
546 539 55 31 till
625 538 172 32 ordinarie
820 538 222 37 tjänstemän,
1066 536 278 37 förslagsanslag
1360 559 123 6 ............
1511 535 126 30 kronor
1681 533 118 38 78,500

305 592 423 36 WVikariatsersättningar,
751 591 277 37 förslagsanslal
1055 613 429 5 =:.-:.ssseessesssiovssssasssssvsssee
1567 599 13 16 »
1704 587 95 36 1,500

305 645 162 31 Arvoden
501 645 56 30 till
592 645 124 35 rektor,
752 644 95 36 1,500
882 644 135 34 kronor,
1041 652 43 21 en
1116 642 251 34 överassistent,
1391 640 95 36 7,500

350 697 136 35 kronor,
509 696 63 31 och
595 706 43 21 en
660 696 207 35 kamrerare,
892 695 95 35 4,800
1011 695 127 29 kronor
1161 691 18 45 =
1198 715 287 6 sesesseseeresersa
1568 702 13 16 »
1683 690 118 35 13,800

306 749 218 36 Avlöningar
547 748 57 31 till
632 747 261 31 icke-ordinarie
915 745 340 37 befattningshavare
1277 754 46 21 m.
1340 753 45 21 m.
1406 768 80 4 ........
1569 754 14 17 »
1683 742 117 36 22,000

307 799 128 39 Övriga
457 801 145 36 Utglftör'
620 820 868 9 ........—.om=wsumsnme
946 791 148 51 ONT
1179 820 309 9 VN
1570 807 13 17 >»
1619 788 22 50 —
1663 794 137 37 107,000

1198 841 298 54 Förslagsanslag
1516 841 124 47 kronor
1663 836 149 67 222,800.

352 966 79 32 Med
463 966 173 31 förmälan
663 967 52 29 att
738 965 166 31 utskottet
927 964 109 31 under
1059 962 230 37 nästföljande
1311 962 112 36 punkt
1446 963 61 34 gör
1530 960 207 32 hemställan
1760 969 55 21 om

309 1019 213 38 uppförande
555 1029 46 21 av
635 1018 55 32 det
724 1017 190 36 tillstyrkta
948 1018 97 30 extra
1071 1015 156 36 anslaget
1249 1014 57 31 till
1329 1014 133 31 diverse
1486 1013 108 31 behov
1619 1012 61 31 vid
1702 1012 115 36 skogs-

309 1072 189 37 högskolan
522 1071 199 31 hemställer
744 1070 165 31 utskottet
931 1079 58 26 nu,

754 1159 50 29 att
826 1157 184 36 riksdagen
1034 1156 58 30 må

755 1211 31 36 a)
819 1208 180 37 godkänna
1026 1217 90 21 ovan
1139 1207 145 35 intagna
1307 1205 130 35 förslag
1460 1204 56 31 till
1539 1205 68 30 stat
1630 1204 52 30 för
1705 1204 112 35 skogs-

712 1261 199 37 högskolan,
941 1261 52 30 att
1020 1259 175 36 tillämpas
1221 1258 79 31 från
1324 1257 61 31 och
1408 1256 77 31 med
1507 1256 205 36 budgetåret
1733 1255 83 31 1927

712 1314 146 35 -—1928;

756 1366 34 36 b)
822 1365 59 31 vid
915 1364 99 31 bifall
1049 1363 121 31 härtill
1204 1362 81 36 höja
1312 1360 174 32 ordinarie
1517 1359 302 37 förslagsanslaget

713 1418 56 31 till
792 1416 301 37 skogshögskolan,
1116 1425 48 20 nu
1181 1414 139 36 221,600
1337 1413 136 35 kronor,
1490 1412 75 31 med
1583 1412 94 35 1,200
1695 1411 126 30 kronor

713 1470 55 32 till
792 1470 139 36 222,800
954 1469 134 30 kronor.

93 1604 105 38 Diverse
224 1603 75 41 behov
361 1596 108 36 111:0)
517 1593 150 32 Diverse
701 1592 110 32 behov
846 1591 59 33 vid
940 1589 316 41 skogshögskolan.
1290 1588 117 32 Under
1440 1586 210 37 åberopande
1679 1596 44 21 av
1754 1586 67 31 vad

92 1638 45 23 vid
161 1634 137 65 skogshög-
317 1647 110 31 under
460 1645 281 37 nästföregående
775 1645 111 35 punkt
919 1643 133 31 anförts
1086 1642 63 31 och
1173 1642 12 30 i
1208 1639 337 33 överensstämmelse
1579 1638 78 31 med
1689 1638 130 36 Kungl.

145 1707 104 38 [110.]
317 1698 118 37 Maj:ts
458 1698 108 31 under
588 1697 113 36 punkt
723 1697 63 31 110
810 1695 120 37 gjorda
952 1694 258 35 framställning
1233 1692 198 31 hemställer
1453 1691 173 34 utskottet,

760 1775 51 31 att
834 1773 181 37 riksdagen
1039 1773 57 30 må
1111 1772 56 31 till
1182 1771 134 32 diverse
1331 1770 109 31 behov
1456 1769 61 31 vid
1533 1768 290 37 skogshögskolan

717 1828 122 31 anvisa
862 1827 53 31 för
937 1826 202 36 budgetåret
1162 1824 84 31 1927
1262 1842 16 2 -
1293 1823 85 31 1928
1401 1824 48 29 ett
1469 1823 98 30 extra
1584 1821 240 31 reservations-

718 1880 120 35 anslag
862 1889 44 20 av
930 1878 116 36 39,500
1071 1878 135 30 kronor.

96 2013 105 23 Diverse
227 2011 76 22 behov
365 2006 106 37 112:0)
516 2003 146 32 Diverse
697 2001 112 33 behov
843 2000 57 32 vid
935 1999 142 33 statens
1111 1994 399 43 skogsförsöksanstalt.
1564 1994 119 32 Under
1715 1993 111 37 punkt

108 2044 185 74 kogeförelikes
321 2059 62 31 111
408 2057 63 31 har
494 2056 131 37 Kungl.
651 2055 99 36 Maj:t
773 2053 176 36 föreslagit
973 2051 185 36 riksdagen
1181 2051 51 30 att
1253 2049 57 31 till
1333 2048 133 31 diverse
1488 2047 108 31 behov
1622 2046 61 31 vid
1699 2047 127 30 statens

149 2117 106 25 anstalt.
294 2097 14 53 —
319 2108 365 38 skogsförsöksanstalt
710 2107 123 31 anvisa
856 2106 54 30 för
934 2104 201 37 budgetåret
1158 2101 215 32 1927—1928
1397 2102 48 29 ett
1467 2101 97 29 extra
1588 2098 238 31 reservations-

148 2153 102 40 [111.]
319 2163 120 35 anslag
462 2171 44 21 av
531 2161 116 36 52,000
672 2160 134 30 kronor.

363 2214 119 33 Under
512 2223 43 21 en
587 2212 88 37 följd
706 2222 44 21 av
782 2212 38 29 år
854 2210 62 31 har
939 2209 184 35 riksdagen
1147 2207 56 31 till
1226 2204 250 38 uppehållande
1500 2214 44 20 av
1567 2203 259 31 verksamheten

321 2267 59 31 vid
403 2268 127 29 statens
553 2263 365 38 skogsförsöksanstalt
940 2263 122 29 utöver
1084 2259 172 32 ordinarie
1278 2258 154 35 anslaget
1450 2275 39 3 —
1508 2256 110 31 vilket
1634 2265 43 21 av
1695 2255 131 35 Kungl.

321 2319 100 36 Maj:t
443 2319 12 30 i
478 2318 164 35 förslaget
665 2316 56 31 till
745 2316 141 31 riksstat
909 2314 54 30 för
986 2313 199 35 budgetåret
1208 2309 215 33 1927—1928
1447 2308 177 36 upptagits
1648 2307 76 31 med
1739 2306 86 31 oför-

322 2370 123 32 ändrat
467 2370 120 35 belopp
609 2379 44 21 av
679 2367 139 36 153,700
842 2367 126 30 kronor
992 2383 39 3 —
1055 2363 132 37 jämväl
1210 2362 138 31 anvisat
1373 2361 90 30 vissa
1486 2361 98 30 extra
1601 2359 129 35 anslag.
1770 2358 58 31 Så-

322 2422 105 32 lunda
454 2421 93 32 hava
569 2420 55 31 för
646 2419 201 37 budgetåret
870 2416 215 33 1926—1927
1108 2415 155 32 anvisats
1286 2412 169 32 särskilda
1479 2410 348 36 reservationsanslag

367 2475 74 32 dels
464 2474 54 31 för
541 2473 133 31 diverse
696 2472 109 31 behov
829 2471 59 31 vid
904 2469 171 32 anstalten
1100 2467 75 32 med
1200 2467 117 36 46,900
1340 2466 137 34 kronor,
