1926 2822
71 667 119 25 Maskin-
209 668 44 22 och

64 703 197 29 redskapsprov:

73 737 176 31 ningsanstal-

58 775 75 22 terna
152 772 45 23 vid
220 771 42 24 Ul-

100 810 66 21 tuna
184 808 45 23 och

107 843 110 30 Alnarp.

125 880 72 42 [70.]

105 2232 135 24 Utskottet.

322 162 40 30 50
669 161 396 32 Jordbruksutskottets
1092 159 188 32 utlåtande
1308 159 51 32 Nr
1383 160 28 30 1.

321 239 173 32 Utskottet
516 238 207 36 hemställer,

720 326 52 30 att
794 324 182 36 riksdagen
999 324 57 30 må
1079 323 124 31 liksom
1226 323 54 31 för
1298 323 232 31 innevarande
1546 323 167 37 budgetår
1728 324 55 32 till

678 377 164 31 täckande
866 387 46 20 av
934 376 191 36 utgifterna
1149 375 54 31 för
1226 377 126 29 statens
1376 375 159 37 lagerhus
1558 377 63 30 och
1644 377 141 36 fryshus

678 430 123 30 anvisa
840 429 53 31 för
927 428 203 35 budgetåret
1164 428 216 31 1927--1928
1414 429 50 29 ett
1495 429 96 30 extra
1626 429 159 36 förslags-

679 481 120 36 anslag
834 491 45 20 av
903 480 116 36 90,000
1043 480 135 35 kronor,
1202 480 53 30 att
1281 480 83 35 utgå
1388 480 12 29 i
1424 479 104 31 första
1551 480 91 31 hand
1665 491 46 20 av
1734 481 53 30 in-

680 534 148 30 komster
852 543 44 20 av
919 533 127 30 statens
1071 531 161 36 lagerhus
1256 531 61 31 och
1343 531 146 37 fryshus.

324 666 84 36 70:0)
454 663 156 32 Maskin-
634 663 65 32 och
717 660 596 43 redskapsprovningsanstalterna
1329 660 59 32 vid
1404 660 139 32 Ultuna
1558 661 66 31 och
1640 660 147 43 Alnarp.

281 717 118 32 Under
422 717 110 36 punkt
560 717 40 30 70
624 716 64 30 har
711 715 132 35 Kungl.
868 714 101 36 Maj:t
992 713 178 36 föreslagit
1193 713 183 36 riksdagen
1398 714 52 30 att
1471 714 58 30 till
1552 713 148 31 maskin-
1723 714 62 30 och

282 767 561 38 redskapsprovningsanstalterna
876 766 60 31 vid
963 765 134 32 Ultuna
1120 764 62 31 och
1205 764 135 37 Alnarp
1362 765 123 31 anvisa
1509 765 53 31 för
1584 765 203 37 budgetåret

282 821 214 33 1927—1928
520 822 48 29 ett
590 821 97 30 extra
710 819 120 36 anslag
853 829 44 20 av
922 818 115 36 54,600
1062 817 134 31 kronor.

326 874 69 30 Till
418 873 150 31 maskin-
591 872 62 31 och
677 870 563 37 redskapsprovningsanstalterna
1260 870 61 30 vid
1338 869 132 32 Ultuna
1491 870 62 31 och
1575 870 135 36 Alnarp
1720 870 68 31 har

283 926 183 35 riksdagen
482 925 78 30 från
572 925 62 30 och
646 924 78 30 med
736 924 83 30 1908
832 923 133 35 årligen
977 922 139 30 anvisat
1128 921 119 31 medel.
1276 921 67 30 För
1355 921 202 36 budgetåret
1570 922 216 30 1926—1927

282 978 63 31 har
368 978 54 30 för
444 977 197 31 ändamålet
663 976 154 30 anvisats
840 976 47 29 ett
909 976 96 29 extra
1028 974 121 35 anslag
1171 983 45 20 av
1241 973 117 35 47,000
1382 973 136 36 kronor,
1539 974 171 35 varjämte
1734 974 56 31 för

283 1039 133 22 samma
439 1029 166 36 budgetår
620 1028 161 35 beviljats
797 1028 48 30 ett
861 1026 139 31 särskilt
1012 1027 97 29 extra
1121 1025 118 36 anslag
1251 1026 22 29 å
1285 1025 96 35 2,400
1395 1025 124 31 kronor
1531 1025 56 31 till
1599 1026 191 35 personligt

283 1081 234 36 ålderstillägg
550 1082 36 29 åt
617 1080 91 30 vissa
740 1078 341 36 befattningshavare
1105 1077 59 31 vid
1188 1075 266 38 ifrågavarande
1481 1078 176 30 anstalter.
1704 1077 84 32 Sist-

283 1134 151 31 nämnda
467 1133 120 35 anslag
620 1141 100 21 avser
743 1131 237 35 ålderstillägg
1006 1130 53 31 för
1082 1130 94 31 tiden
1200 1130 18 30 1
1243 1129 138 36 januari
1404 1129 172 31 1926—30
1599 1130 79 36 juni
1702 1130 85 31 1927

283 1188 36 29 åt
342 1184 256 32 föreståndaren
622 1184 53 31 för
698 1183 212 31 anstalterna
933 1181 248 32 Karl-Fredrik
1204 1180 153 32 Theodor
1379 1181 186 31 Adelsköld
1585 1183 90 29 samt
1694 1183 96 29 över-

283 1239 242 31 assistenterna
551 1236 174 32 därstädes
749 1235 122 32 Gustaf
894 1235 143 31 Werner
1060 1234 194 32 Johansson
1276 1233 63 31 och
1363 1233 124 31 Gustaf
1509 1233 108 31 Albin
1639 1233 150 37 Nilsson,

284 1292 167 31 beräknat
484 1291 52 31 för
571 1288 253 32 föreståndaren
858 1288 85 31 efter
977 1288 62 30 600
1075 1287 125 31 kronor
1234 1286 53 31 för
1321 1287 39 30 år
1387 1286 63 31 och
1474 1286 52 32 för
1549 1297 108 21 envar
1679 1296 45 21 av
1748 1287 42 31 de

285 1344 89 31 båda
397 1343 323 31 överassistenterna
742 1342 84 30 efter
851 1341 61 30 500
936 1341 126 30 kronor
1085 1339 55 31 för
1162 1340 48 30 år.

329 1448 118 31 Staten
481 1447 53 31 för
568 1445 399 37 provningsanstalterna
999 1443 53 30 för
1086 1442 202 36 budgetåret
1322 1442 227 35 1927—1928,
1582 1442 105 31 sådan
1711 1442 80 31 den-

285 1510 133 22 samma
444 1510 45 20 av
513 1497 368 38 departementschefen
904 1496 192 35 beräknats,
1120 1495 110 30 slutar
1252 1495 22 30 å
1296 1494 117 36 62,000
1438 1494 125 31 kronor
1586 1494 84 31 eller
1693 1494 96 37 6,000

286 1554 125 30 kronor
433 1552 105 35 högre
561 1551 119 35 belopp
702 1552 45 28 än
771 1549 65 31 den
859 1559 45 20 av
927 1548 131 36 Kungl.
1083 1547 101 36 Maj:t
1206 1547 52 30 för
1281 1546 233 31 innevarande
1531 1546 164 37 budgetår
1712 1547 79 31 fast-

287 1605 122 31 ställda
444 1606 119 29 staten.
609 1601 181 37 Ökningen
823 1601 124 31 hänför
981 1601 53 35 sig
1068 1599 56 31 till
1159 1600 116 35 posten
1301 1599 191 35 ersättning
1515 1599 54 30 för
1591 1599 114 31 arbete
1728 1599 62 31 och

287 1657 63 30 har
373 1667 44 20 av
440 1656 228 30 anstalternas
691 1654 141 36 styrelse
854 1653 200 30 motiverats
1078 1651 76 30 med
1178 1651 142 30 behovet
1340 1661 45 20 av
1402 1650 149 36 tillgång
1567 1651 55 30 till
1638 1651 155 30 tekniskt

288 1708 118 31 skolad
439 1706 207 31 arbetskraft
668 1706 13 30 i
704 1705 97 36 långt
835 1706 106 29 större
975 1702 251 36 utsträckning,
1258 1704 46 28 än
1326 1711 73 21 som
1421 1701 115 31 kunde
1559 1703 164 34 presteras
1745 1712 46 20 av

287 1758 420 39 prövningsnämndernas
730 1757 157 31 tekniska
911 1755 196 32 ledamöter.

332 1813 17 30 I
380 1812 188 31 inkomster
592 1829 39 3 —
655 1812 122 29 utöver
810 1808 207 35 statsbidrag
1042 1825 38 3 —
1105 1807 64 30 har
1203 1806 181 31 beräknats
1419 1806 94 35 9,000
1546 1806 133 31 kronor.
1726 1806 65 31 Det

288 1865 221 36 erforderliga
532 1862 243 36 statsbidraget
797 1861 111 31 skulle
931 1859 143 32 sålunda
1097 1860 114 35 uppgå
1234 1859 55 30 till
1314 1858 117 36 53,000
1454 1858 135 31 kronor.

333 1917 196 30 Härutöver
567 1915 167 31 beräknas
772 1914 95 35 1,600
902 1913 126 30 kronor
1061 1912 53 30 för
1148 1911 187 35 personligt
1369 1910 236 36 ålderstillägg
1637 1911 36 30 åt
1707 1911 88 31 före-

290 1968 149 32 nämnda
464 1966 336 36 befattningshavare
823 1965 60 30 vid
905 1964 224 35 anstalterna,
1154 1963 109 30 vilket
1282 1962 121 35 belopp
1423 1962 367 35 departementschefen

289 2022 122 34 ansett,
446 2020 54 31 för
533 2018 173 32 vinnande
740 2028 44 20 av
820 2016 196 36 förenkling
1051 2026 44 20 av
1128 2014 124 31 nionde
1283 2014 239 31 huvudtitelns
1543 2014 249 37 uppställning,

291 2073 188 35 lämpligen
512 2072 118 30 kunna
664 2071 83 35 ingå
770 2071 12 29 i
805 2069 56 31 det
895 2069 51 30 för
971 2068 228 31 anstalternas
1222 2066 217 31 verksamhet
1466 2066 147 31 avsedda
1636 2067 157 35 anslaget

291 2125 61 30 och
375 2123 143 32 sålunda
541 2124 73 30 icke
638 2122 117 31 vidare
778 2122 83 30 böra
884 2121 139 30 anvisas
1047 2120 109 30 såsom
1179 2118 139 31 särskilt
1341 2118 288 36 riksstatsanslag.

335 2229 18 30 I
391 2228 108 31 likhet
533 2226 76 32 med
643 2224 371 38 departementschefen
1048 2224 111 30 finner
1193 2223 164 30 utskottet
1391 2222 65 31 den
1480 2222 233 37 förstärkning
1748 2233 46 21 av

293 2281 133 32 teknisk
459 2279 218 37 sakkunskap
704 2279 60 31 vid
786 2278 221 35 anstalterna,
1031 2286 72 21 som
1127 2284 122 28 genom
1271 2275 106 36 sagda
1399 2275 252 36 utgiftsökning
1675 2278 39 28 är
1736 2286 60 20 av-

293 2334 81 30 sedd
401 2335 49 29 att
475 2333 133 35 vinnas,
632 2333 36 29 så
691 2330 237 37 betydelsefull
953 2330 53 30 för
1029 2329 64 31 den
1118 2328 58 31 vid
1199 2328 211 30 anstalterna
1433 2327 167 31 bedrivna
1623 2328 171 31 verksam-

295 2387 116 30 hetens
432 2385 218 35 effektivitet,
674 2385 51 29 att
748 2384 164 30 utskottet
934 2382 75 30 icke
1031 2383 113 29 ansett
1167 2381 52 35 sig
1243 2380 82 31 böra
1341 2381 160 29 motsätta
1517 2380 52 36 sig
1586 2380 209 30 densamma.

337 2438 53 30 Då
422 2437 371 36 anslagsberäkningen
827 2436 31 35 ej
893 2434 107 31 heller
1023 2435 12 30 i
1059 2434 115 35 övrigt
1208 2433 89 36 givit
1329 2432 164 30 utskottet
1526 2432 187 35 anledning
1737 2432 56 30 till

294 2490 148 35 erinran,
466 2488 194 32 hemställer
683 2488 174 35 utskottet,
