1938 2810
103 2110 137 25 Utskottet,

343 164 62 29 112
705 162 396 31 Jordbruksutskottets
1127 162 189 32 utlåtande
1344 163 52 31 Nr
1420 164 27 29 1.

299 241 155 32 anvisad.
501 240 131 32 Härtill
667 240 154 31 kommer
853 249 48 22 nu
935 240 143 31 behovet
1106 240 50 31 för
1185 240 264 36 ifrågavarande
1478 240 255 37 skogspersonal
1756 251 45 21 av

301 294 126 36 vidgad
451 293 198 36 utbildning
673 293 94 31 inom
790 293 167 31 särskilda
981 303 124 25 grenar
1127 303 45 21 av
1188 293 378 36 skogshushållningen,
1583 293 218 31 medförande

298 347 88 30 ökad
421 346 177 36 möjlighet
631 347 52 29 att
717 345 84 36 följa
832 345 65 30 den
929 345 198 36 fortgående
1156 345 251 35 utvecklingen.
1454 345 128 31 Genom
1613 345 186 36 föreslagen

299 399 223 35 omläggning
555 407 46 21 av
630 397 292 36 undervisningen
950 397 176 30 förväntas
1153 399 87 29 även
1268 406 41 21 en
1337 397 159 35 livligare
1519 397 202 36 anslutning
1744 397 55 30 till

299 446 129 45 skolan.
1461 477 2 3 .

343 503 64 30 Det
440 502 147 32 sålunda
620 501 216 31 framställda
869 502 211 31 önskemålet
1108 511 98 28 synes
1229 502 138 31 ansluta
1390 502 52 36 sig
1466 502 56 31 till
1546 502 56 31 det
1625 502 108 31 behov
1756 512 45 20 av

299 555 333 36 specialutbildning,
667 564 71 20 som
772 564 144 20 numera
950 556 61 33 gör
1044 555 52 35 sig
1128 555 160 35 gällande
1311 555 93 29 inom
1427 556 126 34 många
1576 555 118 36 yrken.
1741 554 60 31 Ett

298 606 264 37 tillgodoseende
584 606 119 35 härav,
727 607 36 29 så
786 606 67 30 vitt
875 606 108 35 angår
1007 606 264 35 ifrågavarande
1294 605 12 30 i
1323 607 125 29 statens
1469 606 61 30 och
1546 606 132 30 enskild
1693 606 108 35 tjänst

298 658 181 32 arbetande
511 658 166 37 personal,
711 667 98 21 anser
843 657 58 37 jag
925 658 57 31 väl
1006 658 190 31 motiverat.
1242 658 171 32 Uteslutet
1436 658 94 31 torde
1554 658 12 30 i
1588 658 116 36 övrigt
1728 658 73 31 icke

299 722 95 26 vara,
429 712 49 30 att
512 711 201 37 därigenom
747 712 48 30 ett
823 712 105 30 större
951 711 141 30 intresse
1116 711 53 30 för
1193 711 135 31 fortsatt
1351 711 196 37 utbildning
1572 711 68 31 kan
1663 711 137 31 komma

299 766 52 30 att
374 766 82 35 göra
478 764 51 36 sig
554 764 171 36 gällande,
748 766 89 28 även
860 773 53 21 om
936 763 256 36 huvudsakliga
1214 763 231 36 anledningen
1468 764 56 30 till
1540 764 200 35 nedgången
1756 774 42 20 av

298 816 204 32 elevantalet
525 816 60 31 vid
609 815 202 31 nuvarande
835 816 335 34 fortsättningsskola
1192 815 94 31 torde
1309 826 85 20 vara
1416 817 52 29 att
1491 816 82 30 söka
1595 816 13 30 i
1631 815 40 31 de
1693 816 108 30 under

298 877 116 21 senare
446 868 38 30 år
519 867 148 31 rådande
702 867 295 35 konjunkturerna
1031 868 42 34 på
1105 867 364 30 trävarumarknaden.
1515 867 18 30 I
1556 869 244 29 överensstäm-

300 920 101 31 melse
435 919 76 31 med
545 919 67 31 vad
646 919 80 30 från
761 919 91 30 olika
886 919 73 31 håll
993 919 203 36 föreslagits,
1224 928 98 27 synes
1345 919 198 36 emellertid,
1568 919 53 30 för
1644 919 156 36 tillgodo-

298 972 117 31 seende
449 982 44 20 av
528 971 55 31 det
617 970 167 32 särskilda
811 971 161 31 ändamål
996 971 40 31 de
1059 971 198 31 nuvarande
1279 971 166 31 kurserna
1468 971 107 36 tjäna,
1599 972 96 30 dessa
1719 971 80 31 böra

296 1024 188 31 bibehållas
507 1025 111 29 såsom
641 1023 235 31 alternerande
899 1023 76 31 med
998 1024 255 35 specialkurser.

340 1077 102 30 Emot
474 1076 215 31 sistnämnda
727 1076 128 35 kurser,
890 1075 126 31 sådana
1050 1076 40 30 de
1117 1076 173 36 planerats
1312 1087 44 19 av
1380 1076 302 37 domänstyrelsen,
1705 1076 94 31 torde

297 1129 199 35 visserligen
531 1128 119 31 kunna
684 1130 98 34 göras
817 1128 90 30 vissa
941 1128 204 36 erinringar,
1178 1129 111 30 såsom
1322 1130 51 29 att
1405 1129 53 30 för
1481 1128 75 36 den,
1580 1138 71 21 som
1674 1129 125 31 önskar

296 1182 167 36 genomgå
501 1181 83 30 flera
618 1180 121 37 dylika
772 1180 128 36 kurser,
935 1190 43 21 en
1011 1181 212 36 upprepning
1257 1191 45 21 av
1336 1181 293 36 undervisningen
1661 1181 12 31 i
1707 1181 92 31 vissa

296 1233 284 37 grundläggande
613 1235 126 29 ämnen
769 1233 95 31 torde
898 1243 84 21 vara
1005 1235 80 29 svår
1107 1235 50 29 att
1180 1234 164 31 undvika.
1390 1234 69 36 Jag
1482 1244 100 21 anser
1605 1234 71 36 mig
1700 1234 99 31 emel-

296 1286 99 31 lertid
430 1287 118 30 kunna
581 1286 184 36 tillstyrka,
799 1287 50 29 att
876 1286 12 30 i
921 1286 232 36 huvudsaklig
1186 1286 334 31 överensstämmelse
1553 1286 75 31 med
1662 1286 137 31 domän-

297 1339 180 36 styrelsens
510 1338 138 36 förslag,
683 1338 132 35 jämväl
839 1338 67 30 vad
929 1338 92 31 detta
1043 1348 99 20 avser
1165 1338 310 36 undervisningens
1497 1339 55 30 art
1575 1339 61 30 och
1664 1339 134 30 omfatt-

295 1391 84 35 ning
415 1390 58 31 vid
507 1390 301 36 specialkurserna,
844 1390 354 36 kompetensfordring
1233 1390 51 31 för
1312 1390 134 31 inträde
1474 1390 60 31 vid
1557 1390 95 31 dessa
1674 1400 45 21 m.
1740 1400 57 26 m.,

294 1442 250 36 undervisning
572 1441 186 31 försöksvis
780 1442 171 31 anordnas
975 1442 58 31 vid
1056 1442 264 36 ifrågavarande
1343 1442 105 37 skola,
1483 1443 148 30 varefter
1654 1442 145 31 erfaren-

295 1495 100 31 heten
418 1497 158 28 närmare
604 1494 55 30 får
681 1496 128 34 avgöra
831 1495 244 35 lämpligheten
1099 1505 44 20 av
1166 1495 63 30 den
1253 1505 68 26 nya
1336 1495 208 35 ordningens
1561 1495 238 31 fastställande

295 1547 12 30 i
331 1546 234 36 föreliggande
589 1546 83 30 eller
694 1546 184 31 förändrad
902 1546 98 31 form.

340 1598 315 36 Domänstyrelsens
688 1598 329 36 anslagsberäkning
1049 1598 52 30 för
1134 1598 232 31 instundande
1398 1598 175 36 budgetår,
1597 1608 73 21 som
1693 1599 104 31 förut-

298 1651 115 35 sätter,
448 1651 50 29 att
533 1650 243 36 specialkurser
809 1649 168 31 anordnas
1011 1649 76 31 med
1121 1650 121 36 början
1278 1650 64 31 den
1377 1652 17 29 1
1419 1651 139 30 oktober
1582 1650 94 37 1927,
1700 1660 97 28 synes

295 1703 72 35 mig
399 1702 118 31 kunna
548 1702 175 36 godtagas.
768 1702 94 31 Dock
885 1702 94 31 torde
1002 1702 155 36 anslaget
1180 1703 55 30 till
1258 1703 121 36 övriga
1403 1703 142 37 utgifter
1568 1703 128 36 kunna,
1720 1703 77 32 med

295 1755 134 36 hänsyn
463 1755 55 30 till
552 1756 21 29 å
606 1755 153 36 anslaget
793 1755 228 35 uppkommen
1056 1755 200 36 behållning
1289 1766 45 20 av
1358 1756 159 35 omkring
1542 1756 94 35 1,750
1660 1756 136 35 kronor,

294 1807 183 36 begränsas
499 1807 56 30 till
580 1807 95 35 5,100
699 1807 134 30 kronor.

340 1859 219 30 Beträffande
581 1859 156 35 anslaget
760 1859 55 30 till
839 1859 257 36 dyrtidstillägg
1120 1859 64 30 vill
1207 1859 56 36 jag
1280 1860 11 29 i
1307 1860 115 35 övrigt
1437 1860 145 35 åberopa
1599 1859 65 31 vad
1680 1859 116 31 chefen

295 1911 53 30 för
382 1911 376 36 finansdepartementet
792 1911 58 31 vid
885 1912 162 30 anmälan
1079 1912 92 30 förut
1194 1911 110 31 denna
1327 1911 66 36 dag
1416 1921 43 21 av
1483 1911 53 31 för
1560 1912 81 30 flera
1664 1911 132 32 huvud-

296 1964 94 30 titlar
413 1973 249 26 gemensamma
686 1963 117 37 frågor
837 1965 107 35 yttrat
977 1963 144 32 rörande
1154 1963 128 32 sådana
1316 1964 123 36 tillägg
1467 1964 107 31 under
1597 1964 200 36 budgetåret

293 2016 214 31 1927—1928
531 2017 37 30 åt
590 2016 336 36 befattningshavare
951 2017 12 30 i
986 2017 127 30 statens
1135 2016 135 36 tjänst.»

335 2119 180 32 Utskottet
549 2120 126 30 finner:
697 2120 77 31 med
807 2120 138 36 hänsyn
976 2120 58 31 till
1070 2120 67 31 vad
1167 2120 11 30 i
1206 2120 141 31 ärendet
1376 2120 214 31 framhållits
1619 2121 176 36 lämpligt,

293 2173 51 30 att
368 2171 303 37 undervisningen
694 2172 62 31 vid
779 2172 123 32 skolan
926 2172 192 31 försöksvis
1142 2172 174 31 anordnas
1340 2172 12 31 i
1376 2172 238 37 huvudsaklig
1637 2174 158 30 överens-

295 2224 198 31 stämmelse
516 2224 78 31 med
618 2223 57 32 det
699 2224 199 37 framlagda
921 2224 179 36 förslaget.

335 2276 121 31 Under
484 2275 218 37 hänvisning
731 2276 217 31 beträffande
976 2276 57 31 det
1057 2277 57 30 till
1139 2276 265 37 dyrtidstillägg
1430 2278 180 34 upptagna
1633 2276 161 36 anslaget

294 2328 57 30 till
374 2327 68 32 vad
471 2328 169 31 utskottet
668 2328 112 31 under
803 2328 288 36 nästföregående
1114 2329 114 35 punkt
1251 2329 118 30 anfört
1392 2328 202 31 hemställer
1614 2328 180 35 utskottet,

733 2432 52 30 att
820 2431 187 36 riksdagen
1039 2432 57 30 må
1124 2432 53 30 för
1201 2431 208 37 budgetåret
1432 2432 212 30 1927—1928
1668 2431 126 31 anvisa

735 2480 31 36 1)
798 2483 57 31 till
888 2483 199 36 ersättning
1111 2483 57 31 till
1193 2485 132 29 statens
1349 2483 183 31 domäners
1556 2483 84 31 fond
1664 2483 54 30 för
1740 2484 53 30 ut-
