1944 2812
528 150 397 34 Jordbruksutskottets
952 152 187 34 utlåtande
1167 154 51 32 Nr
1244 156 26 29 1.
1548 157 61 31 105

195 225 107 38 106:0)
325 225 174 42 Fartyget
522 226 209 40 Eystrasalt.
765 229 119 32 Under
906 231 112 35 punkt
1041 232 61 30 106
1127 232 63 31 har
1210 233 131 36 Kungl.
1363 234 98 37 Maj:t
1477 230 174 46 föreslagit

151 276 183 37 riksdagen
356 279 52 31 att
429 278 56 31 till
508 279 210 32 underhålls-
741 281 61 31 och
826 282 231 32 driftkostnad
1080 284 54 30 för
1157 284 151 37 fartyget
1323 285 193 37 Eystrasalt
1529 287 120 31 anvisa

150 328 54 32 för
226 328 203 38 budgetåret
451 331 214 32 1927—1928
689 334 47 29 ett
758 335 97 29 extra
879 336 346 37 reservationsanslag
1247 347 45 21 av
1317 339 117 35 12,700
1457 338 135 32 kronor.

193 381 391 37 (Statsrådsprotokollet
606 384 63 31 sid.
694 385 63 31 259
780 386 62 30 och
867 386 87 38 260.)

192 433 70 30 Till
284 434 213 32 underhålls-
516 435 62 32 och
599 436 229 32 driftkostnad
845 438 53 31 för
915 439 453 33 fiskeriadministrationens
1384 443 115 36 fartyg
1515 439 136 45 Eystra-

148 484 65 32 salt
248 485 63 31 har
338 486 182 37 riksdagen
546 488 139 31 anvisat
710 490 118 36 anslag
853 490 78 31 från
954 491 62 31 och
1039 492 77 31 med
1140 493 95 30 1909.
1282 493 67 31 För
1372 494 192 32 ändamålet
1587 496 64 30 har

148 538 109 30 såsom
290 539 98 30 extra
422 540 347 37 reservationsanslag
796 543 164 36 anvisats,
984 543 52 31 för
1059 544 201 36 budgetåret
1295 546 212 31 1925—1926
1532 547 117 36 13,500

148 589 127 32 kronor
306 591 63 31 oeh
403 591 54 32 för
490 592 199 37 budgetåret
717 594 216 32 1926—1927
957 596 117 36 12,000
1097 596 137 38 kronor,
1257 598 121 31 därvid
1402 599 11 30 i
1437 599 212 32 sistnämnda

148 641 64 32 fall
231 643 142 31 räknats
391 644 77 31 med
483 654 43 21 en
543 646 210 30 reservation
768 656 44 21 av
828 647 95 36 2,000
940 648 133 31 kronor.

190 728 164 38 Fartyget
388 730 63 31 har
484 732 128 31 ansetts
635 732 82 30 böra
740 733 109 31 under
872 733 93 31 tiden
989 735 18 30 1
1031 735 67 36 juli
1121 736 172 31 1927—30
1316 737 78 36 juni
1418 738 83 30 1928
1527 738 121 31 liksom

146 780 95 31 förut
275 781 110 31 hållas
413 782 12 30 i
448 783 90 35 gång
562 782 109 32 under
692 793 43 21 en
758 784 52 31 tid
834 794 43 21 av
901 786 158 36 omkring
1082 796 57 21 sex
1164 788 171 31 månader.
1381 788 140 32 Jämväl
1546 790 103 31 befäl-

145 831 170 33 havarens
349 844 20 20 å
403 833 193 38 Eystrasalt
629 836 359 36 avlöningsförmåner
1015 837 90 32 hava
1128 841 126 29 ansetts
1277 840 83 31 böra
1382 851 159 26 anpassas
1563 842 85 31 efter

146 884 196 37 grunderna
365 886 53 31 för
440 886 55 32 det
518 897 68 27 nya
609 887 415 39 avlöningsreglementet.

189 979 397 39 Anslagsberäkningen,
610 983 60 31 vid
693 984 119 31 vilken
835 985 135 36 hänsyn
993 987 104 36 tagits
1120 987 55 30 till
1192 997 42 21 en
1250 988 174 35 påräknad
1441 991 206 30 reservation

143 1042 45 21 av
211 1033 161 37 omkring
396 1034 96 36 1,800
516 1035 136 36 kronor,
676 1035 195 33 föranleder
894 1038 73 31 icke
990 1039 114 36 någon
1127 1040 182 31 utskottets
1332 1041 147 31 erinran.

188 1083 172 34 Utskottet
383 1085 198 33 hemställer
605 1087 224 38 fördenskull,

587 1158 51 30 att
661 1157 184 38 riksdagen
868 1160 57 30 må
948 1160 55 31 till
1026 1161 213 32 underhålls-
1263 1163 61 31 och
1348 1164 229 31 driftkostnad
1593 1165 53 31 för

544 1209 151 37 fartyget
717 1210 193 37 Eystrasalt
932 1212 123 31 anvisa
1078 1213 54 31 för
1150 1214 202 37 budgetåret
1368 1216 212 31 1927—1928
1596 1219 48 29 ett

544 1263 97 30 extra
664 1264 348 37 reservationsanslag
1035 1275 44 20 av
1104 1266 117 36 12,700
1245 1267 134 31 kronor.

187 1362 107 39 107:0)
339 1363 370 43 Bevakningsfartygs
732 1367 267 32 stationerande
1017 1368 56 32 vid
1090 1369 116 31 rikets
1221 1369 136 34 kuster.
1403 1372 117 31 Under
1535 1373 109 35 punkt

1713 245 127 30 Fartyget

1696 279 160 29 Eystrasali.

1722 314 104 38 [106.]

1707 999 133 29 Utskottet.

1684 1387 174 30 Bevaknings-

142 1414 63 31 107
229 1414 64 32 har
315 1415 132 37 Kungl.
473 1416 100 37 Maj:t
596 1417 176 37 föreslagit
795 1419 183 36 riksdagen
1001 1422 50 30 att
1084 1421 52 31 för
1163 1422 251 32 stationerande
1438 1424 106 30 under
1573 1425 75 30 vwin-
1664 1421 104 29 fartygs
1777 1421 91 23 statio-

142 1466 262 32 termånaderna
428 1468 214 32 1927—1928
681 1480 43 20 av
757 1470 329 39 bevakningsfartyg
1114 1473 59 31 vid
1197 1474 105 31 rikets
1325 1475 115 31 kuster
1463 1476 54 30 för
1539 1477 109 30 åstad-

141 1517 206 33 kommande
369 1530 46 21 av
447 1520 148 37 ordning
618 1522 61 30 och
713 1522 106 37 skydd
844 1523 60 31 vid
925 1524 118 31 fiskets
1060 1525 208 32 bedrivande
1290 1528 120 30 anvisa
1433 1528 54 30 för
1509 1524 137 46 budget-

140 1571 74 30 året
237 1571 215 32 1927—1928
476 1574 50 30 ett
547 1575 95 29 extra
658 1575 351 38 reservationsanslag
1031 1587 45 20 av
1100 1578 115 36 27,000
1240 1579 134 31 kronor.

183 1623 222 32 Beträffande
428 1624 111 32 denna
562 1625 259 38 framställning
844 1628 63 30 har
934 1628 182 37 riksdagen
1141 1630 104 31 redan
1269 1632 102 30 fattat
1392 1632 118 36 beslut,
1528 1642 118 22 varom

140 1676 165 31 utskottet
326 1676 202 37 härigenom
551 1678 94 31 velat

583 1748 113 30 erinra

674 1877 451 49 Skogsväsendet.

182 1979 107 38 108:0)
312 1978 381 43 Domänfullmäktige.
739 1982 119 32 Under
880 1984 111 35 punkt
1015 1985 61 31 108
1101 1986 62 30 har
1186 1986 366 37 departementschefen
1577 1989 64 31 för-

137 2030 114 33 klarat
274 2032 52 37 sig
350 2032 90 38 vilja
470 2033 55 31 till
558 2036 159 29 närmare
751 2035 210 38 behandling
999 2039 145 35 upptaga
1178 2049 45 20 av
1245 2040 217 36 sakkunniga
1485 2041 53 32 för
1562 2042 79 30 full-

137 2084 296 37 mäktigsystemet
460 2086 141 36 avgivet
632 2087 129 37 förslag
793 2098 56 20 om
872 2089 211 37 indragning
1106 2101 46 20 av
1175 2091 342 38 domänfullmäktige
1541 2095 11 29 i
1575 2094 64 31 den

136 2138 218 36 proposition,
378 2147 71 22 som
483 2139 134 31 komme
650 2141 50 30 att
734 2140 192 38 föreläggas
961 2142 182 37 riksdagen
1177 2145 144 30 rörande
1353 2145 287 38 avlöningsregle-

136 2190 112 30 mente
271 2190 53 30 för
347 2190 255 32 domänverket.

178 2239 70 34 Till
272 2243 112 30 denna
419 2243 100 37 fråga
548 2245 228 31 återkommer
799 2246 167 31 utskottet
988 2247 12 30 i
1024 2247 59 31 sitt
1107 2248 176 31 utlåtande
1306 2251 81 29 över
1410 2250 62 30 den
1497 2260 142 22 numera

134 2293 58 31 till
215 2294 183 36 riksdagen
421 2295 141 31 avlåtna
589 2297 253 35 propositionen
865 2299 176 35 angående
1064 2299 129 32 ändrad
1219 2300 127 36 lydelse
1369 2304 87 28 samt
1479 2302 158 37 förlängd

134 2345 229 38 giltighetstid
386 2357 45 21 av
454 2348 405 36 avlöningsreglementet
882 2350 54 31 för
959 2351 208 36 tjänstemän
1185 2352 59 31 vid
1264 2353 243 32 domänverket
1522 2364 45 21 m.
1584 2365 55 25 m.,

136 2398 109 31 vilket
269 2399 163 32 utskottet
456 2400 199 36 härigenom
679 2401 91 31 velat
793 2402 54 30 för
870 2403 183 36 riksdagen

578 2471 149 31 anmäla.

1683 1456 112 22 nerande
1814 1456 44 22 vid

1673 1490 81 22 rikets
1773 1491 94 23 kuster.

1718 1525 101 38 [107.]

1691 1994 158 30 DomänfulU-

1707 2029 109 30 mäktige

1713 2064 102 38 [108.]
