1878 2834
253 162 39 29 36

642 164 380 30 Jordbruksutskottets
1048 163 175 31 utlåtande
1248 164 48 30 Nr
1324 166 48 28 33.

566 252 84 28 utan
675 251 68 29 rätt
769 249 54 30 för
849 249 130 36 köpare
1005 249 52 30 till
1083 257 116 22 annan
1223 249 189 36 ersättning
1437 250 45 29 än
1501 258 43 22 av
1570 249 195 37 ledningar-

571 309 62 22 nas
661 300 211 31 innehavare
901 300 55 30 för
985 300 110 30 skada
1121 300 51 31 till
1200 299 89 37 följd
1315 309 42 21 av
1384 300 215 37 förändring,
1627 309 138 27 repara-

567 352 72 30 tion
654 353 82 30 eller
756 352 116 35 tillsyn
891 360 43 21 av
953 351 228 36 ledningarna
1200 352 163 29 ävensom
1384 351 55 30 för
1459 350 119 36 skada,
1601 360 75 21 som
1696 350 69 31 för-

568 401 142 30 orsakas
732 400 20 30 å
773 400 151 35 kreatur;

615 500 51 40 10)
696 504 49 27 att
761 510 42 21 av
818 501 185 36 stadsägan
1017 510 41 20 nr
1073 501 64 29 326
1155 501 34 36 +
1208 501 61 30 327
1286 501 27 29 A
1331 498 36 36 +
1385 501 62 30 327
1465 500 26 30 B
1511 499 36 37 +
1565 500 63 30 329
1648 500 36 36 +
1700 499 66 31 330

571 552 37 37 +
629 553 61 30 331
712 552 111 30 under
841 552 247 36 kronoparken
1107 547 204 40 Ängelholm
1330 551 96 30 inom
1445 546 222 41 Ängelholms
1688 549 78 31 stad

565 602 351 37 stadsägoområdena
934 603 65 30 326
1018 603 66 30 och
1103 603 61 29 327
1186 602 37 35 A,
1243 602 217 30 omfattande
1479 611 42 21 en
1540 602 93 30 areal
1653 611 43 21 av
1715 610 50 21 re-

567 655 153 36 spektive
741 656 101 28 2.5160
862 654 123 30 hektar
1006 654 66 30 och
1098 654 120 29 11.0150
1237 653 123 30 hektar
1380 653 66 30 och
1468 654 161 29 närmare
1650 652 118 37 angiv-

567 715 45 21 na
631 705 20 30 å
669 715 43 20 en
729 705 10 30 i
758 705 140 30 ärendet
916 704 155 31 företedd
1090 704 109 36 karta,
1219 704 58 30 må
1295 702 160 38 försäljas
1474 703 51 30 till
1542 699 223 40 Ängelholms

565 756 76 30 stad
657 759 73 26 mot
746 765 42 20 en
806 755 231 36 köpeskilling
1055 764 42 20 av
1114 755 118 34 82,500
1250 754 129 30 kronor
1408 756 89 28 samt
1514 754 110 30 under
1641 753 126 30 villkor

565 807 10 29 i
592 806 120 36 övrigt,
731 809 50 27 att
798 806 164 30 tillträdet
978 806 129 30 räknas
1125 804 79 31 från
1223 805 65 30 den
1310 805 39 30 14
1367 813 94 22 mars
1482 805 93 34 1937,
1594 807 50 27 att
1662 804 105 36 köpe-

565 857 182 36 skillingen
764 857 145 29 kontant
924 857 153 35 erlägges
1093 856 57 30 vid
1166 855 308 36 köpekontraktets
1489 854 277 31 undertecknan-

566 908 50 35 de,
633 911 50 27 att
697 906 190 31 områdena
902 906 171 31 överlåtas
1088 906 11 30 i
1114 906 57 30 det
1186 906 107 35 skick,
1309 906 74 30 vari
1400 906 42 30 de
1456 905 58 30 vid
1529 905 165 30 tillträdet
1709 905 57 29 be-

565 958 126 35 finnas,
712 961 50 27 att
781 958 11 30 i
812 958 104 36 köpet
935 956 81 38 ingå
1034 957 122 30 endast
1176 957 134 30 kronan
1330 956 185 36 tillhöriga,
1536 954 21 32 å
1576 954 191 31 områdena

564 1009 182 36 befintliga
762 1008 199 37 byggnader
977 1008 67 30 och
1061 1007 256 36 anläggningar,
1336 1010 49 27 att
1403 1007 136 29 kronan
1556 1004 212 32 förbehålles

566 1060 67 30 rätt
652 1062 50 28 att
722 1059 110 30 under
852 1068 42 21 en
916 1059 50 30 tid
986 1068 43 21 av
1051 1059 18 29 5
1091 1057 38 31 år
1150 1058 125 30 räknat
1294 1056 80 32 från
1395 1057 67 30 och
1483 1056 80 30 med
1584 1056 182 30 tillträdes-

565 1111 109 35 dagen
695 1109 203 37 avgiftsfritt
917 1109 163 30 använda
1100 1109 65 30 den
1186 1109 95 29 inom
1301 1105 320 38 stadsägoområdet
1640 1116 42 20 nr
1702 1106 66 30 326

564 1161 181 36 befintliga
764 1160 222 36 plantskolan
1006 1159 108 37 jämte
1133 1159 201 36 erforderlig
1353 1158 202 35 utfartsväg,
1577 1160 50 27 att
1646 1157 121 30 staden

565 1212 163 30 bekostar
753 1211 228 36 avstyckning
1006 1220 44 21 av
1075 1208 189 32 områdena
1290 1212 89 27 samt
1405 1208 127 37 lagfart
1557 1207 66 31 och
1648 1207 120 36 övriga

565 1262 79 30 med
677 1262 106 35 köpet
815 1261 166 31 förenade
1014 1260 150 36 utgifter,
1199 1263 49 27 att
1270 1260 120 30 staden
1413 1260 39 29 är
1474 1258 136 37 skyldig
1631 1257 71 31 tåla
1725 1257 43 31 de

566 1312 224 36 jämkningar
806 1312 10 30 i
833 1310 208 32 områdenas
1058 1311 140 36 gränser
1214 1310 66 30 och
1296 1309 108 36 eljest,
1423 1309 93 30 vilka
1534 1309 120 30 kunna
1670 1308 98 30 kom-

567 1373 57 20 ma
638 1366 50 27 att
702 1363 211 30 bestämmas
928 1362 59 30 vid
1001 1361 155 30 nämnda
1170 1360 237 37 avstyckning,
1424 1362 90 28 samt
1528 1362 50 27 att
1591 1359 11 30 i
1617 1359 151 35 tillämp-

562 1414 67 36 liga
643 1414 96 30 delar
753 1413 98 30 skola
865 1413 90 36 gälla
968 1412 307 30 bestämmelserna
1289 1411 10 29 i
1314 1410 249 36 förordningen
1578 1409 65 30 den
1658 1410 20 29 6
1692 1408 77 37 juni

570 1465 82 30 1929
677 1464 54 39 (nr
753 1463 72 39 176)
850 1462 179 37 angående
1047 1461 207 36 försäljning
1273 1461 11 30 i
1303 1461 91 30 vissa
1413 1461 62 30 fall
1495 1469 42 21 av
1557 1460 211 36 kronoegen-

573 1516 81 29 dom
674 1525 45 20 m.
741 1524 59 25 m.;

619 1613 50 39 11)
694 1618 49 28 att
760 1614 325 37 kronoegendomen
1104 1610 70 33 29/21
1192 1612 131 31 mantal
1340 1612 134 36 Benarp
1492 1621 41 20 nr
1554 1612 38 29 12
1609 1611 62 31 litt.
1690 1609 51 31 Ea
1758 1609 12 30 i

571 1662 149 41 Äspinge
750 1666 127 30 socken
908 1675 43 20 av
980 1664 197 31 Malmöhus
1205 1664 57 30 län
1291 1662 57 31 må
1376 1661 161 37 försäljas
1567 1661 104 37 enligt
1701 1661 67 30 för-

576 1719 192 36 ordningen
781 1718 66 30 den
864 1717 19 30 6
894 1717 76 37 juni
990 1717 83 30 1929
1096 1711 53 40 (nr
1167 1714 71 41 176)
1260 1714 178 38 angående
1454 1713 207 37 försäljning
1678 1713 10 30 i
1703 1713 69 31 vis-

574 1779 37 21 sa
631 1770 61 30 fall
712 1779 42 21 av
776 1768 281 37 kronoegendom
1076 1777 45 20 m.
1142 1777 45 20 m.
1207 1766 55 31 för
1281 1776 42 21 en
1342 1765 231 37 köpeskilling
1593 1773 43 22 av
1651 1763 122 37 25,600

576 1821 130 30 kronor
728 1820 81 30 med
833 1819 241 31 hembudsrätt
1098 1818 103 36 enligt
1223 1818 20 30 9
1267 1817 18 37 8
1311 1817 10 30 i
1346 1816 249 37 förordningen
1613 1815 55 31 för
1693 1815 79 30 Ivar

574 1871 170 30 Svensson
761 1870 66 30 och
845 1869 109 30 under
971 1869 124 30 villkor
1112 1868 11 30 i
1141 1867 119 36 övrigt,
1279 1870 48 27 att
1345 1866 212 36 egendomen
1575 1865 57 30 må
1649 1865 120 30 tillträ-

574 1921 60 30 das
662 1921 66 30 den
757 1921 39 29 14
824 1929 91 21 mars
944 1920 94 36 1937,
1067 1922 49 27 att
1140 1918 212 36 egendomen
1376 1915 159 38 försäljes
1561 1916 11 31 i
1599 1915 172 36 befintligt

574 1972 106 36 skick,
702 1974 50 27 att
772 1971 120 30 endast
914 1970 137 30 kronan
1071 1969 172 36 tillhöriga
1263 1968 199 37 byggnader
1482 1968 65 29 och
1570 1966 198 37 anläggnin-

573 2031 59 28 gar
660 2022 80 36 ingå
768 2022 10 30 i
806 2020 260 38 försäljningen,
1093 2022 50 28 att
1171 2020 129 29 varken
1328 2020 136 29 kronan
1491 2018 81 30 eller
1599 2017 172 30 Svensson

574 2072 84 32 efter
683 2072 280 36 tillträdesdagen
988 2071 88 30 skall
1104 2071 63 36 äga
1192 2069 191 31 framställa
1409 2066 362 38 ersättningsanspråk

573 2124 45 37 på
636 2124 112 36 grund
768 2132 42 21 av
831 2121 272 32 arrendeavtalet
1122 2122 79 29 med
1219 2120 177 36 undantag
1414 2120 90 30 dock
1526 2119 53 30 för
1599 2118 51 31 till
1670 2119 100 29 även-

574 2179 71 33 tyrs
678 2174 151 37 oguldna
862 2172 307 36 arrendeavgälder
1201 2172 66 30 och
1299 2171 128 31 skatter
1459 2170 55 30 för
1546 2169 224 37 egendomen,

574 2228 90 27 samt
682 2228 49 27 att
749 2225 209 30 innehavare
977 2233 41 21 av
1036 2224 80 29 över
1133 2222 211 37 egendomen
1362 2222 79 29 med
1460 2219 228 37 vederbörligt
1705 2219 66 31 till-

575 2275 101 32 stånd
705 2275 225 36 framdragna
962 2273 184 31 elektriska
1176 2272 179 37 ledningar
1386 2271 207 32 förbehålles
1622 2272 69 29 rätt
1723 2272 49 27 att

574 2327 90 30 hava
690 2326 177 31 desamma
893 2323 229 32 kvarstående
1147 2327 83 27 utan
1254 2325 67 29 rätt
1348 2323 53 31 för
1426 2323 129 35 köpare
1579 2321 50 31 till
1655 2329 118 22 annan

573 2377 190 36 ersättning
785 2378 43 29 än
850 2385 41 21 av
911 2375 244 36 ledningarnas
1177 2374 210 31 innehavare
1407 2373 54 30 för
1482 2373 108 30 skada
1611 2371 52 31 till
1684 2370 89 38 följd

575 2437 42 22 av
634 2427 213 37 förändring,
864 2426 198 37 reparation
1077 2426 82 30 eller
1176 2425 116 37 tillsyn
1308 2434 42 21 av
1365 2424 227 36 ledningarna
1609 2424 163 29 ävensom

577 2479 54 29 för
652 2478 119 35 skada,
794 2487 74 20 som
889 2476 200 31 förorsakas
1110 2475 20 31 å
1151 2476 151 35 kreatur;
