1886 2772
266 124 18 30 6
542 124 401 41 Bevillningsutskottets
964 127 217 32 betänkande
1204 138 42 21 nr
1266 131 41 29 68
1328 131 39 29 år
1389 132 84 30 1964

904 298 40 45 4)
961 298 145 44 Förslag

979 366 52 30 till

894 431 221 44 Förordning

284 497 182 43 angående
490 498 149 44 ändring
662 501 12 32 i
697 499 255 45 förordningen
974 502 69 34 den
1066 504 45 32 14
1131 504 82 42 juni
1236 505 90 33 1933
1351 506 62 45 (nr
1435 505 86 46 357)
1547 519 60 21 om
1630 509 94 32 åsät-

397 568 108 34 tande
528 571 12 32 i
563 571 93 32 vissa
679 571 65 34 fall
766 583 44 21 av
833 573 143 34 särskilt
998 574 380 44 uppskattningsvärde
1402 578 22 32 å
1447 577 169 44 fastighet

307 662 211 40 Härigenom
542 663 195 36 förordnas,
759 665 72 31 dels
855 669 50 28 att
930 666 30 36 4,
985 667 30 35 9,
1041 667 50 35 10,
1117 669 39 29 12
1179 669 67 30 och
1272 670 39 30 13
1337 670 39 38 $$
1402 671 251 41 förordningen
1678 674 66 29 den

264 705 40 31 14
327 707 80 39 juni
434 707 86 31 1933
544 717 57 21 om
626 709 182 31 åsättande
834 711 10 29 i
870 711 93 30 vissa
991 712 60 30 fall
1078 722 42 21 av
1148 713 142 31 särskilt
1318 716 379 40 uppskattningsvärde
1725 718 20 30 å

264 750 178 41 fastighet!
464 752 99 31 skola
579 753 136 31 erhålla
734 755 133 30 ändrad
889 756 130 39 lydelse
1040 757 45 39 på
1106 758 68 30 sätt
1196 759 115 30 nedan
1332 760 140 39 angives
1495 760 73 30 dels
1592 763 49 28 att
1666 762 36 29 11
1728 762 16 37 $

263 804 134 22 samma
415 796 205 42 förordning
637 798 91 31 skall
744 799 160 40 upphöra
921 802 51 28 att
990 801 100 39 gälla.

421 859 226 34 (Nuvarande
663 861 147 39 lydelse)
1185 864 225 40 (Föreslagen
1436 865 148 40 lydelse)

961 906 21 30 4
1008 907 28 37 8.

303 954 274 42 Framställning
593 966 56 21 om
691 976 20 4 —
724 976 279 6 ———
907 950 36 51 —
962 950 45 51 —
1019 961 388 39 prövningsnämndens
1424 963 127 31 kansli.

304 999 13 29 I
336 999 305 42 framställningen
681 1021 21 3 —
717 1021 286 6 ———
909 995 35 50 —
962 995 45 50 —
1022 1004 54 30 för
1095 1006 309 40 uppskattningen.

304 1044 318 41 Framställningen
647 1046 92 31 skall
762 1047 144 40 åtföljas
931 1056 43 20 av

260 1088 48 30 ett
327 1088 123 40 belopp
468 1089 21 30 å
508 1090 172 40 tjugufem
701 1091 140 30 kronor.
859 1091 114 30 Stäm-

260 1132 56 39 pel
342 1133 20 30 å
389 1133 95 30 detta
514 1134 122 40 belopp
663 1135 101 37 skall,
792 1136 44 30 då
863 1136 110 39 fram-

260 1177 212 40 ställningen
502 1178 196 39 inkommit,
729 1181 131 31 åsättas
890 1182 83 30 den-

258 1229 146 23 samma.
424 1223 48 29 Är
490 1223 306 41 framställningen
817 1225 75 30 icke
914 1226 59 30 vid

259 1264 242 32 inlämnandet
514 1267 128 41 åtföljd
655 1278 43 20 av
710 1269 195 40 penningar
920 1271 52 28 till

259 1309 149 40 stämpel
428 1311 65 30 och
514 1312 153 39 erlägges
687 1314 35 39 ej
740 1316 122 37 genast
883 1315 89 39 efter

260 1354 153 31 erhållen
446 1355 184 41 tillsägelse
661 1357 58 30 det
746 1357 138 40 felande
917 1359 55 31 be-

260 1397 125 41 loppet,
408 1400 59 30 må
490 1400 66 30 den
580 1401 34 40 ej
634 1403 184 39 mottagas.

958 1449 20 30 9
1004 1449 28 37 8.

299 1495 586 43 Fastighetsprövningsnämndens
905 1502 84 30 eller
1030 1521 20 3 —
1084 1521 26 3 —
1138 1522 32 4 —
1186 1522 165 4 ——
1314 1491 41 54 —
1369 1514 43 21 av
1429 1506 220 39 protokollet.

303 1540 196 40 Överstiger
524 1543 56 29 det
605 1543 114 31 åsatta
743 1544 227 39 preliminära
1069 1548 72 29 Har
1188 1549 221 38 preliminärt
1460 1551 280 40 taxeringsvärde

259 1584 297 40 taxeringsvärdet
576 1588 42 29 25
631 1588 63 30 000
716 1588 139 39 kronor,
878 1589 93 30 skall
1025 1591 120 37 åsatts,
1174 1593 101 39 utgår
1301 1593 56 39 för
1384 1595 357 41 protokollsutdraget

257 1628 159 40 utdraget
437 1640 125 30 genom
586 1632 384 31 överståthållarämbe-
1025 1636 109 40 avgift
1157 1637 106 40 enligt
1287 1638 114 30 denna
1426 1639 115 30 tariff:

257 1676 64 28 tets
344 1675 82 29 eller
449 1676 267 40 länsstyrelsens
739 1678 137 40 försorg
898 1680 71 39 för-

255 1726 55 21 ses
327 1719 81 29 med
424 1720 151 39 stämpel
592 1721 107 40 enligt
717 1722 115 30 denna
849 1724 116 29 tariff:

793 1801 226 34 (Nuvarande
1044 1803 147 40 lydelse)

297 1859 243 41 Fastighetens
557 1863 233 39 uppskattade
806 1865 105 30 värde
1518 1866 149 51 Stämpelns

1519 1918 101 30 belopp

572 1946 108 25 Kronor
1285 1951 111 25 Kronor
1518 1953 110 25 Kronor

355 1996 105 39 Lägst
590 1998 120 35 25,100
1046 2002 97 39 högst
1306 2004 121 34 40,000
1590 2007 40 28 15

408 2051 13 20 »
593 2043 120 34 40,100
1086 2056 13 20 »
1305 2048 121 35 55,000
1588 2050 42 30 30

408 2095 13 20 »
592 2086 120 36 55,100
1085 2101 13 19 »
1305 2092 121 35 75,000
1588 2095 41 29 50

410 2140 13 19 »
594 2131 120 36 75,100
1087 2145 13 20 »
1286 2137 140 35 100,000
1590 2140 39 29 75

407 2184 13 20 »
572 2176 139 35 100,100
1084 2189 13 20 »
1281 2181 142 35 200,000
1566 2184 64 29 100

406 2228 13 20 »
569 2220 141 35 200,100
1083 2234 13 19 »
1280 2225 143 35 300,000
1566 2227 62 31 125

406 2273 13 20 »
564 2264 144 36 300,100
1082 2278 13 20 »
1280 2269 142 36 500,000
1565 2273 63 29 150

406 2317 13 20 »
568 2308 141 36 500,100
1083 2323 12 19 »
1281 2314 140 35 700,000
1566 2317 62 30 175

406 2362 13 19 »
569 2353 141 35 700,100
1084 2367 13 20 »
1249 2358 172 35 1,000,000
1565 2360 62 31 225

1045 2403 77 28 över
1249 2402 173 36 1,000,000
1564 2405 64 30 275

286 2458 8 13 !
314 2458 113 24 Senaste
439 2459 105 29 lydelse
558 2466 35 18 av
605 2461 17 23 4
635 2461 52 24 och
701 2461 32 25 10
748 2462 24 29 $$
786 2468 28 18 se
828 2462 77 25 1957:
917 2463 33 24 69
964 2465 74 22 samt
1051 2471 35 17 av
1100 2464 16 24 9
1129 2465 52 24 och
1195 2466 32 24 13
1242 2466 25 28 $$
1280 2472 29 17 se
1323 2466 77 24 1943:
1413 2467 60 24 858.
