<?xml version="1.0" encoding="UTF-8"?>
<alto xmlns="http://www.loc.gov/standards/alto/ns-v3#" xmlns:xlink="http://www.w3.org/1999/xlink" xmlns:xsi="http://www.w3.org/2001/XMLSchema-instance" xsi:schemaLocation="http://www.loc.gov/standards/alto/ns-v3# http://www.loc.gov/alto/v3/alto-3-0.xsd">
	<Description>
		<MeasurementUnit>pixel</MeasurementUnit>
		<sourceImageInformation>
			<fileName>/tmp/tess_9s8k7gzp_input.PNG</fileName>
		</sourceImageInformation>
		<OCRProcessing ID="OCR_0">
			<ocrProcessingStep>
				<processingSoftware>
					<softwareName>tesseract 5.3.0</softwareName>
				</processingSoftware>
			</ocrProcessingStep>
		</OCRProcessing>
	</Description>
	<Layout>
		<Page WIDTH="1884" HEIGHT="2772" PHYSICAL_IMG_NR="0" ID="page_0">
			<PrintSpace HPOS="0" VPOS="0" WIDTH="1884" HEIGHT="2772">
				<ComposedBlock ID="cblock_0" HPOS="227" VPOS="130" WIDTH="1212" HEIGHT="43">
					<TextBlock ID="block_0" HPOS="227" VPOS="130" WIDTH="1212" HEIGHT="43">
						<TextLine ID="line_0" HPOS="227" VPOS="130" WIDTH="1212" HEIGHT="43">
							<String ID="string_0" HPOS="227" VPOS="130" WIDTH="21" HEIGHT="31" WC="0.96" CONTENT="2"/><SP WIDTH="254" VPOS="130" HPOS="248"/>
							<String ID="string_1" HPOS="502" VPOS="131" WIDTH="407" HEIGHT="42" WC="0.0" CONTENT="Bevillningsutskolets"/><SP WIDTH="18" VPOS="131" HPOS="909"/>
							<String ID="string_2" HPOS="927" VPOS="136" WIDTH="219" HEIGHT="33" WC="0.19" CONTENT="betänkande"/><SP WIDTH="20" VPOS="136" HPOS="1146"/>
							<String ID="string_3" HPOS="1166" VPOS="148" WIDTH="47" HEIGHT="21" WC="0.96" CONTENT="nr"/><SP WIDTH="17" VPOS="148" HPOS="1213"/>
							<String ID="string_4" HPOS="1230" VPOS="141" WIDTH="46" HEIGHT="30" WC="0.88" CONTENT="68"/><SP WIDTH="15" VPOS="141" HPOS="1276"/>
							<String ID="string_5" HPOS="1291" VPOS="141" WIDTH="40" HEIGHT="30" WC="0.91" CONTENT="år"/><SP WIDTH="22" VPOS="141" HPOS="1331"/>
							<String ID="string_6" HPOS="1353" VPOS="142" WIDTH="86" HEIGHT="30" WC="0.86" CONTENT="1964"/>
						</TextLine>
					</TextBlock>
				</ComposedBlock>
				<ComposedBlock ID="cblock_1" HPOS="222" VPOS="207" WIDTH="1490" HEIGHT="793">
					<TextBlock ID="block_1" HPOS="228" VPOS="207" WIDTH="1483" HEIGHT="95">
						<TextLine ID="line_1" HPOS="272" VPOS="207" WIDTH="1439" HEIGHT="51">
							<String ID="string_7" HPOS="272" VPOS="207" WIDTH="227" HEIGHT="34" WC="0.96" CONTENT="Beträffande"/><SP WIDTH="19" VPOS="207" HPOS="499"/>
							<String ID="string_8" HPOS="518" VPOS="210" WIDTH="57" HEIGHT="31" WC="0.96" CONTENT="det"/><SP WIDTH="18" VPOS="210" HPOS="575"/>
							<String ID="string_9" HPOS="593" VPOS="210" WIDTH="257" HEIGHT="44" WC="0.96" CONTENT="huvudsakliga"/><SP WIDTH="20" VPOS="210" HPOS="850"/>
							<String ID="string_10" HPOS="870" VPOS="214" WIDTH="191" HEIGHT="33" WC="0.96" CONTENT="innehållet"/><SP WIDTH="19" VPOS="214" HPOS="1061"/>
							<String ID="string_11" HPOS="1080" VPOS="217" WIDTH="12" HEIGHT="30" WC="0.96" CONTENT="i"/><SP WIDTH="17" VPOS="217" HPOS="1092"/>
							<String ID="string_12" HPOS="1109" VPOS="219" WIDTH="217" HEIGHT="39" WC="0.96" CONTENT="proposition"/><SP WIDTH="20" VPOS="219" HPOS="1326"/>
							<String ID="string_13" HPOS="1346" VPOS="230" WIDTH="43" HEIGHT="21" WC="0.96" CONTENT="nr"/><SP WIDTH="21" VPOS="230" HPOS="1389"/>
							<String ID="string_14" HPOS="1410" VPOS="221" WIDTH="62" HEIGHT="31" WC="0.96" CONTENT="174"/><SP WIDTH="21" VPOS="221" HPOS="1472"/>
							<String ID="string_15" HPOS="1493" VPOS="223" WIDTH="56" HEIGHT="30" WC="0.95" CONTENT="må"/><SP WIDTH="19" VPOS="223" HPOS="1549"/>
							<String ID="string_16" HPOS="1568" VPOS="223" WIDTH="64" HEIGHT="30" WC="0.93" CONTENT="här"/><SP WIDTH="19" VPOS="223" HPOS="1632"/>
							<String ID="string_17" HPOS="1651" VPOS="234" WIDTH="60" HEIGHT="21" WC="0.93" CONTENT="an-"/>
						</TextLine>
						<TextLine ID="line_2" HPOS="228" VPOS="260" WIDTH="281" HEIGHT="42">
							<String ID="string_18" HPOS="228" VPOS="260" WIDTH="95" HEIGHT="31" WC="0.96" CONTENT="föras"/><SP WIDTH="18" VPOS="260" HPOS="323"/>
							<String ID="string_19" HPOS="341" VPOS="262" WIDTH="168" HEIGHT="40" WC="0.96" CONTENT="följande."/>
						</TextLine>
					</TextBlock>
					<TextBlock ID="block_2" HPOS="226" VPOS="314" WIDTH="1486" HEIGHT="153">
						<TextLine ID="line_3" HPOS="272" VPOS="314" WIDTH="1440" HEIGHT="54">
							<String ID="string_20" HPOS="272" VPOS="314" WIDTH="265" HEIGHT="39" WC="0.96" CONTENT="Propositionen"/><SP WIDTH="25" VPOS="314" HPOS="537"/>
							<String ID="string_21" HPOS="562" VPOS="318" WIDTH="39" HEIGHT="29" WC="0.93" CONTENT="är"/><SP WIDTH="26" VPOS="318" HPOS="601"/>
							<String ID="string_22" HPOS="627" VPOS="317" WIDTH="185" HEIGHT="33" WC="0.92" CONTENT="föranledd"/><SP WIDTH="25" VPOS="317" HPOS="812"/>
							<String ID="string_23" HPOS="837" VPOS="330" WIDTH="43" HEIGHT="21" WC="0.96" CONTENT="av"/><SP WIDTH="24" VPOS="330" HPOS="880"/>
							<String ID="string_24" HPOS="904" VPOS="322" WIDTH="67" HEIGHT="30" WC="0.96" CONTENT="den"/><SP WIDTH="25" VPOS="322" HPOS="971"/>
							<String ID="string_25" HPOS="996" VPOS="324" WIDTH="11" HEIGHT="29" WC="0.96" CONTENT="i"/><SP WIDTH="25" VPOS="324" HPOS="1007"/>
							<String ID="string_26" HPOS="1032" VPOS="323" WIDTH="101" HEIGHT="31" WC="0.96" CONTENT="våras"/><SP WIDTH="27" VPOS="323" HPOS="1133"/>
							<String ID="string_27" HPOS="1160" VPOS="326" WIDTH="153" HEIGHT="40" WC="0.96" CONTENT="antagna"/><SP WIDTH="25" VPOS="326" HPOS="1313"/>
							<String ID="string_28" HPOS="1338" VPOS="336" WIDTH="69" HEIGHT="31" WC="0.93" CONTENT="nya"/><SP WIDTH="26" VPOS="336" HPOS="1407"/>
							<String ID="string_29" HPOS="1433" VPOS="329" WIDTH="279" HEIGHT="39" WC="0.92" CONTENT="stämpelskatte-"/>
						</TextLine>
						<TextLine ID="line_4" HPOS="226" VPOS="366" WIDTH="1483" HEIGHT="55">
							<String ID="string_30" HPOS="226" VPOS="366" WIDTH="261" HEIGHT="42" WC="0.88" CONTENT="förordningen."/><SP WIDTH="20" VPOS="366" HPOS="487"/>
							<String ID="string_31" HPOS="507" VPOS="370" WIDTH="76" HEIGHT="30" WC="0.96" CONTENT="Den"/><SP WIDTH="17" VPOS="370" HPOS="583"/>
							<String ID="string_32" HPOS="600" VPOS="371" WIDTH="195" HEIGHT="32" WC="0.96" CONTENT="innehåller"/><SP WIDTH="20" VPOS="371" HPOS="795"/>
							<String ID="string_33" HPOS="815" VPOS="374" WIDTH="149" HEIGHT="32" WC="0.96" CONTENT="sålunda"/><SP WIDTH="19" VPOS="374" HPOS="964"/>
							<String ID="string_34" HPOS="983" VPOS="376" WIDTH="131" HEIGHT="41" WC="0.96" CONTENT="förslag"/><SP WIDTH="20" VPOS="376" HPOS="1114"/>
							<String ID="string_35" HPOS="1134" VPOS="378" WIDTH="53" HEIGHT="30" WC="0.96" CONTENT="till"/><SP WIDTH="19" VPOS="378" HPOS="1187"/>
							<String ID="string_36" HPOS="1206" VPOS="378" WIDTH="281" HEIGHT="43" WC="0.91" CONTENT="följdändringar"/><SP WIDTH="20" VPOS="378" HPOS="1487"/>
							<String ID="string_37" HPOS="1507" VPOS="392" WIDTH="43" HEIGHT="20" WC="0.96" CONTENT="av"/><SP WIDTH="18" VPOS="392" HPOS="1550"/>
							<String ID="string_38" HPOS="1568" VPOS="382" WIDTH="141" HEIGHT="31" WC="0.96" CONTENT="teknisk"/>
						</TextLine>
						<TextLine ID="line_5" HPOS="227" VPOS="422" WIDTH="674" HEIGHT="45">
							<String ID="string_39" HPOS="227" VPOS="422" WIDTH="105" HEIGHT="29" WC="0.95" CONTENT="natur"/><SP WIDTH="17" VPOS="422" HPOS="332"/>
							<String ID="string_40" HPOS="349" VPOS="422" WIDTH="12" HEIGHT="29" WC="0.95" CONTENT="i"/><SP WIDTH="18" VPOS="422" HPOS="361"/>
							<String ID="string_41" HPOS="379" VPOS="431" WIDTH="42" HEIGHT="21" WC="0.96" CONTENT="en"/><SP WIDTH="19" VPOS="431" HPOS="421"/>
							<String ID="string_42" HPOS="440" VPOS="422" WIDTH="54" HEIGHT="31" WC="0.96" CONTENT="del"/><SP WIDTH="19" VPOS="422" HPOS="494"/>
							<String ID="string_43" HPOS="513" VPOS="423" WIDTH="110" HEIGHT="31" WC="0.96" CONTENT="andra"/><SP WIDTH="18" VPOS="423" HPOS="623"/>
							<String ID="string_44" HPOS="641" VPOS="425" WIDTH="260" HEIGHT="42" WC="0.96" CONTENT="författningar."/>
						</TextLine>
					</TextBlock>
					<TextBlock ID="block_3" HPOS="225" VPOS="474" WIDTH="1485" HEIGHT="159">
						<TextLine ID="line_6" HPOS="270" VPOS="474" WIDTH="1438" HEIGHT="52">
							<String ID="string_45" HPOS="270" VPOS="474" WIDTH="14" HEIGHT="30" WC="0.96" CONTENT="I"/><SP WIDTH="17" VPOS="474" HPOS="284"/>
							<String ID="string_46" HPOS="301" VPOS="475" WIDTH="205" HEIGHT="41" WC="0.96" CONTENT="anslutning"/><SP WIDTH="13" VPOS="475" HPOS="506"/>
							<String ID="string_47" HPOS="519" VPOS="476" WIDTH="119" HEIGHT="32" WC="0.96" CONTENT="därtill"/><SP WIDTH="19" VPOS="476" HPOS="638"/>
							<String ID="string_48" HPOS="657" VPOS="478" WIDTH="147" HEIGHT="31" WC="0.96" CONTENT="föreslås"/><SP WIDTH="18" VPOS="478" HPOS="804"/>
							<String ID="string_49" HPOS="822" VPOS="480" WIDTH="70" HEIGHT="31" WC="0.96" CONTENT="viss"/><SP WIDTH="18" VPOS="480" HPOS="892"/>
							<String ID="string_50" HPOS="910" VPOS="482" WIDTH="224" HEIGHT="41" WC="0.96" CONTENT="omläggning"/><SP WIDTH="17" VPOS="482" HPOS="1134"/>
							<String ID="string_51" HPOS="1151" VPOS="494" WIDTH="44" HEIGHT="20" WC="0.96" CONTENT="av"/><SP WIDTH="17" VPOS="494" HPOS="1195"/>
							<String ID="string_52" HPOS="1212" VPOS="485" WIDTH="159" HEIGHT="39" WC="0.96" CONTENT="gällande"/><SP WIDTH="19" VPOS="485" HPOS="1371"/>
							<String ID="string_53" HPOS="1390" VPOS="488" WIDTH="130" HEIGHT="38" WC="0.96" CONTENT="system"/><SP WIDTH="18" VPOS="488" HPOS="1520"/>
							<String ID="string_54" HPOS="1538" VPOS="488" WIDTH="54" HEIGHT="30" WC="0.93" CONTENT="för"/><SP WIDTH="18" VPOS="488" HPOS="1592"/>
							<String ID="string_55" HPOS="1610" VPOS="489" WIDTH="98" HEIGHT="30" WC="0.91" CONTENT="redo-"/>
						</TextLine>
						<TextLine ID="line_7" HPOS="227" VPOS="526" WIDTH="1483" HEIGHT="55">
							<String ID="string_56" HPOS="227" VPOS="526" WIDTH="138" HEIGHT="42" WC="0.95" CONTENT="visning"/><SP WIDTH="15" VPOS="526" HPOS="365"/>
							<String ID="string_57" HPOS="380" VPOS="529" WIDTH="68" HEIGHT="30" WC="0.93" CONTENT="och"/><SP WIDTH="14" VPOS="529" HPOS="448"/>
							<String ID="string_58" HPOS="462" VPOS="530" WIDTH="161" HEIGHT="39" WC="0.67" CONTENT="uppbörd"/><SP WIDTH="13" VPOS="530" HPOS="623"/>
							<String ID="string_59" HPOS="636" VPOS="540" WIDTH="49" HEIGHT="21" WC="0.88" CONTENT="ax"/><SP WIDTH="8" VPOS="540" HPOS="685"/>
							<String ID="string_60" HPOS="693" VPOS="532" WIDTH="311" HEIGHT="33" WC="0.62" CONTENT="lotterivinstskatt"/><SP WIDTH="13" VPOS="532" HPOS="1004"/>
							<String ID="string_61" HPOS="1017" VPOS="540" WIDTH="92" HEIGHT="28" WC="0.71" CONTENT="sant"/><SP WIDTH="16" VPOS="540" HPOS="1109"/>
							<String ID="string_62" HPOS="1125" VPOS="536" WIDTH="44" HEIGHT="31" WC="0.96" CONTENT="de"/><SP WIDTH="15" VPOS="536" HPOS="1169"/>
							<String ID="string_63" HPOS="1184" VPOS="538" WIDTH="147" HEIGHT="39" WC="0.88" CONTENT="avgifter"/><SP WIDTH="17" VPOS="538" HPOS="1331"/>
							<String ID="string_64" HPOS="1348" VPOS="547" WIDTH="75" HEIGHT="22" WC="0.88" CONTENT="som"/><SP WIDTH="16" VPOS="547" HPOS="1423"/>
							<String ID="string_65" HPOS="1439" VPOS="541" WIDTH="135" HEIGHT="40" WC="0.87" CONTENT="uttages"/><SP WIDTH="16" VPOS="541" HPOS="1574"/>
							<String ID="string_66" HPOS="1590" VPOS="542" WIDTH="13" HEIGHT="30" WC="0.93" CONTENT="i"/><SP WIDTH="16" VPOS="542" HPOS="1603"/>
							<String ID="string_67" HPOS="1619" VPOS="551" WIDTH="91" HEIGHT="22" WC="0.92" CONTENT="sam-"/>
						</TextLine>
						<TextLine ID="line_8" HPOS="225" VPOS="579" WIDTH="1289" HEIGHT="54">
							<String ID="string_68" HPOS="225" VPOS="579" WIDTH="95" HEIGHT="31" WC="0.94" CONTENT="band"/><SP WIDTH="19" VPOS="579" HPOS="320"/>
							<String ID="string_69" HPOS="339" VPOS="582" WIDTH="82" HEIGHT="30" WC="0.93" CONTENT="med"/><SP WIDTH="19" VPOS="582" HPOS="421"/>
							<String ID="string_70" HPOS="440" VPOS="581" WIDTH="182" HEIGHT="33" WC="0.81" CONTENT="åsättande"/><SP WIDTH="21" VPOS="581" HPOS="622"/>
							<String ID="string_71" HPOS="643" VPOS="593" WIDTH="49" HEIGHT="22" WC="0.96" CONTENT="av"/><SP WIDTH="16" VPOS="593" HPOS="692"/>
							<String ID="string_72" HPOS="708" VPOS="585" WIDTH="144" HEIGHT="31" WC="0.93" CONTENT="särskilt"/><SP WIDTH="19" VPOS="585" HPOS="852"/>
							<String ID="string_73" HPOS="871" VPOS="587" WIDTH="384" HEIGHT="42" WC="0.90" CONTENT="nppskattningsvärde"/><SP WIDTH="17" VPOS="587" HPOS="1255"/>
							<String ID="string_74" HPOS="1272" VPOS="592" WIDTH="45" HEIGHT="39" WC="0.96" CONTENT="på"/><SP WIDTH="21" VPOS="592" HPOS="1317"/>
							<String ID="string_75" HPOS="1338" VPOS="592" WIDTH="176" HEIGHT="41" WC="0.96" CONTENT="fastighet."/>
						</TextLine>
					</TextBlock>
					<TextBlock ID="block_4" HPOS="225" VPOS="633" WIDTH="1484" HEIGHT="99">
						<TextLine ID="line_9" HPOS="269" VPOS="633" WIDTH="1440" HEIGHT="47">
							<String ID="string_76" HPOS="269" VPOS="633" WIDTH="126" HEIGHT="31" WC="0.95" CONTENT="Vidare"/><SP WIDTH="30" VPOS="633" HPOS="395"/>
							<String ID="string_77" HPOS="425" VPOS="635" WIDTH="161" HEIGHT="37" WC="0.94" CONTENT="föreslås,"/><SP WIDTH="25" VPOS="635" HPOS="586"/>
							<String ID="string_78" HPOS="611" VPOS="639" WIDTH="57" HEIGHT="30" WC="0.96" CONTENT="att"/><SP WIDTH="22" VPOS="639" HPOS="668"/>
							<String ID="string_79" HPOS="690" VPOS="637" WIDTH="124" HEIGHT="41" WC="0.75" CONTENT="högsta"/><SP WIDTH="27" VPOS="637" HPOS="814"/>
							<String ID="string_80" HPOS="841" VPOS="640" WIDTH="111" HEIGHT="40" WC="0.94" CONTENT="avgift"/><SP WIDTH="24" VPOS="640" HPOS="952"/>
							<String ID="string_81" HPOS="976" VPOS="641" WIDTH="57" HEIGHT="30" WC="0.93" CONTENT="för"/><SP WIDTH="29" VPOS="641" HPOS="1033"/>
							<String ID="string_82" HPOS="1062" VPOS="642" WIDTH="389" HEIGHT="34" WC="0.14" CONTENT="riksskattenämndens"/><SP WIDTH="30" VPOS="642" HPOS="1451"/>
							<String ID="string_83" HPOS="1481" VPOS="646" WIDTH="228" HEIGHT="33" WC="0.91" CONTENT="förhandsbe-"/>
						</TextLine>
						<TextLine ID="line_10" HPOS="225" VPOS="685" WIDTH="985" HEIGHT="47">
							<String ID="string_84" HPOS="225" VPOS="685" WIDTH="85" HEIGHT="32" WC="0.96" CONTENT="sked"/><SP WIDTH="17" VPOS="685" HPOS="310"/>
							<String ID="string_85" HPOS="327" VPOS="687" WIDTH="12" HEIGHT="30" WC="0.93" CONTENT="i"/><SP WIDTH="18" VPOS="687" HPOS="339"/>
							<String ID="string_86" HPOS="357" VPOS="688" WIDTH="297" HEIGHT="41" WC="0.90" CONTENT="taxeringsfrågor"/><SP WIDTH="17" VPOS="688" HPOS="654"/>
							<String ID="string_87" HPOS="671" VPOS="690" WIDTH="101" HEIGHT="42" WC="0.92" CONTENT="höjes"/><SP WIDTH="16" VPOS="690" HPOS="772"/>
							<String ID="string_88" HPOS="788" VPOS="691" WIDTH="81" HEIGHT="32" WC="0.96" CONTENT="från"/><SP WIDTH="19" VPOS="691" HPOS="869"/>
							<String ID="string_89" HPOS="888" VPOS="693" WIDTH="64" HEIGHT="31" WC="0.95" CONTENT="500"/><SP WIDTH="18" VPOS="693" HPOS="952"/>
							<String ID="string_90" HPOS="970" VPOS="695" WIDTH="53" HEIGHT="30" WC="0.96" CONTENT="till"/><SP WIDTH="21" VPOS="695" HPOS="1023"/>
							<String ID="string_91" HPOS="1044" VPOS="696" WIDTH="14" HEIGHT="29" WC="0.94" CONTENT="1"/><SP WIDTH="17" VPOS="696" HPOS="1058"/>
							<String ID="string_92" HPOS="1075" VPOS="695" WIDTH="63" HEIGHT="31" WC="0.94" CONTENT="000"/><SP WIDTH="19" VPOS="695" HPOS="1138"/>
							<String ID="string_93" HPOS="1157" VPOS="696" WIDTH="53" HEIGHT="31" WC="0.96" CONTENT="kr."/>
						</TextLine>
					</TextBlock>
					<TextBlock ID="block_5" HPOS="222" VPOS="738" WIDTH="1488" HEIGHT="150">
						<TextLine ID="line_11" HPOS="268" VPOS="738" WIDTH="1439" HEIGHT="54">
							<String ID="string_94" HPOS="268" VPOS="738" WIDTH="171" HEIGHT="40" WC="0.90" CONTENT="Stutligem"/><SP WIDTH="28" VPOS="738" HPOS="439"/>
							<String ID="string_95" HPOS="467" VPOS="741" WIDTH="146" HEIGHT="31" WC="0.91" CONTENT="föreslås"/><SP WIDTH="30" VPOS="741" HPOS="613"/>
							<String ID="string_96" HPOS="643" VPOS="743" WIDTH="96" HEIGHT="30" WC="0.50" CONTENT="vissa"/><SP WIDTH="27" VPOS="743" HPOS="739"/>
							<String ID="string_97" HPOS="766" VPOS="744" WIDTH="190" HEIGHT="41" WC="0.76" CONTENT="ändringar"/><SP WIDTH="26" VPOS="744" HPOS="956"/>
							<String ID="string_98" HPOS="982" VPOS="747" WIDTH="15" HEIGHT="30" WC="0.95" CONTENT="i"/><SP WIDTH="29" VPOS="747" HPOS="997"/>
							<String ID="string_99" HPOS="1026" VPOS="748" WIDTH="521" HEIGHT="43" WC="0.76" CONTENT="stämpelskatteförordningen"/><SP WIDTH="28" VPOS="748" HPOS="1547"/>
							<String ID="string_100" HPOS="1575" VPOS="753" WIDTH="14" HEIGHT="29" WC="0.95" CONTENT="i"/><SP WIDTH="28" VPOS="753" HPOS="1589"/>
							<String ID="string_101" HPOS="1617" VPOS="754" WIDTH="90" HEIGHT="38" WC="0.96" CONTENT="syfte"/>
						</TextLine>
						<TextLine ID="line_12" HPOS="222" VPOS="792" WIDTH="1488" HEIGHT="50">
							<String ID="string_102" HPOS="222" VPOS="793" WIDTH="56" HEIGHT="30" WC="0.60" CONTENT="att."/><SP WIDTH="20" VPOS="793" HPOS="278"/>
							<String ID="string_103" HPOS="298" VPOS="792" WIDTH="189" HEIGHT="42" WC="0.95" CONTENT="förtydliga"/><SP WIDTH="23" VPOS="792" HPOS="487"/>
							<String ID="string_104" HPOS="510" VPOS="796" WIDTH="160" HEIGHT="40" WC="0.16" CONTENT="reglerna"/><SP WIDTH="24" VPOS="796" HPOS="670"/>
							<String ID="string_105" HPOS="694" VPOS="806" WIDTH="61" HEIGHT="22" WC="0.93" CONTENT="om"/><SP WIDTH="22" VPOS="806" HPOS="755"/>
							<String ID="string_106" HPOS="777" VPOS="798" WIDTH="213" HEIGHT="40" WC="0.81" CONTENT="tidpumkten"/><SP WIDTH="24" VPOS="798" HPOS="990"/>
							<String ID="string_107" HPOS="1014" VPOS="801" WIDTH="55" HEIGHT="30" WC="0.93" CONTENT="för"/><SP WIDTH="27" VPOS="801" HPOS="1069"/>
							<String ID="string_108" HPOS="1096" VPOS="801" WIDTH="273" HEIGHT="41" WC="0.66" CONTENT="skattepliktens"/><SP WIDTH="21" VPOS="801" HPOS="1369"/>
							<String ID="string_109" HPOS="1390" VPOS="804" WIDTH="137" HEIGHT="32" WC="0.86" CONTENT="inträde"/><SP WIDTH="26" VPOS="804" HPOS="1527"/>
							<String ID="string_110" HPOS="1553" VPOS="807" WIDTH="60" HEIGHT="29" WC="0.91" CONTENT="vid"/><SP WIDTH="24" VPOS="807" HPOS="1613"/>
							<String ID="string_111" HPOS="1637" VPOS="807" WIDTH="73" HEIGHT="31" WC="0.91" CONTENT="för-"/>
						</TextLine>
						<TextLine ID="line_13" HPOS="223" VPOS="846" WIDTH="551" HEIGHT="42">
							<String ID="string_112" HPOS="223" VPOS="846" WIDTH="87" HEIGHT="30" WC="0.96" CONTENT="värv"/><SP WIDTH="13" VPOS="846" HPOS="310"/>
							<String ID="string_113" HPOS="323" VPOS="856" WIDTH="44" HEIGHT="21" WC="0.94" CONTENT="av"/><SP WIDTH="17" VPOS="856" HPOS="367"/>
							<String ID="string_114" HPOS="384" VPOS="847" WIDTH="72" HEIGHT="32" WC="0.78" CONTENT="fast"/><SP WIDTH="17" VPOS="847" HPOS="456"/>
							<String ID="string_115" HPOS="473" VPOS="849" WIDTH="172" HEIGHT="39" WC="0.27" CONTENT="egendom"/><SP WIDTH="13" VPOS="849" HPOS="645"/>
							<String ID="string_116" HPOS="658" VPOS="860" WIDTH="49" HEIGHT="22" WC="0.73" CONTENT="In,"/><SP WIDTH="21" VPOS="860" HPOS="707"/>
							<String ID="string_117" HPOS="728" VPOS="860" WIDTH="46" HEIGHT="22" WC="0.66" CONTENT="In."/>
						</TextLine>
					</TextBlock>
					<TextBlock ID="block_6" HPOS="224" VPOS="899" WIDTH="1484" HEIGHT="101">
						<TextLine ID="line_14" HPOS="267" VPOS="899" WIDTH="1441" HEIGHT="59">
							<String ID="string_118" HPOS="267" VPOS="899" WIDTH="50" HEIGHT="31" WC="0.96" CONTENT="De"/><SP WIDTH="21" VPOS="899" HPOS="317"/>
							<String ID="string_119" HPOS="338" VPOS="908" WIDTH="49" HEIGHT="22" WC="0.96" CONTENT="nu"/><SP WIDTH="22" VPOS="908" HPOS="387"/>
							<String ID="string_120" HPOS="409" VPOS="900" WIDTH="197" HEIGHT="41" WC="0.96" CONTENT="framlagda"/><SP WIDTH="22" VPOS="900" HPOS="606"/>
							<String ID="string_121" HPOS="628" VPOS="902" WIDTH="176" HEIGHT="42" WC="0.92" CONTENT="förslagen"/><SP WIDTH="22" VPOS="902" HPOS="804"/>
							<String ID="string_122" HPOS="826" VPOS="906" WIDTH="41" HEIGHT="29" WC="0.96" CONTENT="är"/><SP WIDTH="19" VPOS="906" HPOS="867"/>
							<String ID="string_123" HPOS="886" VPOS="906" WIDTH="154" HEIGHT="31" WC="0.96" CONTENT="avsedda"/><SP WIDTH="20" VPOS="906" HPOS="1040"/>
							<String ID="string_124" HPOS="1060" VPOS="910" WIDTH="54" HEIGHT="28" WC="0.95" CONTENT="att"/><SP WIDTH="19" VPOS="910" HPOS="1114"/>
							<String ID="string_125" HPOS="1133" VPOS="909" WIDTH="90" HEIGHT="39" WC="0.87" CONTENT="gälla"/><SP WIDTH="24" VPOS="909" HPOS="1223"/>
							<String ID="string_126" HPOS="1247" VPOS="910" WIDTH="42" HEIGHT="31" WC="0.92" CONTENT="fr."/><SP WIDTH="23" VPOS="910" HPOS="1289"/>
							<String ID="string_127" HPOS="1312" VPOS="918" WIDTH="36" HEIGHT="23" WC="0.87" CONTENT="&amp;"/><SP WIDTH="18" VPOS="918" HPOS="1348"/>
							<String ID="string_128" HPOS="1366" VPOS="919" WIDTH="46" HEIGHT="22" WC="0.68" CONTENT="m."/><SP WIDTH="23" VPOS="919" HPOS="1412"/>
							<String ID="string_129" HPOS="1435" VPOS="911" WIDTH="70" HEIGHT="31" WC="0.93" CONTENT="der"/><SP WIDTH="21" VPOS="911" HPOS="1505"/>
							<String ID="string_130" HPOS="1526" VPOS="913" WIDTH="17" HEIGHT="29" WC="0.80" CONTENT="I"/><SP WIDTH="22" VPOS="913" HPOS="1543"/>
							<String ID="string_131" HPOS="1565" VPOS="909" WIDTH="143" HEIGHT="49" WC="0.0" CONTENT="jareari"/>
						</TextLine>
						<TextLine ID="line_15" HPOS="224" VPOS="952" WIDTH="1150" HEIGHT="48">
							<String ID="string_132" HPOS="224" VPOS="952" WIDTH="93" HEIGHT="37" WC="0.95" CONTENT="1965,"/><SP WIDTH="18" VPOS="952" HPOS="317"/>
							<String ID="string_133" HPOS="335" VPOS="953" WIDTH="50" HEIGHT="32" WC="0.96" CONTENT="då"/><SP WIDTH="12" VPOS="953" HPOS="385"/>
							<String ID="string_134" HPOS="397" VPOS="954" WIDTH="71" HEIGHT="30" WC="0.79" CONTENT="dem"/><SP WIDTH="14" VPOS="954" HPOS="468"/>
							<String ID="string_135" HPOS="482" VPOS="963" WIDTH="70" HEIGHT="32" WC="0.91" CONTENT="nya"/><SP WIDTH="16" VPOS="963" HPOS="552"/>
							<String ID="string_136" HPOS="568" VPOS="956" WIDTH="520" HEIGHT="44" WC="0.84" CONTENT="stämpelskatteförardningen"/><SP WIDTH="15" VPOS="956" HPOS="1088"/>
							<String ID="string_137" HPOS="1103" VPOS="962" WIDTH="123" HEIGHT="30" WC="0.53" CONTENT="träder"/><SP WIDTH="13" VPOS="962" HPOS="1226"/>
							<String ID="string_138" HPOS="1239" VPOS="963" WIDTH="14" HEIGHT="30" WC="0.92" CONTENT="i"/><SP WIDTH="15" VPOS="963" HPOS="1253"/>
							<String ID="string_139" HPOS="1268" VPOS="963" WIDTH="106" HEIGHT="31" WC="0.96" CONTENT="kraft."/>
						</TextLine>
					</TextBlock>
				</ComposedBlock>
				<ComposedBlock ID="cblock_2" HPOS="221" VPOS="1059" WIDTH="1487" HEIGHT="94">
					<TextBlock ID="block_7" HPOS="221" VPOS="1059" WIDTH="1487" HEIGHT="94">
						<TextLine ID="line_16" HPOS="265" VPOS="1059" WIDTH="1443" HEIGHT="52">
							<String ID="string_140" HPOS="265" VPOS="1059" WIDTH="50" HEIGHT="30" WC="0.93" CONTENT="De"/><SP WIDTH="17" VPOS="1059" HPOS="315"/>
							<String ID="string_141" HPOS="332" VPOS="1061" WIDTH="248" HEIGHT="31" WC="0.5" CONTENT="ovannänpmada"/><SP WIDTH="14" VPOS="1061" HPOS="580"/>
							<String ID="string_142" HPOS="594" VPOS="1063" WIDTH="54" HEIGHT="30" WC="0.94" CONTENT="till"/><SP WIDTH="14" VPOS="1063" HPOS="648"/>
							<String ID="string_143" HPOS="662" VPOS="1064" WIDTH="222" HEIGHT="40" WC="0.94" CONTENT="proposition"/><SP WIDTH="15" VPOS="1064" HPOS="884"/>
							<String ID="string_144" HPOS="899" VPOS="1075" WIDTH="43" HEIGHT="20" WC="0.94" CONTENT="nr"/><SP WIDTH="19" VPOS="1075" HPOS="942"/>
							<String ID="string_145" HPOS="961" VPOS="1066" WIDTH="67" HEIGHT="30" WC="0.96" CONTENT="174"/><SP WIDTH="13" VPOS="1066" HPOS="1028"/>
							<String ID="string_146" HPOS="1041" VPOS="1066" WIDTH="129" HEIGHT="41" WC="0.23" CONTENT="fogade"/><SP WIDTH="11" VPOS="1066" HPOS="1170"/>
							<String ID="string_147" HPOS="1181" VPOS="1068" WIDTH="413" HEIGHT="43" WC="0.30" CONTENT="författringsförslager"/><SP WIDTH="14" VPOS="1068" HPOS="1594"/>
							<String ID="string_148" HPOS="1608" VPOS="1073" WIDTH="40" HEIGHT="29" WC="0.95" CONTENT="är"/><SP WIDTH="16" VPOS="1073" HPOS="1648"/>
							<String ID="string_149" HPOS="1664" VPOS="1083" WIDTH="44" HEIGHT="20" WC="0.94" CONTENT="av"/>
						</TextLine>
						<TextLine ID="line_17" HPOS="221" VPOS="1111" WIDTH="323" HEIGHT="42">
							<String ID="string_150" HPOS="221" VPOS="1111" WIDTH="164" HEIGHT="41" WC="0.32" CONTENT="följamse"/><SP WIDTH="19" VPOS="1111" HPOS="385"/>
							<String ID="string_151" HPOS="404" VPOS="1113" WIDTH="140" HEIGHT="40" WC="0.96" CONTENT="lydelse."/>
						</TextLine>
					</TextBlock>
				</ComposedBlock>
			</PrintSpace>
		</Page>
	</Layout>
</alto>
