1876 2820
578 155 263 31 Statsutskottets
862 159 169 29 utlåtande
1053 169 38 19 nr
1119 162 50 28 82.
1595 165 36 31 17

798 364 59 41 Nr
889 365 67 41 82.

540 473 123 28 Ankom
688 475 49 27 till
761 475 187 38 riksdagens
973 478 103 28 kansli
1101 479 61 28 den
1189 479 36 28 14
1250 480 79 37 april
1355 481 79 28 1944
1459 482 40 28 kl.
1527 483 37 28 12
1587 492 40 19 m.

436 563 192 38 Utlåtande
655 566 14 35 i
695 566 196 50 anledning
915 581 45 23 av
989 569 135 49 Kungl.
1158 571 130 49 Maj:ts
1310 573 225 48 proposition
1563 587 64 23 an-

536 626 136 47 gående
706 627 150 48 fortsatt
891 629 215 48 disposition
1143 644 46 23 av
1226 632 85 36 visst
1340 633 107 36 äldre
1474 647 154 24 reserva-

542 685 232 51 tionsanslag.

1404 751 63 42 (1:a
1489 752 86 43 avd.)

181 832 19 32 I
215 834 260 41 propositionen
491 846 41 21 nr
548 837 59 31 125
622 837 62 32 har
699 838 125 43 Kungl.
842 839 110 43 Maj:t,
970 841 108 32 under
1093 842 215 43 åberopande
1324 855 40 21 av
1380 844 109 43 bilagt
1505 845 120 43 utdrag

128 893 40 21 av
193 884 377 43 statsrådsprotokollet
594 889 80 31 över
697 889 295 34 handelsärenden
1017 892 53 31 för
1095 892 65 33 den
1186 893 40 32 25
1251 894 148 33 februari
1426 896 89 38 1944,
1542 896 79 32 före

128 933 102 42 slagit
250 934 181 44 riksdagen
452 937 163 42 medgiva,
637 941 51 29 att
707 941 214 32 återstående
942 942 111 32 medel
1074 945 20 29 å
1114 943 58 32 det
1192 944 54 31 för
1266 944 203 43 budgetåret
1490 946 132 32 1940/41

125 985 161 32 anvisade
313 987 384 43 reservationsanslaget
723 989 52 31 till
803 991 234 42 exploatering
1063 1003 40 20 av
1130 993 94 31 vissa
1250 994 244 42 uppfinningar
1520 998 103 29 måtte

128 1034 34 32 få
183 1035 201 42 disponeras
406 1037 109 32 under
535 1038 202 42 budgetåret
760 1041 143 32 1944/45.

175 1119 30 32 Å
228 1120 182 33 riksstaten
432 1122 54 31 för
507 1121 200 43 budgetåret
730 1124 133 32 1940/41
885 1125 61 31 har
967 1126 108 33 under
1095 1127 118 32 tionde
1234 1127 217 34 huvudtiteln
1472 1131 150 32 anvisats

123 1173 50 30 ett
196 1172 348 43 reservationsanslag
566 1176 19 29 å
606 1174 19 31 3
649 1175 159 41 miljoner
830 1175 125 34 kronor
978 1177 53 31 till
1055 1178 235 43 exploatering
1311 1191 40 20 av
1374 1181 93 31 vissa
1489 1182 132 41 uppfin-

121 1232 130 31 ningar.

175 1272 17 31 I
213 1272 164 34 skrivelse
396 1273 66 32 den
482 1274 19 32 5
521 1274 149 33 februari
691 1276 81 32 1944
791 1276 60 32 har
869 1280 133 30 statens
1021 1278 322 43 uppfinnarnämnd,
1363 1280 103 42 jämte
1487 1282 134 31 erinran

121 1325 48 29 att
194 1334 47 21 nu
265 1324 257 42 ifrågavarande
546 1326 118 42 anslag
687 1326 93 43 finge
804 1327 134 42 jämlikt
961 1328 126 42 Kungl.
1112 1329 120 42 Maj:ts
1256 1330 114 34 beslut
1394 1332 66 31 den
1486 1333 37 30 17
1547 1333 73 41 juni

123 1374 80 31 1943
225 1374 200 41 disponeras
445 1375 125 41 jämväl
589 1376 108 32 under
716 1377 229 33 innevarande
964 1378 176 42 budgetår,
1161 1380 173 32 hemställt
1354 1392 54 20 om
1429 1382 118 42 åtgärd
1568 1383 53 31 för

121 1423 140 33 fortsatt
279 1424 208 42 disposition
506 1436 40 21 av
565 1426 154 42 anslaget
736 1429 84 30 även
839 1427 109 33 under
965 1428 202 42 budgetåret
1188 1430 144 31 1944/45.
1362 1431 180 32 Nämnden
1560 1432 61 32 har

118 1473 121 32 härvid
260 1474 114 34 anfört
394 1475 105 32 bland
520 1479 101 29 annat
642 1477 164 41 följande:

172 1532 120 32 Under
310 1533 65 31 den
396 1534 60 37 tid,
477 1545 74 21 som
570 1535 158 38 förflutit,
748 1536 105 31 sedan
871 1537 156 42 anslaget
1045 1537 199 41 beviljades,
1264 1539 60 31 har
1342 1540 276 42 exploateringen

120 1585 40 20 av
180 1575 58 31 det
257 1577 92 30 stora
367 1576 151 33 flertalet
536 1577 252 42 uppfinningar,
809 1589 72 21 som
900 1579 91 31 fallit
1009 1580 108 31 under
1135 1581 374 41 uppfinnarnämndens
1528 1583 89 31 verk:

120 1618 298 38 samhetsområde,
437 1621 81 29 utan
536 1619 144 33 kostnad
698 1621 52 30 för
768 1622 204 31 statsverket
988 1622 141 32 kommit
1145 1623 53 31 till
1215 1625 101 30 stånd
1331 1624 57 32 vid
1405 1625 213 32 existerande

119 1660 291 43 industriföretag,
434 1662 76 31 med
533 1662 88 32 vilka
644 1663 228 42 uppfinnaren
894 1665 77 31 med
995 1665 82 32 eller
1098 1667 82 30 utan
1203 1666 186 33 nämndens
1413 1667 206 43 förmedling

119 1704 119 32 träffat
272 1704 212 42 uppgörelse,
519 1705 82 31 eller
633 1716 121 31 genom
777 1708 49 29 att
849 1707 228 41 uppfinnaren
1101 1709 74 30 från
1198 1709 181 41 privathåll
1402 1710 137 32 erhållit
1561 1711 56 31 det

118 1746 127 42 nödiga
266 1747 164 41 kapitalet
453 1748 55 31 för
531 1748 274 32 verksamhetens
828 1749 263 43 igångsättning.
1126 1751 19 31 I
1168 1750 42 33 de
1234 1751 60 32 fall
1315 1771 42 3 —
1379 1753 168 32 avseende
1570 1756 47 29 ut-

118 1788 143 42 vinning
282 1800 40 20 av
345 1790 69 41 olja
436 1801 41 20 ur
498 1790 120 32 skiffer
640 1791 108 41 enligt
769 1792 53 31 d:r
842 1792 67 41 ing.
932 1792 54 31 Fr.
1011 1792 241 42 Ljungströms
1274 1795 113 31 metod
1408 1814 43 4 —
1472 1795 59 31 där
1553 1796 63 30 till-

118 1831 226 42 verkningens
371 1832 212 32 räntabilitet
608 1834 109 31 under
742 1834 151 32 normala
919 1835 237 32 förhållanden
1185 1838 117 39 syntes
1329 1837 206 43 tvivelaktig,
1563 1838 52 32 be-

118 1873 126 41 viljade
264 1873 181 33 riksdagen
467 1877 49 29 ett
537 1875 138 32 särskilt
694 1876 380 43 exploateringsanslag.
1106 1878 68 31 Det
1196 1878 255 42 ifrågavarande
1473 1891 143 22 reserva-

119 1915 247 42 tionsanslaget
413 1928 37 20 har
473 1917 143 32 sålunda
639 1918 122 31 endast
783 1918 126 32 behövt
933 1922 95 39 tagas
1051 1920 11 31 i
1086 1920 146 41 anspråk
1256 1921 11 31 i
1292 1923 49 29 ett
1363 1922 82 31 fåtal
1470 1922 59 32 fall
1553 1924 62 31 och

117 1958 53 30 till
191 1960 50 29 ett
258 1958 135 42 belopp,
414 1969 74 21 som
508 1959 65 31 den
595 1961 15 29 1
630 1960 133 41 januari
785 1961 79 31 1944
883 1961 147 42 uppgick
1049 1962 52 31 till
1124 1963 59 30 106
1195 1963 62 31 500
1277 1963 131 32 kronor.
1440 1964 53 32 De
1512 1967 103 30 extra-

117 2000 159 32 ordinära
294 2001 246 38 förhållanden,
559 2013 72 20 som
648 2003 198 31 föranledde
864 2004 172 41 anslagets
1053 2004 204 41 beviljande,
1274 2005 135 33 kvarstå
1426 2007 189 32 emellertid

117 2042 218 33 fortfarande.
372 2044 120 31 Ehuru
517 2044 58 33 det
599 2047 36 29 är
658 2046 188 31 nämndens
872 2046 241 43 förhoppning,
1139 2049 50 30 att
1213 2047 147 34 behovet
1384 2060 40 20 av
1450 2050 165 41 exploate-

118 2084 190 42 ringshjälp
326 2087 83 30 även
428 2086 11 30 i
459 2086 265 43 fortsättningen
742 2088 86 31 skall
846 2089 109 30 mötas
973 2100 41 20 av
1032 2089 180 33 förståelse
1231 2090 92 32 inom
1341 2090 192 33 industrien
1552 2093 61 31 och

116 2128 10 29 i
147 2127 178 32 huvudsak
346 2128 113 32 kunna
480 2129 91 31 lösas
592 2131 80 30 utan
693 2132 129 29 statens
843 2130 213 38 medverkan,
1077 2142 100 21 anser
1198 2132 65 31 den
1285 2132 58 32 det
1362 2133 86 32 dock
1469 2135 133 31 nödvän

117 2169 81 41 digt,
222 2171 50 29 att
292 2170 153 42 anslaget
466 2170 153 32 kvarstår
639 2173 112 29 såsom
774 2182 112 21 reserv
908 2173 54 30 för
983 2175 50 30 att
1054 2173 114 31 kunna
1189 2173 182 42 tillgodose
1394 2175 155 38 behovet,
1573 2177 40 32 då

115 2222 111 20 annan
246 2211 136 42 lösning
399 2212 30 40 ej
451 2215 70 28 står
540 2215 50 29 att
608 2213 103 31 finna.

169 2292 50 31 På
241 2292 42 32 de
305 2304 40 20 av
365 2296 132 30 statens
521 2295 310 41 uppfinnarnämnd
852 2297 144 31 anförda
1018 2297 117 32 skälen
1157 2298 62 31 har
1240 2299 373 42 departementschefen

115 2341 162 38 förordat,
298 2345 49 29 att
366 2342 199 43 riksdagens
586 2344 222 41 medgivande
829 2345 157 33 utverkas
1008 2345 52 31 till
1080 2348 49 29 att
1149 2346 256 41 ifrågavarande
1425 2349 119 42 anslag
1563 2351 51 31 får

118 2391 201 42 disponeras
337 2392 123 42 jämväl
480 2394 107 32 under
605 2394 202 42 budgetåret
827 2395 144 32 1944/45.

166 2453 114 36 Bihang
303 2454 44 28 till
369 2455 170 36 riksdagens
557 2456 145 37 protokoll
725 2457 90 28 1944.
851 2458 19 26 6
892 2457 82 29 saml.
1021 2457 46 29 Nr
1090 2459 133 28 ?7—82,
1428 2469 41 19 sie
1485 2471 24 18 su
1556 2463 17 28 2
