1898 2831
336 137 189 30 Allmänna
540 137 398 40 beredningsutskottets
953 138 178 29 utlåtande
1145 147 43 20 nr
1201 139 42 29 30
1256 139 41 29 år
1312 139 83 28 1969
1584 139 19 30 5

119 216 241 41 spritdrycker
380 217 156 31 innebär.
557 217 125 41 Övriga
700 218 12 30 i
732 218 220 31 motionerna
972 219 256 30 aktualiserade
1249 219 118 40 frågor
1385 218 150 31 rörande
1554 228 52 20 re-

122 271 96 30 klam
232 271 55 30 för
301 272 59 30 vin
375 272 65 30 och
455 273 33 29 öl
503 274 91 28 samt
609 273 234 39 smygreklam
858 273 88 29 fann
959 272 379 40 bevillningsutskottet
1353 281 85 21 vara
1453 281 41 21 av
1509 280 97 21 mera

123 324 268 31 svårbedömbar
413 326 178 35 karaktär,
618 326 63 31 och
705 326 101 30 dessa
828 326 107 30 borde
959 326 119 30 därför
1101 327 187 39 övervägas
1312 336 42 20 av
1378 325 227 41 alkoholpoli-

123 379 93 30 tiska
231 379 231 40 utredningen
478 380 109 29 innan
603 380 188 39 riksdagen
806 382 58 38 tog
880 380 114 40 någon
1011 380 228 41 ståndpunkt.
1256 380 349 40 Bevillningsutskot-

123 434 47 28 tet
191 432 207 31 hemställde
421 443 56 21 om
500 434 131 39 förslag
651 434 53 29 till
729 433 82 31 1969
835 434 56 30 års
913 434 205 40 vårriksdag
1139 434 222 30 beträffande
1383 434 128 31 förbud
1532 435 74 28 mot

120 486 136 30 reklam
271 487 54 30 för
341 488 246 40 spritdrycker.
602 488 199 39 Riksdagen
815 488 99 30 biföll
929 488 114 30 denna
1056 489 221 30 hemställan.

165 541 53 29 Då
238 541 188 40 riksdagen
449 542 148 30 sålunda
618 542 139 40 nyligen
778 542 179 30 hemställt
978 551 57 21 om
1057 542 130 40 förslag
1210 552 41 20 av
1272 542 126 40 Kungl.
1420 542 106 40 Maj:t
1548 551 57 21 om

122 595 128 30 förbud
266 597 71 28 mot
353 596 135 29 reklam
505 596 54 30 för
576 596 236 40 spritdrycker
828 597 65 29 och
910 596 43 30 då
968 596 188 39 riksdagen
1173 596 30 40 ej
1223 596 167 30 förutsatt
1405 596 201 39 ytterligare

121 649 188 40 utredning
332 659 42 20 av
396 649 124 40 frågan
543 650 117 29 finner
683 650 49 39 sig
755 649 380 40 beredningsutskottet
1158 650 29 39 ej
1214 650 121 29 kunna
1357 650 177 39 tillstyrka
1556 649 50 30 bi-

122 702 62 30 fall
198 703 52 29 till
265 704 326 39 motionsyrkandet
605 704 11 29 i
631 704 114 30 denna
759 704 64 29 del.

166 757 65 29 Det
249 757 206 29 ankommer
472 757 45 40 på
535 757 308 40 alkoholpolitiska
861 757 232 40 utredningen
1112 759 50 28 att
1179 759 35 28 ta
1234 757 165 40 ställning
1417 757 52 30 till
1488 757 118 39 övriga

122 810 117 40 frågor
252 811 150 30 rörande
415 811 135 30 reklam
565 811 54 30 för
634 811 274 40 alkoholhaltiga
923 811 156 40 drycker.

164 864 177 30 Utskottet
356 864 55 30 får
426 865 119 30 därför
559 865 186 30 hemställa

487 920 50 28 att
557 919 219 30 motionerna
796 919 28 30 I:
841 918 62 31 875
924 919 66 30 och
1010 919 45 30 II:
1073 919 83 30 1010
1176 919 76 29 icke
1274 918 196 31 föranleder
1491 918 114 40 någon

440 973 207 39 riksdagens
661 973 132 39 åtgärd.

165 1043 203 30 Stockholm
383 1043 67 30 den
464 1044 18 30 9
498 1044 89 40 april
603 1043 82 31 1969

458 1133 48 30 På
521 1134 178 29 allmänna
712 1134 399 39 beredningsutskottets
1125 1134 146 39 vägnar:

675 1223 147 30 NANCY
836 1223 219 31 ERIKSSON

743 1411 240 30 Närvarande:

167 1474 80 30 från
275 1473 165 31 första
466 1474 222 30 kammaren:
706 1474 123 29 herrar
846 1474 121 29 Möller
991 1473 65 35 (s),
1074 1473 163 30 Hedlund
1260 1473 65 35 (s),
1343 1473 80 30 Eric
1440 1474 166 29 Peterson

126 1519 89 40 (fp),
238 1519 85 30 Axel
345 1518 242 31 Kristiansson
616 1518 89 40 (cp),
730 1519 105 39 Helge
858 1518 169 30 Karlsson
1056 1518 65 34 (s),
1145 1518 83 30 Karl
1253 1518 130 30 Gustav
1406 1518 200 30 Pettersson

128 1564 66 34 (s),
208 1564 105 29 Ernst
328 1563 128 31 Olsson
477 1563 112 40 (cp),
604 1563 72 30 Ove
691 1563 168 30 Karlsson
880 1563 65 34 (s),
960 1563 196 40 Blomquist
1177 1562 84 35 (m),
1277 1563 58 29 fru
1350 1562 125 31 Grethe
1489 1562 117 30 Lund-

122 1609 82 29 blad
222 1608 65 35 (s),
300 1608 122 30 herrar
436 1608 151 30 Axelson
607 1608 72 40 (fp)
698 1608 65 30 och
777 1608 124 39 Ingvar
915 1607 202 31 Andersson
1136 1608 110 34 (m)=+;

168 1671 80 30 från
306 1671 120 29 andra
453 1670 221 30 kammaren:
694 1670 57 30 fru
767 1670 171 30 Eriksson
953 1671 12 29 i
983 1670 201 31 Stockholm
1207 1670 65 34 (s),
1289 1670 121 30 herrar
1426 1671 152 29 Larsson
1593 1670 13 29 i

122 1716 134 39 Borrby
281 1715 90 40 (cp),
392 1715 121 30 Rimås
538 1714 86 40 (fp),
647 1715 58 29 fru
725 1715 186 30 Hörnlund
936 1714 87 35 (s)+»,
1044 1715 122 30 herrar
1186 1715 199 30 Johansson
1405 1715 12 29 i
1439 1715 167 30 Skärstad

127 1760 92 40 (cp),
239 1760 172 31 Wiklund
432 1761 11 29 i
464 1760 210 30 Härnösand
701 1759 87 35 (s)+»,
810 1759 193 40 Hyltander
1029 1759 86 40 (fp),
1139 1759 110 30 Green
1275 1759 66 34 (s),
1362 1760 163 39 Rosqvist
1551 1759 50 35 (s)

121 1805 67 30 och
201 1805 129 39 Björck
344 1805 11 30 i
367 1805 127 39 Nässjö
514 1804 106 35 (m):.

156 1871 13 14 +
191 1871 32 30 Ej
239 1871 173 24 närvarande
425 1871 48 24 vid
487 1871 173 23 utlåtandets
673 1871 143 29 justering.

136 2507 82 16 MARCUS
228 2507 73 16 BOKTR.
310 2506 65 17 STHLM
385 2506 37 16 1969
441 2507 76 17 690034
