2208 2624
610 173 413 33 Konstitutionsutskottets
1046 173 168 32 utlåtande
1239 168 52 36 Nr
1314 173 54 31 29.
1775 171 20 31 5

196 259 139 49 gående
372 258 218 37 förändrade
627 257 227 49 stadganden
884 262 77 31 mot
991 270 139 36 uppror
1157 257 67 35 och
1254 256 147 48 olofliga
1430 255 364 41 sammankomster»,

196 314 147 35 hvilken
387 311 298 37 sanktionerades
710 288 58 59 af
808 311 137 49 Kungl.
990 306 104 71 Maj:t
1132 310 67 36 och
1239 286 213 60 utfärdades
1481 309 70 36 den
1584 310 19 34 6
1635 307 161 37 februari

200 369 111 34 1849.
369 367 131 35 Denna
529 365 217 48 förordning
774 342 205 59 innehåller
1007 367 13 33 i
1049 367 56 33 sin
1137 366 19 34 8
1188 362 17 49 $
1235 363 201 49 stadgande
1462 376 59 22 om
1543 362 254 49 församlings-

197 426 134 31 rätten:
366 420 64 48 »Ej
463 433 84 22 vare
577 419 188 48 menighet
794 422 20 32 å
829 419 125 36 landet
975 420 88 35 eller
1082 420 12 34 i
1115 418 80 36 stad
1217 390 172 79 förment,
1411 422 52 31 att
1483 394 315 58 sammankomma

195 476 58 35 till
295 473 283 49 öfverläggning
619 486 59 22 om
718 474 72 34 mål
832 474 89 34 eller
949 473 146 43 ärende,
1127 484 77 23 som
1235 447 234 72 menigheten
1500 477 115 37 rörer;
1647 471 30 46 ej
1710 471 88 34 eller

197 532 60 33 må
285 528 112 36 sådan
427 504 290 59 sammankomst
746 525 40 36 af
810 525 170 49 offentlig
1009 525 219 50 myndighet
1257 497 187 80 upplösas,
1475 527 40 32 så
1543 499 111 60 framt
1670 523 128 36 dervid

197 584 30 47 ej
262 582 181 48 företages
472 584 122 45 något,
626 593 76 23 som
737 585 97 31 emot
862 581 61 47 lag
951 557 186 58 stridande
1167 586 49 46 är
1234 580 88 34 eller
1352 579 106 60 eljest
1488 579 135 34 allmän
1639 577 159 48 ordning

198 642 126 30 störer.
380 613 73 59 Om
484 611 58 59 tid
567 634 67 36 och
664 635 104 34 ställe
784 632 57 37 för
857 607 348 78 sammankomsten,
1208 622 79 46 "der
1302 632 70 36 den
1388 632 31 47 ej
1444 632 123 44 redan,
1590 644 132 36 genom
1738 608 60 71 lag

197 692 88 35 eller
314 688 172 37 särskildt
516 688 211 48 stadgande,
757 688 168 35 bestämd
955 694 50 39 är,
1036 688 91 35 skall
1144 675 90 47 dock
1260 687 171 35 anmälan
1451 693 105 41 göras
1576 662 66 58 hos
1663 661 134 59 offent-

196 746 74 46 liga
304 743 267 50 myndigheten
599 744 12 33 i
640 747 104 30 orten
774 743 88 34 eller
891 717 139 69 staden,
1061 744 39 32 så
1127 742 104 47 långt
1260 740 112 45 förut,
1403 716 69 59 att
1485 739 71 35 den
1576 740 71 34 kan
1668 738 128 36 dervid

196 797 277 44 tillstädesvara,
504 809 59 22 om
585 799 39 32 så
643 795 130 48 nödigt
793 808 115 23 anses.
949 794 89 36 Sker
1057 795 289 35 sammankomst
1367 798 89 31 utan
1478 793 111 35 sådan
1610 793 186 42 anmälan;

196 865 83 23 vare
318 851 81 43 den,
440 862 78 23 som
548 850 335 35 sammankomsten
919 848 271 44 föranstaltade,
1221 847 172 36 förfallen
1422 848 58 34 till
1509 847 104 35 böter
1643 845 81 36 från
1749 847 47 34 25

198 907 57 34 till
297 906 72 34 100
409 903 211 36 riksdaler.»
682 903 105 35 Inom
816 903 142 35 riksens
988 902 148 35 ständer
1163 901 93 36 hade
1285 902 106 47 lagen
1421 901 216 34 tillkommit
1665 912 132 36 genom

197 959 45 36 de
283 964 55 30 tre
381 959 114 47 högre
535 957 172 35 ståndens
745 956 132 36 beslut.
943 955 274 36 Bondeståndet
1246 958 77 32 åter
1353 954 92 35 hade
1475 953 175 36 förkastat
1678 955 118 46 lagen,

198 1013 77 35 dels
304 988 155 60 emedan
490 1011 59 36 det
580 1011 30 47 ej
643 1010 162 48 stadgats
834 1022 132 23 ansvar
995 1008 57 37 för
1080 1010 83 35 civil
1193 1009 66 35 och
1290 1009 139 34 militär
1458 1007 230 49 myndighet,
1719 1019 78 23 som

197 1065 255 37 missbrukade
481 1066 58 34 sin
569 1036 232 80 befogenhet,
832 1063 76 36 dels
932 1057 160 42 emedan
1122 1063 61 35 det
1209 1061 93 37 hade
1323 1060 244 38 föreskrifvits
1588 1056 210 70 skyldighet

198 1126 73 35 att
294 1121 145 35 anmäla
481 1091 298 79 sammankomst.
845 1116 153 37 Ståndet
1039 1120 114 45 ansåg
1194 1117 199 47 nämligen,
1424 1120 53 31 att
1510 1115 84 35 »det
1623 1115 30 47 ej
1687 1114 111 36 borde

198 1174 134 48 ådraga
373 1176 122 45 någon
533 1185 140 31 ansvar,
712 1184 59 23 om
808 1171 72 35 han
908 1173 13 33 i
950 1171 123 48 lofliga
1101 1147 160 59 ärenden
1291 1170 284 35 sammankallar
1603 1167 77 36 folk
1709 1173 88 30 utan

199 1233 54 31 att
282 1227 92 36 först
402 1228 169 46 kungöra
599 1225 130 36 sådant
758 1224 57 36 för
843 1224 271 36 vederbörande
1143 1223 253 49 myndighet.»

332 1280 187 36 Utskottet
548 1279 104 36 torde
681 1278 84 36 med
793 1278 61 36 det
882 1277 110 37 ofvan
1022 1276 153 37 anförda
1203 1276 109 36 hafva
1339 1278 95 34 visat
1454 1276 61 36 det
1534 1289 85 23 vara
1639 1279 39 32 så
1697 1277 102 46 långt

198 1335 97 36 ifrån
315 1340 54 30 att
390 1332 396 49 församlingsfriheten
807 1333 70 34 kan
899 1344 104 23 anses
1024 1334 118 32 såsom
1158 1343 45 23 en
1219 1330 111 36 sådan
1347 1330 285 48 medborgarnas
1650 1328 65 36 fri-
1731 1329 67 35 och

198 1389 186 48 rättighet,
422 1388 147 35 hvilken
582 1363 57 58 "af
665 1386 100 35 ålder
792 1387 121 46 ingått
944 1386 54 34 uti
1028 1385 146 35 svenskt
1204 1382 230 46 samhällslif,
1466 1360 56 59 att
1548 1382 251 49 församlings-

200 1419 157 59 friheten
403 1440 92 37 först
538 1440 118 36 under
698 1438 98 37 förra
832 1416 141 58 hälften
1004 1437 39 37 af
1072 1439 209 35 1800-talet
1310 1412 124 61 EES
1457 1437 204 49 inflytande
1690 1435 39 37 af
1735 1409 64 79 "de

197 1497 132 35 ideella
358 1497 300 45 strömningarna
686 1493 120 47 börjat
834 1492 165 49 opåtaldt
1027 1493 125 34 kunna
1182 1490 144 37 utöfvas
1355 1491 67 35 och
1453 1490 92 36 först
1569 1490 118 36 under
1706 1492 94 34 vissa

200 1549 136 37 former
364 1562 146 47 genom
532 1525 97 58 1849
662 1551 56 32 års
749 1546 218 47 förordning
995 1546 66 35 och
1090 1544 236 50 lagstiftning
1354 1544 123 37 blifvit
1507 1544 147 36 erkänd.

331 1580 128 59 Äfven
501 1603 13 34 i
545 1600 104 50 fråga
676 1613 60 23 om
766 1576 226 60 tillkomsten
1023 1599 39 36 af
1091 1576 232 59 nuvarande
1332 1599 276 35 bestämmelser
1636 1610 59 23 om
1725 1597 75 36 för-
1827 1595 170 28 Nuvarande

199 1616 341 89 samlingsfriheten
577 1656 13 34 i
603 1628 258 78 ”strafflagens
899 1655 45 34 10
976 1654 80 47 kap.
1091 1655 44 33 15
1167 1651 18 48 $
1213 1659 40 29 är
1282 1654 290 34 motionärernas
1601 1650 199 37 framställ-
1801 1627 206 75 bestämmelser.

199 1712 92 47 ning
319 1687 175 58 behäftad
522 1708 84 36 med
636 1708 135 35 sådana
800 1706 267 48 felaktigheter,
1099 1711 52 30 att
1180 1707 269 46 motiveringen
1480 1704 40 37 af
1539 1705 104 35 deras
1664 1704 137 49 förslag

199 1741 107 59 däraf
332 1762 196 48 förringas.

332 1793 141 59 Såsom
489 1815 40 36 af
555 1816 271 35 motionärerna
854 1819 222 39 omnämnts,
1109 1812 176 36 framlade
1315 1812 138 48 Kungl.
1485 1811 105 48 Maj:t
1615 1811 62 37 vid
1701 1813 97 34 1862

201 1873 100 34 —63
347 1873 106 33 årens
491 1869 148 48 riksdag
676 1869 225 48 proposition
941 1881 59 22 om
1037 1880 50 36 ny
1117 1866 179 48 strafflag.
1355 1866 15 35 I
1400 1865 82 36 dess
1512 1867 80 47 kap.
1628 1867 45 33 10
1704 1863 17 48 $
1754 1868 46 32 14

200 1925 93 35 hade
336 1924 191 48 upptagits
566 1923 70 35 den
675 1922 100 36 förut
813 1920 183 49 återgifna
1028 1919 18 48 $
1077 1922 20 34 8
1127 1922 12 33 i
1173 1896 111 59 1849
1302 1923 57 32 års
1389 1919 230 48 förordning,
1650 1920 152 35 allenast

201 1978 84 36 med
320 1977 72 36 den
427 1976 228 48 förändring,
687 1980 52 31 att
767 1976 103 35 böter
891 1951 98 59 satts
1018 1974 82 35 från
1132 1975 46 34 20
1208 1974 57 34 till
1295 1974 67 34 och
1393 1972 84 36 med
1509 1950 96 58 200
1611 1948 188 60 riksdaler.

201 2031 56 35 Då
285 2044 51 22 nu
367 2006 274 59 motionärerna
668 2028 138 45 anföra,
838 2033 53 30 att
921 2028 136 48 Kungl.
1089 2027 105 47 Maj:t
1222 2027 66 34 här
1316 2028 86 34 ville
1431 2026 125 48 införa
1572 2031 52 30 ett
1648 2027 12 34 i
1681 2024 121 37 straff-

201 2086 107 45 lagen
338 2083 83 36 med
452 2083 81 35 dess
561 2081 105 49 gifna
681 2081 140 49 påföljd
837 2081 169 47 stadgadt
1027 2081 348 46 anmälningstvång
1395 2078 58 36 för
1472 2078 192 48 offentliga
1679 2084 122 30 möten

201 2138 67 35 och
299 2137 347 35 sammankomsters
676 2134 222 42 afhållande,
930 2140 39 28 är
997 2133 99 35 detta
1125 2136 39 32 så
1179 2134 55 34 till
1259 2132 84 36 vida
1363 2131 179 48 felaktigt,
1565 2144 77 23 som
1665 2131 135 48 Kungl.

202 2191 105 47 Maj:t
350 2189 129 36 endast
522 2193 151 44 upptog,
714 2187 93 36 hvad
849 2188 204 34 1847—48
1094 2189 105 32 årens
1237 2185 148 48 riksdag
1421 2184 88 47 själf
1535 2185 170 43 beslutat,
1735 2185 66 35 och

203 2244 94 37 hvad
327 2256 77 22 som
435 2242 61 36 vid
525 2242 295 48 propositionens
850 2239 276 49 framläggande
1154 2252 63 23 var
1245 2216 170 70 gällande
1444 2240 70 46 lag.

337 2296 273 36 Motionärerna
639 2294 127 37 anföra
794 2270 209 60 emellertid
1007 2270 144 59 "vidare
1181 2297 51 31 att
1245 2269 256 71 lagutskottet
1511 2291 61 37 vid
1596 2293 203 34 1862—63
