2194 2576
336 179 47 35 34
856 173 243 33 Statsutskottets
1127 172 170 33 Utlåtande
1320 173 64 32 N:o
1406 174 52 30 33.

336 262 69 36 mit
445 261 13 36 i
495 259 127 51 punkt
655 260 35 35 A
718 271 115 23 mom.
866 259 111 43 1—2,
1007 255 153 49 nödgas
1184 255 72 48 jag
1284 266 202 25 reservera
1514 253 82 48 mig
1624 258 82 31 mot
1734 252 67 36 det
1829 251 149 37 fattade

335 312 183 37 beslutet.

846 408 73 37 Om
961 407 67 37 det
1069 407 118 36 också
1225 406 78 37 kan
1345 410 130 43 sägas,
1505 408 56 32 att
1589 403 240 48 rättigheten
1857 408 56 31 att
1940 403 38 36 få

749 464 181 44 uppsäga
959 464 55 30 ett
1041 456 290 38 innehafvande
1367 454 164 37 arrende
1554 454 44 48 ju
1627 454 12 35 i
1663 455 74 35 och
1760 454 61 36 för
1841 454 61 48 sig
1920 460 60 29 ut-

747 515 73 43 gör
864 522 48 23 en
952 508 87 36 icke
1083 507 221 48 oväsentlig
1345 505 126 37 fördel
1512 505 60 36 för
1613 505 48 36 de
1697 503 281 47 arrendatorer,

748 559 133 37 hvilka
909 572 52 22 nu
989 558 86 36 icke
1104 559 126 35 förmå
1256 562 141 43 utgöra
1426 556 84 36 sina
1538 555 204 45 arrenden,
1772 554 99 36 skall
1891 568 89 22 man

746 610 100 37 dock
874 609 117 46 finna,
1017 613 56 31 att
1092 609 129 35 denna
1239 608 188 47 rättighet
1446 606 11 35 i
1478 606 118 48 högst
1613 606 113 47 ringa
1744 608 90 32 mån
1854 604 126 36 skulle

752 660 123 37 blifva
904 660 88 35 dem
1022 659 58 35 till
1109 659 119 48 hjelp,
1259 671 82 23 som
1370 658 89 35 bäst
1487 656 171 37 behöfde
1687 655 170 48 hjelpen.

852 710 62 36 En
955 710 110 46 hvar,
1095 722 82 23 som
1208 721 94 36 eger
1329 707 221 37 kännedom
1580 720 62 22 om
1671 705 308 45 förhållandena,

749 766 66 31 vet
842 760 198 47 nemligen
1071 765 56 30 att
1155 762 169 45 mången
1353 757 228 37 arrendator
1608 756 163 48 nedlagt
1787 755 195 49 betydligt

751 811 101 37 både
888 811 134 36 arbete
1060 810 73 36 och
1160 809 148 49 kapital
1335 812 50 45 på
1413 808 267 48 egendomens
1708 806 237 47 förbättring
1972 806 12 35 i

750 862 107 48 hopp
900 866 57 31 att
997 860 211 36 framdeles
1249 860 124 36 återfå
1412 858 103 36 hvad
1558 858 78 35 han
1674 857 171 48 utgifvit.
1910 856 72 36 Om

751 912 118 36 också
908 911 352 47 arrendebeloppet
1300 910 124 35 under
1457 908 226 36 nuvarande
1707 907 273 36 förhållanden

750 962 167 36 faktiskt
958 967 42 30 är
1028 961 61 36 för
1113 961 109 47 högt,
1252 960 99 36 skall
1380 960 76 35 han
1486 959 100 36 dock
1610 958 140 36 endast
1776 957 13 36 i
1816 962 167 44 yttersta

751 1012 150 37 nödfall
928 1012 184 48 begagna
1140 1012 62 47 sig
1232 1011 42 36 af
1299 1015 127 31 rätten
1446 1009 59 36 till
1525 1009 269 48 uppsägning;
1823 1013 54 43 ty,
1898 1020 83 23 som

753 1063 130 48 sagdt,
913 1063 78 35 han
1018 1062 152 48 hoppas
1200 1062 11 35 i
1239 1061 66 36 det
1333 1061 156 47 längsta
1517 1063 50 44 på
1595 1062 130 45 någon
1753 1057 231 48 förändring

752 1114 13 35 i
806 1113 351 47 konjunkturerna,
1200 1111 256 48 hvarigenom
1500 1110 77 35 han
1619 1109 131 35 kunde
1784 1109 200 35 återvinna

755 1164 237 36 åtminstone
1033 1166 132 45 någon
1202 1162 64 36 del
1306 1162 42 35 af
1372 1162 48 35 de
1448 1164 50 45 på
1526 1160 266 48 egendomens
1820 1158 164 37 förbätt-

753 1214 90 47 ring
885 1214 199 47 nedlagda
1118 1212 273 36 kostnaderna.
1446 1212 186 35 Deremot
1659 1209 126 37 skulle
1814 1214 171 43 uppsäg-

748 1265 249 47 ningsrätten
1025 1263 254 36 tvifvelsutan
1309 1263 155 35 komma
1484 1266 56 31 att
1555 1261 204 48 begagnas
1781 1260 42 36 af
1840 1259 144 36 sådana

755 1314 285 46 arrendatorer,
1080 1314 134 35 hvilka
1253 1313 138 36 endast
1415 1311 235 48 nödtorftigt
1679 1311 107 36 skött
1814 1309 171 49 egendo-

753 1378 148 33 marne,
930 1370 43 43 ty
1001 1364 116 36 desse
1148 1364 117 35 hafva
1294 1363 93 47 föga
1406 1367 55 32 att
1484 1362 151 36 riskera
1654 1374 143 35 genom
1815 1365 171 43 uppsäg-

754 1415 159 48 ningen,
958 1428 88 23 men
1071 1415 132 35 kunna
1226 1414 175 35 deremot
1429 1416 50 45 på
1506 1413 104 48 goda
1638 1411 84 36 skäl
1750 1411 151 48 hoppas
1932 1414 55 32 att

752 1466 66 35 vid
856 1479 53 34 ny
949 1465 160 36 auktion
1152 1464 123 36 återfå
1314 1463 182 36 arrendet
1535 1462 59 36 till
1632 1462 157 36 nedsatt
1830 1460 153 48 belopp.

753 1516 79 48 Jag
875 1528 114 24 anser
1029 1515 257 45 fördenskull,
1327 1519 55 31 att
1423 1513 101 36 enda
1557 1518 172 42 utvägen
1758 1516 56 31 att
1843 1511 143 36 bereda

755 1566 325 36 arrendatorerna
1121 1566 77 35 den
1240 1564 178 49 åsyftade
1459 1563 224 48 lindringen
1721 1575 92 23 vore
1843 1566 66 41 att,
1937 1563 50 46 på

754 1621 77 32 sätt
872 1616 90 36 herr
1000 1616 41 36 P.
1085 1615 205 37 Truedson
1324 1615 11 35 i
1364 1615 59 35 sin
1450 1614 148 36 motion
1626 1612 217 49 föreslagit,
1871 1612 113 35 verk-

760 1666 114 37 ställa
916 1681 53 34 ny
1009 1665 287 50 uppskattning
1324 1665 42 36 af
1391 1664 266 48 egendomens
1687 1661 297 38 arrendevärde.

757 1717 234 36 Kostnaden
1020 1717 61 36 för
1110 1717 128 36 denna
1265 1714 287 50 uppskattning
1571 1713 123 47 torde,
1715 1712 59 36 till
1793 1713 193 36 förekom-

757 1767 143 36 mande
945 1768 42 36 af
1024 1767 220 48 obefogade
1288 1765 180 49 anspråk,
1499 1765 255 36 arrendatorn
1781 1764 96 35 böra
1904 1762 83 36 vid-

755 1818 152 36 kännas
930 1818 59 36 till
1020 1817 162 46 hälften,
1211 1830 89 23 men
1328 1821 128 31 staten
1484 1815 165 48 bidraga
1677 1814 89 36 med
1784 1812 205 48 betalning

755 1869 42 37 af
823 1868 76 36 den
928 1868 122 37 andra
1078 1868 163 36 hälften.

862 1919 54 36 På
954 1919 130 48 grund
1126 1918 43 36 af
1194 1918 116 35 dessa
1337 1916 12 36 i
1377 1916 156 36 korthet
1561 1914 164 38 anförda
1754 1914 85 36 skäl
1866 1916 122 45 vågar

753 1970 72 49 jag
853 1970 110 50 yrka,
993 1969 66 36 det
1087 1968 238 48 Riksdagen,
1355 1967 88 36 med
1472 1966 130 48 afslag
1631 1969 20 32 å
1679 1965 213 36 utskottets
1911 1964 77 35 för-

758 2021 87 49 slag
872 2021 13 35 i
912 2020 126 49 punkt
1065 2022 35 33 A
1128 2032 114 23 mom.
1274 2020 110 43 1—2,
1411 2020 48 33 må
1474 2016 211 48 medgifva,
1706 2020 56 32 att
1782 2015 48 36 de
1849 2015 140 35 krono-

759 2071 286 44 arrendatorer,
1082 2083 83 22 som
1205 2069 123 36 önska
1368 2081 48 23 en
1445 2066 166 50 förnyad
1635 2065 286 50 uppskattning
1950 2063 42 36 af

759 2123 115 35 deras
916 2135 52 22 nu
1009 2119 290 37 innehafvande
1339 2118 192 36 arrenden
1571 2123 82 30 mot
1681 2117 66 35 det
1775 2121 57 31 att
1859 2118 129 32 staten

756 2173 185 48 bidrager
968 2171 90 36 med
1087 2170 134 36 halfva
1248 2169 219 36 kostnaden
1495 2168 61 36 för
1583 2181 48 22 en
1660 2166 107 49 dylik
1786 2165 204 48 uppskatt-

758 2223 98 48 ning
884 2222 73 37 och
985 2221 256 36 arrendatorn
1269 2219 216 36 vidkännes
1515 2218 121 36 andra
1663 2217 151 36 hälften
1839 2215 42 36 af
1897 2214 92 36 den-
