1904 2856
497 178 122 30 Andra
637 177 253 36 lagwtskottets
909 176 183 31 utlåtande
1112 175 50 31 Nr
1184 176 49 28 22.
1534 174 29 27 11

151 257 135 34 Frågan
312 266 53 20 om
389 255 229 30 arbetsfreden
643 264 39 25 pa
708 254 214 35 jordbrukets
946 252 136 30 område
1099 252 58 30 bör
1175 251 137 30 beaktas
1330 251 6 29 i
1357 250 164 31 samband
1539 250 71 30 med

107 300 249 34 behandlingen
381 309 43 20 av
451 299 197 34 riksdagens
673 308 40 25 på
738 298 180 29 utskottets
942 296 205 30 hemställan
1172 295 118 35 gjorda
1311 294 147 35 begäran
1476 304 53 20 om
1547 303 64 20 mo-

104 344 83 30 dern
215 343 331 35 avtalslagstiftning
571 342 51 29 till
649 340 191 31 ersättande
863 350 42 20 av
930 340 63 29 den
1018 338 191 31 föråldrade
1233 337 378 37 tjänstehjonsstadgan.

109 387 168 30 Utskottet
313 387 62 29 vill
411 386 122 34 erinra,
570 386 161 29 hurusom
768 384 10 29 i
807 384 251 33 motiveringen
1083 383 52 29 till
1159 382 112 30 denna
1296 381 316 34 riksdagsskrivelse

105 430 217 34 framhållits,
351 430 51 29 att
425 439 39 20 en
488 428 330 34 avtalslagstiftning
843 437 39 25 på
907 426 214 36 jordbrukets
1144 425 136 30 område
1297 425 59 29 bör
1374 425 115 29 kunna
1505 423 108 31 åstad-

104 475 153 29 kommas
291 474 81 28 utan
410 471 319 35 sammankoppling
765 470 73 30 med
875 470 63 30 den
973 472 94 27 ännu
1103 478 91 21 mera
1222 468 168 30 svårlösta
1414 468 120 34 frågan
1559 477 52 19 om

104 516 335 35 avlalslagstiftning
463 516 91 28 inom
579 514 219 30 industrien.»

152 586 46 29 På
233 584 114 36 grund
380 594 43 19 av
459 582 65 30 vad
559 581 144 31 sålunda
737 582 132 29 anförts
904 580 199 31 hemställde
1127 579 172 35 utskottet,
1324 580 51 29 att
1399 578 214 35 riksdagen
1594 574 23 50 i

104 636 188 34 anledning
327 646 43 19 av
405 636 210 29 motionerna
649 634 104 29 matte
788 634 10 29 i
834 633 160 29 skrivelse
1030 632 50 29 till
1113 631 129 34 Kungl.
1269 630 100 36 Maj:t
1391 630 149 35 anhålla,
1564 631 50 29 att

106 689 130 35 Kungl.
262 688 110 35 Maj:t,
397 686 74 31 med
496 686 188 31 beaktande
708 695 44 20 av
776 684 66 31 vad
867 694 87 20 ovan
978 683 141 35 anförts,
1144 684 105 29 måtte
1273 682 56 30 till
1346 682 172 35 prövning
1537 692 77 25 upp-

104 743 90 33 taga,
230 739 173 31 huruvida
426 739 156 35 åtgärder
606 738 55 30 till
684 736 245 31 arbetsfredens
953 735 200 35 bevarande,
1178 737 121 28 utöver
1323 734 66 30 vad
1414 733 106 31 redan
1544 733 70 31 vid-

104 793 112 35 tagits,
250 792 198 36 ytterligare
472 791 118 30 kunna
613 790 168 34 företagas
804 790 86 29 samt
914 789 52 29 för
991 787 182 35 riksdagen
1197 787 193 35 framlägga
1414 786 40 30 de
1478 786 135 35 förslag,

105 854 72 21 som
200 845 109 30 härav
334 844 56 30 må
415 842 201 31 föranledas.

150 896 72 30 Mot
245 896 180 30 utskottets
450 894 222 30 förenämnda
695 892 176 31 utlåtande
895 891 157 31 anfördes
1076 891 208 30 reservation
1307 900 44 19 av
1375 890 118 30 herrar
1515 888 35 31 C.
1575 889 38 30 E.

106 949 182 34 Svensson,
323 947 138 34 Linder,
497 945 130 36 Sigfrid
662 945 168 34 Hansson,
865 944 171 35 Hagman,
1072 942 175 31 Johanson
1279 942 11 29 i
1324 941 197 31 Stockholm
1554 941 61 30 och

105 1000 214 31 Holmström
343 1000 11 29 i
378 998 203 35 Stockholm,
608 997 94 30 vilka
727 996 121 31 därvid
872 994 139 31 anförde
1036 994 163 36 följande:

152 1060 100 31 »Som
287 1061 46 29 ett
368 1059 144 30 allmänt
547 1058 152 30 omdöme
733 1067 56 20 om
823 1056 40 30 de
891 1055 231 36 föreliggande
1146 1055 212 30 motionerna
1382 1053 92 31 torde
1497 1054 119 30 kunna

105 1107 108 32 sägas,
237 1105 51 29 att
312 1103 40 31 de
376 1102 135 36 grunda
534 1102 52 35 sig
608 1103 43 34 på
675 1111 41 20 en
740 1100 126 35 oriktig
891 1099 238 35 föreställning
1145 1108 55 20 om
1217 1097 261 31 förhållandena
1493 1098 43 35 på
1553 1096 61 31 den

107 1148 143 31 svenska
285 1145 323 32 arbetsmarknaden
643 1144 60 31 och
727 1154 41 20 en
792 1143 213 35 benägenhet
1027 1144 50 29 att
1101 1142 226 36 generalisera
1351 1142 90 29 vissa
1464 1141 151 34 enstaka,

104 1202 48 20 av
174 1191 57 31 det
253 1191 167 30 abnorma
435 1189 189 31 tillståndet
641 1188 106 30 under
763 1188 152 30 krisåren
933 1186 197 31 föranledda
1146 1185 186 31 händelser.
1362 1184 251 31 Motionärerna

106 1245 101 26 synas
232 1235 85 35 vilja
341 1237 83 33 göra
447 1232 168 37 gällande,
639 1234 51 28 att
714 1232 77 29 vårt
815 1231 81 30 land
919 1230 159 31 befunnit
1101 1230 79 30 eller
1204 1229 151 30 befinner
1378 1229 51 35 sig
1453 1228 12 29 i
1487 1229 47 29 ett
1550 1229 65 29 sär-

106 1279 82 30 skilt
223 1279 94 30 svårt
351 1277 144 35 nödläge
519 1277 63 30 sett
605 1286 41 20 ur
669 1274 249 35 arbetsrättslig
943 1274 174 35 synpunkt
1141 1273 62 30 och
1226 1273 51 30 att
1300 1272 245 35 exceptionella
1568 1272 48 29 åt-

106 1322 120 35 gärder
260 1324 59 28 äro
352 1331 44 20 av
420 1321 139 30 behovet
582 1318 177 37 påkallade
784 1319 54 29 för
861 1319 49 29 att
933 1318 185 35 förebygga
1142 1316 61 30 och
1227 1315 178 31 förhindra
1428 1315 188 30 avtalsstri-

106 1366 89 35 diga,
231 1364 305 35 samhällsvådliga
564 1363 61 30 och
648 1362 259 34 allmänfarliga
930 1360 304 31 arbetskonflikter.
1281 1359 54 30 En
1359 1368 72 25 var,
1456 1368 72 20 som
1553 1358 63 30 vill

107 1409 142 30 bedöma
279 1408 112 30 denna
415 1408 59 29 sak
498 1406 174 36 objektivt,
696 1405 94 30 torde
813 1404 186 31 emellertid
1023 1404 126 34 nödgas
1172 1403 163 34 erkänna,
1360 1403 50 29 att
1433 1402 79 30 vårt
1534 1401 82 30 land

107 1453 12 29 i
154 1454 85 29 stort
273 1453 64 29 sett
371 1451 92 30 varit
497 1450 173 30 förskonat
698 1449 79 30 från
800 1448 182 30 konflikter
1005 1457 44 20 av
1073 1447 88 31 detta
1185 1447 84 34 slag,
1294 1446 61 30 och
1378 1446 50 30 att
1451 1445 64 35 det,
1540 1445 76 30 tack

108 1505 79 21 vare
221 1496 49 30 ett
304 1496 41 35 på
380 1494 110 31 sunda
525 1493 303 36 rättsgrundsatser
863 1492 85 30 fotat
983 1490 397 37 organisationsväsende
1408 1489 61 30 och
1493 1490 46 29 ett
1562 1488 52 31 till

107 1540 92 30 detta
234 1539 140 35 smidigt
408 1539 156 35 anpassat
597 1537 221 34 förliknings-
853 1535 60 31 och
937 1534 397 36 skiljenämndsinstitut,
1359 1533 72 30 icke
1454 1532 96 31 hotas
1573 1542 43 20 av

107 1593 43 21 en
174 1593 41 20 ur
239 1582 198 31 samhällets
460 1581 175 37 synpunkt
658 1589 189 27 ogynnsam
870 1579 200 35 utveckling
1087 1579 42 35 på
1145 1578 91 30 detta
1253 1577 145 30 område.
1428 1576 48 30 De
1492 1576 124 30 avtals-

106 1627 146 35 stridiga
286 1626 342 31 arbetskonflikterna
656 1624 43 30 ha
723 1624 130 35 utgjort
877 1632 80 21 rena
980 1622 188 35 undantag,
1192 1622 70 30 ofta
1285 1620 112 31 direkt
1420 1619 195 31 föranledda

108 1681 44 20 av
187 1670 55 31 det
275 1680 45 20 av
349 1670 111 30 krisen
484 1668 144 36 skapade
652 1667 169 36 nödläget,
846 1666 62 31 och
932 1666 112 35 ifråga
1067 1676 54 20 om
1144 1665 41 31 de
1209 1664 302 35 samhällsvådliga
1535 1663 82 30 eller

107 1714 260 35 allmänfarliga
389 1712 341 31 arbetskonflikterna
754 1712 106 29 måste
883 1720 91 25 man,
1000 1710 52 30 för
1076 1711 50 28 att
1149 1709 104 30 eitera
1275 1718 41 20 en
1333 1718 43 20 av
1393 1708 222 34 motionerna,

108 1758 203 34 konstatera,
345 1758 50 29 att
429 1756 38 31 de
503 1756 222 31 »åtminstone
761 1754 93 30 intill
890 1754 81 30 sista
995 1753 93 31 tiden
1113 1753 90 30 varit
1227 1752 139 30 relativt
1389 1752 92 35 taget
1504 1750 108 31 sällan

108 1801 306 30 förekommande».

152 1844 121 36 Någon
298 1843 147 31 bärande
469 1843 110 35 saklig
604 1841 113 36 grund
741 1841 90 30 finns
854 1840 102 31 alltså
981 1840 72 30 icke
1077 1840 54 30 för
1147 1839 64 31 den
1228 1838 298 37 opinionsyttring,
1543 1847 71 20 som

109 1889 143 30 kommit
276 1888 56 30 till
356 1887 137 36 uttryck
517 1887 11 30 i
551 1886 40 31 de
614 1896 42 20 av
680 1885 251 30 motionärerna
955 1883 216 31 framställda
1195 1882 199 37 yrkandena
1409 1883 44 34 på
1469 1881 145 36 lagstift-

109 1931 271 37 ningsåtgärder.
428 1930 114 31 Redan
566 1940 42 20 av
632 1929 64 31 den
719 1928 230 35 anledningen
974 1928 44 30 ha
1042 1928 35 29 vi
1101 1927 127 36 funnit,
1249 1928 51 29 att
1316 1926 210 30 motionerna
1542 1925 72 30 icke

111 1976 80 30 böra
215 1975 173 31 föranleda
412 1975 113 35 någon
549 1973 198 35 riksdagens
769 1971 129 36 åtgärd.

153 2019 129 31 Härtill
316 2019 162 35 kommer,
513 2019 50 29 att
591 2017 11 30 i
626 2017 213 30 motionerna
862 2014 294 36 överhuvudtaget
1180 2014 72 30 icke
1277 2014 105 35 givits
1405 2013 108 35 några
1536 2014 79 33 väg-

109 2063 140 30 ledande
273 2062 173 35 riktlinjer
470 2062 52 29 för
544 2071 41 20 en
609 2060 170 30 eventuell
802 2059 221 35 lagstiftning
1046 2059 43 35 på
1111 2058 92 30 detta
1226 2056 146 36 område,
1390 2056 108 30 vilket
1514 2056 101 35 omöj-

110 2107 112 35 liggör
256 2107 47 29 ett
332 2105 207 31 bedömande
573 2114 42 20 av
650 2103 291 31 konsekvenserna
969 2112 43 20 av
1036 2103 48 29 ett
1107 2101 98 31 bifall
1229 2101 54 30 till
1306 2100 39 31 de
1369 2101 12 29 i
1403 2100 211 30 motionerna

110 2149 217 31 framställda
361 2148 207 38 yrkandena.
615 2147 100 30 Detta
748 2147 107 35 gäller
878 2146 138 30 särskilt
1040 2146 77 30 herr
1140 2155 67 20 von
1231 2143 139 37 Sydows
1393 2143 139 35 motion,
1556 2142 59 31 där

110 2194 72 30 icke
205 2203 59 21 ens
287 2203 40 21 en
351 2192 150 36 antydan
524 2192 107 36 gjorts
654 2191 12 30 i
689 2190 92 31 detta
804 2189 199 31 hänseende.
1050 2189 17 30 I
1091 2191 22 28 t.
1137 2198 50 21 ex.
1213 2188 38 31 de
1275 2197 44 21 av
1342 2188 118 30 herrar
1481 2186 134 30 Kvarn-

109 2238 105 30 zelius
237 2247 45 20 m.
307 2237 33 30 fl.
365 2237 61 30 och
448 2236 96 31 Edén
567 2245 43 20 m.
636 2235 33 30 fl.
694 2234 122 30 väckta
840 2234 211 30 motionerna
1068 2233 61 30 har
1144 2242 82 20 man
1242 2232 199 34 visserligen
1457 2230 158 31 hänvisat

110 2281 55 30 till
190 2281 89 30 vissa
303 2281 11 30 i
337 2280 155 31 utlandet
515 2279 166 35 vidtagna
704 2278 81 30 eller
809 2277 201 35 ifrågasatta
1033 2276 166 36 åtgärder,
1223 2285 78 21 men
1325 2274 60 31 vid
1401 2284 41 21 en
1459 2276 156 28 närmare

110 2325 213 35 granskning
357 2335 43 19 av
435 2323 93 31 dessa
561 2322 227 35 anvisningar
821 2322 68 30 kan
922 2331 82 20 man
1032 2321 72 30 icke
1127 2319 117 37 undgå
1266 2320 51 29 att
1340 2319 203 34 konstatera,
1566 2319 50 29 att

111 2368 263 36 ifrågavarande
401 2367 158 36 åtgärder
582 2368 36 28 så
641 2367 72 34 gott
736 2375 70 21 som
831 2364 260 36 undantagslöst
1115 2364 88 30 visat
1226 2363 52 35 sig
1301 2362 213 31 resultatlösa
1537 2361 79 31 eller

112 2414 74 28 rent
220 2422 42 20 av
289 2411 153 36 skadliga
466 2410 76 31 med
566 2410 133 35 hänsyn
722 2409 54 30 till
800 2409 241 30 arbetsrättens
1064 2407 109 31 sunda
1196 2406 198 36 utveckling
1418 2405 62 31 och
1504 2405 41 31 de
1567 2405 49 30 in-

110 2457 137 34 tressen,
282 2465 71 21 som
385 2465 81 20 man
501 2455 109 30 avsett
632 2454 51 30 att
706 2452 140 37 skydda.
892 2452 65 31 Det
981 2451 95 31 torde
1099 2451 183 35 härvidlag
1307 2460 83 21 vara
1413 2449 203 35 tillräckligt

110 2501 51 29 att
184 2500 114 29 erinra
321 2509 54 20 om
399 2499 38 30 de
460 2497 236 35 erfarenheter,
720 2506 74 21 som
818 2496 106 35 gjorts
949 2496 10 29 i
983 2495 199 31 Australien
1208 2494 61 31 och
1293 2493 120 36 Norge.
