2264 2620
455 214 20 31 2
902 211 260 36 Statsutskottets
1192 212 171 35 Utlåtande
1385 213 65 35 N:o
1472 216 76 32 198.

414 299 138 50 dagen,
582 303 48 47 på
659 304 77 32 sätt
764 299 321 50 tillkännagifvits
1113 314 140 35 genom
1283 300 87 37 dess
1399 301 203 37 skrifvelse
1631 302 76 36 den
1728 305 48 35 26
1797 303 95 50 april
1915 303 111 46 1907,

413 365 60 23 n:r
502 354 61 46 83,

519 402 217 50 medgifvit,
775 407 57 32 att
868 403 102 37 vissa
1002 404 42 36 af
1067 403 210 38 ledamöter
1305 404 12 36 i
1346 404 193 49 styrelsen
1567 404 60 37 för
1655 405 213 38 Trollhätte
1897 406 129 37 kanal-

414 456 71 36 och
514 455 230 36 vattenverk
771 455 139 49 gjorda
936 456 287 49 fastighetsköp
1247 456 103 49 finge
1369 456 61 36 för
1449 456 145 49 Kungl.
1616 456 131 49 Maj:ts
1769 458 71 36 och
1858 459 168 36 kronans

413 507 166 48 räkning
616 506 223 49 öfvertagas
877 507 71 36 och
986 507 46 37 de
1061 507 243 37 verificerade
1333 508 259 36 kostnaderna
1621 507 60 37 för
1711 521 144 25 samma
1883 510 76 50 köp
1989 510 41 36 af

414 558 225 38 statsmedel
680 558 147 49 gäldas,
861 564 99 31 samt
993 564 56 31 att
1077 559 118 50 inköp
1225 560 41 36 af
1291 560 242 49 fastigheter,
1564 573 79 23 som
1669 560 129 36 kunde
1832 562 193 37 erfordras

414 612 59 35 för
493 615 146 32 statens
661 610 217 38 dåvarande
903 610 94 38 eller
1016 611 195 37 blifvande
1241 611 282 50 anläggningar
1551 612 64 36 vid
1645 611 256 49 Trollhättan,
1921 614 105 49 finge

413 662 43 37 af
494 662 144 50 Kungl.
681 662 110 50 Maj:t
818 662 168 38 beslutas
1014 663 58 37 till
1101 669 55 32 ett
1185 664 281 48 sammanlagdt
1495 663 140 50 belopp
1665 664 43 36 af
1731 664 99 36 intill
1861 666 164 47 300,000

412 715 157 47 kronor,
598 715 200 36 äfvensom

518 767 252 49 bemyndigat
807 767 376 49 riksgäldskontoret
1221 772 55 32 att
1312 770 48 47 på
1395 767 241 48 rekvisition,
1671 767 10 36 i
1709 770 88 33 mån
1830 767 41 37 af
1896 767 129 49 behof,

412 818 291 38 tillhandahålla
744 819 142 49 Kungl.
929 819 110 49 Maj:t
1080 820 33 48 ej
1150 819 146 37 mindre
1326 819 45 37 de
1399 819 137 47 medel,
1566 833 80 23 som
1675 819 128 37 kunde
1832 819 191 38 erfordras

414 871 59 37 för
514 870 244 50 fullgörande
801 871 41 36 af
880 871 172 37 likviden
1093 871 57 37 till
1187 871 296 49 ifrågavarande
1512 871 212 37 ledamöter
1752 871 12 36 i
1793 871 230 37 Trollhätte-

413 923 205 49 styrelsen,
657 927 49 32 än
743 923 113 36 äfven
888 923 115 36 ofvan
1033 924 250 36 omförmälda
1311 923 140 50 belopp
1482 924 40 36 af
1547 923 98 36 intill
1675 925 166 45 300,000
1871 923 152 37 kronor.

517 975 18 36 I
576 975 278 48 sammanhang
886 975 159 37 härmed
1073 976 160 48 medgaf
1256 975 233 50 Riksdagen,
1519 980 57 32 att
1604 975 46 37 de
1679 975 230 49 fastigheter
1937 976 87 36 med

413 1032 151 32 vatten-
594 1027 70 37 och
693 1027 185 47 fiskerätt,
908 1040 82 24 som
1019 1030 48 46 på
1095 1028 128 48 grund
1252 1028 42 36 af
1317 1028 244 48 Riksdagens
1582 1027 160 37 sålunda
1761 1027 175 37 lämnade
1955 1028 70 36 till-

413 1078 115 37 stånd
557 1079 40 37 af
621 1079 144 49 Kungl.
795 1079 107 49 Maj:t
930 1079 70 37 och
1028 1080 147 36 kronan
1203 1080 279 48 förvärfvades,
1512 1080 102 48 finge
1643 1079 132 36 ställas
1808 1079 119 37 under
1947 1080 77 36 för-

413 1131 177 49 valtning
618 1131 43 37 af
686 1131 192 50 styrelsen
906 1130 60 38 för
994 1131 213 37 Trollhätte
1236 1132 129 36 kanal-
1394 1132 68 36 och
1493 1131 242 37 vattenverk.

521 1183 52 36 Af
610 1183 63 37 det
713 1183 87 36 utaf
837 1183 221 49 Riksdagen
1095 1183 181 37 anvisade
1305 1183 177 48 anslaget
1510 1186 20 34 å
1558 1183 99 36 intill
1686 1184 167 46 300,000
1882 1183 142 37 kronor

412 1235 116 37 hafva
552 1235 122 49 enligt
697 1235 135 48 nådigt
859 1235 126 37 beslut
1013 1235 74 37 den
1118 1237 45 35 18
1193 1236 161 36 oktober
1385 1238 96 34 1907
1514 1234 189 38 användts
1724 1237 140 45 84,000
1883 1235 141 37 kronor

412 1287 58 37 till
511 1287 118 49 inköp
668 1287 41 36 af
737 1289 72 34 168
852 1287 123 37 aktier
1016 1287 12 36 i
1065 1286 187 38 Holmens
1281 1287 445 49 tegelbruksaktiebolag
1756 1292 97 32 samt
1882 1289 139 46 68,500

412 1340 143 51 kronor
583 1340 59 36 för
674 1339 120 49 inköp
824 1339 41 36 af
890 1339 238 49 egendomen
1160 1342 18 33 1
1209 1340 143 36 mantal
1381 1339 183 37 Slätthult
1592 1339 11 36 i
1633 1338 217 38 Gärdhems
1878 1340 145 36 socken

413 1391 43 36 af
492 1391 209 49 Alfsborgs
742 1391 74 36 län.
887 1391 334 37 Omkostnaderna
1263 1392 59 36 för
1361 1392 127 49 köpen
1517 1391 115 37 hafva
1659 1394 167 47 uppgått
1857 1391 58 36 till
1948 1393 72 35 807

413 1444 145 35 kronor
587 1445 47 35 50
664 1448 76 32 öre.

519 1495 74 37 Det
620 1495 166 37 nämnda
814 1495 117 49 bolag
958 1495 194 49 tillhöriga
1180 1495 243 49 tegelbruket
1451 1500 42 32 är
1522 1495 152 49 beläget
1701 1494 107 38 invid
1837 1495 102 37 Göta
1958 1495 63 36 älf.

412 1547 135 48 Enligt
575 1547 75 37 den
678 1548 103 48 plan,
812 1560 83 23 som
923 1547 406 49 Trollhättestyrelsen
1357 1547 11 36 i
1397 1547 238 48 underdånig
1655 1547 203 37 skrifvelse
1878 1547 75 36 den
1974 1549 48 34 20

413 1599 202 37 december
651 1601 98 35 1906
779 1599 182 49 framlagt
990 1599 71 37 och
1089 1599 173 36 förordat
1290 1599 59 37 för
1377 1599 74 37 den
1480 1599 300 48 hufvudsakliga
1808 1599 214 37 sträcknin-

413 1664 76 36 gen
533 1651 40 37 af
617 1665 48 23 en
702 1665 52 35 ny
795 1651 123 37 farled
959 1651 100 37 förbi
1106 1651 252 48 Trollhättan,
1396 1651 123 37 skulle
1556 1651 239 37 slussledens
1832 1651 190 49 mynning

412 1703 12 36 i
453 1703 103 37 Göta
583 1703 56 36 älf
664 1703 189 37 nedanför
881 1703 239 37 Trollhättan
1149 1703 139 49 dragas
1317 1716 139 36 genom
1486 1703 255 49 tegelbruket.
1800 1703 88 36 Men
1907 1703 115 37 äfven

414 1768 61 24 om
498 1755 213 37 slussleden
731 1755 84 37 icke
836 1759 169 33 närmast
1025 1755 150 36 komme
1195 1760 57 31 att
1272 1755 196 49 förläggas
1488 1758 48 47 på
1555 1755 103 36 detta
1678 1754 124 48 ställe,
1819 1755 204 36 förutsätta

414 1808 73 35 alla
528 1806 137 37 hittills
707 1807 239 36 framställda
983 1806 146 49 förslag
1156 1806 58 37 till
1242 1807 245 37 kanalledens
1518 1807 263 48 ombyggnad,
1810 1812 56 31 att
1893 1807 128 36 älfven

412 1859 140 37 mellan
594 1859 98 36 Lilla
733 1859 100 37 Edet
867 1859 71 36 och
967 1858 239 37 Trollhättan
1238 1859 250 49 uppdämmes
1516 1859 56 36 till
1601 1864 123 31 större
1754 1858 93 37 eller
1875 1858 146 37 mindre

411 1911 106 49 höjd,
560 1912 59 35 för
659 1916 56 31 att
748 1911 65 37 det
840 1911 88 49 låga
955 1911 108 36 fallet
1091 1911 71 36 och
1191 1910 155 37 därmed
1377 1911 149 36 slussen
1555 1910 63 38 vid
1645 1902 228 45 Åkerström
1903 1913 118 34 måtte

411 1963 129 36 kunna
559 1962 231 37 bortskaffas
810 1968 90 31 utan
920 1962 68 39 allt
1002 1963 60 37 för
1077 1963 233 36 kostsamma
1325 1963 230 48 rensningar
1569 1966 48 46 på
1634 1962 125 37 denna
1774 1963 132 49 punkt.
1962 1963 60 36 En

412 2014 118 38 sådan
559 2015 185 49 dämning
772 2015 122 36 skulle
923 2015 114 36 äfven
1064 2015 318 48 nödvändiggöra
1411 2028 46 24 en
1486 2015 149 36 inlösen
1664 2015 43 36 af
1723 2015 229 36 åtminstone
1973 2027 47 24 en

412 2066 63 37 del
503 2067 42 36 af
570 2067 64 37 det
662 2067 185 36 Holmens
876 2067 450 49 tegelbruksaktiebolag
1353 2066 195 49 tillhöriga
1576 2067 173 36 området
1778 2067 70 36 och
1876 2066 47 37 de
1953 2066 68 37 där

411 2119 190 49 uppförda
637 2119 281 49 byggnaderna
952 2119 71 36 och
1052 2119 343 49 anläggningarna.
1460 2119 86 36 Med
1577 2119 149 49 hänsyn
1754 2119 59 36 till
1840 2118 181 37 befarade

412 2171 288 48 spekulationer
740 2171 87 36 från
865 2170 168 38 enskildt
1074 2170 87 48 håll,
1204 2174 140 45 ansågs
1377 2171 130 36 därför
1534 2170 177 50 lämpligt
1739 2176 56 31 att
1822 2170 12 36 i
1861 2170 55 36 tid
1947 2170 74 37 för-

410 2223 135 37 värfva
572 2223 254 49 tegelbruket.
883 2223 58 36 Då
970 2222 225 48 emellertid,
1225 2223 122 48 enligt
1374 2223 102 36 hvad
1497 2222 405 49 Trollhättestyrelsen
1922 2222 98 37 hade

410 2274 61 49 sig
511 2274 154 49 bekant,
708 2288 48 23 en
798 2275 124 36 direkt
962 2274 310 49 underhandling
1300 2288 60 23 om
1390 2275 77 49 köp
1495 2274 85 37 med
1610 2274 51 37 all
1689 2274 180 37 säkerhet
1897 2274 123 37 skulle

409 2326 87 37 leda
525 2326 57 37 till
611 2340 48 23 en
688 2326 176 50 betydlig
892 2327 70 36 och
991 2327 159 48 onödigt
1179 2332 81 31 stor
1288 2327 117 48 utgift
1433 2327 60 36 för
1523 2331 137 44 staten,
1690 2327 110 36 sökte
1829 2325 191 51 styrelsen
