1920 2842
306 176 54 45 42.
716 181 290 33 Statsutskottets
1029 181 185 31 utlåtande
1239 181 51 31 Nr
1318 181 52 30 80.

1528 361 136 36 Bilaga.

738 503 69 32 Till
830 503 211 37 riksdagens
1065 503 239 32 statsutskott.

310 589 86 34 Med
414 590 193 37 anledning
627 601 47 21 av
695 590 82 31 från
796 590 265 32 statsutskottet
1081 589 128 37 gjorda
1229 588 275 37 förfrågningar
1522 589 151 32 rörande
1692 592 76 29 vat-

274 634 350 37 tenledningsverket
666 634 63 31 vid
770 634 28 30 4.
822 633 193 37 flygkåren
1057 634 21 30 å
1102 633 135 31 Frösön
1261 633 57 30 får
1343 632 256 37 flygstyrelsen
1621 633 147 32 härmed

272 678 185 32 vördsamt
474 678 131 36 avgiva
624 677 160 36 följande
801 687 97 21 svar:

310 747 28 30 1.
371 746 78 32 När
470 747 142 37 gjordes
635 746 114 36 första
773 747 224 36 avsyningen
1020 745 21 31 å
1064 746 248 30 vattenverket
1336 745 62 31 vid
1422 747 27 29 4.
1474 745 191 37 flygkåren
1689 746 81 31 med

271 790 168 36 påsläppt
462 791 143 30 vatten?

310 850 130 32 Första
462 850 224 37 avsyningen
707 851 80 31 med
808 850 167 37 påsläppt
996 852 124 30 vatten
1142 850 142 36 gjordes
1305 850 68 31 den
1395 850 40 30 22
1456 850 145 36 januari
1623 850 79 31 1929
1723 860 46 21 av

272 892 274 38 flygstyrelsens
571 894 230 36 kontrollant,
827 894 24 31 f.
879 894 32 31 d.
937 894 264 36 stadsingenjör
1228 893 42 31 A.
1297 893 149 36 Kjellin,
1473 896 91 28 samt
1592 895 173 35 entrepre-

271 939 129 30 nörens
418 938 138 31 ombud.

309 980 53 32 På
386 981 178 31 anmodan
587 991 45 21 av
656 980 264 32 kontrollanten
945 981 160 31 utfördes
1130 981 116 31 denna
1271 980 180 37 avsyning
1474 981 46 36 på
1545 982 36 30 så
1608 982 81 34 sätt,
1714 983 54 29 att

270 1023 80 32 hela
395 1023 391 37 vattenledningsnätet
832 1024 180 32 inklusive
1057 1034 43 21 en
1144 1024 172 32 vertikalt
1342 1024 145 31 stående
1513 1023 207 37 rörledning
1746 1025 22 30 å

268 1069 267 34 pumprummet
553 1068 64 30 och
637 1068 164 31 slutande
820 1068 41 30 1.5
879 1069 112 29 meter
1010 1070 82 28 över
1110 1067 417 36 högvattenbassängens
1545 1067 122 32 botten
1686 1067 81 37 fyll-

269 1110 60 31 des
355 1110 82 32 med
461 1112 123 29 vatten
611 1111 84 30 från
720 1111 301 36 högreservoiren,
1047 1111 160 31 varefter
1232 1110 293 37 högreservoiren
1551 1111 217 36 avstängdes

270 1153 83 31 från
371 1153 202 37 ledningen.
602 1154 168 31 Därefter
788 1154 263 32 kontrollerade
1070 1153 264 37 stadsingenjör
1353 1153 150 37 Kjellin,
1522 1156 53 29 att
1595 1156 140 30 vattnet
1755 1154 12 30 i

269 1197 244 35 nyssnämnda
533 1196 208 38 rörledning
761 1198 114 32 under
896 1198 68 31 den
985 1198 55 30 för
1063 1197 123 37 dylika
1207 1197 327 37 provtryckningar
1555 1197 148 37 vanliga
1725 1198 41 31 ti-

270 1240 77 36 den,
371 1240 40 31 20
433 1240 165 36 minuter,
622 1240 78 32 icke
724 1240 113 37 sjönk,
859 1251 115 21 varav
997 1241 78 31 med
1100 1241 178 36 tydlighet
1303 1240 187 37 framgick,
1514 1243 53 29 att
1592 1241 80 31 hela
1696 1241 72 31 led-

270 1282 276 37 ningssystemet
574 1283 74 32 höll
676 1283 231 38 fullständigt
934 1286 69 30 tätt
1031 1285 63 30 och
1121 1286 108 34 något
1256 1284 149 36 läckage
1433 1284 151 32 sålunda
1612 1285 77 31 icke
1717 1286 51 29 fö-

269 1325 109 37 relåg.

307 1398 29 30 2.
368 1397 77 32 När
465 1399 76 35 togs
558 1396 318 37 vattenledningen
894 1397 14 30 i
926 1396 111 32 bruk?

307 1457 329 37 Vattenledningen
679 1459 78 34 togs
798 1457 13 30 i
834 1457 93 32 bruk
949 1458 68 31 den
1038 1458 37 30 12
1098 1457 145 37 januari
1267 1458 87 36 1929,
1377 1458 130 31 varvid
1530 1458 88 31 dock
1641 1458 124 31 endast

268 1501 73 32 viss
363 1501 57 32 del
442 1512 46 21 av
509 1500 300 33 etablissementet
831 1500 179 32 tillfördes
1031 1502 133 30 vatten.
1197 1501 47 32 Så
1266 1501 225 36 småningom
1513 1501 129 32 skedde
1664 1501 102 32 emel-

268 1544 108 32 lertid
419 1544 227 36 utvidgning,
690 1545 40 30 så
752 1546 53 30 att
828 1543 81 32 hela
932 1546 99 29 nätet
1055 1544 156 32 förutom
1233 1545 124 31 vatten
1381 1544 57 32 till
1460 1545 306 31 värmecentralen

267 1587 121 32 kunde
408 1588 186 31 användas
614 1588 84 30 från
718 1587 64 31 och
801 1587 81 31 med
903 1587 68 32 den
993 1588 18 31 6
1029 1597 96 22 mars
1145 1588 87 31 1929.

306 1630 71 32 För
400 1630 273 37 ångcentralens
695 1640 137 27 pannor
854 1630 65 31 och
942 1631 59 32 det
1022 1641 45 21 av
1089 1631 206 31 densamma
1317 1631 130 31 drivna
1468 1631 298 37 uppvärmnings-

267 1675 171 34 systemet
455 1674 226 32 erfordrades
699 1673 181 37 nämligen
898 1675 52 30 ett
966 1676 124 29 vatten
1108 1684 45 21 av
1171 1674 100 37 lägre
1288 1675 264 36 hårdhetsgrad
1572 1674 193 36 (kalkhalt)

267 1719 46 29 än
340 1717 60 32 det
427 1727 74 22 som
526 1717 95 32 visat
647 1717 55 36 sig
731 1717 265 32 framströmma
1022 1728 42 20 ur
1090 1718 251 31 vattentäkten
1370 1717 220 37 (borrhålet).
1628 1719 139 31 Härför

267 1760 228 32 erfordrades
516 1760 156 32 särskild
695 1760 352 37 filtreranläggning.

305 1803 54 32 På
380 1804 119 36 grund
519 1814 45 21 av
586 1804 160 31 därefter
768 1804 214 32 inträdande
1003 1804 215 33 vattenbrist
1239 1805 65 31 och
1325 1806 116 30 andra
1462 1806 305 36 omständigheter

269 1846 146 37 (läckor,
435 1857 35 22 se
489 1846 130 37 nedan)
640 1847 119 32 kunde
778 1847 199 32 emellertid
995 1849 358 36 pumpanordningen
1374 1848 57 32 till
1451 1849 97 31 detta
1569 1849 99 31 filter
1688 1850 79 31 icke

266 1889 199 38 slutgiltigt
481 1890 158 37 regleras
657 1891 125 31 förrän
798 1891 12 30 i
827 1892 190 31 november
1035 1892 87 36 1929,
1141 1892 90 31 efter
1249 1892 122 31 vilken
1390 1892 53 32 tid
1460 1892 304 38 vattenlednings-

267 1935 99 30 nätet
386 1933 98 32 varit
504 1934 13 31 i
537 1934 178 32 funktion.

305 1975 84 33 Med
414 1978 173 31 avseende
610 1978 22 30 å
657 1977 184 37 befintligt
865 1978 148 37 läckage
1037 1979 21 31 å
1084 1979 318 36 vattenledningen
1426 1980 66 30 har
1516 1980 125 31 chefen
1667 1981 55 31 för
1747 1981 20 29 4

267 2019 193 37 flygkåren
480 2021 13 30 i
514 2020 55 32 sin
589 2020 172 33 skrivelse
782 2021 67 32 den
870 2022 39 31 29
929 2022 188 31 november
1139 2023 77 30 1929
1238 2023 188 36 förmodat,
1449 2025 52 29 att
1523 2023 240 37 anledningen

266 2062 126 32 härtill
409 2073 85 22 vore
511 2066 53 29 att
582 2064 86 32 söka
687 2064 12 31 i
717 2064 96 32 vissa
831 2065 162 31 defekter
1010 2065 12 31 i
1040 2065 415 37 vattenledningsrörens
1474 2066 175 32 material.
1678 2067 84 32 Che-

267 2106 59 31 fen
348 2106 57 31 för
428 2107 111 36 sagda
559 2106 147 38 flygkår
728 2108 157 32 saknade
905 2108 129 33 därvid
1054 2109 199 31 kännedom
1275 2119 65 26 om,
1361 2112 54 29 att
1437 2112 104 29 rören
1562 2110 200 32 kontrakts-

264 2148 114 38 enligt
427 2151 241 36 provtryckts,
717 2151 110 32 vilket
867 2152 257 36 flygstyrelsen
1149 2153 200 31 sedermera
1378 2154 137 31 anmält
1544 2154 57 31 till
1630 2155 135 35 Kungl.

265 2192 110 37 Maj:t
395 2193 64 32 vid
478 2194 219 37 avgivandet
717 2205 45 21 av
783 2205 83 22 svar
887 2197 22 29 å
928 2195 312 33 statsrevisionens
1259 2197 251 36 anmärkning.

303 2238 106 32 Efter
427 2238 219 37 avgivandet
665 2249 46 20 av
729 2238 143 32 chefens
892 2239 56 30 för
967 2239 27 31 4.
1015 2239 192 37 flygkåren
1224 2250 92 20 ovan
1336 2240 150 32 berörda
1505 2240 172 33 skrivelse
1697 2242 67 30 har

264 2281 200 33 emellertid
505 2282 243 32 framkommit
787 2292 43 21 en
870 2282 186 32 förmodan
1077 2284 54 30 att
1149 2283 232 32 konstaterad
1401 2283 179 38 bristning
1601 2295 45 21 av
1665 2285 97 31 vissa

264 2325 352 37 vattenledningsrör
657 2325 188 32 föranletts
882 2336 46 20 av
946 2336 45 21 en
1009 2325 168 37 felaktigt
1195 2327 193 31 arbetande
1408 2327 354 37 reduceringsventil,

265 2368 168 37 placerad
457 2368 12 31 i
492 2369 129 32 kårens
644 2368 284 38 kokinrättning.

303 2415 69 32 Det
388 2415 68 31 har
472 2413 183 37 nämligen
671 2413 250 37 konstaterats,
938 2414 54 30 att
1011 2413 115 31 denna
1142 2413 123 36 ventil,
1283 2424 74 21 som
1375 2413 78 32 icke
1471 2414 105 36 ingår
1594 2415 12 30 i
1624 2416 137 30 vatten-

264 2458 461 36 ledningsentreprenörens
765 2456 213 36 åtaganden,
1019 2456 61 32 vid
1123 2457 194 36 stängning
1339 2457 254 32 åstadkommit
1615 2458 146 32 stötar
1743 2452 21 46 i
