<?xml version="1.0" encoding="UTF-8"?>
<alto xmlns="http://www.loc.gov/standards/alto/ns-v3#" xmlns:xlink="http://www.w3.org/1999/xlink" xmlns:xsi="http://www.w3.org/2001/XMLSchema-instance" xsi:schemaLocation="http://www.loc.gov/standards/alto/ns-v3# http://www.loc.gov/alto/v3/alto-3-0.xsd">
	<Description>
		<MeasurementUnit>pixel</MeasurementUnit>
		<sourceImageInformation>
			<fileName>/tmp/tess_w_x05sqt_input.PNG</fileName>
		</sourceImageInformation>
		<OCRProcessing ID="OCR_0">
			<ocrProcessingStep>
				<processingSoftware>
					<softwareName>tesseract 5.3.0</softwareName>
				</processingSoftware>
			</ocrProcessingStep>
		</OCRProcessing>
	</Description>
	<Layout>
		<Page WIDTH="2246" HEIGHT="2630" PHYSICAL_IMG_NR="0" ID="page_0">
			<PrintSpace HPOS="0" VPOS="0" WIDTH="2246" HEIGHT="2630">
				<ComposedBlock ID="cblock_0" HPOS="770" VPOS="212" WIDTH="1074" HEIGHT="36">
					<TextBlock ID="block_0" HPOS="770" VPOS="212" WIDTH="1074" HEIGHT="36">
						<TextLine ID="line_0" HPOS="770" VPOS="212" WIDTH="1074" HEIGHT="36">
							<String ID="string_0" HPOS="770" VPOS="212" WIDTH="235" HEIGHT="30" WC="0.49" CONTENT="sStatsutskottets"/><SP WIDTH="29" VPOS="212" HPOS="1005"/>
							<String ID="string_1" HPOS="1034" VPOS="214" WIDTH="153" HEIGHT="30" WC="0.95" CONTENT="Utlåtande"/><SP WIDTH="24" VPOS="214" HPOS="1187"/>
							<String ID="string_2" HPOS="1211" VPOS="215" WIDTH="57" HEIGHT="30" WC="0.95" CONTENT="N:o"/><SP WIDTH="27" VPOS="215" HPOS="1268"/>
							<String ID="string_3" HPOS="1295" VPOS="217" WIDTH="45" HEIGHT="28" WC="0.96" CONTENT="21."/><SP WIDTH="485" VPOS="217" HPOS="1340"/>
							<String ID="string_4" HPOS="1825" VPOS="219" WIDTH="19" HEIGHT="29" WC="0.96" CONTENT="9"/>
						</TextLine>
					</TextBlock>
				</ComposedBlock>
				<ComposedBlock ID="cblock_1" HPOS="237" VPOS="285" WIDTH="1608" HEIGHT="2090">
					<TextBlock ID="block_1" HPOS="247" VPOS="285" WIDTH="1598" HEIGHT="219">
						<TextLine ID="line_1" HPOS="248" VPOS="285" WIDTH="1595" HEIGHT="60">
							<String ID="string_5" HPOS="248" VPOS="285" WIDTH="106" HEIGHT="37" WC="0.93" CONTENT="Stora"/><SP WIDTH="38" VPOS="285" HPOS="354"/>
							<String ID="string_6" HPOS="392" VPOS="286" WIDTH="218" HEIGHT="38" WC="0.91" CONTENT="Strandåker"/><SP WIDTH="37" VPOS="286" HPOS="610"/>
							<String ID="string_7" HPOS="647" VPOS="302" WIDTH="57" HEIGHT="23" WC="0.95" CONTENT="n:o"/><SP WIDTH="40" VPOS="302" HPOS="704"/>
							<String ID="string_8" HPOS="744" VPOS="293" WIDTH="21" HEIGHT="34" WC="0.95" CONTENT="3"/><SP WIDTH="41" VPOS="293" HPOS="765"/>
							<String ID="string_9" HPOS="806" VPOS="290" WIDTH="46" HEIGHT="49" WC="0.96" CONTENT="på"/><SP WIDTH="34" VPOS="290" HPOS="852"/>
							<String ID="string_10" HPOS="886" VPOS="292" WIDTH="43" HEIGHT="36" WC="0.96" CONTENT="de"/><SP WIDTH="29" VPOS="292" HPOS="929"/>
							<String ID="string_11" HPOS="958" VPOS="294" WIDTH="38" HEIGHT="34" WC="0.92" CONTENT="af"/><SP WIDTH="28" VPOS="294" HPOS="996"/>
							<String ID="string_12" HPOS="1024" VPOS="293" WIDTH="310" HEIGHT="51" WC="0.91" CONTENT="domänstyrelsen"/><SP WIDTH="29" VPOS="293" HPOS="1334"/>
							<String ID="string_13" HPOS="1363" VPOS="294" WIDTH="207" HEIGHT="51" WC="0.96" CONTENT="föreslagna"/><SP WIDTH="29" VPOS="294" HPOS="1570"/>
							<String ID="string_14" HPOS="1599" VPOS="298" WIDTH="133" HEIGHT="44" WC="0.96" CONTENT="vilkor,"/><SP WIDTH="29" VPOS="298" HPOS="1732"/>
							<String ID="string_15" HPOS="1761" VPOS="300" WIDTH="82" HEIGHT="35" WC="0.95" CONTENT="med"/>
						</TextLine>
						<TextLine ID="line_2" HPOS="248" VPOS="340" WIDTH="1595" HEIGHT="61">
							<String ID="string_16" HPOS="248" VPOS="340" WIDTH="225" HEIGHT="48" WC="0.88" CONTENT="landstinget"/><SP WIDTH="36" VPOS="340" HPOS="473"/>
							<String ID="string_17" HPOS="509" VPOS="342" WIDTH="127" HEIGHT="37" WC="0.91" CONTENT="dervid"/><SP WIDTH="34" VPOS="342" HPOS="636"/>
							<String ID="string_18" HPOS="670" VPOS="344" WIDTH="140" HEIGHT="48" WC="0.91" CONTENT="jemväl"/><SP WIDTH="34" VPOS="344" HPOS="810"/>
							<String ID="string_19" HPOS="844" VPOS="344" WIDTH="226" HEIGHT="39" WC="0.96" CONTENT="förbehållen"/><SP WIDTH="34" VPOS="344" HPOS="1070"/>
							<String ID="string_20" HPOS="1104" VPOS="351" WIDTH="72" HEIGHT="32" WC="0.96" CONTENT="rätt"/><SP WIDTH="33" VPOS="351" HPOS="1176"/>
							<String ID="string_21" HPOS="1209" VPOS="349" WIDTH="59" HEIGHT="35" WC="0.96" CONTENT="till"/><SP WIDTH="29" VPOS="349" HPOS="1268"/>
							<String ID="string_22" HPOS="1297" VPOS="350" WIDTH="229" HEIGHT="48" WC="0.96" CONTENT="anläggande"/><SP WIDTH="29" VPOS="350" HPOS="1526"/>
							<String ID="string_23" HPOS="1555" VPOS="352" WIDTH="68" HEIGHT="35" WC="0.96" CONTENT="och"/><SP WIDTH="28" VPOS="352" HPOS="1623"/>
							<String ID="string_24" HPOS="1651" VPOS="353" WIDTH="192" HEIGHT="48" WC="0.95" CONTENT="nyttjande"/>
						</TextLine>
						<TextLine ID="line_3" HPOS="247" VPOS="392" WIDTH="1598" HEIGHT="62">
							<String ID="string_25" HPOS="247" VPOS="392" WIDTH="57" HEIGHT="36" WC="0.91" CONTENT="för"/><SP WIDTH="39" VPOS="392" HPOS="304"/>
							<String ID="string_26" HPOS="343" VPOS="393" WIDTH="187" HEIGHT="38" WC="0.91" CONTENT="blifvande"/><SP WIDTH="39" VPOS="393" HPOS="530"/>
							<String ID="string_27" HPOS="569" VPOS="402" WIDTH="84" HEIGHT="43" WC="0.91" CONTENT="nytt"/><SP WIDTH="29" VPOS="402" HPOS="653"/>
							<String ID="string_28" HPOS="682" VPOS="398" WIDTH="166" HEIGHT="37" WC="0.91" CONTENT="lasaretts"/><SP WIDTH="28" VPOS="398" HPOS="848"/>
							<String ID="string_29" HPOS="876" VPOS="399" WIDTH="114" HEIGHT="36" WC="0.92" CONTENT="behof"/><SP WIDTH="26" VPOS="399" HPOS="990"/>
							<String ID="string_30" HPOS="1016" VPOS="400" WIDTH="40" HEIGHT="36" WC="0.96" CONTENT="af"/><SP WIDTH="25" VPOS="400" HPOS="1056"/>
							<String ID="string_31" HPOS="1081" VPOS="402" WIDTH="278" HEIGHT="50" WC="0.96" CONTENT="vattenledning"/><SP WIDTH="28" VPOS="402" HPOS="1359"/>
							<String ID="string_32" HPOS="1387" VPOS="416" WIDTH="131" HEIGHT="36" WC="0.96" CONTENT="genom"/><SP WIDTH="28" VPOS="416" HPOS="1518"/>
							<String ID="string_33" HPOS="1546" VPOS="406" WIDTH="216" HEIGHT="48" WC="0.96" CONTENT="lägenheten"/><SP WIDTH="28" VPOS="406" HPOS="1762"/>
							<String ID="string_34" HPOS="1790" VPOS="406" WIDTH="55" HEIGHT="38" WC="0.93" CONTENT="S:t"/>
						</TextLine>
						<TextLine ID="line_4" HPOS="248" VPOS="445" WIDTH="932" HEIGHT="59">
							<String ID="string_35" HPOS="248" VPOS="445" WIDTH="140" HEIGHT="39" WC="0.95" CONTENT="Görans"/><SP WIDTH="28" VPOS="445" HPOS="388"/>
							<String ID="string_36" HPOS="416" VPOS="449" WIDTH="210" HEIGHT="49" WC="0.96" CONTENT="kyrkogård"/><SP WIDTH="31" VPOS="449" HPOS="626"/>
							<String ID="string_37" HPOS="657" VPOS="451" WIDTH="90" HEIGHT="36" WC="0.96" CONTENT="eller"/><SP WIDTH="29" VPOS="451" HPOS="747"/>
							<String ID="string_38" HPOS="776" VPOS="452" WIDTH="51" HEIGHT="36" WC="0.76" CONTENT="S:t"/><SP WIDTH="27" VPOS="452" HPOS="827"/>
							<String ID="string_39" HPOS="854" VPOS="451" WIDTH="138" HEIGHT="38" WC="0.95" CONTENT="Görans"/><SP WIDTH="29" VPOS="451" HPOS="992"/>
							<String ID="string_40" HPOS="1021" VPOS="455" WIDTH="159" HEIGHT="49" WC="0.35" CONTENT="betning."/>
						</TextLine>
					</TextBlock>
					<TextBlock ID="block_2" HPOS="237" VPOS="501" WIDTH="1606" HEIGHT="1825">
						<TextLine ID="line_5" HPOS="355" VPOS="501" WIDTH="1488" HEIGHT="55">
							<String ID="string_41" HPOS="355" VPOS="501" WIDTH="15" HEIGHT="36" WC="0.96" CONTENT="I"/><SP WIDTH="20" VPOS="501" HPOS="370"/>
							<String ID="string_42" HPOS="390" VPOS="503" WIDTH="201" HEIGHT="49" WC="0.96" CONTENT="anledning"/><SP WIDTH="20" VPOS="503" HPOS="591"/>
							<String ID="string_43" HPOS="611" VPOS="503" WIDTH="40" HEIGHT="36" WC="0.96" CONTENT="af"/><SP WIDTH="17" VPOS="503" HPOS="651"/>
							<String ID="string_44" HPOS="668" VPOS="505" WIDTH="96" HEIGHT="36" WC="0.91" CONTENT="hvad"/><SP WIDTH="22" VPOS="505" HPOS="764"/>
							<String ID="string_45" HPOS="786" VPOS="506" WIDTH="375" HEIGHT="50" WC="0.91" CONTENT="kammarkollegium"/><SP WIDTH="17" VPOS="506" HPOS="1161"/>
							<String ID="string_46" HPOS="1178" VPOS="510" WIDTH="11" HEIGHT="34" WC="0.96" CONTENT="i"/><SP WIDTH="17" VPOS="510" HPOS="1189"/>
							<String ID="string_47" HPOS="1206" VPOS="510" WIDTH="149" HEIGHT="36" WC="0.96" CONTENT="ärendet"/><SP WIDTH="21" VPOS="510" HPOS="1355"/>
							<String ID="string_48" HPOS="1376" VPOS="510" WIDTH="133" HEIGHT="45" WC="0.96" CONTENT="anfört,"/><SP WIDTH="17" VPOS="510" HPOS="1509"/>
							<String ID="string_49" HPOS="1526" VPOS="511" WIDTH="91" HEIGHT="37" WC="0.93" CONTENT="hade"/><SP WIDTH="16" VPOS="511" HPOS="1617"/>
							<String ID="string_50" HPOS="1633" VPOS="513" WIDTH="210" HEIGHT="37" WC="0.91" CONTENT="medicinal-"/>
						</TextLine>
						<TextLine ID="line_6" HPOS="247" VPOS="555" WIDTH="1596" HEIGHT="59">
							<String ID="string_51" HPOS="247" VPOS="555" WIDTH="189" HEIGHT="49" WC="0.96" CONTENT="styrelsen,"/><SP WIDTH="42" VPOS="555" HPOS="436"/>
							<String ID="string_52" HPOS="478" VPOS="557" WIDTH="93" HEIGHT="36" WC="0.96" CONTENT="efter"/><SP WIDTH="38" VPOS="557" HPOS="571"/>
							<String ID="string_53" HPOS="609" VPOS="559" WIDTH="137" HEIGHT="44" WC="0.96" CONTENT="remiss,"/><SP WIDTH="43" VPOS="559" HPOS="746"/>
							<String ID="string_54" HPOS="789" VPOS="560" WIDTH="68" HEIGHT="35" WC="0.95" CONTENT="den"/><SP WIDTH="49" VPOS="560" HPOS="857"/>
							<String ID="string_55" HPOS="906" VPOS="562" WIDTH="45" HEIGHT="36" WC="0.95" CONTENT="10"/><SP WIDTH="43" VPOS="562" HPOS="951"/>
							<String ID="string_56" HPOS="994" VPOS="575" WIDTH="97" HEIGHT="22" WC="0.96" CONTENT="mars"/><SP WIDTH="38" VPOS="575" HPOS="1091"/>
							<String ID="string_57" HPOS="1129" VPOS="565" WIDTH="95" HEIGHT="35" WC="0.96" CONTENT="1897"/><SP WIDTH="39" VPOS="565" HPOS="1224"/>
							<String ID="string_58" HPOS="1263" VPOS="562" WIDTH="148" HEIGHT="50" WC="0.85" CONTENT="afoifvit"/><SP WIDTH="28" VPOS="562" HPOS="1411"/>
							<String ID="string_59" HPOS="1439" VPOS="564" WIDTH="174" HEIGHT="50" WC="0.91" CONTENT="förnyadt"/><SP WIDTH="29" VPOS="564" HPOS="1613"/>
							<String ID="string_60" HPOS="1642" VPOS="566" WIDTH="201" HEIGHT="46" WC="0.96" CONTENT="utlåtande,"/>
						</TextLine>
						<TextLine ID="line_7" HPOS="246" VPOS="608" WIDTH="1597" HEIGHT="62">
							<String ID="string_61" HPOS="246" VPOS="608" WIDTH="129" HEIGHT="37" WC="0.92" CONTENT="dervid"/><SP WIDTH="40" VPOS="608" HPOS="375"/>
							<String ID="string_62" HPOS="415" VPOS="612" WIDTH="187" HEIGHT="47" WC="0.93" CONTENT="styrelsen,"/><SP WIDTH="43" VPOS="612" HPOS="602"/>
							<String ID="string_63" HPOS="645" VPOS="612" WIDTH="114" HEIGHT="36" WC="0.96" CONTENT="under"/><SP WIDTH="42" VPOS="612" HPOS="759"/>
							<String ID="string_64" HPOS="801" VPOS="612" WIDTH="231" HEIGHT="51" WC="0.95" CONTENT="åberopande"/><SP WIDTH="42" VPOS="612" HPOS="1032"/>
							<String ID="string_65" HPOS="1074" VPOS="614" WIDTH="40" HEIGHT="37" WC="0.96" CONTENT="af"/><SP WIDTH="41" VPOS="614" HPOS="1114"/>
							<String ID="string_66" HPOS="1155" VPOS="617" WIDTH="62" HEIGHT="35" WC="0.96" CONTENT="sitt"/><SP WIDTH="41" VPOS="617" HPOS="1217"/>
							<String ID="string_67" HPOS="1258" VPOS="617" WIDTH="68" HEIGHT="35" WC="0.96" CONTENT="den"/><SP WIDTH="38" VPOS="617" HPOS="1326"/>
							<String ID="string_68" HPOS="1364" VPOS="620" WIDTH="57" HEIGHT="36" WC="0.94" CONTENT="30:"/><SP WIDTH="25" VPOS="620" HPOS="1421"/>
							<String ID="string_69" HPOS="1446" VPOS="632" WIDTH="97" HEIGHT="23" WC="0.95" CONTENT="mars"/><SP WIDTH="32" VPOS="632" HPOS="1543"/>
							<String ID="string_70" HPOS="1575" VPOS="622" WIDTH="99" HEIGHT="35" WC="0.96" CONTENT="1896"/><SP WIDTH="26" VPOS="622" HPOS="1674"/>
							<String ID="string_71" HPOS="1700" VPOS="620" WIDTH="143" HEIGHT="50" WC="0.89" CONTENT="afgifna"/>
						</TextLine>
						<TextLine ID="line_8" HPOS="246" VPOS="663" WIDTH="1597" HEIGHT="58">
							<String ID="string_72" HPOS="246" VPOS="664" WIDTH="184" HEIGHT="47" WC="0.96" CONTENT="yttrande,"/><SP WIDTH="31" VPOS="664" HPOS="430"/>
							<String ID="string_73" HPOS="461" VPOS="663" WIDTH="315" HEIGHT="52" WC="0.96" CONTENT="hufvudsakligen"/><SP WIDTH="20" VPOS="663" HPOS="776"/>
							<String ID="string_74" HPOS="796" VPOS="666" WIDTH="121" HEIGHT="38" WC="0.96" CONTENT="anfört"/><SP WIDTH="19" VPOS="666" HPOS="917"/>
							<String ID="string_75" HPOS="936" VPOS="667" WIDTH="171" HEIGHT="50" WC="0.96" CONTENT="följande."/><SP WIDTH="44" VPOS="667" HPOS="1107"/>
							<String ID="string_76" HPOS="1151" VPOS="670" WIDTH="138" HEIGHT="36" WC="0.94" CONTENT="Kunde"/><SP WIDTH="15" VPOS="670" HPOS="1289"/>
							<String ID="string_77" HPOS="1304" VPOS="672" WIDTH="44" HEIGHT="35" WC="0.94" CONTENT="de"/><SP WIDTH="18" VPOS="672" HPOS="1348"/>
							<String ID="string_78" HPOS="1366" VPOS="671" WIDTH="279" HEIGHT="50" WC="0.92" CONTENT="ifrågavarande"/><SP WIDTH="17" VPOS="671" HPOS="1645"/>
							<String ID="string_79" HPOS="1662" VPOS="675" WIDTH="181" HEIGHT="36" WC="0.92" CONTENT="lasaretts-"/>
						</TextLine>
						<TextLine ID="line_9" HPOS="247" VPOS="717" WIDTH="1596" HEIGHT="61">
							<String ID="string_80" HPOS="247" VPOS="717" WIDTH="262" HEIGHT="48" WC="0.96" CONTENT="byggnaderna"/><SP WIDTH="29" VPOS="717" HPOS="509"/>
							<String ID="string_81" HPOS="538" VPOS="717" WIDTH="56" HEIGHT="38" WC="0.96" CONTENT="för"/><SP WIDTH="28" VPOS="717" HPOS="594"/>
							<String ID="string_82" HPOS="622" VPOS="719" WIDTH="214" HEIGHT="49" WC="0.96" CONTENT="hospitalets"/><SP WIDTH="28" VPOS="719" HPOS="836"/>
							<String ID="string_83" HPOS="864" VPOS="722" WIDTH="157" HEIGHT="49" WC="0.93" CONTENT="räkning"/><SP WIDTH="28" VPOS="722" HPOS="1021"/>
							<String ID="string_84" HPOS="1049" VPOS="721" WIDTH="205" HEIGHT="39" WC="0.91" CONTENT="förvärfvas"/><SP WIDTH="29" VPOS="721" HPOS="1254"/>
							<String ID="string_85" HPOS="1283" VPOS="724" WIDTH="57" HEIGHT="37" WC="0.96" CONTENT="för"/><SP WIDTH="26" VPOS="724" HPOS="1340"/>
							<String ID="string_86" HPOS="1366" VPOS="731" WIDTH="54" HEIGHT="30" WC="0.96" CONTENT="ett"/><SP WIDTH="31" VPOS="731" HPOS="1420"/>
							<String ID="string_87" HPOS="1451" VPOS="727" WIDTH="124" HEIGHT="49" WC="0.96" CONTENT="billigt"/><SP WIDTH="27" VPOS="727" HPOS="1575"/>
							<String ID="string_88" HPOS="1602" VPOS="728" WIDTH="87" HEIGHT="48" WC="0.93" CONTENT="pris,"/><SP WIDTH="22" VPOS="728" HPOS="1689"/>
							<String ID="string_89" HPOS="1711" VPOS="728" WIDTH="132" HEIGHT="50" WC="0.92" CONTENT="ansåge"/>
						</TextLine>
						<TextLine ID="line_10" HPOS="246" VPOS="771" WIDTH="1597" HEIGHT="56">
							<String ID="string_90" HPOS="246" VPOS="771" WIDTH="179" HEIGHT="47" WC="0.96" CONTENT="styrelsen"/><SP WIDTH="44" VPOS="771" HPOS="425"/>
							<String ID="string_91" HPOS="469" VPOS="771" WIDTH="62" HEIGHT="36" WC="0.95" CONTENT="det"/><SP WIDTH="40" VPOS="771" HPOS="531"/>
							<String ID="string_92" HPOS="571" VPOS="786" WIDTH="89" HEIGHT="22" WC="0.96" CONTENT="vara"/><SP WIDTH="23" VPOS="786" HPOS="660"/>
							<String ID="string_93" HPOS="683" VPOS="774" WIDTH="94" HEIGHT="36" WC="0.93" CONTENT="skäl"/><SP WIDTH="34" VPOS="774" HPOS="777"/>
							<String ID="string_94" HPOS="811" VPOS="780" WIDTH="56" HEIGHT="30" WC="0.95" CONTENT="att"/><SP WIDTH="32" VPOS="780" HPOS="867"/>
							<String ID="string_95" HPOS="899" VPOS="777" WIDTH="107" HEIGHT="43" WC="0.96" CONTENT="tillse,"/><SP WIDTH="32" VPOS="777" HPOS="1006"/>
							<String ID="string_96" HPOS="1038" VPOS="777" WIDTH="184" HEIGHT="36" WC="0.96" CONTENT="huruvida"/><SP WIDTH="29" VPOS="777" HPOS="1222"/>
							<String ID="string_97" HPOS="1251" VPOS="778" WIDTH="199" HEIGHT="49" WC="0.96" CONTENT="hospitalet"/><SP WIDTH="29" VPOS="778" HPOS="1450"/>
							<String ID="string_98" HPOS="1479" VPOS="781" WIDTH="120" HEIGHT="35" WC="0.96" CONTENT="skulle"/><SP WIDTH="29" VPOS="781" HPOS="1599"/>
							<String ID="string_99" HPOS="1628" VPOS="782" WIDTH="126" HEIGHT="35" WC="0.93" CONTENT="kunna"/><SP WIDTH="30" VPOS="782" HPOS="1754"/>
							<String ID="string_100" HPOS="1784" VPOS="784" WIDTH="59" HEIGHT="34" WC="0.89" CONTENT="be-"/>
						</TextLine>
						<TextLine ID="line_11" HPOS="244" VPOS="824" WIDTH="1597" HEIGHT="59">
							<String ID="string_101" HPOS="244" VPOS="824" WIDTH="107" HEIGHT="36" WC="0.95" CONTENT="redas"/><SP WIDTH="40" VPOS="824" HPOS="351"/>
							<String ID="string_102" HPOS="391" VPOS="825" WIDTH="89" HEIGHT="35" WC="0.92" CONTENT="flera"/><SP WIDTH="41" VPOS="825" HPOS="480"/>
							<String ID="string_103" HPOS="521" VPOS="826" WIDTH="220" HEIGHT="49" WC="0.92" CONTENT="sjukplatser"/><SP WIDTH="40" VPOS="826" HPOS="741"/>
							<String ID="string_104" HPOS="781" VPOS="842" WIDTH="134" HEIGHT="35" WC="0.93" CONTENT="genom"/><SP WIDTH="37" VPOS="842" HPOS="915"/>
							<String ID="string_105" HPOS="952" VPOS="829" WIDTH="261" HEIGHT="38" WC="0.88" CONTENT="förvärfvande"/><SP WIDTH="34" VPOS="829" HPOS="1213"/>
							<String ID="string_106" HPOS="1247" VPOS="831" WIDTH="41" HEIGHT="36" WC="0.91" CONTENT="af"/><SP WIDTH="24" VPOS="831" HPOS="1288"/>
							<String ID="string_107" HPOS="1312" VPOS="833" WIDTH="434" HEIGHT="50" WC="0.91" CONTENT="lasarettsbyggnaderna"/><SP WIDTH="28" VPOS="833" HPOS="1746"/>
							<String ID="string_108" HPOS="1774" VPOS="837" WIDTH="67" HEIGHT="35" WC="0.96" CONTENT="och"/>
						</TextLine>
						<TextLine ID="line_12" HPOS="245" VPOS="877" WIDTH="1597" HEIGHT="61">
							<String ID="string_109" HPOS="245" VPOS="877" WIDTH="212" HEIGHT="49" WC="0.93" CONTENT="derigenom"/><SP WIDTH="35" VPOS="877" HPOS="457"/>
							<String ID="string_110" HPOS="492" VPOS="879" WIDTH="119" HEIGHT="36" WC="0.96" CONTENT="bättre"/><SP WIDTH="34" VPOS="879" HPOS="611"/>
							<String ID="string_111" HPOS="645" VPOS="887" WIDTH="184" HEIGHT="30" WC="0.96" CONTENT="motsvara"/><SP WIDTH="34" VPOS="887" HPOS="829"/>
							<String ID="string_112" HPOS="863" VPOS="883" WIDTH="220" HEIGHT="37" WC="0.96" CONTENT="kommande"/><SP WIDTH="29" VPOS="883" HPOS="1083"/>
							<String ID="string_113" HPOS="1112" VPOS="885" WIDTH="114" HEIGHT="36" WC="0.96" CONTENT="tiders"/><SP WIDTH="28" VPOS="885" HPOS="1226"/>
							<String ID="string_114" HPOS="1254" VPOS="885" WIDTH="154" HEIGHT="49" WC="0.96" CONTENT="anspråk"/><SP WIDTH="30" VPOS="885" HPOS="1408"/>
							<String ID="string_115" HPOS="1438" VPOS="890" WIDTH="47" HEIGHT="45" WC="0.90" CONTENT="på"/><SP WIDTH="28" VPOS="890" HPOS="1485"/>
							<String ID="string_116" HPOS="1513" VPOS="888" WIDTH="112" HEIGHT="36" WC="0.90" CONTENT="ökadt"/><SP WIDTH="29" VPOS="888" HPOS="1625"/>
							<String ID="string_117" HPOS="1654" VPOS="895" WIDTH="188" HEIGHT="43" WC="0.95" CONTENT="utrymme"/>
						</TextLine>
						<TextLine ID="line_13" HPOS="244" VPOS="932" WIDTH="1596" HEIGHT="59">
							<String ID="string_118" HPOS="244" VPOS="937" WIDTH="96" HEIGHT="30" WC="0.96" CONTENT="samt"/><SP WIDTH="28" VPOS="937" HPOS="340"/>
							<String ID="string_119" HPOS="368" VPOS="932" WIDTH="187" HEIGHT="36" WC="0.96" CONTENT="huruvida"/><SP WIDTH="29" VPOS="932" HPOS="555"/>
							<String ID="string_120" HPOS="584" VPOS="932" WIDTH="107" HEIGHT="38" WC="0.92" CONTENT="äfven"/><SP WIDTH="30" VPOS="932" HPOS="691"/>
							<String ID="string_121" HPOS="721" VPOS="936" WIDTH="115" HEIGHT="35" WC="0.89" CONTENT="andra&#39;"/><SP WIDTH="27" VPOS="936" HPOS="836"/>
							<String ID="string_122" HPOS="863" VPOS="935" WIDTH="187" HEIGHT="38" WC="0.96" CONTENT="förmåner"/><SP WIDTH="28" VPOS="935" HPOS="1050"/>
							<String ID="string_123" HPOS="1078" VPOS="936" WIDTH="57" HEIGHT="38" WC="0.96" CONTENT="för"/><SP WIDTH="28" VPOS="936" HPOS="1135"/>
							<String ID="string_124" HPOS="1163" VPOS="939" WIDTH="221" HEIGHT="48" WC="0.95" CONTENT="sjukvården"/><SP WIDTH="29" VPOS="939" HPOS="1384"/>
							<String ID="string_125" HPOS="1413" VPOS="941" WIDTH="123" HEIGHT="36" WC="0.96" CONTENT="kunde"/><SP WIDTH="24" VPOS="941" HPOS="1536"/>
							<String ID="string_126" HPOS="1560" VPOS="943" WIDTH="129" HEIGHT="35" WC="0.96" CONTENT="vinnas"/><SP WIDTH="19" VPOS="943" HPOS="1689"/>
							<String ID="string_127" HPOS="1708" VPOS="956" WIDTH="132" HEIGHT="35" WC="0.96" CONTENT="genom"/>
						</TextLine>
						<TextLine ID="line_14" HPOS="244" VPOS="984" WIDTH="1598" HEIGHT="57">
							<String ID="string_128" HPOS="244" VPOS="984" WIDTH="62" HEIGHT="36" WC="0.90" CONTENT="det"/><SP WIDTH="41" VPOS="984" HPOS="306"/>
							<String ID="string_129" HPOS="347" VPOS="984" WIDTH="206" HEIGHT="50" WC="0.74" CONTENT="föreslagna"/><SP WIDTH="42" VPOS="984" HPOS="553"/>
							<String ID="string_130" HPOS="595" VPOS="988" WIDTH="115" HEIGHT="48" WC="0.67" CONTENT="köpet."/><SP WIDTH="60" VPOS="988" HPOS="710"/>
							<String ID="string_131" HPOS="770" VPOS="989" WIDTH="78" HEIGHT="36" WC="0.94" CONTENT="Den"/><SP WIDTH="34" VPOS="989" HPOS="848"/>
							<String ID="string_132" HPOS="882" VPOS="992" WIDTH="201" HEIGHT="35" WC="0.44" CONTENT="förnämsta"/><SP WIDTH="33" VPOS="992" HPOS="1083"/>
							<String ID="string_133" HPOS="1116" VPOS="991" WIDTH="188" HEIGHT="37" WC="0.78" CONTENT="förmånen:"/><SP WIDTH="40" VPOS="991" HPOS="1304"/>
							<String ID="string_134" HPOS="1344" VPOS="993" WIDTH="123" HEIGHT="37" WC="0.92" CONTENT="blefve"/><SP WIDTH="30" VPOS="993" HPOS="1467"/>
							<String ID="string_135" HPOS="1497" VPOS="1001" WIDTH="89" HEIGHT="30" WC="0.93" CONTENT="utan"/><SP WIDTH="29" VPOS="1001" HPOS="1586"/>
							<String ID="string_136" HPOS="1615" VPOS="995" WIDTH="143" HEIGHT="46" WC="0.91" CONTENT="tvifvel,"/><SP WIDTH="29" VPOS="995" HPOS="1758"/>
							<String ID="string_137" HPOS="1787" VPOS="1003" WIDTH="55" HEIGHT="30" WC="0.96" CONTENT="att"/>
						</TextLine>
						<TextLine ID="line_15" HPOS="244" VPOS="1038" WIDTH="1597" HEIGHT="54">
							<String ID="string_138" HPOS="244" VPOS="1038" WIDTH="44" HEIGHT="36" WC="0.96" CONTENT="de"/><SP WIDTH="31" VPOS="1038" HPOS="288"/>
							<String ID="string_139" HPOS="319" VPOS="1038" WIDTH="93" HEIGHT="36" WC="0.94" CONTENT="båda"/><SP WIDTH="28" VPOS="1038" HPOS="412"/>
							<String ID="string_140" HPOS="440" VPOS="1041" WIDTH="234" HEIGHT="45" WC="0.94" CONTENT="anstalterna,"/><SP WIDTH="29" VPOS="1041" HPOS="674"/>
							<String ID="string_141" HPOS="703" VPOS="1042" WIDTH="196" HEIGHT="50" WC="0.96" CONTENT="hospitalet"/><SP WIDTH="28" VPOS="1042" HPOS="899"/>
							<String ID="string_142" HPOS="927" VPOS="1045" WIDTH="67" HEIGHT="35" WC="0.95" CONTENT="och"/><SP WIDTH="29" VPOS="1045" HPOS="994"/>
							<String ID="string_143" HPOS="1023" VPOS="1046" WIDTH="197" HEIGHT="45" WC="0.92" CONTENT="lasarettet,"/><SP WIDTH="29" VPOS="1046" HPOS="1220"/>
							<String ID="string_144" HPOS="1249" VPOS="1046" WIDTH="122" HEIGHT="37" WC="0.91" CONTENT="blefve"/><SP WIDTH="20" VPOS="1046" HPOS="1371"/>
							<String ID="string_145" HPOS="1391" VPOS="1048" WIDTH="120" HEIGHT="36" WC="0.96" CONTENT="skilda"/><SP WIDTH="19" VPOS="1048" HPOS="1511"/>
							<String ID="string_146" HPOS="1530" VPOS="1048" WIDTH="80" HEIGHT="37" WC="0.96" CONTENT="från"/><SP WIDTH="21" VPOS="1048" HPOS="1610"/>
							<String ID="string_147" HPOS="1631" VPOS="1050" WIDTH="210" HEIGHT="37" WC="0.96" CONTENT="hvarandra"/>
						</TextLine>
						<TextLine ID="line_16" HPOS="243" VPOS="1093" WIDTH="1597" HEIGHT="52">
							<String ID="string_148" HPOS="243" VPOS="1093" WIDTH="68" HEIGHT="35" WC="0.96" CONTENT="och"/><SP WIDTH="29" VPOS="1093" HPOS="311"/>
							<String ID="string_149" HPOS="340" VPOS="1093" WIDTH="123" HEIGHT="36" WC="0.95" CONTENT="kunde"/><SP WIDTH="30" VPOS="1093" HPOS="463"/>
							<String ID="string_150" HPOS="493" VPOS="1095" WIDTH="169" HEIGHT="36" WC="0.95" CONTENT="utveckla"/><SP WIDTH="29" VPOS="1095" HPOS="662"/>
							<String ID="string_151" HPOS="691" VPOS="1097" WIDTH="55" HEIGHT="48" WC="0.96" CONTENT="sig"/><SP WIDTH="28" VPOS="1097" HPOS="746"/>
							<String ID="string_152" HPOS="774" VPOS="1096" WIDTH="47" HEIGHT="49" WC="0.96" CONTENT="på"/><SP WIDTH="28" VPOS="1096" HPOS="821"/>
							<String ID="string_153" HPOS="849" VPOS="1097" WIDTH="61" HEIGHT="36" WC="0.96" CONTENT="det"/><SP WIDTH="28" VPOS="1097" HPOS="910"/>
							<String ID="string_154" HPOS="938" VPOS="1104" WIDTH="81" HEIGHT="39" WC="0.93" CONTENT="sätt,"/><SP WIDTH="20" VPOS="1104" HPOS="1019"/>
							<String ID="string_155" HPOS="1039" VPOS="1112" WIDTH="77" HEIGHT="23" WC="0.96" CONTENT="som"/><SP WIDTH="20" VPOS="1112" HPOS="1116"/>
							<String ID="string_156" HPOS="1136" VPOS="1100" WIDTH="80" HEIGHT="36" WC="0.92" CONTENT="bäst"/><SP WIDTH="20" VPOS="1100" HPOS="1216"/>
							<String ID="string_157" HPOS="1236" VPOS="1099" WIDTH="307" HEIGHT="40" WC="0.91" CONTENT="öfverensstämde"/><SP WIDTH="16" VPOS="1099" HPOS="1543"/>
							<String ID="string_158" HPOS="1559" VPOS="1104" WIDTH="83" HEIGHT="35" WC="0.96" CONTENT="med"/><SP WIDTH="17" VPOS="1104" HPOS="1642"/>
							<String ID="string_159" HPOS="1659" VPOS="1104" WIDTH="181" HEIGHT="37" WC="0.96" CONTENT="hvardera"/>
						</TextLine>
						<TextLine ID="line_17" HPOS="242" VPOS="1147" WIDTH="1597" HEIGHT="52">
							<String ID="string_160" HPOS="242" VPOS="1147" WIDTH="200" HEIGHT="36" WC="0.91" CONTENT="anstaltens"/><SP WIDTH="40" VPOS="1147" HPOS="442"/>
							<String ID="string_161" HPOS="482" VPOS="1148" WIDTH="179" HEIGHT="36" WC="0.94" CONTENT="ändamål."/><SP WIDTH="58" VPOS="1148" HPOS="661"/>
							<String ID="string_162" HPOS="719" VPOS="1150" WIDTH="209" HEIGHT="49" WC="0.92" CONTENT="Hospitalet"/><SP WIDTH="38" VPOS="1150" HPOS="928"/>
							<String ID="string_163" HPOS="966" VPOS="1152" WIDTH="122" HEIGHT="37" WC="0.92" CONTENT="blefve"/><SP WIDTH="34" VPOS="1152" HPOS="1088"/>
							<String ID="string_164" HPOS="1122" VPOS="1153" WIDTH="162" HEIGHT="37" WC="0.92" CONTENT="befriadt"/><SP WIDTH="32" VPOS="1153" HPOS="1284"/>
							<String ID="string_165" HPOS="1316" VPOS="1154" WIDTH="81" HEIGHT="37" WC="0.96" CONTENT="från"/><SP WIDTH="34" VPOS="1154" HPOS="1397"/>
							<String ID="string_166" HPOS="1431" VPOS="1156" WIDTH="62" HEIGHT="36" WC="0.96" CONTENT="det"/><SP WIDTH="29" VPOS="1156" HPOS="1493"/>
							<String ID="string_167" HPOS="1522" VPOS="1157" WIDTH="121" HEIGHT="36" WC="0.96" CONTENT="buller"/><SP WIDTH="28" VPOS="1157" HPOS="1643"/>
							<String ID="string_168" HPOS="1671" VPOS="1158" WIDTH="68" HEIGHT="35" WC="0.96" CONTENT="och"/><SP WIDTH="30" VPOS="1158" HPOS="1739"/>
							<String ID="string_169" HPOS="1769" VPOS="1159" WIDTH="70" HEIGHT="36" WC="0.96" CONTENT="den"/>
						</TextLine>
						<TextLine ID="line_18" HPOS="242" VPOS="1202" WIDTH="1598" HEIGHT="51">
							<String ID="string_170" HPOS="242" VPOS="1212" WIDTH="76" HEIGHT="31" WC="0.95" CONTENT="oro,"/><SP WIDTH="42" VPOS="1212" HPOS="318"/>
							<String ID="string_171" HPOS="360" VPOS="1213" WIDTH="76" HEIGHT="23" WC="0.94" CONTENT="som"/><SP WIDTH="41" VPOS="1213" HPOS="436"/>
							<String ID="string_172" HPOS="477" VPOS="1202" WIDTH="62" HEIGHT="35" WC="0.94" CONTENT="det"/><SP WIDTH="37" VPOS="1202" HPOS="539"/>
							<String ID="string_173" HPOS="576" VPOS="1208" WIDTH="71" HEIGHT="30" WC="0.96" CONTENT="tätt"/><SP WIDTH="36" VPOS="1208" HPOS="647"/>
							<String ID="string_174" HPOS="683" VPOS="1203" WIDTH="100" HEIGHT="36" WC="0.96" CONTENT="intill"/><SP WIDTH="35" VPOS="1203" HPOS="783"/>
							<String ID="string_175" HPOS="818" VPOS="1205" WIDTH="156" HEIGHT="48" WC="0.96" CONTENT="belägna"/><SP WIDTH="29" VPOS="1205" HPOS="974"/>
							<String ID="string_176" HPOS="1003" VPOS="1207" WIDTH="197" HEIGHT="44" WC="0.95" CONTENT="lasarettet,"/><SP WIDTH="30" VPOS="1207" HPOS="1200"/>
							<String ID="string_177" HPOS="1230" VPOS="1208" WIDTH="146" HEIGHT="36" WC="0.96" CONTENT="hvarest"/><SP WIDTH="26" VPOS="1208" HPOS="1376"/>
							<String ID="string_178" HPOS="1402" VPOS="1210" WIDTH="108" HEIGHT="35" WC="0.93" CONTENT="alltid"/><SP WIDTH="29" VPOS="1210" HPOS="1510"/>
							<String ID="string_179" HPOS="1539" VPOS="1210" WIDTH="227" HEIGHT="37" WC="0.92" CONTENT="förekomme"/><SP WIDTH="29" VPOS="1210" HPOS="1766"/>
							<String ID="string_180" HPOS="1795" VPOS="1225" WIDTH="45" HEIGHT="23" WC="0.96" CONTENT="en"/>
						</TextLine>
						<TextLine ID="line_19" HPOS="242" VPOS="1253" WIDTH="1597" HEIGHT="54">
							<String ID="string_181" HPOS="242" VPOS="1253" WIDTH="95" HEIGHT="48" WC="0.91" CONTENT="liflig"/><SP WIDTH="40" VPOS="1253" HPOS="337"/>
							<String ID="string_182" HPOS="377" VPOS="1255" WIDTH="111" HEIGHT="35" WC="0.95" CONTENT="trafik"/><SP WIDTH="39" VPOS="1255" HPOS="488"/>
							<String ID="string_183" HPOS="527" VPOS="1254" WIDTH="41" HEIGHT="36" WC="0.96" CONTENT="af"/><SP WIDTH="39" VPOS="1254" HPOS="568"/>
							<String ID="string_184" HPOS="607" VPOS="1257" WIDTH="221" HEIGHT="36" WC="0.96" CONTENT="kommande"/><SP WIDTH="35" VPOS="1257" HPOS="828"/>
							<String ID="string_185" HPOS="863" VPOS="1260" WIDTH="66" HEIGHT="34" WC="0.96" CONTENT="och"/><SP WIDTH="34" VPOS="1260" HPOS="929"/>
							<String ID="string_186" HPOS="963" VPOS="1258" WIDTH="150" HEIGHT="49" WC="0.96" CONTENT="gående,"/><SP WIDTH="34" VPOS="1258" HPOS="1113"/>
							<String ID="string_187" HPOS="1147" VPOS="1260" WIDTH="109" HEIGHT="36" WC="0.63" CONTENT="måste"/><SP WIDTH="29" VPOS="1260" HPOS="1256"/>
							<String ID="string_188" HPOS="1285" VPOS="1261" WIDTH="165" HEIGHT="37" WC="0.85" CONTENT="medföra"/><SP WIDTH="28" VPOS="1261" HPOS="1450"/>
							<String ID="string_189" HPOS="1478" VPOS="1264" WIDTH="68" HEIGHT="35" WC="0.85" CONTENT="och"/><SP WIDTH="29" VPOS="1264" HPOS="1546"/>
							<String ID="string_190" HPOS="1575" VPOS="1277" WIDTH="85" HEIGHT="23" WC="0.95" CONTENT="som."/><SP WIDTH="22" VPOS="1277" HPOS="1660"/>
							<String ID="string_191" HPOS="1682" VPOS="1265" WIDTH="157" HEIGHT="36" WC="0.96" CONTENT="verkade"/>
						</TextLine>
						<TextLine ID="line_20" HPOS="242" VPOS="1307" WIDTH="1596" HEIGHT="59">
							<String ID="string_192" HPOS="242" VPOS="1307" WIDTH="168" HEIGHT="36" WC="0.96" CONTENT="störande"/><SP WIDTH="42" VPOS="1307" HPOS="410"/>
							<String ID="string_193" HPOS="452" VPOS="1307" WIDTH="47" HEIGHT="49" WC="0.93" CONTENT="på"/><SP WIDTH="37" VPOS="1307" HPOS="499"/>
							<String ID="string_194" HPOS="536" VPOS="1309" WIDTH="417" HEIGHT="49" WC="0.89" CONTENT="hospitalspatienterna."/><SP WIDTH="70" VPOS="1309" HPOS="953"/>
							<String ID="string_195" HPOS="1023" VPOS="1313" WIDTH="202" HEIGHT="37" WC="0.83" CONTENT="Lasarettet"/><SP WIDTH="47" VPOS="1313" HPOS="1225"/>
							<String ID="string_196" HPOS="1272" VPOS="1314" WIDTH="77" HEIGHT="37" WC="0.95" CONTENT="åter"/><SP WIDTH="42" VPOS="1314" HPOS="1349"/>
							<String ID="string_197" HPOS="1391" VPOS="1317" WIDTH="123" HEIGHT="35" WC="0.95" CONTENT="kunde"/><SP WIDTH="44" VPOS="1317" HPOS="1514"/>
							<String ID="string_198" HPOS="1558" VPOS="1318" WIDTH="171" HEIGHT="48" WC="0.94" CONTENT="utvidgas"/><SP WIDTH="43" VPOS="1318" HPOS="1729"/>
							<String ID="string_199" HPOS="1772" VPOS="1320" WIDTH="66" HEIGHT="35" WC="0.94" CONTENT="och"/>
						</TextLine>
						<TextLine ID="line_21" HPOS="240" VPOS="1359" WIDTH="1598" HEIGHT="57">
							<String ID="string_200" HPOS="240" VPOS="1360" WIDTH="124" HEIGHT="35" WC="0.96" CONTENT="tillika"/><SP WIDTH="28" VPOS="1360" HPOS="364"/>
							<String ID="string_201" HPOS="392" VPOS="1359" WIDTH="37" HEIGHT="37" WC="0.96" CONTENT="få"/><SP WIDTH="28" VPOS="1359" HPOS="429"/>
							<String ID="string_202" HPOS="457" VPOS="1374" WIDTH="43" HEIGHT="23" WC="0.96" CONTENT="en"/><SP WIDTH="30" VPOS="1374" HPOS="500"/>
							<String ID="string_203" HPOS="530" VPOS="1363" WIDTH="205" HEIGHT="37" WC="0.95" CONTENT="välordnad"/><SP WIDTH="30" VPOS="1363" HPOS="735"/>
							<String ID="string_204" HPOS="765" VPOS="1365" WIDTH="410" HEIGHT="51" WC="0.91" CONTENT="operationsafdelning,"/><SP WIDTH="31" VPOS="1365" HPOS="1175"/>
							<String ID="string_205" HPOS="1206" VPOS="1381" WIDTH="77" HEIGHT="22" WC="0.96" CONTENT="som"/><SP WIDTH="29" VPOS="1381" HPOS="1283"/>
							<String ID="string_206" HPOS="1312" VPOS="1369" WIDTH="79" HEIGHT="35" WC="0.96" CONTENT="icke"/><SP WIDTH="30" VPOS="1369" HPOS="1391"/>
							<String ID="string_207" HPOS="1421" VPOS="1370" WIDTH="123" HEIGHT="36" WC="0.95" CONTENT="kunde"/><SP WIDTH="20" VPOS="1370" HPOS="1544"/>
							<String ID="string_208" HPOS="1564" VPOS="1370" WIDTH="157" HEIGHT="37" WC="0.95" CONTENT="erhållas"/><SP WIDTH="17" VPOS="1370" HPOS="1721"/>
							<String ID="string_209" HPOS="1738" VPOS="1372" WIDTH="11" HEIGHT="34" WC="0.95" CONTENT="i"/><SP WIDTH="20" VPOS="1372" HPOS="1749"/>
							<String ID="string_210" HPOS="1769" VPOS="1372" WIDTH="69" HEIGHT="36" WC="0.96" CONTENT="den"/>
						</TextLine>
						<TextLine ID="line_22" HPOS="241" VPOS="1415" WIDTH="1598" HEIGHT="58">
							<String ID="string_211" HPOS="241" VPOS="1415" WIDTH="213" HEIGHT="35" WC="0.92" CONTENT="nuvarande"/><SP WIDTH="42" VPOS="1415" HPOS="454"/>
							<String ID="string_212" HPOS="496" VPOS="1416" WIDTH="399" HEIGHT="50" WC="0.88" CONTENT="lasarettsbyggnaden,"/><SP WIDTH="41" VPOS="1416" HPOS="895"/>
							<String ID="string_213" HPOS="936" VPOS="1425" WIDTH="88" HEIGHT="30" WC="0.96" CONTENT="utan"/><SP WIDTH="35" VPOS="1425" HPOS="1024"/>
							<String ID="string_214" HPOS="1059" VPOS="1426" WIDTH="54" HEIGHT="30" WC="0.93" CONTENT="att"/><SP WIDTH="33" VPOS="1426" HPOS="1113"/>
							<String ID="string_215" HPOS="1146" VPOS="1421" WIDTH="126" HEIGHT="36" WC="0.92" CONTENT="dertill"/><SP WIDTH="29" VPOS="1421" HPOS="1272"/>
							<String ID="string_216" HPOS="1301" VPOS="1428" WIDTH="101" HEIGHT="43" WC="0.91" CONTENT="toges"/><SP WIDTH="29" VPOS="1428" HPOS="1402"/>
							<String ID="string_217" HPOS="1431" VPOS="1424" WIDTH="10" HEIGHT="34" WC="0.96" CONTENT="i"/><SP WIDTH="30" VPOS="1424" HPOS="1441"/>
							<String ID="string_218" HPOS="1471" VPOS="1424" WIDTH="158" HEIGHT="49" WC="0.93" CONTENT="anspråk"/><SP WIDTH="29" VPOS="1424" HPOS="1629"/>
							<String ID="string_219" HPOS="1658" VPOS="1426" WIDTH="181" HEIGHT="47" WC="0.89" CONTENT="sjukrum,"/>
						</TextLine>
						<TextLine ID="line_23" HPOS="242" VPOS="1467" WIDTH="1594" HEIGHT="59">
							<String ID="string_220" HPOS="242" VPOS="1467" WIDTH="124" HEIGHT="37" WC="0.96" CONTENT="hvilka"/><SP WIDTH="27" VPOS="1467" HPOS="366"/>
							<String ID="string_221" HPOS="393" VPOS="1469" WIDTH="80" HEIGHT="36" WC="0.96" CONTENT="icke"/><SP WIDTH="28" VPOS="1469" HPOS="473"/>
							<String ID="string_222" HPOS="501" VPOS="1470" WIDTH="124" HEIGHT="36" WC="0.96" CONTENT="kunde"/><SP WIDTH="28" VPOS="1470" HPOS="625"/>
							<String ID="string_223" HPOS="653" VPOS="1470" WIDTH="116" HEIGHT="37" WC="0.96" CONTENT="såsom"/><SP WIDTH="30" VPOS="1470" HPOS="769"/>
							<String ID="string_224" HPOS="799" VPOS="1471" WIDTH="134" HEIGHT="37" WC="0.92" CONTENT="sådana"/><SP WIDTH="29" VPOS="1471" HPOS="933"/>
							<String ID="string_225" HPOS="962" VPOS="1474" WIDTH="193" HEIGHT="37" WC="0.84" CONTENT="undvaras."/><SP WIDTH="58" VPOS="1474" HPOS="1155"/>
							<String ID="string_226" HPOS="1213" VPOS="1475" WIDTH="54" HEIGHT="36" WC="0.95" CONTENT="En"/><SP WIDTH="29" VPOS="1475" HPOS="1267"/>
							<String ID="string_227" HPOS="1296" VPOS="1475" WIDTH="225" HEIGHT="51" WC="0.96" CONTENT="förbättring"/><SP WIDTH="27" VPOS="1475" HPOS="1521"/>
							<String ID="string_228" HPOS="1548" VPOS="1477" WIDTH="41" HEIGHT="37" WC="0.96" CONTENT="af"/><SP WIDTH="24" VPOS="1477" HPOS="1589"/>
							<String ID="string_229" HPOS="1613" VPOS="1479" WIDTH="223" HEIGHT="47" WC="0.96" CONTENT="sjukvården"/>
						</TextLine>
						<TextLine ID="line_24" HPOS="241" VPOS="1520" WIDTH="1598" HEIGHT="60">
							<String ID="string_230" HPOS="241" VPOS="1520" WIDTH="37" HEIGHT="36" WC="0.95" CONTENT="så"/><SP WIDTH="29" VPOS="1520" HPOS="278"/>
							<String ID="string_231" HPOS="307" VPOS="1522" WIDTH="60" HEIGHT="35" WC="0.91" CONTENT="väl"/><SP WIDTH="29" VPOS="1522" HPOS="367"/>
							<String ID="string_232" HPOS="396" VPOS="1521" WIDTH="20" HEIGHT="36" WC="0.91" CONTENT="å"/><SP WIDTH="29" VPOS="1521" HPOS="416"/>
							<String ID="string_233" HPOS="445" VPOS="1523" WIDTH="197" HEIGHT="48" WC="0.96" CONTENT="hospitalet"/><SP WIDTH="27" VPOS="1523" HPOS="642"/>
							<String ID="string_234" HPOS="669" VPOS="1537" WIDTH="78" HEIGHT="24" WC="0.90" CONTENT="som"/><SP WIDTH="29" VPOS="1537" HPOS="747"/>
							<String ID="string_235" HPOS="776" VPOS="1525" WIDTH="20" HEIGHT="36" WC="0.90" CONTENT="å"/><SP WIDTH="28" VPOS="1525" HPOS="796"/>
							<String ID="string_236" HPOS="824" VPOS="1527" WIDTH="188" HEIGHT="36" WC="0.93" CONTENT="lasarettet"/><SP WIDTH="28" VPOS="1527" HPOS="1012"/>
							<String ID="string_237" HPOS="1040" VPOS="1527" WIDTH="129" HEIGHT="37" WC="0.91" CONTENT="kräfde"/><SP WIDTH="29" VPOS="1527" HPOS="1169"/>
							<String ID="string_238" HPOS="1198" VPOS="1528" WIDTH="135" HEIGHT="38" WC="0.96" CONTENT="således"/><SP WIDTH="28" VPOS="1528" HPOS="1333"/>
							<String ID="string_239" HPOS="1361" VPOS="1536" WIDTH="53" HEIGHT="30" WC="0.93" CONTENT="ett"/><SP WIDTH="26" VPOS="1536" HPOS="1414"/>
							<String ID="string_240" HPOS="1440" VPOS="1530" WIDTH="219" HEIGHT="50" WC="0.91" CONTENT="åtskiljande"/><SP WIDTH="29" VPOS="1530" HPOS="1659"/>
							<String ID="string_241" HPOS="1688" VPOS="1531" WIDTH="41" HEIGHT="37" WC="0.96" CONTENT="af"/><SP WIDTH="17" VPOS="1531" HPOS="1729"/>
							<String ID="string_242" HPOS="1746" VPOS="1532" WIDTH="93" HEIGHT="37" WC="0.96" CONTENT="båda"/>
						</TextLine>
						<TextLine ID="line_25" HPOS="240" VPOS="1575" WIDTH="1598" HEIGHT="59">
							<String ID="string_243" HPOS="240" VPOS="1575" WIDTH="235" HEIGHT="36" WC="0.95" CONTENT="anstalterna."/><SP WIDTH="57" VPOS="1575" HPOS="475"/>
							<String ID="string_244" HPOS="532" VPOS="1576" WIDTH="208" HEIGHT="50" WC="0.88" CONTENT="Hospitalet"/><SP WIDTH="42" VPOS="1576" HPOS="740"/>
							<String ID="string_245" HPOS="782" VPOS="1580" WIDTH="92" HEIGHT="36" WC="0.92" CONTENT="hade"/><SP WIDTH="42" VPOS="1580" HPOS="874"/>
							<String ID="string_246" HPOS="916" VPOS="1581" WIDTH="211" HEIGHT="49" WC="0.83" CONTENT="&#39;visserligen"/><SP WIDTH="44" VPOS="1581" HPOS="1127"/>
							<String ID="string_247" HPOS="1171" VPOS="1582" WIDTH="46" HEIGHT="48" WC="0.96" CONTENT="på"/><SP WIDTH="31" VPOS="1582" HPOS="1217"/>
							<String ID="string_248" HPOS="1248" VPOS="1596" WIDTH="126" HEIGHT="23" WC="0.96" CONTENT="senare"/><SP WIDTH="27" VPOS="1596" HPOS="1374"/>
							<String ID="string_249" HPOS="1401" VPOS="1583" WIDTH="88" HEIGHT="38" WC="0.93" CONTENT="åren"/><SP WIDTH="29" VPOS="1583" HPOS="1489"/>
							<String ID="string_250" HPOS="1518" VPOS="1585" WIDTH="198" HEIGHT="49" WC="0.91" CONTENT="undergått"/><SP WIDTH="28" VPOS="1585" HPOS="1716"/>
							<String ID="string_251" HPOS="1744" VPOS="1587" WIDTH="94" HEIGHT="35" WC="0.96" CONTENT="vissa"/>
						</TextLine>
						<TextLine ID="line_26" HPOS="239" VPOS="1626" WIDTH="1600" HEIGHT="62">
							<String ID="string_252" HPOS="239" VPOS="1626" WIDTH="268" HEIGHT="52" WC="0.95" CONTENT="förbättringar"/><SP WIDTH="42" VPOS="1626" HPOS="507"/>
							<String ID="string_253" HPOS="549" VPOS="1643" WIDTH="132" HEIGHT="36" WC="0.95" CONTENT="genom"/><SP WIDTH="42" VPOS="1643" HPOS="681"/>
							<String ID="string_254" HPOS="723" VPOS="1633" WIDTH="231" HEIGHT="49" WC="0.94" CONTENT="anläggande"/><SP WIDTH="40" VPOS="1633" HPOS="954"/>
							<String ID="string_255" HPOS="994" VPOS="1634" WIDTH="40" HEIGHT="36" WC="0.95" CONTENT="af"/><SP WIDTH="40" VPOS="1634" HPOS="1034"/>
							<String ID="string_256" HPOS="1074" VPOS="1648" WIDTH="43" HEIGHT="22" WC="0.96" CONTENT="en"/><SP WIDTH="30" VPOS="1648" HPOS="1117"/>
							<String ID="string_257" HPOS="1147" VPOS="1649" WIDTH="51" HEIGHT="35" WC="0.90" CONTENT="ny"/><SP WIDTH="29" VPOS="1649" HPOS="1198"/>
							<String ID="string_258" HPOS="1227" VPOS="1636" WIDTH="274" HEIGHT="50" WC="0.90" CONTENT="cellafdelning,"/><SP WIDTH="43" VPOS="1636" HPOS="1501"/>
							<String ID="string_259" HPOS="1544" VPOS="1639" WIDTH="221" HEIGHT="49" WC="0.95" CONTENT="utvidgning"/><SP WIDTH="35" VPOS="1639" HPOS="1765"/>
							<String ID="string_260" HPOS="1800" VPOS="1640" WIDTH="39" HEIGHT="35" WC="0.95" CONTENT="af"/>
						</TextLine>
						<TextLine ID="line_27" HPOS="239" VPOS="1682" WIDTH="1598" HEIGHT="57">
							<String ID="string_261" HPOS="239" VPOS="1682" WIDTH="365" HEIGHT="37" WC="0.91" CONTENT="verkstadsrummen"/><SP WIDTH="43" VPOS="1682" HPOS="604"/>
							<String ID="string_262" HPOS="647" VPOS="1685" WIDTH="68" HEIGHT="35" WC="0.96" CONTENT="och"/><SP WIDTH="40" VPOS="1685" HPOS="715"/>
							<String ID="string_263" HPOS="755" VPOS="1685" WIDTH="192" HEIGHT="38" WC="0.94" CONTENT="införande"/><SP WIDTH="35" VPOS="1685" HPOS="947"/>
							<String ID="string_264" HPOS="982" VPOS="1687" WIDTH="40" HEIGHT="36" WC="0.88" CONTENT="af"/><SP WIDTH="37" VPOS="1687" HPOS="1022"/>
							<String ID="string_265" HPOS="1059" VPOS="1688" WIDTH="296" HEIGHT="51" WC="0.88" CONTENT="afloppsledning"/><SP WIDTH="41" VPOS="1688" HPOS="1355"/>
							<String ID="string_266" HPOS="1396" VPOS="1704" WIDTH="47" HEIGHT="22" WC="0.82" CONTENT="m."/><SP WIDTH="42" VPOS="1704" HPOS="1443"/>
							<String ID="string_267" HPOS="1485" VPOS="1705" WIDTH="62" HEIGHT="31" WC="0.91" CONTENT="m.,"/><SP WIDTH="28" VPOS="1705" HPOS="1547"/>
							<String ID="string_268" HPOS="1575" VPOS="1705" WIDTH="83" HEIGHT="23" WC="0.96" CONTENT="men"/><SP WIDTH="30" VPOS="1705" HPOS="1658"/>
							<String ID="string_269" HPOS="1688" VPOS="1693" WIDTH="63" HEIGHT="35" WC="0.88" CONTENT="det"/><SP WIDTH="29" VPOS="1693" HPOS="1751"/>
							<String ID="string_270" HPOS="1780" VPOS="1694" WIDTH="57" HEIGHT="35" WC="0.88" CONTENT="be-"/>
						</TextLine>
						<TextLine ID="line_28" HPOS="238" VPOS="1735" WIDTH="1600" HEIGHT="58">
							<String ID="string_271" HPOS="238" VPOS="1735" WIDTH="177" HEIGHT="47" WC="0.96" CONTENT="gränsade"/><SP WIDTH="42" VPOS="1735" HPOS="415"/>
							<String ID="string_272" HPOS="457" VPOS="1737" WIDTH="165" HEIGHT="36" WC="0.68" CONTENT="området"/><SP WIDTH="43" VPOS="1737" HPOS="622"/>
							<String ID="string_273" HPOS="665" VPOS="1738" WIDTH="188" HEIGHT="37" WC="0.82" CONTENT="medförde"/><SP WIDTH="40" VPOS="1738" HPOS="853"/>
							<String ID="string_274" HPOS="893" VPOS="1740" WIDTH="70" HEIGHT="35" WC="0.93" CONTENT="den"/><SP WIDTH="43" VPOS="1740" HPOS="963"/>
							<String ID="string_275" HPOS="1006" VPOS="1742" WIDTH="250" HEIGHT="48" WC="0.89" CONTENT="olägenheten,"/><SP WIDTH="38" VPOS="1742" HPOS="1256"/>
							<String ID="string_276" HPOS="1294" VPOS="1749" WIDTH="55" HEIGHT="29" WC="0.96" CONTENT="att"/><SP WIDTH="42" VPOS="1749" HPOS="1349"/>
							<String ID="string_277" HPOS="1391" VPOS="1745" WIDTH="229" HEIGHT="46" WC="0.96" CONTENT="patienterna"/><SP WIDTH="33" VPOS="1745" HPOS="1620"/>
							<String ID="string_278" HPOS="1653" VPOS="1747" WIDTH="30" HEIGHT="46" WC="0.96" CONTENT="ej"/><SP WIDTH="32" VPOS="1747" HPOS="1683"/>
							<String ID="string_279" HPOS="1715" VPOS="1747" WIDTH="123" HEIGHT="35" WC="0.96" CONTENT="kunde"/>
						</TextLine>
						<TextLine ID="line_29" HPOS="239" VPOS="1789" WIDTH="1595" HEIGHT="58">
							<String ID="string_280" HPOS="239" VPOS="1789" WIDTH="224" HEIGHT="48" WC="0.91" CONTENT="sysselsättas"/><SP WIDTH="42" VPOS="1789" HPOS="463"/>
							<String ID="string_281" HPOS="505" VPOS="1791" WIDTH="83" HEIGHT="35" WC="0.90" CONTENT="med"/><SP WIDTH="41" VPOS="1791" HPOS="588"/>
							<String ID="string_282" HPOS="629" VPOS="1792" WIDTH="185" HEIGHT="46" WC="0.90" CONTENT="jordbruk"/><SP WIDTH="34" VPOS="1792" HPOS="814"/>
							<String ID="string_283" HPOS="848" VPOS="1793" WIDTH="67" HEIGHT="36" WC="0.95" CONTENT="och"/><SP WIDTH="42" VPOS="1793" HPOS="915"/>
							<String ID="string_284" HPOS="957" VPOS="1793" WIDTH="111" HEIGHT="49" WC="0.79" CONTENT="något"/><SP WIDTH="40" VPOS="1793" HPOS="1068"/>
							<String ID="string_285" HPOS="1108" VPOS="1808" WIDTH="103" HEIGHT="23" WC="0.96" CONTENT="mera"/><SP WIDTH="34" VPOS="1808" HPOS="1211"/>
							<String ID="string_286" HPOS="1245" VPOS="1795" WIDTH="229" HEIGHT="38" WC="0.96" CONTENT="omfattande"/><SP WIDTH="33" VPOS="1795" HPOS="1474"/>
							<String ID="string_287" HPOS="1507" VPOS="1799" WIDTH="327" HEIGHT="48" WC="0.95" CONTENT="trädgårdsarbete,"/>
						</TextLine>
						<TextLine ID="line_30" HPOS="240" VPOS="1843" WIDTH="1593" HEIGHT="45">
							<String ID="string_288" HPOS="240" VPOS="1847" WIDTH="89" HEIGHT="29" WC="0.93" CONTENT="utan"/><SP WIDTH="43" VPOS="1847" HPOS="329"/>
							<String ID="string_289" HPOS="372" VPOS="1843" WIDTH="126" HEIGHT="36" WC="0.93" CONTENT="endast"/><SP WIDTH="42" VPOS="1843" HPOS="498"/>
							<String ID="string_290" HPOS="540" VPOS="1845" WIDTH="82" HEIGHT="35" WC="0.92" CONTENT="med"/><SP WIDTH="45" VPOS="1845" HPOS="622"/>
							<String ID="string_291" HPOS="667" VPOS="1846" WIDTH="125" HEIGHT="36" WC="0.92" CONTENT="arbete"/><SP WIDTH="34" VPOS="1846" HPOS="792"/>
							<String ID="string_292" HPOS="826" VPOS="1847" WIDTH="99" HEIGHT="35" WC="0.96" CONTENT="inom"/><SP WIDTH="36" VPOS="1847" HPOS="925"/>
							<String ID="string_293" HPOS="961" VPOS="1847" WIDTH="65" HEIGHT="36" WC="0.93" CONTENT="hus"/><SP WIDTH="29" VPOS="1847" HPOS="1026"/>
							<String ID="string_294" HPOS="1055" VPOS="1847" WIDTH="20" HEIGHT="36" WC="0.89" CONTENT="å"/><SP WIDTH="29" VPOS="1847" HPOS="1075"/>
							<String ID="string_295" HPOS="1104" VPOS="1848" WIDTH="121" HEIGHT="36" WC="0.93" CONTENT="derför"/><SP WIDTH="28" VPOS="1848" HPOS="1225"/>
							<String ID="string_296" HPOS="1253" VPOS="1849" WIDTH="150" HEIGHT="37" WC="0.90" CONTENT="afsedda"/><SP WIDTH="29" VPOS="1849" HPOS="1403"/>
							<String ID="string_297" HPOS="1432" VPOS="1852" WIDTH="219" HEIGHT="36" WC="0.96" CONTENT="verkstäder."/><SP WIDTH="57" VPOS="1852" HPOS="1651"/>
							<String ID="string_298" HPOS="1708" VPOS="1852" WIDTH="125" HEIGHT="36" WC="0.95" CONTENT="Denna"/>
						</TextLine>
						<TextLine ID="line_31" HPOS="238" VPOS="1895" WIDTH="1598" HEIGHT="60">
							<String ID="string_299" HPOS="238" VPOS="1895" WIDTH="196" HEIGHT="48" WC="0.96" CONTENT="olägenhet"/><SP WIDTH="27" VPOS="1895" HPOS="434"/>
							<String ID="string_300" HPOS="461" VPOS="1898" WIDTH="121" HEIGHT="35" WC="0.96" CONTENT="skulle"/><SP WIDTH="29" VPOS="1898" HPOS="582"/>
							<String ID="string_301" HPOS="611" VPOS="1898" WIDTH="173" HEIGHT="41" WC="0.96" CONTENT="minskas,"/><SP WIDTH="31" VPOS="1898" HPOS="784"/>
							<String ID="string_302" HPOS="815" VPOS="1913" WIDTH="60" HEIGHT="22" WC="0.93" CONTENT="om"/><SP WIDTH="35" VPOS="1913" HPOS="875"/>
							<String ID="string_303" HPOS="910" VPOS="1902" WIDTH="212" HEIGHT="47" WC="0.93" CONTENT="hospitalets"/><SP WIDTH="28" VPOS="1902" HPOS="1122"/>
							<String ID="string_304" HPOS="1150" VPOS="1904" WIDTH="216" HEIGHT="35" WC="0.96" CONTENT="nuvarande"/><SP WIDTH="29" VPOS="1904" HPOS="1366"/>
							<String ID="string_305" HPOS="1395" VPOS="1905" WIDTH="77" HEIGHT="35" WC="0.96" CONTENT="lilla"/><SP WIDTH="29" VPOS="1905" HPOS="1472"/>
							<String ID="string_306" HPOS="1501" VPOS="1905" WIDTH="173" HEIGHT="49" WC="0.96" CONTENT="trädgård"/><SP WIDTH="29" VPOS="1905" HPOS="1674"/>
							<String ID="string_307" HPOS="1703" VPOS="1919" WIDTH="133" HEIGHT="36" WC="0.96" CONTENT="genom"/>
						</TextLine>
						<TextLine ID="line_32" HPOS="238" VPOS="1949" WIDTH="1599" HEIGHT="55">
							<String ID="string_308" HPOS="238" VPOS="1949" WIDTH="324" HEIGHT="37" WC="0.90" CONTENT="lasarettstomtens"/><SP WIDTH="28" VPOS="1949" HPOS="562"/>
							<String ID="string_309" HPOS="590" VPOS="1950" WIDTH="259" HEIGHT="38" WC="0.92" CONTENT="förvärfvande"/><SP WIDTH="31" VPOS="1950" HPOS="849"/>
							<String ID="string_310" HPOS="880" VPOS="1953" WIDTH="121" HEIGHT="37" WC="0.92" CONTENT="blefve"/><SP WIDTH="29" VPOS="1953" HPOS="1001"/>
							<String ID="string_311" HPOS="1030" VPOS="1955" WIDTH="179" HEIGHT="49" WC="0.96" CONTENT="utvidgad"/><SP WIDTH="30" VPOS="1955" HPOS="1209"/>
							<String ID="string_312" HPOS="1239" VPOS="1957" WIDTH="67" HEIGHT="34" WC="0.96" CONTENT="och"/><SP WIDTH="20" VPOS="1957" HPOS="1306"/>
							<String ID="string_313" HPOS="1326" VPOS="1957" WIDTH="153" HEIGHT="36" WC="0.95" CONTENT="sålunda"/><SP WIDTH="16" VPOS="1957" HPOS="1479"/>
							<String ID="string_314" HPOS="1495" VPOS="1972" WIDTH="104" HEIGHT="22" WC="0.95" CONTENT="mera"/><SP WIDTH="19" VPOS="1972" HPOS="1599"/>
							<String ID="string_315" HPOS="1618" VPOS="1960" WIDTH="219" HEIGHT="36" WC="0.96" CONTENT="användbar"/>
						</TextLine>
						<TextLine ID="line_33" HPOS="237" VPOS="2000" WIDTH="1598" HEIGHT="61">
							<String ID="string_316" HPOS="237" VPOS="2000" WIDTH="57" HEIGHT="36" WC="0.96" CONTENT="för"/><SP WIDTH="29" VPOS="2000" HPOS="294"/>
							<String ID="string_317" HPOS="323" VPOS="2002" WIDTH="155" HEIGHT="36" WC="0.96" CONTENT="berörda"/><SP WIDTH="28" VPOS="2002" HPOS="478"/>
							<String ID="string_318" HPOS="506" VPOS="2004" WIDTH="178" HEIGHT="36" WC="0.95" CONTENT="ändamål."/><SP WIDTH="58" VPOS="2004" HPOS="684"/>
							<String ID="string_319" HPOS="742" VPOS="2006" WIDTH="53" HEIGHT="35" WC="0.94" CONTENT="De"/><SP WIDTH="31" VPOS="2006" HPOS="795"/>
							<String ID="string_320" HPOS="826" VPOS="2007" WIDTH="225" HEIGHT="48" WC="0.96" CONTENT="byggnader,"/><SP WIDTH="22" VPOS="2007" HPOS="1051"/>
							<String ID="string_321" HPOS="1073" VPOS="2021" WIDTH="77" HEIGHT="22" WC="0.96" CONTENT="som"/><SP WIDTH="21" VPOS="2021" HPOS="1150"/>
							<String ID="string_322" HPOS="1171" VPOS="2010" WIDTH="121" HEIGHT="35" WC="0.96" CONTENT="skulle"/><SP WIDTH="20" VPOS="2010" HPOS="1292"/>
							<String ID="string_323" HPOS="1312" VPOS="2009" WIDTH="154" HEIGHT="38" WC="0.96" CONTENT="tillfalla"/><SP WIDTH="21" VPOS="2009" HPOS="1466"/>
							<String ID="string_324" HPOS="1487" VPOS="2012" WIDTH="197" HEIGHT="48" WC="0.96" CONTENT="hospitalet"/><SP WIDTH="19" VPOS="2012" HPOS="1684"/>
							<String ID="string_325" HPOS="1703" VPOS="2026" WIDTH="132" HEIGHT="35" WC="0.96" CONTENT="genom"/>
						</TextLine>
						<TextLine ID="line_34" HPOS="238" VPOS="2054" WIDTH="1597" HEIGHT="56">
							<String ID="string_326" HPOS="238" VPOS="2054" WIDTH="61" HEIGHT="35" WC="0.96" CONTENT="det"/><SP WIDTH="41" VPOS="2054" HPOS="299"/>
							<String ID="string_327" HPOS="340" VPOS="2054" WIDTH="204" HEIGHT="50" WC="0.96" CONTENT="föreslagna"/><SP WIDTH="42" VPOS="2054" HPOS="544"/>
							<String ID="string_328" HPOS="586" VPOS="2058" WIDTH="120" HEIGHT="47" WC="0.96" CONTENT="köpet,"/><SP WIDTH="43" VPOS="2058" HPOS="706"/>
							<String ID="string_329" HPOS="749" VPOS="2072" WIDTH="86" HEIGHT="22" WC="0.95" CONTENT="vore"/><SP WIDTH="29" VPOS="2072" HPOS="835"/>
							<String ID="string_330" HPOS="864" VPOS="2060" WIDTH="130" HEIGHT="47" WC="0.93" CONTENT="sjelfva"/><SP WIDTH="27" VPOS="2060" HPOS="994"/>
							<String ID="string_331" HPOS="1021" VPOS="2062" WIDTH="402" HEIGHT="48" WC="0.91" CONTENT="lasarettsbyggnaden,"/><SP WIDTH="28" VPOS="2062" HPOS="1423"/>
							<String ID="string_332" HPOS="1451" VPOS="2070" WIDTH="53" HEIGHT="30" WC="0.93" CONTENT="ett"/><SP WIDTH="27" VPOS="2070" HPOS="1504"/>
							<String ID="string_333" HPOS="1531" VPOS="2065" WIDTH="304" HEIGHT="43" WC="0.89" CONTENT="obduktionshus,"/>
						</TextLine>
						<TextLine ID="line_35" HPOS="237" VPOS="2108" WIDTH="1598" HEIGHT="57">
							<String ID="string_334" HPOS="237" VPOS="2112" WIDTH="54" HEIGHT="29" WC="0.93" CONTENT="ett"/><SP WIDTH="28" VPOS="2112" HPOS="291"/>
							<String ID="string_335" HPOS="319" VPOS="2108" WIDTH="168" HEIGHT="48" WC="0.92" CONTENT="vedskjul"/><SP WIDTH="30" VPOS="2108" HPOS="487"/>
							<String ID="string_336" HPOS="517" VPOS="2110" WIDTH="66" HEIGHT="34" WC="0.96" CONTENT="och"/><SP WIDTH="30" VPOS="2110" HPOS="583"/>
							<String ID="string_337" HPOS="613" VPOS="2116" WIDTH="53" HEIGHT="29" WC="0.92" CONTENT="ett"/><SP WIDTH="28" VPOS="2116" HPOS="666"/>
							<String ID="string_338" HPOS="694" VPOS="2110" WIDTH="239" HEIGHT="37" WC="0.89" CONTENT="afträdeshus."/><SP WIDTH="59" VPOS="2110" HPOS="933"/>
							<String ID="string_339" HPOS="992" VPOS="2113" WIDTH="402" HEIGHT="50" WC="0.74" CONTENT="Lasarettsbyggnaden"/><SP WIDTH="21" VPOS="2113" HPOS="1394"/>
							<String ID="string_340" HPOS="1415" VPOS="2130" WIDTH="87" HEIGHT="22" WC="0.96" CONTENT="vore"/><SP WIDTH="23" VPOS="2130" HPOS="1502"/>
							<String ID="string_341" HPOS="1525" VPOS="2117" WIDTH="156" HEIGHT="48" WC="0.96" CONTENT="uppförd"/><SP WIDTH="22" VPOS="2117" HPOS="1681"/>
							<String ID="string_342" HPOS="1703" VPOS="2118" WIDTH="41" HEIGHT="35" WC="0.94" CONTENT="af"/><SP WIDTH="13" VPOS="2118" HPOS="1744"/>
							<String ID="string_343" HPOS="1757" VPOS="2124" WIDTH="78" HEIGHT="30" WC="0.96" CONTENT="sten"/>
						</TextLine>
						<TextLine ID="line_36" HPOS="238" VPOS="2160" WIDTH="1597" HEIGHT="57">
							<String ID="string_344" HPOS="238" VPOS="2161" WIDTH="9" HEIGHT="33" WC="0.95" CONTENT="i"/><SP WIDTH="30" VPOS="2161" HPOS="247"/>
							<String ID="string_345" HPOS="277" VPOS="2160" WIDTH="62" HEIGHT="35" WC="0.95" CONTENT="två"/><SP WIDTH="42" VPOS="2160" HPOS="339"/>
							<String ID="string_346" HPOS="381" VPOS="2160" WIDTH="177" HEIGHT="49" WC="0.93" CONTENT="våningar"/><SP WIDTH="42" VPOS="2160" HPOS="558"/>
							<String ID="string_347" HPOS="600" VPOS="2164" WIDTH="66" HEIGHT="34" WC="0.96" CONTENT="och"/><SP WIDTH="31" VPOS="2164" HPOS="666"/>
							<String ID="string_348" HPOS="697" VPOS="2164" WIDTH="94" HEIGHT="35" WC="0.96" CONTENT="hade"/><SP WIDTH="25" VPOS="2164" HPOS="791"/>
							<String ID="string_349" HPOS="816" VPOS="2178" WIDTH="43" HEIGHT="22" WC="0.96" CONTENT="en"/><SP WIDTH="31" VPOS="2178" HPOS="859"/>
							<String ID="string_350" HPOS="890" VPOS="2166" WIDTH="171" HEIGHT="36" WC="0.96" CONTENT="korridor"/><SP WIDTH="28" VPOS="2166" HPOS="1061"/>
							<String ID="string_351" HPOS="1089" VPOS="2168" WIDTH="10" HEIGHT="33" WC="0.93" CONTENT="i"/><SP WIDTH="29" VPOS="2168" HPOS="1099"/>
							<String ID="string_352" HPOS="1128" VPOS="2168" WIDTH="140" HEIGHT="35" WC="0.91" CONTENT="midten"/><SP WIDTH="30" VPOS="2168" HPOS="1268"/>
							<String ID="string_353" HPOS="1298" VPOS="2168" WIDTH="40" HEIGHT="35" WC="0.96" CONTENT="af"/><SP WIDTH="26" VPOS="2168" HPOS="1338"/>
							<String ID="string_354" HPOS="1364" VPOS="2170" WIDTH="231" HEIGHT="47" WC="0.93" CONTENT="byggnaden."/><SP WIDTH="57" VPOS="2170" HPOS="1595"/>
							<String ID="string_355" HPOS="1652" VPOS="2171" WIDTH="75" HEIGHT="36" WC="0.93" CONTENT="Der"/><SP WIDTH="28" VPOS="2171" HPOS="1727"/>
							<String ID="string_356" HPOS="1755" VPOS="2171" WIDTH="80" HEIGHT="35" WC="0.93" CONTENT="fun-"/>
						</TextLine>
						<TextLine ID="line_37" HPOS="238" VPOS="2215" WIDTH="1597" HEIGHT="56">
							<String ID="string_357" HPOS="238" VPOS="2226" WIDTH="62" HEIGHT="23" WC="0.95" CONTENT="nes"/><SP WIDTH="28" VPOS="2226" HPOS="300"/>
							<String ID="string_358" HPOS="328" VPOS="2227" WIDTH="43" HEIGHT="21" WC="0.93" CONTENT="en"/><SP WIDTH="31" VPOS="2227" HPOS="371"/>
							<String ID="string_359" HPOS="402" VPOS="2215" WIDTH="103" HEIGHT="35" WC="0.90" CONTENT="köks-"/><SP WIDTH="29" VPOS="2215" HPOS="505"/>
							<String ID="string_360" HPOS="534" VPOS="2216" WIDTH="66" HEIGHT="35" WC="0.96" CONTENT="och"/><SP WIDTH="30" VPOS="2216" HPOS="600"/>
							<String ID="string_361" HPOS="630" VPOS="2230" WIDTH="42" HEIGHT="21" WC="0.91" CONTENT="en"/><SP WIDTH="33" VPOS="2230" HPOS="672"/>
							<String ID="string_362" HPOS="705" VPOS="2217" WIDTH="275" HEIGHT="49" WC="0.90" CONTENT="badafdelning,"/><SP WIDTH="28" VPOS="2217" HPOS="980"/>
							<String ID="string_363" HPOS="1008" VPOS="2233" WIDTH="76" HEIGHT="22" WC="0.96" CONTENT="som"/><SP WIDTH="32" VPOS="2233" HPOS="1084"/>
							<String ID="string_364" HPOS="1116" VPOS="2225" WIDTH="88" HEIGHT="30" WC="0.96" CONTENT="utan"/><SP WIDTH="31" VPOS="2225" HPOS="1204"/>
							<String ID="string_365" HPOS="1235" VPOS="2223" WIDTH="203" HEIGHT="34" WC="0.94" CONTENT="nämnvärd"/><SP WIDTH="30" VPOS="2223" HPOS="1438"/>
							<String ID="string_366" HPOS="1468" VPOS="2222" WIDTH="216" HEIGHT="49" WC="0.96" CONTENT="förändring"/><SP WIDTH="30" VPOS="2222" HPOS="1684"/>
							<String ID="string_367" HPOS="1714" VPOS="2225" WIDTH="121" HEIGHT="35" WC="0.96" CONTENT="kunde"/>
						</TextLine>
						<TextLine ID="line_38" HPOS="237" VPOS="2267" WIDTH="1597" HEIGHT="59">
							<String ID="string_368" HPOS="237" VPOS="2267" WIDTH="186" HEIGHT="36" WC="0.95" CONTENT="användas"/><SP WIDTH="28" VPOS="2267" HPOS="423"/>
							<String ID="string_369" HPOS="451" VPOS="2268" WIDTH="56" HEIGHT="36" WC="0.96" CONTENT="för"/><SP WIDTH="30" VPOS="2268" HPOS="507"/>
							<String ID="string_370" HPOS="537" VPOS="2270" WIDTH="213" HEIGHT="47" WC="0.92" CONTENT="hospitalets"/><SP WIDTH="29" VPOS="2270" HPOS="750"/>
							<String ID="string_371" HPOS="779" VPOS="2271" WIDTH="120" HEIGHT="37" WC="0.91" CONTENT="behof."/><SP WIDTH="57" VPOS="2271" HPOS="899"/>
							<String ID="string_372" HPOS="956" VPOS="2272" WIDTH="53" HEIGHT="36" WC="0.93" CONTENT="De"/><SP WIDTH="29" VPOS="2272" HPOS="1009"/>
							<String ID="string_373" HPOS="1038" VPOS="2286" WIDTH="94" HEIGHT="32" WC="0.96" CONTENT="rum,"/><SP WIDTH="25" VPOS="2286" HPOS="1132"/>
							<String ID="string_374" HPOS="1157" VPOS="2287" WIDTH="76" HEIGHT="23" WC="0.96" CONTENT="som"/><SP WIDTH="31" VPOS="2287" HPOS="1233"/>
							<String ID="string_375" HPOS="1264" VPOS="2288" WIDTH="49" HEIGHT="22" WC="0.96" CONTENT="nu"/><SP WIDTH="30" VPOS="2288" HPOS="1313"/>
							<String ID="string_376" HPOS="1343" VPOS="2277" WIDTH="183" HEIGHT="48" WC="0.96" CONTENT="nyttjades"/><SP WIDTH="19" VPOS="2277" HPOS="1526"/>
							<String ID="string_377" HPOS="1545" VPOS="2277" WIDTH="77" HEIGHT="36" WC="0.96" CONTENT="dels"/><SP WIDTH="20" VPOS="2277" HPOS="1622"/>
							<String ID="string_378" HPOS="1642" VPOS="2291" WIDTH="77" HEIGHT="22" WC="0.93" CONTENT="som"/><SP WIDTH="20" VPOS="2291" HPOS="1719"/>
							<String ID="string_379" HPOS="1739" VPOS="2278" WIDTH="95" HEIGHT="48" WC="0.81" CONTENT="sjuk-"/>
						</TextLine>
					</TextBlock>
					<TextBlock ID="block_3" HPOS="328" VPOS="2331" WIDTH="1460" HEIGHT="44">
						<TextLine ID="line_39" HPOS="328" VPOS="2331" WIDTH="1460" HEIGHT="44">
							<String ID="string_380" HPOS="328" VPOS="2331" WIDTH="66" HEIGHT="28" WC="0.67" CONTENT="Bih."/><SP WIDTH="27" VPOS="2331" HPOS="394"/>
							<String ID="string_381" HPOS="421" VPOS="2332" WIDTH="45" HEIGHT="28" WC="0.87" CONTENT="till"/><SP WIDTH="24" VPOS="2332" HPOS="466"/>
							<String ID="string_382" HPOS="490" VPOS="2333" WIDTH="99" HEIGHT="28" WC="0.89" CONTENT="Riksd."/><SP WIDTH="28" VPOS="2333" HPOS="589"/>
							<String ID="string_383" HPOS="617" VPOS="2334" WIDTH="79" HEIGHT="28" WC="0.93" CONTENT="Prot."/><SP WIDTH="30" VPOS="2334" HPOS="696"/>
							<String ID="string_384" HPOS="726" VPOS="2336" WIDTH="85" HEIGHT="27" WC="0.92" CONTENT="1899."/><SP WIDTH="41" VPOS="2336" HPOS="811"/>
							<String ID="string_385" HPOS="852" VPOS="2337" WIDTH="18" HEIGHT="27" WC="0.92" CONTENT="4"/><SP WIDTH="27" VPOS="2337" HPOS="870"/>
							<String ID="string_386" HPOS="897" VPOS="2336" WIDTH="90" HEIGHT="28" WC="0.87" CONTENT="Saml."/><SP WIDTH="40" VPOS="2336" HPOS="987"/>
							<String ID="string_387" HPOS="1027" VPOS="2338" WIDTH="12" HEIGHT="26" WC="0.89" CONTENT="1"/><SP WIDTH="25" VPOS="2338" HPOS="1039"/>
							<String ID="string_388" HPOS="1064" VPOS="2338" WIDTH="67" HEIGHT="36" WC="0.88" CONTENT="Afd."/><SP WIDTH="52" VPOS="2338" HPOS="1131"/>
							<String ID="string_389" HPOS="1183" VPOS="2340" WIDTH="33" HEIGHT="27" WC="0.89" CONTENT="13"/><SP WIDTH="27" VPOS="2340" HPOS="1216"/>
							<String ID="string_390" HPOS="1243" VPOS="2339" WIDTH="81" HEIGHT="36" WC="0.79" CONTENT="Häft."/><SP WIDTH="446" VPOS="2339" HPOS="1324"/>
							<String ID="string_391" HPOS="1770" VPOS="2341" WIDTH="18" HEIGHT="29" WC="0.96" CONTENT="2"/>
						</TextLine>
					</TextBlock>
				</ComposedBlock>
			</PrintSpace>
		</Page>
	</Layout>
</alto>
