1830 2788
249 174 39 30 10
627 175 388 30 Jordbruksutskottets
1041 176 177 29 utlåtande
1244 185 43 20 nr
1311 176 51 28 22.

254 258 151 30 Svenska
433 258 236 40 plantskolors
697 258 229 30 riksförbund
956 258 189 39 föreslagit,
1172 261 51 27 att
1251 259 41 31 de
1320 258 135 40 privata
1483 257 265 41 plantskolorna

255 308 97 30 skola
373 317 99 21 svara
493 308 55 29 för
568 308 65 29 den
652 308 181 39 behövliga
852 309 259 39 produktionen
1131 309 64 29 och
1216 311 51 27 att
1286 308 158 40 priserna
1464 308 21 30 å
1504 308 41 29 de
1567 308 182 39 läplantor,

255 367 73 21 som
349 358 285 30 tillhandahållas
654 368 41 20 av
715 359 102 29 dessa
838 359 229 39 plantskolor,
1089 358 130 40 årligen
1241 359 97 29 skola
1359 358 193 30 fastställas
1573 358 87 29 efter
1680 357 71 30 för-

253 408 208 40 handlingar
480 408 129 31 mellan
629 409 239 38 nyssnämnda
887 409 229 30 riksförbund
1136 409 64 29 och
1219 409 58 29 det
1298 409 154 29 centrala
1473 407 139 40 statliga
1631 415 118 31 organ,

255 467 73 21 som
349 468 118 20 svarar
486 459 56 29 för
560 459 256 39 bekämpandet
834 468 42 21 av
895 459 103 30 sand-
1018 459 63 29 och
1099 459 229 39 jordflykten.
1349 459 80 29 Som
1450 459 77 29 skäl
1545 458 121 29 härför
1686 458 64 28 har

253 509 192 40 åberopats,
467 510 51 28 att
538 509 440 39 skogsvårdsstyrelsernas
998 509 217 40 plantskolor
1234 509 121 29 kunna
1374 508 173 30 beräknas
1567 507 90 31 bliva
1677 510 73 36 tag-

254 568 46 21 na
321 559 71 29 helt
412 559 12 29 i
446 559 155 40 anspråk
623 559 54 30 för
702 560 67 31 den
791 559 213 40 produktion
1028 569 41 20 av
1092 560 148 39 plantor,
1266 568 74 21 som
1363 559 129 30 behövs
1515 558 12 29 i
1551 559 57 29 det
1632 558 118 39 skogs-

252 609 177 30 vårdande
447 609 144 30 arbetet.

298 660 77 29 Med
398 659 190 39 anledning
612 669 41 20 av
676 660 96 29 detta
795 659 228 31 kommitténs
1047 660 130 39 förslag
1200 659 59 30 vill
1283 659 59 39 jag
1366 659 198 34 framhålla,
1589 661 50 27 att
1662 658 88 29 intet

256 719 102 30 synes
380 719 81 20 vara
483 711 52 29 att
556 710 114 30 erinra
690 712 74 27 mot
788 712 50 27 att
859 710 159 40 priserna
1041 710 20 30 å
1082 710 40 29 de
1144 710 150 39 plantor,
1318 719 74 20 som
1415 710 42 29 de
1479 709 136 39 privata
1637 709 114 39 plant-

256 760 161 30 skolorna
458 760 278 34 tillhandahålla,
767 760 194 30 fastställas
992 761 87 31 efter
1108 760 265 39 förhandlingar
1402 760 80 29 med
1514 760 238 38 nyssnämnda

255 810 138 39 statliga
423 811 252 39 centralorgan.
707 811 166 29 Däremot
903 811 70 29 kan
1005 811 60 39 jag
1094 810 30 40 ej
1157 810 143 30 förorda
1332 810 107 39 några
1472 810 170 39 åtgärder.
1675 819 75 20 som

256 861 111 29 skulle
389 860 169 30 innebära
581 863 49 27 att
654 861 105 39 sagda
782 861 219 39 plantskolor
1025 861 110 30 skulle
1158 861 145 29 beredas
1325 860 266 30 företrädesrätt
1613 859 57 30 vid
1695 869 57 20 av-

253 910 132 40 yttring
402 920 42 21 av
462 911 140 40 plantor
620 911 54 29 för
693 920 48 20 nu
761 911 267 39 ifrågavarande
1048 911 172 29 ändamål.
1240 911 66 29 Det
1324 911 62 29 bör
1406 910 104 30 alltså
1529 911 85 28 även
1634 910 11 29 i
1666 909 86 30 fort-

255 961 198 39 sättningen
474 961 55 30 stå
547 962 102 39 öppet
667 961 56 30 för
743 961 422 39 skogsvårdsstyrelserna
1185 963 61 32 att,
1267 961 116 29 därest
1402 961 42 29 de
1466 960 39 30 så
1524 960 100 30 finna
1643 960 110 39 lämp-

254 1011 72 39 ligt,
347 1011 11 29 i
380 1011 53 30 sin
453 1012 423 39 plantskoleverksamhet
896 1011 177 39 inrymma
1095 1012 85 29 även
1201 1010 214 41 produktion
1439 1020 43 20 av
1504 1010 182 40 läplantor.

299 1086 74 29 Vad
392 1085 283 40 organisationen
695 1086 109 39 angår
823 1086 94 30 delar
935 1086 62 39 jag
1016 1087 67 29 den
1102 1085 237 41 uppfattning,
1363 1094 75 21 som
1457 1085 150 30 kommit
1626 1085 53 29 till
1699 1085 53 28 ut-

254 1136 101 39 tryck
377 1136 11 29 i
412 1136 37 30 så
475 1138 74 37 gott
572 1145 73 21 som
669 1136 162 39 samtliga
854 1136 323 39 remissyttranden,
1202 1136 176 39 nämligen
1402 1137 51 28 att
1476 1135 108 39 några
1608 1144 68 30 nya
1698 1143 55 21 or-

255 1194 67 32 gan
344 1186 54 30 för
419 1187 268 30 verksamheten
711 1186 30 40 ej
767 1186 84 30 böra
872 1186 150 30 inrättas
1044 1188 85 29 utan
1152 1188 51 28 att
1225 1187 115 29 denna
1362 1186 62 29 bör
1445 1185 161 30 bedrivas
1628 1185 11 29 i
1663 1194 90 21 sam-

253 1246 59 21 ma
334 1237 148 39 ordning
504 1246 75 20 som
600 1236 134 30 hittills.
760 1237 13 28 I
795 1237 97 38 fråga
912 1246 58 20 om
991 1237 67 29 den
1080 1237 113 29 lokala
1215 1236 269 30 verksamheten
1505 1235 247 31 måsframhål-

255 1287 62 33 las,
343 1289 50 28 att
418 1287 57 30 det
504 1287 79 29 med
609 1287 64 29 den
701 1288 87 28 nära
814 1287 158 33 kontakt,
1001 1296 75 20 som
1102 1287 107 29 redan
1236 1295 48 20 nu
1312 1286 101 30 råder
1440 1286 130 29 mellan
1596 1285 156 30 hushåll-

254 1337 306 40 ningssällskapet,
591 1337 364 31 lantbruksnämnden
987 1337 64 29 och
1095 1336 392 39 skogsvårdsstyrelsen,
1530 1336 97 29 torde
1669 1345 83 20 vara

254 1387 138 40 möjligt
419 1389 51 28 att
498 1389 86 28 utan
611 1387 108 39 några
748 1387 172 29 särskilda
947 1386 298 40 organisatoriska
1272 1386 160 39 åtgärder
1460 1386 46 30 nå
1535 1386 67 29 den
1630 1385 122 34 effekt,

255 1447 76 21 som
352 1437 208 30 kommittén
581 1437 129 39 åsyftat
730 1437 79 30 med
831 1437 58 30 sitt
909 1437 133 39 förslag
1061 1446 55 20 om
1136 1436 200 30 inrättande
1356 1446 41 20 av
1417 1437 117 29 lokala
1553 1436 200 40 jordvårds-

254 1488 233 30 kommittéer.
516 1488 65 39 Jag
609 1488 206 29 förutsätter
842 1487 123 30 härvid
993 1489 51 28 att
1071 1487 99 30 dessa
1198 1486 222 40 möjligheter
1447 1486 179 39 verkligen
1655 1486 98 30 skola

255 1538 184 39 utnyttjas.
462 1538 128 30 Vidare
611 1537 58 30 vill
691 1537 71 39 jag,
784 1537 12 29 i
816 1537 205 40 anslutning
1041 1537 51 29 till
1114 1537 65 30 vad
1202 1546 76 21 som
1300 1537 136 30 anförts
1458 1537 10 29 i
1491 1537 108 39 några
1619 1538 134 38 yttran-

255 1589 78 33 den,
353 1588 110 30 uttala
484 1590 51 28 att
555 1588 56 30 det
631 1597 103 29 synes
755 1587 157 40 lämpligt
932 1589 51 28 att
1003 1587 96 30 inom
1120 1596 41 23 en
1181 1596 61 21 var
1263 1596 43 21 av
1325 1588 41 29 de
1386 1587 148 30 berörda
1554 1585 200 31 lantbruks-

255 1639 217 29 nämnderna
491 1648 43 20 en
554 1637 344 40 befattningshavare
917 1638 91 29 skall
1027 1637 130 30 erhålla
1175 1637 53 29 till
1249 1637 150 30 särskild
1418 1637 140 40 uppgift
1577 1639 50 28 att
1645 1637 109 29 främ-

253 1689 39 39 ja
311 1689 131 30 arbetet
461 1689 81 29 med
562 1688 241 40 bekämpande
824 1697 42 21 av
886 1688 102 30 sand-
1008 1688 64 29 och
1091 1687 229 40 jordflykten.
1342 1687 93 32 även
1455 1687 12 29 i
1488 1687 99 39 fråga
1607 1696 57 21 om
1684 1687 68 29 den

254 1739 154 30 centrala
433 1738 283 40 organisationen
743 1747 103 30 synes
870 1738 125 39 frågan
1020 1738 121 29 kunna
1167 1738 91 29 lösas
1285 1738 46 39 på
1355 1740 47 30 ett
1427 1737 325 30 tillfredsställande

256 1791 69 28 sätt
351 1797 122 32 genom
503 1788 193 31 samarbete
723 1788 129 30 mellan
878 1788 357 39 lantbruksstyrelsen
1263 1788 64 29 och
1354 1788 276 39 skogsstyrelsen
1655 1787 97 30 inom

254 1849 122 21 ramen
400 1840 55 30 för
479 1840 103 29 deras
606 1839 202 32 nuvarande
833 1838 188 40 uppgifter.

300 1915 73 30 Vad
394 1914 51 30 till
469 1915 71 29 slut
561 1915 104 38 gäller
684 1914 42 30 de
746 1923 43 21 av
809 1913 209 30 kommittén
1040 1913 197 39 föreslagna
1259 1913 493 40 personalförstärkningarna

254 1965 96 30 delar
367 1965 59 39 jag
444 1965 229 30 kommitténs
692 1964 228 40 uppfattning
938 1973 58 20 om
1016 1964 281 29 önskvärdheten
1318 1973 42 20 av
1379 1965 50 28 att
1449 1964 162 39 personal
1630 1963 10 29 i
1661 1963 91 30 ökad

254 2017 212 39 omfattning
488 2016 91 30 skall
600 2016 120 30 kunna
742 2016 178 30 användas
943 2016 55 29 för
1020 2015 266 40 ifrågavarande
1308 2015 187 40 uppgifter.
1524 2015 7 29 I
1554 2015 202 30 nuvarande

254 2067 76 40 läge
356 2076 101 21 anser
480 2067 62 40 jag
567 2066 70 40 mig
662 2066 91 30 dock
779 2066 31 39 ej
838 2066 120 30 kunna
984 2066 142 30 förorda
1152 2065 114 40 någon
1293 2066 207 39 utvidgning
1526 2075 41 21 av
1592 2075 164 30 persona-

254 2118 57 29 len
334 2117 57 30 vid
414 2116 480 40 lantbruksorganisationen.
920 2116 40 39 Ej
987 2116 109 30 heller
1119 2116 69 30 kan
1211 2116 61 39 jag
1295 2125 47 21 nu
1366 2116 178 39 tillstyrka
1568 2118 50 29 att
1641 2116 115 40 någon

255 2167 280 40 assistenttjänst
564 2167 88 30 skall
680 2167 150 30 inrättas
859 2166 54 31 för
943 2166 409 30 försöksverksamheten
1382 2166 57 31 vid
1469 2166 149 40 Ugerup.

302 2242 13 29 I
333 2241 150 40 enlighet
500 2241 79 30 med
597 2241 56 32 det
670 2241 151 30 anförda
838 2240 112 30 skulle
968 2240 56 30 för
1042 2240 203 39 budgetåret
1265 2240 149 36 1951/52
1435 2240 177 30 erfordras
1630 2240 123 38 anslag

254 2293 20 29 å
300 2292 19 30 3
334 2292 61 30 000
419 2293 132 29 kronor
576 2291 54 30 för
654 2291 229 30 utarbetande
908 2300 42 20 av
975 2300 43 20 en
1045 2290 348 40 upplysningsskrift,
1420 2290 18 30 6
1453 2290 64 30 500
1542 2291 129 29 kronor
1696 2290 57 30 för

254 2352 42 20 en
317 2343 85 29 kurs
421 2342 56 30 för
496 2342 94 30 vissa
608 2341 345 39 befattningshavare
973 2343 92 27 samt
1087 2341 38 29 15
1139 2340 64 30 500
1223 2341 131 29 kronor
1374 2341 54 29 för
1448 2340 219 39 forsknings-
1687 2340 65 30 och

253 2392 376 34 försöksverksamhet,
661 2391 82 30 eller
776 2391 146 30 sålunda
953 2390 147 40 tillhopa
1132 2391 39 29 25
1187 2390 63 30 000
1282 2391 139 29 kronor.
1457 2391 165 40 Beloppet
1653 2390 99 30 torde

254 2443 84 30 böra
364 2442 139 31 anvisas
528 2442 113 31 såsom
665 2443 47 28 ett
736 2441 206 30 obetecknat
966 2441 131 38 anslag,
1120 2440 167 30 benämnt
1311 2441 99 30 Vissa
1434 2441 161 39 åtgärder
1618 2441 55 29 för
1696 2441 56 30 be-

251 2494 198 39 kämpande
468 2502 43 21 av
532 2492 100 31 sand-
651 2492 63 30 och
734 2491 204 40 jordflykt.»
