<?xml version="1.0" encoding="UTF-8"?>
<alto xmlns="http://www.loc.gov/standards/alto/ns-v3#" xmlns:xlink="http://www.w3.org/1999/xlink" xmlns:xsi="http://www.w3.org/2001/XMLSchema-instance" xsi:schemaLocation="http://www.loc.gov/standards/alto/ns-v3# http://www.loc.gov/alto/v3/alto-3-0.xsd">
	<Description>
		<MeasurementUnit>pixel</MeasurementUnit>
		<sourceImageInformation>
			<fileName>/tmp/tess_nxxet8hr_input.PNG</fileName>
		</sourceImageInformation>
		<OCRProcessing ID="OCR_0">
			<ocrProcessingStep>
				<processingSoftware>
					<softwareName>tesseract 5.3.0</softwareName>
				</processingSoftware>
			</ocrProcessingStep>
		</OCRProcessing>
	</Description>
	<Layout>
		<Page WIDTH="2238" HEIGHT="2676" PHYSICAL_IMG_NR="0" ID="page_0">
			<PrintSpace HPOS="0" VPOS="0" WIDTH="2238" HEIGHT="2676">
				<ComposedBlock ID="cblock_0" HPOS="446" VPOS="185" WIDTH="1074" HEIGHT="42">
					<TextBlock ID="block_0" HPOS="446" VPOS="185" WIDTH="1074" HEIGHT="42">
						<TextLine ID="line_0" HPOS="446" VPOS="185" WIDTH="1074" HEIGHT="42">
							<String ID="string_0" HPOS="446" VPOS="185" WIDTH="19" HEIGHT="31" WC="0.96" CONTENT="4"/><SP WIDTH="446" VPOS="185" HPOS="465"/>
							<String ID="string_1" HPOS="911" VPOS="189" WIDTH="250" HEIGHT="34" WC="0.75" CONTENT="Statsutskottets"/><SP WIDTH="29" VPOS="189" HPOS="1161"/>
							<String ID="string_2" HPOS="1190" VPOS="192" WIDTH="170" HEIGHT="33" WC="0.95" CONTENT="Utlåtande"/><SP WIDTH="24" VPOS="192" HPOS="1360"/>
							<String ID="string_3" HPOS="1384" VPOS="194" WIDTH="62" HEIGHT="32" WC="0.92" CONTENT="N:o"/><SP WIDTH="24" VPOS="194" HPOS="1446"/>
							<String ID="string_4" HPOS="1470" VPOS="196" WIDTH="50" HEIGHT="31" WC="0.84" CONTENT="54."/>
						</TextLine>
					</TextBlock>
				</ComposedBlock>
				<ComposedBlock ID="cblock_1" HPOS="399" VPOS="269" WIDTH="1601" HEIGHT="2089">
					<TextBlock ID="block_1" HPOS="402" VPOS="269" WIDTH="1592" HEIGHT="154">
						<TextLine ID="line_1" HPOS="404" VPOS="269" WIDTH="1590" HEIGHT="56">
							<String ID="string_5" HPOS="404" VPOS="272" WIDTH="56" HEIGHT="31" WC="0.96" CONTENT="att"/><SP WIDTH="28" VPOS="272" HPOS="460"/>
							<String ID="string_6" HPOS="488" VPOS="273" WIDTH="242" HEIGHT="43" WC="0.95" CONTENT="gemensamt"/><SP WIDTH="29" VPOS="273" HPOS="730"/>
							<String ID="string_7" HPOS="759" VPOS="269" WIDTH="85" HEIGHT="37" WC="0.93" CONTENT="med"/><SP WIDTH="22" VPOS="269" HPOS="844"/>
							<String ID="string_8" HPOS="866" VPOS="270" WIDTH="392" HEIGHT="51" WC="0.89" CONTENT="arméförvaltningen"/><SP WIDTH="23" VPOS="270" HPOS="1258"/>
							<String ID="string_9" HPOS="1281" VPOS="276" WIDTH="20" HEIGHT="33" WC="0.89" CONTENT="å"/><SP WIDTH="17" VPOS="276" HPOS="1301"/>
							<String ID="string_10" HPOS="1318" VPOS="273" WIDTH="113" HEIGHT="38" WC="0.96" CONTENT="civila"/><SP WIDTH="15" VPOS="273" HPOS="1431"/>
							<String ID="string_11" HPOS="1446" VPOS="275" WIDTH="304" HEIGHT="50" WC="0.96" CONTENT="departementet"/><SP WIDTH="15" VPOS="275" HPOS="1750"/>
							<String ID="string_12" HPOS="1765" VPOS="278" WIDTH="71" HEIGHT="36" WC="0.93" CONTENT="och"/><SP WIDTH="20" VPOS="278" HPOS="1836"/>
							<String ID="string_13" HPOS="1856" VPOS="281" WIDTH="138" HEIGHT="35" WC="0.91" CONTENT="marin-"/>
						</TextLine>
						<TextLine ID="line_2" HPOS="404" VPOS="319" WIDTH="1590" HEIGHT="62">
							<String ID="string_14" HPOS="404" VPOS="319" WIDTH="289" HEIGHT="50" WC="0.95" CONTENT="förvaltningen"/><SP WIDTH="41" VPOS="319" HPOS="693"/>
							<String ID="string_15" HPOS="734" VPOS="321" WIDTH="57" HEIGHT="37" WC="0.95" CONTENT="till"/><SP WIDTH="42" VPOS="321" HPOS="791"/>
							<String ID="string_16" HPOS="833" VPOS="322" WIDTH="141" HEIGHT="51" WC="0.94" CONTENT="Kongl."/><SP WIDTH="46" VPOS="322" HPOS="974"/>
							<String ID="string_17" HPOS="1020" VPOS="324" WIDTH="106" HEIGHT="50" WC="0.96" CONTENT="Maj:t"/><SP WIDTH="24" VPOS="324" HPOS="1126"/>
							<String ID="string_18" HPOS="1150" VPOS="324" WIDTH="192" HEIGHT="39" WC="0.95" CONTENT="inkomma"/><SP WIDTH="30" VPOS="324" HPOS="1342"/>
							<String ID="string_19" HPOS="1372" VPOS="327" WIDTH="85" HEIGHT="36" WC="0.95" CONTENT="med"/><SP WIDTH="28" VPOS="327" HPOS="1457"/>
							<String ID="string_20" HPOS="1485" VPOS="328" WIDTH="194" HEIGHT="38" WC="0.96" CONTENT="utlåtande"/><SP WIDTH="29" VPOS="328" HPOS="1679"/>
							<String ID="string_21" HPOS="1708" VPOS="330" WIDTH="70" HEIGHT="37" WC="0.96" CONTENT="och"/><SP WIDTH="29" VPOS="330" HPOS="1778"/>
							<String ID="string_22" HPOS="1807" VPOS="330" WIDTH="147" HEIGHT="51" WC="0.96" CONTENT="förslag"/><SP WIDTH="28" VPOS="330" HPOS="1954"/>
							<String ID="string_23" HPOS="1982" VPOS="332" WIDTH="12" HEIGHT="36" WC="0.95" CONTENT="i"/>
						</TextLine>
						<TextLine ID="line_3" HPOS="402" VPOS="373" WIDTH="313" HEIGHT="50">
							<String ID="string_24" HPOS="402" VPOS="373" WIDTH="167" HEIGHT="37" WC="0.95" CONTENT="nämnda"/><SP WIDTH="28" VPOS="373" HPOS="569"/>
							<String ID="string_25" HPOS="597" VPOS="373" WIDTH="118" HEIGHT="50" WC="0.96" CONTENT="fråga."/>
						</TextLine>
					</TextBlock>
					<TextBlock ID="block_2" HPOS="402" VPOS="426" WIDTH="1593" HEIGHT="525">
						<TextLine ID="line_4" HPOS="535" VPOS="426" WIDTH="1457" HEIGHT="55">
							<String ID="string_26" HPOS="535" VPOS="426" WIDTH="85" HEIGHT="37" WC="0.96" CONTENT="Med"/><SP WIDTH="43" VPOS="426" HPOS="620"/>
							<String ID="string_27" HPOS="663" VPOS="427" WIDTH="211" HEIGHT="49" WC="0.93" CONTENT="anledning"/><SP WIDTH="36" VPOS="427" HPOS="874"/>
							<String ID="string_28" HPOS="910" VPOS="428" WIDTH="113" HEIGHT="37" WC="0.96" CONTENT="häraf"/><SP WIDTH="37" VPOS="428" HPOS="1023"/>
							<String ID="string_29" HPOS="1060" VPOS="429" WIDTH="113" HEIGHT="37" WC="0.90" CONTENT="hafva"/><SP WIDTH="42" VPOS="429" HPOS="1173"/>
							<String ID="string_30" HPOS="1215" VPOS="431" WIDTH="236" HEIGHT="50" WC="0.90" CONTENT="kollegierna"/><SP WIDTH="33" VPOS="431" HPOS="1451"/>
							<String ID="string_31" HPOS="1484" VPOS="432" WIDTH="71" HEIGHT="37" WC="0.96" CONTENT="den"/><SP WIDTH="32" VPOS="432" HPOS="1555"/>
							<String ID="string_32" HPOS="1587" VPOS="436" WIDTH="44" HEIGHT="34" WC="0.96" CONTENT="29"/><SP WIDTH="32" VPOS="436" HPOS="1631"/>
							<String ID="string_33" HPOS="1663" VPOS="434" WIDTH="201" HEIGHT="38" WC="0.96" CONTENT="december"/><SP WIDTH="32" VPOS="434" HPOS="1864"/>
							<String ID="string_34" HPOS="1896" VPOS="438" WIDTH="96" HEIGHT="35" WC="0.96" CONTENT="1886"/>
						</TextLine>
						<TextLine ID="line_5" HPOS="403" VPOS="478" WIDTH="1591" HEIGHT="59">
							<String ID="string_35" HPOS="403" VPOS="478" WIDTH="154" HEIGHT="50" WC="0.90" CONTENT="afgifvit"/><SP WIDTH="40" VPOS="478" HPOS="557"/>
							<String ID="string_36" HPOS="597" VPOS="487" WIDTH="243" HEIGHT="42" WC="0.96" CONTENT="gemensamt"/><SP WIDTH="41" VPOS="487" HPOS="840"/>
							<String ID="string_37" HPOS="881" VPOS="481" WIDTH="206" HEIGHT="47" WC="0.92" CONTENT="utlåtande,"/><SP WIDTH="43" VPOS="481" HPOS="1087"/>
							<String ID="string_38" HPOS="1130" VPOS="482" WIDTH="80" HEIGHT="37" WC="0.89" CONTENT="deri"/><SP WIDTH="44" VPOS="482" HPOS="1210"/>
							<String ID="string_39" HPOS="1254" VPOS="484" WIDTH="183" HEIGHT="38" WC="0.96" CONTENT="särskildt"/><SP WIDTH="36" VPOS="484" HPOS="1437"/>
							<String ID="string_40" HPOS="1473" VPOS="485" WIDTH="56" HEIGHT="37" WC="0.96" CONTENT="till"/><SP WIDTH="29" VPOS="485" HPOS="1529"/>
							<String ID="string_41" HPOS="1558" VPOS="487" WIDTH="244" HEIGHT="50" WC="0.91" CONTENT="ompröfning"/><SP WIDTH="30" VPOS="487" HPOS="1802"/>
							<String ID="string_42" HPOS="1832" VPOS="488" WIDTH="69" HEIGHT="37" WC="0.93" CONTENT="och"/><SP WIDTH="29" VPOS="488" HPOS="1901"/>
							<String ID="string_43" HPOS="1930" VPOS="488" WIDTH="64" HEIGHT="38" WC="0.90" CONTENT="be-"/>
						</TextLine>
						<TextLine ID="line_6" HPOS="404" VPOS="531" WIDTH="1589" HEIGHT="59">
							<String ID="string_44" HPOS="404" VPOS="531" WIDTH="189" HEIGHT="49" WC="0.95" CONTENT="handling"/><SP WIDTH="29" VPOS="531" HPOS="593"/>
							<String ID="string_45" HPOS="622" VPOS="533" WIDTH="196" HEIGHT="49" WC="0.95" CONTENT="upptagits"/><SP WIDTH="30" VPOS="533" HPOS="818"/>
							<String ID="string_46" HPOS="848" VPOS="540" WIDTH="54" HEIGHT="29" WC="0.96" CONTENT="ett"/><SP WIDTH="29" VPOS="540" HPOS="902"/>
							<String ID="string_47" HPOS="931" VPOS="535" WIDTH="42" HEIGHT="35" WC="0.96" CONTENT="af"/><SP WIDTH="24" VPOS="535" HPOS="973"/>
							<String ID="string_48" HPOS="997" VPOS="535" WIDTH="86" HEIGHT="36" WC="0.96" CONTENT="herr"/><SP WIDTH="28" VPOS="535" HPOS="1083"/>
							<String ID="string_49" HPOS="1111" VPOS="534" WIDTH="100" HEIGHT="38" WC="0.96" CONTENT="Sven"/><SP WIDTH="31" VPOS="534" HPOS="1211"/>
							<String ID="string_50" HPOS="1242" VPOS="536" WIDTH="157" HEIGHT="37" WC="0.95" CONTENT="Nilsson"/><SP WIDTH="29" VPOS="536" HPOS="1399"/>
							<String ID="string_51" HPOS="1428" VPOS="537" WIDTH="64" HEIGHT="38" WC="0.93" CONTENT="vid"/><SP WIDTH="30" VPOS="537" HPOS="1492"/>
							<String ID="string_52" HPOS="1522" VPOS="538" WIDTH="350" HEIGHT="52" WC="0.92" CONTENT="öfverläggningen"/><SP WIDTH="20" VPOS="538" HPOS="1872"/>
							<String ID="string_53" HPOS="1892" VPOS="541" WIDTH="101" HEIGHT="37" WC="0.96" CONTENT="inom"/>
						</TextLine>
						<TextLine ID="line_7" HPOS="404" VPOS="584" WIDTH="1589" HEIGHT="55">
							<String ID="string_54" HPOS="404" VPOS="584" WIDTH="128" HEIGHT="36" WC="0.95" CONTENT="Andra"/><SP WIDTH="31" VPOS="584" HPOS="532"/>
							<String ID="string_55" HPOS="563" VPOS="584" WIDTH="230" HEIGHT="38" WC="0.96" CONTENT="Kammaren"/><SP WIDTH="31" VPOS="584" HPOS="793"/>
							<String ID="string_56" HPOS="824" VPOS="586" WIDTH="162" HEIGHT="37" WC="0.96" CONTENT="rörande"/><SP WIDTH="29" VPOS="586" HPOS="986"/>
							<String ID="string_57" HPOS="1015" VPOS="587" WIDTH="140" HEIGHT="49" WC="0.96" CONTENT="Kongl."/><SP WIDTH="31" VPOS="587" HPOS="1155"/>
							<String ID="string_58" HPOS="1186" VPOS="588" WIDTH="126" HEIGHT="50" WC="0.96" CONTENT="Maj:ts"/><SP WIDTH="29" VPOS="588" HPOS="1312"/>
							<String ID="string_59" HPOS="1341" VPOS="590" WIDTH="238" HEIGHT="49" WC="0.96" CONTENT="proposition"/><SP WIDTH="23" VPOS="590" HPOS="1579"/>
							<String ID="string_60" HPOS="1602" VPOS="591" WIDTH="57" HEIGHT="37" WC="0.96" CONTENT="till"/><SP WIDTH="28" VPOS="591" HPOS="1659"/>
							<String ID="string_61" HPOS="1687" VPOS="594" WIDTH="95" HEIGHT="36" WC="0.96" CONTENT="1885"/><SP WIDTH="22" VPOS="594" HPOS="1782"/>
							<String ID="string_62" HPOS="1804" VPOS="596" WIDTH="58" HEIGHT="34" WC="0.93" CONTENT="års"/><SP WIDTH="21" VPOS="596" HPOS="1862"/>
							<String ID="string_63" HPOS="1883" VPOS="594" WIDTH="110" HEIGHT="37" WC="0.91" CONTENT="Riks-"/>
						</TextLine>
						<TextLine ID="line_8" HPOS="403" VPOS="636" WIDTH="1591" HEIGHT="58">
							<String ID="string_64" HPOS="403" VPOS="636" WIDTH="76" HEIGHT="50" WC="0.96" CONTENT="dag"/><SP WIDTH="30" VPOS="636" HPOS="479"/>
							<String ID="string_65" HPOS="509" VPOS="650" WIDTH="58" HEIGHT="23" WC="0.95" CONTENT="om"/><SP WIDTH="31" VPOS="650" HPOS="567"/>
							<String ID="string_66" HPOS="598" VPOS="637" WIDTH="64" HEIGHT="49" WC="0.95" CONTENT="lag"/><SP WIDTH="29" VPOS="637" HPOS="662"/>
							<String ID="string_67" HPOS="691" VPOS="639" WIDTH="199" HEIGHT="48" WC="0.95" CONTENT="angående"/><SP WIDTH="30" VPOS="639" HPOS="890"/>
							<String ID="string_68" HPOS="920" VPOS="639" WIDTH="169" HEIGHT="50" WC="0.96" CONTENT="lindring"/><SP WIDTH="28" VPOS="639" HPOS="1089"/>
							<String ID="string_69" HPOS="1117" VPOS="641" WIDTH="10" HEIGHT="36" WC="0.90" CONTENT="i"/><SP WIDTH="31" VPOS="641" HPOS="1127"/>
							<String ID="string_70" HPOS="1158" VPOS="642" WIDTH="216" HEIGHT="49" WC="0.91" CONTENT="rustnings-"/><SP WIDTH="20" VPOS="642" HPOS="1374"/>
							<String ID="string_71" HPOS="1394" VPOS="643" WIDTH="70" HEIGHT="37" WC="0.93" CONTENT="och"/><SP WIDTH="18" VPOS="643" HPOS="1464"/>
							<String ID="string_72" HPOS="1482" VPOS="644" WIDTH="381" HEIGHT="50" WC="0.92" CONTENT="roteringsbesvären"/><SP WIDTH="16" VPOS="644" HPOS="1863"/>
							<String ID="string_73" HPOS="1879" VPOS="646" WIDTH="115" HEIGHT="37" WC="0.96" CONTENT="väckt"/>
						</TextLine>
						<TextLine ID="line_9" HPOS="403" VPOS="689" WIDTH="1589" HEIGHT="55">
							<String ID="string_74" HPOS="403" VPOS="689" WIDTH="145" HEIGHT="47" WC="0.95" CONTENT="förslag"/><SP WIDTH="29" VPOS="689" HPOS="548"/>
							<String ID="string_75" HPOS="577" VPOS="703" WIDTH="58" HEIGHT="23" WC="0.96" CONTENT="om"/><SP WIDTH="32" VPOS="703" HPOS="635"/>
							<String ID="string_76" HPOS="667" VPOS="690" WIDTH="138" HEIGHT="49" WC="0.96" CONTENT="tillägg"/><SP WIDTH="29" VPOS="690" HPOS="805"/>
							<String ID="string_77" HPOS="834" VPOS="692" WIDTH="55" HEIGHT="35" WC="0.96" CONTENT="till"/><SP WIDTH="26" VPOS="692" HPOS="889"/>
							<String ID="string_78" HPOS="915" VPOS="692" WIDTH="159" HEIGHT="36" WC="0.96" CONTENT="berörda"/><SP WIDTH="21" VPOS="692" HPOS="1074"/>
							<String ID="string_79" HPOS="1095" VPOS="693" WIDTH="64" HEIGHT="48" WC="0.96" CONTENT="lag"/><SP WIDTH="20" VPOS="693" HPOS="1159"/>
							<String ID="string_80" HPOS="1179" VPOS="694" WIDTH="11" HEIGHT="35" WC="0.96" CONTENT="i"/><SP WIDTH="17" VPOS="694" HPOS="1190"/>
							<String ID="string_81" HPOS="1207" VPOS="699" WIDTH="135" HEIGHT="31" WC="0.96" CONTENT="nästan"/><SP WIDTH="18" VPOS="699" HPOS="1342"/>
							<String ID="string_82" HPOS="1360" VPOS="695" WIDTH="216" HEIGHT="49" WC="0.93" CONTENT="fullkomlig"/><SP WIDTH="16" VPOS="695" HPOS="1576"/>
							<String ID="string_83" HPOS="1592" VPOS="697" WIDTH="400" HEIGHT="38" WC="0.91" CONTENT="öfverensstämmelse"/>
						</TextLine>
						<TextLine ID="line_10" HPOS="403" VPOS="741" WIDTH="1590" HEIGHT="57">
							<String ID="string_84" HPOS="403" VPOS="741" WIDTH="85" HEIGHT="35" WC="0.96" CONTENT="med"/><SP WIDTH="30" VPOS="741" HPOS="488"/>
							<String ID="string_85" HPOS="518" VPOS="741" WIDTH="98" HEIGHT="36" WC="0.96" CONTENT="hvad"/><SP WIDTH="31" VPOS="741" HPOS="616"/>
							<String ID="string_86" HPOS="647" VPOS="741" WIDTH="10" HEIGHT="36" WC="0.93" CONTENT="i"/><SP WIDTH="30" VPOS="741" HPOS="657"/>
							<String ID="string_87" HPOS="687" VPOS="742" WIDTH="248" HEIGHT="37" WC="0.90" CONTENT="förenämnda"/><SP WIDTH="30" VPOS="742" HPOS="935"/>
							<String ID="string_88" HPOS="965" VPOS="744" WIDTH="142" HEIGHT="36" WC="0.96" CONTENT="motion"/><SP WIDTH="27" VPOS="744" HPOS="1107"/>
							<String ID="string_89" HPOS="1134" VPOS="744" WIDTH="75" HEIGHT="49" WC="0.96" CONTENT="(n:o"/><SP WIDTH="34" VPOS="744" HPOS="1209"/>
							<String ID="string_90" HPOS="1243" VPOS="745" WIDTH="83" HEIGHT="50" WC="0.96" CONTENT="123)"/><SP WIDTH="31" VPOS="745" HPOS="1326"/>
							<String ID="string_91" HPOS="1357" VPOS="746" WIDTH="42" HEIGHT="37" WC="0.96" CONTENT="af"/><SP WIDTH="23" VPOS="746" HPOS="1399"/>
							<String ID="string_92" HPOS="1422" VPOS="760" WIDTH="143" HEIGHT="23" WC="0.92" CONTENT="samma"/><SP WIDTH="30" VPOS="760" HPOS="1565"/>
							<String ID="string_93" HPOS="1595" VPOS="748" WIDTH="323" HEIGHT="50" WC="0.91" CONTENT="förslagsställare"/><SP WIDTH="27" VPOS="748" HPOS="1918"/>
							<String ID="string_94" HPOS="1945" VPOS="763" WIDTH="48" HEIGHT="23" WC="0.95" CONTENT="nu"/>
						</TextLine>
						<TextLine ID="line_11" HPOS="402" VPOS="792" WIDTH="1591" HEIGHT="59">
							<String ID="string_95" HPOS="402" VPOS="792" WIDTH="126" HEIGHT="38" WC="0.78" CONTENT="blifvit"/><SP WIDTH="41" VPOS="792" HPOS="528"/>
							<String ID="string_96" HPOS="569" VPOS="794" WIDTH="224" HEIGHT="47" WC="0.87" CONTENT="hemstäldt;"/><SP WIDTH="36" VPOS="794" HPOS="793"/>
							<String ID="string_97" HPOS="829" VPOS="795" WIDTH="71" HEIGHT="36" WC="0.96" CONTENT="och"/><SP WIDTH="35" VPOS="795" HPOS="900"/>
							<String ID="string_98" HPOS="935" VPOS="796" WIDTH="66" HEIGHT="36" WC="0.96" CONTENT="har"/><SP WIDTH="29" VPOS="796" HPOS="1001"/>
							<String ID="string_99" HPOS="1030" VPOS="796" WIDTH="199" HEIGHT="47" WC="0.96" CONTENT="utskottet,"/><SP WIDTH="31" VPOS="796" HPOS="1229"/>
							<String ID="string_100" HPOS="1260" VPOS="812" WIDTH="78" HEIGHT="23" WC="0.95" CONTENT="som"/><SP WIDTH="32" VPOS="812" HPOS="1338"/>
							<String ID="string_101" HPOS="1370" VPOS="799" WIDTH="98" HEIGHT="50" WC="0.96" CONTENT="tagit"/><SP WIDTH="30" VPOS="799" HPOS="1468"/>
							<String ID="string_102" HPOS="1498" VPOS="800" WIDTH="59" HEIGHT="36" WC="0.96" CONTENT="del"/><SP WIDTH="29" VPOS="800" HPOS="1557"/>
							<String ID="string_103" HPOS="1586" VPOS="800" WIDTH="42" HEIGHT="37" WC="0.96" CONTENT="af"/><SP WIDTH="23" VPOS="800" HPOS="1628"/>
							<String ID="string_104" HPOS="1651" VPOS="801" WIDTH="106" HEIGHT="37" WC="0.96" CONTENT="detta"/><SP WIDTH="28" VPOS="801" HPOS="1757"/>
							<String ID="string_105" HPOS="1785" VPOS="802" WIDTH="208" HEIGHT="49" WC="0.96" CONTENT="utlåtande,"/>
						</TextLine>
						<TextLine ID="line_12" HPOS="402" VPOS="846" WIDTH="1593" HEIGHT="57">
							<String ID="string_106" HPOS="402" VPOS="851" WIDTH="125" HEIGHT="31" WC="0.95" CONTENT="ansett"/><SP WIDTH="38" VPOS="851" HPOS="527"/>
							<String ID="string_107" HPOS="565" VPOS="846" WIDTH="72" HEIGHT="49" WC="0.96" CONTENT="sig,"/><SP WIDTH="42" VPOS="846" HPOS="637"/>
							<String ID="string_108" HPOS="679" VPOS="847" WIDTH="86" HEIGHT="36" WC="0.96" CONTENT="med"/><SP WIDTH="42" VPOS="847" HPOS="765"/>
							<String ID="string_109" HPOS="807" VPOS="848" WIDTH="151" HEIGHT="49" WC="0.92" CONTENT="hänsyn"/><SP WIDTH="42" VPOS="848" HPOS="958"/>
							<String ID="string_110" HPOS="1000" VPOS="849" WIDTH="56" HEIGHT="36" WC="0.92" CONTENT="till"/><SP WIDTH="30" VPOS="849" HPOS="1056"/>
							<String ID="string_111" HPOS="1086" VPOS="849" WIDTH="44" HEIGHT="36" WC="0.96" CONTENT="de"/><SP WIDTH="30" VPOS="849" HPOS="1130"/>
							<String ID="string_112" HPOS="1160" VPOS="863" WIDTH="49" HEIGHT="23" WC="0.96" CONTENT="nu"/><SP WIDTH="30" VPOS="863" HPOS="1209"/>
							<String ID="string_113" HPOS="1239" VPOS="853" WIDTH="98" HEIGHT="47" WC="0.92" CONTENT="ånyo"/><SP WIDTH="29" VPOS="853" HPOS="1337"/>
							<String ID="string_114" HPOS="1366" VPOS="851" WIDTH="223" HEIGHT="37" WC="0.91" CONTENT="framstälda"/><SP WIDTH="28" VPOS="851" HPOS="1589"/>
							<String ID="string_115" HPOS="1617" VPOS="853" WIDTH="196" HEIGHT="50" WC="0.96" CONTENT="förslagen"/><SP WIDTH="30" VPOS="853" HPOS="1813"/>
							<String ID="string_116" HPOS="1843" VPOS="855" WIDTH="10" HEIGHT="35" WC="0.96" CONTENT="i"/><SP WIDTH="31" VPOS="855" HPOS="1853"/>
							<String ID="string_117" HPOS="1884" VPOS="855" WIDTH="111" HEIGHT="37" WC="0.96" CONTENT="dessa"/>
						</TextLine>
						<TextLine ID="line_13" HPOS="403" VPOS="898" WIDTH="995" HEIGHT="53">
							<String ID="string_118" HPOS="403" VPOS="902" WIDTH="152" HEIGHT="44" WC="0.95" CONTENT="ämnen,"/><SP WIDTH="31" VPOS="902" HPOS="555"/>
							<String ID="string_119" HPOS="586" VPOS="898" WIDTH="91" HEIGHT="37" WC="0.96" CONTENT="böra"/><SP WIDTH="28" VPOS="898" HPOS="677"/>
							<String ID="string_120" HPOS="705" VPOS="913" WIDTH="44" HEIGHT="22" WC="0.96" CONTENT="ur"/><SP WIDTH="28" VPOS="913" HPOS="749"/>
							<String ID="string_121" HPOS="777" VPOS="900" WIDTH="211" HEIGHT="36" WC="0.96" CONTENT="detsamma"/><SP WIDTH="29" VPOS="900" HPOS="988"/>
							<String ID="string_122" HPOS="1017" VPOS="901" WIDTH="173" HEIGHT="37" WC="0.95" CONTENT="meddela"/><SP WIDTH="29" VPOS="901" HPOS="1190"/>
							<String ID="string_123" HPOS="1219" VPOS="902" WIDTH="179" HEIGHT="49" WC="0.95" CONTENT="följande."/>
						</TextLine>
					</TextBlock>
					<TextBlock ID="block_3" HPOS="400" VPOS="951" WIDTH="1600" HEIGHT="939">
						<TextLine ID="line_14" HPOS="530" VPOS="951" WIDTH="1464" HEIGHT="56">
							<String ID="string_124" HPOS="530" VPOS="951" WIDTH="111" HEIGHT="36" WC="0.95" CONTENT="Hvad"/><SP WIDTH="44" VPOS="951" HPOS="641"/>
							<String ID="string_125" HPOS="685" VPOS="951" WIDTH="95" HEIGHT="37" WC="0.95" CONTENT="först"/><SP WIDTH="41" VPOS="951" HPOS="780"/>
							<String ID="string_126" HPOS="821" VPOS="952" WIDTH="177" HEIGHT="37" WC="0.94" CONTENT="beträffar"/><SP WIDTH="43" VPOS="952" HPOS="998"/>
							<String ID="string_127" HPOS="1041" VPOS="953" WIDTH="72" HEIGHT="37" WC="0.94" CONTENT="den"/><SP WIDTH="42" VPOS="953" HPOS="1113"/>
							<String ID="string_128" HPOS="1155" VPOS="954" WIDTH="121" HEIGHT="49" WC="0.93" CONTENT="årliga"/><SP WIDTH="36" VPOS="954" HPOS="1276"/>
							<String ID="string_129" HPOS="1312" VPOS="956" WIDTH="507" HEIGHT="51" WC="0.91" CONTENT="markegångssättningens"/><SP WIDTH="34" VPOS="956" HPOS="1819"/>
							<String ID="string_130" HPOS="1853" VPOS="964" WIDTH="141" HEIGHT="31" WC="0.92" CONTENT="använ-"/>
						</TextLine>
						<TextLine ID="line_15" HPOS="403" VPOS="1002" WIDTH="1591" HEIGHT="59">
							<String ID="string_131" HPOS="403" VPOS="1002" WIDTH="122" HEIGHT="37" WC="0.95" CONTENT="dande"/><SP WIDTH="42" VPOS="1002" HPOS="525"/>
							<String ID="string_132" HPOS="567" VPOS="1003" WIDTH="59" HEIGHT="37" WC="0.96" CONTENT="för"/><SP WIDTH="37" VPOS="1003" HPOS="626"/>
							<String ID="string_133" HPOS="663" VPOS="1004" WIDTH="71" HEIGHT="36" WC="0.96" CONTENT="den"/><SP WIDTH="47" VPOS="1004" HPOS="734"/>
							<String ID="string_134" HPOS="781" VPOS="1004" WIDTH="119" HEIGHT="50" WC="0.95" CONTENT="årliga"/><SP WIDTH="36" VPOS="1004" HPOS="900"/>
							<String ID="string_135" HPOS="936" VPOS="1006" WIDTH="332" HEIGHT="49" WC="0.96" CONTENT="uppskattningen"/><SP WIDTH="36" VPOS="1006" HPOS="1268"/>
							<String ID="string_136" HPOS="1304" VPOS="1009" WIDTH="40" HEIGHT="35" WC="0.93" CONTENT="af"/><SP WIDTH="30" VPOS="1009" HPOS="1344"/>
							<String ID="string_137" HPOS="1374" VPOS="1014" WIDTH="97" HEIGHT="32" WC="0.93" CONTENT="rote-"/><SP WIDTH="34" VPOS="1014" HPOS="1471"/>
							<String ID="string_138" HPOS="1505" VPOS="1010" WIDTH="70" HEIGHT="36" WC="0.93" CONTENT="och"/><SP WIDTH="29" VPOS="1010" HPOS="1575"/>
							<String ID="string_139" HPOS="1604" VPOS="1010" WIDTH="390" HEIGHT="51" WC="0.90" CONTENT="rusthållsprestatio-"/>
						</TextLine>
						<TextLine ID="line_16" HPOS="402" VPOS="1056" WIDTH="1592" HEIGHT="56">
							<String ID="string_140" HPOS="402" VPOS="1068" WIDTH="138" HEIGHT="24" WC="0.90" CONTENT="nernas"/><SP WIDTH="31" VPOS="1068" HPOS="540"/>
							<String ID="string_141" HPOS="571" VPOS="1056" WIDTH="253" HEIGHT="49" WC="0.93" CONTENT="medelvärde,"/><SP WIDTH="32" VPOS="1056" HPOS="824"/>
							<String ID="string_142" HPOS="856" VPOS="1058" WIDTH="243" HEIGHT="47" WC="0.92" CONTENT="förekomme,"/><SP WIDTH="31" VPOS="1058" HPOS="1099"/>
							<String ID="string_143" HPOS="1130" VPOS="1059" WIDTH="121" HEIGHT="49" WC="0.93" CONTENT="enligt"/><SP WIDTH="30" VPOS="1059" HPOS="1251"/>
							<String ID="string_144" HPOS="1281" VPOS="1060" WIDTH="256" HEIGHT="50" WC="0.91" CONTENT="kollegiernas"/><SP WIDTH="22" VPOS="1060" HPOS="1537"/>
							<String ID="string_145" HPOS="1559" VPOS="1063" WIDTH="113" HEIGHT="49" WC="0.93" CONTENT="åsigt,"/><SP WIDTH="22" VPOS="1063" HPOS="1672"/>
							<String ID="string_146" HPOS="1694" VPOS="1063" WIDTH="11" HEIGHT="36" WC="0.96" CONTENT="i"/><SP WIDTH="16" VPOS="1063" HPOS="1705"/>
							<String ID="string_147" HPOS="1721" VPOS="1063" WIDTH="158" HEIGHT="38" WC="0.93" CONTENT="främsta"/><SP WIDTH="16" VPOS="1063" HPOS="1879"/>
							<String ID="string_148" HPOS="1895" VPOS="1078" WIDTH="99" HEIGHT="22" WC="0.91" CONTENT="rum-"/>
						</TextLine>
						<TextLine ID="line_17" HPOS="403" VPOS="1108" WIDTH="1592" HEIGHT="58">
							<String ID="string_149" HPOS="403" VPOS="1114" WIDTH="76" HEIGHT="30" WC="0.96" CONTENT="met"/><SP WIDTH="42" VPOS="1114" HPOS="479"/>
							<String ID="string_150" HPOS="521" VPOS="1108" WIDTH="71" HEIGHT="37" WC="0.96" CONTENT="den"/><SP WIDTH="39" VPOS="1108" HPOS="592"/>
							<String ID="string_151" HPOS="631" VPOS="1110" WIDTH="267" HEIGHT="48" WC="0.96" CONTENT="anmärkning,"/><SP WIDTH="37" VPOS="1110" HPOS="898"/>
							<String ID="string_152" HPOS="935" VPOS="1116" WIDTH="54" HEIGHT="30" WC="0.96" CONTENT="att"/><SP WIDTH="29" VPOS="1116" HPOS="989"/>
							<String ID="string_153" HPOS="1018" VPOS="1111" WIDTH="63" HEIGHT="36" WC="0.96" CONTENT="det"/><SP WIDTH="29" VPOS="1111" HPOS="1081"/>
							<String ID="string_154" HPOS="1110" VPOS="1112" WIDTH="115" HEIGHT="36" WC="0.93" CONTENT="värde"/><SP WIDTH="31" VPOS="1112" HPOS="1225"/>
							<String ID="string_155" HPOS="1256" VPOS="1116" WIDTH="20" HEIGHT="33" WC="0.92" CONTENT="å"/><SP WIDTH="30" VPOS="1116" HPOS="1276"/>
							<String ID="string_156" HPOS="1306" VPOS="1113" WIDTH="102" HEIGHT="37" WC="0.96" CONTENT="vissa"/><SP WIDTH="30" VPOS="1113" HPOS="1408"/>
							<String ID="string_157" HPOS="1438" VPOS="1114" WIDTH="41" HEIGHT="37" WC="0.93" CONTENT="af"/><SP WIDTH="23" VPOS="1114" HPOS="1479"/>
							<String ID="string_158" HPOS="1502" VPOS="1114" WIDTH="379" HEIGHT="50" WC="0.91" CONTENT="indelningsverkets"/><SP WIDTH="30" VPOS="1114" HPOS="1881"/>
							<String ID="string_159" HPOS="1911" VPOS="1130" WIDTH="84" HEIGHT="36" WC="0.93" CONTENT="pre-"/>
						</TextLine>
						<TextLine ID="line_18" HPOS="402" VPOS="1160" WIDTH="1592" HEIGHT="56">
							<String ID="string_160" HPOS="402" VPOS="1160" WIDTH="197" HEIGHT="48" WC="0.96" CONTENT="stationer,"/><SP WIDTH="45" VPOS="1160" HPOS="599"/>
							<String ID="string_161" HPOS="644" VPOS="1175" WIDTH="80" HEIGHT="22" WC="0.96" CONTENT="som"/><SP WIDTH="43" VPOS="1175" HPOS="724"/>
							<String ID="string_162" HPOS="767" VPOS="1162" WIDTH="137" HEIGHT="37" WC="0.80" CONTENT="hittills"/><SP WIDTH="42" VPOS="1162" HPOS="904"/>
							<String ID="string_163" HPOS="946" VPOS="1163" WIDTH="127" HEIGHT="37" WC="0.96" CONTENT="blifvit"/><SP WIDTH="41" VPOS="1163" HPOS="1073"/>
							<String ID="string_164" HPOS="1114" VPOS="1178" WIDTH="140" HEIGHT="34" WC="0.93" CONTENT="genom"/><SP WIDTH="32" VPOS="1178" HPOS="1254"/>
							<String ID="string_165" HPOS="1286" VPOS="1166" WIDTH="431" HEIGHT="50" WC="0.91" CONTENT="markegångssättning"/><SP WIDTH="33" VPOS="1166" HPOS="1717"/>
							<String ID="string_166" HPOS="1750" VPOS="1168" WIDTH="12" HEIGHT="36" WC="0.95" CONTENT="i"/><SP WIDTH="30" VPOS="1168" HPOS="1762"/>
							<String ID="string_167" HPOS="1792" VPOS="1175" WIDTH="108" HEIGHT="30" WC="0.93" CONTENT="orten"/><SP WIDTH="30" VPOS="1175" HPOS="1900"/>
							<String ID="string_168" HPOS="1930" VPOS="1170" WIDTH="64" HEIGHT="35" WC="0.92" CONTENT="be-"/>
						</TextLine>
						<TextLine ID="line_19" HPOS="402" VPOS="1212" WIDTH="1591" HEIGHT="57">
							<String ID="string_169" HPOS="402" VPOS="1212" WIDTH="154" HEIGHT="48" WC="0.92" CONTENT="stämdt,"/><SP WIDTH="30" VPOS="1212" HPOS="556"/>
							<String ID="string_170" HPOS="586" VPOS="1212" WIDTH="11" HEIGHT="36" WC="0.96" CONTENT="i"/><SP WIDTH="30" VPOS="1212" HPOS="597"/>
							<String ID="string_171" HPOS="627" VPOS="1213" WIDTH="162" HEIGHT="37" WC="0.96" CONTENT="flertalet"/><SP WIDTH="28" VPOS="1213" HPOS="789"/>
							<String ID="string_172" HPOS="817" VPOS="1214" WIDTH="64" HEIGHT="36" WC="0.95" CONTENT="fall"/><SP WIDTH="31" VPOS="1214" HPOS="881"/>
							<String ID="string_173" HPOS="912" VPOS="1214" WIDTH="98" HEIGHT="37" WC="0.96" CONTENT="varit"/><SP WIDTH="30" VPOS="1214" HPOS="1010"/>
							<String ID="string_174" HPOS="1040" VPOS="1215" WIDTH="118" HEIGHT="49" WC="0.96" CONTENT="lägre,"/><SP WIDTH="30" VPOS="1215" HPOS="1158"/>
							<String ID="string_175" HPOS="1188" VPOS="1217" WIDTH="178" HEIGHT="37" WC="0.95" CONTENT="stundom"/><SP WIDTH="31" VPOS="1217" HPOS="1366"/>
							<String ID="string_176" HPOS="1397" VPOS="1218" WIDTH="55" HEIGHT="36" WC="0.95" CONTENT="till"/><SP WIDTH="27" VPOS="1218" HPOS="1452"/>
							<String ID="string_177" HPOS="1479" VPOS="1219" WIDTH="70" HEIGHT="36" WC="0.96" CONTENT="och"/><SP WIDTH="22" VPOS="1219" HPOS="1549"/>
							<String ID="string_178" HPOS="1571" VPOS="1219" WIDTH="86" HEIGHT="37" WC="0.96" CONTENT="med"/><SP WIDTH="20" VPOS="1219" HPOS="1657"/>
							<String ID="string_179" HPOS="1677" VPOS="1220" WIDTH="194" HEIGHT="49" WC="0.96" CONTENT="betydligt"/><SP WIDTH="15" VPOS="1220" HPOS="1871"/>
							<String ID="string_180" HPOS="1886" VPOS="1221" WIDTH="107" HEIGHT="48" WC="0.96" CONTENT="lägre"/>
						</TextLine>
						<TextLine ID="line_20" HPOS="401" VPOS="1265" WIDTH="1593" HEIGHT="56">
							<String ID="string_181" HPOS="401" VPOS="1269" WIDTH="48" HEIGHT="31" WC="0.96" CONTENT="än"/><SP WIDTH="29" VPOS="1269" HPOS="449"/>
							<String ID="string_182" HPOS="478" VPOS="1265" WIDTH="46" HEIGHT="35" WC="0.96" CONTENT="de"/><SP WIDTH="29" VPOS="1265" HPOS="524"/>
							<String ID="string_183" HPOS="553" VPOS="1278" WIDTH="49" HEIGHT="23" WC="0.93" CONTENT="nu"/><SP WIDTH="26" VPOS="1278" HPOS="602"/>
							<String ID="string_184" HPOS="628" VPOS="1265" WIDTH="203" HEIGHT="37" WC="0.91" CONTENT="faststälda"/><SP WIDTH="29" VPOS="1265" HPOS="831"/>
							<String ID="string_185" HPOS="860" VPOS="1266" WIDTH="422" HEIGHT="50" WC="0.91" CONTENT="afskrifningsvärdena"/><SP WIDTH="30" VPOS="1266" HPOS="1282"/>
							<String ID="string_186" HPOS="1312" VPOS="1270" WIDTH="57" HEIGHT="36" WC="0.96" CONTENT="för"/><SP WIDTH="28" VPOS="1270" HPOS="1369"/>
							<String ID="string_187" HPOS="1397" VPOS="1284" WIDTH="146" HEIGHT="23" WC="0.96" CONTENT="samma"/><SP WIDTH="20" VPOS="1284" HPOS="1543"/>
							<String ID="string_188" HPOS="1563" VPOS="1271" WIDTH="267" HEIGHT="50" WC="0.96" CONTENT="prestationer,"/><SP WIDTH="17" VPOS="1271" HPOS="1830"/>
							<String ID="string_189" HPOS="1847" VPOS="1272" WIDTH="147" HEIGHT="37" WC="0.96" CONTENT="hvilket"/>
						</TextLine>
						<TextLine ID="line_21" HPOS="400" VPOS="1316" WIDTH="1594" HEIGHT="56">
							<String ID="string_190" HPOS="400" VPOS="1316" WIDTH="237" HEIGHT="37" WC="0.93" CONTENT="förhållande"/><SP WIDTH="43" VPOS="1316" HPOS="637"/>
							<String ID="string_191" HPOS="680" VPOS="1318" WIDTH="217" HEIGHT="50" WC="0.91" CONTENT="framginge"/><SP WIDTH="36" VPOS="1318" HPOS="897"/>
							<String ID="string_192" HPOS="933" VPOS="1319" WIDTH="41" HEIGHT="36" WC="0.95" CONTENT="af"/><SP WIDTH="27" VPOS="1319" HPOS="974"/>
							<String ID="string_193" HPOS="1001" VPOS="1332" WIDTH="45" HEIGHT="24" WC="0.96" CONTENT="en"/><SP WIDTH="35" VPOS="1332" HPOS="1046"/>
							<String ID="string_194" HPOS="1081" VPOS="1320" WIDTH="103" HEIGHT="37" WC="0.93" CONTENT="inom"/><SP WIDTH="35" VPOS="1320" HPOS="1184"/>
							<String ID="string_195" HPOS="1219" VPOS="1321" WIDTH="382" HEIGHT="51" WC="0.91" CONTENT="kammarkollegium"/><SP WIDTH="34" VPOS="1321" HPOS="1601"/>
							<String ID="string_196" HPOS="1635" VPOS="1325" WIDTH="197" HEIGHT="36" WC="0.89" CONTENT="verkstäld"/><SP WIDTH="25" VPOS="1325" HPOS="1832"/>
							<String ID="string_197" HPOS="1857" VPOS="1326" WIDTH="137" HEIGHT="36" WC="0.92" CONTENT="under-"/>
						</TextLine>
						<TextLine ID="line_22" HPOS="402" VPOS="1368" WIDTH="1593" HEIGHT="57">
							<String ID="string_198" HPOS="402" VPOS="1368" WIDTH="167" HEIGHT="50" WC="0.96" CONTENT="sökning"/><SP WIDTH="46" VPOS="1368" HPOS="569"/>
							<String ID="string_199" HPOS="615" VPOS="1371" WIDTH="202" HEIGHT="47" WC="0.96" CONTENT="angående"/><SP WIDTH="44" VPOS="1371" HPOS="817"/>
							<String ID="string_200" HPOS="861" VPOS="1372" WIDTH="133" HEIGHT="36" WC="0.96" CONTENT="värdet"/><SP WIDTH="42" VPOS="1372" HPOS="994"/>
							<String ID="string_201" HPOS="1036" VPOS="1372" WIDTH="122" HEIGHT="49" WC="0.93" CONTENT="enligt"/><SP WIDTH="38" VPOS="1372" HPOS="1158"/>
							<String ID="string_202" HPOS="1196" VPOS="1374" WIDTH="488" HEIGHT="51" WC="0.92" CONTENT="markegångssättningen"/><SP WIDTH="36" VPOS="1374" HPOS="1684"/>
							<String ID="string_203" HPOS="1720" VPOS="1380" WIDTH="88" HEIGHT="33" WC="0.93" CONTENT="åren"/><SP WIDTH="36" VPOS="1380" HPOS="1808"/>
							<String ID="string_204" HPOS="1844" VPOS="1379" WIDTH="151" HEIGHT="35" WC="0.92" CONTENT="1876—"/>
						</TextLine>
						<TextLine ID="line_23" HPOS="405" VPOS="1421" WIDTH="1590" HEIGHT="56">
							<String ID="string_205" HPOS="405" VPOS="1422" WIDTH="95" HEIGHT="35" WC="0.89" CONTENT="1885"/><SP WIDTH="31" VPOS="1422" HPOS="500"/>
							<String ID="string_206" HPOS="531" VPOS="1424" WIDTH="20" HEIGHT="32" WC="0.87" CONTENT="å"/><SP WIDTH="29" VPOS="1424" HPOS="551"/>
							<String ID="string_207" HPOS="580" VPOS="1421" WIDTH="141" HEIGHT="36" WC="0.91" CONTENT="soldat-"/><SP WIDTH="29" VPOS="1421" HPOS="721"/>
							<String ID="string_208" HPOS="750" VPOS="1423" WIDTH="70" HEIGHT="36" WC="0.92" CONTENT="och"/><SP WIDTH="31" VPOS="1423" HPOS="820"/>
							<String ID="string_209" HPOS="851" VPOS="1423" WIDTH="372" HEIGHT="39" WC="0.91" CONTENT="båtsmansrotarnes"/><SP WIDTH="30" VPOS="1423" HPOS="1223"/>
							<String ID="string_210" HPOS="1253" VPOS="1427" WIDTH="265" HEIGHT="49" WC="0.93" CONTENT="prestationer,"/><SP WIDTH="26" VPOS="1427" HPOS="1518"/>
							<String ID="string_211" HPOS="1544" VPOS="1428" WIDTH="185" HEIGHT="49" WC="0.91" CONTENT="jemfördt"/><SP WIDTH="29" VPOS="1428" HPOS="1729"/>
							<String ID="string_212" HPOS="1758" VPOS="1430" WIDTH="83" HEIGHT="36" WC="0.96" CONTENT="med"/><SP WIDTH="29" VPOS="1430" HPOS="1841"/>
							<String ID="string_213" HPOS="1870" VPOS="1429" WIDTH="46" HEIGHT="37" WC="0.96" CONTENT="de"/><SP WIDTH="21" VPOS="1429" HPOS="1916"/>
							<String ID="string_214" HPOS="1937" VPOS="1430" WIDTH="58" HEIGHT="36" WC="0.96" CONTENT="för"/>
						</TextLine>
						<TextLine ID="line_24" HPOS="401" VPOS="1477" WIDTH="1599" HEIGHT="53">
							<String ID="string_215" HPOS="401" VPOS="1485" WIDTH="145" HEIGHT="24" WC="0.95" CONTENT="samma"/><SP WIDTH="29" VPOS="1485" HPOS="546"/>
							<String ID="string_216" HPOS="575" VPOS="1480" WIDTH="250" HEIGHT="42" WC="0.95" CONTENT="regementen"/><SP WIDTH="32" VPOS="1480" HPOS="825"/>
							<String ID="string_217" HPOS="857" VPOS="1478" WIDTH="40" HEIGHT="33" WC="0.96" CONTENT="år"/><SP WIDTH="33" VPOS="1478" HPOS="897"/>
							<String ID="string_218" HPOS="930" VPOS="1478" WIDTH="95" HEIGHT="34" WC="0.84" CONTENT="1885"/><SP WIDTH="30" VPOS="1478" HPOS="1025"/>
							<String ID="string_219" HPOS="1055" VPOS="1477" WIDTH="200" HEIGHT="37" WC="0.91" CONTENT="faststälda"/><SP WIDTH="30" VPOS="1477" HPOS="1255"/>
							<String ID="string_220" HPOS="1285" VPOS="1478" WIDTH="538" HEIGHT="52" WC="0.45" CONTENT="medelafskrifningsvärden."/><SP WIDTH="52" VPOS="1478" HPOS="1823"/>
							<String ID="string_221" HPOS="1875" VPOS="1482" WIDTH="125" HEIGHT="36" WC="0.89" CONTENT="Häraf"/>
						</TextLine>
						<TextLine ID="line_25" HPOS="401" VPOS="1526" WIDTH="1593" HEIGHT="57">
							<String ID="string_222" HPOS="401" VPOS="1538" WIDTH="91" HEIGHT="23" WC="0.96" CONTENT="vore"/><SP WIDTH="44" VPOS="1538" HPOS="492"/>
							<String ID="string_223" HPOS="536" VPOS="1539" WIDTH="86" HEIGHT="22" WC="0.96" CONTENT="man"/><SP WIDTH="44" VPOS="1539" HPOS="622"/>
							<String ID="string_224" HPOS="666" VPOS="1529" WIDTH="80" HEIGHT="33" WC="0.96" CONTENT="åter"/><SP WIDTH="43" VPOS="1529" HPOS="746"/>
							<String ID="string_225" HPOS="789" VPOS="1526" WIDTH="215" HEIGHT="50" WC="0.96" CONTENT="berättigad"/><SP WIDTH="41" VPOS="1526" HPOS="1004"/>
							<String ID="string_226" HPOS="1045" VPOS="1528" WIDTH="57" HEIGHT="36" WC="0.96" CONTENT="till"/><SP WIDTH="42" VPOS="1528" HPOS="1102"/>
							<String ID="string_227" HPOS="1144" VPOS="1529" WIDTH="73" HEIGHT="36" WC="0.95" CONTENT="den"/><SP WIDTH="43" VPOS="1529" HPOS="1217"/>
							<String ID="string_228" HPOS="1260" VPOS="1531" WIDTH="219" HEIGHT="48" WC="0.95" CONTENT="slutsatsen,"/><SP WIDTH="44" VPOS="1531" HPOS="1479"/>
							<String ID="string_229" HPOS="1523" VPOS="1538" WIDTH="67" HEIGHT="42" WC="0.95" CONTENT="att,"/><SP WIDTH="39" VPOS="1538" HPOS="1590"/>
							<String ID="string_230" HPOS="1629" VPOS="1546" WIDTH="59" HEIGHT="23" WC="0.91" CONTENT="om"/><SP WIDTH="32" VPOS="1546" HPOS="1688"/>
							<String ID="string_231" HPOS="1720" VPOS="1533" WIDTH="274" HEIGHT="50" WC="0.91" CONTENT="markegångs-"/>
						</TextLine>
						<TextLine ID="line_26" HPOS="401" VPOS="1576" WIDTH="1593" HEIGHT="58">
							<String ID="string_232" HPOS="401" VPOS="1576" WIDTH="234" HEIGHT="49" WC="0.96" CONTENT="deputerade"/><SP WIDTH="30" VPOS="1576" HPOS="635"/>
							<String ID="string_233" HPOS="665" VPOS="1578" WIDTH="123" HEIGHT="37" WC="0.93" CONTENT="skulle"/><SP WIDTH="27" VPOS="1578" HPOS="788"/>
							<String ID="string_234" HPOS="815" VPOS="1592" WIDTH="72" HEIGHT="36" WC="0.93" CONTENT="ega"/><SP WIDTH="29" VPOS="1592" HPOS="887"/>
							<String ID="string_235" HPOS="916" VPOS="1585" WIDTH="55" HEIGHT="31" WC="0.96" CONTENT="att"/><SP WIDTH="30" VPOS="1585" HPOS="971"/>
							<String ID="string_236" HPOS="1001" VPOS="1581" WIDTH="206" HEIGHT="36" WC="0.96" CONTENT="verkställa"/><SP WIDTH="29" VPOS="1581" HPOS="1207"/>
							<String ID="string_237" HPOS="1236" VPOS="1595" WIDTH="47" HEIGHT="23" WC="0.96" CONTENT="en"/><SP WIDTH="28" VPOS="1595" HPOS="1283"/>
							<String ID="string_238" HPOS="1311" VPOS="1584" WIDTH="283" HEIGHT="48" WC="0.95" CONTENT="uppskattning"/><SP WIDTH="28" VPOS="1584" HPOS="1594"/>
							<String ID="string_239" HPOS="1622" VPOS="1585" WIDTH="97" HEIGHT="36" WC="0.95" CONTENT="efter"/><SP WIDTH="28" VPOS="1585" HPOS="1719"/>
							<String ID="string_240" HPOS="1747" VPOS="1585" WIDTH="137" HEIGHT="37" WC="0.92" CONTENT="hittills"/><SP WIDTH="29" VPOS="1585" HPOS="1884"/>
							<String ID="string_241" HPOS="1913" VPOS="1586" WIDTH="81" HEIGHT="48" WC="0.92" CONTENT="gäl-"/>
						</TextLine>
						<TextLine ID="line_27" HPOS="401" VPOS="1628" WIDTH="1593" HEIGHT="57">
							<String ID="string_242" HPOS="401" VPOS="1628" WIDTH="112" HEIGHT="37" WC="0.96" CONTENT="lande"/><SP WIDTH="41" VPOS="1628" HPOS="513"/>
							<String ID="string_243" HPOS="554" VPOS="1630" WIDTH="182" HEIGHT="48" WC="0.96" CONTENT="grunder,"/><SP WIDTH="43" VPOS="1630" HPOS="736"/>
							<String ID="string_244" HPOS="779" VPOS="1631" WIDTH="47" HEIGHT="36" WC="0.95" CONTENT="de"/><SP WIDTH="41" VPOS="1631" HPOS="826"/>
							<String ID="string_245" HPOS="867" VPOS="1645" WIDTH="140" HEIGHT="35" WC="0.96" CONTENT="genom"/><SP WIDTH="43" VPOS="1645" HPOS="1007"/>
							<String ID="string_246" HPOS="1050" VPOS="1633" WIDTH="127" HEIGHT="37" WC="0.93" CONTENT="denna"/><SP WIDTH="29" VPOS="1633" HPOS="1177"/>
							<String ID="string_247" HPOS="1206" VPOS="1635" WIDTH="281" HEIGHT="50" WC="0.96" CONTENT="uppskattning"/><SP WIDTH="33" VPOS="1635" HPOS="1487"/>
							<String ID="string_248" HPOS="1520" VPOS="1636" WIDTH="118" HEIGHT="37" WC="0.96" CONTENT="funna"/><SP WIDTH="35" VPOS="1636" HPOS="1638"/>
							<String ID="string_249" HPOS="1673" VPOS="1637" WIDTH="271" HEIGHT="37" WC="0.92" CONTENT="medelvärden"/><SP WIDTH="30" VPOS="1637" HPOS="1944"/>
							<String ID="string_250" HPOS="1974" VPOS="1641" WIDTH="20" HEIGHT="33" WC="0.91" CONTENT="å"/>
						</TextLine>
						<TextLine ID="line_28" HPOS="400" VPOS="1682" WIDTH="1593" HEIGHT="49">
							<String ID="string_251" HPOS="400" VPOS="1682" WIDTH="444" HEIGHT="49" WC="0.91" CONTENT="naturaprestationerna"/><SP WIDTH="35" VPOS="1682" HPOS="844"/>
							<String ID="string_252" HPOS="879" VPOS="1684" WIDTH="11" HEIGHT="35" WC="0.94" CONTENT="1"/><SP WIDTH="35" VPOS="1684" HPOS="890"/>
							<String ID="string_253" HPOS="925" VPOS="1685" WIDTH="45" HEIGHT="36" WC="0.94" CONTENT="de"/><SP WIDTH="30" VPOS="1685" HPOS="970"/>
							<String ID="string_254" HPOS="1000" VPOS="1685" WIDTH="108" HEIGHT="37" WC="0.96" CONTENT="flesta"/><SP WIDTH="29" VPOS="1685" HPOS="1108"/>
							<String ID="string_255" HPOS="1137" VPOS="1686" WIDTH="64" HEIGHT="36" WC="0.94" CONTENT="fall"/><SP WIDTH="28" VPOS="1686" HPOS="1201"/>
							<String ID="string_256" HPOS="1229" VPOS="1687" WIDTH="84" HEIGHT="36" WC="0.96" CONTENT="icke"/><SP WIDTH="29" VPOS="1687" HPOS="1313"/>
							<String ID="string_257" HPOS="1342" VPOS="1688" WIDTH="124" HEIGHT="36" WC="0.95" CONTENT="skulle"/><SP WIDTH="30" VPOS="1688" HPOS="1466"/>
							<String ID="string_258" HPOS="1496" VPOS="1689" WIDTH="153" HEIGHT="36" WC="0.96" CONTENT="komma"/><SP WIDTH="28" VPOS="1689" HPOS="1649"/>
							<String ID="string_259" HPOS="1677" VPOS="1695" WIDTH="55" HEIGHT="31" WC="0.96" CONTENT="att"/><SP WIDTH="29" VPOS="1695" HPOS="1732"/>
							<String ID="string_260" HPOS="1761" VPOS="1690" WIDTH="232" HEIGHT="37" WC="0.95" CONTENT="åtminstone"/>
						</TextLine>
						<TextLine ID="line_29" HPOS="400" VPOS="1733" WIDTH="1594" HEIGHT="57">
							<String ID="string_261" HPOS="400" VPOS="1733" WIDTH="58" HEIGHT="35" WC="0.95" CONTENT="för"/><SP WIDTH="29" VPOS="1733" HPOS="458"/>
							<String ID="string_262" HPOS="487" VPOS="1733" WIDTH="46" HEIGHT="37" WC="0.95" CONTENT="de"/><SP WIDTH="30" VPOS="1733" HPOS="533"/>
							<String ID="string_263" HPOS="563" VPOS="1739" WIDTH="191" HEIGHT="32" WC="0.96" CONTENT="närmaste"/><SP WIDTH="34" VPOS="1739" HPOS="754"/>
							<String ID="string_264" HPOS="788" VPOS="1736" WIDTH="222" HEIGHT="37" WC="0.93" CONTENT="årtiondena"/><SP WIDTH="31" VPOS="1736" HPOS="1010"/>
							<String ID="string_265" HPOS="1041" VPOS="1737" WIDTH="209" HEIGHT="50" WC="0.91" CONTENT="öfverstiga"/><SP WIDTH="35" VPOS="1737" HPOS="1250"/>
							<String ID="string_266" HPOS="1285" VPOS="1739" WIDTH="45" HEIGHT="36" WC="0.96" CONTENT="de"/><SP WIDTH="29" VPOS="1739" HPOS="1330"/>
							<String ID="string_267" HPOS="1359" VPOS="1740" WIDTH="12" HEIGHT="35" WC="0.96" CONTENT="i"/><SP WIDTH="32" VPOS="1740" HPOS="1371"/>
							<String ID="string_268" HPOS="1403" VPOS="1742" WIDTH="96" HEIGHT="35" WC="0.96" CONTENT="1885"/><SP WIDTH="32" VPOS="1742" HPOS="1499"/>
							<String ID="string_269" HPOS="1531" VPOS="1744" WIDTH="59" HEIGHT="33" WC="0.96" CONTENT="års"/><SP WIDTH="29" VPOS="1744" HPOS="1590"/>
							<String ID="string_270" HPOS="1619" VPOS="1741" WIDTH="64" HEIGHT="49" WC="0.93" CONTENT="lag"/><SP WIDTH="28" VPOS="1741" HPOS="1683"/>
							<String ID="string_271" HPOS="1711" VPOS="1742" WIDTH="200" HEIGHT="37" WC="0.91" CONTENT="faststälda"/><SP WIDTH="29" VPOS="1742" HPOS="1911"/>
							<String ID="string_272" HPOS="1940" VPOS="1742" WIDTH="54" HEIGHT="37" WC="0.91" CONTENT="af-"/>
						</TextLine>
						<TextLine ID="line_30" HPOS="401" VPOS="1785" WIDTH="1592" HEIGHT="53">
							<String ID="string_273" HPOS="401" VPOS="1785" WIDTH="358" HEIGHT="49" WC="0.92" CONTENT="skrifningsvärden"/><SP WIDTH="44" VPOS="1785" HPOS="759"/>
							<String ID="string_274" HPOS="803" VPOS="1788" WIDTH="68" HEIGHT="36" WC="0.95" CONTENT="och"/><SP WIDTH="40" VPOS="1788" HPOS="871"/>
							<String ID="string_275" HPOS="911" VPOS="1789" WIDTH="86" HEIGHT="36" WC="0.95" CONTENT="hela"/><SP WIDTH="34" VPOS="1789" HPOS="997"/>
							<String ID="string_276" HPOS="1031" VPOS="1790" WIDTH="246" HEIGHT="48" WC="0.96" CONTENT="operationen"/><SP WIDTH="30" VPOS="1790" HPOS="1277"/>
							<String ID="string_277" HPOS="1307" VPOS="1792" WIDTH="158" HEIGHT="37" WC="0.96" CONTENT="sålunda"/><SP WIDTH="29" VPOS="1792" HPOS="1465"/>
							<String ID="string_278" HPOS="1494" VPOS="1793" WIDTH="118" HEIGHT="36" WC="0.96" CONTENT="blifva"/><SP WIDTH="28" VPOS="1793" HPOS="1612"/>
							<String ID="string_279" HPOS="1640" VPOS="1800" WIDTH="92" HEIGHT="31" WC="0.96" CONTENT="utan"/><SP WIDTH="30" VPOS="1800" HPOS="1732"/>
							<String ID="string_280" HPOS="1762" VPOS="1795" WIDTH="145" HEIGHT="36" WC="0.96" CONTENT="verkan"/><SP WIDTH="28" VPOS="1795" HPOS="1907"/>
							<String ID="string_281" HPOS="1935" VPOS="1795" WIDTH="58" HEIGHT="36" WC="0.96" CONTENT="till"/>
						</TextLine>
						<TextLine ID="line_31" HPOS="401" VPOS="1837" WIDTH="685" HEIGHT="53">
							<String ID="string_282" HPOS="401" VPOS="1837" WIDTH="280" HEIGHT="38" WC="0.91" CONTENT="kostnadernas"/><SP WIDTH="31" VPOS="1837" HPOS="681"/>
							<String ID="string_283" HPOS="712" VPOS="1839" WIDTH="173" HEIGHT="49" WC="0.95" CONTENT="åsyftade"/><SP WIDTH="28" VPOS="1839" HPOS="885"/>
							<String ID="string_284" HPOS="913" VPOS="1841" WIDTH="173" HEIGHT="49" WC="0.95" CONTENT="fixering."/>
						</TextLine>
					</TextBlock>
					<TextBlock ID="block_4" HPOS="399" VPOS="1890" WIDTH="1594" HEIGHT="258">
						<TextLine ID="line_32" HPOS="529" VPOS="1890" WIDTH="1463" HEIGHT="56">
							<String ID="string_285" HPOS="529" VPOS="1890" WIDTH="54" HEIGHT="36" WC="0.95" CONTENT="De"/><SP WIDTH="41" VPOS="1890" HPOS="583"/>
							<String ID="string_286" HPOS="624" VPOS="1891" WIDTH="181" HEIGHT="48" WC="0.96" CONTENT="grunder,"/><SP WIDTH="43" VPOS="1891" HPOS="805"/>
							<String ID="string_287" HPOS="848" VPOS="1892" WIDTH="121" HEIGHT="49" WC="0.95" CONTENT="enligt"/><SP WIDTH="41" VPOS="1892" HPOS="969"/>
							<String ID="string_288" HPOS="1010" VPOS="1894" WIDTH="132" HEIGHT="37" WC="0.92" CONTENT="hvilka"/><SP WIDTH="42" VPOS="1894" HPOS="1142"/>
							<String ID="string_289" HPOS="1184" VPOS="1895" WIDTH="485" HEIGHT="51" WC="0.90" CONTENT="markegångssättningen"/><SP WIDTH="35" VPOS="1895" HPOS="1669"/>
							<String ID="string_290" HPOS="1704" VPOS="1901" WIDTH="20" HEIGHT="34" WC="0.90" CONTENT="å"/><SP WIDTH="29" VPOS="1901" HPOS="1724"/>
							<String ID="string_291" HPOS="1753" VPOS="1899" WIDTH="141" HEIGHT="37" WC="0.91" CONTENT="soldat-"/><SP WIDTH="29" VPOS="1899" HPOS="1894"/>
							<String ID="string_292" HPOS="1923" VPOS="1899" WIDTH="69" HEIGHT="37" WC="0.96" CONTENT="och"/>
						</TextLine>
						<TextLine ID="line_33" HPOS="400" VPOS="1941" WIDTH="1593" HEIGHT="57">
							<String ID="string_293" HPOS="400" VPOS="1941" WIDTH="323" HEIGHT="38" WC="0.90" CONTENT="båtsmansrotars"/><SP WIDTH="43" VPOS="1941" HPOS="723"/>
							<String ID="string_294" HPOS="766" VPOS="1946" WIDTH="254" HEIGHT="46" WC="0.95" CONTENT="prestationer"/><SP WIDTH="40" VPOS="1946" HPOS="1020"/>
							<String ID="string_295" HPOS="1060" VPOS="1946" WIDTH="59" HEIGHT="36" WC="0.96" CONTENT="för"/><SP WIDTH="41" VPOS="1946" HPOS="1119"/>
							<String ID="string_296" HPOS="1160" VPOS="1949" WIDTH="237" HEIGHT="35" WC="0.95" CONTENT="närvarande"/><SP WIDTH="42" VPOS="1949" HPOS="1397"/>
							<String ID="string_297" HPOS="1439" VPOS="1949" WIDTH="68" HEIGHT="36" WC="0.96" CONTENT="bör"/><SP WIDTH="33" VPOS="1949" HPOS="1507"/>
							<String ID="string_298" HPOS="1540" VPOS="1950" WIDTH="241" HEIGHT="48" WC="0.96" CONTENT="verkställas,"/><SP WIDTH="35" VPOS="1950" HPOS="1781"/>
							<String ID="string_299" HPOS="1816" VPOS="1956" WIDTH="63" HEIGHT="31" WC="0.93" CONTENT="äro"/><SP WIDTH="30" VPOS="1956" HPOS="1879"/>
							<String ID="string_300" HPOS="1909" VPOS="1957" WIDTH="84" HEIGHT="31" WC="0.93" CONTENT="när-"/>
						</TextLine>
						<TextLine ID="line_34" HPOS="402" VPOS="1995" WIDTH="1590" HEIGHT="53">
							<String ID="string_301" HPOS="402" VPOS="2007" WIDTH="102" HEIGHT="23" WC="0.93" CONTENT="mare"/><SP WIDTH="44" VPOS="2007" HPOS="504"/>
							<String ID="string_302" HPOS="548" VPOS="1995" WIDTH="158" HEIGHT="48" WC="0.60" CONTENT="angifna"/><SP WIDTH="42" VPOS="1995" HPOS="706"/>
							<String ID="string_303" HPOS="748" VPOS="1996" WIDTH="12" HEIGHT="35" WC="0.73" CONTENT="i"/><SP WIDTH="38" VPOS="1996" HPOS="760"/>
							<String ID="string_304" HPOS="798" VPOS="1997" WIDTH="331" HEIGHT="50" WC="0.88" CONTENT="kammarkollegii"/><SP WIDTH="44" VPOS="1997" HPOS="1129"/>
							<String ID="string_305" HPOS="1173" VPOS="1999" WIDTH="233" HEIGHT="49" WC="0.96" CONTENT="kungörelse"/><SP WIDTH="43" VPOS="1999" HPOS="1406"/>
							<String ID="string_306" HPOS="1449" VPOS="2002" WIDTH="41" HEIGHT="36" WC="0.96" CONTENT="af"/><SP WIDTH="38" VPOS="2002" HPOS="1490"/>
							<String ID="string_307" HPOS="1528" VPOS="2002" WIDTH="73" HEIGHT="36" WC="0.96" CONTENT="den"/><SP WIDTH="40" VPOS="2002" HPOS="1601"/>
							<String ID="string_308" HPOS="1641" VPOS="2005" WIDTH="19" HEIGHT="34" WC="0.96" CONTENT="9"/><SP WIDTH="32" VPOS="2005" HPOS="1660"/>
							<String ID="string_309" HPOS="1692" VPOS="2003" WIDTH="160" HEIGHT="37" WC="0.96" CONTENT="oktober"/><SP WIDTH="32" VPOS="2003" HPOS="1852"/>
							<String ID="string_310" HPOS="1884" VPOS="2006" WIDTH="108" HEIGHT="35" WC="0.96" CONTENT="1835."/>
						</TextLine>
						<TextLine ID="line_35" HPOS="399" VPOS="2046" WIDTH="1593" HEIGHT="58">
							<String ID="string_311" HPOS="399" VPOS="2046" WIDTH="121" HEIGHT="36" WC="0.90" CONTENT="Deraf"/><SP WIDTH="32" VPOS="2046" HPOS="520"/>
							<String ID="string_312" HPOS="552" VPOS="2047" WIDTH="176" HEIGHT="49" WC="0.95" CONTENT="framgår,"/><SP WIDTH="44" VPOS="2047" HPOS="728"/>
							<String ID="string_313" HPOS="772" VPOS="2054" WIDTH="56" HEIGHT="31" WC="0.93" CONTENT="att"/><SP WIDTH="43" VPOS="2054" HPOS="828"/>
							<String ID="string_314" HPOS="871" VPOS="2050" WIDTH="491" HEIGHT="50" WC="0.90" CONTENT="markegångsdeputerade"/><SP WIDTH="43" VPOS="2050" HPOS="1362"/>
							<String ID="string_315" HPOS="1405" VPOS="2054" WIDTH="108" HEIGHT="36" WC="0.96" CONTENT="skola"/><SP WIDTH="37" VPOS="2054" HPOS="1513"/>
							<String ID="string_316" HPOS="1550" VPOS="2054" WIDTH="177" HEIGHT="50" WC="0.96" CONTENT="specifikt"/><SP WIDTH="40" VPOS="2054" HPOS="1727"/>
							<String ID="string_317" HPOS="1767" VPOS="2056" WIDTH="126" HEIGHT="36" WC="0.96" CONTENT="utföra"/><SP WIDTH="38" VPOS="2056" HPOS="1893"/>
							<String ID="string_318" HPOS="1931" VPOS="2056" WIDTH="61" HEIGHT="37" WC="0.95" CONTENT="hel"/>
						</TextLine>
						<TextLine ID="line_36" HPOS="399" VPOS="2101" WIDTH="809" HEIGHT="47">
							<String ID="string_319" HPOS="399" VPOS="2103" WIDTH="102" HEIGHT="31" WC="0.92" CONTENT="rotes"/><SP WIDTH="28" VPOS="2103" HPOS="501"/>
							<String ID="string_320" HPOS="529" VPOS="2112" WIDTH="287" HEIGHT="36" WC="0.93" CONTENT="gemensamma"/><SP WIDTH="26" VPOS="2112" HPOS="816"/>
							<String ID="string_321" HPOS="842" VPOS="2101" WIDTH="163" HEIGHT="37" WC="0.96" CONTENT="kostnad"/><SP WIDTH="29" VPOS="2101" HPOS="1005"/>
							<String ID="string_322" HPOS="1034" VPOS="2103" WIDTH="174" HEIGHT="37" WC="0.96" CONTENT="sålunda:"/>
						</TextLine>
					</TextBlock>
					<TextBlock ID="block_5" HPOS="400" VPOS="2153" WIDTH="1590" HEIGHT="107">
						<TextLine ID="line_37" HPOS="530" VPOS="2153" WIDTH="1460" HEIGHT="55">
							<String ID="string_323" HPOS="530" VPOS="2153" WIDTH="208" HEIGHT="47" WC="0.53" CONTENT="aftöningen"/><SP WIDTH="30" VPOS="2153" HPOS="738"/>
							<String ID="string_324" HPOS="768" VPOS="2153" WIDTH="122" HEIGHT="48" WC="0.95" CONTENT="enligt"/><SP WIDTH="24" VPOS="2153" HPOS="890"/>
							<String ID="string_325" HPOS="914" VPOS="2153" WIDTH="210" HEIGHT="38" WC="0.96" CONTENT="innehållet"/><SP WIDTH="29" VPOS="2153" HPOS="1124"/>
							<String ID="string_326" HPOS="1153" VPOS="2156" WIDTH="42" HEIGHT="35" WC="0.96" CONTENT="af"/><SP WIDTH="25" VPOS="2156" HPOS="1195"/>
							<String ID="string_327" HPOS="1220" VPOS="2156" WIDTH="63" HEIGHT="36" WC="0.96" CONTENT="det"/><SP WIDTH="28" VPOS="2156" HPOS="1283"/>
							<String ID="string_328" HPOS="1311" VPOS="2157" WIDTH="58" HEIGHT="35" WC="0.96" CONTENT="för"/><SP WIDTH="29" VPOS="2157" HPOS="1369"/>
							<String ID="string_329" HPOS="1398" VPOS="2162" WIDTH="106" HEIGHT="31" WC="0.96" CONTENT="orten"/><SP WIDTH="31" VPOS="2162" HPOS="1504"/>
							<String ID="string_330" HPOS="1535" VPOS="2159" WIDTH="242" HEIGHT="48" WC="0.96" CONTENT="upprättade,"/><SP WIDTH="24" VPOS="2159" HPOS="1777"/>
							<String ID="string_331" HPOS="1801" VPOS="2160" WIDTH="38" HEIGHT="35" WC="0.96" CONTENT="af"/><SP WIDTH="11" VPOS="2160" HPOS="1839"/>
							<String ID="string_332" HPOS="1850" VPOS="2160" WIDTH="140" HEIGHT="48" WC="0.95" CONTENT="Kongl."/>
						</TextLine>
						<TextLine ID="line_38" HPOS="400" VPOS="2201" WIDTH="1536" HEIGHT="59">
							<String ID="string_333" HPOS="400" VPOS="2201" WIDTH="106" HEIGHT="50" WC="0.93" CONTENT="Maj:t"/><SP WIDTH="25" VPOS="2201" HPOS="506"/>
							<String ID="string_334" HPOS="531" VPOS="2203" WIDTH="202" HEIGHT="37" WC="0.91" CONTENT="faststälda"/><SP WIDTH="30" VPOS="2203" HPOS="733"/>
							<String ID="string_335" HPOS="763" VPOS="2205" WIDTH="189" HEIGHT="37" WC="0.95" CONTENT="allmänna"/><SP WIDTH="31" VPOS="2205" HPOS="952"/>
							<String ID="string_336" HPOS="983" VPOS="2207" WIDTH="183" HEIGHT="37" WC="0.96" CONTENT="kontrakt"/><SP WIDTH="30" VPOS="2207" HPOS="1166"/>
							<String ID="string_337" HPOS="1196" VPOS="2213" WIDTH="98" HEIGHT="32" WC="0.96" CONTENT="samt"/><SP WIDTH="29" VPOS="2213" HPOS="1294"/>
							<String ID="string_338" HPOS="1323" VPOS="2209" WIDTH="123" HEIGHT="50" WC="0.96" CONTENT="öfriga"/><SP WIDTH="28" VPOS="2209" HPOS="1446"/>
							<String ID="string_339" HPOS="1474" VPOS="2210" WIDTH="180" HEIGHT="49" WC="0.96" CONTENT="gällande"/><SP WIDTH="30" VPOS="2210" HPOS="1654"/>
							<String ID="string_340" HPOS="1684" VPOS="2211" WIDTH="252" HEIGHT="49" WC="0.96" CONTENT="stadganden,"/>
						</TextLine>
					</TextBlock>
					<TextBlock ID="block_6" HPOS="400" VPOS="2255" WIDTH="1593" HEIGHT="103">
						<TextLine ID="line_39" HPOS="529" VPOS="2255" WIDTH="1464" HEIGHT="57">
							<String ID="string_341" HPOS="529" VPOS="2256" WIDTH="104" HEIGHT="48" WC="0.91" CONTENT="legan"/><SP WIDTH="32" VPOS="2256" HPOS="633"/>
							<String ID="string_342" HPOS="665" VPOS="2255" WIDTH="59" HEIGHT="37" WC="0.96" CONTENT="till"/><SP WIDTH="32" VPOS="2255" HPOS="724"/>
							<String ID="string_343" HPOS="756" VPOS="2270" WIDTH="47" HEIGHT="23" WC="0.93" CONTENT="en"/><SP WIDTH="29" VPOS="2270" HPOS="803"/>
							<String ID="string_344" HPOS="832" VPOS="2257" WIDTH="249" HEIGHT="50" WC="0.91" CONTENT="tjugondedel"/><SP WIDTH="29" VPOS="2257" HPOS="1081"/>
							<String ID="string_345" HPOS="1110" VPOS="2259" WIDTH="42" HEIGHT="37" WC="0.96" CONTENT="af"/><SP WIDTH="23" VPOS="2259" HPOS="1152"/>
							<String ID="string_346" HPOS="1175" VPOS="2260" WIDTH="73" HEIGHT="37" WC="0.96" CONTENT="den"/><SP WIDTH="30" VPOS="2260" HPOS="1248"/>
							<String ID="string_347" HPOS="1278" VPOS="2260" WIDTH="11" HEIGHT="36" WC="0.96" CONTENT="i"/><SP WIDTH="30" VPOS="2260" HPOS="1289"/>
							<String ID="string_348" HPOS="1319" VPOS="2266" WIDTH="107" HEIGHT="32" WC="0.96" CONTENT="orten"/><SP WIDTH="32" VPOS="2266" HPOS="1426"/>
							<String ID="string_349" HPOS="1458" VPOS="2261" WIDTH="154" HEIGHT="50" WC="0.96" CONTENT="vanliga"/><SP WIDTH="29" VPOS="2261" HPOS="1612"/>
							<String ID="string_350" HPOS="1641" VPOS="2263" WIDTH="117" HEIGHT="49" WC="0.96" CONTENT="utgift"/><SP WIDTH="29" VPOS="2263" HPOS="1758"/>
							<String ID="string_351" HPOS="1787" VPOS="2263" WIDTH="58" HEIGHT="37" WC="0.93" CONTENT="till"/><SP WIDTH="30" VPOS="2263" HPOS="1845"/>
							<String ID="string_352" HPOS="1875" VPOS="2264" WIDTH="118" HEIGHT="37" WC="0.92" CONTENT="knek-"/>
						</TextLine>
						<TextLine ID="line_40" HPOS="400" VPOS="2308" WIDTH="640" HEIGHT="50">
							<String ID="string_353" HPOS="400" VPOS="2311" WIDTH="86" HEIGHT="31" WC="0.93" CONTENT="tens"/><SP WIDTH="32" VPOS="2311" HPOS="486"/>
							<String ID="string_354" HPOS="518" VPOS="2308" WIDTH="220" HEIGHT="36" WC="0.91" CONTENT="städslande"/><SP WIDTH="30" VPOS="2308" HPOS="738"/>
							<String ID="string_355" HPOS="768" VPOS="2310" WIDTH="69" HEIGHT="35" WC="0.90" CONTENT="och"/><SP WIDTH="30" VPOS="2310" HPOS="837"/>
							<String ID="string_356" HPOS="867" VPOS="2311" WIDTH="173" HEIGHT="47" WC="0.90" CONTENT="legande,"/>
						</TextLine>
					</TextBlock>
				</ComposedBlock>
			</PrintSpace>
		</Page>
	</Layout>
</alto>
