1892 2856
93 716 62 36 Lag
174 720 74 25 1928.

76 1632 63 35 Lag
158 1634 74 26 1929.

288 146 18 30 6
710 154 114 30 Första
846 157 224 34 lagutskottets
1091 162 163 30 utlåtande
1276 165 48 28 Nr
1350 170 27 26 3.

293 232 83 33 skilt
399 234 254 39 dispensärende
676 240 123 38 avgiva
820 244 191 39 yttranden,
1034 246 73 33 icke
1129 252 51 28 att
1201 250 176 34 underlåta
1399 257 52 29 att
1474 254 117 34 därvid
1615 253 181 47 framhålla

293 275 125 33 sådana
447 279 291 41 omständigheter,
767 295 67 21 som
862 285 114 34 kunna
1003 288 166 34 innefatta
1198 292 179 40 anledning
1405 295 54 32 till
1487 297 239 36 fastställande
1754 314 43 20 av

291 317 158 37 speciella
465 319 132 35 villkor.
635 322 68 33 Vid
721 325 119 34 sådant
857 327 211 35 förhållande
1086 336 113 33 syntes
1218 334 55 33 det
1290 336 127 33 mindre
1434 338 159 40 lämpligt
1609 345 50 29 att
1678 354 117 27 genom

290 371 38 19 en
355 360 144 39 ändring
523 363 11 30 i
559 363 60 33 den
645 367 229 36 provisoriska
899 371 186 39 gruvlagen
1111 374 102 38 bryta
1239 377 60 32 den
1326 378 243 42 likformighet,
1598 395 68 21 som
1695 386 99 32 rådde

289 401 123 33 mellan
435 403 106 34 denna
562 405 57 39 lag
642 408 59 31 och
725 409 60 32 den
807 423 81 25 nyss
912 414 145 33 nämnda
1079 416 96 38 lagen
1200 418 60 33 den
1284 422 40 31 30
1348 422 67 38 maj
1440 425 99 38 1916;
1563 426 103 38 något
1690 427 105 34 behov

289 455 41 20 av
348 445 144 39 ändring
509 447 11 31 i
538 447 59 33 den
616 462 114 21 senare
748 451 97 39 lagen
863 454 87 33 hade
965 457 183 38 veterligen
1166 460 30 37 ej
1216 465 134 35 yppats.

331 510 68 34 Det
420 525 42 20 av
484 514 126 39 Kungl.
633 516 103 39 Maj:t
762 518 111 41 (prop.
896 534 40 19 nr
959 522 58 40 66)
1045 524 191 40 framlagda
1259 528 224 42 lagförslaget
1506 545 50 20 om
1580 535 115 39 lagens
1718 549 73 27 pro-

288 561 178 42 longering
482 565 53 32 till
552 566 59 33 den
631 569 16 30 1
665 569 133 37 januari
817 573 84 32 1929
919 573 205 40 tillstyrktes
1143 590 42 20 av
1203 579 108 33 första
1328 581 223 38 lagutskottet
1574 584 78 40 (utl.
1672 600 40 20 nr
1730 587 58 40 32)

286 613 60 31 och
365 614 192 37 godkändes
577 630 41 20 av
637 619 190 40 riksdagen.

328 714 19 31 I
367 717 207 37 proposition
601 717 58 40 (nr
679 718 36 41 4)
742 721 53 32 till
819 724 84 33 1928
926 725 54 33 års
1004 726 137 40 riksdag
1163 730 74 32 med
1259 731 130 40 förslag
1411 734 54 32 till
1487 736 238 41 prolongering
1747 752 42 20 av

285 766 85 32 1926
391 766 55 33 års
467 767 57 38 lag
544 769 52 31 till
619 770 62 32 den
703 773 16 30 1
741 772 134 38 januari
896 775 85 33 1930
1003 777 99 33 fanns
1123 779 130 39 intaget
1274 786 48 28 ett
1343 785 156 36 yttrande
1522 799 40 20 av
1584 787 204 39 bergmästa-

284 826 56 21 ren
359 815 169 41 Asplund,
547 819 234 36 innehållande
798 823 101 34 bland
918 831 103 28 annat
1039 832 47 28 ett
1105 829 198 41 lagförslag,
1325 845 67 21 som
1413 839 129 36 upptog
1563 838 38 32 de
1622 839 167 33 särskilda

281 865 126 34 villkor
430 880 68 20 som
522 869 106 34 skulle
651 873 92 37 gälla
765 874 57 32 vid
843 876 217 35 meddelande
1081 892 42 19 av
1146 881 134 39 dispens
1305 884 76 32 från
1406 881 380 53 inmutningsförbudet;

282 916 60 32 och
364 918 208 35 meddelades
594 922 12 31 i
628 924 248 37 propositionen
898 931 52 28 att
971 928 237 39 länsstyrelsen
1231 933 11 31 i
1265 933 221 36 Norrbottens
1510 938 54 32 län
1588 944 87 28 samt
1697 940 89 33 kom-

281 967 271 40 merskollegium
574 972 143 34 anslutit
739 975 51 38 sig
811 976 54 32 till
888 978 91 33 detta
1002 980 139 39 förslag.
1184 982 373 40 Departementschefen
1582 990 139 34 anförde
1743 1011 44 3 —

280 1018 87 32 efter
382 1020 133 33 erinran
531 1025 50 29 att
597 1024 100 32 sedan
715 1026 429 40 socialiseringsnämndens
1162 1033 172 35 utlåtande
1352 1038 148 37 avgivits
1517 1039 12 31 i
1546 1042 136 36 augusti
1701 1043 83 31 1927

280 1068 91 33 detta
400 1071 202 35 remitterats
630 1074 54 32 till
711 1076 176 40 åtskilliga
915 1080 235 39 myndigheter
1178 1084 59 32 och
1266 1088 340 40 sammanslutningar
1636 1091 54 32 för
1718 1096 66 34 ytt-

279 1119 102 33 rande
403 1126 87 28 samt
512 1126 49 29 att
584 1124 55 33 det
660 1126 95 33 såväl
776 1129 73 31 med
871 1129 130 39 hänsyn
1024 1132 116 32 härtill
1164 1146 68 20 som
1255 1137 44 37 på
1322 1138 109 37 grund
1454 1151 42 20 av
1519 1140 92 33 detta
1633 1142 151 38 lagstift-

278 1169 237 39 ningsärendes
537 1174 189 40 vidlyftiga
747 1177 238 37 beskaffenhet
1006 1193 76 22 vore
1103 1185 160 33 uteslutet
1285 1191 51 29 att
1357 1188 131 40 förslag
1508 1191 12 31 i
1542 1196 110 28 ämnet
1673 1192 110 34 kunde

275 1220 191 40 föreläggas
489 1225 82 31 1928
591 1226 52 33 års
663 1227 137 40 riksdag
815 1249 45 3 —
879 1235 51 29 att
952 1232 55 32 det
1025 1233 166 40 knappast
1211 1238 148 37 påvisats
1381 1243 50 29 att
1451 1240 60 33 den
1531 1242 154 38 gällande
1707 1245 70 31 ord-

276 1271 123 38 ningen
423 1274 144 33 medfört
589 1276 109 38 någon
722 1278 187 38 betydande
935 1282 184 40 olägenhet,
1146 1297 68 20 som
1240 1287 107 34 skulle
1371 1290 204 39 undanröjas
1601 1305 116 26 genom
1743 1307 38 20 en

275 1321 58 39 lag
349 1334 43 20 av
409 1323 55 33 det
479 1324 206 39 ifrågasatta
702 1328 190 41 innehållet,
911 1337 87 28 samt
1015 1337 51 29 att
1083 1335 72 31 däri
1174 1336 72 32 icke
1266 1337 109 33 skulle
1392 1339 132 34 komma
1543 1346 51 28 att
1610 1348 170 34 upptagas

272 1372 109 38 någon
403 1373 239 42 bestämmelse,
664 1378 113 33 vilken
798 1380 72 33 icke
892 1382 72 33 lika
985 1383 82 33 fullt
1088 1384 109 34 kunde
1219 1387 101 34 vinna
1342 1389 186 35 beaktande
1549 1392 57 33 vid
1630 1394 147 39 dispens-

271 1424 219 38 prövningen.

314 1472 254 40 Propositionen
594 1478 203 39 tillstyrktes
822 1494 42 20 av
889 1483 109 33 första
1022 1484 223 39 lagutskottet
1273 1487 78 41 (utl.
1376 1503 40 20 nr
1440 1490 37 40 4)
1506 1493 60 32 och
1591 1498 119 36 antogs
1735 1508 43 21 av

273 1523 192 40 riksdagen.

313 1624 69 33 Vid
411 1627 84 33 1929
522 1628 52 33 års
602 1629 138 40 riksdag
768 1632 182 35 framlades
977 1637 205 37 proposition
1214 1638 57 40 (nr
1298 1640 80 40 114)
1410 1655 50 20 om
1489 1644 218 40 förlängning
1733 1659 42 21 av

270 1676 84 33 1926
376 1677 55 32 års
453 1678 57 38 lag
530 1678 52 33 till
604 1680 60 32 den
687 1684 16 30 1
724 1682 134 37 januari
880 1686 96 31 1933.
1020 1686 18 31 I
1059 1688 136 38 avgivet
1216 1692 158 35 yttrande
1395 1693 11 31 i
1428 1693 123 39 frågan
1573 1695 84 34 hade
1682 1698 91 39 berg-

267 1729 167 31 mästaren
456 1728 157 39 Asplund
634 1732 116 33 anfört
769 1733 101 34 bland
891 1740 118 28 annat:

309 1783 96 34 Inom
422 1785 219 36 Norrbottens
658 1790 59 32 och
733 1791 193 35 Jämtlands
943 1795 55 31 län
1014 1795 83 34 hade
1112 1798 504 40 malmletningsverksamheten
1634 1805 139 33 särskilt

265 1827 19 30 å
297 1826 182 39 kronojord
495 1830 98 32 redan
610 1831 72 33 före
698 1835 84 32 1926
797 1836 90 31 varit
904 1837 36 31 så
956 1837 182 40 obetydlig,
1155 1844 51 28 att
1221 1841 368 40 inmutningsförbudet
1606 1847 54 32 för
1676 1848 96 32 dessa

264 1869 73 32 läns
353 1869 254 36 vidkommande
623 1874 73 33 icke
713 1875 108 34 kunde
838 1890 95 21 anses
950 1879 43 32 ha
1010 1881 89 31 varit
1114 1882 45 38 på
1174 1883 103 39 något
1295 1888 68 29 sätt
1379 1887 188 33 motiverat.
1608 1889 63 33 Ett
1686 1902 83 27 upp-

263 1911 153 34 hävande
439 1925 43 20 av
504 1914 157 35 förbudet
682 1930 78 21 vore
781 1919 117 33 därför
919 1921 144 34 bestämt
1084 1927 51 29 att
1158 1925 138 34 tillråda
1320 1928 59 32 och
1402 1928 111 35 kunde
1536 1931 91 33 bliva
1651 1944 43 20 av
1717 1933 52 33 be-

263 1953 130 38 tydelse
415 1956 139 33 särskilt
572 1957 216 36 beträffande
808 1961 220 36 Norrbottens
1049 1966 54 31 län
1124 1968 74 31 med
1219 1968 73 34 dess
1314 1970 168 39 ofantliga
1502 1973 128 32 arealer
1650 1974 118 34 krono-

261 1996 83 38 Jord,
369 2009 68 20 som
461 1999 161 33 alltsedan
646 2002 39 31 år
708 2003 83 32 1902
815 2004 72 33 icke
910 2006 91 33 varit
1023 2007 140 33 föremål
1187 2010 53 32 för
1264 2012 108 37 någon
1396 2015 184 32 nämnvärd
1604 2016 163 33 malmlet-

262 2038 91 38 ning.
400 2039 77 34 Vad
500 2041 252 36 Västerbottens
777 2045 54 33 län
856 2047 155 40 anginge,
1037 2049 83 34 hade
1145 2051 149 35 däremot
1317 2055 273 40 malmletningen
1615 2063 83 27 även
1724 2060 43 38 på

260 2080 180 39 kronojord
462 2084 89 33 varit
573 2096 91 21 mera
687 2087 217 40 omfattande,
930 2091 36 31 så
989 2091 97 39 länge
1110 2093 190 41 inmutning
1322 2097 90 32 varit
1436 2098 131 33 tillåten
1591 2104 81 29 utan
1698 2106 67 28 sär-

261 2122 89 33 skild
372 2124 145 39 dispens.
562 2126 127 39 Gjorda
710 2130 192 34 värdefulla
924 2133 86 37 fynd
1032 2134 86 32 inom
1142 2136 55 32 det
1218 2150 25 19 s.
1265 2138 33 32 k.
1322 2138 339 37 Skelleftedistriktet
1682 2144 84 32 hade

261 2165 190 35 stimulerat
475 2168 54 32 till
553 2173 48 29 ett
623 2172 178 38 grundligt
824 2174 142 33 letande.
1013 2176 198 35 Emellertid
1236 2183 114 34 syntes
1377 2182 53 33 det
1456 2183 38 32 år
1520 2186 84 32 1926
1629 2185 136 33 införda

260 2207 296 40 dispenssystemet
575 2212 43 32 ha
637 2213 106 33 vållat
763 2219 47 28 ett
830 2216 111 33 starkt
960 2218 147 33 avbräck
1125 2220 12 31 i
1157 2221 272 41 malmletningen
1450 2225 20 32 å
1488 2225 190 41 kronojord,
1699 2240 64 20 me-

259 2249 62 33 dan
352 2251 150 34 däremot
530 2254 270 40 malmletningen
830 2259 19 30 å
879 2259 130 33 enskild
1038 2261 73 38 jord
1141 2263 141 34 fortsatt
1310 2269 51 29 att
1390 2266 74 33 öka.
1517 2268 53 32 Då
1599 2281 76 20 man
1707 2271 56 38 på-

257 2292 108 33 minde
392 2294 64 39 sig,
483 2299 51 29 att
557 2296 156 34 alltifrån
740 2300 37 31 år
804 2301 95 37 1889,
928 2302 42 32 då
997 2302 120 34 förbud
1144 2308 69 30 mot
1238 2307 289 41 utmålsläggning
1555 2323 42 20 av
1624 2312 138 39 fyndig-

256 2334 92 33 heter
370 2336 20 31 å
411 2336 202 35 kronomark
633 2341 208 39 utfärdades,
865 2343 102 33 alltså
988 2346 103 32 under
1113 2347 12 31 i
1148 2347 54 34 det
1224 2354 167 29 närmaste
1415 2351 108 38 fyrtio
1546 2354 54 32 års
1625 2354 59 38 tid,
1709 2355 54 32 det

256 2388 60 21 ena
333 2379 201 36 provisoriet
550 2381 20 31 å
587 2382 367 41 gruvlagstiftningens
973 2388 132 33 område
1122 2390 109 33 avlöst
1250 2391 53 33 det
1320 2392 115 39 andra,
1455 2397 51 30 att
1524 2395 39 33 de
1581 2396 180 33 definitiva

256 2419 202 40 lagförslag,
482 2434 67 21 som
572 2424 78 32 åren
675 2426 83 32 1909
782 2427 59 32 och
866 2429 85 33 1910
975 2429 180 40 framlagts
1180 2432 54 32 för
1256 2433 189 41 riksdagen,
1470 2437 88 32 efter
1579 2442 183 30 vartannat

255 2462 164 38 avslagits
444 2465 60 31 och
529 2469 50 29 att
603 2467 118 38 övriga
745 2468 307 42 kommittéförslag
1082 2471 60 40 (av
1169 2475 83 33 1919
1280 2476 60 32 och
1366 2477 102 41 1923)
1499 2479 72 33 icke
1599 2480 161 34 föranlett
