1902 2810
104 2019 127 24 Utskottet.

279 148 41 31 56
677 154 380 32 Jordbruksutskottets
1082 155 176 30 utlåtande
1282 155 50 31 Nr
1351 156 49 30 45.

328 238 114 36 Enligt
465 238 183 36 styrelsens
672 238 138 37 mening
834 240 38 28 är
894 239 55 30 det
972 239 29 36 ej
1027 239 157 36 lämpligt
1207 242 48 27 att
1280 240 70 29 helt
1373 239 123 37 övergå
1519 240 50 29 till
1594 240 191 35 licensjakt,

282 280 110 30 innan
418 281 40 29 de
484 280 136 30 mindre
647 281 246 35 fastigheterna
921 291 93 20 mera
1042 282 144 29 allmänt
1214 282 271 30 sammanslutits
1514 282 51 29 till
1593 281 192 37 jaktvårds-

282 322 166 30 områden
470 322 43 36 på
535 324 67 28 sätt
623 323 262 30 föreskrifterna
907 325 9 28 i
937 322 222 37 jaktstadgan
1181 324 130 29 anvisa.

327 398 134 29 Jämväl
483 398 155 30 Svenska
660 398 305 37 jägareförbundet
986 400 64 29 har
1072 400 154 35 avstyrkt
1248 399 100 30 bifall
1372 399 49 29 till
1443 400 175 29 motionen
1641 401 64 28 och
1729 409 58 20 an-

284 448 71 31 fört
374 449 103 29 bland
498 452 107 27 annat
627 449 163 35 följande.

329 515 198 31 Förbundet
552 516 153 30 ansluter
727 517 49 36 sig
802 517 50 29 till
878 517 223 36 önskemålet,
1129 520 48 27 att
1201 517 178 37 älgjakten
1404 527 55 20 om
1485 517 134 36 möjligt
1643 518 143 29 utsträc-

283 557 59 31 kes
360 560 80 29 över
455 568 41 21 en
514 559 120 35 längre
650 559 57 35 tid,
725 559 105 30 vilket
849 560 88 29 dock
955 560 29 36 ej
1003 561 98 29 torde
1118 560 118 30 kunna
1255 561 60 29 ske
1332 559 11 30 i
1360 569 116 21 annan
1493 560 92 30 form
1603 561 45 29 än
1666 560 119 30 licens-

283 600 77 36 jakt
379 601 108 29 under
507 601 149 30 särskild
676 601 136 36 jakttid.
855 602 67 29 För
943 602 199 30 erhållande
1164 611 41 20 av
1227 602 156 30 tillstånd
1402 602 49 30 till
1472 602 110 30 sådan
1602 602 75 36 jakt
1699 602 87 30 före-

283 643 118 30 skriva
425 643 304 32 bestämmelserna
754 644 10 29 i
791 645 37 29 15
857 644 18 36 $
901 644 223 36 jaktstadgan
1148 644 189 30 emellertid
1364 654 74 20 som
1463 644 133 35 villkor,
1625 647 48 27 att
1697 644 89 36 jakt-

283 684 158 31 området
461 686 87 29 skall
569 695 83 21 vara
674 696 40 20 av
736 686 109 30 sådan
867 686 218 36 omfattning,
1109 696 73 20 som
1202 687 185 35 möjliggör
1407 696 41 20 en
1469 686 318 31 tillfredsställande

283 726 86 31 vård
392 737 41 20 av
455 728 245 35 älgbeståndet.
744 727 64 31 Det
830 729 96 29 torde
947 728 30 37 ej
1001 738 84 21 vara
1109 729 234 30 motionärens
1366 729 138 36 mening
1527 732 49 27 att
1598 729 122 36 släppa
1742 729 46 36 på

283 769 101 30 dessa
408 769 198 37 fordringar
625 770 220 30 beträffande
868 772 145 29 arealen.
1061 771 53 30 En
1137 771 220 36 omläggning
1379 781 41 20 av
1443 771 178 36 älgjakten
1641 772 51 29 till
1716 774 71 27 ute-

284 812 159 29 slutande
465 812 185 36 licensjakt
672 812 108 30 skulle
805 812 130 31 således
959 814 83 35 göra
1065 813 175 36 älgjakten
1265 813 50 30 till
1341 816 46 27 ett
1411 813 217 36 privilegium
1652 814 134 29 huvud-

284 853 154 36 sakligen
466 854 53 30 för
547 855 211 30 innehavare
788 864 43 21 av
862 856 106 29 större
996 855 255 36 jaktområden.
1312 856 309 30 Bestämmelserna
1651 856 10 29 i
1690 866 96 26 nyss-

283 896 154 30 nämnda
464 896 304 36 författningsrum
797 897 166 31 innebära
991 898 190 30 emellertid
1209 899 87 29 öven
1325 898 178 36 möjlighet
1529 898 55 30 för
1615 899 102 35 ägare
1744 908 43 20 av

283 937 136 31 mindre
449 938 203 36 fastigheter
680 942 56 33 att,
766 940 90 30 efter
884 940 312 36 sammanslutning
1226 940 49 30 till
1305 940 349 36 jaktvårdsområden
1683 941 104 34 enligt

286 981 39 29 10
354 980 18 36 $
399 980 186 37 jaktlagen,
614 981 129 30 erhålla
773 981 152 31 tillstånd
953 982 49 29 till
1030 983 149 29 särskild
1206 981 136 37 jakttid.
1372 983 110 29 Sedan
1510 983 65 29 den
1602 992 68 27 nya
1696 982 89 37 jakt-

282 1022 118 36 lagens
423 1023 168 30 tillkomst
609 1024 64 29 har
693 1024 187 30 förbundet
901 1025 118 29 verkat
1041 1025 57 29 för
1118 1025 313 35 sammanslutning
1451 1035 41 20 av
1512 1025 135 30 mindre
1669 1025 117 35 fastig-

282 1065 98 29 heter
403 1065 49 30 till
475 1065 119 36 dylika
619 1066 174 30 områden.
843 1066 49 30 På
915 1068 109 34 grund
1047 1076 42 20 av
1114 1067 152 30 rådande
1291 1066 242 31 förhållanden
1559 1068 80 29 med
1662 1067 124 30 omfat-

283 1107 105 30 tande
414 1107 326 31 militärinkallelser
765 1109 66 29 och
859 1109 199 30 försvårade
1086 1109 342 30 kommunikationer
1453 1119 44 20 m.
1525 1119 45 20 m.
1596 1110 66 29 har
1684 1109 101 31 emel-

280 1149 102 30 lertid
403 1150 110 30 denna
535 1151 228 35 verksamhet,
786 1154 86 27 trots
894 1152 176 35 allvarliga
1091 1152 218 34 strävanden,
1332 1152 94 29 ännu
1448 1152 29 35 ej
1503 1151 74 31 nått
1598 1152 113 36 någon
1734 1152 55 30 för

281 1191 119 31 landet
427 1192 9 29 i
461 1192 75 30 dess
563 1193 116 29 helhet
705 1194 107 29 större
841 1194 182 35 betydelse,
1053 1195 110 28 ehuru
1189 1194 10 29 i
1227 1204 41 19 en
1299 1195 54 28 del
1380 1195 130 29 trakter
1536 1197 93 27 stora
1658 1194 131 30 sådana

282 1233 168 31 områden
470 1234 137 30 bildats.
631 1235 67 29 För
716 1238 48 27 att
785 1235 78 37 giva
883 1235 112 36 någon
1015 1236 224 35 uppfattning
1261 1246 58 19 om
1337 1236 253 36 omfattningen
1611 1246 42 20 av
1674 1238 115 29 denna

282 1276 220 30 verksamhet
523 1277 72 29 kan
616 1277 154 35 nämnas,
793 1280 50 27 att
864 1277 55 30 för
937 1278 219 30 närvarande
1175 1278 116 30 finnas
1313 1279 40 29 53
1375 1278 10 29 i
1406 1279 214 36 vederbörlig
1639 1279 149 36 ordning

283 1317 194 31 fastställda
500 1318 361 36 jaktvårdsområden,
888 1320 215 30 omfattande
1128 1320 94 35 4,000
1246 1321 206 35 markägare
1475 1322 65 29 och
1563 1331 42 20 en
1627 1322 92 29 areal
1745 1331 44 20 av

284 1360 140 35 193,000
443 1361 133 30 hektar.
600 1361 123 30 Härtill
743 1361 159 30 kommer
922 1362 39 29 25
982 1362 178 34 områden,
1182 1372 74 20 som
1277 1362 241 36 färdigbildats
1539 1372 81 21 men
1639 1364 94 29 ännu
1754 1363 31 36 ej

280 1401 192 37 fastställts,
505 1404 67 29 och
607 1404 39 29 79
678 1403 166 30 områden
877 1405 109 29 under
1017 1404 173 30 bildande.
1232 1405 49 29 De
1316 1404 91 31 båda
1440 1414 119 21 senare
1593 1414 197 27 grupperna

282 1444 148 31 omfatta
468 1445 161 37 omkring
669 1446 96 35 7,200
802 1447 205 35 markägare
1047 1447 66 30 och
1142 1449 45 28 ett
1215 1448 232 35 sammanlagt
1473 1447 245 31 markområde
1747 1457 43 21 av

282 1487 142 33 531,000
448 1488 132 30 hektar.
630 1488 62 30 Det
715 1489 38 29 är
777 1488 205 31 förbundets
1006 1488 247 36 förhoppning,
1279 1492 50 27 att
1353 1489 208 31 innehavare
1584 1499 42 21 av
1652 1490 135 30 mindre

282 1529 201 36 fastigheter
504 1530 11 29 i
538 1531 63 29 allt
624 1531 106 29 större
754 1530 209 36 omfattning
987 1531 98 30 skola
1108 1531 98 29 finna
1228 1531 288 36 ändamålsenligt
1540 1535 49 27 att
1613 1542 172 20 samman-

282 1572 91 30 sluta
390 1572 74 30 sina
481 1573 141 29 marker
639 1573 49 29 till
706 1572 350 36 jaktvårdsområden
1073 1574 66 29 och
1156 1573 146 30 sålunda
1322 1575 120 29 kunna
1457 1574 125 36 övergå
1599 1574 49 30 till
1666 1575 119 29 licens-

281 1613 87 36 jakt,
400 1624 82 26 som,
516 1615 106 35 enligt
653 1615 203 30 förbundets
887 1615 147 36 mening,
1068 1616 89 29 helst
1189 1616 111 29 skulle
1331 1617 120 29 kunna
1480 1617 195 29 utsträckas
1706 1618 82 29 över

281 1656 121 36 längre
420 1656 48 31 tid
491 1657 44 29 än
559 1667 48 20 nu
631 1657 156 35 gällande
810 1658 260 29 bestämmelser
1092 1658 167 35 medgiva.
1306 1658 215 31 Förbundets
1543 1659 208 30 strävanden
1777 1659 9 29 i

281 1698 116 31 denna
417 1699 52 30 del
489 1700 106 29 verka
619 1699 128 30 således
770 1700 9 29 i
801 1700 57 29 det
879 1700 88 35 syfte
985 1700 217 29 motionären
1224 1703 119 27 avsett.

326 1740 121 31 Ehuru
470 1741 188 31 förbundet
683 1741 98 31 alilså
803 1751 102 20 anser
927 1742 174 35 önskvärt,
1127 1745 48 27 att
1198 1741 177 36 älgjakten
1399 1743 9 29 i
1432 1743 60 30 allt
1515 1744 108 30 större
1647 1744 138 30 omfatt-

281 1783 84 36 ning
386 1783 154 31 bedrives
565 1784 111 29 under
698 1794 43 19 en
763 1784 171 30 utsträckt
958 1784 148 30 särskild
1131 1784 135 36 jakttid,
1293 1794 101 26 synes
1418 1786 88 29 dock
1530 1785 93 30 tiden
1647 1785 30 36 ej
1703 1796 83 20 vara

281 1826 81 30 inne
383 1829 49 27 att
452 1826 70 30 helt
541 1826 127 35 övergå
686 1826 48 30 till
755 1826 193 36 licensjakt,
970 1826 74 30 förr
1063 1827 45 29 än
1129 1827 42 29 de
1190 1827 136 29 mindre
1346 1827 248 36 fastigheterna
1613 1838 94 21 mera
1726 1829 60 29 all-

281 1869 99 29 mänt
411 1868 272 30 sammanslutits
712 1869 50 29 till
792 1869 109 29 större
929 1868 349 36 jaktvårdsområden
1308 1869 104 36 enligt
1440 1870 305 31 bestämmelserna
1776 1870 9 29 i

284 1911 39 29 10
347 1911 18 36 $
388 1910 185 36 jaktlagen.

327 2003 13 29 I
361 2002 174 31 motionen
556 2002 144 31 föreslås
719 2005 49 28 att
787 2002 58 30 för
865 2002 273 37 möjliggörande
1159 2013 42 20 av
1220 2006 46 27 ett
1286 2004 112 30 bättre
1415 2004 221 36 utnyttjande
1655 2015 41 20 ur
1716 2005 69 30 för-

281 2053 354 36 sörjningssynpunkt
657 2063 41 20 av
721 2053 120 36 jakten
864 2053 85 30 efter
970 2054 134 30 storvilt
1126 2054 211 30 förändrade
1359 2055 260 30 bestämmelser
1638 2057 148 29 rörande

281 2104 122 36 jakten
426 2104 84 30 efter
533 2104 56 36 älg
616 2105 64 28 och
706 2104 184 30 eventuellt
915 2105 84 29 även
1027 2107 108 27 annat
1161 2106 108 28 större
1295 2105 166 30 villebråd
1487 2105 105 31 måtte
1616 2106 168 31 utfärdas.

282 2155 116 35 Enligt
418 2154 233 30 motionärens
672 2154 224 36 uppfattning
916 2155 106 29 borde
1044 2155 10 29 i
1075 2155 111 36 dylikt
1205 2155 90 36 syfte
1316 2156 42 29 de
1379 2156 175 31 allmänna
1574 2156 211 36 jakttiderna

282 2205 56 30 för
359 2205 55 36 älg
436 2205 175 36 förlängas
634 2206 64 29 och
720 2205 152 30 fördelas
896 2205 45 36 på
962 2205 168 36 perioder,
1152 2206 169 35 varjämte
1343 2207 105 30 borde
1471 2208 185 35 övervägas
1679 2208 106 30 huru-

282 2256 80 29 vida
386 2256 73 30 icke
481 2255 121 36 jakten
627 2256 9 29 i
660 2257 106 28 större
788 2256 240 36 utsträckning
1048 2256 45 30 än
1117 2256 119 30 hittills
1261 2257 117 31 kunde
1401 2258 158 30 bedrivas
1581 2259 110 29 under
1715 2260 69 29 sär-

283 2306 113 31 skilda
417 2306 173 36 jakttider,
613 2316 24 20 s.
658 2307 31 29 k.
710 2306 193 36 licensjakt.

325 2356 120 30 Såsom
466 2357 166 30 utskottet
655 2356 191 30 framhållit
869 2357 9 29 i
901 2357 54 30 sitt
978 2356 178 32 utlåtande
1178 2368 39 19 nr
1240 2359 41 28 43
1305 2359 80 29 över
1408 2369 40 19 en
1472 2359 56 30 vid
1552 2360 232 30 innevarande

283 2406 55 31 års
362 2407 138 36 riksdag
523 2408 96 29 inom
643 2407 107 30 andra
773 2408 205 29 kammaren
1002 2407 104 30 väckt
1128 2407 130 30 motion
1282 2408 176 35 angående
1480 2410 240 36 utsträckning
1743 2419 43 20 av

279 2458 113 29 rätten
415 2458 49 29 till
488 2457 188 37 ersättning
702 2457 54 30 för
779 2458 167 35 älgskada
967 2458 64 30 har
1055 2458 95 30 inom
1176 2458 458 37 jordbruksdepartementet
1659 2460 125 37 ifråga-
