1906 2810
280 138 41 30 54
671 144 378 32 Jordbruksutskottets
1075 146 175 31 utlåtande
1274 147 50 30 Nr
1349 149 50 29 45.

959 391 59 41 Nr
1043 391 65 41 43.

844 494 110 24 Ankom
972 495 42 23 till
1033 495 154 30 riksdagens
1205 496 86 23 kansli
1311 496 52 23 den
1381 493 15 26 9
1416 496 53 30 maj
1489 494 64 26 1941
1573 497 36 23 kl.
1630 495 31 25 10
1678 497 18 23 f.
1716 504 35 17 m.

503 578 183 31 Utlåtande
711 580 10 29 i
746 579 187 38 anledning
957 590 41 21 av
1023 581 103 31 väckt
1150 583 130 29 motion
1306 592 57 20 om
1389 582 152 31 ändrade
1568 583 215 31 bestämmel-

722 640 53 20 ser
798 631 148 31 rörande
967 632 77 36 jakt
1065 632 21 30 å
1109 632 63 37 älg.

1554 682 70 40 (2:a
1644 686 88 36 avd.)

322 781 13 29 I
354 790 43 21 en
414 780 94 31 inom
527 782 111 30 andra
654 783 204 31 kammaren
877 784 109 36 väckt,
1007 785 50 29 till
1075 784 357 37 jordbruksutskottet
1450 786 171 31 hänvisad
1638 787 141 36 motion,

277 840 42 20 nr
340 832 52 35 53,
412 842 41 20 av
473 833 80 29 herr
571 832 51 30 De
644 833 81 30 Geer
744 834 65 30 har
826 835 202 36 hemställts,
1050 838 50 28 att
1120 835 130 32 sådana
1269 837 261 30 bestämmelser
1547 837 159 31 utfärdas
1726 838 56 30 för

277 881 176 36 älgjakten
476 883 65 30 och
568 885 183 29 eventuellt
776 885 88 29 även
889 885 56 30 för
968 895 118 21 annan
1111 886 84 36 jakt,
1222 890 49 27 att
1296 888 109 29 större
1430 888 136 36 hänsyn
1590 889 45 29 än
1660 888 119 31 hittills

277 934 93 34 tages
394 932 50 30 till
466 932 137 36 jaktens
628 935 205 36 avkastning
856 945 41 20 ur
921 936 419 38 försörjningssynpunkt.

321 982 226 32 Beträffande
569 985 43 29 de
634 985 83 35 skäl,
740 995 75 20 som
837 986 132 31 anförts
988 987 51 30 till
1060 989 78 29 stöd
1159 988 54 30 för
1234 989 187 35 motionen,
1444 989 163 31 hänvisas
1628 990 50 30 till
1700 991 79 29 den-

277 1042 145 21 samma.

319 1133 171 31 Utskottet
515 1135 65 30 har
604 1136 10 29 i
639 1137 213 37 vederbörlig
878 1140 146 36 ordning
1048 1141 119 37 begärt
1192 1142 177 31 utlåtande
1393 1145 81 29 över
1498 1145 177 31 motionen
1702 1146 78 31 från

275 1184 306 37 domänstyrelsen.
608 1186 179 37 Därjämte
812 1190 65 29 har
901 1192 158 34 yttrande
1085 1193 81 29 över
1189 1194 175 30 motionen
1389 1195 142 36 avgivits
1558 1206 43 20 av
1627 1197 152 31 Svenska

271 1233 316 39 Jägareförbundet,
612 1247 75 21 som
707 1249 41 20 av
767 1241 167 30 utskottet
952 1242 126 30 beretts
1099 1243 135 31 tillfälle
1252 1245 125 30 därtill.

317 1285 308 38 Domänstyrelsen
645 1289 64 29 har
731 1290 157 36 avstyrkt
912 1294 45 28 ett
981 1293 228 36 omläggande
1231 1304 43 22 av
1296 1295 177 36 älgjakten
1496 1297 47 36 på
1566 1298 68 30 sätt
1657 1299 120 30 motio-

271 1336 108 30 nären
401 1337 184 37 föreslagit.
627 1339 14 29 I
664 1340 108 36 övrigt
791 1341 67 30 har
877 1342 297 37 domänstyrelsen
1193 1345 115 31 anfört
1330 1347 11 29 i
1363 1348 185 30 huvudsak
1568 1345 165 45 följande.

314 1403 68 31 Allt
409 1405 104 30 sedan
539 1406 103 30 slutet
667 1416 42 21 av
737 1408 183 31 1920-talet
945 1410 63 30 har
1035 1410 226 37 älgstammen
1287 1413 97 31 inom
1410 1415 87 30 riket
1524 1416 110 30 ökats.
1663 1416 113 38 Enligt

271 1449 134 28 senaste
422 1447 118 31 försök
558 1448 53 30 till
629 1450 251 37 uppskattning
899 1452 63 29 har
980 1453 67 29 den
1066 1454 185 31 beräknats
1270 1455 118 37 uppgå
1406 1457 51 29 till
1476 1458 162 37 omkring
1657 1459 118 35 35,000

270 1487 90 37 djur,
383 1498 43 21 en
448 1489 100 31 siffra
570 1500 76 20 som
667 1492 190 31 emellertid
879 1493 109 32 måste
1009 1495 176 31 betraktas
1208 1496 114 31 såsom
1345 1499 218 36 synnerligen
1587 1501 100 30 oviss.

315 1530 233 32 Motionärens
572 1533 136 30 önskan
731 1536 48 28 att
803 1535 95 30 tiden
921 1536 53 30 för
997 1536 76 36 jakt
1097 1538 86 30 efter
1205 1539 54 36 älg
1283 1540 111 30 skulle
1417 1541 176 37 förlängas
1617 1543 65 30 och
1706 1543 68 31 för-

271 1573 116 36 läggas
409 1575 79 29 över
509 1584 43 20 en
573 1576 110 29 större
703 1576 53 30 del
776 1586 44 21 av
840 1576 73 31 året
934 1579 63 29 har
1018 1579 145 36 tidigare
1184 1580 57 31 vid
1263 1581 87 31 flera
1372 1583 159 30 tillfällen
1555 1585 146 30 kommit
1723 1586 51 29 till

269 1616 138 35 uttryck
426 1617 10 29 i
455 1616 129 37 förslag
602 1626 58 21 om
677 1617 159 37 åtgärder
854 1620 56 29 för
927 1620 184 32 införande
1129 1631 42 21 av
1189 1632 42 21 en
1251 1633 94 21 mera
1365 1625 158 30 rationell
1543 1626 142 37 älgjakt.
1706 1627 67 37 Dy-

269 1657 71 30 lika
363 1658 178 31 önskemål
563 1668 85 21 voro
670 1661 86 29 även
777 1670 44 21 en
844 1671 43 20 av
910 1663 273 37 anledningarna
1204 1665 51 30 till
1277 1668 49 28 att
1349 1667 114 30 denna
1486 1667 98 37 fråga
1607 1669 58 30 vid
1690 1670 80 29 1931

268 1698 55 31 års
344 1699 142 38 riksdag
503 1701 77 30 blev
601 1701 145 31 föremål
766 1703 55 30 för
841 1704 219 37 behandling,
1083 1716 75 20 som
1178 1708 209 30 resulterade
1407 1709 10 29 i
1439 1710 248 37 förordningen
1708 1712 65 30 den

271 1742 38 29 18
328 1740 64 37 juli
415 1743 79 29 1931
521 1742 52 37 (nr
592 1743 76 37 306)
694 1745 77 30 med
789 1745 92 30 vissa
900 1747 257 31 bestämmelser
1176 1749 176 36 angående
1372 1750 75 36 jakt
1465 1751 88 31 efter
1573 1752 65 37 älg.
1660 1753 113 37 Enligt

267 1784 114 30 denna
400 1785 204 37 förordning
622 1786 115 31 kunde
755 1786 385 39 jakträttsinnehavare,
1161 1800 73 21 som
1254 1792 181 36 förfogade
1454 1795 80 29 över
1553 1794 219 36 jaktområde

267 1835 42 21 av
324 1827 67 29 den
406 1827 125 30 storlek
546 1828 66 30 och
628 1829 253 36 beskaffenhet,
898 1833 48 28 att
961 1831 156 31 området
1132 1833 85 30 efter
1234 1833 265 32 förhållandena
1515 1836 11 30 i
1542 1839 98 28 orten
1657 1838 115 30 kunde

267 1877 100 22 anses
388 1870 155 35 medgiva
561 1879 44 21 en
626 1871 316 32 tillfredsställande
962 1872 85 32 vård
1067 1883 43 21 av
1131 1875 244 37 älgbeståndet,
1397 1877 131 31 erhålla
1548 1878 155 31 tillstånd
1722 1882 50 27 att

268 1909 44 37 på
333 1911 92 30 vissa
446 1912 123 30 villkor
592 1913 142 30 bedriva
755 1912 76 37 jakt
855 1914 85 30 efter
962 1916 55 36 älg
1038 1917 112 30 under
1171 1926 43 21 en
1236 1918 49 30 tid
1309 1928 42 20 av
1375 1919 99 36 högst
1498 1919 131 36 fjorton
1654 1916 115 45 dagar,

265 1953 127 30 räknat
409 1953 77 31 från
503 1955 64 29 och
585 1955 80 30 med
682 1956 64 29 den
764 1956 109 30 första
891 1957 74 36 dag,
984 1957 44 31 då
1045 1958 10 29 i
1073 1959 188 30 allmänhet
1278 1959 76 37 jakt
1371 1961 87 30 efter
1475 1962 54 35 älg
1547 1972 80 20 vore
1646 1963 10 30 i
1674 1966 95 27 orten

265 1993 143 37 tillåten,
427 1996 65 29 och
510 1997 123 30 därvid
652 1997 82 31 fälla
752 1998 56 30 det
826 1999 96 29 antal
940 2000 103 36 älgar,
1065 2010 75 21 som
1158 2002 257 31 vederbörande
1435 2004 203 37 myndighet
1656 2005 115 30 funnit

268 2037 125 36 skäligt
416 2038 167 36 medgiva.

311 2078 132 31 Genom
464 2080 292 32 ikraftträdandet
777 2091 44 21 av
842 2082 223 38 jaktstadgan
1088 2085 67 30 den
1177 2085 20 30 3
1218 2085 76 36 juni
1321 2087 83 30 1938
1433 2086 51 37 (nr
1508 2087 76 38 279)
1614 2089 63 30 har
1700 2089 69 30 för-

265 2121 193 37 ordningen
480 2123 66 29 den
572 2124 40 29 18
635 2122 63 37 juli
725 2124 80 30 1931
831 2126 175 35 upphävts
1029 2127 67 30 och
1120 2130 119 28 ersatts
1263 2129 80 29 med
1367 2130 259 31 bestämmelser
1650 2132 10 29 i
1686 2131 38 30 15
1748 2129 21 38 S

264 2162 231 38 jaktstadgan,
514 2174 74 21 som
605 2166 107 30 bland
727 2170 107 27 annat
852 2167 220 31 föreskriver:
1095 2179 11 15 »
1114 2169 166 37 Förfogar
1296 2170 376 36 jakträttsinnehavare
1689 2174 80 29 över

265 2207 100 29 mark
390 2215 42 21 av
454 2207 65 29 den
542 2208 129 29 storlek
695 2209 63 29 och
781 2209 254 36 beskaffenhet,
1059 2214 50 27 att
1133 2211 202 31 densamma
1358 2213 87 30 efter
1468 2214 266 31 förhållandena
1758 2215 11 30 i

264 2250 97 28 orten
383 2249 70 29 kan
473 2258 98 21 anses
593 2250 158 36 medgiva
772 2260 42 21 en
836 2251 319 32 tillfredsställande
1176 2253 83 31 vård
1281 2264 43 20 av
1346 2255 246 37 älgbeståndet,
1615 2257 81 30 eller
1716 2260 52 27 ut-

264 2291 96 34 göres
379 2290 333 37 jaktvårdsområde,
732 2302 120 21 varom
872 2294 135 36 stadgas
1026 2295 10 29 i
1058 2296 39 28 10
1117 2293 20 38 8
1156 2296 97 36 lagen
1271 2306 58 20 om
1346 2298 68 29 rätt
1432 2297 51 30 till
1501 2297 86 37 jakt,
1608 2308 42 20 av
1669 2300 99 29 mark

264 2340 74 21 som
357 2342 49 21 nu
424 2334 37 29 är
480 2334 92 35 sagd,
593 2333 57 31 må
668 2334 153 31 tillstånd
841 2336 119 30 kunna
979 2337 175 31 meddelas
1174 2338 41 30 de
1234 2337 20 31 å
1274 2339 66 29 den
1361 2340 99 29 mark
1479 2339 289 38 jaktberättigade

263 2376 49 28 att
339 2375 111 30 under
477 2375 148 31 särskild
651 2375 125 37 jakttid
803 2378 64 29 där
894 2378 83 30 fälla
1004 2379 56 30 det
1086 2380 95 29 antal
1208 2381 104 35 älgar,
1343 2390 74 21 som
1446 2382 77 30 med
1552 2383 137 36 hänsyn
1718 2383 50 30 till

263 2418 188 29 stammens
476 2418 127 30 storlek
628 2419 66 29 och
718 2419 339 37 omständigheterna
1082 2421 10 30 i
1118 2421 107 37 övrigt
1251 2422 114 31 finnes
1391 2423 153 36 skäligt.>
1575 2424 114 37 Enligt
1713 2425 54 30 be-

264 2459 260 30 stämmelserna
547 2460 10 29 i
581 2469 134 21 samma
737 2461 304 37 författningsrum
1065 2462 58 31 må
1147 2464 53 29 för
1224 2464 53 36 älg
1299 2464 32 36 ej
1357 2465 175 31 meddelas
1556 2466 118 36 längre
1698 2468 68 29 sär-

263 2500 90 31 skild
376 2500 126 37 jakttid
525 2503 44 29 än
592 2511 44 21 en
660 2502 136 37 månad,
821 2504 66 29 och
911 2504 86 30 skall
1022 2505 75 30 däri
1122 2505 79 36 ingå
1224 2506 65 29 den
1314 2506 59 35 tid,
1399 2507 109 30 under
1533 2508 117 30 vilken
1674 2508 9 30 i
1707 2509 59 30 all-
