2167 2644
759 165 103 33 Stats-
873 165 174 34 Utskottets
1070 166 173 32 Memorial
1263 166 61 32 N:o
1346 168 50 30 35.
1763 169 34 28 11

235 262 124 35 genom
398 251 179 36 Norrland
617 252 39 35 af
687 251 130 46 Kongl.
847 252 109 46 Maj:t
983 253 180 36 användas
1188 253 55 35 till
1269 253 282 45 gratifikationer
1578 251 37 37 åt
1642 254 202 44 ingeniörer

237 304 63 34 och
339 303 213 45 tjenstemän
592 304 59 35 vid
675 303 430 50 jernvägsbyggnaderne,
1140 305 121 35 hvilka
1293 305 12 34 i
1337 305 87 44 följd
1451 305 39 34 af
1514 305 259 35 fullbordandet
1805 305 39 34 af

237 365 105 24 norra
384 355 209 34 stambanan
631 355 55 34 till
725 354 104 46 Ånge
862 356 63 34 och
951 356 199 35 tvärbanan
1175 355 118 36 blifvit
1321 356 84 34 eller
1431 356 116 35 blefve
1574 354 80 37 från
1683 357 76 34 sina
1787 357 54 34 hbe-

234 405 199 45 fattningar
460 406 188 44 uppsagde.

370 455 129 35 Denna
532 457 209 34 hemställan
772 458 65 33 har
863 457 118 34 blifvit
1008 457 39 34 af
1070 456 125 35 Andra
1222 456 216 35 Kammaren
1465 457 159 45 bifallen;
1654 458 186 35 hvaremot

235 507 128 35 Första
390 506 216 36 Kammaren
634 507 128 35 bifallit
789 508 199 34 densamma
1015 509 77 33 med
1119 509 64 33 den
1211 509 159 43 ändring,
1399 510 54 32 att
1480 509 58 34 det
1564 506 276 46 ifrågavarande

235 559 305 43 anslagsbeloppet
566 559 195 34 bestämdes
787 559 55 34 till
867 559 104 44 högst
997 559 223 35 trettiotusen
1246 559 139 34 kronor.

368 607 59 36 Då
452 608 201 36 Kamrarne
680 607 145 37 sålunda
853 612 143 32 stannat
1021 610 12 34 i
1060 610 93 34 olika
1179 610 124 43 beslut,
1331 611 99 33 torde
1448 607 126 47 frågan
1591 611 86 33 böra
1695 611 146 33 medelst

232 670 199 34 gemensam
472 661 215 43 omröstning
714 660 156 45 afgöras,
900 661 64 34 och
995 658 55 37 får
1076 660 187 36 Utskottet
1289 661 12 34 i
1329 658 125 37 sådant
1480 661 198 34 hänseende
1705 658 128 37 föreslå

233 710 155 46 följande
415 711 408 44 voteringsproposition:

371 761 111 45 »Den,
524 773 72 23 som
635 763 73 41 vill,
737 765 54 32 att
817 762 130 45 Kongl.
976 762 125 45 Maj:ts
1127 763 232 35 förevarande
1386 764 213 43 proposition
1626 762 56 36 må
1708 762 45 46 på
1781 764 58 34 det

233 816 71 31 sätt
343 813 151 43 bifallas,
536 815 55 32 att
629 813 205 44 Riksdagen
874 814 203 43 medgifver,
1106 816 54 32 att
1187 817 52 31 ett
1270 815 122 42 belopp
1421 814 39 34 af
1483 815 103 43 högst
1612 815 228 34 trettiotusen

232 864 130 34 kronor
388 861 56 37 må
472 864 39 34 af
535 865 168 43 anslagen
730 864 54 34 till
808 864 471 45 jernvägsanläggningarne
1306 875 124 34 genom
1456 864 179 36 Norrland
1654 865 40 35 af
1707 865 130 44 Kongl.

230 914 110 45 Maj:t
368 915 181 35 användas
576 915 55 34 till
656 915 283 44 gratifikationer
967 913 37 36 åt
1029 916 198 43 ingeniörer
1254 916 63 34 och
1344 915 211 45 tjenstemän
1573 916 60 35 vid
1657 916 181 49 jernvägs-

230 966 265 44 byggnaderna,
536 966 124 35 hvilka
698 966 12 34 i
750 966 86 45 följd
872 966 40 34 af
934 966 259 35 fullbordandet
1221 967 38 34 af
1282 977 106 24 norra
1416 968 208 34 stambanan
1651 968 55 33 till
1733 966 104 45 Ange

232 1017 64 34 och
324 1017 199 34 tvärbanan
549 1017 118 34 blifvit
694 1018 84 33 eller
806 1017 109 35 blifva
941 1015 79 36 från
1047 1018 75 34 sina
1149 1018 242 44 befattningar
1418 1019 188 43 uppsagde,
1635 1020 116 32 röstar

972 1117 65 46 Ja;

366 1219 90 44 Den,
486 1220 58 34 det
572 1220 29 44 ej
632 1220 73 43 vill,
734 1222 115 32 röstar

966 1320 87 47 Nej;

363 1422 139 35 Vinner
541 1422 82 45 Nej,
663 1423 67 34 har
768 1422 129 45 Kongl.
939 1422 125 46 Maj:ts
1094 1421 273 46 ifrågavarande
1399 1423 212 44 proposition
1646 1424 118 34 blifvit
1791 1420 45 46 på

229 1474 58 34 det
327 1476 72 32 sätt
439 1473 39 35 af
514 1473 204 45 Riksdagen
757 1474 155 43 bifallen,
955 1477 53 31 att
1034 1474 203 44 Riksdagen
1263 1473 194 45 medgifvit,
1487 1476 53 32 att
1568 1477 51 31 ett
1646 1475 123 43 belopp
1798 1473 44 34 af

228 1525 103 43 högst
370 1524 207 44 tjugutusen
615 1525 130 33 kronor
784 1522 56 37 må
867 1525 39 34 af
930 1526 167 43 anslagen
1128 1526 55 33 till
1210 1525 472 44 jernvägsanläggningarne
1710 1535 124 34 genom

231 1574 182 34 Norrland
440 1575 181 34 användas
653 1575 55 34 till
734 1575 283 44 gratifikationer
1043 1574 37 36 åt
1105 1576 198 44 ingeniörer
1331 1576 63 34 och
1420 1575 210 44 tjenstemän
1657 1576 60 35 vid
1743 1576 91 44 jern-

228 1626 354 48 vägsbyggnaderna,
624 1626 122 34 hvilka
785 1626 12 33 i
835 1626 87 45 följd
962 1626 39 35 af
1030 1627 257 34 fullbordandet
1326 1626 39 34 af
1401 1637 104 23 norra
1542 1628 208 33 stambanan
1778 1626 54 34 till

229 1676 104 45 Ånge
361 1677 64 34 och
452 1678 198 33 tvärbanan
678 1676 117 36 blifvit
822 1677 84 34 eller
933 1677 109 36 blifva
1068 1675 79 37 från
1174 1678 75 34 sina
1276 1677 240 44 befattningar
1542 1678 213 44 uppsagde»>.

365 1778 202 36 Stockholm
595 1779 65 33 den
690 1780 45 33 30
762 1778 101 35 Mars
894 1780 105 33 1882.

745 1927 52 37 På
825 1929 316 36 Stats-Utskottets
1166 1934 150 41 vägnar:

898 2031 125 35 EMIL
1050 2032 116 35 KEY.
