1900 2828
148 821 127 24 Utskottet.

323 175 17 29 2
721 180 380 32 Jordbruksutskottets
1126 182 176 32 utlåtande
1326 183 50 31 Nr
1406 185 28 30 4.

327 264 61 30 ske
415 264 62 30 hos
506 264 162 31 Ställhult
695 265 65 30 och
788 265 137 31 Nilsson
952 265 46 37 på
1024 267 112 36 grund
1163 277 42 20 av
1231 268 156 31 nämnda
1413 278 181 27 personers
1622 278 103 28 svaga
1753 272 79 29 eko-

326 314 161 31 nomiska
513 315 163 36 ställning
703 318 88 28 samt
818 318 50 28 att
896 317 86 29 även
1011 316 193 37 Ingelssons
1231 319 66 29 och
1326 319 191 36 Dambergs
1545 321 195 36 personliga
1767 322 66 30 och

325 364 228 31 ekonomiska
576 364 246 32 förhållanden
845 366 62 30 äro
932 366 140 37 sådana,
1098 371 49 27 att
1170 371 47 27 ett
1241 369 257 31 verkställande
1522 379 42 21 av
1589 371 243 31 skadestånds-

325 414 127 30 domen
473 415 111 30 skulle
604 415 132 31 drabba
756 417 78 29 dem
855 415 88 32 hårt.
966 416 48 31 På
1034 419 113 34 grund
1168 419 108 30 härav
1298 420 66 29 och
1385 421 79 29 med
1486 420 137 37 hänsyn
1643 421 50 31 till
1713 421 118 37 övriga

325 464 10 30 i
358 465 140 30 ärendet
521 465 236 37 föreliggande
777 467 293 37 omständigheter
1092 467 115 33 finner
1227 469 58 37 jag
1308 470 57 30 det
1388 471 134 35 skäligt,
1545 474 50 28 att
1616 480 43 22 en
1680 472 151 37 lindring

324 514 12 30 i
361 514 67 31 den
452 514 151 32 ådömda
626 515 468 38 skadeståndsskyldigheten
1117 518 183 37 medgives.
1325 520 15 29 I
1364 520 199 37 anslutning
1587 521 51 30 till
1661 523 170 30 statskon-

325 567 105 28 torets
452 565 130 37 förslag
605 567 98 30 torde
724 567 174 37 Damberg
920 569 64 29 och
1007 569 88 30 hans
1118 570 197 35 medparter
1336 571 86 30 böra
1443 575 72 27 mot
1537 572 221 31 inbetalande
1780 573 51 30 till

325 615 249 31 domänverket
599 626 42 20 av
670 617 60 30 150
756 618 128 30 kronor
910 618 128 31 befrias
1064 618 80 32 från
1169 620 152 31 därefter
1345 620 217 33 återstående
1588 622 242 31 skadestånds-

326 666 204 36 skyldighet.
556 666 64 31 Det
644 668 96 30 torde
763 667 36 31 få
824 669 189 31 ankomma
1037 669 45 37 på
1108 670 122 36 Kungl.
1257 671 102 36 Maj:t
1384 675 49 27 att
1457 673 193 31 bestämma
1675 674 67 30 den
1767 674 63 30 tid-

325 714 122 36 punkt,
469 715 97 30 inom
586 715 117 31 vilken
722 715 265 38 ifrågavarande
1006 718 392 38 betalningsskyldighet
1418 722 87 30 skall
1528 732 83 21 vara
1632 722 195 40 fullgjord.»

373 816 170 31 Utskottet
563 818 40 29 är
623 827 79 21 ense
723 819 77 30 med
821 819 316 37 överjägmästaren
1158 824 49 27 att
1226 821 133 31 sådana
1381 822 159 37 åtgärder
1560 823 75 31 icke
1656 825 85 30 böra
1761 825 71 29 vid-

325 870 108 33 tagas,
461 877 74 20 som
561 868 61 30 äro
647 869 132 36 ägnade
805 872 49 28 att
880 870 137 31 minska
1045 871 251 31 allmänhetens
1324 873 197 30 aktsamhet
1546 884 57 20 om
1630 875 55 30 eld
1709 875 13 29 i
1748 876 85 35 skog

326 918 66 29 och
415 919 109 29 mark.
550 918 122 31 Såsom
693 920 295 36 domänstyrelsen
1011 921 193 32 framhållit
1225 923 98 30 torde
1346 924 189 30 emellertid
1558 925 201 31 sökandena
1782 935 50 20 re-

326 968 70 30 dan
418 977 122 28 genom
561 969 224 37 rättegången
806 972 66 29 och
894 972 42 29 de
957 972 121 30 därvid
1099 973 168 31 utdömda
1288 974 145 31 böterna
1456 976 45 30 ha
1523 974 66 31 fått
1612 985 42 20 en
1677 976 156 36 allvarlig

327 1019 144 36 varning
494 1022 49 28 att
566 1020 56 30 för
644 1020 186 31 framtiden
855 1022 153 36 iakttaga
1031 1024 108 29 större
1164 1025 206 30 varsamhet.
1397 1025 79 30 Med
1500 1026 187 36 anledning
1710 1036 43 20 av
1777 1027 55 30 det

325 1069 149 31 anförda
499 1071 66 29 och
588 1071 13 29 i
627 1072 197 37 anslutning
848 1072 51 30 till
926 1073 66 30 vad
1018 1074 380 35 departementschefen
1425 1076 156 36 uppgivit
1605 1077 149 30 rörande
1780 1078 51 29 sö-

326 1121 178 30 kandenas
535 1130 106 27 svaga
670 1122 226 32 ekonomiska
928 1123 161 37 ställning
1119 1124 59 30 vill
1206 1126 167 30 utskottet
1404 1126 77 30 icke
1509 1127 163 30 motsätta
1702 1127 50 36 sig
1783 1131 49 27 att

326 1171 173 36 Damberg
527 1172 66 30 och
620 1172 88 30 hans
734 1173 207 36 medparter,
969 1177 72 27 mot
1067 1174 221 31 inbetalande
1315 1176 51 29 till
1393 1176 248 31 domänverket
1667 1178 94 29 inom
1790 1188 42 20 av

326 1221 123 36 Kungl.
478 1221 102 37 Maj:t
607 1223 157 30 bestämd
792 1223 50 30 tid
871 1233 42 21 av
945 1224 60 30 150
1032 1225 139 35 kronor,
1198 1225 131 31 befrias
1358 1226 80 30 från
1467 1226 215 31 återstående
1711 1229 120 29 skade-

324 1271 328 38 ståndsskyldighet.

369 1317 228 40 Äberopande
617 1322 57 30 det
694 1323 104 36 sagda
822 1323 198 31 hemställer
1042 1324 174 37 utskottet,

678 1425 48 27 att
748 1422 229 32 förevarande
998 1425 214 35 proposition
1236 1425 59 31 må
1320 1436 43 21 av
1386 1427 182 36 riksdagen
1591 1428 146 30 bifallas.

370 1522 201 31 Stockholm
595 1524 66 29 den
687 1525 37 28 17
748 1524 154 31 februari
927 1526 92 30 1942.

775 1623 48 31 På
842 1624 370 38 jordbruksutskottets
1234 1628 142 35 vägnar:

911 1727 34 31 L.
975 1723 267 37 TJÄLLGREN.

367 1974 196 26 Närvarande:
584 1983 29 17 se
634 1975 144 25 utlåtande
799 1984 33 16 nr
852 1977 24 24 3.
